4074 6204
583 297 726 354 104⁸1

1867 297 2222 355 BACHIARII
2258 295 2562 355 MONACHI

3716 292 3825 348 lO-lS

575 425 678 466 nes
699 409 860 480 hujus
872 411 1084 478 saeculi,
1109 413 1161 467 in
1191 413 1396 482 peccati
1418 414 1503 469 sui
1530 429 1721 471 errore
1743 425 1768 452 ³
1795 423 1852 470 et
1866 414 2177 486 gentilitate
2201 418 2252 478 Α
2278 414 2488 486 rugiens
2517 413 2720 478 circuit,
2751 427 2987 483 qurerens
3017 428 3165 483 quem
3193 413 3400 466 deuoret
3425 410 3447 482 (
3474 409 3492 464 Ι
3529 408 3640 464 Pet.
3677 425 3725 474 τ,
3748 409 3778 464 8
3796 411 3829 479 ).

581 504 869 561 viventes?
898 504 962 560 lli
986 519 1116 577 ergo
1137 506 1527 574 exhilarantur,
1561 523 1684 564 cum
1710 507 1930 562 audiant
1965 506 2179 562 ruinam

582 596 771 653 militis
799 597 1022 665 Christi,
1051 599 1135 654 vel
1165 612 1233 654 ex
1282 599 1426 654 illius
1447 614 1506 655 se
1527 600 1880 655 consolantur
1909 614 2076 669 opere
2101 597 2182 654 di-

585 700 774 748 centes
801 711 812 745 :
842 691 984 748 Ecce
1013 693 1108 763 qui
1151 691 1350 747 nobisb
1375 695 1739 764 exprobratur
1767 709 1796 748 a
1829 692 2044 748 caneris
2074 710 2086 747 :
2113 691 2180 746 ad

581 787 740 856 cujus
762 787 1077 858 exemplum
1099 788 1430 856 cogebamur
1461 789 1674 853 vivere;
1706 787 1944 857 quicum
1987 798 2181 841 nostro

580 880 902 934 emersisset
929 894 959 934 e
981 894 1232 950 corpore,
1257 891 1438 936 tamen
1461 880 1526 935 ad
1541 880 1909 936 confusionem
1938 889 2180 935 nostram

582 972 692 1027 vita
739 973 861 1044 ejus
913 974 1198 1030 dicebatur
1229 990 1349 1029 esse
1397 975 1698 1030 dissimilis.
1751 974 2020 1045 Numquid
2072 991 2180 1030 non

582 1067 778 1122 melius
809 1076 932 1123 erat
973 1084 1078 1124 nec
1127 1068 1387 1124 inchoare
1432 1069 1574 1140 quod
1630 1069 1834 1124 bonum
1880 1079 1982 1136 est,
2019 1084 2181 1138 quam

581 1166 694 1213 tam
717 1162 948 1229 turpiter
967 1160 1189 1229 cadere,
1222 1172 1314 1216 aut
1341 1177 1446 1216 non
1469 1177 1627 1232 posse
1649 1177 1708 1217 se
1737 1163 2011 1232 complere
2037 1162 2182 1234 quod

582 1251 854 1322 cmperis?
879 1252 1220 1320 Nescientes,
1251 1255 1394 1325 quod
1420 1253 1623 1325 judicio
1654 1256 1746 1312 Dei
1776 1256 2039 1326 majorem
2073 1255 2184 1312 fors

585 1344 727 1400 sitan
748 1347 1152 1402 excusationem
1183 1347 1435 1404 habitura
1463 1349 1534 1403 sit
1559 1351 1758 1416 anima,
1814 1364 1934 1420 quae
1982 1349 2182 1404 bonum

584 1439 829 1494 voluisse
859 1451 912 1494 et
942 1442 1011 1495 ab
1039 1440 1357 1496 insidiatore
1385 1441 1736 1512 supplantata
1760 1457 1884 1497 esse
1912 1443 2180 1508 noscitur,

583 1549 750 1602 quam
784 1548 848 1588 ea
877 1549 999 1599 quae
1026 1534 1246 1590 rebellis
1269 1537 1402 1602 Deo,
1433 1551 1499 1591 ex
1531 1537 1747 1590 servilis
1799 1536 2182 1607 desperatione

585 1626 892 1681 formidinis
941 1627 1114 1696 magis
1171 1628 1396 1698 elegerit
1445 1628 1572 1699 jugo
1617 1629 1949 1700 captivitatis
1980 1629 2180 1696 addici,

582 1735 749 1790 quam
779 1721 1079 1791 periculum
1115 1722 1432 1777 certaminis
1487 1722 1742 1791 experiri.
1801 1721 1992 1777 Nonne
2041 1723 2181 1792 apud

582 1828 766 1883 regem
794 1828 955 1868 suum
983 1825 1005 1852 ο
1037 1814 1195 1870 miles
1223 1825 1512 1870 excusatur
1560 1815 1792 1886 propriis
1843 1816 2178 1884 vulneribus,
2212 1811 2259 1872 Β

582 1913 639 1960 et
662 1905 982 1977 plermnque
1002 1917 1287 1962 strenuum
1320 1907 1637 1962 bellatorem
1689 1907 2002 1962 cicatricum
2052 1921 2180 1961 sua-

584 2013 706 2053 rum
733 1999 889 2071 plaga
921 1999 1283 2055 commendat.

660 2095 751 2148 ll.
787 2093 895 2151 Sed
942 2093 1328 2163 praetermissis
1374 2094 1480 2158 his,
1536 2095 1824 2165 plangatur
1865 2093 2177 2160 defunctus,

585 2185 884 2256 sepeliatur
937 2195 1220 2250 mortuus;
1249 2185 1301 2240 id
1345 2194 1452 2250 est,
1482 2187 1679 2256 partim
1721 2198 1913 2242 nostro
1972 2188 2180 2252 labore,

587 2278 785 2346 partim
841 2277 1186 2332 verecundia:
1240 2291 1354 2332 sum
1394 2276 1716 2334 confusione
1753 2288 2036 2348 peccatum
2065 2281 2185 2349 ejus

582 2371 822 2435 celetur,
882 2380 938 2426 et
978 2371 1258 2427 auferatur
1283 2388 1314 2428 e
1345 2373 1547 2429 medio.
1578 2373 1689 2430 Nos
1717 2384 1900 2430 autem
1929 2376 2184 2432 consolar

588 2461 752 2518 tionis
780 2465 1100 2520 linteamina
1130 2477 1185 2520 et
1211 2465 1451 2524 caelestis
1506 2468 1620 2537 spei
1665 2468 1941 2538 pigmenta
1982 2469 2188 2524 tribua-

587 2573 750 2612 mus:
782 2557 896 2628 ipse
924 2569 1106 2614 autem
1132 2561 1272 2615 intra
1320 2561 1624 2630 sepulcrum
1659 2562 1856 2617 secreti
1903 2564 2009 2628 sui,
2057 2579 2188 2619 con-

583 2649 737 2704 fusus
769 2651 975 2718 peccati
989 2653 1194 2722 pudore
1210 2653 1484 2708 contineat
1503 2669 1563 2709 se
1579 2669 1594 2720 ;
1617 2653 2055 2710 ibiconscientiaa
2071 2670 2185 2711 sua:

581 2761 770 2803 verme
791 2748 1082 2817 laceretur,
1106 2750 1198 2820 qui
1223 2746 1250 2787 ἀ
1284 2760 1424 2806 totas
1455 2750 1507 2805 in
1539 2767 1606 2806 eo
1637 2751 1954 2820 putredines
1997 2766 2188 2822 pecca-

586 2848 768 2894 torum
796 2850 1101 2906 consumat,
1131 2842 1305 2898 donec
1333 2843 1544 2897 nullum
1574 2858 1645 2899 ex
1675 2858 1734 2899 se
1760 2842 1988 2900 fetorem
2022 2843 2186 2900 fama:

586 2931 763 3001 turpis
789 2933 1022 2988 emittat.
1053 2933 1244 2989 Nonne
1273 2934 1353 2990 sic
1379 2935 1570 2990 beatus
1593 2935 1794 2992 Tobias
1840 2937 2052 2992 veniam
2085 2938 2188 2993 mi-

585 3026 900 3082 sericordiae
957 3027 1198 3084 caelestis
1237 3029 1492 3097 emeruit,
1528 3030 1758 3086 mortuis
1787 3031 1838 3086 in
1869 3031 2187 3101 captivitate

585 3115 851 3173 fratribus
925 3120 1171 3176 tribuens
1221 3122 1606 3191 sepulturam?
1653 3124 1840 3187 credo,
1871 3125 2036 3192 lapsis
2084 3126 2186 3180 sub

2281 506 2385 574 Qui
2413 515 2588 561 tamen
2615 505 2768 576 juxta
2799 504 3033 561 cadaver
3057 505 3176 576 ejus
3201 505 3430 569 assistit,
3477 511 3540 558 ut
3562 503 3663 559 nisi
3707 502 3834 558 fuerit

2280 599 2348 654 ad
2373 598 2632 654 Ecclesia:
2658 599 2834 652 sinum
2859 607 2916 653 et
2941 598 3250 669 sepulcrum
3280 605 3584 668 portatum,
3623 595 3673 649 in
3692 593 3834 650 cibum

2281 693 2330 748 ei
2355 706 2645 761 escamquc
2668 689 2975 760 proficeret.
3023 689 3131 746 Sed
3155 705 3255 746 nos
3282 689 3368 743 vel
3390 685 3837 760 pseudopropr

2283 786 2560 842 imitemur
2579 785 2636 841 of
2640 785 2813 840 licium
2835 800 2851 849 ;
2874 795 2928 838 et
2951 799 3076 840 eum
3099 799 3260 853 quem
3291 782 3565 849 percussit
3608 778 3836 846 diabolus,

2284 891 2309 930 8
2336 881 2518 937 debito
2547 879 2804 935 omnibus
2825 879 3034 934 honore
3059 877 3408 933 tumulemus.
3439 875 3595 932 Solet
3635 873 3839 928 Christus

2283 975 2353 1031 de
2386 975 2479 1029 tali
2509 975 2758 1044 sepulcro
2782 984 3029 1027 mortuos
3079 973 3350 1026 suscitare
3377 988 3390 1024 :
3421 979 3631 1023 tantum
3675 981 3736 1020 ne
3770 980 3838 1021 ca-

2284 1068 2451 1123 daver
2477 1067 2594 1137 ejus
2642 1065 3016 1121 devorandum
3047 1063 3177 1118 feris
3235 1073 3328 1118 aut
3381 1060 3628 1126 alitibus,
3667 1057 3713 1112 id
3755 1067 3840 1125 est,

2283 1161 2428 1215 vitiis
2456 1161 2569 1215 sive
2590 1158 2899 1213 hominibus
2927 1157 3114 1211 surculi
3161 1155 3561 1224 relinquamus.
3608 1149 3833 1219 Qualiter,

2285 1269 2432 1325 rogo,
2457 1253 2526 1308 de
2554 1251 2926 1308 misericordia
2958 1250 3170 1305 Domini
3229 1261 3526 1319 possumus
3572 1244 3840 1312 desperare,

2284 1345 2374 1416 qui
2393 1347 2555 1400 etiam
2577 1344 2916 1398 Pharaonem
2935 1343 3132 1414 arguit,
3169 1357 3335 1411 quare
3386 1353 3720 1410 nequaquam
3759 1349 3841 1406 pte-

2285 1439 2462 1492 nitere
2482 1435 2732 1506 dignatus
2758 1436 2848 1502 sit,
2887 1433 3074 1490 dicens
3107 1433 3486 1504 inpmpbetia
3540 1428 3837 1484 Pharaonis:

2282 1528 2508 1584 Brachia
2534 1532 2669 1600 regis
2694 1527 2914 1601 gypti
2943 1528 3200 1591 contrivi;
3227 1537 3275 1580 et
3307 1543 3407 1580 non
3432 1534 3510 1580 est
3575 1525 3837 1593 deprecatus

2286 1632 2340 1676 ut
2398 1622 2609 1676 daretur
2660 1624 2715 1675 in
2770 1637 2828 1676 eo
2872 1623 3090 1687 sanitas,
3123 1629 3168 1674 et
3195 1619 3500 1674 redderetur
3537 1619 3584 1674 ei
3627 1615 3837 1670 rirtusad

2287 1715 2825 1784 comprehendendum
2855 1714 3091 1786 gladium
3123 1712 3338 1786 (Ezech.
3370 1723 3505 1782 Xxx,
3550 1711 3660 1782 25).

2360 1814 2448 1881 12.
2493 1811 2750 1868 Salomon
2773 1807 2799 1846 ιι
2829 1810 2920 1865 ille
2948 1809 3232 1879 mirabilis,
3255 1810 3346 1879 qui
3378 1809 3582 1864 meruit
3625 1807 3841 1860 adsistnri

2287 1906 2386 1963 Dei
2415 1906 2569 1978 (Sap.
2603 1922 2676 1972 tx,
2701 1902 2778 1976 4),
2807 1904 2910 1960 hoc
2924 1913 3029 1970 est,
3065 1904 3358 1975 Sapientia:
3387 1901 3656 1973 copulari,
3682 1901 3729 1956 in
3749 1898 3842 1953 alie-

2288 2001 2606 2071 nigenarum
2644 1998 2931 2054 mulierum
2975 1998 3205 2052 incurrit
3231 1997 3556 2066 amplexus;
3587 2004 3639 2050 et
3665 1988 3842 2047 vini-nlo

2287 2094 2523 2150 libidinis
2566 2095 2918 2162 illaqueatus,
2949 2091 3112 2147 etiam
3160 2089 3440 2160 sacrilegii
3471 2103 3658 2144 errore
3686 2101 3738 2142 se
3755 2084 3839 2152 pol-

2288 2187 2408 2253 luit,
2439 2184 2658 2256 quando
2715 2183 3064 2239 simulacrum
3117 2183 3352 2238 Chamos
3395 2180 3690 2237 Moabitico
3731 2177 3841 2231 idolo

2288 2278 2577 2335 fabricavit
2602 2276 2695 2350 (lll
2720 2276 2910 2349 Βρεμι
2935 2317 2951 2342 ,
2975 2276 3084 2347 l7).
3109 2275 3217 2332 Sed
3269 2275 3360 2347 qui
3388 2290 3496 2346 per
3526 2272 3541 2310 ί
3570 2270 3837 2344 prophetam

2288 2373 2501 2442 culpam
2549 2372 2753 2426 erroris
2788 2370 3044 2440 agnovit,
3101 2367 3362 2438 numquid
3421 2369 3435 2419 i
3502 2362 3839 2422 misericordia

2287 2466 2526 2522 cmleStis
2557 2464 2793 2520 extorris
2830 2465 2956 2519 est?
3011 2466 3082 2518 At
3117 2462 3343 2518 forsitan
3387 2462 3546 2519 dicas
3576 2460 3838 2528 :Nusquam

2289 2573 2412 2614 eum
2441 2557 2491 2612 in
2524 2571 2730 2612 canone
2787 2557 2905 2628 lege
2949 2557 3296 2625 pteoituisse,
3339 2571 3524 2626 neque
3579 2553 3840 2609 misericor-

2293 2651 2438 2705 diam
2461 2657 2840 2705 cousecutum.
2873 2646 2900 2685 ¹ί
2923 2647 3065 2704 Audi
3087 2664 3247 2719 ergo,
3273 2649 3467 2704 frater.
3506 2644 3838 2704 Paenitentiam

2289 2743 2407 2814 ejus
2437 2760 2555 2814 qua:
2578 2759 2682 2798 non
2711 2743 2966 2797 scribitur
2987 2741 3217 2812 publicis
3245 2741 3485 2812 legibus,
3508 2740 3730 2795 fortasse
3748 2736 3840 2790 ideo

2287 2834 2678 2907 acceptabilem
2695 2835 2859 2906 aliqui
2875 2834 3076 2898 dicant,
3098 2835 3227 2905 quia
3246 2850 3350 2889 non
3371 2833 3440 2888 ad
3465 2834 3653 2889 faciem
3677 2828 3837 2898 populi,

2287 2930 2384 2986 sed
2412 2930 2470 2984 in
2491 2942 2702 2984 secreto
2732 2928 3103 2991 conscientia,
3140 2928 3250 2982 Deo
3275 2937 3443 2992 teste,
3476 2923 3736 2997 pmnituit.
3765 2919 3840 2972 Vc-

2289 3025 2431 3079 niam
2460 3032 2639 3078 autem
2671 3038 2740 3078 ex
2772 3023 2878 3076 hoc
2909 3030 3265 3076 consecutum
3285 3035 3408 3076 esse
3457 3016 3836 3090 cognoscimus;

2289 3117 2411 3188 quia
2443 3132 2566 3171 cum
2594 3117 2801 3170 solutus
2834 3113 3025 3170 fuisset
3063 3130 3094 3168 a
3135 3128 3386 3184 corpore,
3431 3112 3697 3184 sepultum
3719 3108 3837 3162 illum

585 3211 880 3266 mundialis
901 3213 1166 3283 principis
1192 3213 1566 3270 dominatione
1599 3215 1833 3270 suadens
1868 3216 2180 3272 insinuans-
2211 3205 2257 3271 C
2290 3211 2432 3264 inter
2453 3223 2641 3276 regum
2673 3206 3041 3262 lsraelilal‘um
3071 3221 3304 3276 corpora
3334 3207 3616 3277 Scriptura
3643 3213 3838 3258 COmmc‘

587 3318 694 3374 que
721 3306 1096 3374 paenitentiam
1123 3304 1277 3376 (Tob.
1298 3323 1336 3370 ι,
1373 3306 1461 3372 l8;
1486 3323 1546 3372 ιι,
1584 3305 1663 3377 9).
1691 3306 1757 3360 Et
1787 3322 1884 3360 nos
1913 3323 2066 3378 ergo,
2096 3325 2183 3364 se-

583 3399 821 3455 cundum
845 3399 988 3467 quod
1020 3407 1287 3457 meretur.
1343 3412 1542 3467 corpus
1583 3397 1726 3453 illius
1753 3408 1775 3436 ε
1803 3409 2179 3468 contegamus.

586 3494 729 3550 Ecce
771 3493 901 3549 exiit
947 3491 1208 3562 propheta
1238 3491 1306 3545 de
1336 3491 1670 3546 Hierusalem
1696 3491 1786 3562 (Ill
1842 3491 1976 3565 Reg.
2010 3497 2176 3560 xttt,i

585 3584 777 3657 seqq.),
839 3584 942 3640 hoc
990 3592 1093 3646 est,
1125 3583 1192 3637 dc
1230 3582 1394 3637 domo
1442 3583 1658 3638 Domini
1683 3584 1943 3639 adversus
1992 3586 2180 3642 Bethel

585 3695 708 3750 qua:
737 3678 1105 3733 fornicabatur
1129 3692 1159 3730 a
1187 3675 1438 3740 Domino,
1472 3675 1521 3730 id
1543 3687 1647 3744 est,
1671 3676 1855 3746 uinudi
1887 3678 2039 3732 istius
2057 3679 2186 3734 civi-

584 3780 790 3837 tatem;
846 3770 930 3825 cui
963 3775 1297 3838 praeceperat
1343 3767 1621 3834 Dominus,
1664 3783 1734 3824 ne
1780 3770 1848 3823 de
1893 3769 2014 3824 cibo
2067 3773 2186 3839 ejus

580 3870 824 3935 gustaret
877 3869 971 3915 aut
1018 3868 1169 3930 potu.
1205 3858 1311 3914 Sed
1335 3860 1424 3927 qui
1470 3873 1570 3929 per
1623 3858 2184 3928 pseudopmplietam,

583 3959 638 4016 id
663 3967 767 4025 est,
790 3971 886 4026 per
935 3954 1184 4022 Spiritum
1234 3951 1631 4017 fornicationis,
1682 3951 1946 4022 deceptus
1985 3963 2071 4008 est
2116 3953 2185 4009 ab

581 4052 787 4122 iniquo,
830 4047 1021 4104 cecidit
1050 4047 1102 4100 in
1128 4054 1452 4115 potestatem
1485 4044 1662 4098 leonis
1689 4059 1754 4099 ac
1787 4044 2056 4111 fsortem,
2089 4047 2183 4116 qui

663 4187 809 4241 1Ἰ)ιό
836 4195 885 4239 et
918 4185 967 4238 in
993 4182 1183 4239 Ambr.
1209 4199 1290 4236 ex.
1323 4180 1677 4252 Synrhronus
1703 4192 1894 4236 auctor
1919 4183 2179 4251 Epistula:

588 4261 657 4314 ad
687 4254 1000 4312 Monachum
1025 4256 1251 4325 lapsum,
1281 4256 1348 4307 45
1387 4255 1523 4307 inter
1565 4253 1865 4325 Basilianas
1902 4271 2057 4325 tium.
2083 4255 2176 4310 Ωιτ

584 4331 933 4400 Captivorum,
969 4324 1227 4400 ait,facti_
1249 4341 1430 4378 sumus
1477 4324 1728 4400 tragmdia
1753 4341 1772 4388 ;
1802 4342 1834 4379 a
1881 4324 2084 4382 Judwis
2131 4338 2178 4382 et

587 4395 862 4473 gentilibus
891 4413 970 4450 res
997 4406 1183 4473 nostra!
1203 4395 1264 4473 lin
1287 4411 1494 4448 scenam
1518 4395 1863 4450 deducuntur.

658 4469 687 4508 δ
729 4468 918 4534 Forte,
942 4465 1369 4537 exprobrabatur.

661 4552 684 4581 ο
726 4539 896 4611 Gryn.
927 4548 982 4592 et
1034 4537 1222 4591 Ambr.
1281 4537 1652 4611 consentiunt.
1695 4538 1870 4593 Minus
1925 4552 2076 4596 recte
2130 4544 2179 4596 in

588 4616 744 4681 Bign.
777 4610 935 4676 edit.,
966 4626 1118 4662 suum
1149 4623 1325 4663 excus.
1361 4625 1537 4679 prapr.
1563 4610 1704 4663 vuln.
1736 4619 1784 4664 et
1808 4612 1970 4668 miles.

651 4685 679 4726 ἀ
720 4684 890 4748 Edit.,
948 4691 1106 4736 tot-us.

659 4770 681 4797 ε
723 4758 905 4828 Bigo.,
931 4755 1270 4828 conligamus.
1325 4753 1637 4828 Elegantem
1662 4769 1727 4808 ac
1749 4770 1930 4828 veram
1958 4755 2179 4828 lectio-

581 4845 704 4885 nem
760 4825 1103 4882 restituimus
1134 4842 1199 4880 ex
1232 4828 1536 4880 vetustiore
1584 4825 1800 4896 Gryna-i
1841 4825 2081 4883 editione
2109 4843 2177 4882 ex

578 4901 769 4955 codice
793 4898 1176 4951 Αιίιὺιόεἱτιηο.

662 4972 679 5008 ῐ
723 4968 898 5038 Quid?
921 4969 965 5020 si
999 4967 1316 5038 Baebian-ins
1367 4968 1650 5036 scripserit
1677 4968 1861 5038 fortem
1889 4984 2034 5038 :quo
2081 4987 2179 5024 no—

585 5042 732 5096 mine
753 5037 847 5092 leo
876 5037 1120 5090 itmnitttr
1148 5039 1200 5110 in
1229 5038 1514 5110 Samsonis
1542 5037 1830 5110 aenigmate
1850 5037 2025 5093 Judic.
2060 5058 2172 5109 xw,

586 5112 673 5167 M.
713 5110 937 5183 Vulgata
969 5117 1148 5183 tamen
1184 5109 1349 5163 lectio
1381 5109 1509 5164 ferri
1535 5109 1735 5180 petest,
1783 5111 1945 5181 eique
1977 5115 2176 5183 astipu-

580 5184 727 5240 latur
757 5182 927 5235 codex
957 5179 1205 5232 Ambros.

652 5266 678 5304 ις
716 5253 933 5318 Atnbr.,
968 5250 1106 5303 omni
1127 5250 1295 5304 debito
1317 5253 1646 5307 tumulemus.

652 5325 678 5362 ¹¹
720 5326 801 5382 Ad
833 5337 985 5378 oram
1015 5321 1134 5376 libri
1165 5321 1353 5395 Anthr.
1385 5326 1569 5378 rubeis
1591 5325 1786 5383 litteris
1802 5328 2060 5395 scriptum
2091 5337 2174 5382 est

580 5396 883 5453 Salomonis
911 5408 1131 5459 nomen,
1160 5402 1220 5446 ut
1251 5394 1481 5447 lectores
1513 5395 1653 5451 forte
1701 5394 2054 5454 monereutur
2079 5413 2171 5452 ex-

577 5478 728 5524 stare
773 5468 876 5522 hoc
920 5467 1042 5520 loco
1087 5462 1406 5533 praeclaram
1455 5471 1882 5535 sententiam,et
1915 5471 2172 5525 observa-

579 5541 732 5596 tione
759 5540 996 5609 dignam.
1032 5536 1179 5609 Illam
1214 5537 1486 5609 excerpsit
1509 5535 1822 5609 Fulbertus,
1855 5556 2012 5609 quem
2047 5540 2165 5594 |au.

578 5607 832 5665 davimus
879 5608 1106 5662 Disserl.
1155 5607 1213 5671 2,
1275 5621 1398 5676 cap.
1446 5607 1500 5661 5.
1555 5607 1698 5666 Male
1721 5607 1921 5665 ibidem
1949 5612 2163 5680 legitur,

573 5683 739 5734 astrui
767 5680 899 5742 Deo,
929 5680 1198 5745 sapienti—az
1223 5679 1481 5748 copulari.
1515 5682 1717 5750 Aperte
1745 5679 2063 5736 Bachiarius
2090 5683 2169 5737 al-

575 5752 709 5805 ludit
731 5751 797 5805 ad
823 5751 970 5804 illam
1001 5752 1304 5822 orationem
1334 5749 1463 5822 Sap.
1499 5749 1576 5814 1x,
1603 5759 1665 5808 4:
1702 5753 1782 5807 Da
1811 5754 1938 5807 mihi
1965 5753 2166 5807 aedium

568 5831 779 5876 tuarum
830 5821 1137 5875 assistricem
1183 5821 1511 5892 sapientiam.
1568 5823 1645 5880 Ex
1704 5841 1812 5896 quo
1876 5825 2159 5892 discimus,

2288 3311 2465 3359 morat
2495 3301 2670 3373 :quod
2699 3311 2885 3357 tamen
2908 3301 3037 3356 alibi
3069 3301 3452 3371 peccatoribus
3476 3300 3691 3372 regibus
3712 3297 3837 3352 abne-

2287 3404 2468 3465 gatam
2523 3408 2645 3450 esse
2699 3393 3098 3464 cognoscimus,
3154 3393 3246 3462 qui
3278 3407 3450 3464 usque
3484 3394 3537 3450 in
3567 3387 3837 3448 ﬁnemvite

2287 3504 2401 3544 suae
2453 3489 2506 3544 in
2552 3488 2816 3558 propositi
2881 3488 3238 3556 perversitate
3286 3481 3837 3548 manserunt;etideo

2287 3582 2414 3652 quia
2436 3581 2750 3652 interreges
2774 3581 2952 3650 justos
2975 3581 3174 3636 meruit
3203 3583 3445 3652 sepeliri,
3478 3598 3584 3639 non
3627 3576 3837 3636 fuitalie-

2291 3691 2393 3732 nus
2422 3692 2451 3730 a
2478 3676 2633 3730 venia
2670 3694 2682 3729 :
2715 3675 2928 3730 veniam
2956 3686 3136 3730 autem
3168 3676 3340 3746 ipsam
3396 3677 3522 3733 sine
3565 3668 3834 3746 paenitentia

2292 3786 2402 3825 non
2429 3771 2602 3841 potuit
2631 3770 2950 3840 promereri.
2985 3769 3269 3841 Syoagoga
3295 3771 3385 3825 illa
3428 3770 3596 3837 Core,
3628 3783 3736 3824 cum
3761 3778 3834 3830 pro

2291 3878 2456 3919 ausus
2477 3863 2560 3918 sui
2589 3863 2896 3918 temeritate
2919 3872 3080 3918 terra:
3107 3861 3259 3916 hiatu
3311 3863 3431 3918 viva
3467 3862 3656 3918 fuisset
3681 3859 3834 3914 absor-

2290 3969 2413 4028 pta;
2446 3954 2466 3993 ι
2496 3957 2663 4011 arula:
2691 3965 2870 4011 tamen
2893 3970 3080 4010 eorum
3111 3955 3162 4010 in
3190 3955 3385 4025 quibus
3413 3956 3597 4026 ignem
3649 3963 3835 4007 succen-

2290 4049 2489 4104 debant
2535 4048 2794 4116 alienum,
2830 4062 2861 4101 a
2891 4047 3118 4102 Domino
3154 4047 3482 4104 circumdari
3505 4048 3748 4119 jubentur
3777 4040 3835 4094 al-

2287 4187 2627 4242 Bachiarium
2658 4188 2896 4244 tribuere
2942 4187 3140 4242 librum
3191 4188 3333 4243 hunc
3365 4189 3661 4251 Salomoni,
3711 4181 3831 4259 cuiu—ﬁ

2289 4260 2509 4334 nomine
2545 4261 2886 4334 inscribitur.
2916 4259 3294 4334 ldemplacuit
3324 4259 3526 4316 Rufino
3543 4267 3736 4334 oestro.
3763 4266 3832 4334 qui

2289 4330 2645 4401 interpretem
2678 4346 2846 4400 agens
2874 4331 3023 4384 hom.
3063 4332 3127 4384 12
3169 4333 3221 4385 in
3266 4331 3426 4385 Prov.
3483 4329 3651 4385 sancti
3691 4327 3830 4380 Basilii

2291 4417 2441 4479 num.
2475 4402 2528 4463 1,
2559 4403 2724 4455 verba
2760 4403 2895 4479 huic.
2929 4412 3073 4479 τρεῖς
3105 4405 3196 4479 τὰς
3233 4403 3414 4479 adeat;
3463 4403 3672 4479 ἔγνῳμςν
3695 4416 3831 4479 πίῃ·

2215 4503 2260 4562 D
2289 4478 2510 4562 ματ-εἰςιςέ
2534 4479 2622 4528 τοῦ
2654 4475 2971 4556 dogma-areu
2994 4475 3319 4546 Σαλομὸντος,
3373 4476 3443 4557 ita
3496 4475 3832 4562 recidit.:(:l'tl'et

2287 4538 2414 4597 istos
2446 4545 2601 4597 libros
2632 4538 2867 4597 novimus
2895 4538 3687 4614 pninchu'rsasapientissimi
3709 4538 3830 4594 Salo-

2286 4617 2469 4688 monis,
2506 4616 2921 4688 P‘roueirbiorum,
2947 4627 2992 4669 et
3020 4613 3395 4688 Ecclesiasten,
3419 4627 3464 4670 et
3495 4631 3606 4688 qure
3629 4613 3830 4668 dicuntur

2287 4685 2500 4742 Cantica
2527 4683 2880 4752 Canticorum,
2912 4697 3042 4740 tom.
3079 4687 3141 4754 11,
3171 4705 3221 4755 p.
3255 4689 3381 4743 730.
3470 4749 3475 4754 η

2365 4758 2379 4794 ί
2425 4758 2579 4826 Apud
2633 4757 2945 4820 Fulbertum
2993 4763 3219 4823 rectius,
3265 4771 3320 4814 ut
3365 4758 3703 4827 videtur,pr
3721 4764 3822 4824 Ρτ⁰⁴

2286 4829 2532 4897 plietiam.

2358 4899 2372 4948 i
2423 4899 2634 4964 Atnbr.,
2669 4901 2935 4954 medicina:
2958 4901 3197 4955 caelestis.

2356 4967 2386 5042 ις
2421 4963 2713 5024 Fulbertus
2757 4973 2934 5026 locum
2985 4971 3155 5026 refert
3187 4974 3238 5026 in
3273 4971 3420 5027 hunc
3458 4972 3665 5028 modum
3696 4963 3822 5042 ΛΨ

2283 5040 2538 5116 ambigas,
2555 5042 2822 5116 fraternae
2843 5044 3140 5116 paenitentia
3167 5047 3302 5116 ejus,
3330 5060 3443 5114 qua:
3490 5061 3589 5098 non
3617 5034 3826 5116 inscribi"

2280 5122 2365 5186 tur
2394 5107 2614 5178 publicis
2646 5107 2860 5182 legibus.
2897 5114 2963 5166 Et
2991 5107 3209 5184 fortasse
3246 5107 3362 5186 ideo
3406 5113 3741 5186 acceptabilior
3757 5107 3822 5181 jﬂ:

2279 5185 2675 5258 dicatumquas
2691 5201 2794 5238 non
2825 5186 2892 5238 ad
2919 5188 3125 5258 faciem,
3144 5197 3252 5258 etc.
3279 5185 3470 5258 Mirum
3498 5185 3720 5258 videtur,
3739 5188 3819 5258 ll'"

2279 5254 2596 5325 Bacltiarius
2629 5254 2768 5308 ultro
2798 5254 3067 5310 conoedat
3124 5257 3452 5311 adversariis
3493 5254 3814 5325 pmuiteuliam

2277 5324 2588 5382 Salomonis
2619 5326 2672 5380 in
2699 5326 2855 5380 libris
2881 5327 3159 5382 canoiiicis
3184 5344 3290 5382 non
3333 5324 3528 5383 referri
3552 5346 3566 5396 ;
3616 5337 3720 5396 cum
3747 5331 3813 5369 VC-

2277 5405 2420 5451 teres
2441 5398 2529 5466 qui
2561 5396 2874 5453 Salomonis
2897 5398 3060 5452 saluti
3081 5397 3282 5458 favent.
3307 5394 3813 5466 maxiuteiunitanj-ﬂ!‘

2275 5456 2469 5523 verbis
2501 5469 2608 5522 illis
2652 5467 2898 5523 Prouerb.
2931 5485 3080 5536 xxiv,
3107 5470 3200 5536 2|,
3236 5456 3323 5526 ubi
3341 5487 3407 5526 ex
3440 5473 3671 5526 versione
3697 5456 3808 5517 LXX

2273 5539 2634 5610 Interpretum
2687 5540 2918 5606 Sapiens
2946 5540 3014 5595 de
3045 5555 3104 5596 se
3146 5550 3412 5596 testatur:
3444 5540 3711 5610 Novissime
3738 5543 3809 5610 €90

2271 5613 2352 5682 egi
2373 5603 2745 5683 pa'mitentiam.
2768 5603 3058 5666 Caeterum
3093 5613 3306 5682 publica
3333 5613 3638 5675 paenitentia
3684 5603 3810 5683 S_alo-

2272 5677 2417 5738 moui
2468 5683 2752 5738 subeunda
2802 5693 2944 5752 erat,
2982 5691 3039 5738 ut
3082 5677 3264 5755 populi
3310 5677 3808 5741 ofl‘ensionimederc-

2271 5765 2376 5812 llll‘.

2347 5825 2359 5863 ¹
2399 5825 2586 5884 Ambr.
2632 5827 2840 5884 areolae.
2871 5827 3154 5902 .Vulgatus
3205 5829 3503 5903 Scriptura:
3547 5827 3801 5893 interpres,
