4074 6204
308 311 448 369 1019

1084 312 1291 370 LIBER
1333 314 1427 370 AD
1466 314 1890 383 JANUARIUM,
1932 314 2023 372 DE
2061 315 2555 373 REPARATIONE
2600 316 2821 377 LAPSI.

3464 319 3606 379 1050

303 427 441 483 tario
468 426 657 500 (Nam.
687 444 799 498 xvi,
828 431 943 501 57),
969 429 1039 487 ob
1064 430 1165 486 hoc
1187 433 1311 503 quia
1357 433 1706 489 sanctificata:
1737 435 1901 491 fuisse
1927 436 1982 498 Α
2006 433 2129 490 lites
2174 449 2325 502 suos,
2375 436 2569 506 quibus
2620 436 2672 491 in
2702 434 3158 493 dehonestatione
3202 451 3297 493 sua
3345 437 3473 493 fecit
3504 438 3605 495 ista

302 520 559 577 dicuntur
591 538 605 577 :
639 538 772 592 quas
792 538 891 579 nos
919 524 1129 580 animas
1155 541 1345 581 eorum
1377 541 1505 583 esse
1534 529 1820 594 sentimus,
1846 529 1901 585 in

301 615 501 686 quibus
526 615 848 672 adulterina:
870 617 1364 689 ﬂammaipalorem
1390 632 1713 692 prmsumpta
1740 623 1903 678 liber-

301 715 411 766 tate
443 721 834 779 susceperant;
870 719 923 765 et
943 710 1064 765 ideo
1110 712 1216 765 vivi
1272 711 1671 783 deglutiuutur;
1730 715 1900 769 arula:

302 816 433 856 vero
451 815 639 855 eorum
668 802 847 873 perire
878 805 1266 871 prohibentur;
1298 810 1439 859 sicut
1464 806 1626 860 etiam
1670 806 1902 874 Aposto-

306 895 539 950 lusdicit
571 914 584 950 :
613 893 747 949 Dedi
778 894 1081 969 hujusmodi
1118 899 1379 952 hominem
1406 898 1619 953 Satante
1643 900 1696 953 in
1715 901 1899 953 interi-

301 998 410 1043 tum
433 990 629 1055 carnis,
664 1002 717 1046 ut
746 991 955 1062 spiritus
976 992 1149 1045 salvus
1175 994 1242 1047 sit
1271 1002 1295 1029 ³
1325 994 1376 1046 in
1398 994 1481 1046 die
1500 990 1713 1047 Domini
1738 994 1903 1048 nostri

298 1083 423 1140 Iesu
470 1084 661 1140 Christi
692 1084 755 1158 (l
785 1085 905 1140 Cor.
965 1102 1020 1151 v,
1056 1086 1136 1159 ὸ).
1172 1086 1469 1153 Considera
1514 1103 1667 1159 ergo,
1696 1087 1897 1155 frater,

296 1194 459 1252 quam
480 1181 669 1251 paucis
701 1179 983 1245 tribuitur,
1043 1190 1101 1235 ut
1142 1182 1210 1236 de
1260 1182 1669 1252 amphitheatro
1712 1182 1899 1238 mundi

298 1272 475 1340 istius,
501 1272 591 1326 ubi
620 1288 741 1327 cum
773 1274 925 1339 feris,
960 1273 1061 1328 hoc
1086 1286 1188 1339 εει,
1216 1290 1339 1328 cum
1369 1275 1518 1330 vitiis
1533 1276 1898 1347 depugnatur,

298 1368 629 1423 immaculati
648 1386 678 1422 a
706 1369 913 1439 peccati
962 1384 1143 1424 morsu
1196 1372 1440 1425 membra
1486 1370 1725 1425 lihercnt
1776 1386 1893 1426 sua.

297 1458 449 1528 Quod
477 1470 735 1530 expertus
756 1459 846 1515 ille
874 1461 1125 1516 dicebat:
1160 1461 1244 1515 Ne
1266 1464 1444 1517 tradas
1483 1463 1655 1517 bestiis
1696 1466 1898 1517 animas

294 1556 591 1624 conﬁtentes
627 1556 718 1609 tibi
747 1554 923 1622 (Psal.
978 1572 1168 1622 Lxxttt,
1200 1557 1310 1627 19).
1355 1557 1462 1613 Sed
1509 1559 1629 1629 quia
1656 1559 1771 1627 jam
1799 1558 1898 1612 dn-

294 1647 421 1703 dum
454 1660 557 1718 est,
590 1649 734 1720 qttod
767 1660 946 1705 tecum
970 1653 1431 1718 sermocinamur,
1462 1652 1764 1706 cavendum
1812 1660 1898 1706 est

293 1742 472 1809 nobis,
502 1757 570 1796 ne
598 1740 838 1797 offendat
868 1752 921 1797 te
954 1753 1137 1797 nostra
1170 1744 1500 1798 verbositas.
1536 1743 1686 1799 Unde
1726 1747 1892 1798 etiam

291 1833 356 1889 ad
384 1845 436 1890 te
465 1835 619 1905 cujus
645 1850 806 1891 causa
836 1836 953 1890 hinc
981 1836 1240 1903 diximus,
1266 1838 1471 1908 stylum
1496 1839 1777 1892 vertimus.

366 1930 456 1984 15.
486 1930 624 1997 Quid
656 1945 743 1985 me
774 1930 996 2001 refugis,
1028 1929 1235 1986 frater?
1276 1932 1412 1999 Quid
1466 1943 1518 1987 te
1559 1934 1732 2004 magis
1759 1947 1889 1988 con-

292 2022 464 2077 sortio
495 2022 845 2079 mundialium
876 2024 1151 2079 hominum
1170 2024 1381 2079 credis?
1409 2024 1491 2080 Illi
1522 2024 1795 2081 fortasseb
1816 2026 1884 2081 ri-

290 2114 455 2169 deant
482 2116 697 2185 culpam
731 2124 914 2181 tuam;
947 2132 1049 2187 ego
1081 2118 1297 2188 plango,
1332 2127 1386 2173 et
1429 2120 1473 2172 si
1504 2118 1766 2173 commori
1795 2133 1888 2173 ne-

286 2222 439 2263 cesse
473 2210 596 2276 erit,
629 2212 849 2282 optabo.
894 2212 1033 2279 Quid
1074 2213 1352 2268 erubescis
1403 2214 1748 2281 praesentiam
1798 2229 1888 2267 no-

284 2302 503 2357 stram?
546 2304 752 2358 Similis
783 2304 939 2361 nobis
968 2320 1128 2359 causa
1161 2317 1245 2360 est
1270 2350 1282 2373 ,
1315 2305 1440 2375 quia
1480 2315 1528 2359 et
1576 2321 1677 2377 ego
1708 2306 1759 2360 in
1794 2314 1884 2360 tuo

286 2399 501 2467 negotio
533 2398 737 2465 pudore
768 2399 1091 2454 confundor.
1130 2412 1149 2437 ο
1174 2400 1343 2467 ιὶειὲίι,
1365 2411 1421 2454 ιιι
1450 2400 1629 2465 \ideo,
1664 2405 1885 2455 Ammo-

286 2491 450 2547 nitius
479 2509 572 2548 rex
598 2493 665 2564 (Il
692 2492 893 2564 Reg.x,
913 2494 948 2547 4
976 2494 1141 2565 seqq.)
1167 2495 1423 2550 militibus
1455 2496 1639 2561 David,
1661 2495 1879 2564 liocest,

285 2584 549 2641 ministris
576 2585 801 2651 Christi,
836 2586 1119 2641 dimidium
1153 2586 1333 2641 barba:
1364 2599 1417 2642 et
1457 2588 1664 2642 tunicas
1694 2603 1880 2643 eorum

286 2690 457 2747 usque
477 2678 544 2732 ad
572 2678 793 2749 inguina
826 2680 1069 2748 praecidit
1104 2697 1117 2732 :
1152 2679 1202 2734 id
1233 2689 1336 2746 cst,
1370 2681 1587 2735 sustulit
1618 2680 1685 2734 ab
1716 2680 1797 2735 eis
1827 2680 1879 2734 iti

282 2770 619 2827 dimidietate
642 2772 826 2827 barba:
850 2773 1061 2827 virilem
1092 2775 1350 2843 speciem,
1386 2782 1440 2827 et
1467 2772 1762 2828 effeminari
1787 2789 1882 2828 eos

284 2878 379 2935 per
404 2864 783 2920 delectabilem
831 2866 1085 2920 vitiorum
1135 2867 1452 2921 novaculam
1504 2866 1699 2923 fecisse
1728 2883 1881 2922 mon-

282 2967 502 3014 stratur.
532 2958 759 3014 Dimidio
789 2969 969 3014 autem
1004 2960 1170 3014 barba
1200 2961 1290 3014 tibi
1325 2975 1444 3014 rasa
1473 2970 1556 3015 est
1579 3001 1593 3027 ,
1625 2962 1747 3031 quia
1774 2976 1883 3016 uno

283 3052 435 3119 vitio,
466 3053 510 3107 si
537 3052 667 3123 quid
699 3053 824 3107 boni
856 3054 909 3107 in
941 3053 1033 3108 Dei
1067 3053 1356 3109 virtutibus
1385 3068 1633 3123 gesseras
1657 3095 1671 3119 ,
1703 3054 1880 3123 perdi—

281 3144 425 3200 deris
451 3163 463 3199 :
496 3145 719 3201 dimidia
749 3157 801 3201 et
831 3155 887 3200 tu
917 3160 1071 3201 rasus
1099 3161 1159 3202 es
1185 3146 1370 3214 barba,
1399 3146 1523 3216 quia
1568 3147 1610 3201 si
1642 3146 1878 3201 volueris

283 3238 491 3308 reliquo
519 3240 640 3293 vita:
669 3249 771 3294 tua:
803 3248 1051 3310 tempore
1094 3240 1239 3309 quod
1289 3242 1382 3295 tibi
1432 3251 1680 3311 superest
1722 3240 1875 3294 labo-
1907 3221 1954 3286 Ο

282 3347 427 3398 rare,
459 3344 794 3389 concrescet.
828 3335 1079 3390 Prmcidit
1108 3351 1238 3391 vero
1265 3336 1473 3390 tunicas
1503 3353 1672 3407 usque
1696 3336 1759 3391 ad
1794 3338 1876 3415 iq-

280 3425 443 3495 guina
476 3470 489 3489 ,
518 3440 641 3480 cum
693 3428 866 3498 turpia
917 3429 1054 3483 facta
1086 3444 1206 3498 qua:
1248 3429 1367 3499 ipse
1406 3441 1790 3498 persuaserat,
1825 3432 1876 3485 in

282 3516 456 3571 oculis
485 3515 762 3573 hominum
795 3521 1072 3576 revelavit.
1130 3520 1237 3577 Sed
1284 3535 1335 3577 et
1380 3538 1543 3591 super
1581 3524 1682 3578 hoc
1728 3538 1874 3592 Spes.

281 3608 582 3666 Sedeamus
603 3612 656 3666 in
675 3612 947 3679 Hiericho,
972 3614 1146 3669 donec
1172 3626 1422 3670 crescant
1444 3615 1624 3670 barba:
1645 3625 1875 3670 ηοειηιιε

280 3702 333 3758 id
362 3715 468 3771 est,
496 3705 666 3759 simus
696 3708 1043 3777 opprobrium
1091 3718 1147 3763 et
1178 3709 1470 3779 ignominia
1506 3711 1790 3764 meliorum
1820 3718 1875 3764 et

280 3798 579 3854 efficiamur
606 3802 895 3857 anathema
926 3803 1165 3857 omnium
1196 3846 1209 3867 ,
1243 3804 1379 3858 sicut
1428 3804 1479 3857 in
1516 3803 1765 3873 lli‘ericho
1796 3803 1874 3858 ls-

280 3892 523 3948 raelitico
555 3895 753 3963 populo
796 3896 913 3961 fuit,
945 3896 1119 3950 donec
1151 3896 1435 3950 barbarum
1467 3896 1677 3965 species
1697 3896 1876 3961 nobis,

280 3986 382 4043 hoc
412 3999 515 4055 est,
540 3990 794 4044 virtutum
822 3990 1155 4045 incrementa
1187 4001 1499 4046 nascantur.
1524 3992 1697 4047 Crede
1720 3992 1875 4057 mihi,

279 4083 400 4153 quia
430 4084 543 4155 regi
576 4094 763 4139 nostro
792 4084 997 4139 dolebit
1027 4085 1244 4155 injuria,
1296 4086 1590 4141 ulciscetur
1628 4101 1726 4141 nos
1771 4086 1873 4139 mi-

280 4271 564 4327 thuribula.
601 4271 849 4338 Rufinus,
871 4270 1045 4324 bacilli
1073 4279 1201 4325 tom.
1228 4269 1269 4324 ll
1291 4268 1456 4339 Oper.
1477 4267 1699 4338 Origen.
1733 4266 1866 4321 edit.

278 4342 411 4398 Ben.

354 4424 377 4451 ³
406 4415 480 4470 lla
513 4415 696 4469 Ambr.
722 4435 735 4479 ;
768 4415 861 4469 sed
897 4414 1073 4480 Bign.,
1107 4415 1197 4484 fiat
1226 4415 1278 4467 in
1308 4414 1461 4466 diem.

330 4493 336 4503 ‘
370 4486 397 4525 δ
423 4486 616 4559 Giyn.,
669 4490 888 4541 rideant.
925 4487 1076 4557 Bign.
1108 4482 1297 4540 uident.
1352 4486 1415 4539 lit
1458 4483 1523 4538 ad
1566 4482 1687 4538 libri
1716 4498 1868 4537 oram
1899 4495 1955 4556 Β

275 4561 487 4630 rejccit,
513 4560 698 4613 rident.

353 4643 374 4669 ο
408 4631 740 4700 Legendum,
774 4634 975 4685 Annon.
1010 4630 1239 4686 Sanctus
1270 4628 1570 4684 Eucherius
1603 4628 1652 4681 in
1704 4628 1871 4682 libros

278 4702 506 4773 Regum,
530 4704 621 4759 lib.
652 4704 714 4767 ll,
740 4720 861 4775 pag.
889 4703 1009 4767 197,
1032 4702 1226 4775 eadem
1253 4701 1727 4775 allegoria_utitur:
1756 4700 1871 4775 Sic-

278 4788 331 4829 ut
364 4771 578 4839 )lnnon,
628 4771 832 4844 inquit,
872 4792 963 4829 rex
1006 4773 1224 4827 Ammon
1272 4788 1440 4825 servos
1493 4771 1661 4844 David
1709 4771 1788 4844 ad,
1819 4787 1872 4823 se

277 4848 457 4901 missos
482 4842 795 4913 deturpaiiit,
828 4858 978 4914 atque
1010 4845 1280 4897 lndibriter
1308 4844 1525 4912 foedatos
1553 4842 1621 4894 ad
1638 4842 1871 4895 eumdim

277 4916 451 4971 Darid
474 4919 710 4981 remisit;
741 4919 811 4968 ita
840 4931 883 4969 et
918 4915 1153 4968 diabolus
1176 4956 1188 4975 ,
1219 4916 1455 4981 princeps
1488 4914 1640 4985 hujus
1670 4914 1868 4975 mundi,

276 4991 548 5059 plerosque
596 4989 865 5055 religiosos
916 5002 1006 5054 per
1050 4986 1388 5059 subripientia
1434 4982 1561 5059 uitia
1596 4982 1872 5053 deturparc

276 5053 554 5113 consuerit.
608 5053 713 5123 Qui
737 5062 861 5110 dum
890 5053 1063 5111 eorum
1098 5055 1310 5109 latentia
1356 5053 1495 5106 mala
1539 5056 1591 5106 in
1621 5062 1796 5122 aperta
1824 5063 1869 5105 et

275 5131 539 5199 ﬂagitiosa
571 5139 965 5196 perpetrataque
996 5129 1205 5181 luxnria
1251 5126 1472 5199 detegit,
1510 5124 1661 5199 quasi
1692 5140 1871 5199 eorum

275 5197 589 5253 indumentis
619 5217 776 5265 usque
801 5202 870 5252 ad
898 5212 1039 5253 uates
1071 5199 1330 5261 abscissis,
1366 5198 1532 5250 nudos
1562 5214 1593 5249 a
1622 5197 1873 5264 dignitate

274 5272 523 5325 castitatis
548 5272 788 5339 relinquit
812 5288 829 5335 ;
854 5282 903 5325 et
928 5272 1051 5323 dum
1081 5270 1352 5341 pristinam
1385 5285 1559 5320 eorum
1603 5266 1869 5341 fortitudi-

276 5360 388 5396 nem
423 5344 594 5412 eripit,
628 5336 760 5396 relut
789 5342 1001 5395 barbam
1028 5336 1163 5395 radit
1196 5356 1361 5408 :quos
1393 5349 1559 5393 tamen
1592 5336 1872 5412 verusgDa-

274 5415 381 5477 uid,
420 5410 671 5468 Dominus
702 5412 896 5467 scilicet
928 5424 975 5467 et
1010 5412 1252 5468 Salvator
1281 5423 1451 5464 noster
1478 5452 1490 5471 ,
1522 5410 1759 5464 clementi
1790 5425 1871 5461 re-

275 5497 449 5555 spectu
479 5505 510 5539 a
540 5488 849 5557 pwnitentite
888 5483 1212 5557 indulgentia
1243 5498 1342 5534 non
1372 5483 1623 5557 exclusit;
1663 5495 1797 5557 quos
1823 5490 1871 5557 et

275 5552 329 5609 in
364 5552 634 5621 Hiericho,
663 5557 763 5612 hoc
790 5566 881 5623 est,
936 5552 1381 5609 sub'anatltemate
1409 5552 1871 5625 pwnitentireresi-

277 5626 395 5680 dere
414 5630 579 5695 jubet,
612 5631 771 5684 donec
796 5638 1113 5684 sacramenta
1144 5627 1420 5696 spiritalia,
1447 5636 1490 5679 et
1517 5624 1870 5694 fortitudinem

276 5700 462 5772 utentis
488 5718 603 5770 qua:
631 5704 887 5771 peccando
934 5701 1290 5772 perdiderunt,
1332 5696 1872 5772 satisfaciendo_reri-

315 5770 443 5841 iant,
493 5766 537 5824 et
581 5766 654 5826 sic
694 5774 899 5828 demum
934 5766 997 5826 'in
1030 5780 1305 5838 conspectu
1336 5772 1447 5841 ejus
1477 5778 1615 5825 stare
1644 5766 1865 5822 valeant.

333 5843 528 5913 trique,
562 5852 619 5899 ut
646 5844 878 5913 videtur,
911 5846 1049 5900 idem
1081 5844 1200 5901 fons
1234 5851 1426 5912 patmt.

2004 526 2279 582 inimicus.
2306 527 2490 583 Abluit
2521 529 2794 598 paulisper
2815 545 2843 583 a
2868 538 3162 601 conspectu
3186 539 3372 586 nostro
3398 544 3492 586 rex
3514 546 3609 586 no-

2003 634 2116 681 ster
2151 625 2321 681 David
2350 642 2364 689 ;
2396 636 2451 682 et
2482 627 2604 682 ideo
2635 627 2761 682 victi
2791 627 2859 681 ab
2891 628 3143 695 inimicis,
3175 627 3201 665 ἀ
3230 639 3437 698 partem
3490 627 3607 699 agri

2003 720 2221 789 plenam
2246 721 2501 776 lenticula
2536 722 2833 777 rubicunda
2864 739 2985 792 quae
3028 734 3109 779 est
3138 722 3479 779 verecundia:
3509 737 3607 778 no-

2003 823 2131 866 stra:
2160 823 2212 867 et
2242 813 2490 869 delicata:
2518 815 2785 870 castitatis
2816 815 2987 870 forma
3014 856 3029 882 ,
3058 814 3445 885 confregimus.
3494 812 3606 870 Sed

2000 903 2111 973 jam
2144 904 2236 959 ubi
2267 905 2701 961 recordationem
2737 908 2941 977 peccati
2967 922 3061 962 rex
3092 916 3279 962 noster
3307 906 3480 959 oculis
3508 920 3605 959 no-

2002 996 2099 1049 stri
2130 996 2310 1051 cordis
2340 999 2552 1067 aperuit
2578 1044 2591 1066 ,
2625 1009 2829 1053 stemus
2851 1041 2864 1064 ,
2895 1010 2954 1053 ut
2988 999 3073 1053 vel
3103 998 3235 1053 illud
3279 996 3422 1068 quod
3468 997 3606 1052 resi-

2002 1087 2168 1142 duum
2200 1099 2283 1143 est
2310 1134 2324 1158 ,
2359 1089 2412 1144 id
2441 1099 2527 1145 est
2549 1132 2564 1156 ,
2598 1091 2868 1162 reliquum
2892 1093 3015 1146 vita:
3044 1099 3247 1146 nostrae
3276 1098 3488 1161 tempus
3509 1088 3606 1145 de-

2002 1178 2274 1243 fendatnr,
2325 1190 2382 1235 ut
2411 1182 2618 1237 salvum
2652 1184 2743 1237 sit.
2798 1183 2875 1237 Ne
2899 1229 2912 1252 ,
2946 1198 3130 1255 qnzeso
3154 1225 3169 1249 ,
3203 1194 3253 1238 te
3284 1183 3607 1253 persuadeat

2001 1272 2247 1343 quisquis
2288 1274 2381 1329 ille
2410 1274 2555 1329 dicat
2588 1275 2720 1341 tibi,
2755 1284 2810 1330 ut
2839 1277 3017 1331 scelus
3047 1275 3150 1331 hoc
3190 1276 3243 1330 in
3289 1275 3604 1345 coniugium

2002 1380 2202 1438 vertas,
2234 1388 2297 1427 ac
2326 1371 2393 1427 de
2421 1372 2649 1428 crimine
2679 1374 3083 1427 matrimonium
3106 1386 3288 1427 voces.
3323 1382 3346 1408 ε
3371 1370 3506 1425 Nolo
3526 1368 3609 1424 of-

2002 1464 2208 1518 fensam
2242 1463 2337 1519 Dei
2370 1479 2655 1536 provoces,
2688 1477 2849 1536 atque
2880 1465 3223 1535 multiplices.
3278 1463 3334 1519 Si
3372 1462 3517 1518 enim
3548 1470 3606 1517 ut

2000 1568 2227 1613 vocatur
2260 1559 2310 1613 in
2340 1560 2578 1629 culpam,
2608 1560 2751 1630 quod
2783 1560 2979 1616 furtive
3004 1574 3069 1615 ac
3097 1575 3219 1614 cum
3252 1559 3447 1613 timore
3480 1571 3605 1627 per-

1999 1656 2172 1710 suasit
2212 1656 2305 1711 tibi
2355 1656 2646 1726 inimicus,
2706 1657 2975 1727 quomodo
3019 1656 3314 1712 merebitur
3361 1653 3600 1723 veniam,

2000 1753 2142 1824 quod
2175 1754 2341 1809 veluti
2371 1753 2633 1809 insultans
2650 1754 2762 1810 Deo
2784 1764 2837 1809 et
2866 1754 2984 1823 ejus
3007 1752 3238 1822 judicio,
3267 1751 3477 1821 publice
3507 1745 3603 1805 tibi

1922 1836 1966 1896 Β
1992 1846 2227 1915 εωρειὶε
2256 1846 2574 1902 vindicare?
2604 1847 2827 1902 Imitare
2858 1847 3009 1901 illum
3046 1846 3257 1900 Amnon
3290 1842 3503 1898 Davidis
3532 1841 3597 1897 fi-

1992 1938 2121 1992 lium
2155 1939 2175 2011 (
2204 1938 2248 1993 ll
2275 1938 2405 2009 Reg.
2440 1955 2557 2005 χιιι,
2596 1939 2659 1993 15
2687 1938 2879 2010 seqq.),
2911 1938 3002 2007 qui
3032 1953 3154 1993 cum
3179 1937 3232 1991 iii
3256 1935 3462 1990 sororis
3486 1949 3599 1990 sua)

1989 2042 2232 2102 stuprum
2266 2031 2450 2086 illicita
2478 2031 2695 2087 ﬂamma
2726 2031 2983 2087 caluisset
3005 2073 3020 2096 ,
3082 2029 3427 2100 postmodum
3472 2042 3595 2082 eam

1990 2124 2160 2194 magis
2188 2138 2389 2179 exosus
2418 2134 2523 2190 εει,
2556 2140 2715 2192 quam
2745 2134 2904 2179 antea
2936 2132 3212 2178 amaverat
3238 2137 3255 2187 ;
3293 2132 3347 2176 et
3373 2136 3469 2191 pro
3494 2119 3597 2175 hoc

1987 2215 2133 2271 facto
2156 2217 2371 2271 occisus
2395 2226 2475 2271 est
2498 2232 2526 2269 a
2560 2215 2747 2282 fratre,
2779 2215 2904 2287 quia
2942 2213 2959 2251 τ
2994 2215 3172 2286 agnita
3205 2214 3360 2283 culpa
3391 2212 3601 2269 erroris

1988 2324 2094 2363 non
2120 2311 2320 2364 mansit
2349 2309 2402 2364 in
2433 2309 2660 2364 crimine
2688 2353 2701 2376 ,
2736 2308 2832 2363 sed
2872 2307 3154 2363 materiam
3188 2308 3358 2377 ipsius
3386 2305 3595 2375 peccati

1988 2400 2336 2456 vehementer
2357 2417 2557 2457 exosus
2588 2411 2692 2457 est.
2726 2401 2880 2458 Unde
2912 2403 3073 2457 etiam
3114 2401 3459 2471 suspicamur
3490 2399 3595 2453 Da-

1986 2496 2166 2552 videm
2195 2499 2244 2552 ei
2278 2514 2382 2552 non
2412 2498 2578 2552 fuisse
2608 2506 2965 2561 commotum,
3001 2498 3122 2567 quia
3155 2497 3263 2550 cito
3308 2494 3436 2549 vidit
3467 2508 3591 2549 eum

1988 2590 2359 2657 pwniteutiam
2392 2590 2698 2657 recepisse;
2731 2597 2786 2643 et
2810 2590 2884 2654 id,
2912 2599 2935 2633 ε
2962 2605 3057 2656 per
3084 2586 3227 2657 quod
3258 2587 3417 2640 unius
3446 2585 3594 2639 hora:

1982 2680 2162 2751 Spatio
2203 2681 2461 2750 deceptus
2486 2690 2589 2745 est,
2638 2682 2822 2735 statim
2856 2696 2978 2733 eum
3012 2678 3344 2748 impatientia
3385 2676 3588 2742 odisse,

1984 2781 2039 2828 et
2067 2774 2265 2829 virtute
2306 2774 2642 2845 poenitentia:
2688 2772 3148 2842 disrupisseejus
3197 2772 3435 2842 laqueos.
3487 2770 3592 2836 Qui

1985 2884 2121 2924 vero
2150 2879 2342 2939 captus
2371 2878 2453 2924 est
2485 2868 2537 2923 iti
2568 2881 2683 2923 rete
2710 2868 2996 2931 vitiorum,
3031 2874 3085 2921 et
3114 2866 3381 2935 patienter
3410 2864 3592 2919 inimi-

1983 2961 2063 3017 cis
2089 2961 2224 3029 suis,
2252 2961 2355 3016 hoc
2382 2971 2485 3025 est,
2511 2960 2862 3015 venatoribus
2888 2958 3207 3029 acquiescit,
3234 2957 3403 3012 donec
3424 2956 3586 3011 etiam

1984 3055 2293 3111 recludatur
2324 3056 2373 3109 in
2404 3070 2593 3121 cavea,
2622 3064 2677 3110 et
2706 3053 2780 3109 ibi
2806 3053 2963 3123 longo
3001 3051 3263 3122 temporis
3289 3051 3465 3121 spatio
3495 3064 3586 3105 sa-

1982 3153 2197 3221 ginetur
2227 3150 2291 3205 ad
2327 3165 2607 3220 pompam;
2634 3160 2745 3203 tum
2765 3148 2999 3202 maxime
3019 3144 3043 3182 ιι
3067 3146 3456 3216 principalibus
3482 3159 3586 3198 saa-

1983 3240 2114 3309 culi,
2145 3258 2268 3298 cum
2296 3243 2507 3297 occisus
2541 3242 2722 3308 fuerit,
2750 3242 3158 3311 placiturusest.
3188 3240 3366 3293 Donec
3395 3236 3408 3274 ί
3440 3253 3585 3293 mus-

1984 3335 2219 3406 ciptilam
2250 3334 2621 3391 fornicationis
2644 3337 2884 3389 eiaseris
2910 3379 2923 3401 ,
2973 3349 3080 3387 non
3112 3346 3163 3387 te
3199 3332 3479 3387 ebrietatis
3506 3330 3584 3383 Ia-

1983 3430 2136 3501 queis
2166 3430 2357 3486 credas
2380 3472 2394 3496 ,
2426 3445 2521 3499 per
2552 3444 2688 3500 quos
2722 3428 2733 3479 ι
2774 3430 2986 3483 animos
3017 3428 3136 3482 irati
3168 3422 3458 3480 Absalonis
3493 3422 3583 3477 iu-

1983 3539 2173 3579 curras
2202 3522 2393 3593 (Ibid,
2412 3522 2506 3594 :28)
2536 3539 2550 3587 ;
2575 3522 2699 3592 quia
2730 3522 2939 3576 luxuria
2967 3529 3129 3590 atque
3155 3519 3412 3582 ebrietas,
3436 3531 3586 3587 qua:-

1982 3618 2107 3673 dam
2135 3618 2240 3673 sibi
2268 3620 2320 3672 in
2352 3618 2603 3671 vitiorum
2635 3618 2917 3671 nativitatc
2944 3614 3271 3686 germanitas
3295 3622 3396 3667 est.

2056 3713 2142 3767 14.
2188 3712 2389 3767 Attolle
2420 3728 2548 3782 ergo
2570 3714 2803 3776 animos,
2834 3712 3023 3775 frater,
3054 3710 3203 3778 erige
3231 3708 3418 3761 oculos
3444 3720 3583 3776 quos

1978 3807 2326 3862 conscientitu
2354 3806 2528 3875 pudor
2558 3805 2873 3869 inclinavit;
2916 3820 3015 3858 nec
3046 3815 3097 3859 te
3140 3804 3352 3856 inimica
3384 3802 3580 3870 despe-

1980 3901 2120 3955 ratio
2149 3899 2476 3969 confriogat.
2530 3899 2672 3955 Ecce
2703 3899 2943 3955 Absalon
2971 3897 3060 3966 qui
3094 3896 3317 3950 fratrem
3364 3893 3581 3948 occide-

1982 4000 2087 4058 rat,
2118 4009 2212 4061 per
2238 3995 2536 4046 amicorum
2564 3990 2816 4060 suffragia
2846 3987 2984 4059 regis
3010 3987 3219 4042 veniam
3241 3993 3585 4055 promeretur

1981 4086 2050 4156 (ll
2082 4086 2213 4158 Reg.
2242 4103 2351 4151 xiv,
2383 4087 2476 4157 9.5)
2505 4106 2517 4140 :
2547 4087 2618 4142 ita
2647 4095 2703 4140 ut
2728 4088 2893 4141 etiam
2920 4082 3162 4138 osculum
3188 4082 3334 4150 pacis
3353 4089 3405 4134 et
3434 4092 3577 4148 prte-

2052 4265 2082 4345 d_
2110 4266 2152 4320 11
2183 4266 2319 4345 Reg.
2352 4283 2508 4331 XXIII,
2545 4268 2602 4345 11
2640 4272 2836 4345 χΜερὶς
2858 4273 2963 4345 ’τοῦ
2996 4269 3153 4343 ἀγροῦ
3183 4265 3372 4345 πλήρηξ
3400 4268 3581 4345 φαιξοῶ

1979 4337 2083 4392 Sed
2116 4339 2205 4411 qui
2238 4333 2437 4407 partem
2476 4340 2589 4411 agri
2634 4341 2705 4391 ait
2744 4333 3080 4392 éoiifractaiii
3124 4350 3244 4390 esse
3264 4333 3296 4411 ‘1:
3346 4333 3431 4411 Att
3477 4333 3582 4389 lioc

1982 4410 2202 4464 nomine
2236 4411 2488 4477 intelligit
2512 4407 2633 4477 'vas,
2668 4427 2760 4465 seu
2792 4420 3018 4464 testeam
3053 4407 3435 4478 lagunculam?

2056 4492 2079 4518 ε
2112 4482 2320 4551 Integra
2346 4483 2459 4536 haec
2480 4482 2736 4552 pericolie
2758 4484 2913 4537 deest
2942 4481 2992 4534 in
3016 4480 3205 4536 Amhr.
3231 4493 3417 4533 errore
3434 4492 3583 4532 ama-

1976 4569 2213 4608 lluellSlS.

2054 4625 2071 4663 τ
2106 4625 2198 4680 Hm
2227 4634 2353 4678 sunt
2384 4641 2547 4678 mera:
2581 4641 2756 4693 uugte,
2790 4640 2925 4688 quas
2954 4638 3107 4693 sacer
3136 4631 3314 4693 textus
3354 4619 3578 4693 refellit.

1975 4697 2442 4763 Quemadmodum
2476 4690 2737 4748 incertum
2772 4706 2877 4761 est,
2918 4710 2985 4747 an
3028 4692 3305 4763 ftedissimi
3334 4690 3579 4744 criminis

1980 4762 2279 4823 Amnonetn
2314 4766 2660 4831 prenituerit;
2711 4767 2782 4819 ita
2830 4765 3031 4819 nemini
3071 4762 3294 4817 dubium
3326 4776 3447 4815 esse
3479 4777 3580 4826 po-

1978 4849 2107 4900 test,
2143 4838 2271 4907 quin
2310 4837 2492 4890 ltavitli
2519 4878 2533 4900 ,
2568 4846 2622 4889 ut
2656 4838 2731 4890 illi
2768 4846 3039 4904 parceret.
3078 4836 3281 4907 patrius
3323 4834 3574 4907 animus;

1978 4902 2235 4965 Absaloni
2267 4917 2468 4967 autem,
2503 4922 2552 4960 ut
2588 4902 2801 4961 saeviret
2832 4907 2880 4960 iti
2914 4909 3157 4967 fratrem,
3192 4905 3458 4970 impotens
3482 4902 3578 4957 ira)

1975 4982 2243 5045 cupiditas
2290 4979 2546 5032 suaserit.
2599 4978 2706 5033 Sed
2758 4976 3089 5047 allcgtiriSIis
3135 4975 3399 5029 donanda:
3451 4983 3580 5029 sunt

1977 5051 2288 5118 liujusmodi
2316 5051 2537 5118 argutae
2562 5067 2575 5113 ;
2624 5066 2722 5103 nec
2754 5046 2940 5119 paucis
2964 5046 3293 5101 offendimur
3323 5048 3575 5101 maculis.

2049 5134 2073 5169 ε
2105 5121 2526 5189 Corruptissima
2560 5132 2641 5176 est
2670 5118 3012 5176 Anilirosiani
3040 5118 3243 5173 cotlit'is
3275 5119 3575 5189 scriptura:

1979 5195 2042 5249 Et
2076 5195 2129 5247 id
2157 5208 2250 5261 pro
2277 5186 2429 5244 causa
2472 5196 2581 5265 ejus
2612 5194 2698 5261 qui
2746 5196 2895 5265 unius
2923 5192 3068 5245 [torte
3092 5191 3348 5265 deceptus
3388 5186 3463 5265 est
3497 5186 3578 5265 la-

1975 5284 2101 5335 queo
2131 5276 2175 5317 et
2208 5264 2381 5335 statim
2429 5260 2786 5331 in'patientia,
2821 5264 2918 5317 hoc
2950 5275 3021 5317 est
3053 5264 3240 5316 rirlute
3268 5260 3577 5335 prefuitcntiw

1975 5330 2193 5407 dirupit.
2224 5334 2291 5388 Et
2320 5339 2434 5407 ejus
2464 5330 2552 5407 qui
2581 5346 2761 5405 captus
2792 5349 2890 5405 est,
2921 5350 3027 5390 ctc.
3051 5330 3455 5404 Gryna‘i‘editio
3475 5330 3576 5383 hoc

1977 5410 2095 5463 loco
2126 5406 2402 5472 mulctata,
2440 5406 2569 5462 nihil
2605 5408 2839 5475 praesidii
2868 5408 3043 5462 affert.

2046 5477 2074 5515 h
2107 5479 2291 5550 Forte,
2326 5480 2721 5550 principatibus.

2056 5550 2070 5587 ί
2108 5549 2186 5604 Ita
2208 5544 2422 5615 Anilir.;
2450 5544 2660 5606 incdit.
2691 5553 2867 5621 Bign.,
2902 5552 3064 5604 donec
3094 5546 3317 5601 etiamsi.
3347 5544 3575 5599 Videtur

1974 5622 2263 5693 legendum
2297 5639 2308 5673 :
2337 5622 2592 5693 Denique,
2626 5625 2849 5687 etiamsi,
2882 5633 2989 5677 etc.

2050 5694 2063 5743 i
2124 5687 2515 5762 Reponendum
2566 5687 2850 5763 suspicor,
2900 5694 2954 5745 in
2996 5707 3220 5757 manus;
3263 5689 3358 5745 sed
3392 5687 3574 5744 invitis

1976 5764 2305 5821 editiotiihus
2336 5776 2392 5821 et
2420 5765 2609 5823 codice
2634 5774 2844 5829 nostro,
2879 5763 3011 5821 nihil
3040 5774 3211 5820 muto.
