4074 6204
502 298 634 354 ιοιι

1803 297 2156 364 osculanti
2203 297 2514 367 Monach!

3661 308 3802 380 id!!!

502 415 733 471 sentiam
787 417 965 472 vultus
994 418 1196 474 Christi
1240 433 1345 474 non
1378 420 1631 491 desperet
1657 438 1976 492 exposcere.
2035 424 2106 480 Et
2140 422 2497 496 Apervenire
2560 442 2666 483 non
2742 428 2954 501 potuit,
2994 432 3162 502 ‘quia
3226 420 3357 489 illud
3420 434 3573 491 solus
3650 435 3806 493 Pater

504 517 562 563 tu
593 522 721 579 ergo
748 522 885 580 quos
909 514 1117 568 amicos
1148 513 1367 568 Davidls
1391 529 1512 569 esse
1531 516 1696 579 nosti,
1719 519 1810 586 qui
1836 519 2108 588 quondam

502 613 661 673 pater
695 613 836 664 tuus.
890 606 1109 676 quando
1157 623 1262 661 non
1320 623 1642 677 pect‘averas
1672 650 1685 676 ,
1721 611 1819 665 fuit
1844 656 1857 676 ,
1895 612 2111 667 humilis

505 707 621 751 esto
649 705 702 751 et
730 697 973 763 acclinis,
1008 707 1067 752 ut
1095 700 1238 770 quod
1270 714 1299 754 a
1333 711 1382 756 te
1415 716 1520 757 non
1554 713 1728 769 potes,
1771 716 1867 774 per
1897 704 2109 759 illorum

502 788 756 858 suffragia
790 799 815 827 α
846 793 1130 847 merearis.
1183 792 1261 848 Ac
1291 794 1337 850 si
1370 794 1507 850 forte
1538 795 1655 851 duri
1688 795 1888 852 fuerint
1918 800 1969 852 in
2011 814 2111 854 au-

504 883 724 951 diendo,
775 896 1101 956 opportune,
1153 890 1459 961 importune
1510 907 1613 948 non
1663 893 1879 949 desinas
1907 894 2109 964 suppli-

503 993 671 1043 care;
704 979 830 1049 quia
864 982 1097 1037 Absalon
1143 999 1241 1053 per
1272 986 1521 1053 injuriam
1556 990 1792 1057 meruit,
1846 988 1984 1057 quod
2020 1002 2113 1056 per

504 1073 797 1129 amicitiam
824 1074 1124 1143 impetrare
1153 1094 1258 1133 non
1291 1081 1463 1148 potuit
1491 1098 1505 1145 ;
1555 1090 1610 1135 et
1636 1082 1776 1150 quod
1808 1081 1835 1120 ι)
1868 1094 1965 1151 pro
1995 1097 2110 1136 me-

503 1164 625 1220 ritis
658 1178 761 1220 non
796 1170 1021 1234 meruit,
1072 1185 1171 1240 per
1218 1171 1469 1241 injuriam
1520 1173 1773 1229 obtinuit.
1827 1175 1921 1229 Vis
1972 1176 2111 1231 scire

504 1260 652 1331 quod
688 1261 1016 1333 plerumque
1047 1278 1144 1334 per
1175 1268 1525 1323 occasionem
1558 1269 1773 1338 injuriae
1800 1268 1977 1325 sancti
2013 1286 2113 1341 pro

503 1355 890 1423 peccatoribus
910 1357 1317 1427 deprecantur?
1340 1361 1537 1417 Beatus
1557 1364 1648 1419 ille
1667 1376 1803 1419 unus
1826 1380 1891 1420 ex
1925 1377 1947 1404 ε
1983 1378 2114 1435 qua-

509 1455 658 1515 tuor,
695 1451 1079 1508 confessorum
1111 1467 1271 1526 caput
1301 1466 1355 1513 et
1386 1468 1684 1531 martyrum
1713 1503 1725 1525 ,
1779 1474 1899 1515 cum
1932 1461 2000 1517 ab
2033 1464 2113 1517 ln-

508 1556 644 1599 sano
672 1546 877 1614 populo
913 1548 1181 1617 lapidibus
1211 1563 1515 1621 urgeretur,
1550 1555 1603 1608 in
1634 1557 1747 1623 ipso
1777 1557 1918 1611 ezritu
1944 1555 2113 1611 Israel

510 1636 577 1691 de
608 1634 845 1709 nggpto
877 1640 894 1707 (
923 1637 1069 1693 Psat.
1102 1656 1187 1707 cv,
1222 1642 1274 1713 1)
1302 1684 1317 1710 ,
1364 1644 1413 1696 id
1447 1652 1530 1699 est
1561 1647 1758 1700 animas
1786 1646 1852 1699 de
1882 1661 2113 1716 corpore

508 1726 895 1798 disc-edentis,
956 1745 1097 1800 genu
1159 1733 1331 1799 flexo,
1392 1738 1529 1806 putri
1584 1753 1681 1807 pro
1738 1741 2111 1808 peccatoribus

2213 519 2453 588 agnovh.

2289 615 2373 670 15.
2429 615 2534 673 Sed
2587 617 2817 673 forsitan
2866 617 3017 674 dicas
3064 637 3076 674 :
3121 619 3416 677 Persuasio
3445 633 3532 678 tua
3563 624 3808 695 quietum

2215 708 2444 778 requirit
2468 709 2742 765 hominem
2774 711 2859 765 vel
2888 724 3142 768 securum
3171 731 3184 780 ;
3237 728 3321 770 me
3369 722 3548 771 autem
3584 728 3813 773 necesse

2213 808 2296 856 est
2326 801 2569 870 quotidie
2602 813 3007 873 persecutorem
3040 807 3226 861 szeculi
3254 802 3585 876 formidare,
3613 811 3708 880 qui
3758 808 3812 865 in

2216 909 2303 949 me
2331 894 2565 949 dedecus
2600 893 2621 933 τ
2657 896 2915 965 proxima!
2958 912 3072 954 sua:
3120 906 3275 969 optat
3319 902 3525 957 ulcisci.
3576 898 3636 958 Si
3683 914 3821 973 ergo

2214 988 2325 1042 tale
2362 988 2567 1058 aliquid
2624 992 2982 1059 pertimescls.
3033 1006 3163 1050 ecce
3210 1008 3306 1051 sex
3336 992 3529 1067 refugii
3560 990 3821 1054 civitates

2215 1080 2349 1150 (los.
2386 1097 2477 1146 xx,
2508 1083 2542 1136 2
2573 1083 2763 1155 seqq.),
2794 1098 2952 1155 quas,
2989 1086 3035 1140 si
3068 1086 3264 1156 placet,
3315 1087 3626 1158 ingredere.
3670 1090 3749 1145 At:
3772 1090 3821 1145 si

2217 1173 2355 1228 forte
2392 1188 2486 1243 pro
2513 1176 2850 1231 conscientia
2884 1185 3255 1247 peccatorum,
3286 1170 3406 1235 illas
3436 1194 3557 1251 qum
3583 1188 3719 1237 sunt
3762 1182 3820 1237 iu

2217 1277 2361 1322 terra
2407 1269 2882 1338 repromissionis,
2916 1270 3018 1326 hoc
3047 1281 3132 1327 est
3159 1317 3173 1340 ,
3206 1272 3259 1328 in
3288 1272 3531 1329 Ecclesia
3552 1315 3566 1339 ,
3609 1274 3822 1331 intrare

2216 1378 2324 1417 non
2357 1363 2595 1429 audeas;
2650 1372 2735 1419 est
2764 1364 2931 1420 Bosor
2972 1375 2998 1413 Β
3027 1368 3165 1422 ultra
3198 1366 3488 1424 Iordanem
3533 1369 3587 1424 in
3619 1369 3822 1425 solitua

2216 1456 2359 1520 dine,
2394 1471 2512 1526 quin
2546 1458 2936 1527 interpretatur
2960 1461 3243 1532 angustia;
3275 1461 3327 1516 id
3350 1472 3454 1531 εει,
3478 1461 3679 1519 cellula
3698 1476 3819 1521 mo-

2218 1552 2439 1606 nasterii
2470 1566 2631 1621 parva
2665 1553 2746 1607 vel
2780 1552 2991 1608 modica
3017 1569 3030 1619 ;
3061 1564 3116 1610 et
3146 1554 3347 1626 optime
3374 1556 3470 1612 tibi
3495 1559 3814 1623 conveniet,

2215 1646 2338 1714 quia
2372 1645 2439 1700 de
2481 1656 2631 1701 sorte
2661 1645 2851 1701 Ruben
2884 1654 2987 1713 est,
3034 1655 3090 1703 et
3135 1651 3251 1718 ipse
3282 1657 3456 1704 torum
3487 1649 3661 1719 patris
3702 1666 3823 1706 tua.

2217 1738 2417 1794 culavit
2467 1738 2653 1794 illicite
2706 1738 2883 1810 (Gen.
2920 1750 3065 1807 sus,
3095 1740 3190 1811 4).
3246 1740 3343 1797 Est
3392 1749 3447 1797 et
3482 1742 3721 1797 Ramoth
3752 1741 3825 1799 de

510 1821 836 1890 supplivavit
882 1824 1040 1893 (Act.
1073 1841 1177 1890 vn,
1213 1828 1321 1899 59)
1371 1845 1382 1883 :
1438 1831 1677 1900 Magistri
1729 1834 1899 1887 nostri
1956 1849 2117 1889 secu-
2146 1820 2192 1885 B
2220 1839 2369 1887 sorte
2394 1830 2530 1897 Gad,
2558 1846 2677 1902 qua:
2709 1831 3099 1903 interpretatur
3140 1832 3341 1888 excelsa
3372 1842 3530 1898 iners.
3574 1835 3661 1890 rel
3689 1834 3825 1891 uis-ia

513 1919 599 1967 tus
655 1918 994 1987 exemplum,
1054 1921 1143 1989 qui
1208 1925 1550 1993 persequenti
1603 1927 1949 1993 semetipsum
2013 1944 2113 1999 po-

514 2008 642 2078 pulo
678 2010 887 2064 veniant
923 2014 1228 2081 postulabat
1260 2015 1411 2087 (Luc.
1444 2033 1591 2080 χχιιι,
1626 2019 1742 2088 54).
1777 2020 1917 2075 Ecce
1935 2021 2106 2090 vides,

512 2103 601 2158 ubi
634 2106 854 2160 occasio
885 2123 1104 2176 precum
1139 2112 1382 2166 nascitur
1408 2128 1475 2167 ex
1506 2113 1697 2182 injuria
1720 2123 1769 2168 et
1804 2129 1958 2183 poena
1988 2129 2114 2169 san-

510 2206 753 2252 ctorum.
788 2197 901 2253 Nec
930 2198 1033 2256 hoc
1060 2201 1186 2254 ideo
1218 2202 1447 2257 dicimus
1473 2249 1486 2272 ,
1520 2214 1576 2259 ut
1620 2214 1673 2259 ιιι
1708 2221 1802 2274 per
1832 2214 2114 2262 contume-

512 2289 641 2345 liam
699 2292 977 2348 beatorum
1030 2295 1285 2364 sull‘ragia
1336 2300 1636 2365 merearis;
1690 2301 1783 2355 sed
1825 2301 2111 2358 consilium

512 2381 728 2451 damus,
764 2393 823 2437 ιιι
845 2385 891 2439 si
917 2400 1013 2455 pro
1046 2389 1416 2458 magnitudine
1441 2393 1665 2447 sceleris
1699 2394 1773 2448 tui
1807 2394 2115 2464 supplicare

513 2491 619 2531 non
655 2479 773 2534 ausi
805 2487 956 2543 sunt,
982 2479 1008 2517 ἀ
1037 2482 1464 2552 importunitatis
1490 2494 1593 2541 tum
1618 2487 1875 2559 injuriam
1907 2492 2116 2561 patien-

513 2580 618 2637 tes,
651 2570 864 2628 facilius
909 2589 1007 2644 pro
1034 2590 1099 2631 eo
1127 2592 1157 2632 ει
1189 2594 1296 2647 quo
1329 2579 1445 2634 itBSi
1477 2592 1624 2650 sunt,
1666 2583 1975 2639 audiantur.
2002 2584 2114 2639 vln-

510 2665 684 2722 cende
713 2666 981 2724 hordeum
1042 2671 1331 2728 finitimum
1381 2675 1514 2742 tibi,
1569 2678 1721 2746 quod
1760 2688 1842 2734 est
1890 2680 1941 2735 in
1987 2694 2115 2751 agro

511 2755 582 2828 (ll
615 2757 743 2830 Reg.
777 2775 888 2830 xw,
918 2761 1049 2834 50);
1079 2766 1201 2835 quia
1222 2766 1401 2838 lingua
1425 2769 1563 2839 ignis
1603 2780 1672 2825 est
1706 2780 1728 2809 θ
1762 2770 1901 2845 (Jac.
1930 2786 2007 2839 ιιι,
2034 2772 2110 2845 6),

511 2865 643 2921 ager
666 2863 849 2910 autem
878 2866 957 2911 est
1000 2856 1088 2913 hic
1121 2861 1377 2916 mundus.
1412 2862 1502 2918 Sic
1527 2864 1982 2938 quandocumque
2006 2883 2117 2925 ete-

512 2944 660 3015 peris
691 2946 812 3001 vitae
847 2946 1003 3003 boum
1028 2950 1292 3007 fructibus
1318 2953 1603 3025 derogare.
1651 2962 1704 3013 et
1731 2959 1913 3016 dicere
1942 2977 1955 3017 :
1989 2976 2116 3018 ecce

511 3035 702 3105 quales
734 3047 859 3092 sunt
886 3043 1085 3108 Sancti,
1119 3043 1210 3109 qui
1241 3059 1340 3114 pro
1367 3049 1746 3114 peccatoribus
1775 3064 1880 3105 non
1914 3052 2117 3108 audent

511 3142 705 3198 rogare
744 3146 758 3185 :
794 3131 881 3185 ubi
909 3142 992 3186 est
1023 3134 1337 3202 quotidiana
1364 3152 1576 3192 merces
1606 3141 1828 3209 operis?
1854 3149 1984 3198 tunc
2036 3144 2117 3197 in-

2216 1926 2413 1979 mortis.
2452 1924 2590 1980 Vere
2618 1925 2764 1979 enim
2792 1926 3009 1981 excelsa
3037 1926 3061 1962 δ
3088 1941 3260 1992 mors,
3290 1926 3605 1997 poenitentia
3634 1928 3823 1983 dicen-

2216 2017 2281 2071 da
2310 2023 2415 2083 est,
2463 2030 2585 2070 cum
2638 2016 2977 2073 mortificatis
3008 2019 3268 2076 membris
3309 2020 3608 2076 deducatur
3654 2020 3824 2077 homo

2216 2110 2281 2164 ad
2315 2110 2530 2164 excelsa
2560 2109 2823 2166 caelorum
2857 2111 2999 2167 unde
3032 2111 3208 2175 fuerat
3233 2120 3362 2168 ante
3387 2112 3630 2183 dilapsus
3656 2131 3671 2168 :
3702 2112 3824 2171 sire

2212 2206 2364 2276 jtma
2391 2206 2546 2259 istam
2577 2205 2839 2259 humilem
2882 2214 3112 2261 mortem
3157 2220 3278 2277 qua:
3307 2207 3640 2278 generaliter
3669 2208 3819 2264 omni

2206 2298 2367 2353 .carni
2392 2297 2661 2364 imminet,
2696 2298 2783 2353 illa
2815 2298 2880 2352 ad
2910 2302 3371 2370 comparationem
3412 2300 3531 2369 ejus
3580 2304 3820 2357 rationa-

2220 2389 2403 2445 biliter
2432 2391 2648 2445 excelsa
2684 2390 3031 2455 nominatur;
3085 2392 3209 2461 quia
3255 2392 3426 2447 multo
3465 2392 3704 2446 nobilius
3732 2402 3821 2448 est

2222 2496 2319 2550 per
2368 2477 2741 2551 paenitentiam
2779 2481 2937 2544 mori,
2972 2495 3135 2550 quam
3180 2482 3455 2536 communi
3506 2483 3607 2536 hac
3641 2492 3823 2538 morte

2220 2571 2461 2625 dissolvi.
2495 2570 2550 2626 Si
2582 2580 2762 2625 autem
2797 2572 3060 2627 visionem
3094 2572 3287 2626 mortis
3314 2574 3523 2628 sentire
3554 2574 3812 2644 velimus,

2220 2666 2290 2718 ita
2320 2676 2496 2735 potest
2531 2665 2791 2734 intellvgi;
2846 2666 2969 2735 quia
3010 2680 3133 2721 cum
3179 2677 3366 2721 smnus
3395 2664 3449 2721 in
3496 2667 3817 2736 ptenitentia

2220 2759 2528 2825 constituti,
2564 2766 2616 2813 cl.
2643 2771 2767 2815 ante
2807 2759 2996 2815 oculos
3042 2760 3199 2815 nobis
3245 2758 3499 2831 ponimus
3547 2758 3816 2831 gehennae

2221 2854 2526 2925 infernique
2546 2862 2834 2920 tormenta,
2865 2854 3112 2909 videmus
3142 2856 3311 2921 ipsam
3336 2854 3575 2924 Speciem
3600 2855 3817 2919 mortis.

2220 2946 2285 3001 de
2314 2962 2418 3017 qua
2454 2947 2787 3017 poenitentia:
2832 2947 3097 3002 beneﬁcio
3139 2946 3452 3001 liberamur.
3509 2944 3525 2983 ί
3580 2946 3816 3001 Tantum

2221 3041 2535 3094 memineris
2562 3049 2613 3093 te
2646 3040 2699 3093 in
2742 3038 2951 3095 ancillae
2980 3038 3071 3093 filii
3100 3038 3319 3095 civitate
3354 3055 3514 3110 agere
3546 3041 3820 3110 pteuiteu-

2222 3133 2349 3185 liam
2381 3148 2394 3197 ;
2429 3132 2550 3202 quia
2589 3131 2769 3186 Omnis
2784 3132 2869 3199 qui
2891 3140 3083 3201 peccat,
3116 3146 3288 3186 servus
3314 3143 3383 3186 est
3411 3133 3608 3203 peccati
3630 3131 3813 3203 (locis.

509 3234 671 3276 censa
707 3236 804 3289 per
827 3223 1060 3293 linguam
1098 3235 1244 3280 tuam
1277 3237 1588 3283 sanctorum
1638 3242 1765 3299 Spes
1801 3233 2113 3289 incitabitur

2220 3240 2332 3290 vut,
2366 3225 2497 3293 Si);
2534 3225 2546 3274 i
2584 3236 2638 3279 et
2667 3224 2894 3277 formam
2926 3225 3065 3278 servi
3114 3225 3407 3293 accipiens.
3456 3239 3689 3280 necesse
3731 3236 3817 3280 est

510 3312 575 3365 ad
613 3312 861 3368 fiduciam
886 3316 1215 3385 deprecandi
1245 3336 1259 3384 ;
1292 3320 1415 3389 quin
1448 3331 1783 3387 cognoscent
1814 3330 1867 3376 te
1888 3324 1953 3377 ad
1978 3325 2115 3380 hanc

512 3405 900 3460 necessitatem
930 3445 943 3473 ,
979 3409 1228 3463 utilitatis
1259 3418 1364 3464 tute
1394 3426 1579 3475 causa,
1633 3428 1737 3468 non
1771 3416 1902 3469 vitio
1932 3416 2115 3470 detra-

514 3497 715 3551 ctionis
748 3500 1039 3567 impactum
1071 3519 1083 3553 :
1119 3501 1259 3555 sicut
1290 3503 1555 3569 Absalon,
1592 3520 1695 3560 non
1730 3506 1800 3560 ob
1832 3509 1932 3562 hoc
1964 3522 2120 3579 sege-

514 3601 623 3643 tem
654 3590 792 3645 Joab
824 3592 1103 3659 incendit,
1153 3596 1295 3665 quod
1330 3610 1526 3652 nocere
1559 3599 1721 3653 vellet
1758 3599 1807 3653 ei
1842 3607 2118 3671 tamquam

513 3682 737 3739 inimico
768 3703 780 3749 ;
812 3686 905 3741 sed
958 3697 1017 3742 ut
1069 3692 1148 3743 vel
1178 3693 1258 3745 sic
1302 3692 1369 3745 ad
1400 3692 1777 3749 detrahentem
1810 3694 1913 3751 sibi
1938 3698 2116 3765 respi-

513 3788 664 3832 ceret
697 3822 709 3846 ,
740 3794 899 3848 quem
935 3795 1039 3835 non
1071 3783 1316 3839 audierat
1342 3784 1710 3841 blandientem
1737 3802 1752 3852 ;
1798 3795 1856 3843 et
1895 3788 1966 3843 ita
1997 3787 2121 3857 ejus

516 3871 864 3939 praesentiam
913 3885 1255 3943 mereretur,
1292 3877 1384 3947 qui
1413 3878 1614 3934 Christi
1662 3888 1782 3934 erat
1836 3883 2119 3950 proximus

515 3966 596 4020 vel
627 3966 855 4021 amicus.
890 3966 1115 4023 Fructus
1143 3970 1287 4025 enim
1323 3982 1634 4028 sanctorum
1669 3975 1759 4043 qui
1807 3976 2116 4031 secundum

517 4059 768 4115 homines
817 4071 899 4117 est
930 4063 985 4116 in
1034 4062 1240 4118 hordeo
1266 4107 1281 4131 ,
1317 4076 1422 4120 non
1464 4068 1890 4137 incongruenter
1920 4068 2122 4138 accipi-

517 4161 604 4208 tur
645 4171 660 4209 :
705 4155 795 4225 qui
823 4171 954 4211 vero
992 4158 1287 4212 secundum
1321 4160 1487 4215 Deum
1516 4202 1529 4224 ,
1583 4161 1635 4215 in
1686 4162 1867 4217 tritico
1916 4164 2120 4232 poterit

516 4248 821 4314 aestimari;
867 4251 991 4320 quia
1022 4264 1128 4306 non
1162 4252 1383 4308 dubium
1416 4262 1522 4319 est,
1566 4263 1783 4309 sanctos
1827 4264 2121 4324 utrumque

514 4341 789 4396 seminare
809 4343 1110 4397 secundum
1131 4345 1476 4413 Apostolum,
1512 4346 1833 4417 providentes
1863 4349 1994 4402 bona
2018 4360 2117 4402 non

516 4433 687 4488 solum
716 4450 890 4488 coram
927 4438 1034 4491 Deo
1063 4482 1077 4506 ,
1107 4438 1197 4491 sed
1222 4439 1378 4492 etiam
1407 4456 1579 4492 coram
1611 4441 1902 4494 hominibus
1937 4436 2114 4513 (Rom.

515 4542 614 4592 xu,
649 4527 762 4595 l7).
816 4528 885 4582 Et
937 4531 1057 4584 idco
1104 4531 1341 4585 Absalon
1375 4532 1640 4586 hordeum
1672 4532 1961 4588 finitimum
1991 4535 2117 4600 sibi,

2224 3316 2475 3370 humilius
2518 3316 2748 3385 teipsum
2796 3330 2964 3386 usque
2991 3316 3056 3369 ad
3092 3326 3317 3370 mortem
3352 3315 3632 3387 (Philipp.
3664 3332 3722 3382 ιι,
3757 3318 3813 3380 7,

2220 3408 2295 3478 8).
2332 3408 2423 3461 Est
2442 3406 2649 3462 Gaulon
2673 3407 2726 3460 in
2758 3407 2953 3462 finibus
2975 3409 3240 3473 Manasse,
3269 3425 3387 3477 qua!
3424 3409 3817 3480 interpretatur

2220 3500 2479 3555 volutatio
2505 3539 2521 3566 ,
2571 3510 2631 3556 ut
2664 3512 2717 3555 tu
2746 3500 3059 3556 Inetttiuet‘is
3094 3502 3186 3554 tibi
3220 3501 3270 3554 iu
3316 3500 3494 3556 cilicio
3534 3510 3591 3556 et
3631 3503 3819 3558 cinere

2221 3608 2341 3649 csse
2372 3593 2720 3648 volutandum
2770 3611 2783 3647 :
2838 3604 2892 3648 et
2924 3594 3025 3649 hoc
3056 3594 3109 3648 in
3157 3593 3348 3649 linibus
3379 3594 3627 3649 Manasse
3652 3637 3667 3662 ,
3722 3595 3815 3664 qui

2220 3688 2611 3755 interpretatur
2633 3688 2844 3754 oblivio,
2871 3697 2925 3742 ut
2956 3688 3288 3743 oblivisceus
3317 3704 3381 3743 ea
3408 3702 3530 3758 qua:
3552 3697 3680 3744 aute
3697 3700 3819 3758 ges-

2220 3782 2362 3846 sisti,
2396 3780 2447 3834 in
2480 3781 2657 3850 priora
2691 3789 2742 3835 te
2762 3779 3297 3852 esteudas(PItilipp.
3320 3795 3399 3846 ιιι,
3422 3781 3532 3849 t7).
3565 3781 3664 3835 Hic
3689 3790 3819 3851 ergo

2222 3871 2484 3934 iultabita,
2518 3883 2575 3926 ut
2606 3888 2699 3940 per
2727 3871 3026 3941 angustias,
3058 3879 3288 3926 mortem
3317 3880 3374 3925 et
3403 3871 3814 3937 volutationem;

2223 3968 2356 4021 iram
2390 3968 2756 4036 persecutoris
2796 3966 2996 4020 evadas
3035 3973 3091 4020 et
3128 3979 3279 4033 Spem
3321 3964 3512 4019 salutis
3544 3964 3814 4020 invenias.

2222 4061 2358 4116 Tum
2386 4060 2584 4115 deinde
2613 4060 2665 4114 in
2690 4059 2775 4114 his
2804 4059 2848 4112 si
2879 4057 3010 4129 quid
3041 4058 3243 4112 utiliter
3268 4058 3531 4128 gesseris,
3562 4058 3728 4113 etiam
3748 4056 3817 4110 ad

2222 4153 2395 4208 Cades
2422 4154 2471 4205 itt
2508 4161 2652 4206 terra
2701 4150 3141 4219 repromissionis
3170 4190 3183 4213 ,
3216 4164 3338 4219 quae
3365 4158 3449 4204 est
3486 4150 3536 4203 in
3566 4149 3810 4213 Galilaea,

2225 4245 2427 4315 poteris
2456 4245 2739 4313 pervenire
2765 4261 2777 4296 :
2809 4254 2927 4312 quae
2956 4242 3347 4311 interpretatur
3372 4249 3585 4307 sancta;
3614 4250 3673 4295 ut
3695 4255 3815 4295 cum

2224 4339 2276 4393 in
2313 4337 2661 4392 tribulatione
2711 4351 2847 4407 opus
2897 4335 3263 4403 corruptionis
3305 4334 3602 4402 abjeceris,
3654 4334 3816 4388 etiam

2224 4431 2289 4487 ad
2319 4442 2559 4485 sanctam
2590 4428 2689 4484 tibi
2718 4428 3013 4483 Ecclesium
3046 4426 3315 4481 tribuatur
3344 4428 3596 4481 accessus
3622 4442 3635 4490 ;
3679 4436 3733 4480 et
3762 4426 3813 4479 in

2226 4534 2425 4579 sortem
2456 4521 2800 4592 Nepltthalim
2829 4563 2843 4586 ,
2890 4537 3011 4590 qua:
3039 4518 3240 4573 dicitur
3274 4519 3390 4571 vitis
3423 4516 3637 4572 remissa
3661 4516 3817 4589 (Gen.

514 4614 566 4674 id
600 4631 706 4688 εει,
740 4622 1214 4678 Conversationem
1267 4639 1388 4694 qua:
1444 4623 1588 4679 inter
1633 4622 1880 4681 homines
1923 4626 2119 4697 ageba—
2145 4628 2199 4688 1)
2224 4638 2365 4687 xm,
2398 4620 2512 4695 21),
2546 4628 2601 4676 ιιι
2630 4620 2698 4675 de
2726 4626 3069 4674 sacramento
3097 4616 3353 4671 dominici
3384 4613 3665 4683 sanguinis
3696 4629 3816 4685 par-

511 4720 600 4768 tnr
625 4755 639 4781 ,
676 4712 919 4772 incendit
962 4734 976 4771 :
1028 4718 1093 4772 ad
1124 4715 1254 4773 illud
1282 4734 1415 4774 vero
1450 4716 1594 4787 quod
1622 4734 1805 4774 coram
1858 4719 1970 4775 Deo
2009 4728 2114 4787 est,

584 4898 609 4927 ³
647 4890 795 4966 inter
839 4894 1015 4950 ofﬁcia
1068 4895 1383 4964 paenitentis
1414 4896 1780 4952 Tertulliauus
1829 4911 1948 4966 cap.
1981 4894 2014 4951 9
2043 4895 2111 4951 de

508 4960 709 5039 Ριιθιιίιἶ
738 4960 1147 5039 commemorat,
1183 4968 1419 5020 omnibus
1450 4966 1697 5036 fratribus
1723 4960 1999 5039 legationes
2023 4968 2111 5020 de-

510 5034 828 5110 precationis
876 5052 983 5089 sua!
1032 5039 1321 5110 iujungere.
1378 5034 1457 5091 Et
1488 5040 1623 5093 libro
1669 5034 1917 5108 ejusdem
1966 5038 2110 5094 tituli

509 5104 799 5181 Pacianus,
834 5104 1115 5181 multorum
1146 5104 1381 5180 precibus
1400 5111 1675 5181 adjuvari.

581 5175 715 5253 b_lta_
741 5176 917 5253 Gryn.
950 5187 1005 5232 et
1033 5175 1222 5234 Ambr.
1259 5180 1410 5251 Apud
1437 5175 1707 5252 Biguteum
1738 5183 1797 5237 τὸ
1838 5196 1931 5253 pro
1959 5183 2113 5235 meri-

508 5250 572 5303 tis
599 5249 963 5304 desideratur.

582 5333 604 5360 ο
625 5319 701 5394 Ita
732 5321 859 5377 editi
883 5338 897 5388 ;
917 5319 1344 5394 Ambrosianus,
1372 5338 1438 5376 ex
1457 5334 1687 5392 septem:
1717 5338 1821 5394 qua
1847 5322 1917 5379 de
1943 5340 2001 5381 re
2032 5324 2111 5379 ιἰιο

503 5392 617 5446 sius
642 5392 873 5449 Dissert.
906 5392 963 5459 ἓ,
998 5407 1116 5461 cap.
1161 5394 1206 5444 l.

577 5462 600 5501 ἀ
636 5463 877 5519 PeSsime
908 5465 1090 5534 iiigu.,
1120 5464 1175 5535 in
1204 5466 1591 5535 opportunitate
1620 5474 1781 5521 tuam.

580 5546 603 5573 ε
638 5536 825 5589 Anthr.
859 5537 1025 5591 addit.
1063 5553 1074 5589 :
1126 5534 1190 5587 Et
1223 5534 1406 5609 manus
1437 5536 1705 5609 iniquitate
1732 5553 1867 5609 swpe
1894 5554 1985 5609 per
2011 5539 2112 5593 lin-

504 5609 870 5677 guamiusistit
896 5609 945 5660 iu
982 5609 1241 5680 membris.
1281 5607 1442 5661 Paulo
1473 5608 1632 5662 aliter
1651 5607 1846 5680 Gryn.,
1882 5607 1946 5664 Et
1966 5626 2115 5663 mun-

507 5680 606 5748 dus
636 5680 924 5744 iniquitatis
955 5691 1045 5733 est.
1100 5678 1204 5731 Per
1247 5680 1481 5748 linguam
1529 5678 1740 5733 constat
1765 5684 1818 5734 in
1850 5680 2109 5735 membris.

586 5746 605 5784 ί
657 5748 809 5818 Bign.
840 5792 852 5808 ,
905 5752 1136 5817 proxime
1177 5746 1349 5805 suum.
1426 5750 1708 5819 Scriptura
1773 5752 2113 5807 Ambrosiaui

510 5830 671 5888 quam
715 5821 1026 5897 sequimur,
1091 5822 1419 5880 conﬁrmare
1477 5822 1688 5879 videtur
1736 5827 2111 5897 conjecturam

2227 4717 2453 4786 ticipare
2485 4713 2766 4769 mercaris.
2819 4709 2925 4767 Sed
2957 4724 3057 4765 uec
3089 4704 3307 4765 lleltron
3339 4708 3515 4763 aditus
3544 4705 3643 4761 tibi
3670 4707 3818 4761 clau-

2219 4891 2593 4959 'l‘illemontii,
2656 4891 2822 4947 fuisse
2884 4890 3179 4969 nimirum,
3237 4885 3327 4958 qui
3389 4886 3656 4942 monacho
3713 4903 3813 4969 nu-

2220 4972 2358 5033 ptias
2395 4965 2686 5019 suaderent
2726 4978 2849 5018 cum
2896 4961 3107 5032 virgine
3150 4970 3426 5029 corrupta,
3476 4970 3530 5013 ut
3574 4961 3814 5028 parentis

2220 5038 2354 5092 iram
2381 5037 2675 5091 emolliret.

2294 5119 2316 5156 s
2346 5108 2502 5176 Βίης.
2551 5109 2700 5160 citra.
2737 5105 2923 5158 Anthr.
2958 5113 3158 5157 contra.
3205 5102 3313 5156 Cur
3343 5114 3594 5158 neutrum
3624 5117 3809 5172 sequa-

2220 5196 2362 5237 mur.
2396 5181 2630 5233 diximus
2661 5179 2797 5231 Diss.
2830 5177 2877 5234 i.
2912 5190 3033 5245 cap.
3066 5177 3116 5238 7,
3153 5188 3272 5243 pag.
3301 5190 3415 5229 th.

2296 5249 2319 5287 ¹¹
2377 5251 2490 5304 lloe
2519 5265 2677 5304 sensu
2717 5248 2936 5302 Veteres
2972 5246 3242 5315 accipiunt
3272 5246 3435 5301 verba
3465 5244 3706 5313 Apostoli
3748 5246 3813 5300 de

2216 5323 2523 5383 Corinthio,
2568 5336 2729 5390 quem
2761 5336 2819 5373 se
2848 5318 3066 5373 dedisse
3093 5318 3170 5371 ait
3198 5317 3415 5390 Samnio
3460 5319 3509 5369 in
3551 5316 3814 5390 interitum

2217 5395 2407 5450 carnis.
2464 5387 2610 5447 Inter
2659 5392 2759 5469 ltus
2806 5391 3011 5469 eminet
3049 5399 3274 5469 gzmctus
3330 5387 3814 5469 Zepltyri‘nus...in

2217 5481 2375 5537 quem
2414 5464 2611 5537 frustra
2641 5463 3004 5518 debacchatur
3049 5460 3418 5515 Tertullianus
3459 5463 3524 5514 de
3556 5458 3813 5513 Pudicitia

2218 5553 2337 5594 Cat).
2376 5536 2467 5591 l3.

2556 5606 2725 5660 Donec
2758 5604 3066 5659 memineris.
3098 5602 3283 5659 Melior
3307 5604 3423 5657 visa
3446 5611 3530 5657 est
3552 5602 3815 5672 scriptura

2218 5681 2423 5735 codicis
2454 5680 2647 5733 nostri.

2296 5754 2308 5802 i
2353 5750 2444 5806 llas
2485 5767 2606 5818 qua:
2637 5764 2741 5804 non
2778 5756 2997 5805 exstant
3028 5748 3080 5801 in
3109 5748 3296 5801 Anthr.
3344 5746 3578 5803 libenter
3616 5760 3817 5818 expun-

2218 5838 2425 5893 gerem.
