4074 6204
291 363 434 419 ili-3

1083 360 1286 416 LIBER
1331 359 1420 414 AD
1457 357 1880 430 JANUARIUII,
1923 361 2011 415 DE
2053 355 2544 414 REPABATIONE
2583 355 2804 413 LAPSI.

3420 385 3422 390 ·
3448 357 3589 414 1051

289 479 472 546 datur,
504 493 628 550 qua:
657 478 1044 548 interpretatur
1067 477 1384 548 conjunctia,
1417 477 1532 531 sive
1556 475 1879 548 confugium.
1913 485 1956 543 Α
1991 476 2106 544 ipse
2137 474 2232 532 tibi
2264 481 2439 529 tortor
2461 473 2662 529 exsiste
2691 490 2706 539 ;
2745 485 2801 528 ιιι
2831 491 2953 529 cum
2986 475 3237 540 venerit,
3269 474 3398 528 nihil
3463 490 3592 529 nve-

289 573 617 629 Revertatur
645 572 793 627 enim
821 572 998 626 anima
1030 579 1118 625 tua
1150 569 1218 625 ad
1250 569 1422 624 virum
1452 585 1606 623 suum
1635 609 1649 633 ,
1695 569 1748 623 id
1779 576 1883 635 est,

288 665 357 720 ad
383 665 636 735 spiritum
667 664 803 731 Dei,
848 677 879 717 a
910 679 1018 733 quo
1067 678 1164 732 pro
1218 670 1462 731 tempore
1513 659 1885 730 peccaminum

289 757 466 814 fuerat
495 768 522 795 ιι
553 755 795 812 viduata.
827 755 1025 825 Sicque
1064 755 1226 811 etiam
1255 763 1463 809 sextam
1493 753 1769 808 civitatein
1797 753 1882 807 Si-

286 851 450 905 chem
477 861 637 920 quam
659 847 866 918 Joseph
897 857 1084 903 noster
1111 848 1161 902 in
1195 845 1567 902 [nereditatem
1598 844 1886 915 consequi-

286 953 396 1009 tur,
425 940 454 980 δ
484 950 708 1012 propter
733 941 876 1011 quod
908 941 977 997 ibi
1010 940 1253 1010 sepultus
1275 948 1380 1006 est,
1413 938 1620 995 valebis
1647 939 1882 992 intrare:

285 1050 408 1106 quas
436 1036 835 1106 interpretatur
861 1035 1126 1102 numerus,
1169 1037 1286 1089 sive
1318 1034 1463 1088 labor
1489 1051 1506 1098 ,'
1538 1043 1595 1088 ut
1625 1032 1884 1087 ostendas

286 1138 340 1184 to
385 1141 480 1199 per
509 1128 755 1184 laborem
785 1128 1116 1198 pcenitentia:
1143 1170 1159 1194 ,
1205 1127 1273 1181 ab
1319 1141 1507 1206 errore
1555 1138 1643 1179 tuo
1682 1125 1885 1180 Christi

285 1221 528 1278 humeris
555 1231 893 1291 reportatum
925 1221 1080 1294 (Luc.
1105 1237 1196 1290 xv,
1228 1221 1292 1293 4)
1321 1267 1330 1285 ,
1365 1232 1413 1276 et
1443 1220 1758 1291 adjunctum
1788 1238 1883 1274 no-

283 1313 502 1384 naginta
524 1329 719 1369 novem
741 1314 954 1380 ovibus,
977 1313 1339 1383 effectumque
1362 1317 1740 1379 centesimum,
1756 1315 1883 1384 quia

285 1405 401 1474 ipsa
433 1406 650 1462 Sic-hem
681 1406 751 1462 ab
788 1407 1114 1476 alienigenis
1159 1416 1376 1463 centum
1427 1409 1580 1479 agnis
1625 1408 1883 1463 scribitur

286 1509 599 1569 comparata
631 1498 783 1572 (Gen.
809 1516 1005 1568 χχχιιι,
1041 1502 1153 1570 19).

357 1592 444 1647 16.
492 1591 598 1648 Sed
641 1607 740 1646 cur
769 1633 784 1658 ,
837 1591 1004 1647 frater
1030 1635 1043 1658 ,
1096 1591 1272 1647 adhuc
1297 1593 1569 1663 jacentem
1616 1600 1668 1647 te
1697 1602 1883 1661 torpor

281 1685 560 1740 delectat?
600 1685 797 1755 Surge,
845 1685 970 1756 quia
1017 1685 1263 1741 medicus
1307 1684 1556 1752 advenit,
1607 1685 1700 1756 qui
1750 1685 1881 1739 dicit

278 1777 546 1832 secundas
587 1792 712 1832 esse
759 1777 1073 1846 putredines
1103 1787 1478 1848 peccatorum,
1511 1789 1566 1833 et
1598 1788 1719 1847 pust
1767 1777 1883 1834 haec

1993 571 2122 635 uiat,
2153 577 2178 616 κ
2209 567 2354 638 quod
2379 568 2431 622 in
2459 575 2516 623 te
2542 567 2714 638 possit
2741 568 2935 638 punire
2969 567 3240 624 inimicus.
3290 566 3349 623 Si
3375 574 3591 624 venerit

1991 663 2259 732 passionis
2288 661 2525 726 occasio,
2577 671 2850 718 memento
2899 661 3134 732 qualiter
3163 660 3259 718 tibi
3297 661 3400 717 sub
3427 661 3590 732 Regis

1991 757 2065 811 tui
2105 757 2396 827 praesentia
2423 755 2792 810 dimicandum
2821 755 2914 822 sit,
2967 765 3027 810 ut
3056 756 3266 826 culpam
3298 755 3593 812 emendare

1996 849 2172 918 possis
2202 847 2504 903 desertoris
2533 858 2586 901 et
2613 849 2802 917 refugi.
2855 847 2911 904 Si
2940 861 3068 902 vero
3100 846 3327 902 forsitan
3357 845 3591 903 defuerit

1989 943 2152 1012 hujus
2181 943 2458 998 felicitatis
2488 943 2728 1006 occasio,
2760 943 2876 1014 ipse
2907 943 3223 1015 tibimetipsi
3265 953 3388 998 tuus
3430 952 3586 1014 pote-

1989 1037 2062 1092 ris
2089 1053 2212 1093 esse
2245 1046 2565 1107 persecutor
2611 1054 2624 1102 ;
2655 1045 2736 1105 ut,
2766 1037 2906 1092 sicut
2933 1036 3228 1106 Apostolus
3250 1037 3386 1092 dixit
3405 1037 3584 1110 (Rom.

1988 1144 2086 1194 χιι,
2123 1128 2200 1200 1),
2237 1128 2262 1164 ἰ
2294 1145 2388 1198 per
2416 1144 2632 1184 omnem
2663 1139 2894 1184 mortem
2925 1129 3224 1184 constituas
3250 1136 3303 1184 te
3330 1128 3466 1184 Deo.
3500 1128 3558 1183 In

1985 1223 2213 1294 gradere
2245 1223 2560 1278 monasterii
2590 1226 2663 1277 tui
2695 1236 2968 1277 carcerem
2995 1237 3011 1287 ;
3035 1229 3089 1277 et
3119 1222 3370 1277 tenebras
3399 1221 3588 1276 solitu-

1987 1313 2128 1368 diuis
2154 1315 2348 1385 quibus
2376 1313 2442 1367 ad
2484 1314 2660 1369 lucem
2709 1312 2972 1383 perditam
3001 1311 3275 1367 revoceris
3294 1351 3308 1376 ,
3337 1313 3584 1382 exquire.

1987 1407 2069 1461 Sit
2110 1408 2205 1462 tibi
2255 1407 2424 1462 fames
2457 1423 2554 1476 pro
2589 1407 2604 1444 ί
2647 1407 2793 1478 gula,
2841 1407 3070 1478 sitisque
3114 1422 3209 1476 pro
3238 1405 3454 1461 ﬂamma
3482 1423 3497 1472 ;
3530 1417 3588 1462 ut

1988 1517 2150 1555 manu
2179 1499 2453 1556 carniﬁcis
2483 1500 2801 1568 voluntatis,
2851 1515 2946 1569 per
2993 1499 3329 1555 abstinentia:
3368 1514 3587 1570 pinnam

1986 1605 2258 1648 costarum
2289 1607 2553 1662 compago
2581 1591 2778 1647 nudata
2803 1591 3103 1647 visceribus
3124 1593 3191 1646 sit
3219 1608 3233 1657 ;
3265 1600 3322 1648 et
3342 1607 3443 1662 pro
3458 1607 3588 1662 sup-

1987 1683 2148 1755 plicio
2174 1684 2311 1755 ignis
2339 1685 2578 1740 internas
2615 1684 2820 1739 ossium
2853 1683 3116 1740 medullas
3141 1684 3292 1740 dura:
3333 1686 3451 1740 sitis
3484 1686 3584 1742 de-

1988 1777 2524 1846 pascatincendium.
2553 1777 2632 1833 Sit
2663 1778 2757 1832 libi
2786 1777 2963 1848 vigilia
2993 1777 3460 1834 velntolfiriorum
3484 1797 3582 1836 cu-

280 1863 575 1924 curandam
608 1870 818 1940 plagam
850 1868 1017 1940 ipsius
1045 1869 1336 1925 cicatricis.
1360 1869 1499 1938 Quid
1526 1872 1882 1938 expavescis?
1915 1883 1960 1942 Β
1989 1869 2162 1924 studia
2188 1870 2280 1938 pul
2298 1869 2528 1925 iicornm
2559 1886 2574 1935 ;
2601 1885 2665 1925 ac
2692 1870 2833 1926 sicut
2855 1882 3043 1926 catena
3071 1871 3290 1941 rigentis
3321 1874 3470 1942 lerri,
3505 1873 3586 1929 sic

279 1961 418 2030 Quid
452 1962 654 2033 refugis
693 1963 924 2018 curam?
965 1964 1065 2032 Qui
1116 1963 1326 2019 hastam
1361 1975 1381 2002 ε
1412 1965 1709 2019 ισίιιιιιιιιιι)
1760 1981 1879 2035 qua:

281 2060 669 2110 sescentorum
696 2053 951 2110 siclorum
978 2055 1220 2125 pondere
1247 2065 1616 2126 priegravatur
1652 2057 1670 2128 (
1693 2056 1715 2111 l
1745 2055 1876 2128 Reg.

281 2163 416 2212 χχιι,
450 2147 531 2218 7),
562 2163 904 2218 nequaquam
939 2149 1147 2205 veritus
1173 2167 1254 2215 es;
1285 2167 1383 2206 cur
1409 2152 1740 2221 subterfugis
1767 2155 1882 2208 cul-

278 2243 439 2298 tellos
469 2241 767 2312 evangelici
797 2245 1267 2313 ferramenti?Qui
1290 2247 1470 2317 ignem
1504 2248 1705 2303 inimici
1728 2249 1881 2303 llam-

279 2351 510 2406 masque
534 2348 826 2407 perpessus
843 2355 926 2405 es,
957 2355 1057 2394 cur
1080 2340 1259 2411 ignem
1294 2342 1528 2407 Domini,
1555 2341 1697 2396 hunc
1719 2358 1880 2413 quem
1918 2377 1927 2386 -

279 2432 430 2486 venit
461 2433 676 2487 mittere
700 2433 756 2487 in
781 2442 983 2488 terrain
1018 2432 1170 2505 (Luc.
1202 2450 1296 2501 χιι,
1328 2435 1441 2506 49),
1475 2438 1564 2506 qui
1595 2447 1882 2493 consumet

278 2525 488 2589 fenum,
524 2533 580 2579 et
605 2525 884 2594 stipulam,
918 2535 976 2581 et
1001 2527 1139 2596 ligna
1172 2527 1224 2598 (l
1253 2526 1374 2581 Cor.
1407 2539 1490 2595 ιιι,
1523 2528 1627 2598 12)
1653 2570 1666 2594 ,
1694 2529 1882 2582 fortui-

278 2617 424 2674 das?
463 2618 737 2675 Absclnde
778 2635 808 2673 a
861 2628 912 2676 te
940 2617 967 2656 ἀ
1002 2630 1213 2691 putrem
1243 2623 1658 2677 consuetudinis
1687 2624 1879 2677 volun-

281 2720 444 2767 tatem
472 2729 484 2764 :
507 2727 606 2768 ure
631 2727 792 2768 renes
816 2725 937 2767 tuos
957 2723 1012 2768 et
1040 2729 1136 2768 cor
1163 2723 1348 2781 tuum;
1378 2715 1576 2770 damna
1607 2715 1882 2770 inimicam

281 2814 428 2860 tuam
451 2804 695 2872 corporis
726 2807 986 2876 speciem,
1018 2821 1114 2877 per
1137 2822 1297 2878 quam
1327 2818 1420 2863 aut
1467 2810 1582 2879 ipse
1624 2808 1884 2879 deceptus

281 2913 363 2961 es,
394 2907 487 2950 aut
516 2896 652 2952 alios
675 2897 960 2966 deccpisti.
997 2898 1267 2953 llorreant
1291 2910 1315 2937 ε
1345 2901 1615 2954 exinanita
1641 2901 1883 2956 membra

277 2989 512 3058 jcjuni‘u,
542 3001 594 3041 et
624 2989 858 3043 cilicium
891 2989 1036 3060 quod
1066 2989 1284 3045 sordida
1332 2991 1543 3048 ratione
1588 2993 1878 3062 pollucras,

283 3095 385 3148 pro
409 3081 644 3151 tegmine
675 3079 874 3136 habere
906 3093 1227 3156 consuescas
1253 3099 1268 3147 ;
1297 3091 1355 3137 ιιι
1373 3097 1494 3138 cum
1517 3092 1747 3138 attactus
1767 3085 1886 3153 ejus

282 3182 447 3243 atque
493 3173 786 3242 asperitate
818 3175 1204 3244 compungeris
1231 3216 1248 3241 ,
1290 3189 1505 3246 semper
1537 3187 1883 3246 peccatorum

1983 1962 2192 2016 duriori
2239 1962 2635 2018 consuetudine
2682 1973 2737 2017 et
2767 1962 2886 2032 lege
2915 1963 3262 2029 constrictus,
3315 1965 3417 2019 sub
3447 1966 3584 2020 ima-

1982 2057 2111 2126 gine
2139 2057 2384 2127 martyrii
2423 2059 2634 2111 veniam
2665 2057 3056 2112 misericordia:
3106 2057 3349 2114 caelestis
3395 2074 3589 2128 exSpes

1985 2160 2093 2204 cta.
2127 2149 2242 2217 Eia,
2273 2150 2356 2204 eia
2386 2150 2514 2219 quid
2539 2150 2794 2206 dubitas?
2825 2150 3035 2206 Sealam
3066 2151 3212 2206 illam
3235 2151 3405 2207 Jacob
3425 2151 3583 2225 (Gen.

1988 2256 2177 2308 xxvut,
2215 2241 2303 2311 12)
2335 2242 2476 2296 unde
2501 2243 2682 2311 lapsus
2703 2258 2783 2307 es,
2813 2243 2941 2297 dum
2975 2243 3106 2298 velis
3133 2245 3459 2310 ascendere,
3491 2245 3588 2300 ad-

1985 2334 2093 2389 huc
2119 2335 2292 2406 posita
2321 2335 2668 2406 nondumque
2694 2335 2972 2390 subtracta
3003 2347 3082 2392 est
3119 2355 3132 2390 :
3163 2345 3216 2392 et
3247 2337 3372 2392 licet
3394 2339 3445 2392 in
3477 2338 3587 2392 rui-

1984 2446 2049 2484 na
2086 2439 2174 2485 tua
2203 2430 2382 2485 omnia
2429 2431 2670 2486 [nenibra
2710 2431 3001 2495 colliseris,
3047 2441 3225 2488 tamen
3257 2433 3450 2488 iterum
3487 2447 3583 2488 co-

1986 2541 2115 2579 nare
2142 2527 2480 2580 ascendere:
2511 2536 2566 2579 et
2601 2527 2775 2581 donec
2814 2528 3002 2582 venias
3046 2528 3112 2581 ad
3160 2527 3309 2581 illum
3357 2528 3584 2598 gradum

1985 2615 2131 2670 unde
2155 2616 2427 2680 cecidisti,
2461 2615 2678 2671 fortiter
2706 2627 2756 2672 te
2785 2633 2938 2672 serva
2985 2627 3147 2688 atque
3175 2620 3391 2674 custodi
3417 2636 3432 2685 ;
3463 2621 3587 2690 quia

1986 2707 2114 2764 licet
2144 2709 2387 2764 lubricus
2416 2709 2487 2764 sit
2513 2710 2690 2764 omnis
2712 2723 2990 2778 ascensus,
3021 2720 3199 2767 tamen
3227 2711 3318 2766 ille
3335 2713 3446 2767 cito
3467 2728 3588 2768 ver-

1986 2802 2063 2871 git
2093 2816 2155 2856 ae
2190 2801 2372 2871 dejicit
2405 2803 2458 2857 in
2491 2801 2836 2871 profundum.

2061 2896 2150 2950 17.
2192 2895 2299 2952 Sed
2348 2894 2580 2951 fortasse
2629 2895 2804 2961 dicas,
2837 2897 2960 2964 quia
2994 2911 3147 2952 more
3180 2897 3580 2954 Pharisaorum
3647 2967 3652 2971 _

1989 2989 2264 3057 imponam
2315 2989 2496 3056 gravia
2546 3004 2711 3044 onera
2761 3005 2928 3058 super
2965 2991 3224 3046 humeros
3275 2992 3580 3060 hominum,

1988 3093 2044 3136 et
2077 3083 2192 3150 ipse
2225 3082 2395 3152 digito
2415 3095 2539 3136 meo
2570 3083 2736 3136 nolim
2759 3084 3078 3154 contingere
3095 3097 3156 3138 ea
3182 3084 3401 3156 (Matth.
3430 3100 3584 3153 χχιιιι

1990 3178 2070 3245 4).
2107 3176 2272 3240 Ecce,
2308 3175 2494 3244 frater,
2525 3178 2649 3245 quia
2698 3178 2855 3232 nobis
2887 3177 2902 3228 i
2938 3177 3153 3246 iurandi
3195 3178 3407 3232 licentia
3453 3194 3580 3248 pro-

283 3277 498 3322 tnorum
526 3268 779 3322 stimulos
809 3268 1142 3324 recorderis.
1183 3268 1199 3307 ί
1235 3270 1415 3326 Timet
1461 3271 1513 3325 in
1559 3283 1609 3325 te
1655 3271 1883 3327 vitulum
1912 3277 1958 3338 Ο
1994 3270 2210 3330 hibetur
2238 3269 2456 3341 (Matth.
2487 3285 2539 3334 v,
2569 3270 2685 3339 37),
2719 3270 2765 3326 si
2797 3270 2926 3340 quid
2956 3269 3267 3325 infelicitati
3298 3284 3432 3325 mea:
3463 3284 3581 3326 cre-

286 3373 434 3416 tuunt
467 3360 677 3431 Moyses
707 3359 904 3432 (Exod.
936 3378 1112 3427 χχχιι,
1143 3363 1212 3418 (ἑο
1239 3362 1290 3433 ),
1325 3381 1419 3433 per
1449 3381 1608 3434 quem
1640 3365 1882 3418 luxuria-

285 3464 371 3507 tus
402 3467 462 3506 es
492 3454 544 3508 in
566 3468 750 3507 eremo
775 3469 789 3518 ;
816 3455 1008 3523 idest,
1036 3471 1258 3510 carnem
1284 3467 1426 3510 tuam
1451 3459 1584 3524 legis
1605 3458 1879 3528 acjejunii

285 3545 571 3614 disciplina
602 3545 875 3611 conﬁciat,
907 3557 966 3601 ut.
993 3547 1060 3601 ad
1093 3548 1322 3602 mbilum
1353 3550 1571 3603 redacta
1605 3559 1880 3604 tenuetur.

285 3638 490 3708 Legisti
517 3680 532 3704 ,
579 3637 745 3692 credo
795 3657 809 3692 :
854 3637 1170 3704 lruscimini,
1201 3650 1251 3694 et
1280 3641 1437 3694 nolite
1465 3657 1674 3710 peccare
1704 3641 1879 3712 (Psai.

280 3748 359 3798 tv,
393 3731 468 3802 5).
504 3733 578 3787 Ita
609 3742 664 3788 et
693 3741 747 3788 tu
776 3733 1014 3789 irascere
1058 3734 1298 3804 peccatis
1325 3735 1431 3790 tuis
1455 3777 1469 3798 ,
1499 3745 1555 3788 ut
1589 3736 1729 3788 ultra
1773 3752 1882 3790 non

283 3841 498 3896 pecces.
532 3827 776 3882 Praeveni
803 3827 1014 3882 ultricis
1038 3827 1311 3899 gehenna:
1337 3843 1480 3883 saeva
1512 3838 1806 3896 tormenta,
1833 3837 1890 3884 et

353 4112 380 4140 ι
410 4100 605 4156 Veram
634 4098 924 4154 lectionem
958 4097 1294 4166 restituimus
1319 4113 1424 4166 ope
1452 4095 1659 4152 codicis
1693 4095 1884 4150 Ambr.

283 4173 451 4230 Simili
481 4169 650 4227 utitur
679 4169 933 4238 allegoria
986 4168 1139 4222 Philo
1168 4163 1386 4238 Judtcus
1417 4168 1468 4223 in
1509 4169 1646 4222 libro
1669 4211 1682 4230 ,
1735 4168 1889 4233 Quod

282 4246 390 4298 det.
425 4249 531 4315 pot.
564 4245 664 4295 ins.
697 4237 856 4315 Solent
894 4251 1015 4312 pag.
1041 4241 1167 4315 161.
1215 4237 1439 4295 Veteres
1485 4240 1758 4315 editiones
1792 4240 1887 4292 ha-

280 4311 434 4381 bent,
470 4315 756 4387 judicata._
783 4311 979 4387 Obiter
1019 4314 1252 4387 observo
1297 4323 1483 4387 vocetn
1533 4311 1885 4387 peccaminum

282 4381 500 4456 placere
544 4385 792 4454 llispanis
837 4383 1191 4453 scriptoribus
1223 4401 1234 4456 ξ
1269 4383 1466 4456 sa-pius
1515 4400 1559 4456 a_
1585 4381 1882 4456 Pruden_ti0

279 4452 594 4526 usurpatur,
622 4452 980 4525 eamdemque
1007 4466 1196 4508 noster
1225 4453 1360 4507 infra
1395 4454 1588 4522 repetit
1613 4452 1879 4526 litim.gi.

280 4528 337 4584 in
372 4524 555 4583 libello
579 4524 902 4581 Orationem
926 4527 1157 4582 Gothico
1207 4527 1443 4594 liispano
1480 4539 1603 4596 p-ig.
1635 4525 1728 4588 ‘24,
1765 4524 1884 4580 Vir-

281 4601 390 4669 gini
421 4600 602 4653 Maria:
627 4612 818 4669 preces
839 4597 1179 4660 deferuntur,
1207 4608 1264 4650 ut
1287 4614 1316 4650 a
1342 4598 1454 4651 Deo
1471 4598 1626 4651 nobis
1645 4596 1884 4652 obtineat

281 4671 636 4743 peccaminum
667 4669 1063 4725 remissionem.

355 4742 382 4782 δ
433 4743 570 4798 Male
619 4743 790 4812 Gryu.
822 4750 968 4810 pater
1003 4740 1163 4811 quod,
1197 4748 1306 4812 etc.
1368 4736 1735 4812 EodemAloco
1770 4736 1886 4809 (ait

281 4825 502 4870 sanctus
557 4808 914 4883 Hieronymus
943 4808 1150 4876 Quaest.
1193 4810 1375 4883 Hebr.
1443 4811 1494 4864 in
1529 4809 1690 4883 JGen.
1725 4808 1753 4883 )7
1782 4808 1883 4862 ’se-

279 4885 457 4957 pultas
504 4896 576 4940 est
617 4879 810 4952 Ioseph
837 4925 851 4948 ,
903 4892 951 4934 et
997 4882 1321 4936 mausoleum
1358 4883 1472 4952 ejus
1516 4879 1589 4934 ibi
1631 4879 1885 4951 hodieque

279 4959 530 5011 cernitur.

356 5039 378 5067 ο
421 5028 613 5082 Ambr.
651 5025 723 5079 ita
753 5025 914 5092 legit:
962 5021 1177 5092 Yulgati
1221 5021 1343 5078 libri
1376 5021 1722 5076 zaboliticam.
1758 5023 1880 5077 για.

280 5107 396 5153 not.
425 5100 459 5151 εὶ
489 5095 769 5151 Bosweidi
803 5095 854 5148 in
879 5094 1056 5149 sancti
1085 5093 1473 5164 Pauliniepist.
1497 5093 1562 5146 ad
1592 5093 1878 5161 Seu-rum,

280 5170 530 5236 aliosque
552 5169 778 5236 passim.

353 5236 380 5277 ἀ
407 5239 678 5309 Optimam
727 5238 946 5310 Grynei
989 5239 1317 5308 scripturam
1371 5236 1674 5308 sequimur.
1719 5237 1878 5292 Amb.

280 5328 389 5368 non
420 5311 585 5374 male,
607 5311 856 5381 putrida.

358 5395 380 5422 θ
422 5379 655 5439 Sanctus
703 5380 1023 5434 Ambrosius
1076 5380 1144 5434 de
1192 5381 1370 5446 Lapsa
1426 5379 1652 5447 virginis
1691 5394 1882 5433 conse-

282 5467 450 5512 crata:
473 5470 592 5524 cap.
618 5453 675 5518 9,
701 5469 853 5507 num.
885 5453 956 5508 40
978 5471 990 5506 :
1023 5449 1180 5524 Petas
1201 5451 1337 5504 ultro
1358 5467 1635 5524 carcerein,
1661 5452 1882 5504 obstrin-

284 5544 374 5598 gas
437 5523 646 5598 catenis
677 5525 900 5587 viscera,
948 5523 1180 5576 animam
1227 5523 1688 5598 tuom-gemitibus
1735 5525 1881 5598 jeju_—

284 5592 483 5663 niisquc
509 5597 714 5664 crucis;
744 5607 1036 5650 sanctoruttt
1067 5604 1208 5665 petas
1237 5593 1532 5665 auxilium;
1561 5595 1741 5665 jaceas
1785 5592 1879 5647 sub

283 5667 501 5740 pedibus
541 5670 842 5740 electorum.
877 5665 1006 5722 Haec
1040 5664 1357 5735 p'mnitentis
1385 5664 1563 5718 ot‘licia
1591 5664 1765 5719 fusius
1785 5679 1880 5720 ex-

285 5739 450 5810 plicat
478 5739 813 5794 Bachiarius.

365 5811 381 5849 ί
424 5811 750 5879 Corruptam
777 5810 932 5879 Bign.
958 5810 1249 5866 lectionem
1273 5809 1594 5864 retinemus.
1621 5805 1874 5879 Ambros.

290 5880 456 5938 liniet.
488 5876 629 5955 Lege
660 5876 992 5949 comminuat,
1021 5891 1215 5953 tenuat,
1249 5890 1358 5939 etc.
1385 5881 1532 5937 -ιιι
1552 5876 1743 5938 codice
1775 5878 1875 5935 Va-

1985 3365 2090 3431 dis,
2139 3366 2382 3434 spondeo
2434 3365 2733 3419 secundum
2786 3362 2811 3401 k
2870 3363 3300 3419 miscricordiam
3351 3363 3588 3432 Domini,

1987 3457 2145 3526 hujus
2162 3474 2248 3512 me
2270 3457 2474 3512 lab0ris
2491 3472 2651 3525 quem
2680 3457 2904 3524 suadeo,
2928 3457 3064 3512 velle
3085 3472 3207 3512 esse
3230 3457 3543 3527 participem
3566 3474 3582 3514 :

1984 3548 2321 3604 Consortium
2355 3563 2484 3604 vero
2517 3558 2697 3615 tuum,
2727 3549 2959 3620 cupidus
2983 3550 3174 3604 salutis
3209 3561 3314 3603 tua:
3357 3565 3464 3605 non
3497 3564 3586 3605 so-

1986 3643 2094 3696 lnm
2128 3645 2340 3713 iugero,
2369 3642 2466 3698 sed
2497 3645 2661 3698 etiam
2691 3642 2859 3697 oﬂcro
2887 3658 2899 3694 :
2957 3657 3021 3698 ac
3049 3644 3094 3696 si
3127 3655 3185 3698 tu
3213 3644 3278 3696 ad
3331 3658 3431 3698 nos
3476 3644 3587 3697 t'or-

1987 3745 2134 3790 tasse
2172 3735 2359 3789 venire
2384 3735 2755 3801 contundet-is,
2790 3735 3019 3799 manda;
3067 3747 3120 3790 et
3150 3751 3251 3806 ego
3284 3735 3350 3790 ad
3376 3736 3584 3790 ducen-

1987 3828 2118 3883 dum
2148 3837 2197 3883 te
2215 3829 2335 3883 sine
2353 3827 2618 3884 dilatione
2645 3829 2973 3898 properabo.
2997 3828 3228 3883 ilorreat
3249 3827 3584 3884 consortium

1991 4097 2173 4151 ticano
2201 4093 2345 4150 5851
2373 4094 2582 4150 diserte
2612 4093 2878 4166 scriptum
2907 4106 3014 4162 est,
3041 4113 3228 4165 LIIE‘I‘,
3263 4098 3472 4154 scilicet
3506 4110 3590 4154 at-

1991 4177 2142 4227 terat.
2177 4168 2521 4238 comminuat,
2541 4168 2614 4218 uti
2643 4167 2928 4235 legendum
2963 4183 3085 4224 esse
3115 4169 3477 4238 conieceram.

2063 4247 2086 4310 β
2119 4241 2330 4305 Ambr.,
2365 4233 2584 4308 quodin
2615 4247 2662 4290 te
2690 4233 2964 4310 prwrenire
2994 4238 3153 4294 calcat
3177 4233 3437 4296 inimicus.

2061 4309 2088 4346 ιι
2129 4311 2466 4384 Sententiarn
2503 4310 2647 4384 hanc
2671 4309 2851 4384 verbis
2873 4311 3318 4384 expressisapud
3358 4315 3588 4384 ApoSto-

1987 4382 2096 4436 lum
2128 4398 2232 4436 non
2264 4382 2463 4451 reperi.
2497 4380 2609 4452 Sied
2637 4381 2689 4434 in
2719 4382 2888 4436 altera
2939 4382 3005 4435 ad
3047 4383 3364 4439 Corinthios
3404 4380 3477 4452 vi,
3528 4387 3588 4448 4.

1987 4452 2104 4508 hac
2162 4454 2414 4522 leguntur
2460 4451 2856 4507 :Exhibeamus
2901 4455 3262 4524 nosmetipsos,
3311 4451 3590 4511 sicut’Dei

1917 4526 2279 4611 D'ministros,
2306 4527 2358 4578 in
2377 4524 2552 4606 .multa
2577 4525 2849 4611 patientia,
2878 4526 2931 4611 in
2963 4525 3404 4611 tribulationibus,
3424 4527 3478 4580 in
3500 4543 3589 4610 ne-

1992 4598 2336 4662 cessitatibus,
2370 4597 2423 4649 in
2453 4598 2728 4668 angustiis,
2768 4599 2819 4650 in
2851 4597 3038 4666 plagis,
3070 4599 3123 4650 in
3171 4599 3483 4664 carceribus,
3533 4600 3586 4653 in

1989 4669 2345 4740 seditionibus,
2380 4669 2433 4720 in
2463 4667 2744 4740 laboribus,
2764 4669 2832 4740 in
2859 4667 3171 4740 uigiliishrin
3195 4669 3436 4740 jejuniis,
3475 4679 3582 4724 etc.

1991 4738 2072 4793 En
2101 4755 2262 4794 onine
2283 4754 2455 4810 genus
2473 4737 2690 4810 mortis,
2708 4737 2978 4810 laboriosa
3007 4737 3216 4810 scilicet
3233 4737 3582 4810 pauitantia,

1989 4825 2094 4882 qua
2118 4807 2312 4882 lapsus,
2338 4810 2419 4864 sui
2451 4809 2698 4882 criminis
2728 4807 2970 4882 maculas
3003 4808 3189 4882 eluere
3212 4809 3468 4882 debebat.

2068 4880 2083 4918 ί
2119 4878 2263 4937 Vitio
2303 4881 2431 4934 huic
2475 4880 2634 4934 facile
2667 4879 2969 4950 medemur,
3001 4880 3047 4932 si
3084 4894 3181 4946 pro
3205 4878 3331 4950 gula
3359 4895 3591 4950 repona-

1988 4967 2108 5007 tnus
2132 4953 2328 5024 gladio.
2361 4950 2684 5024 Pmnitentia
2711 4949 2954 5024 martyrii
2986 4951 3138 5024 vices
3166 4949 3380 5024 subeat.

2064 5025 2078 5073 i
2131 5020 2319 5078 Plures
2346 5033 2589 5078 veterum
2622 5020 3029 5090 italoquuntur.
3064 5021 3294 5076 Sanctus
3317 5022 3584 5079 Chroma-

1989 5095 2097 5149 tius
2127 5107 2314 5150 nosier
2335 5093 2402 5148 de
2425 5103 2550 5148 octo
2579 5091 3054 5168 Beatitudinibus:
3093 5092 3242 5168 Unde
3263 5098 3450 5168 jurare
3488 5111 3582 5150 nos

1986 5183 2200 5236 prorsus
2237 5183 2338 5219 non
2377 5166 2633 5219 convenit.
2679 5163 2820 5236 Quid
2851 5164 2988 5217 enim
3024 5163 3304 5232 unicuique
3346 5171 3581 5220 nostrum

1977 5241 2160 5309 jnrare
2189 5253 2392 5290 necesse
2417 5247 2513 5301 est,
2545 5251 2661 5290 cum
2709 5235 2856 5288 nobis
2881 5238 3084 5290 tiicrttiri
3133 5239 3341 5309 oinnino
3367 5254 3469 5309 non
3497 5236 3555 5309 li

1984 5306 2130 5362 rem?
2161 5309 2296 5364 Vide
2345 5309 2423 5361 sis
2463 5325 2582 5375 qua:
2631 5319 2932 5376 sequuntur
2979 5318 3111 5362 tom.
3141 5307 3233 5372 XI,
3273 5323 3394 5377 pag.
3450 5306 3575 5374 168,

1986 5379 2125 5434 Bibl.
2163 5380 2264 5434 PP.
2304 5379 2473 5434 Paris.
2501 5378 2658 5436 i624.

2070 5451 2096 5488 ιι
2141 5453 2356 5518 ΑιιιΙ›ι·.,
2413 5453 2694 5506 secundum
2761 5467 2946 5506 nomen
3018 5449 3250 5504 Domini.
3310 5449 3580 5518 Antiqtitts

1981 5533 2177 5578 auctor
2222 5524 2483 5593 Epistola:
2530 5525 2597 5578 ad
2638 5523 2964 5578 monachum
3017 5524 3248 5589 lapsum,
3285 5537 3405 5593 qua:
3439 5523 3582 5593 inter

1982 5591 2282 5649 Basilianas
2329 5604 2415 5650 est
2443 5596 2535 5661 4i,
2583 5611 2732 5649 num.
2777 5595 2834 5657 2,
2880 5595 3043 5647 habet
3071 5593 3189 5645 fere
3221 5591 3416 5645 similia
3449 5610 3462 5646 :
3500 5591 3582 5646 Ne

1980 5668 2234 5721 cunctaris
2261 5669 2328 5720 ad
2369 5684 2446 5720 me
2478 5669 2664 5720 rcnirc.
2712 5666 2823 5738 Ego
2853 5666 2994 5738 enini
3027 5673 3282 5738 receptum
3322 5672 3582 5716 mortuum

1980 5754 2150 5792 meum
2200 5738 2404 5808 igebo,
2461 5755 2554 5810 ego
2607 5733 2907 5810 cumba...
2949 5733 3225 5804 Excipient
3281 5743 3329 5790 te
3375 5749 3575 5804 omnes,

1979 5824 2154 5865 omnes
2181 5827 2236 5865 ac
2262 5810 2354 5866 tibi
2383 5809 2619 5865 laborum
2647 5810 2812 5864 socios
2841 5809 3150 5881 adjungent.
