4074 6204
511 330 652 390 1055

1803 337 2158 396 BACHIARII
2195 337 2503 396 MONACHI

3674 337 3820 396 1056

513 458 686 516 tuum,
717 451 866 506 velut
896 449 1040 506 Ruth
1069 451 1136 508 de
1165 466 1297 523 agro
1325 453 1634 521 Moabitico,
1677 453 1780 510 boc
1808 465 1894 511 est
1935 464 1963 492 α
1993 455 2113 510 ani-
2137 461 2190 522 Α
2217 463 2521 526 peccatum.
2570 456 2771 526 Aspice
2819 457 3164 528 prophetam,
3215 458 3307 529 qui
3353 456 3489 512 dicit
3517 473 3532 510 :
3575 454 3648 509 Et
3686 455 3815 525 dixi,

516 557 622 599 ma:
649 541 720 599 de
745 542 1009 602 ebrietate
1037 553 1092 601 et
1133 546 1498 604 fornicatione
1530 547 1800 605 venientis
1833 567 1846 603 :
1892 549 1984 620 qui
2015 563 2113 605 sua

518 642 724 691 tantum
753 637 974 706 quaerit,
1017 648 1073 693 et
1105 640 1495 697 misericordia
1535 641 1774 710 nescius,
1808 642 1875 696 de
1903 642 2116 698 Israeli-

524 727 629 783 tica
655 727 760 784 sibi
790 729 968 785 solum
999 731 1172 802 stirpe
1197 733 1485 802 gloriatur.
1520 733 1634 804 Ego
1658 750 1787 791 vero
1820 735 1950 791 licet
1972 736 2114 792 Βοοε

517 822 715 879 similis
742 841 848 878 non
881 825 983 880 sim
1029 825 1222 898 (Ruth.
1254 844 1331 896 tv,
1369 829 1394 883 1
1431 834 1627 900 seqq.),
1670 839 1849 886 tamen
1880 833 2114 887 animam

522 925 670 972 tuam
699 917 834 974 mihi
877 921 1036 990 cupio
1066 923 1292 986 sociari;
1326 939 1427 979 nec
1454 922 1481 962 ι’
1513 934 1705 995 arguat
1735 941 1821 980 me
1847 927 2114 997 quispiam

521 1023 647 1066 esse
677 1013 1138 1082 praesumptionis,
1170 1014 1294 1084 quia
1325 1015 1531 1071 licitum
1564 1026 1649 1071 est
1672 1017 1803 1072 mihi
1833 1032 2020 1074 semen
2049 1018 2118 1074 de

519 1103 708 1160 fratris
733 1104 975 1162 defuncti
1008 1108 1167 1162 vidua
1220 1110 1486 1165 suscitare
1516 1109 1696 1182 (Deut.
1726 1127 1817 1178 xx,
1849 1112 1901 1175 7,
1935 1112 2015 1183 9),
2049 1127 2118 1168 ne

519 1197 744 1268 perdam
789 1202 1150 1257 calceamenta
1201 1202 1499 1272 paschalia,
1533 1213 1588 1259 et
1631 1203 1882 1260 exhazres
1918 1204 2118 1261 Christi

519 1290 789 1360 passionis
836 1291 1076 1358 efficiar;
1107 1309 1170 1348 ac
1204 1311 1304 1363 pro
1331 1295 1501 1350 verbo
1533 1298 1723 1367 Sponsi
1756 1298 1903 1352 velut
1943 1313 2118 1354 czecus

520 1383 768 1452 effectus,
799 1386 1024 1442 salivam
1059 1399 1082 1427 ο
1112 1389 1288 1458 jejuni
1321 1389 1432 1444 oris
1475 1405 1597 1460 qua:
1629 1391 1682 1445 in
1718 1400 1916 1446 terram
1951 1392 2120 1462 proji-

523 1477 672 1532 citur
712 1487 766 1533 et
791 1481 1168 1546 conculcatur,
1200 1497 1269 1537 ne
1295 1484 1584 1553 accipiam,
1615 1483 1790 1539 donec
1819 1486 1992 1540 effuso
2031 1503 2118 1542 se-

527 1569 673 1625 mine
722 1569 788 1624 ad
843 1571 1061 1627 viduam
1116 1572 1352 1629 animam
1407 1573 1644 1630 defuncti
1696 1576 1900 1643 fratris,
1935 1577 1985 1632 id
2039 1587 2121 1632 est

527 1665 728 1720 mortui
780 1681 874 1735 per
900 1667 1364 1736 desperationem,
1416 1669 1716 1735 introeam;
1767 1670 1862 1726 sed
1892 1671 2120 1741 quaesita

525 1757 870 1813 multitudine
901 1760 1152 1826 seminis,
1183 1770 1473 1832 aggregata
1522 1762 1589 1817 de
1617 1763 1906 1831 scripturis
1935 1762 2122 1834 copio-

2217 557 2494 618 postquam
2516 549 2843 602 meretricata
2860 565 2934 618 es,
2959 550 3026 602 at!
3041 566 3122 603 me
3138 560 3389 604 revertere
3402 547 3625 619 (lerem.
3645 563 3727 610 ιιι,
3743 546 3819 616 1).

2217 639 2370 695 Licet
2397 640 2658 696 dominici
2690 642 2878 712 templi
2910 659 3037 698 vasa
3083 659 3181 699 rex
3223 644 3526 714 captaret-it
3556 644 3825 712 Assyrius

2220 729 2435 802 (Jerem.
2479 749 2647 798 uvn,
2683 734 2792 805 l6),
2829 743 3011 792 tamen
3055 745 3403 792 revertantur
3445 736 3512 791 ad
3555 735 3824 807 templum

2219 821 2262 892 (l
2295 821 2457 878 Esdr.
2491 840 2531 888 ι,
2566 823 2738 895 7-H),
2773 842 2842 882 ne
2879 843 2941 882 ea
2991 827 3044 882 in
3081 838 3402 898 perpetuum
3445 827 3690 900 Babylon
3721 828 3824 881 im-

2221 916 2419 970 munda
2450 917 2746 984 possideat.
2795 919 2942 974 Licet
2973 934 3069 988 per
3108 919 3381 974 flammam
3413 920 3582 990 turpis
3612 933 3829 974 concu-

2223 1010 2501 1079 piscentiae
2550 1011 2852 1067 incenderit
2899 1015 3163 1085 templum
3198 1015 3411 1070 Domini
3445 1017 3698 1086 princeps
3723 1031 3833 1071 co—

2221 1119 2432 1171 eorum,
2480 1107 2570 1176 qui
2609 1106 2830 1161 domino
2873 1123 2991 1174 suo,
3049 1109 3098 1163 id
3127 1118 3235 1174 est,
3281 1109 3510 1180 principi
3554 1108 3830 1164 mundiali

2225 1210 2380 1251 escas
2431 1207 2740 1252 nostrorum
2796 1208 2948 1268 parat
2989 1210 3368 1269 peccatorum;
3419 1210 3594 1256 tamen
3639 1201 3832 1256 veniat

2223 1287 2545 1353 Zorobabel,
2595 1289 2699 1346 hoc
2743 1301 2844 1359 est,
2879 1292 3105 1359 spiritus
3132 1293 3442 1361 sapientiae,
3472 1294 3562 1364 qui
3591 1293 3705 1362 jam
3741 1296 3832 1347 in-

2225 1383 2731 1438 tellexitmulierum
2766 1387 3060 1455 potentiam
3087 1387 3244 1441 malis
3274 1386 3586 1441 hominibus
3617 1385 3641 1423 ιι
3667 1389 3830 1456 prin-

2224 1475 2417 1545 cipari,
2450 1486 2505 1532 et
2535 1487 2676 1533 totus
2705 1477 2760 1532 in
2810 1479 3038 1534 veritate
3066 1479 3293 1534 confidit
3333 1497 3345 1534 :
3377 1479 3558 1534 veniat
3591 1480 3826 1547 Esdras,

2223 1567 2559 1623 bibliotheca
2608 1569 2792 1639 Legis,
2847 1583 2900 1626 et
2957 1573 3219 1627 memoria
3278 1573 3525 1628 lectionis
3571 1589 3587 1627 :
3644 1574 3833 1628 veniat

2230 1659 2248 1698 ί
2290 1661 2530 1717 Naatnan
2560 1663 2753 1735 Syrus,
2801 1666 2973 1720 virtus
3009 1665 3350 1721 confidentia:
3373 1675 3832 1739 contemptorque

2224 1751 2559 1818 formidinis;
2588 1755 2680 1827 qui
2707 1773 2803 1826 pro
2827 1759 3196 1814 restruCtione
3225 1761 3414 1829 patriae
3438 1760 3706 1831 principis
3733 1776 3834 1830 po-

527 1849 691 1906 sitate
723 1850 1038 1919 verborum,
1074 1851 1200 1908 huic
1237 1853 1410 1908 viduae
1451 1854 1751 1925 conjuugar
1779 1853 1807 1892 ἀ
1835 1871 1900 1910 ac
1933 1857 2120 1926 proxi-
2156 1860 2198 1919 Β
2229 1851 2452 1908 tentiam
2500 1867 2608 1908 non
2637 1860 2884 1918 veretur;
2917 1867 2980 1906 ac
3009 1851 3291 1921 dispositis
3324 1869 3419 1922 per
3455 1853 3668 1923 singula
3701 1853 3832 1909 Hie-

531 1957 695 2009 mem,
745 1953 803 1998 ut
841 1944 1040 1999 auditis
1069 1944 1176 2012 bis,
1212 1946 1383 2016 possit
1429 1947 1548 2002 sine
1590 1947 2126 2025 difficultate'conci-

529 2051 678 2107 pere,
718 2045 773 2092 et
819 2038 1012 2094 salutis
1062 2040 1320 2110 spiritum
1372 2043 1663 2110 parturire.
1715 2042 1932 2099 Memini
1977 2045 2122 2100 enim

527 2131 812 2199 apostolici
845 2133 1008 2186 verba
1042 2135 1321 2203 praecepti,
1362 2136 1456 2190 ubi
1500 2135 1634 2191 dicit
1671 2155 1684 2189 :
1719 2137 1979 2203 Quosdam
2008 2140 2124 2208 qui-

526 2222 640 2275 dem
669 2225 851 2294 eripite
873 2224 937 2279 de
965 2225 1104 2295 igne,
1135 2227 1317 2280 dubios
1346 2242 1464 2281 vero
1485 2229 1824 2282 consolamini
1864 2230 1906 2300 (I
1936 2229 2119 2289 Thess.

529 2328 583 2380 v,
615 2314 731 2384 14);
764 2326 816 2370 ct
846 2315 1006 2370 alibi:
1044 2315 1148 2382 Qui
1175 2319 1483 2372 revocaverit
1508 2327 1832 2389 peccatorem
1859 2320 1922 2374 ab
1949 2337 2124 2377 errore

526 2405 623 2460 vite
641 2421 769 2470 sure,
793 2404 1011 2461 salvabit
1037 2408 1264 2462 animam
1290 2425 1436 2464 suam
1465 2410 1532 2464 de
1551 2420 1715 2466 morte
1742 2410 1884 2482 (Jac.
1919 2429 1971 2480 ν,
2004 2413 2118 2484 20).

529 2497 646 2553 Νοιι
669 2509 754 2554 est
781 2499 1090 2566 minimum,
1115 2501 1161 2556 si
1194 2511 1217 2538 ε
1248 2513 1549 2558 extremam
1590 2513 1682 2558 aut
1724 2519 1993 2560 summam
2023 2522 2124 2561 au-

527 2593 752 2649 riculam
775 2595 842 2649 de
861 2593 1035 2651 leonis
1057 2595 1304 2652 faucibus
1319 2579 1670 2654 ext'raltamus
1685 2599 1886 2672 (Amos.
1903 2617 1983 2667 nt,
2011 2599 2122 2674 12):

530 2688 746 2743 tametsi
778 2689 1152 2745 beatissimum
1183 2689 1495 2760 pontificem
1540 2693 1632 2762 qui
1664 2693 1717 2747 in
1747 2693 1942 2749 iisdem
1989 2694 2125 2749 locis

528 2793 652 2835 cum
684 2781 1060 2838 sacerdotibus
1107 2784 1222 2838 suis
1262 2784 1450 2839 divino
1502 2786 1706 2840 assistit
1747 2787 1964 2854 altario,
2014 2803 2123 2844 non

461 2945 464 2947 _
527 2872 676 2927 aliud
699 2887 826 2928 reor
846 2889 1008 2944 quam
1040 2875 1356 2931 Davidicum
1389 2893 1526 2949 opus
1571 2880 1802 2946 imitari;
1829 2891 1886 2936 ut.
1909 2881 2124 2951 quando

528 2962 600 3019 de
639 2979 803 3036 grege
829 2966 914 3021 leo
941 2976 1034 3021 aut
1075 2981 1235 3022 ursus
1266 2983 1422 3024 ovem
1450 2970 1716 3037 rapuerit,
1751 2973 1995 3043 insurgat
2024 2972 2122 3027 ad-

528 3071 719 3112 versus
749 3073 896 3125 eum,
919 3067 976 3115 et
1012 3061 1485 3130 prtestrangulatis
1516 3062 1760 3118 faucibus
1789 3065 2028 3134 praedam
2058 3081 2125 3120 ex

526 3157 744 3218 gutture
785 3150 1012 3220 eripiat;
1063 3161 1156 3207 aut
1197 3153 1343 3208 velut
1395 3163 1582 3224 pastor
1621 3156 1798 3210 bonus
1838 3166 2121 3227 vagantem

2229 1941 2465 1996 rusalem
2497 1943 2613 1998 loca
2645 1943 2709 2013 (Il
2753 1942 2910 1998 Esdr.
2942 1960 3016 2008 tv,
3065 1944 3154 2008 16,
3186 1944 3294 2016 li),
3347 1944 3397 1999 id
3447 1955 3551 2010 est,
3579 1946 3827 2001 membra

2226 2037 2474 2104 corporis
2521 2034 2780 2106 angelicis
2829 2037 3376 2105 patriarcharumque
3404 2038 3714 2100 virtutibus,
3766 2049 3826 2096 ut

2226 2125 2469 2195 collapsa
2516 2129 2530 2175 l
2593 2138 2961 2195 restruantur,
2994 2137 3048 2184 et
3094 2137 3367 2184 restructa
3395 2130 3692 2197 custodiat,
3722 2147 3828 2188 una

2226 2233 2387 2274 manu
2441 2221 2642 2275 serviat
2703 2221 2946 2288 fabricae,
3010 2223 3112 2277 alia
3174 2239 3305 2278 vero
3353 2225 3653 2291 custodiae;
3705 2228 3830 2293 quia

2185 2353 2190 2358 .
2226 2313 2397 2366 Adam
2428 2314 2636 2384 positus
2667 2324 2755 2369 est
2786 2315 2838 2369 in
2881 2315 3140 2386 paradiso
3165 2319 3379 2388 operari
3411 2317 3567 2390 (Gen.
3613 2335 3673 2379 ll.
3711 2320 3826 2390 15),

2228 2414 2282 2461 et
2311 2407 2608 2463 custodire.
2641 2409 3059 2464 Rewdiﬁcetttur
3086 2425 3218 2481 ergo
3247 2426 3343 2482 per
3375 2412 3708 2483 tropologias
3736 2428 3827 2468 no-

2229 2500 2433 2553 tninum
2464 2499 2700 2555 claustra
2734 2512 3036 2570 portarum.
3079 2501 3405 2558 Restruatur
3449 2504 3499 2558 in
3552 2506 3829 2574 principiis

2228 2599 2379 2660 parta
2428 2590 2701 2645 Probatica
2749 2592 2813 2664 (ll
2843 2591 3005 2647 Esdr.
3035 2607 3115 2662 ιιι,
3151 2593 3203 2661 1,
3241 2597 3399 2666 juxta
3439 2593 3636 2666 LXX),
3666 2611 3831 2667 quam

2228 2698 2330 2738 nos
2381 2697 2504 2739 esse
2552 2685 2897 2755 suspicamur
2939 2686 3206 2754 auditum,
3253 2702 3350 2756 per
3399 2702 3588 2758 quem,
3644 2697 3827 2744 utrum

2229 2775 2369 2831 bona
2419 2776 2526 2832 sint
2575 2787 2665 2831 aut
2714 2778 2854 2832 mala
2902 2794 3023 2848 qua:
3068 2781 3415 2835 extrinsecus
3465 2782 3534 2834 ad
3590 2797 3691 2835 nos
3740 2780 3828 2836 in-

2227 2877 2467 2936 troeunt,
2523 2871 2972 2938 comprobamus;
3031 2873 3161 2936 quia
3218 2872 3347 2941 ﬁdes
3399 2888 3464 2926 ea:
3516 2874 3705 2927 auditu
3745 2884 3828 2930 est

2230 2960 2407 3032 (Rom.
2441 2975 2494 3027 ιι,
2536 2958 2649 3030 17).
2683 2960 2994 3027 Faciamus,
3049 2963 3191 3032 quod
3224 2963 3521 3034 Apostolus
3550 2963 3688 3019 dicit
3723 2984 3735 3018 :
3769 2965 3830 3022 Si

2227 3056 2348 3110 estis
2375 3057 2429 3110 in
2473 3055 2597 3124 ﬁde,
2629 3056 2729 3126 ipsi
2771 3073 2856 3110 vos
2895 3056 3106 3131 probate
3159 3057 3224 3125 (ll
3254 3054 3374 3112 Cor.
3428 3073 3559 3123 xm,
3606 3058 3689 3129 5).
3725 3059 3829 3114 lie-

2229 3159 2471 3204 struatur
2499 3159 2647 3220 porta
2677 3147 2970 3205 Piscatoria
3009 3150 3076 3219 (ll
3104 3150 3260 3205 Esdr.
3309 3167 3388 3217 ut,
3421 3151 3504 3223 5),
3530 3152 3580 3205 id
3613 3164 3720 3216 est,
3751 3155 3832 3207 vi-

528 3252 788 3310 revocet,
843 3244 1136 3314 alligetque
1195 3248 1433 3302 attritam
1455 3289 1471 3313 ,
1530 3258 1920 3320 errantemque
1991 3266 2123 3307 con-
2151 3249 2196 3314 C
2229 3257 2385 3298 suum
2431 3255 2744 3298 nostrorum
2776 3259 2909 3314 vaga
2942 3259 3161 3312 semper
3188 3253 3399 3310 natura,
3431 3259 3496 3299 ac
3528 3260 3626 3314 per
3668 3246 3832 3300 semi-

529 3345 729 3388 vertat.

602 3427 690 3483 18.
734 3428 814 3484 Τιι
869 3439 1072 3497 tamen,
1127 3432 1314 3501 frater,
1353 3448 1695 3506 nequaquam
1741 3436 2010 3491 scelerato
2039 3452 2131 3494 ac-

525 3520 781 3591 quiescas
813 3522 1198 3594 impudicoque
1246 3525 1542 3596 conjugio:
1577 3543 1683 3582 non
1732 3525 1751 3565 τ
1797 3528 2026 3584 insultes
2053 3531 2124 3598 ei,

526 3611 684 3682 cujus
732 3613 865 3668 iram
913 3624 1226 3672 sustentare
1273 3633 1380 3672 non
1417 3620 1640 3688 poteris.
1686 3619 1827 3689 Quin
1873 3623 2037 3676 immo
2077 3631 2132 3678 et

525 3702 617 3758 illa
649 3719 811 3775 quam
845 3706 941 3762 tibi
974 3706 1107 3764 fecit
1136 3709 1364 3765 sceleris
1393 3711 1547 3781 culpa
1579 3722 1912 3778 consortem,
1945 3729 2127 3768 rever-

459 3813 468 3816 "
547 3807 673 3852 atur
699 3797 766 3852 ad
800 3799 972 3854 virum
999 3816 1180 3856 suum.
1205 3801 1478 3874 Numquid
1510 3803 1946 3872 patriarcharum
1971 3821 2129 3862 soror

525 3888 684 3962 (Gen.
720 3895 931 3962 xxxw),
978 3906 1264 3966 postquam
1291 3899 1557 3966 peCcavit,
1602 3908 1627 3943 ες
1662 3899 1911 3967 nupsisse
1942 3899 2127 3968 perhi-

525 3980 720 4037 betur?
763 3984 1072 4056 Legislator
1117 3991 1376 4058 praecepit
1419 3987 1589 4061 (Levit
1636 4005 1727 4056 xx,
1765 3989 1876 4060 10),
1927 4000 1984 4045 ιιι
2029 3991 2125 4061 qui

525 4088 753 4130 uxorem
777 4077 1002 4134 alterius
1033 4079 1352 4145 macularet,
1379 4095 1500 4134 cum
1531 4080 1648 4149 ipsa
1673 4079 2011 4149 lapidaretur
2035 4097 2128 4151 pa-

524 4165 693 4234 riter;
722 4175 778 4223 et
809 4168 930 4224 ideo
971 4185 1079 4226 non
1111 4172 1375 4241 permittit
1399 4170 1742 4242 conjugium,
1777 4171 1872 4226 sed
1895 4173 1998 4227 sub
2030 4190 2126 4229 no-

527 4259 673 4318 mine
711 4261 958 4333 lapidum
1001 4265 1137 4321 dura
1174 4266 1451 4323 sententia
1482 4265 1740 4322 emendat
1786 4268 2124 4340 corrigitqne

600 4512 625 4540 ³
657 4502 784 4557 Haec
806 4516 1091 4571 compares
1114 4502 1278 4558 velim
1301 4517 1423 4557 cum
1469 4501 1668 4558 editis:
1696 4502 1891 4558 menda
1920 4518 2129 4572 expun-

526 4574 706 4630 ximus
735 4589 836 4642 ope
873 4574 1078 4630 codicis
1121 4579 1310 4629 nostri.

601 4646 626 4685 ι)
670 4645 831 4716 Legis
873 4647 1056 4710 verba,
1086 4647 1152 4702 ad
1184 4662 1305 4717 quae
1330 4645 1524 4702 alludit
1567 4645 1912 4711 Bachiarius,
1945 4647 2123 4701 lucem

2232 3343 2314 3388 tas
2367 3335 2559 3401 maris,
2614 3335 2718 3390 hoc
2769 3345 2877 3404 est,
2929 3337 3046 3390 vias
3093 3335 3277 3390 mundi
3338 3337 3496 3391 istius
3545 3338 3825 3393 oculorum

2232 3427 2390 3483 velox
2431 3443 2496 3483 ac
2524 3427 3095 3499 fngitivus'aspectus;
3127 3430 3249 3500 quia
3284 3430 3396 3502 ipse
3438 3431 3586 3486 visus
3613 3447 3713 3502 pro
3739 3448 3830 3488 sa—

2231 3537 2363 3593 gena
2414 3523 2614 3592 poterit
2660 3521 2920 3576 semimari
2952 3539 2966 3576 :
3003 3523 3264 3594 quidquid
3305 3524 3601 3596 aSpexcrit,
3647 3528 3832 3582 Statim

2231 3615 2403 3684 capit;
2445 3624 2501 3668 et
2530 3624 2770 3685 captum,
2804 3614 2871 3669 ad
2908 3615 3090 3671 cordis
3117 3617 3334 3672 cellaria
3366 3617 3622 3672 interiora
3657 3629 3835 3673 trans-

2232 3708 2416 3762 mittit.
2449 3708 2778 3763 Restruatur
2817 3717 2971 3778 porta
3002 3706 3027 3746 ¹ί
3075 3711 3131 3764 in
3174 3709 3459 3776 Attat/tolli,
3509 3725 3632 3780 qum
3665 3711 3834 3766 inter-

2237 3811 2487 3872 pretatur
2507 3803 2822 3871 respondens
2849 3803 3052 3874 signum
3075 3802 3269 3877 (Ibid.,
3303 3803 3382 3874 6):
3411 3804 3560 3876 quod
3590 3809 3836 3878 suspica-

2233 3912 2356 3950 tnur
2407 3911 2527 3951 esse
2582 3896 2777 3951 frontis
2848 3897 3178 3966 patibulum,
3235 3899 3323 3953 ubi
3379 3900 3592 3968 signum
3641 3901 3834 3955 salutis

2230 3999 2432 4044 nostrae
2462 4001 2514 4045 et
2544 3989 2841 4044 Dominica:
2872 3993 3181 4045 sanctitatis
3215 3989 3233 4027 ι
3269 3993 3584 4060 accepimus
3623 4011 3636 4047 :
3688 3995 3834 4062 quod

2228 4091 2314 4136 est
2338 4097 2503 4136 aurea
2531 4082 2730 4136 lamina
2751 4123 2764 4147 ,
2795 4081 2888 4136 ubi
2917 4083 3159 4152 pontifex
3194 4097 3393 4138 nomen
3443 4081 3658 4137 Domini
3691 4085 3834 4138 scri-

2229 4187 2377 4246 ptum
2410 4176 2972 4247 mandaturﬁaccipere
3005 4185 3507 4246 tetragrammaton.
3539 4176 3633 4232 V'is
3662 4178 3833 4244 scire,

2226 4272 2352 4344 quia
2379 4286 2485 4327 non
2532 4272 2828 4344 incongrue
2857 4283 3067 4343 portam
3094 4274 3148 4328 in
3176 4270 3480 4342 Anatbotb,
3511 4287 3632 4343 qua:
3662 4271 3835 4328 interv

2239 4502 2508 4558 ledicendi
2533 4501 2774 4570 pruritus
2799 4509 3171 4555 transversum
3198 4499 3307 4568 egit
3331 4497 3606 4552 hominem
3629 4498 3832 4570 alioqui

2237 4582 2514 4629 versatum
2557 4575 2608 4627 iu
2657 4571 2873 4640 scriptis
2915 4571 3321 4626 ecclesiasticis.
3365 4570 3640 4640 Antiquos
3689 4571 3839 4626 Scri-

2235 4657 2411 4715 pturte
2453 4646 2729 4712 interpres
2762 4638 2902 4714 apud
2947 4643 3286 4715 Lactantium
3314 4642 3423 4715 lib.
3460 4655 3516 4693 tv
3545 4638 3665 4694 Div.
3691 4641 3832 4696 Inst.

528 4711 774 4773 alicreut'
799 4717 924 4773 huic
963 4719 1101 4781 loco,
1135 4711 1222 4784 qui
1267 4718 1558 4773 obscurior
1599 4726 1702 4785 est,
1750 4732 1812 4770 ac
1865 4729 2127 4786 pranerea
2157 4726 2210 4785 1)
2235 4711 2358 4786 cap.
2393 4718 2488 4778 l5;
2521 4711 2758 4785 angatm
2791 4711 2984 4786 auctor
3027 4714 3190 4786 Marci
3219 4729 3274 4776 ι,
3299 4711 3400 4778 42;
3455 4724 3676 4786 sanctus
3718 4720 3834 4786 An-

527 4801 834 4859 corrupttts.
867 4789 963 4844 Sin
992 4803 1163 4844 autem
1193 4791 1412 4844 noluerit
1443 4789 1675 4861 accipere
1704 4804 1916 4861 uxorem
1947 4789 2125 4854 fratris

527 4861 631 4921 sui,
663 4877 773 4925 qua:
819 4863 864 4914 ei
915 4863 1022 4930 lege
1047 4862 1374 4924 debetur,....
1421 4859 1627 4915 accedet
1661 4859 1846 4913 mulier
1893 4861 1960 4913 ad
2010 4876 2127 4912 eum

529 4944 699 4983 coram
726 4933 1034 4995 senioribus,
1069 4945 1115 4987 et
1141 4933 1282 4987 tollet
1306 4934 1704 4986 calceamentum
1731 4933 1793 4984 de
1827 4934 1951 4995 pede
1989 4932 2123 5001 ejus,

525 5009 774 5073 spuetque
822 5004 875 5055 in
923 5003 1107 5073 faciem
1135 5004 1298 5070 illius,
1331 5015 1380 5057 et
1412 5004 1593 5057 dicet:
1637 5002 1728 5058 Sic
1773 5003 1862 5071 ﬁet
1906 5002 2122 5069 homini,

529 5072 618 5140 qui
647 5087 750 5146 non
780 5072 1000 5146 (ediﬁcat
1027 5077 1237 5129 domum
1261 5076 1440 5146 fratris
1467 5076 1570 5128 sui.

605 5155 626 5182 ο
649 5140 723 5215 Ita
746 5143 900 5215 editi.
934 5140 1326 5200 Ambrosianus
1351 5162 1504 5207 vero,
1528 5145 1742 5199 salivam
1750 5145 1999 5215 junioris.
2026 5145 2127 5199 Le-

530 5214 767 5287 gcndum
803 5213 1021 5269 videtur
1045 5217 1389 5284 simpliciter,
1417 5219 1633 5271 salivam
1663 5213 1791 5269 oris.

604 5285 629 5326 ἀ
675 5287 842 5354 Edit,
863 5289 1151 5358 coniungar
1180 5289 1433 5356 proxime.

603 5371 627 5396 ο
671 5363 772 5422 An,
827 5357 1111 5413 extremum
1155 5367 1242 5411 aut
1300 5375 1556 5412 summum
1607 5359 1900 5414 auricula?
1955 5357 2123 5425 LXX,

531 5431 682 5488 λοϐὸν
710 5435 885 5488 ὠτίον.
918 5431 1140 5501 Vulgata
1170 5429 1464 5501 consentit.

610 5503 630 5543 ί
674 5502 842 5559 Recte
873 5500 1285 5559 Ambrosianus.
1319 5500 1518 5572 Gryn.,
1551 5503 1759 5556 insulte.
1795 5501 1974 5572 Bign.,
1999 5518 2124 5557 con-

523 5576 698 5646 jugio,
727 5577 877 5644 cujus
900 5576 1053 5638 iram,
1088 5586 1197 5632 etc.

608 5657 634 5694 8
669 5651 705 5701 Α
717 5647 880 5712 tnbr.,
913 5649 1135 5702 nubisse.

603 5716 632 5754 ιι
671 5718 833 5772 Miror
853 5720 1074 5774 verbum
1100 5718 1203 5774 hoc
1219 5716 1414 5774 Joanni
1444 5715 1686 5772 Launoio
1711 5716 1934 5785 Epistol.
1961 5725 2115 5784 parte

530 5801 604 5859 tv,
621 5790 778 5853 epist.
802 5791 854 5850 1.
875 5791 1330 5859 atleodisplicere,
1359 5798 1418 5843 ut
1436 5788 1768 5844 cardiualem
1793 5787 2110 5855 Cajetanum

529 5855 652 5911 ideo
681 5869 889 5926 arguat,
917 5855 1149 5915 barbara:
1173 5874 1217 5916 et
1241 5855 1403 5932 opicae
1427 5860 1734 5917 locutionis.
1761 5859 1970 5916 Nimius
1999 5876 2109 5913 ma—

2234 4783 2483 4857 gustinus
2516 4788 2608 4840 lib.
2628 4783 2676 4851 't,
2702 4789 2764 4838 de
2788 4785 2953 4855 Nept.
2988 4795 3034 4838 et
3061 4783 3452 4857 C0_ncup.rcap.
3472 4783 3528 4846 9,
3546 4800 3714 4857 num.
3732 4785 3831 4846 10;

2237 4855 2459 4913 sanctus
2503 4859 2864 4926 llieronymus
2912 4859 2962 4911 in
2999 4855 3251 4912 versione
3301 4856 3498 4909 llomil.
3532 4855 3562 4908 4
3609 4866 3664 4910 et
3690 4855 3747 4920 8,
3779 4858 3832 4909 in

2236 4931 2441 4985 Jerem.
2469 4939 2665 5000 praeter
2688 4929 3028 5000 Bachiaﬁum
3057 4945 3069 4979 :
3098 4926 3171 4991 hi,
3206 4928 3446 5000 inquam,
3479 4942 3672 5000 omnes
3697 4942 3832 4997 quos

2236 4996 2481 5057 barbare
2506 5013 2596 5055 aut
2645 5002 2800 5068 opice
2833 4999 2978 5067 loqui
3031 5015 3190 5054 nemo
3222 4999 3441 5064 dixerit,
3478 4996 3679 5067 aliique
3719 4996 3832 5069 plu-

2239 5074 2358 5126 rimi
2395 5074 2534 5127 itlem
2565 5073 2787 5128 verbum
2821 5082 3100 5138 usurpant.

2316 5143 2332 5180 ί
2378 5145 2602 5200 Fthum
2629 5159 2870 5198 errorem
2897 5142 3208 5197 vetuStioris
3237 5139 3492 5195 editionis
3523 5155 3830 5195 nonemcn-

2237 5215 2330 5269 dat
2356 5217 2524 5270 codex
2572 5216 2760 5270 Ambr.
2809 5213 3087 5268 Editioncs
3121 5213 3272 5282 Bign.
3315 5228 3420 5265 non
3455 5211 3657 5266 habent
3690 5214 3823 5266 hanc

2236 5290 2526 5358 pcriCopen
2558 5305 2570 5340 :
2609 5284 2888 5358 VennNa.
2919 5285 3014 5358 Sy.
3050 5285 3152 5358 t'i-r.
3178 5287 3317 5354 conf.
3351 5290 3489 5335 cont.
3525 5286 3630 5352 for.
3664 5283 3826 5338 Nemo

2236 5374 2340 5412 non
2373 5357 2514 5413 videt
2544 5358 2645 5428 legi
2681 5357 2906 5416 debere,
2936 5357 3235 5409 Nehemias.

2311 5433 2324 5480 ι
2375 5431 2592 5492 Amhr.,
2619 5429 2849 5500 collapsa
2874 5429 3234 5500 restituantur.

2306 5500 2331 5538 ¹ί
2375 5501 2634 5568 Vulgatus
2658 5495 2954 5566 Scriptura!
2977 5498 3270 5568 interpres,
3297 5495 3338 5551 l!
3369 5497 3530 5551 Esdt‘.
3554 5513 3632 5559 tu,
3657 5497 3712 5561 6,
3738 5512 3824 5559 an.

2234 5573 2399 5642 pellat
2445 5567 2646 5640 portam
2675 5582 2912 5625 veterem.
2943 5567 3108 5642 LXX,
3149 5575 3246 5630 Τὴν
3293 5569 3453 5642 πύλην
3479 5572 3707 5630 ἰασαναῐ.
3757 5571 3826 5622 al.
3899 5607 3910 5620 .

2233 5641 2322 5700 ἕτοῦ
2373 5646 2557 5700 ἀσανά.
2610 5643 2820 5699 Nullam
2870 5654 3044 5711 portae
3096 5641 3146 5695 in
3185 5641 3460 5696 Anathmh
3497 5654 3830 5695 mentionem

2216 5715 2456 5771 reperio.
2488 5714 2720 5769 Vitiatus
2751 5715 2935 5783 itaque
2981 5711 3267 5769 Vcrsionis
3295 5711 3449 5768 ltalic
3469 5729 3514 5768 te
3563 5713 3702 5768 liber
3732 5713 3830 5766 Ba.

2211 5787 2476 5841 chinrium
2511 5786 2716 5841 fefellit.

2308 5857 2319 5892 ¹
2362 5860 2545 5924 Atnb.,
2581 5859 2887 5927 accipimus.
