4074 6204
293 266 431 326 1057

1076 268 1279 327 LIBER
1319 268 1411 325 AD
1450 264 1867 337 JANUAltlUM,
1910 262 1999 323 DE
2043 263 2537 325 REPARATIONE
2577 263 2793 325 LAPSI.

3444 264 3589 324 1058

290 388 538 449 pretatur
565 382 876 453 respondens
904 382 1127 454 signum.
1162 399 1259 453 pro
1290 382 1531 453 patibulo
1558 382 1756 437 frontis
1797 396 1888 437 ac-
1913 389 1963 449 Α
1996 380 2132 433 filius
2160 381 2307 450 turpi
2342 381 2485 435 coitu
2513 379 2826 446 maculavit,
2860 386 3049 449 postea
3077 376 3291 434 nubere
3321 385 3415 433 aut
3443 379 3590 434 viros

290 476 554 544 cipimus?
576 477 762 547 Jungit
804 479 1067 549 propheta
1097 480 1222 533 huic
1250 487 1422 548 porta:
1452 487 1477 514 ⁸
1523 478 1892 549 unguentario-

290 583 407 621 rum
454 568 568 623 lora
601 568 790 638 (Ibid.,
823 570 900 641 8),
949 587 1069 641 qua:
1099 585 1197 641 per
1226 571 1563 642 tropologias
1607 571 1887 625 nominum

291 659 362 715 ab
386 660 507 715 aliis
536 664 831 719 virtutibus
861 664 1119 718 dicuntur
1157 678 1279 719 esse
1308 673 1597 719 restructa.
1634 664 1888 735 Unguen-

288 753 553 809 tariorum
596 764 777 811 autem
824 757 943 813 loca
971 773 1092 828 quae
1122 766 1269 825 sunt,
1302 759 1406 812 nisi
1445 758 1534 813 illa
1574 773 1693 828 qua!
1719 756 1892 812 chris-

289 848 450 900 matis
490 849 925 905 sanctilicittione
965 851 1291 921 tanguntur?
1321 851 1580 920 Sequitur
1612 861 1730 919 post
1771 848 1888 905 haec

285 938 315 979 ι)
361 952 513 1013 porta
555 942 748 1014 Frugis
788 943 983 1016 (lbid.,
1035 944 1150 1015 15),
1207 960 1369 1013 quam
1411 960 1512 1000 nos
1542 945 1889 1015 suspicamur

285 1048 409 1089 esse
456 1037 573 1090 oris
623 1050 686 1091 ac
731 1038 945 1108 saporis
994 1035 1261 1102 oflicium,
1310 1052 1409 1109 per
1448 1052 1609 1108 quam
1641 1037 1885 1093 omnium

287 1127 585 1194 seminum,
618 1130 720 1185 hoc
763 1140 867 1193 est,
894 1131 1185 1186 verborum
1228 1131 1320 1185 Dei
1353 1131 1561 1187 fructus
1587 1130 1885 1202 egreditur.

288 1217 615 1277 Resmtatur
645 1230 703 1277 et
735 1232 884 1295 porta
927 1222 1199 1278 Stercorea
1229 1222 1420 1290 (Ibid.,
1456 1222 1571 1294 14),
1600 1240 1761 1294 quam
1788 1237 1887 1279 nos

287 1318 627 1387 suspicamur
677 1333 801 1373 esse
854 1317 1063 1373 narium
1111 1320 1225 1372 sive
1273 1318 1532 1373 odoratus
1563 1319 1880 1384 .intr‘oitum,

286 1423 385 1479 per
431 1400 593 1479 quem
641 1425 740 1465 nos
774 1412 944 1480 turpis
973 1410 1188 1480 decepit
1235 1410 1512 1471 illecebra,
1563 1419 1618 1464 et
1656 1410 1885 1465 assuma-

286 1501 465 1557 vimus
496 1505 644 1557 lucra
668 1518 811 1569 esse,
835 1519 958 1573 quae
983 1512 1141 1557 erant
1167 1514 1410 1558 stercora
1429 1501 1691 1575 (Philipp.
1709 1518 1785 1567 ιιι,
1804 1500 1881 1574 8).

287 1593 615 1651 Restruatur
640 1606 693 1651 et
728 1607 750 1635 ε
784 1595 960 1649 Fortis
988 1606 1138 1667 porta
1169 1595 1232 1668 (ιι
1266 1595 1421 1649 Esdr.
1457 1611 1538 1658 ιιι,
1578 1593 1691 1666 15),
1720 1610 1881 1664 quam

285 1690 452 1744 credo
478 1705 730 1743 manuum
764 1698 1077 1745 nostrarum
1110 1689 1227 1744 sive
1251 1700 1424 1745 tactus
1459 1688 1698 1744 ofﬁcium
1727 1703 1879 1754 esse;

1995 474 2198 530 habere
2227 475 2536 544 permiserit
2568 474 2637 545 (ll
2660 474 2791 547 Reg.
2822 489 2915 536 xx,
2943 474 3021 542 5).
3041 472 3233 528 Nonne
3254 471 3447 528 viduas
3468 488 3585 539 eas,

1995 574 2261 634 praestans
2297 566 2404 620 illis
2428 566 2815 632 substantiam,
2847 580 3021 634 usque
3050 566 3102 619 iu
3127 564 3288 619 ﬁnem
3318 565 3591 623 servavit?

1991 656 2108 713 Non
2139 659 2257 714 vult
2304 659 2498 726 David,
2532 659 2635 713 hoc
2677 670 2784 728 est,
2836 659 3097 715 Dominus
3140 658 3415 725 Christus,
3447 668 3506 714 ttt
3533 661 3587 716 in

1968 762 2288 821 ‘conspectu
2321 752 2440 821 ejus
2465 752 2533 807 ab
2558 752 2667 807 alio
2696 756 2814 808 viro
2842 753 3110 808 habeatur
3135 768 3272 807 uxor
3296 751 3436 823 ejus.
3487 752 3589 809 De-

1992 844 2157 915 nique
2190 846 2337 901 illam
2362 847 2529 901 ﬁliam
2571 847 2701 902 Saul
2748 862 2911 917 quam
2940 846 3008 919 (ll
3054 847 3184 919 Reg.
3221 863 3299 912 ιιι,
3333 849 3402 903 15
3427 851 3592 920 seqq.)

1991 939 2057 995 ad
2106 949 2317 1011 tempus
2350 941 2401 996 in
2453 943 2838 1011 persecutione
2864 941 3198 1012 perdiderat,
3243 944 3587 1013 postmodum

1990 1032 2092 1086 sibi
2148 1034 2396 1102 poposcit
2449 1033 2602 1088 reddi
2633 1043 2799 1105 atque
2844 1035 3092 1099 restitui;
3144 1046 3197 1091 et
3234 1035 3360 1090 licet
3396 1034 3591 1093 fuisset

1989 1126 2155 1181 etiam
2188 1127 2346 1183 alteri
2370 1128 2646 1198 copulata,
2680 1138 2859 1184 tamen
2889 1129 2937 1184 ei
2963 1128 3229 1192 aufertur,
3262 1139 3318 1185 et
3339 1130 3413 1184 illi
3435 1130 3591 1201 cujus

1987 1222 2139 1290 prius
2165 1229 2303 1289 erat,
2334 1220 2659 1276 destinatur.
2704 1222 2957 1277 Polluisti
2991 1238 3219 1277 uxorem
3255 1222 3423 1279 David
3470 1241 3484 1277 :
3521 1239 3589 1282 ne

1990 1313 2225 1369 ulterius
2253 1317 2357 1369 ltoc
2388 1330 2721 1384 praesumas;
2764 1314 2859 1372 sed
2884 1317 3025 1371 sicut
3058 1316 3147 1372 ille
3179 1317 3306 1371 fecit
3333 1319 3423 1388 qui
3466 1333 3587 1375 eam

1988 1416 2295 1475 acceperat,
2329 1406 2465 1461 ﬁens
2497 1422 2561 1463 ac
2588 1407 2781 1478 lugens
2809 1408 2975 1463 redde
3002 1417 3167 1479 atque
3192 1410 3443 1466 restitue.

2057 1499 2150 1554 20.
2201 1502 2279 1554 Ac
2320 1498 2550 1554 forsitan
2597 1511 2946 1571 suggesserat
2993 1502 3092 1556 tibi
3150 1502 3243 1559 ille
3291 1503 3593 1574 sapientior

1988 1591 2245 1645 omnibus
2270 1591 2461 1646 bestiis
2505 1593 2892 1648 etconsiliator
2914 1594 3177 1664 antiquus
3196 1594 3213 1664 (
3234 1594 3365 1650 Gen.
3399 1612 3480 1661 ttt,
3509 1597 3592 1669 1),

1990 1687 2111 1754 quia
2143 1689 2323 1756 possis
2346 1686 2505 1741 istam
2540 1688 2925 1755 paenitentiam
2957 1704 3120 1758 quam
3152 1690 3447 1746 suademus
3470 1692 3592 1759 tibi,

286 1784 410 1854 quia
440 1799 544 1839 non
576 1784 791 1839 fortiter
821 1786 1097 1840 tenuimus
1120 1784 1263 1854 quod
1288 1785 1631 1849 tenebamus,
1664 1794 1718 1837 et
1747 1783 1885 1839 alter
1914 1789 1960 1851 Β
1990 1779 2043 1833 in
2077 1788 2365 1835 senectute
2394 1790 2481 1834 tua
2508 1795 2695 1850 agere,
2727 1790 2784 1837 et
2814 1796 2959 1837 nunc
2986 1781 3187 1837 famem
3221 1783 3489 1839 desiderii
3520 1786 3597 1843 tui

286 1875 411 1929 tulit
432 1891 686 1931 coronam
712 1885 954 1931 nostram
979 1876 1166 1947 (Apoc.
1186 1893 1265 1945 ιιι,
1297 1878 1410 1946 11).
1446 1876 1810 1931 Restruantur
1833 1885 1887 1930 et

287 1969 424 2021 muri
449 1966 742 2023 Natatorite
774 1968 840 2039 (ll
870 1968 1027 2023 Esdr.
1061 1985 1153 2036 ιιι,
1198 1971 1312 2040 15),
1346 1968 1401 2023 id
1444 1977 1548 2035 est,
1581 1969 1753 2024 forma
1788 1970 1883 2022 ba-

286 2062 469 2133 ptismi
504 2066 697 2130 nostri,
729 2073 785 2119 et
814 2064 1029 2135 mystici
1054 2063 1221 2119 fontis
1250 2064 1497 2132 disrupta
1523 2064 1883 2131 munimenta,

286 2171 407 2224 quze
437 2167 563 2211 sunt
592 2156 865 2212 castitatis
910 2158 1171 2228 insignia;
1217 2157 1339 2227 quia
1383 2156 1565 2212 soluto
1603 2171 1699 2227 per
1730 2156 1888 2210 luxu-

285 2249 426 2305 riam
478 2251 832 2304 continentia:
884 2252 1112 2321 pariete,
1150 2250 1301 2305 velut
1340 2249 1594 2320 abruptis
1639 2250 1886 2304 obicibus

287 2343 430 2397 sacri
465 2343 661 2408 laticis,
698 2344 863 2398 foatis
902 2346 1102 2398 undam
1135 2344 1427 2399 effudimus
1456 2353 1618 2413 atque
1646 2343 1886 2414 perdidi-

291 2448 431 2489 mus.
461 2434 624 2503 Cujus
658 2435 798 2489 muri
846 2444 1134 2506 propterea
1177 2437 1433 2490 dicuntur
1460 2436 1677 2499 restrui,
1710 2447 1759 2489 ut
1795 2449 1889 2489 co-

286 2541 614 2597 gnoscamus
655 2537 861 2582 tantam
902 2544 1023 2585 esse
1065 2530 1497 2585 misericordiam
1546 2530 1783 2594 Domini,
1830 2536 1890 2585 ut

288 2622 453 2676 etiam
473 2621 787 2693 interruptae
814 2624 1083 2677 castitatis
1107 2632 1352 2693 tempora
1384 2623 1596 2692 possint
1616 2629 1885 2677 restructa

288 2716 353 2769 ad
383 2717 617 2785 priorem
659 2716 1075 2773 similitudinem
1107 2717 1457 2773 continentire
1485 2718 1689 2773 virtute
1719 2732 1885 2771 revo-

288 2809 422 2864 cnri.
455 2810 546 2865 Sic
568 2818 624 2865 et
655 2818 708 2864 ιιι
734 2826 832 2878 per
856 2810 1119 2865 vocabula
1158 2811 1437 2865 nominum
1467 2826 1529 2864 ac
1557 2810 1886 2879 tropologias

288 2902 555 2969 locorum,
582 2902 699 2958 hsce
726 2918 850 2973 quae
872 2903 1131 2959 dicuntur
1158 2905 1381 2970 restrui,
1407 2904 1586 2960 ofﬁcia
1617 2905 1887 2976 intelligas

288 3008 411 3050 esse
434 2996 831 3051 membrorum.

364 3088 448 3145 19.
478 3089 659 3145 Donec
678 3086 705 3125 ἀ
734 3105 801 3144 ne
823 3103 959 3159 opus
980 3088 1273 3161 Babylonis
1294 3091 1436 3160 regis
1463 3091 1695 3145 imiteris
1719 3090 1882 3163 (Dan.
1924 3130 1931 3135 -

1991 1875 2092 1928 sub
2132 1874 2370 1946 conjugii
2400 1874 2625 1930 nomine
2657 1876 2880 1931 satiare.
2924 1875 3031 1932 Sed
3065 1886 3119 1931 tu
3153 1893 3220 1932 ne
3275 1879 3595 1950 exstinguas

1991 1969 2360 2039 evangelicum
2421 1969 2720 2025 scintillam
2772 1969 3006 2026 humore
3036 1971 3317 2039 vitiorum,
3348 1989 3471 2043 qua:
3524 1974 3594 2031 de

1989 2058 2083 2113 illo
2124 2061 2288 2115 totius
2320 2061 2443 2115 libri
2486 2062 2611 2132 igne
2642 2063 2909 2131 procedit,
2958 2063 3050 2118 ubi
3074 2064 3191 2118 ait:
3238 2064 3450 2133 Stulte,
3491 2066 3591 2122 hac

1990 2162 2136 2206 nocte
2189 2162 2491 2221 exposcetur
2538 2155 2714 2208 anima
2756 2166 2846 2209 tua
2872 2174 2905 2209 a
2953 2155 3182 2227 te(Luc.
3217 2172 3309 2222 tm,
3342 2157 3471 2228 20).
3529 2159 3588 2215 Si

1988 2246 2131 2302 enim
2191 2247 2336 2317 apud
2362 2264 2501 2318 quos
2543 2249 2775 2304 honesta
2808 2250 3064 2321 conjugia
3124 2261 3273 2319 sunt,
3333 2252 3593 2308 diuturna

1990 2353 2113 2394 esse
2157 2354 2263 2393 non
2299 2348 2572 2409 possunt;
2603 2340 2745 2410 apud
2772 2350 2847 2409 te,
2880 2342 2972 2397 ubi
3005 2357 3129 2396 cum
3161 2342 3394 2399 crimine
3422 2358 3594 2415 copu-

1989 2435 2196 2501 lantur,
2225 2436 2464 2505 qualiter
2493 2435 2942 2506 permanebunt?
2976 2436 3169 2491 Veniat
3192 2435 3287 2493 ille
3310 2437 3402 2507 qui
3433 2438 3590 2507 dicit,

1988 2530 2196 2584 crimen
2214 2529 2314 2583 hoc
2329 2529 2731 2584 emendandum
2749 2529 2971 2599 nuptiis,
3001 2538 3053 2586 et
3079 2529 3149 2585 de
3175 2528 3192 2568 ί
3220 2531 3451 2587 sceleris
3473 2540 3593 2587 tan-

1992 2625 2030 2678 ti
2089 2624 2309 2679 nomine
2358 2624 2675 2694 conjugium
2712 2637 2834 2679 esse
2891 2625 3218 2679 vocandum.
3268 2623 3590 2697 Conjugium

1989 2718 2136 2775 enim
2162 2718 2405 2788 religiosi
2427 2716 3001 2772 nominisvocabulum
3026 2727 3109 2773 est
3144 2715 3333 2789 (Hebr.
3368 2734 3484 2778 xm.
3505 2717 3589 2791 4),

1991 2812 2247 2883 quoniam
2280 2810 2393 2866 Deo
2424 2818 2655 2866 auctore
2680 2824 3002 2864 concessum
3032 2820 3135 2865 est.
3171 2811 3310 2866 Ecce
3342 2812 3590 2869 honestis

1990 2905 2260 2975 conjugiis
2313 2904 2515 2958 clamat
2588 2903 2929 2974 Apostolus:
2970 2902 3255 2972 Habentes,
3323 2916 3587 2976 tamquam

1991 3015 2093 3052 non
2129 2997 2373 3051 habentes
2398 2996 2452 3067 (l
2480 2995 2601 3050 Cor.
2637 2995 2882 3067 vtt,29).
2918 2994 2987 3050 Et
3012 2998 3137 3066 quis
3164 2997 3326 3065 dicit,
3362 3008 3387 3047 κ
3422 3000 3595 3055 Adul-

1993 3101 2075 3148 ter
2106 3092 2326 3155 habeat,
2362 3102 2569 3158 utatur,
2598 3091 2890 3146 exerceat?
2923 3090 3033 3147 Sed
3077 3091 3237 3147 video
3265 3092 3333 3148 ad
3364 3094 3493 3165 quid
3534 3110 3595 3153 se

288 3200 344 3248 v,
367 3184 403 3239 ἓ
430 3185 621 3255 seqq),
652 3193 712 3238 ut
743 3185 794 3239 in
826 3184 1024 3254 phialis
1056 3184 1241 3254 templi
1274 3184 1533 3240 dominici
1565 3186 1747 3239 vinum
1774 3200 1890 3255 per-
1917 3181 1963 3246 C
1998 3201 2095 3256 pro
2147 3186 2233 3239 sui
2264 3184 2585 3241 defensione
2614 3194 2932 3248 convertat;
2976 3185 3240 3256 scriptum
3284 3197 3370 3242 est
3412 3189 3589 3256 enim,

290 3278 512 3333 ditionis
545 3289 739 3347 potare
766 3276 969 3332 debere
1016 3288 1067 3333 te
1106 3276 1319 3337 credas,
1360 3288 1412 3332 et
1444 3277 1543 3331 ltoc
1575 3293 1755 3333 coram
1785 3276 1890 3331 diis

291 3370 418 3435 tuis,
455 3368 684 3437 Venere,
719 3369 890 3425 Marte
911 3379 1075 3437 atque
1103 3368 1396 3433 Mercurio,
1430 3368 1479 3421 id
1522 3378 1625 3433 est,
1654 3368 1892 3423 fornica-

290 3463 461 3528 tione,
510 3465 595 3517 vel
624 3462 872 3527 avaritia,
917 3463 1001 3518 vel
1033 3464 1250 3527 furore;
1302 3462 1428 3530 quia
1460 3463 1725 3532 scriptum
1756 3473 1839 3517 est
1873 3480 1887 3517 :

293 3566 317 3594 θ
343 3553 518 3611 Furor
548 3555 768 3609 hominis
793 3557 1119 3610 incontinens
1145 3564 1217 3610 est
1247 3553 1388 3619 (Job.
1421 3571 1570 3621 xx.\'t,
1623 3556 1710 3620 11,
1736 3558 1893 3625 juxta

289 3648 480 3719 LXX),
507 3660 561 3706 et
587 3650 717 3706 alibi
745 3669 757 3703 :
792 3652 1046 3717 Avaritia,
1080 3651 1217 3721 quod
1239 3658 1313 3704 est
1341 3650 1644 3704 idololatria
1669 3647 1891 3720 (Ep/tes.

290 3759 342 3811 v,
368 3746 446 3815 5).
480 3744 594 3799 Non
625 3745 767 3799 enim
794 3745 1026 3814 potestis
1056 3743 1229 3799 solam
1264 3744 1319 3797 in
1358 3744 1583 3812 pecunia
1612 3744 1892 3795 avaritiam

294 3848 645 3906 computare;
676 3837 799 3907 quia
827 3836 907 3890 vel
932 3835 1168 3890 maxime
1190 3835 1413 3889 avaritia
1440 3835 1493 3889 in
1524 3833 1751 3889 libidine
1773 3848 1895 3889 esse

298 3934 558 3997 sentitur,
594 3932 681 3985 cui
728 3945 1024 3999 numquam
1058 3928 1182 3984 ﬁnis
1230 3928 1546 3998 imponitur.
1597 3927 1733 3993 Quia
1766 3942 1896 3982 vero

292 4023 488 4094 phialae
514 4024 567 4078 in
597 4023 802 4083 templo
826 4022 1040 4076 Domini
1065 4021 1305 4091 virgines
1336 4031 1737 4090 nuncupentur,
1764 4020 1897 4075 Pro-

292 4120 453 4189 pheta
486 4135 583 4173 nus
626 4117 787 4173 docet
816 4116 1047 4172 dicendo
1089 4135 1102 4171 :
1135 4115 1384 4171 Triticum
1404 4115 1700 4188 juvenibus,
1731 4126 1779 4168 et
1820 4117 1895 4169 vi-

292 4226 417 4266 num
446 4228 601 4265 suave
626 4210 768 4266 olens
800 4210 1086 4283 virginibus
1116 4208 1297 4279 (Zach.
1331 4225 1411 4273 x1,
1444 4210 1531 4274 17,
1560 4225 1662 4264 sec.
1695 4208 1893 4280 LXX);

293 4320 357 4361 ac
386 4308 430 4360 si
459 4307 544 4360 cui
575 4306 681 4359 vini
716 4306 892 4375 liquor
918 4302 1240 4368 infunditur,
1271 4302 1397 4373 quid
1423 4303 1525 4357 nisi
1550 4302 1733 4372 phiala
1760 4319 1898 4358 nun-

295 4400 554 4467 eupetur?
586 4399 760 4455 Velim
799 4399 1071 4468 siquidem
1102 4414 1130 4451 a
1156 4396 1510 4468 peritioribus
1557 4396 1798 4465 edoceri,
1831 4414 1897 4452 ex

295 4508 402 4565 qua
432 4492 836 4559 Scripturarum
869 4493 1200 4547 auctoritate
1230 4490 1439 4546 nubere
1475 4499 1732 4559 corrupta
1772 4504 1899 4545 sua-

1994 3280 2189 3351 inquit,
2220 3277 2245 3315 ίι
2288 3278 2480 3334 Melius
2531 3288 2603 3334 est
2658 3280 2864 3344 nubere,
2934 3297 3091 3351 quant
3130 3280 3211 3335 uri
3269 3281 3477 3353 (lbid.,
3511 3284 3594 3355 9).

1994 3374 2108 3430 lloc
2139 3377 2206 3428 de
2236 3374 2445 3444 virgine
2472 3373 2676 3429 dictum
2700 3386 2806 3441 est,
2832 3376 2917 3429 vel
2946 3376 3129 3431 vidua.
3169 3376 3273 3432 Ista
3300 3378 3411 3448 jam
3440 3379 3595 3452 virgo

1996 3482 2102 3521 non
2134 3478 2240 3523 est.
2274 3467 2426 3523 Tunc
2452 3468 2749 3534 urebatur,
2779 3476 2834 3524 et
2862 3469 3045 3539 nupsit
3079 3486 3092 3523 :
3124 3487 3268 3527 nunc
3302 3472 3412 3543 jam
3443 3472 3458 3510 ί
3506 3490 3595 3530 re-

1994 3558 2312 3630 frigeretur,
2372 3570 2429 3615 et
2474 3562 2641 3614 vivat.
2685 3561 2848 3632 Virgo
2879 3577 2988 3617 non
3019 3573 3125 3631 est,
3156 3564 3281 3634 quia
3337 3575 3596 3637 corrupta

1997 3662 2080 3706 est
2113 3669 2126 3704 :
2170 3651 2329 3705 vidua
2358 3667 2465 3706 non
2499 3662 2604 3717 est,
2638 3655 2763 3723 quia
2791 3652 2877 3707 vir
2907 3654 3028 3723 ejus
3057 3654 3189 3710 vivit
3223 3656 3275 3710 iu
3304 3666 3593 3714 aeternum.

1999 3742 2068 3798 Ut
2093 3742 2220 3813 quid
2250 3759 2380 3813 ergo
2412 3744 2462 3798 ei
2495 3745 2716 3814 nuptias
2744 3745 3025 3800 suadetis?
3071 3746 3165 3802 Vis
3194 3749 3341 3804 scire
3372 3766 3493 3819 qua:
3522 3752 3597 3808 sit

1998 3834 2314 3904 Apostolica
2348 3837 2617 3891 sententia
2642 3836 2710 3891 de
2743 3836 2847 3891 hoc
2870 3839 3105 3894 errore?
3134 3839 3228 3894 Ait
3272 3841 3323 3895 in
3350 3841 3594 3911 Epistula

1999 3944 2094 3984 sua
2131 3946 2143 3982 :
2175 3928 2399 3982 Omnino
2425 3930 2637 3983 auditur
2664 3931 2797 3984 inter
2826 3945 2911 3985 vos
2936 3932 3233 4002 fornicatio,
3265 3943 3313 3990 et
3340 3936 3460 3992 talis
3482 3938 3595 4007 for-

2002 4023 2215 4085 nicatio,
2246 4021 2418 4089 qualis
2448 4038 2540 4076 nec
2568 4024 2701 4078 inter
2748 4032 2925 4093 gentes
2948 4024 3192 4096 quidem;
3242 4030 3317 4082 ita
3360 4040 3416 4084 ut
3468 4048 3601 4085 uxo-

2001 4132 2107 4169 rem
2136 4116 2297 4183 patris
2328 4116 2409 4169 sui
2435 4121 2552 4186 quis
2579 4117 2592 4166 i
2632 4114 2814 4169 habeat
2850 4116 2893 4187 (l
2923 4116 3045 4172 Cor.
3077 4134 3132 4184 v,
3164 4117 3241 4191 1).
3274 4120 3414 4179 Ecce
3444 4123 3600 4194 quid-

2002 4206 2126 4261 dam
2168 4207 2366 4260 factum
2399 4206 2604 4262 simile.
2630 4206 2781 4263 Uxor
2810 4209 2984 4278 patris
3015 4219 3136 4266 erat
3166 4212 3282 4268 haec
3306 4214 3602 4283 juvencula

2003 4315 2124 4370 qua:
2154 4299 2420 4369 deliquit,
2460 4300 2611 4355 illius
2643 4300 2822 4355 Patris
2863 4303 2953 4371 qui
3008 4317 3107 4360 nos
3147 4306 3321 4376 genuit
3350 4308 3402 4360 in
3453 4308 3604 4365 verba

2003 4393 2233 4447 veritatis
2256 4390 2413 4464 (Jac.
2446 4408 2485 4460 ι,
2520 4392 2632 4465 18).
2665 4393 2841 4462 Tunc,
2870 4396 3062 4462 credo,
3091 4398 3142 4453 ei
3185 4399 3237 4454 in
3292 4402 3605 4473 conjugium

2003 4486 2257 4555 copulata
2280 4493 2386 4552 est,
2420 4487 2641 4557 quando
2671 4487 2976 4544 secundum
3002 4492 3313 4563 exemplum
3343 4493 3606 4553 Rebecca:

296 4585 485 4651 detur;
517 4600 640 4640 cum
673 4584 865 4640 beatus
895 4584 1061 4639 David
1094 4598 1194 4639 nec
1222 4580 1559 4637 concubinas
1602 4594 1728 4635 suas
1757 4594 1893 4650 quas
1917 4572 1972 4633 D
1999 4580 2065 4635 ad
2099 4578 2256 4636 Isaac
2283 4580 2354 4636 de
2381 4580 2775 4653 Mesopotamia
2798 4583 3096 4649 venientis,
3130 4586 3356 4655 pallium
3383 4603 3493 4657 quo
3514 4605 3606 4646 ve-

367 4733 393 4762 ει
435 4724 583 4779 [laud
608 4725 792 4795 procul
819 4739 847 4778 a
871 4731 1025 4793 porta
1054 4724 1225 4779 veteri
1249 4721 1394 4795 {edes
1417 4723 1689 4795 excitasse
1718 4721 1892 4795 fertur

298 4797 531 4852 Anattias
585 4792 805 4863 quidam
836 4796 949 4869 uici;
987 4804 1093 4869 rei),
1125 4792 1313 4869 ῥωκεῒμ
1343 4808 1446 4869 seu
1492 4793 1687 4869 ῥοκεῖμ..
1746 4793 1892 4849 Idem

296 4869 349 4924 in
382 4869 605 4935 Vulgata
640 4870 836 4921 dicitur
876 4868 1016 4933 [ilius
1042 4868 1391 4936 pigmentarii.

369 4940 396 4979 b
426 4946 525 4999 Τήν
554 4941 716 4999 πύλην
731 4947 823 4998 τῆς
849 4935 1129 5012 φάραηοέ.
1164 4936 1381 5012 Portam
1408 4935 1561 5012 uallis
1584 4937 1895 5012 vocantﬁe-

296 5012 480 5067 niores
515 5007 865 5077 interpretes:
900 5007 973 5062 Ex
997 5007 1202 5065 'Graeco
1248 5010 1385 5062 forte
1414 5010 1678 5077 vocabulo
1726 5007 1888 5064 effor-

296 5097 502 5139 ntatutn
536 5083 632 5134 luit
662 5076 857 5153 nomen
902 5079 1115 5153 Frugis.
1144 5080 1286 5153 quod
1332 5080 1387 5153 in
1407 5076 1590 5153 Italica
1627 5079 1891 5153 Versione

297 5165 391 5208 aut
416 5155 467 5205 in
492 5153 674 5221 aliquo
701 5150 1112 5208 Commentario
1143 5150 1460 5205 Bachiarius
1481 5150 1705 5204 invenit.

374 5235 396 5263 ο
428 5223 694 5292 Corrupto
725 5226 826 5276 hoc
854 5224 905 5277 in
936 5224 1057 5277 loco
1081 5221 1381 5290 Scriptura!
1413 5221 1607 5275 codice
1639 5220 1891 5276 utebatur

297 5297 641 5354 Bachiarius.
674 5293 838 5367 LXX
871 5305 1064 5350 vocant
1104 5301 1212 5367 Tne
1231 5294 1392 5352 πύλην
1443 5301 1535 5353 τῆς
1582 5303 1781 5367 πηγῆςς
1830 5310 1892 5349 ac

298 5366 528 5441 perinde
560 5367 613 5422 in
644 5366 878 5441 Vulgata
907 5366 1345 5441 nostra_legimus
1372 5374 1575 5441 portam
1605 5366 1785 5441 fontis.

370 5440 395 5477 ά
431 5440 506 5495 lta
540 5441 794 5495 Ambros.
843 5438 1041 5508 Gryn.,
1077 5436 1257 5491 Donec
1284 5452 1395 5490 nec.
1426 5436 1581 5506 Bign.
1638 5437 1890 5506 pessime,

298 5510 478 5566 Donec
508 5529 656 5582 opus.
688 5512 853 5579 Lege,
889 5512 1117 5582 Denique
1138 5526 1200 5562 ne
1233 5525 1385 5582 opus.

378 5592 399 5619 ε
444 5578 662 5639 Mutilus
692 5578 932 5639 refertur
961 5578 1044 5635 hic
1076 5581 1226 5634 locus
1254 5580 1403 5643 Jobi,
1432 5593 1530 5633 nec
1558 5578 1691 5631 satis
1715 5592 1903 5631 emen-

308 5656 488 5707 datus.
517 5652 707 5710 Graeca
738 5655 1029 5711 Seniorum
1060 5652 1343 5724 versiogita
1380 5650 1569 5704 habet:
1604 5652 1778 5720 Θυμός
1806 5651 1907 5724 γὰρ

304 5728 460 5804 ὀργῆς
470 5728 872 5804 κάξεριτὸιρνχιιιξος,
898 5727 956 5783 τὸ
979 5732 1155 5804 μιᾶναι
1178 5722 1361 5798 ἀνδρὸς
1378 5730 1623 5804 quaedam:

388 5750 460 5786 ms
491 5750 872 5799 ακατασχετος,
898 5750 956 5783 το
1020 5750 1155 5782 ιαναι
1178 5750 1361 5798 (napo;
1388 5750 1623 5796 γυναικα.

388 5798 405 5835 ί
466 5797 609 5852 Edit.
654 5796 928 5868 Lugdun.,
956 5750 1018 5853 ti;
1041 5800 1233 5853 scelere
1256 5796 1390 5851 tanti
1419 5794 1660 5849 nominis.
1713 5795 1916 5867 Conju-

2001 4723 2146 4848 ﬁium
2179 4721 2292 4777 Deo
2322 4732 2531 4777 auctore
2553 4723 2849 4778 concessum
2875 4740 3003 4791 esse,
3043 4724 3235 4782 iisdem
3270 4728 3451 4785 verbis
3481 4745 3607 4801 pro-

2024 4796 2187 4848 'tetur
2214 4797 2266 4847 in
2285 4795 2424 4848 libro
2452 4796 2516 4848 de
2543 4791 2678 4848 Fide
2708 4811 2861 4848 num.
2891 4795 2944 4848 5.

2024 4796 2187 4851 itetur
2214 4797 2266 4847 in
2285 4795 2424 4849 libro
2452 4796 2516 4849 de
2543 4791 2678 4848 Fide
2708 4811 2861 4851 num.
2891 4795 2944 4850 5.

2076 4876 2099 4913 ε
2128 4867 2413 4928 Ambros.,
2445 4867 2762 4920 adulteram.

2072 4934 2101 4973 1|
2134 4938 2455 4991 Ambrosius
2495 4940 2563 4992 de
2597 4938 2774 5010 Lapsu
2809 4938 3045 5009 Virginis
3076 4954 3352 5008 consecr.,
3386 4960 3437 5001 c.
3466 4947 3522 5010 5,
3544 4964 3602 5005 ιι.

1998 5010 2061 5063 21
2104 5026 2116 5062 :
2153 5010 2295 5082 Dicet
2325 5010 2513 5077 aliquis
2542 5007 2782 5082 Melius
2807 5020 2881 5063 est
2902 5007 3113 5076 nubere,
3137 5028 3293 5082 quant
3316 5018 3417 5071 uri.
3488 5007 3608 5075 Hoc

2001 5082 2194 5135 dictqu
2221 5080 2288 5134 ad
2330 5098 2433 5133 non
2482 5079 2767 5151 pollicitam
2810 5084 3048 5149 pertinet,
3096 5079 3164 5138 ad
3213 5091 3442 5143 nondum
3470 5093 3610 5145 vela-

2001 5161 2126 5205 tam.
2185 5152 2438 5206 Craterum
2464 5168 2580 5223 (ματ
2599 5169 2654 5206 se
2699 5153 2984 5219 spot-audit
3031 5154 3235 5211 Christo
3277 5171 3324 5212 et
3369 5172 3606 5216 sanctum

2000 5227 2234 5300 velamen
2268 5224 2484 5300 accepit,
2507 5226 2621 5300 jam
2644 5224 2843 5300 nupsit,
2865 5228 2985 5297 jam
3012 5227 3295 5283 immortali
3312 5232 3507 5300 juncta
3527 5240 3606 5288 est

2000 5296 2133 5378 viro.
2164 5293 2230 5378 ξι
2255 5296 2370 5378 jant
2390 5293 2437 5348 si
2484 5293 2706 5349 uolueris
2733 5293 2922 5378 nubere
2933 5304 3227 5378 __commu_ui
3258 5293 3367 5378 lege
3417 5305 3605 5378 conju-

2004 5368 2115 5441 g_ii,_
2146 5360 2461 5441 adulterium
2487 5367 3001 5441 perpetrat,_ancilla
3030 5372 3210 5424 mortis
3240 5360 3472 5441 eﬂicitur.
3508 5360 3609 5429 ’νί-

2008 5439 2143 5492 desis
2203 5437 2422 5493 Dissert.
2489 5437 2723 5508 ’2,'cap.
2774 5439 2829 5503 5,
2888 5447 2945 5495 et
2991 5437 3290 5496 auctorem
3345 5444 3470 5500 libri
3542 5447 3609 5501 de

2018 5508 2361 5581 Virginitate,
2392 5510 2526 5583 olim
2570 5510 2770 5583 Basilio
2799 5510 2872 5566 Μ.
2916 5510 3147 5581 ascripti
3200 5528 3349 5568 nunt.
3392 5516 3496 5583 59,
3539 5517 3610 5575 ad

2014 5582 2218 5636 calcem
2245 5593 2355 5637 tom
2384 5581 2425 5638 ll
2456 5582 2588 5636 Ben.
2616 5582 2750 5637 edit.
3381 5625 3384 5628 .

2100 5652 2113 5690 ί
2149 5654 2338 5727 Amhr.
2365 5655 2676 5727 sequimur;
2706 5653 2861 5723 editi,
2894 5653 3251 5727 refrigeratur.

2100 5726 2111 5773 ἱ
2164 5726 2382 5793 Ambr.,
2412 5724 2668 5780 habuerit.
