4074 6204
531 236 674 305 loss

1224 238 1430 301 LIBER
1469 232 1822 298 BACIIIARII
1864 226 2220 295 MONARClll
2260 236 2348 296 DE
2390 235 2884 297 RE"ARATIONE
2923 236 3153 325 LAPSl.

3696 232 3827 289 1060

530 364 739 418 laretur
770 367 973 431 caput,
1007 359 1217 429 accepit
1244 358 1401 430 (Gen.
1433 372 1583 422 xxiv,
1617 355 1687 411 65
1709 352 1751 425 ).
1800 354 1875 410 De
1907 352 2011 411 hoc
2040 350 2119 409 fa-
2152 362 2207 424 Α
2230 356 2379 412 dicas
2415 357 2665 428 :‘Agnita
2694 358 2867 428 stupri
2900 372 3091 424 causa,
3125 359 3208 413 vir
3237 356 3361 428 ejus
3385 370 3507 412 eam
3539 351 3742 421 deiecit
3765 365 3829 404 ac

529 462 619 509 (ιο
645 453 935 523 Apostolus
958 452 1097 508 dicit
1131 469 1143 506 :
1184 449 1318 507 Dedi
1346 449 1651 523 Imjusmodi
1678 447 1941 503 hominem
1966 444 2126 501 Sata-

527 563 610 602 nae
638 549 691 601 in
718 547 982 601 interitum
1028 546 1220 609 carnis,
1253 555 1307 601 ut
1336 545 1555 615 spiritus
1583 542 1759 597 salvus
1802 542 1894 609 fiat
1924 539 1969 611 (l
1999 538 2122 593 Car.

528 656 585 705 ν,
609 642 722 709 5).⁶ι
744 638 1018 710 Numquid
1044 639 1199 705 dixit,
1227 637 1395 703 .lussi,
1422 646 1483 691 ut
1509 637 1559 692 ei
1585 651 1750 705 quam
1773 641 2120 703 corruperat,

526 733 731 790 nubat?
786 733 915 801 Sed,
947 733 1066 787 dedi
1094 749 1213 788 eum
1261 730 1476 788 Satanas
1504 733 1557 785 in
1608 730 1873 785 interitum
1928 728 2145 782 carnis.’

525 828 761 897 Satanas
815 825 960 881 enim
1005 823 1398 895 interpretatur
1449 824 1780 887 contrarius;
1810 836 1906 891 per
1953 818 2122 890 quod,

524 921 714 987 credo,
743 920 1039 991 significat,
1074 928 1134 974 ut
1163 918 1422 988 quidquid
1468 918 1809 972 contrarium
1866 913 2080 970 deliciis
2108 956 2122 980 ,

524 1014 790 1087 quidquid
818 1013 1161 1071 contrarium
1191 1012 1457 1067 voluntati
1489 1021 1592 1077 est,
1627 1020 1798 1065 totum
1828 1024 1959 1067 caro
2001 1022 2127 1063 seu-

524 1109 626 1167 tiat
655 1124 775 1180 qua:
805 1105 1058 1177 deliquit,
1090 1116 1145 1161 ut
1174 1106 1389 1175 spiritus
1418 1105 1593 1161 salvus
1622 1103 1714 1173 ﬁat
1746 1105 1799 1158 in
1832 1103 1966 1157 diem
2025 1099 2128 1155 Do-

526 1205 653 1259 mini
684 1204 846 1258 nostri
870 1200 999 1257 Jesu
1028 1199 1239 1256 Christi.

594 1297 686 1352 2t.
742 1295 850 1353 Sed
879 1304 934 1352 et
964 1304 1020 1351 tu
1048 1294 1217 1350 frater
1238 1335 1253 1356 ,
1284 1292 1534 1363 quisquis
1561 1291 1656 1348 tibi
1710 1292 1815 1346 hoc
1844 1288 2079 1346 suaserit
2106 1328 2120 1354 ,

520 1405 831 1447 exsecrare.
876 1388 1079 1458 Aspice
1120 1388 1299 1453 enim,
1332 1387 1457 1457 quia
1490 1399 1787 1455 numquam
1820 1384 1875 1439 in
1909 1382 2121 1439 sacrifi~

523 1483 626 1540 ciis
658 1497 862 1554 pecora
904 1484 1061 1538 senio
1093 1481 1341 1537 confecta
1370 1478 1706 1551 juguluntur,
1739 1477 1835 1533 sed
1884 1477 2118 1545 ubique,

524 1589 617 1634 aut
647 1594 842 1648 agnus,
876 1588 969 1631 aut
996 1577 1226 1643 vitulus,
1254 1575 1282 1614 δ
1312 1586 1402 1629 aut
1428 1576 1629 1640 hircus,
1663 1583 1755 1627 aut
1784 1571 1971 1626 haedus
2022 1571 2126 1623 im-

524 1672 763 1729 molatur
792 1671 809 1740 (
835 1670 1004 1725 Exod.
1049 1685 1177 1725 χιιι
1207 1680 1255 1724 et
1299 1669 1471 1739 alibi),
1500 1668 1555 1722 id
1586 1679 1687 1730 est,
1729 1676 1915 1720 tenera
1947 1664 2124 1719 adhuc

2233 451 2451 519 repulit.
2489 450 2659 507 Fallis
2689 462 2761 521 te,
2796 451 3015 518 fratrer,
3049 456 3177 522 quia
3204 469 3300 523 per
3332 448 3666 520 Proplietam
3717 447 3829 516 ipse

2230 546 2575 616 proclamat:
2613 547 2742 614 Quis
2789 547 2917 603 liber
2969 548 3177 616 repudii
3234 548 3417 601 matris
3472 552 3681 609 vestrm,
3732 556 3828 610 quo

2230 656 2347 695 eam
2397 641 2609 695 dimisi?
2662 640 2818 709 (lsai.
2852 657 2904 707 ιο,
2938 641 3019 711 Ι.)
3077 640 3148 696 Et
3187 639 3364 694 alibi:
3412 635 3691 705 Numquid
3744 633 3831 702 9ιὶ

2226 734 2387 799 cadit,
2441 750 2544 788 non
2595 734 2861 807 resurget?
2898 744 2989 786 aut
3024 741 3257 788 avertens
3301 748 3406 785 non
3459 724 3830 783 convertatur?

2232 826 2405 894 Quare
2459 843 2563 880 non
2595 828 2806 895 ptenitet
2851 826 3079 899 populus
3105 842 3248 881 meus
3286 822 3558 879 amulitiis
3596 822 3735 885 suis,
3785 828 3830 873 et

2226 921 2419 975 detenti
2446 921 2500 975 in
2524 921 2875 991 propositione
2902 936 2998 975 sua
3028 919 3278 989 maligna,
3319 917 3602 972 nolueth
3643 913 3832 968 recerti

2228 1015 2297 1067 ad
2326 1029 2405 1068 me
2435 1011 2649 1084 (Jerem.
2686 1028 2801 1079 vui,
2835 1015 2891 1081 4,
2924 1013 2980 1083 5)
3009 1013 3032 1066 i
3070 1012 3213 1067 Ecce
3246 1009 3515 1082 propheta
3559 1020 3630 1063 ex
3688 1020 3832 1074 prte-

2229 1116 2392 1176 cepto
2426 1106 2640 1162 Domini
2681 1106 3031 1162 meretricem
3072 1105 3233 1161 duxit
3278 1119 3503 1159 uxorem
3529 1102 3679 1172 (au.
3702 1118 3743 1166 ι,
3795 1103 3831 1157 9

2228 1213 2365 1268 seqq.
2396 1200 2449 1268 );
2500 1210 2554 1254 et
2586 1212 2640 1254 tu
2671 1199 2809 1256 dicis
2849 1199 3090 1254 animam
3115 1199 3184 1253 ad
3218 1196 3582 1268 perditionem
3621 1210 3653 1248 ιι
3714 1194 3829 1249 Deo

2229 1305 2355 1349 esse
2378 1292 2716 1362 projectum?
2743 1292 2851 1347 Sed
2882 1307 2982 1347 nec
3003 1307 3105 1362 ego
3141 1289 3468 1347 contradico
3489 1290 3615 1345 huic
3640 1287 3829 1357 conjec

2227 1384 2338 1454 gio,
2364 1385 2406 1439 si
2436 1394 2592 1455 potes
2625 1385 2785 1441 talem
2807 1385 3043 1440 fructum
3074 1400 3140 1440 ex
3166 1384 3269 1439 hoc
3307 1383 3660 1439 matrimonio
3704 1397 3827 1452 pro-

2230 1493 2442 1541 creare,
2477 1480 2657 1549 qualis
2693 1478 2960 1548 processit
2986 1478 3055 1534 de
3077 1477 3381 1534 Bethsabee
3410 1489 3574 1547 atquc
3613 1475 3777 1531 David
3804 1514 3822 1543 ,

2229 1588 2391 1641 quem
2421 1572 2681 1631 Dominus
2715 1589 2810 1643 per
2844 1574 3165 1643 prophetam
3188 1570 3215 1610 ἀ
3255 1571 3528 1643 Dirigiam.
3568 1570 3672 1625 hoc
3705 1580 3817 1637 est,

2224 1663 2279 1723 iu
2335 1665 2485 1719 verba
2516 1664 2749 1731 Domini,
2785 1666 3123 1735 nuncupavit
3147 1664 3229 1735 (ιι
3265 1664 3394 1736 Reg.
3424 1678 3520 1727 xtl,
3552 1663 3623 1718 25
3649 1663 3689 1732 ),
3731 1664 3823 1733 qui

522 1778 716 1836 parva,
742 1765 826 1819 vel
856 1764 1068 1819 modica
1099 1771 1341 1831 peccata.
1366 1763 1426 1817 In
1447 1776 1559 1817 uno
1590 1768 1772 1815 tamen
1798 1760 1919 1815 loco
1946 1757 2120 1813 Eliam
2155 1781 2201 1840 Β
2231 1756 2371 1810 inter
2402 1756 2651 1812 homines
2679 1758 2858 1812 dictus
2897 1768 2981 1814 est
3007 1757 3290 1822 Salomon,
3321 1756 3427 1810 hoc
3473 1768 3576 1821 est,
3625 1752 3822 1823 Paciﬁ—

514 1857 744 1927 leginms
793 1858 983 1912 bovem
1041 1856 1347 1921 obtulisse,
1390 1855 1483 1910 sed
1533 1855 1636 1909 hoc
1674 1852 1850 1907 semel
1908 1860 2119 1906 tantum

520 1951 613 2022 (Ill
644 1951 774 2023 Reg.
806 1967 956 2017 xviii,
989 1949 1103 2021 35).
1133 1951 1247 2004 Hoc
1273 1950 1361 2003 uni
1390 1949 1542 2003 licuit
1590 1942 1883 2011 Salvatori,
1917 1946 2006 2013 qui
2039 1944 2123 1998 in-

521 2054 767 2101 veterata
802 2045 969 2098 totius
1002 2042 1190 2114 populi
1224 2049 1447 2113 peccata
1479 2038 1765 2109 iugulavit.
1799 2035 1903 2093 Sed
1938 2049 2038 2090 nec
2069 2044 2126 2089 tu

522 2148 684 2209 putes
736 2138 915 2192 adhuc
948 2138 1162 2192 haedum
1196 2146 1442 2192 tenerum
1475 2146 1626 2189 tuum
1658 2149 1782 2188 esse
1814 2141 2120 2202 peccatum.

525 2230 656 2287 Mihi
713 2230 904 2295 crede,
945 2230 1132 2285 hircus
1162 2239 1267 2284 est.
1322 2228 1466 2281 Ecce
1513 2243 1611 2295 per
1666 2233 1801 2295 quot
1857 2235 2122 2278 terrarum

524 2330 734 2376 tractus
757 2319 946 2374 fetoris
981 2321 1077 2385 tui,
1115 2321 1218 2375 hoc
1249 2329 1357 2381 εει,
1390 2318 1551 2373 fama:
1582 2317 1758 2383 turpis
1785 2313 1972 2383 opinio
2005 2328 2125 2382 per-

522 2416 753 2485 agravit.
814 2414 1066 2481 Qualiter
1095 2428 1228 2484 ergo
1268 2412 1412 2483 quod
1445 2410 1518 2466 ita
1558 2410 1712 2475 fetet,
1776 2423 1881 2463 non
1938 2407 2124 2462 hircus

522 2523 647 2565 esse
678 2509 921 2564 dicitur?
952 2508 1225 2579 Propheta
1250 2509 1467 2562 beatum
1514 2506 1650 2560 dicit
1678 2518 1799 2559 esse
1827 2519 1950 2559 eum
1976 2545 1990 2569 ,
2030 2503 2123 2571 qui

519 2610 672 2660 tenet
725 2602 985 2673 parvulos
1040 2602 1359 2673 Babylonis,
1439 2600 1722 2670 alliditque
1777 2597 1844 2652 ad
1910 2604 2120 2667 petram

513 2696 692 2769 (Psal.
720 2712 941 2764 cxxsvr,
973 2694 1052 2769 9).
1080 2698 1143 2750 Et
1173 2706 1230 2750 tu
1254 2705 1570 2764 exspectas,
1601 2694 1780 2749 donec
1810 2692 1962 2762 gigas
1996 2700 2126 2746 tuus

517 2788 778 2845 inimicus
801 2788 1114 2844 efficiatur?
1146 2788 1255 2845 Sed
1290 2789 1335 2842 si
1385 2787 1465 2842 vis
1495 2789 1663 2852 scire,
1691 2786 1804 2855 jam
1832 2784 1981 2855 gigas
2012 2794 2118 2839 est.

520 2880 647 2941 lio:
675 2883 825 2939 enim
858 2892 917 2941 ut
945 2884 1236 2953 cupierunt
1264 2881 1363 2937 lilii
1395 2881 1492 2939 Dei
1523 2880 1663 2936 filias
1687 2880 1996 2945 hominum,
2029 2893 2122 2932 ua-

516 2974 555 3029 ti
584 2984 715 3030 sunt
745 2975 873 3031 inde
904 2986 927 3014 ο
952 2978 1203 3046 gigantes
1233 2974 1252 3047 (
1280 2973 1408 3029 Gen.
1444 2989 1519 3043 vr,
1546 2972 1612 3043 4)
1647 2991 1660 3025 :
1696 2971 1843 3043 quod
1876 2971 2122 3027 enormis

518 3066 749 3127 nimium
780 3078 835 3125 et
865 3069 1008 3124 ultra
1041 3077 1311 3124 staturam
1370 3067 1748 3137 peccaminum
1781 3066 2119 3134 reliquorum

2229 1866 2341 1917 cus,
2377 1861 2430 1905 ct
2458 1851 2696 1906 universi
2730 1853 2902 1917 orbis,
2931 1852 2984 1907 id
3006 1860 3111 1915 est,
3140 1854 3305 1907 totius
3360 1851 3597 1906 hominis
3657 1852 3824 1905 tenuit

2231 1945 2628 2014 principatum.
2671 1946 2818 2000 Talis
2868 1946 3011 2001 ﬁlius
3058 1948 3300 2001 nascitur
3343 1960 3411 1999 ex
3458 1944 3818 2015 poenitentia:

2231 2036 2392 2095 talem
2440 2037 2749 2105 parturiunt
2795 2040 3030 2107 gemitus
3059 2047 3112 2093 et
3167 2038 3398 2093 lamenta
3428 2037 3820 2108 plangentium.

2228 2128 2479 2199 Denique
2508 2132 2628 2199 ipse
2652 2132 2844 2186 beatus
2871 2130 3058 2191 David.
3088 2147 3210 2187 cum
3242 2133 3293 2186 in
3325 2132 3698 2187 adulescentia
3727 2147 3819 2185 sua

2228 2234 2351 2275 cum
2402 2221 2651 2277 adultera
2702 2222 3086 2293 deprehensus
3131 2226 3222 2289 sit,
3262 2225 3312 2277 in
3363 2233 3652 2279 senectute
3699 2238 3821 2277 cum

2227 2315 2438 2385 virgine
2485 2318 2767 2372 invenitur
2812 2319 2905 2389 (Ill
2938 2317 3065 2389 Reg.
3096 2334 3135 2383 ι,
3187 2318 3454 2390 iseqq.);
3504 2330 3563 2374 ιιι
3625 2318 3822 2373 intelli-

2227 2425 2444 2480 gamus,
2478 2413 2603 2481 quia
2635 2422 2759 2482 post
2788 2426 3071 2483 peccatum
3106 2414 3265 2484 longa
3294 2413 3518 2467 castitas
3562 2413 3820 2467 imitatrix

2229 2516 2311 2561 est
2334 2507 2683 2573 virginitatis.
2708 2508 2813 2562 Sed
2843 2518 2897 2562 ει
2928 2519 2982 2561 ιιι
3014 2506 3229 2562 imitare
3261 2507 3541 2572 Davidcm,
3576 2517 3635 2561 nt
3663 2521 3823 2577 quam

2230 2601 2466 2654 habuisti
2525 2602 2578 2655 in
2610 2601 2938 2670 corruptelae
2990 2600 3125 2655 vitio
3180 2600 3472 2671 collegam,
3515 2600 3720 2655 trabeas
3767 2601 3823 2654 in

2229 2694 2570 2760 ptenitentiu:
2626 2695 2814 2750 labore
2862 2704 3216 2749 consortem:
3259 2711 3367 2749 non
3423 2705 3482 2748 ut
3537 2696 3825 2765 conjuncti

2228 2787 2559 2855 pmriiteatis,
2590 2788 2685 2843 sed
2716 2798 2769 2842 ut
2801 2788 3037 2858 separati
3063 2788 3130 2842 ad
3148 2789 3828 2860 alterutrum,unumopus

2225 2878 2436 2947 agendo
2461 2878 2797 2949 jungamini;
2829 2880 2954 2951 quia
2989 2881 3288 2936 fumantem
3316 2882 3493 2937 adhuc
3521 2882 3592 2938 de
3634 2884 3827 2939 incen-

2225 2971 2314 3024 dio
2337 2972 2607 3038 titionem,
2632 2974 2739 3027 cito
2767 2990 2932 3028 Verax
2960 2974 3176 3030 ﬂamma
3208 2975 3647 3043 comprehendit.

2297 3064 2388 3117 Ἦ.
2415 3065 2553 3121 Ante
2575 3068 2755 3122 omnia
2795 3068 2981 3139 igitur,
3019 3070 3219 3137 frater,
3268 3084 3614 3142 nequaquam
3661 3072 3715 3127 in
3770 3084 3824 3129 te

516 3161 757 3235 gigantis
782 3160 956 3216 forma
988 3170 1091 3217 est.
1125 3159 1202 3216 Ac
1232 3160 1278 3215 si
1306 3159 1431 3230 quis
1461 3167 1550 3215 est
1577 3159 1836 3222 l'ortasse,
1888 3158 1982 3227 qui
2039 3156 2119 3210 di-
2147 3174 2192 3235 α
2226 3159 2769 3230 despcratioinimica
2786 3170 3016 3228 crescat,
3052 3181 3119 3219 co
3150 3166 3292 3235 quod
3340 3179 3555 3221 asserat
3583 3168 3679 3223 ille
3706 3168 3824 3222 iulia

523 3264 639 3321 cat,
698 3254 823 3323 quia
878 3252 1048 3309 David
1096 3268 1217 3309 eam
1249 3267 1409 3322 quam
1440 3251 1789 3312 adulteravit,
1843 3252 2007 3303 etiam
2067 3249 2119 3303 in

513 3346 830 3416 conjugium
863 3362 979 3401 suae
1001 3346 1285 3401 societatis
1308 3342 1601 3398 adsciverit
1626 3343 1695 3412 (ll
1725 3341 1859 3414 Reg.
1890 3356 1965 3408 χι,
2000 3340 2115 3410 27);

516 3452 626 3493 non
674 3446 757 3492 est
786 3451 950 3493 causa
978 3436 1289 3497 consimilis
1322 3451 1337 3488 :
1371 3435 1485 3497 haec
1509 3433 1656 3491 enim
1692 3434 1888 3502 conjux
1939 3431 2114 3503 regis,

515 3530 607 3593 illa
636 3541 817 3586 autem
844 3545 980 3585 uxor
1001 3530 1197 3587 militis
1226 3528 1348 3585 fuit.
1382 3527 1480 3583 llle
1506 3539 1695 3597 utpote
1726 3529 1896 3583 homo
1939 3536 2116 3583 terre-

518 3639 647 3692 nus,
674 3624 850 3693 potuit
879 3621 1117 3679 factione
1139 3620 1386 3678 subdola:
1411 3621 1549 3676 artis
1574 3620 1805 3676 interfici
1838 3637 1852 3675 :
1882 3619 2001 3674 Rex
2023 3634 2122 3673 au-

517 3725 627 3773 tem
660 3716 761 3772 istc
790 3715 1030 3772 cmlestis
1061 3724 1165 3782 est,
1195 3713 1351 3785 cujus
1375 3730 1511 3769 uxor
1549 3724 1803 3783 corrupta
1834 3723 1918 3768 εει
1955 3722 2117 3782 atque

509 3811 730 3867 violata.
791 3809 1146 3882 Nequaquam
1176 3814 1227 3865 ei
1261 3812 1444 3880 passio
1475 3810 1669 3865 mortis
1741 3810 2112 3879 approximat,

515 3906 605 3975 qui
638 3920 746 3962 non
776 3915 863 3963 est
893 3904 1238 3975 temporalis,
1273 3903 1372 3959 scd
1402 3916 1665 3959 teternus.
1698 3904 1764 3957 Et
1796 3914 1977 3961 tamen
2024 3902 2121 3957 Da-

518 4000 629 4066 vid,
665 4017 770 4055 non
800 4010 1073 4071 praesente
1094 3997 1221 4057 Uria
1242 3997 1489 4063 Hethmo,
1514 3990 1767 4068 quamvis
1788 3997 1964 4052 milite
1991 4011 2112 4061 suo,

515 4111 847 4169 quamquam
900 4096 1127 4151 homine
1182 4106 1423 4160 terreno,
1457 4093 1807 4163 praesumpsit
1835 4093 1937 4147 sibi
1985 4106 2119 4147 con-

510 4189 755 4247 cubitum
788 4186 1116 4245 Betbsahee.
1149 4185 1363 4253 Nonne,
1398 4202 1504 4240 non
1537 4186 1716 4241 Solum
1759 4186 2008 4254 ingerere
2036 4184 2111 4255 ei,

513 4282 612 4338 sed
659 4283 828 4337 etiam
876 4291 1205 4352 extorquere
1256 4286 1487 4335 conatus
1544 4288 1631 4334 est
1681 4277 1864 4351 (ibid.
1893 4278 2007 4347 l5),
2061 4286 2119 4335 ut

511 4387 637 4447 post
688 4375 870 4433 cibum
903 4384 1198 4444 potumque
1239 4387 1403 4442 quem
1443 4372 1670 4427 subdola
1727 4380 1847 4427 arte
1902 4372 2109 4443 largius

506 4467 751 4541 iusserat
809 4466 1133 4534 ministrari,
1179 4466 1327 4521 domi
1366 4481 1483 4520 sua:
1513 4475 1745 4536 toroque
1799 4466 2117 4522 cubitaret?

2223 3251 2390 3316 delis,
2412 3253 2622 3323 lapsum
2646 3269 2752 3309 non
2774 3272 2931 3325 posse
2945 3260 3209 3327 reparari;
3230 3274 3350 3314 cum
3374 3261 3634 3316 Dominus
3657 3262 3821 3318 dicat:

2226 3344 2363 3412 Quia
2394 3349 2565 3401 omnia
2592 3359 2820 3418 peccatu,
2853 3362 2901 3404 et
2943 3351 3276 3422 blasphemia:
3304 3356 3626 3409 remittantur
3658 3356 3823 3409 homi-

2222 3439 2406 3506 nibus;
2434 3443 2522 3511 qui
2550 3452 2720 3496 autem
2751 3447 3038 3513 peccaverit
3063 3448 3121 3499 in
3163 3446 3449 3517 Spiritum,
3483 3466 3586 3504 non
3636 3450 3822 3504 remit-

2223 3542 2357 3586 tetur
2384 3532 2673 3603 ei(tllatth.
2706 3552 2805 3603 xu,
2847 3536 2963 3609 51).
3016 3538 3128 3609 Ego
3180 3550 3362 3595 autem
3403 3541 3553 3607 dico,
3602 3542 3705 3598 hoc
3743 3542 3823 3613 ip-

2222 3639 2341 3680 sum
2370 3625 2664 3695 desperare
2692 3628 2761 3684 de
2794 3630 3043 3697 Domino,
3106 3631 3157 3685 in
3194 3632 3457 3703 Spiritum
3504 3649 3631 3692 esse
3686 3648 3822 3706 pce-

2222 3732 2370 3782 care,
2418 3722 2544 3791 quia
2607 3721 2860 3779 Dominus
2891 3724 3123 3795 Spiritus
3149 3735 3224 3780 est
3282 3725 3719 3799 (Joan.tv,24),
3761 3737 3823 3784 et

2222 3813 2345 3869 ideo
2393 3829 2500 3870 non
2535 3817 2832 3872 remittitur
2860 3818 2932 3885 ei,
2969 3818 3093 3889 quia
3134 3835 3242 3874 non
3283 3820 3589 3877 crediderit
3636 3822 3821 3877 Domi-

2222 3923 2348 3962 num
2410 3908 2642 3965 reddere
2700 3910 2803 3965 sibi
2873 3926 3034 3979 posse
3073 3927 3193 3982 quae
3234 3913 3492 3983 perdidit.
3544 3914 3684 3982 Quid
3735 3924 3820 3970 est

2222 4002 2389 4065 enim,
2424 4001 2568 4071 quod
2616 4003 2777 4057 nobis
2810 4004 3040 4060 obsistet
3069 4003 3139 4061 de
3168 4006 3371 4061 venia?
3415 4008 3675 4063 Dominus
3716 4021 3816 4062 uo-

2220 4104 2333 4151 ster
2361 4098 2703 4167 omnipmens
2731 4109 2835 4153 est.
2864 4097 3136 4171 Numquid
3159 4101 3533 4173 omnipotenti
3567 4103 3819 4173 impossi-

2220 4190 2329 4247 bile
2374 4199 2457 4245 est
2485 4190 2669 4247 delere
2706 4194 3028 4262 peccatum?
3095 4193 3357 4250 Dominus
3390 4206 3590 4265 noster
3643 4197 3819 4251 bona:

2221 4292 2336 4349 est;
2360 4283 2483 4353 quia
2507 4301 2655 4339 nemo
2684 4286 2868 4353 bonus,
2896 4288 2994 4342 nisi
3017 4304 3150 4343 unus
3176 4289 3317 4345 Deus
3338 4288 3492 4364 (Luc.
3526 4304 3677 4357 mn,
3705 4291 3817 4361 l9).

2219 4375 2491 4447 Numquid
2520 4378 2572 4431 in
2618 4389 2641 4416 ο
2671 4379 2758 4434 illa
2791 4380 3060 4450 praecipua
3091 4382 3338 4441 bonitate
3366 4392 3422 4439 et
3451 4383 3693 4453 perfecta
3722 4397 3822 4454 po-

2223 4478 2330 4523 test
2360 4468 2463 4524 hoc
2492 4470 2682 4524 vitium
2712 4470 2933 4539 cadere,
2959 4481 3146 4528 utnon
3180 4475 3366 4530 audiat
3385 4474 3818 4546 deprecantem!

510 4563 592 4619 Tu
618 4562 852 4634 qualiter
884 4562 1102 4617 vivente
1131 4561 1250 4615 viro
1277 4574 1342 4615 ac
1366 4569 1675 4630 praesente,
1700 4560 1865 4615 simul
1904 4572 1958 4616 et
2006 4560 2112 4616 Re-
2141 4562 2197 4624 D
2225 4564 2338 4632 Age
2368 4577 2519 4633 ergo,
2554 4563 2731 4618 amice
2759 4604 2775 4631 ,
2817 4580 3086 4639 consurge
3112 4584 3127 4633 ;
3168 4575 3224 4624 et
3274 4569 3488 4641 perdita
3522 4573 3665 4627 inter
3716 4571 3824 4626 ilu-

507 4674 597 4731 ge,
630 4658 776 4730 quod
804 4658 889 4713 his
920 4657 1093 4731 majus
1119 4666 1224 4724 est,
1261 4655 1556 4711 immortali
1591 4664 1754 4726 atque
1808 4664 2111 4729 perpetuo,

508 4752 866 4811 concubitum
921 4750 1015 4808 tibi
1046 4750 1313 4811 adultera:
1355 4748 1693 4815 vindicabis?
1737 4748 1844 4813 Sed
1876 4749 2112 4807 fortasse

577 4922 603 4951 η
654 4915 749 4970 llis
792 4913 971 4985 jungit
1015 4914 1208 4971 Anthr.
1252 4911 1479 4985 reliqua
1512 4910 1757 4969 Paulina
1792 4911 2095 4985 sententiae

505 4986 695 5051 verba,
721 5000 841 5054 quae
872 4984 1123 5055 leguntur
1155 4988 1208 5041 in
1236 4984 1343 5045 line
1377 4984 1536 5054 hujus
1560 4984 1855 5050 sectionis,
1891 4985 2099 5039 omissa

502 5060 721 5129 penitus
742 5055 1066 5129 intermedia
1086 5055 1461 5129 explicatione
1493 5055 1789 5129 Bachiarii.

579 5129 604 5169 b
638 5128 813 5189 Invito
845 5127 1128 5185 Bnchiat‘io
1150 5127 1404 5196 suspicor
1434 5126 1749 5193 irrepsisse,
1779 5136 1869 5183 aut
1897 5126 2097 5181 hircus.

499 5199 640 5328 9am
679 5212 732 5259 et
778 5198 1018 5273 glossam
1073 5198 1325 5257 redolent
1355 5216 1477 5266 quae
1517 5198 1701 5253 statim
1744 5210 2051 5267 sequuntur
2087 5216 2099 5251 :

537 5292 572 5328 η
624 5289 726 5328 uno
778 5282 946 5326 tamen
999 5270 1112 5325 loco
1137 5268 1310 5324 Etiam
1342 5270 1559 5328 legimus
1607 5270 1786 5325 bovem
1832 5269 2099 5325 obtulisse.

537 5268 572 5328 is
624 5289 726 5329 uno
778 5268 946 5326 tamen
999 5270 1112 5325 loco
1137 5268 1310 5324 Etiam
1342 5270 1559 5336 legimus
1607 5270 1786 5325 bovem
1832 5269 2101 5325 obtulisse.

498 5345 707 5412 Quibus
737 5344 1025 5410 expunctis
1072 5341 1147 5401 ita
1175 5342 1413 5412 legerem
1492 5378 1507 5392 .
1540 5409 1548 5412 Α
1588 5380 1601 5393 .
1686 5380 1699 5392 .
1734 5350 1963 5410 peccata.
2000 5341 2105 5397 Sed

502 5409 600 5483 [ac
622 5416 776 5473 semel
804 5409 1006 5469 tantum
1029 5412 1125 5469 hoc
1151 5415 1243 5469 uiti
1275 5410 1423 5465 licuit
1455 5409 1742 5467 Saluatori.

576 5499 598 5526 ο
631 5488 811 5557 Bign.,
854 5488 963 5543 nati
994 5496 1119 5542 sunt
1137 5484 1270 5539 inter
1316 5484 1551 5557 gigantes
1582 5493 1628 5539 et
1681 5496 1900 5557 petram.
1957 5483 2105 5557 [teti-

498 5570 633 5614 nent
660 5552 798 5623 hac,
835 5559 885 5613 ni
918 5557 1100 5623 fallor,
1151 5570 1296 5610 vene
1318 5552 1623 5624 scripturae
1664 5552 1884 5624 vestigia
1925 5573 1937 5607 :
1974 5552 2104 5611 Nati

496 5639 617 5703 sunt
644 5631 700 5703 in
726 5639 759 5682 ι,
776 5647 862 5703 rra
889 5631 1226 5703 gigantes.__ct
1250 5623 1527 5703 Rogitabit.

572 5699 597 5738 ἀ
653 5702 726 5754 Ita
779 5696 910 5757 edit'.
944 5696 1010 5755 in
1043 5696 1265 5765 Ambr.,
1316 5696 1785 5768 Dirigcniqliinus
1840 5705 2096 5766 corrupte

500 5768 803 5827 Eucherius
837 5770 890 5826 in
919 5770 1013 5826 lib.
1048 5770 1110 5825 lll
1142 5771 1273 5840 Reg.
1310 5765 1532 5839 aliique,
1569 5765 1805 5823 Ididain.
1863 5767 1973 5824 Sed
1999 5765 2097 5825 ne-

2225 4665 2344 4712 ctus
2372 4656 2559 4711 swculi
2594 4657 2847 4714 mercede
2872 4667 3034 4730 atque
3065 4661 3393 4727 substantia,
3412 4663 3565 4720 velut
3592 4662 3818 4729 naufra-

2218 4767 2322 4824 gus
2358 4747 2375 4790 ί
2410 4751 2478 4807 ad
2524 4767 2685 4809 uuam
2730 4754 2968 4819 tabulam
2991 4753 3147 4827 (Luc.
3180 4774 3271 4828 sv,
3309 4758 3420 4830 l5),
3477 4760 3580 4817 hoc
3611 4771 3720 4827 est,
3746 4759 3817 4817 ad

2201 4927 2310 4982 que
2338 4926 2538 4985 nomen
2571 4911 2989 4985 hoc‘siguiticat,
3017 4915 3075 4970 in
3122 4916 3272 4985 mbo
3300 4915 3539 4980 Domini,
3568 4920 3667 4975 sed
3688 4919 3817 4975 dile-

2202 4993 2343 5037 ctum
2370 4984 2598 5039 Domini.
2621 4984 3016 5040 Theodotiunis
3037 4987 3351 5043 versionem
3379 4989 3697 5046 Bachiarius
3722 5007 3816 5046 se-

2203 5057 2409 5125 quitur,
2436 5071 2557 5124 qurc
2588 5058 2660 5131 ita
2692 5054 2895 5131 habet:
2936 5059 2995 5115 τὸ
3027 5055 3190 5131 ὄνομα
3218 5063 3378 5131 «ergo
3402 5058 3602 5118 ἰεδιδια
3631 5063 3683 5117 ἂν
3713 5062 3817 5118 ὀνό-

2203 5150 2329 5199 ματι
2355 5130 2535 5214 μυρίον
2553 5170 2565 5193 ,
2610 5127 2676 5181 Et
2702 5130 2899 5182 vocavit
2930 5127 3124 5212 nomen
3142 5134 3264 5214 ejus
3291 5130 3505 5216 Jedidia
3527 5132 3810 5203 (dilectum

2209 5201 2457 5264 Domini)
2504 5216 2555 5253 in
2607 5200 2756 5253 verbo
2805 5198 3042 5254 Domini.
3091 5201 3228 5258 Vide
3268 5204 3526 5264 (ingenui
3567 5203 3807 5264 ﬂcsapla

2209 5219 2457 5264 υοιιιιῐιι)
2504 5219 2555 5253 ιη
2607 5219 2756 5253 υενυο
2805 5219 3042 5254 uonmtt.
3099 5219 3228 5258 τιαε
3268 5219 3526 5275 υινιεθιιιιι
3567 5219 3807 5276 uexapta

2207 5286 2237 5326 a
2267 5270 2675 5345 Montfaueunio
2710 5271 2966 5345 collecta,
3000 5280 3133 5328 tom.
3170 5276 3211 5339 ι,
3248 5289 3373 5345 pag.
3414 5276 3545 5331 535.

2291 5352 2312 5378 θ
2362 5342 2565 5411 Legere
2594 5358 2659 5397 ne
2690 5342 2911 5399 dubites
2939 5360 2959 5415 :7
3004 5345 3058 5398 in
3088 5345 3234 5401 illaut
3252 5342 3577 5415 principum
3600 5349 3807 5402 tonitru

2212 5422 2335 5489 tem,
2370 5424 2417 5467 et
2444 5417 2749 5489 perfectam,
2767 5425 2890 5489 etc.
2927 5414 3075 5489 llaec,
3111 5418 3177 5489 ni
3216 5414 3393 5489 fallor,
3421 5414 3646 5474 enatant
3665 5419 3805 5489 apud

2211 5484 2581 5559 Lactantium,
2619 5487 2701 5541 vel
2728 5485 2899 5559 alium
2933 5486 3225 5544 Bachiario
3247 5488 3638 5559 antiquiorem.

2284 5556 2303 5594 ί
2341 5557 2484 5631 Edit.
2519 5557 2703 5631 Bigu”
2737 5556 3047 5631 Naufragus
3093 5561 3251 5615 imam
3281 5556 3536 5627 totum,
3578 5559 3676 5615 hoc
3707 5572 3802 5631 est,
3900 5610 3913 5623 ,

2207 5627 2477 5703 scientiam
2523 5629 2711 5703 divini,
2759 5627 2875 5703 etc.
2927 5627 3123 5702 Gryn.,
3169 5632 3468 5703 naufragiis
3508 5635 3579 5689 ad
3622 5627 3802 5687 imam.

2200 5692 2335 5827 mss,
2369 5715 2529 5756 unam
2559 5698 2627 5756 ad
2649 5692 2810 5759 fidem
2838 5692 3543 5777 Ambrosianiexcmpiacis
3566 5706 3807 5764 restitui-
