4074 6204
316 240 443 315 ιιδιιι

716 240 1104 313 ZACCHIEUS
1142 242 1602 312 cunts'rtiuos
1658 242 1752 311 ar
1792 252 2148 312 EVAGRIUS
2188 251 2582 314 uouacuus.
2635 254 3177 315 PROLEGOMENA.
3234 306 3251 325 κ

3472 244 3615 315 1062

306 365 591 423 scientiam
623 367 859 426 todiviui
900 371 1127 429 canonis
1159 380 1304 434 tene,
1345 384 1467 438 qua:
1496 379 1549 424 te
1579 368 1814 424 adducat
1835 369 1903 424 ad
1933 374 1985 434 Α
2009 370 2136 440 quin
2188 373 2332 425 venio
2361 372 2453 426 tibi
2504 372 2625 436 cito,
2660 383 2708 427 et
2753 374 2996 429 amovebo
3050 373 3421 428 candelabrum
3476 384 3621 428 tuum

308 462 486 527 littus,
544 462 634 518 ubi
690 464 767 519 ait
824 480 839 517 :
914 464 977 519 Si
1031 463 1396 534 dereliquerint
1429 464 1526 531 lilii
1576 466 1693 535 ejus
1750 463 1909 534 legem

308 571 501 622 meam,
528 565 576 611 et
599 558 651 611 in
673 556 895 629 judiciis
925 558 1048 611 meis
1077 572 1182 611 non
1209 556 1585 613 auibutaverint
1620 558 1703 611 :si
1749 556 1912 628 justi-

308 652 580 719 ﬁcationes
636 669 773 707 meas
828 653 1235 724 profanaverint,
1269 660 1318 705 et
1342 652 1592 706 mandata
1640 668 1753 707 meo
1806 669 1909 706 non

308 743 647 803 custodierit“
690 760 707 796 :
743 744 962 800 visitabo
990 746 1045 799 in
1074 746 1218 817 uirga
1265 746 1563 815 iniquitates
1615 762 1815 810 eorum,
1863 756 1911 800 et

305 836 597 893 verberibus
626 848 833 907 peccata
855 854 1063 905 eorum;
1092 840 1503 895 misericordiam
1524 850 1695 893 autem
1745 856 1911 894 meam

307 944 410 985 non
463 928 757 1002 dispergam
783 929 849 985 ab
900 932 994 997 eis,
1025 948 1187 1003 neque
1226 934 1418 987 nocebo
1447 934 1500 987 in
1532 934 1746 987 veritate
1798 949 1910 987 mea

307 1017 484 1087 (Paul.
515 1036 777 1084 Lxxxvm,
807 1020 1022 1093 51—54).
1083 1024 1159 1078 De
1184 1024 1339 1093 cujus
1370 1026 1474 1079 hoc
1504 1024 1626 1080 ﬁliis
1666 1026 1910 1081 dicitur?

308 1112 500 1171 Nonne
526 1114 737 1175 Domini
764 1118 934 1171 nostri
955 1116 1083 1174 .lesu
1111 1115 1338 1184 Christi,
1383 1136 1519 1188 quos
1547 1121 1907 1176 ecclesiastici
1945 1162 1953 1171 .

308 1205 474 1267 fontis
505 1216 693 1267 uterus
743 1218 798 1265 et
830 1211 1024 1267 secreti
1086 1226 1150 1266 ac
1190 1212 1432 1282 perplexi
1461 1213 1622 1268 vulva
1660 1215 1909 1285 mysterii

308 1301 627 1370 parturivit;
659 1316 797 1372 quos
825 1312 981 1359 natos
1019 1301 1213 1358 Crueis
1243 1319 1380 1360 cuna
1428 1306 1691 1376 suscepit,
1733 1306 1910 1363 Evan-

306 1395 433 1466 gelii
473 1394 713 1453 mamilla
746 1396 1003 1452 lactavit?
1031 1397 1126 1453 Vis
1171 1407 1228 1455 et
1274 1400 1419 1455 scire
1461 1400 1585 1469 quia
1620 1400 1903 1471 baptizati,

309 1503 416 1543 non
465 1489 871 1557 cathecumeni,
928 1492 1021 1547 lilii
1068 1494 1453 1562 appellantur?
1499 1495 1719 1564 Aspice,
1762 1494 1907 1565 quod

309 1581 430 1651 ipse
452 1582 732 1651 Apostolis
763 1584 880 1639 suis
909 1585 1045 1639 dixit
1081 1603 1095 1640 :
1124 1584 1248 1640 1am
1268 1604 1369 1641 non
1392 1587 1565 1641 dicam
1593 1604 1787 1653 servos,
1818 1588 1909 1641 sed

306 1676 446 1745 ﬁlios
495 1675 613 1749 [Gr.
644 1676 839 1751 φίλους]
874 1676 1054 1747 (Joan.
1090 1696 1178 1747 xv,
1230 1680 1344 1751 15).
1391 1681 1457 1737 Et
1483 1688 1539 1735 tu
1573 1697 1724 1752 ergo,
1758 1680 1806 1735 si
1848 1682 1909 1735 ti-

2013 463 2201 534 (Apoc.
2221 478 2281 530 tt,
2311 464 2388 533 ὅ).
2440 465 2503 521 Et
2526 466 2578 521 in
2609 466 2792 536 priore
2811 477 2964 537 parte
2990 468 3111 523 libri
3147 469 3498 523 innumerum
3519 484 3618 537 po-

2014 560 2199 627 pulum
2242 560 2446 617 vidisse
2475 574 2534 615 se
2561 561 2693 615 dicit
2721 562 2908 633 (Apoc.
2941 577 3036 628 vn,
3070 562 3185 631 t5),
3216 562 3306 631 qui
3360 562 3413 616 in
3454 561 3623 616 tribu-

2017 650 2220 705 latiotte
2275 652 2527 707 laverunt
2583 652 2757 707 stolas
2792 668 2941 721 suas,
2977 662 3033 707 et
3079 652 3341 707 candidas
3391 667 3483 706 eas
3541 652 3622 706 fe-

2014 755 2207 799 cerunt
2242 747 2290 799 in
2322 746 2588 815 sanguine
2618 747 2797 817 Agni;
2837 762 2973 816 quos
2998 747 3125 801 dicit
3160 747 3283 816 quia
3316 749 3502 816 Agnus
3528 746 3623 801 Dci

2014 836 2250 891 deducat
2276 837 2344 890 ad
2375 839 2502 894 vita:
2560 838 2963 909 tontes(lbid.,
3028 838 3141 909 Π).
3198 838 3371 907 Quem
3442 848 3620 893 tamen

2015 944 2115 982 nos
2146 943 2433 985 numerum
2464 930 2848 1000 pmnitentium
2876 945 3000 987 esse
3030 931 3322 996 sentimus,
3354 931 3481 1001 quia
3514 948 3619 986 non

2014 1021 2116 1077 nisi
2150 1038 2244 1091 per
2275 1023 2685 1079 tribulationem
2716 1025 3103 1095 planctumque
3127 1025 3318 1079 salvati
3361 1033 3507 1079 sunt.

2085 1114 2173 1170 25.
2239 1116 2304 1170 Et
2336 1127 2391 1172 tu
2424 1132 2553 1187 ergo
2586 1118 2703 1172 lava
2734 1119 2929 1173 stolam
2965 1128 3109 1174 tuam
3143 1121 3195 1174 in
3239 1120 3386 1174 fonte
3442 1120 3620 1191 lacry-

2015 1224 2224 1265 marum
2260 1226 2272 1261 :
2310 1209 2337 1249 δ
2366 1210 2601 1266 fortasse
2629 1214 2840 1281 poteris
2867 1212 3094 1283 byssum
3127 1213 3395 1267 castitatis
3440 1213 3621 1267 imita-

2014 1303 2081 1355 ri.
2116 1302 2260 1368 Quid
2294 1304 2339 1357 si
2370 1303 2785 1360 donaverittibi
2821 1321 3136 1375 purpuram,
3174 1315 3230 1360 et
3279 1316 3335 1359 tu
3368 1320 3467 1375 pro
3514 1322 3616 1360 no—

2013 1392 2160 1449 mine
2182 1393 2300 1462 ejus
2322 1408 2543 1450 succum
2578 1396 2652 1450 ιιιί
2684 1397 2897 1451 cruoris
2927 1395 3211 1453 eﬂ'undas?
3249 1398 3349 1451 Cor
3364 1411 3489 1452 cum
3521 1415 3619 1453 au-

2017 1492 2123 1539 tem
2176 1484 2458 1543 abundare
2510 1486 2610 1541 tibi
2644 1487 2868 1556 poterit,
2901 1489 2945 1543 si
2973 1488 3261 1545 erubueris
3292 1490 3346 1544 in
3380 1490 3448 1545 iis
3496 1507 3616 1561 qua:

2014 1587 2174 1633 antea
2211 1579 2456 1649 gessisti.
2487 1581 2596 1635 Nec
2622 1581 2804 1636 deerit
2838 1582 2933 1637 tibi
2968 1583 3319 1654 hyacinthus,
3352 1585 3399 1639 si
3444 1585 3621 1641 livme

2019 1682 2040 1721 tt
2072 1674 2382 1731 obcalueris
2409 1689 2609 1743 corpus
2645 1681 2835 1742 tnum',
2868 1692 2922 1731 ct
2954 1678 3006 1731 in
3037 1680 3363 1735 servitutem
3391 1679 3621 1749 redege-

308 1769 441 1828 lium
473 1769 640 1825 fuisse
680 1781 733 1826 te
764 1772 928 1836 nosti,
985 1770 1087 1827 hoc
1119 1783 1225 1838 est,
1279 1774 1323 1827 si
1357 1775 1719 1842 apostolicum
1770 1777 1822 1828 in
1853 1784 1904 1829 te
1941 1774 1983 1836 Β
2013 1766 2087 1818 ris
2118 1766 2162 1835 tl
2194 1764 2316 1820 Cor.
2347 1783 2422 1830 ut,
2455 1768 2569 1834 Ἡ).
2603 1768 2682 1823 Ac
2714 1771 2792 1823 sic
2825 1785 2946 1823 cum
2969 1770 3052 1825 Itis
3074 1772 3354 1827 coloribus
3387 1772 3620 1828 fortasse

307 1860 513 1931 aliquid
542 1861 800 1928 habuisti,
836 1878 935 1919 nec
966 1863 1045 1918 sic
1090 1864 1383 1932 desperare
1435 1866 1785 1931 permitteris.
1847 1865 1903 1921 Si

307 1969 440 2013 vero
468 1955 638 2021 servi,
668 1954 773 2011 hoc
797 1966 905 2020 est,
953 1957 1258 2024 peccatoris
1290 1942 1423 2011 usus
1454 1973 1513 2011 es
1542 1973 1761 2027 semper
1789 1959 1911 2011 otti-

308 2047 433 2111 cio;
496 2048 672 2116 major
728 2047 821 2102 tibi
870 2048 1030 2103 detur
1055 2048 1121 2103 ad
1160 2051 1597 2119 consurgendum
1636 2051 1904 2107 audacia:

308 2141 435 2211 quia
462 2140 580 2210 ejus
602 2142 692 2211 qui
717 2142 784 2197 tle
817 2140 1005 2199 humili
1039 2141 1257 2211 labitur,
1294 2143 1467 2199 levior
1491 2152 1572 2198 est
1606 2143 1795 2208 ruina;
1855 2153 1911 2198 et

311 2234 536 2291 minoris
560 2234 852 2293 iracundiae
883 2235 1129 2305 pondere
1156 2247 1527 2306 praegravatus
1552 2238 1619 2304 is,
1653 2238 1743 2305 qui
1767 2253 1911 2292 sem-

312 2341 411 2397 per
439 2328 494 2383 in
553 2342 742 2385 errore
790 2341 1064 2392 versatus,
1121 2331 1187 2385 ad
1246 2340 1455 2389 rectam
1511 2332 1802 2402 aliquando
1851 2346 1911 2388 se

310 2428 594 2478 convertat
624 2420 789 2475 vitam
822 2419 923 2492 [An
954 2421 1151 2493 viam],
1185 2438 1343 2491 quam
1379 2423 1485 2487 bis,
1510 2425 1599 2492 qui
1635 2434 1755 2493 post
1788 2440 1913 2479 san-

310 2519 427 2567 ctos
455 2521 609 2567 actus
638 2512 869 2581 turpiter
899 2511 1114 2580 vixerit,
1150 2524 1204 2568 et
1238 2523 1477 2570 veterem
1515 2530 1750 2583 pannum
1792 2516 1911 2569 rudi

312 2606 550 2663 assuerit
574 2605 896 2661 vestimento
927 2605 1120 2678 (Marc.
1154 2622 1212 2671 tt,
1264 2606 1379 2675 21).
1412 2607 1550 2674 Quid
1574 2622 1706 2664 vero
1744 2607 1910 2673 illud,

314 2696 456 2768 quod
480 2697 615 2755 dicit
645 2699 710 2755 ad
742 2700 1019 2767 Ecclesias
1046 2716 1173 2757 suas
1197 2702 1249 2755 in
1292 2703 1643 2773 Apocalypsi,
1676 2718 1796 2773 qua:
1825 2703 1908 2757 in-

314 2799 400 2848 ter
416 2790 657 2849 ﬁdeliora
684 2809 969 2853 numerum
998 2795 1412 2864 septiformibus
1439 2796 1783 2851 candelabris
1811 2798 1911 2850 sub

314 2885 559 2942 custodia
579 2887 822 2958 angelica
847 2897 872 2926 ιι
894 2889 1314 2958 comparantur?
1334 2886 1610 2954 Memento,
1631 2890 1765 2943 unde
1783 2891 1915 2943 ceci-

317 2976 473 3047 deris,
505 2988 551 3034 et
564 2995 663 3053 age
677 2981 1047 3050 paiiitcntiant,
1081 2982 1315 3050 ctpriora
1340 2997 1496 3053 Opera
1519 2992 1606 3035 tua
1635 2986 1720 3053 fac
1740 2998 1758 3037 :
1779 2983 1914 3037 alio-

389 3188 415 3219 α
444 3178 634 3234 Ambr.
650 3223 662 3245 ,
698 3175 998 3231 ornabatur.

392 3249 417 3293 δ
448 3250 652 3309 Locum
679 3249 1059 3316 depravatum,
1112 3250 1466 3321 laxatumque
1518 3252 1570 3306 in
1630 3252 1911 3309 veteribus

318 3322 648 3389 editionibus
702 3321 916 3375 sanitati
974 3321 1251 3377 reddimus
1309 3323 1647 3389 auctoritate
1707 3326 1913 3381 codicis

320 3388 686 3448 Ambrosiani.
736 3391 1018 3463 Mysticam
1060 3394 1203 3461 quod
1230 3393 1423 3448 attinet
1462 3386 1703 3449 colorum
1745 3396 1917 3466 expli—

318 3466 613 3529 cationem,
667 3477 854 3533 parum
925 3473 1109 3519 noster
1155 3466 1366 3519 recedit
1404 3467 1471 3520 ab
1507 3466 1776 3535 Origene,
1829 3469 1918 3538 qui

330 3597 451 3610 —-a‘

2012 1861 2217 1925 poteris
2248 1860 2300 1911 in
2360 1861 2770 1916 tabernaculum
2826 1862 3045 1919 Domini
3100 1864 3317 1919 misceri
3374 1866 3621 1935 quamlu—

2011 1964 2136 2020 que.
2175 1951 2319 2018 Hoc,
2354 1950 2713 2009 dilectissime
2766 1954 2972 2022 frater,
3007 1956 3082 2011 tui
3126 1972 3316 2014 amore
3344 1966 3399 2013 et
3429 1958 3618 2017 dolore

2009 2044 2366 2111 eoinpulsus,
2425 2046 2588 2107 etiam
2654 2062 2814 2117 supra
2870 2051 3013 2105 vires
3069 2065 3219 2105 meas
3280 2052 3618 2120 possibilita-

2014 2144 2233 2205 tetnque
2275 2139 2503 2201 tentavi.
2534 2138 2614 2195 Tu
2646 2139 2876 2199 habebis
2906 2141 2959 2199 in
2985 2141 3072 2197 die
3094 2142 3286 2209 judicii
3342 2141 3619 2210 duplicem

2017 2244 2261 2298 ptenam,
2310 2230 2354 2284 si
2402 2233 2549 2287 velut
2589 2232 2808 2301 aspides
2836 2233 3038 2299 surdas,
3076 2235 3468 2291 incautationis
3523 2252 3621 2292 no-

2013 2330 2142 2379 strae
2174 2323 2342 2383 verba
2373 2326 2647 2394 respueris
2678 2325 2851 2394 (Psat.
2883 2342 3014 2391 LVII,
3044 2327 3137 2397 5);
3167 2337 3263 2383 aut
3303 2325 3330 2371 ἀ
3358 2343 3625 2398 spernen—

2014 2418 2143 2475 dum
2166 2419 2492 2483 credideris,
2526 2429 2622 2475 aut
2648 2422 2892 2490 rogantis
2918 2422 3168 2487 verbum,
3198 2434 3291 2475 aut
3347 2423 3623 2479 monentis

2016 2516 2339 2581 consilium,
2391 2528 2487 2570 aut
2536 2517 2777 2571 dolentis
2837 2517 3113 2572 allectum.
3164 2518 3323 2573 Jesus
3370 2516 3621 2577 Christus

2018 2604 2190 2661 Filius
2231 2607 2326 2662 Dei
2377 2608 2592 2663 sublata
2647 2610 2742 2663 tibi
2798 2623 2893 2678 per
2944 2610 3205 2665 invidiam
3260 2610 3507 2676 diaboli,
3568 2612 3619 2667 in

2017 2699 2243 2770 duplum
2302 2713 2389 2755 tua
2448 2703 2589 2756 bona
2650 2702 2944 2769 restituat;
2996 2707 3188 2772 sicque
3241 2704 3622 2771 reconcilieris

2020 2794 2254 2853 Domino
2277 2834 2293 2860 ,
2341 2804 2399 2849 ut
2427 2794 2590 2850 etiam
2630 2810 2729 2863 pro
2775 2795 2934 2851 nobis
2967 2798 3057 2867 qui
3089 2796 3252 2852 amici
3292 2796 3370 2852 tui
3392 2811 3621 2864 sumus,

2022 2891 2359 2948 intervenire
2383 2893 2646 2947 merearis
2702 2893 2756 2947 in
2788 2893 3020 2949 Domino
3062 2903 3251 2949 nostro
3291 2893 3420 2950 Jesu
3467 2895 3626 2950 Citri-

2023 2995 2129 3041 sto.
2155 2985 2353 3040 Amen.

1947 3204 1990 3265 ί)
2019 3180 2182 3265 Hom.
2203 3185 2259 3265 it
2288 3185 2338 3265 in
2373 3184 2547 3265 Brod.
2578 3201 2727 3239 num.
2755 3187 2789 3241 ὅ
2808 3188 2922 3242 haec
2950 3190 3143 3265 habet;
3178 3189 3341 3265 Bgsso
3365 3189 3628 3258 (Conferri

2022 3258 2233 3323 potem)
2264 3256 2535 3332 virginitas
2565 3274 2583 3311 :
2612 3273 2783 3332 cocco,
2819 3263 3160 3332 confessionis
3193 3256 3399 3331 gloria;
3428 3278 3628 3332 purpu-

2022 3342 2125 3393 rat,
2154 3329 2423 3407 alacritatis
2444 3330 2662 3407 fulgor,
2698 3328 3004 3402 hyacintho,
3034 3350 3153 3404 spes
3184 3328 3328 3407 regni
3358 3328 3627 3391 cartorum.

2102 3407 2123 3435 ο
2157 3396 2368 3464 Ambr.,
2404 3396 2706 3454 obvolreris.

2102 3467 2127 3505 ιι
2170 3470 2335 3539 Lege,
2362 3483 2429 3523 et.

328 3594 3627 3639 mm

1568 3731 1750 3794 ,ΔΝΝΟ
1792 3732 2025 3781 ΩΟΜΙΝΙ
2070 3734 2344 3780 CGCGXX.

410 3895 1771 4065 ZACCHKEUS
1907 3902 3548 4072 CHRISTIANUS

874 4341 1844 4501 iVAGBiUS
1944 4345 3129 4497 MONACHUS.

1436 4596 1692 4662 (Biblioth.
1713 4596 1828 4647 Yet.
1858 4596 1993 4647 Patr.
2019 4595 2241 4649 Galland.
2270 4603 2387 4649 tom.
2415 4595 2526 4659 IX.)

1494 4908 2466 4995 PROLEGOMENA‘.

406 5247 460 5303 1.
512 5243 927 5302 Vetustissimos
992 5256 1114 5297 csse
1186 5239 1532 5309 Dialogorum
1597 5237 1766 5292 libros
1835 5237 1923 5305 qui
1955 5253 2010 5315 D
2034 5234 2461 5307 diligentemque
2488 5237 2885 5295 discussionem
2913 5283 2929 5308 ,
2954 5254 3082 5317 post
3112 5246 3394 5303 consultos
3423 5264 3447 5301 ιι
3484 5249 3639 5307 nobis

330 5341 584 5398 Ztccum
619 5352 815 5391 nomen
849 5333 1147 5405 praeferunt
1169 5375 1183 5397 ,
1223 5349 1288 5387 ex
1321 5332 1645 5400 antiquitate
1670 5344 1797 5383 mss.
1832 5344 1925 5384 c0-

331 5434 511 5490 dicum
545 5474 558 5498 ,
618 5431 783 5485 immo
824 5444 888 5483 ex
938 5428 1049 5496 ipsa
1086 5426 1346 5481 librorum
1397 5425 1634 5479 lectione
1689 5430 1924 5479 constat.

333 5526 549 5581 Certam
583 5537 745 5592 porro
782 5520 1021 5576 auctoris
1057 5526 1272 5572 {etatem
1315 5518 1595 5589 prmtigere
1637 5528 1926 5595 operosum

334 5616 471 5671 adeo
497 5632 560 5671 ac
590 5614 808 5670 difﬁcile
830 5612 989 5669 nobis
1024 5610 1196 5685 visum
1229 5618 1334 5675 est,
1363 5618 1418 5679 ut
1465 5616 1591 5689 post
1618 5617 1925 5685 accuratam

2038 5330 2181 5385 viros
2211 5331 2579 5399 doctissimos,
2623 5335 2754 5387 nihil
2782 5337 3121 5406 exploratum
3153 5343 3415 5396 hactenus
3446 5357 3641 5398 occur-

2038 5426 2192 5479 rerit.
2247 5424 2541 5480 Enimvero
2590 5438 2696 5481 tam
2736 5430 2983 5486 studiose
3024 5442 3079 5487 et
3123 5434 3277 5502 quasi
3331 5439 3640 5509 composito

2038 5532 2234 5570 immeo
2292 5532 2449 5571 suum
2495 5519 2873 5577 di~sitnulassc
2920 5523 3138 5579 videtur
3176 5532 3367 5582 auctor
3401 5527 3506 5583 iste
3533 5572 3546 5591 .
3585 5544 3639 5585 ut

2038 5609 2225 5681 ﬁctitia
2259 5621 2466 5673 tantum
2494 5614 2713 5671 nomina
2743 5613 2994 5677 Ζιοοιιιει
3029 5626 3082 5673 et
3132 5617 3425 5679 Apoccouu
3456 5622 3641 5691 altiso-

412 5780 439 5810 κ
466 5768 872 5843 Disqnisitionis
909 5768 1072 5843 hujus
1106 5778 1297 5827 auctor
1328 5763 1596 5831 Acherius
1617 5763 1697 5827 ἵει
1731 5773 1863 5831 tom.
1899 5765 1915 5824 l
1949 5766 2243 5842 Spicilegii,
2276 5769 2341 5827 ad
2367 5784 2491 5843 pag.
2527 5772 2576 5828 t.
