4074 6204
516 243 657 299 1065

1230 236 1622 303 ΖΑΟΟΗᾹΞΗΞ
1661 236 2110 301 CHRISTIANUE

2214 241 2255 299 Τ
2295 240 2646 303 EVAGRIUS
2690 242 3090 306 MUNACHUS.

3679 240 3821 304 Ὀὓς

512 359 588 415 rit
629 356 866 429 Dialogis
889 356 1005 415 suis
1032 375 1045 411 :
1084 366 1137 414 et
1167 359 1493 428 profiteatur
1522 360 1651 417 licet
1670 374 1732 415 se
1767 376 1833 416 ex
1865 358 2117 428 superio-
2143 362 2191 422 A
2221 369 2467 415 sanctum
2498 361 2891 434 Hieronymum
2925 364 3241 435 (g),Lttcam
3257 359 3641 419 Tudensemin
3655 360 3825 418 Chro-

513 466 635 507 rum
668 451 888 507 Patrum
913 452 1285 507 monumentis
1318 467 1471 507 suam
1506 452 1760 507 hausisse
1782 451 2113 521 doctrinam,

516 545 677 602 unius
716 554 896 599 tamen
929 558 1030 599 nec
1068 559 1264 599 nomen
1295 545 1555 615 apponit,
1588 559 1689 599 nec
1722 543 1916 613 scripti
1946 558 2119 615 genus

519 640 744 698 indicat.
786 639 1026 694 Proinde
1090 638 1385 695 nonnullas
1433 639 1718 693 dumtaxat
1771 638 2117 709 conjecturas

516 734 613 791 hic
646 734 766 801 tibi,
803 734 974 789 lector
996 731 1239 805 erudite},
1270 731 1533 788 exhibere
1561 732 1827 803 cogimur.

589 829 643 883 2.
684 825 958 883 Professio
991 825 1238 881 Zaccltaei
1272 827 1444 881 nostri
1494 841 1598 879 non
1628 824 1856 896 perinde
1887 824 2116 881 obscura

517 938 583 980 ac
612 922 731 994 ejus
760 931 894 977 aetas
926 937 939 974 :
972 936 1094 974 nam
1133 934 1256 974 cum
1295 928 1437 974 teste
1484 917 1872 990 Cassiano(a),
1928 933 2118 973 mona-

513 1016 634 1074 stici
663 1018 802 1071 ritus
836 1030 943 1071 non
978 1014 1082 1069 nisi
1119 1014 1185 1069 ab
1214 1014 1459 1085 expertis
1486 1014 1625 1068 tradi
1660 1024 1901 1084 queant;
1936 1029 2000 1068 ex
2030 1013 2116 1069 his

511 1127 634 1183 quae
661 1110 854 1165 scribit
884 1118 1001 1165 toto
1030 1107 1148 1164 fere
1178 1109 1324 1164 libro
1358 1109 1524 1164 tertio
1551 1109 1832 1180 colligitur
1857 1151 1871 1175 ,
1904 1124 2032 1165 eum
2062 1109 2115 1163 in

515 1203 817 1261 monaStice
847 1204 1114 1258 meruisse
1149 1219 1163 1255 :
1197 1202 1343 1273 quod
1372 1213 1426 1257 et
1455 1202 1572 1272 ipse
1606 1202 1809 1257 alicubi
1838 1202 2113 1273 significa-

516 1299 614 1354 vit.
658 1298 795 1353 Ilinc
853 1309 988 1351 aetas
1035 1295 1183 1351 illius
1229 1296 1458 1352 forsitan
1501 1296 1721 1350 deﬁniri
1756 1297 1949 1366 possit.
1982 1295 2114 1350 Cum

517 1393 717 1449 etenim
759 1399 917 1447 sexto
960 1390 1181 1445 circiter
1228 1391 1430 1444 smculo
1468 1389 1712 1459 regulam
1751 1389 1921 1444 sancti
1949 1388 2117 1457 patris

518 1483 800 1541 Benedicti
830 1500 1023 1539 omnes
1066 1498 1233 1553 prope
1269 1481 1523 1537 monachi
1576 1483 1630 1536 in
1675 1481 1966 1536 occidente
2007 1480 2114 1535 sint

519 1578 812 1649 amplexati
834 1620 847 1645 ,
883 1582 929 1631 si
974 1587 1161 1631 noster
1188 1575 1487 1631 Zacchaeus
1526 1574 1592 1629 ad
1634 1576 1749 1630 tunc
1776 1589 1949 1645 usque
1983 1570 2115 1628 tem-

517 1687 649 1744 pora
691 1681 975 1743 superstes
1028 1670 1256 1737 fuisset,
1290 1669 1481 1727 eadem
1523 1670 1644 1741 lege
1674 1685 1776 1741 qua
1807 1685 1872 1725 ex
1909 1670 2115 1726 sanctis

2224 452 2349 507 uico
2363 452 2804 523 egMarcellittum
2824 457 3081 511 comitem
3108 453 3211 526 (It).
3230 454 3436 510 Favent
3458 456 3685 524 insuper
3701 470 3829 524 qua:

2221 546 2289 602 de
2322 548 2588 603 institutis
2609 548 3008 605 coenobitarum
3037 551 3089 604 in
3119 549 3706 619 urbibusdegentium,
3729 549 3829 603 de—

2219 655 2325 710 que
2349 655 2503 696 sacra
2530 640 2823 713 hymnodia
2856 642 2977 698 fuse
3006 642 3291 715 narrat(i).
3319 642 3532 713 Quippe
3558 652 3691 696 ante
3721 655 3828 695 an-

2220 750 2348 789 num
2376 733 2483 791 400
2512 751 2681 807 pauca
2704 737 2996 793 admodum
3030 779 3046 806 ,
3079 739 3251 794 immo
3278 738 3422 795 forte
3444 738 3593 794 nulla
3625 753 3827 795 caeno-

2222 828 2305 882 bia
2353 827 2407 882 in
2449 828 2728 900 Europaeis
2759 831 2990 887 urbibus
3017 832 3364 887 visebantur.
3400 831 3557 900 Quod
3589 848 3723 888 vero
3757 832 3831 887 ad

2221 927 2436 974 cantum
2466 922 2681 987 attinet,
2708 921 2857 976 illum
2891 924 2945 977 in
2977 923 3262 980 ecclesiam
3285 940 3315 979 a
3340 925 3503 982 beato
3527 925 3830 982 Ambrosio

2220 1013 2409 1082 quinto
2461 1014 2665 1069 saeculo
2721 1026 3017 1086 appetente
3081 1017 3355 1072 invectum
3409 1033 3518 1073 non
3582 1019 3823 1075 obscure

2182 1156 2187 1161 .
2221 1105 2415 1161 scribit
2445 1107 2781 1178 AngnStinus
2811 1110 2827 1175 (
2843 1111 2869 1179 j
2892 1108 2931 1181 ).
2964 1110 3253 1167 Posuemo
3281 1112 3459 1182 stylus
3493 1111 3825 1182 plerumque

2222 1208 2442 1271 turgens
2498 1217 2561 1257 ac
2613 1203 2912 1259 lacertosus
2944 1249 2957 1270 ,
3010 1206 3303 1261 sententia:
3355 1206 3539 1260 smculi
3590 1205 3825 1276 hujusce

2220 1294 2577 1363 scriptoribus
2608 1296 2907 1353 familiares
2937 1313 3045 1352 non
3065 1300 3238 1354 semel
3265 1308 3574 1369 usurpatae;
3605 1299 3825 1356 mathe-

2221 1390 2541 1445 maticorum
2585 1405 2649 1445 ac
2678 1390 2961 1446 hmreseon
2990 1391 3045 1446 in
3080 1407 3215 1462 quas
3248 1402 3376 1448 tunc
3401 1403 3583 1461 patres
3614 1393 3820 1464 stylum

2219 1482 2593 1553 stringebant,
2630 1485 2912 1554 perspicua
2962 1483 3305 1551 confutatio;
3352 1486 3815 1556 supplicationum

2219 1575 2414 1643 quibus
2444 1575 2643 1645 pluviae
2666 1587 2985 1631 art‘eretttttr
3024 1592 3130 1632 non
3167 1577 3634 1645 przetertttittettda
3665 1593 3818 1633 coru-

2220 1669 2564 1735 memoratio,
2596 1670 2809 1740 aliaque
2841 1668 3220 1739 hujuscemodi
3247 1672 3526 1741 complura
3556 1717 3569 1741 ,
3596 1673 3817 1741 conjec-

518 1765 776 1821 Patribus
812 1765 937 1820 ﬁdei
965 1763 1219 1835 dogmata
1250 1806 1264 1829 ,
1295 1780 1361 1818 ex
1392 1763 1565 1818 sancti
1606 1762 1889 1817 Benedicti
1924 1762 2110 1833 regula
2144 1768 2194 1829 Β
2224 1769 2372 1816 tttras
2403 1772 2623 1818 nostras
2662 1764 2796 1817 satis
2834 1778 3111 1835 superque
3160 1763 3485 1820 conﬁrmare
3534 1765 3814 1822 videntur.

520 1859 886 1915 monasticum
920 1858 1315 1913 institutionem
1361 1855 1557 1911 fuisset
1586 1864 1865 1911 mutuatus
1907 1874 1918 1910 :
1970 1854 2112 1926 quod

522 1965 706 2012 tamen
737 1971 859 2010 eum
889 1968 997 2009 non
1025 1952 1346 2022 praestitisse
1371 1994 1385 2019 ,
1416 1953 1552 2006 facta
1585 1950 1877 2006 collatione
1914 1948 2117 2020 liquido

518 2049 915 2121 comperimus.
946 2046 1053 2103 Sed
1086 2062 1260 2118 neque
1287 2061 1411 2101 eum
1445 2052 1571 2101 ante
1602 2044 1790 2101 saeculi
1812 2044 1990 2115 quinti
2013 2044 2117 2099 ini-

516 2145 652 2201 tium
702 2144 827 2198 ltuic
874 2142 1029 2213 operi
1078 2157 1300 2196 manum
1343 2140 1655 2196 admovisse
1681 2179 1696 2204 ,
1735 2155 1841 2194 non
1884 2139 2115 2195 obscura

515 2236 748 2292 suadent
788 2242 1129 2305 argumenta.
1178 2232 1319 2285 Ante
1361 2231 1494 2285 illttd
1520 2232 1621 2285 aevi
1656 2246 1765 2284 non
1796 2230 2119 2299 prostabant

513 2327 570 2382 in
602 2326 821 2394 EurOpa
866 2325 953 2379 ubi
1006 2324 1098 2379 ille
1138 2332 1253 2376 tum
1297 2320 1567 2392 temporis
1603 2322 1947 2390 versabatur,
1993 2321 2117 2377 illu-

513 2421 646 2476 stria
689 2432 1096 2488 numerosaque
1139 2416 1361 2471 Patrum
1392 2415 1670 2470 volumina
1700 2414 1766 2469 ad
1792 2430 1913 2485 quae
1959 2428 2113 2470 suum

514 2513 863 2585 Apollonium
899 2509 1203 2567 missitaret
1232 2509 1380 2564 velut
1409 2508 1476 2563 ad
1504 2509 1683 2563 fontes
1703 2550 1716 2572 ,
1750 2524 1781 2563 e
1807 2507 2001 2578 quibus
2034 2515 2116 2562 to-

510 2612 623 2662 tam
660 2598 804 2661 ltané
836 2602 1169 2661 catechesim
1226 2601 1541 2656 hausisset:
1590 2616 1770 2671 neque
1817 2609 1943 2655 ante
1985 2600 2113 2655 illud

513 2709 729 2771 tempus
751 2714 813 2754 ea
831 2698 899 2753 de
921 2695 1128 2767 quibus
1155 2696 1266 2766 agit
1295 2695 1437 2749 libro
1476 2693 1719 2749 secundo
1748 2703 1937 2748 contra
1957 2691 2116 2747 Aria-

510 2809 616 2850 nos
642 2832 657 2857 ,
695 2791 1053 2848 Photittianos
1092 2789 1344 2861 aliosque
1381 2787 1691 2858 hujusmodi
1726 2787 2110 2851 tettebriones,

512 2894 670 2943 erant
710 2887 779 2941 ita
832 2885 1037 2940 diserte
1075 2899 1106 2940 a
1154 2883 1409 2954 patribus
1455 2882 1663 2938 Latinis
1703 2880 1977 2953 explicata
2006 2924 2021 2949 ,
2054 2890 2115 2937 ut

505 2980 626 3038 sine
646 2979 809 3035 taedio
824 2977 1076 3035 refricari
1097 2992 1203 3033 non
1226 2987 1454 3048 possent
1479 2994 1491 3032 :
1518 2976 1662 3049 quod
1689 2978 1809 3046 ipse
1834 2974 2110 3049 habet(b).

509 3072 644 3141 Qua:
673 3073 752 3128 sic
774 3072 1077 3128 constituta
1103 3069 1373 3125 inducunt
1398 3071 1662 3136 animum,
1698 3080 1755 3125 ut
1792 3069 1985 3140 quinto
2008 3084 2112 3125 sa:-

510 3166 632 3222 culo
675 3165 883 3236 Dialogi
916 3165 1153 3220 natalem
1183 3164 1543 3219 ascribamus.

581 3258 635 3314 5.
676 3257 736 3313 Id
766 3256 961 3312 suadet
987 3257 1152 3312 etiam
1179 3255 1324 3326 quod
1352 3255 1647 3311 Zacchazus
1677 3255 1792 3324 ipse
1820 3254 2110 3311 haereticos

511 3351 687 3407 solum
711 3349 1043 3404 Manichaeos
1063 3390 1079 3415 ,
1110 3348 1483 3414 Marcionitas,
1513 3348 1895 3416 Pltotinianos,
1920 3348 2110 3403 Sabel-

506 3444 706 3509 lianos,
739 3444 1179 3514 Patripassianos
1207 3485 1223 3509 ,
1257 3444 1495 3499 Arianos
1523 3458 1587 3507 ac
1617 3442 1951 3498 Novatianos
1982 3485 1996 3511 ,
2020 3444 2110 3514 qui

510 3554 607 3595 sua
669 3546 999 3609 tempestate
1051 3538 1288 3607 amplius
1346 3537 1654 3594 fremebant
1708 3539 2107 3611 vigebantque,

514 3633 872 3705 perstringat.
905 3632 976 3688 At
1014 3631 1084 3688 de
1129 3630 1334 3703 Pelagii
1380 3630 1609 3702 ejusque
1637 3640 1971 3687 sectatorum
2001 3632 2112 3686 ltzc-

512 3727 646 3795 resi,
679 3742 801 3797 qua;
824 3726 1159 3796 procedente
1186 3725 1393 3781 saeculo
1426 3725 1617 3795 quinto
1643 3726 1937 3779 maximam
1960 3724 2110 3781 orbis

508 3831 719 3891 partem
751 3818 973 3883 infecit,
1008 3834 1077 3875 ne
1130 3819 1359 3875 verbum
1391 3817 1654 3889 quidem;
1696 3833 1821 3873 cum
1862 3817 2109 3888 pluribus

504 3914 562 3970 in
593 3915 749 3980 locis,
784 3914 908 3970 libri
938 3912 1280 3982 potissimum
1303 3928 1365 3978 tt,
1395 3925 1520 3982 cap.
1548 3912 1637 3977 II,
1672 3926 1797 3968 sese
1826 3911 1991 3966 dabat
2014 3925 2107 3964 oc-

503 4011 676 4066 casio.
700 4008 1114 4065 Observandum
1141 4008 1228 4061 hic.
1260 4005 1478 4062 interim
1507 4047 1523 4073 ,
1549 4014 1834 4060 auctorem
1859 4013 2107 4060 nostrum

506 4103 898 4159 hallucinatum
943 4101 1032 4157 vel
1061 4099 1477 4156 amanuensium
1526 4098 1745 4153 inscitia
1789 4098 2107 4168 subreptum

501 4194 672 4251 fuisse
706 4196 759 4250 in
787 4192 1162 4264 descriptione
1194 4191 1529 4248 Sabelliauaa
1559 4189 1786 4244 hatresis
1814 4230 1828 4255 ,
1855 4188 2059 4259 quippe
2090 4230 2105 4255 ,

502 4303 625 4358 quae
676 4286 987 4343 Macedonii
1056 4296 1184 4352 est,
1242 4284 1473 4341 ascribit
1531 4282 1798 4340 Sabellio.
1856 4284 2103 4349 Accedit,

501 4383 646 4454 quod
686 4383 872 4438 omnia
903 4382 1060 4452 signa
1095 4381 1295 4451 quibus
1340 4378 1667 4435 Antichristi
1698 4378 1992 4435 adventum
2018 4381 2104 4434 in-

504 4483 656 4532 stare
704 4485 999 4546 auguratur
1029 4472 1137 4545 (c),
1194 4488 1317 4529 cum
1347 4473 1499 4528 hisce
1532 4473 1730 4527 nostris
1774 4474 2105 4543 conjecturis

2222 1855 2495 1910 llaetenus
2525 1857 2707 1926 itaque
2749 1858 3098 1927 conjecturas
3128 1900 3143 1925 ,
3181 1875 3285 1913 non
3316 1869 3535 1913 nostras
3580 1868 3814 1914 tantum-

2219 1946 2406 2013 modo,
2430 1948 2524 2004 sed
2553 1957 2609 2003 et
2638 1948 2878 2003 virorum
2909 1949 3336 2005 clarissimorum
3367 1949 3767 2021 indigitavimus
3791 1994 3807 2017 ,

2218 2056 2415 2110 nempe
2442 2059 2456 2095 :
2489 2040 2796 2097 Sebastiani
2816 2038 2897 2096 Le
2922 2041 3057 2097 Naiu
3088 2043 3147 2096 D.
3180 2043 3246 2097 de
3270 2043 3595 2111 Tillemont,
3631 2041 3811 2099 Caroli

2218 2134 2291 2189 dtt
2323 2135 2531 2191 Fresue
2565 2136 2627 2190 D.
2654 2136 2724 2191 du
2755 2137 2939 2209 Cange
2964 2178 2976 2201 ,
3018 2136 3245 2193 Joannis
3267 2138 3526 2208 Baptista:
3550 2139 3597 2193 le
3622 2137 3807 2195 Culte-

2218 2228 2344 2296 lier,
2391 2229 2505 2284 RB.
2543 2229 2645 2285 PP.
2695 2231 2921 2286 Joannis
2966 2231 3198 2288 Garnier
3231 2233 3287 2288 S.
3329 2232 3381 2287 εἰ.
3424 2248 3488 2288 ac
3537 2233 3811 2289 Pascltasii

2216 2323 2454 2389 Qttesnel
2496 2322 2945 2396 Congregationis
2984 2323 3219 2380 Oratorii
3249 2325 3464 2380 Domini
3502 2325 3632 2381 Jesu
3661 2339 3809 2395 pres-

2214 2416 2492 2487 bytorum,
2520 2429 2572 2487 et
2602 2418 2772 2473 nostri
2806 2419 3107 2488 praesertim
3134 2419 3414 2474 Francisci
3452 2418 3665 2474 Delfau.

2286 2509 2341 2563 4.
2384 2508 2503 2565 Erit
2539 2509 2720 2565 forsan
2755 2520 2811 2567 et
2849 2512 3207 2567 emunctioris
3233 2513 3380 2567 uaris
3410 2512 3671 2579 criticus,
3721 2512 3815 2584 qui

2217 2619 2324 2658 non
2355 2604 2489 2659 nihil
2522 2607 2781 2660 momenti
2807 2606 2873 2660 ad
2907 2604 3023 2661 haec
3065 2616 3383 2677 argumenta
3416 2606 3681 2663 accedere
3712 2622 3813 2675 pu-

2218 2702 2298 2749 tet
2320 2711 2389 2750 ex
2438 2697 2522 2750 his
2550 2712 2672 2767 quae
2699 2697 2887 2751 scribit
2918 2707 3111 2752 auctor
3141 2697 3263 2768 (lt),
3287 2706 3448 2753 (etate
3478 2712 3574 2752 sua
3600 2698 3818 2753 scilicet

2214 2786 2502 2843 dominicae
2528 2791 2719 2844 mortis
2747 2788 2945 2844 indicia
2973 2788 3145 2845 felicis
3172 2788 3408 2859 sepulcri
3432 2790 3667 2844 exuvias
3682 2804 3819 2845 con-

2216 2879 2444 2935 tinuisse
2470 2897 2482 2932 :
2515 2879 2708 2950 quibus
2739 2879 2951 2935 exuviis
2977 2880 3161 2936 credat
3185 2881 3478 2953 significari
3518 2880 3812 2938 sindonem

2217 2972 2362 3027 illam
2410 2988 2516 3043 qua
2561 2988 2776 3028 sacrum
2818 2972 3023 3029 Christi
3072 2988 3273 3045 corpus
3318 2974 3637 3029 obvolutum
3687 2985 3812 3041 est;

2215 3080 2377 3135 quam
2412 3064 2634 3121 ineunte
2663 3067 2853 3136 quinto
2902 3066 3105 3121 saeculo
3150 3065 3396 3121 Eudocia
3427 3065 3815 3123 Constantino-

2143 3170 2186 3232 ρ
2223 3160 2388 3230 polim
2434 3167 2838 3230 asportaverat,
2874 3175 3148 3231 quamque
3188 3168 3327 3216 teste
3356 3160 3638 3217 Gualterio
3688 3164 3815 3233 (pe-

2220 3267 2316 3307 nes
2342 3266 2503 3323 quem
2549 3252 2709 3323 hujus
2736 3254 2813 3308 rei
2849 3253 2984 3309 ﬁdes
3014 3253 3118 3323 sit)
3158 3269 3301 3309 anno
3332 3254 3437 3309 459
3463 3253 3811 3310 Theudosius

2214 3344 2257 3399 II
2293 3344 2678 3402 Vesuntionem
2704 3361 2913 3403 summa
2945 3348 3295 3403 solemnitate
3330 3349 3650 3405 transmisit.
3688 3347 3807 3403 Erit

2215 3448 2479 3509 praeterea
2511 3441 2601 3511 qui
2649 3441 3022 3511 conjecturam
3071 3443 3250 3513 capiat
3283 3442 3548 3511 temporis
3592 3460 3701 3514 quo
3727 3446 3812 3497 vi-

2214 3532 2374 3587 vebat
2414 3545 2605 3588 auctor
2652 3544 2861 3602 noster,
2913 3550 2977 3589 ex
3004 3550 3070 3590 eo
3099 3536 3241 3605 quod
3284 3535 3484 3591 alicubi
3534 3534 3671 3606 (ι),
3703 3552 3809 3593 non

2213 3626 2431 3698 quidem
2463 3628 2666 3682 cultum
2698 3643 2943 3695 omnem,
2985 3629 3079 3683 scd
3112 3630 3397 3697 incautum,
3440 3641 3498 3684 ut
3543 3630 3641 3694 ait,
3675 3630 3809 3684 abse-

2212 3723 2390 3793 quium
2427 3724 2755 3795 imaginibus
2791 3724 3178 3791 imperatorum
3208 3739 3237 3778 a
3278 3724 3480 3793 p0pulo
3506 3723 3806 3781 exhibitum

2214 3815 2591 3885 reprehendit.
2623 3816 2834 3886 Quippe
2864 3816 3151 3872 desinente
3192 3816 3395 3873 saeculo
3427 3828 3630 3886 quarto
3662 3817 3810 3887 vige—

2215 3907 2303 3961 bat
2332 3909 2471 3963 ritus
2504 3909 2614 3977 ille,
2645 3918 2703 3964 ut
2734 3908 2893 3978 pictae
2919 3919 3011 3963 :tut
3040 3909 3180 3965 ficta:
3221 3919 3577 3979 augustorum
3612 3910 3802 3979 imagi-

2214 4018 2309 4058 nes
2358 4003 2591 4057 solemni
2655 4018 2849 4074 pompa
2912 4002 3416 4069 circumferrentur,
3468 4018 3531 4057 ac
3581 4002 3805 4071 publicis

2217 4094 2362 4165 vulgi
2391 4094 2872 4150 acclamationibus
2894 4095 3297 4166 exciperentur.
3329 4095 3528 4150 Verum
3554 4110 3661 4150 non
3685 4110 3805 4150 raro

2211 4188 2390 4241 cultus
2446 4187 2538 4242 ille
2566 4186 2619 4241 in
2669 4189 3068 4255 superstiouem
3110 4187 3341 4244 cedebat
3382 4203 3450 4243 cx
3485 4188 3806 4258 impotentia

2212 4280 2382 4352 vulgi,
2409 4282 2499 4351 qui
2529 4280 2818 4337 aﬂ'eCtibus
2846 4281 2982 4347 suis,
3016 4282 3187 4337 sicubi
3214 4281 3458 4336 adulatio
3490 4290 3584 4337 aut
3606 4282 3805 4337 lzctitia:

2209 4374 2445 4444 publica:
2494 4374 2790 4430 ostentatio
2837 4382 3038 4443 movet,
3092 4374 3365 4429 moderari
3416 4373 3626 4445 nequit.
3696 4374 3806 4429 lloc

2210 4466 2378 4521 etiam
2414 4467 2565 4522 locus
2611 4482 3024 4539 nonnumquam
3054 4467 3311 4524 faciebat.
3364 4468 3421 4524 Si
3446 4469 3665 4537 quidem
3697 4483 3805 4523 non

503 4568 775 4641 quadraut
806 4582 873 4623 ex
913 4564 1141 4622 amussi.
1177 4565 1310 4621 Illud
1338 4563 1485 4621 enim
1512 4565 1692 4636 ipsum
1725 4573 1942 4636 tempus
1970 4574 2056 4621 est
2088 4609 2101 4635 ,
2132 4572 2183 4633 Ι)
2212 4568 2419 4613 tantum
2458 4559 2511 4614 in
2539 4559 2812 4631 profanis,
2847 4562 2943 4616 sed
2995 4561 3048 4617 in
3080 4562 3252 4618 sacris
3281 4577 3503 4632 quoque
3545 4562 3682 4617 locis
3713 4577 3809 4616 ex-

497 4677 608 4734 quo
640 4660 881 4734 ingentia
910 4660 1274 4717 barbararum
1307 4658 1557 4716 examina
1589 4659 1642 4714 in
1672 4658 1915 4715 Africam
1940 4670 2106 4730 atque

501 4755 776 4828 Europam
802 4753 994 4821 effusa,
1027 4754 1287 4820 Galliam,
1323 4752 1662 4821 llispaniam,
1696 4753 1907 4809 Italiam
1938 4768 2002 4809 ac
2025 4753 2104 4825 ip-

498 4861 613 4902 sam
638 4848 855 4918 imperii
887 4862 1068 4903 arcem
1100 4847 1327 4902 Romam
1356 4845 1750 4911 devastarunt;
1785 4845 1912 4900 dum
1955 4845 2100 4901 inte-

498 4939 601 4995 rim
646 4940 699 4993 in
728 4942 943 4996 oriente
982 4939 1129 5010 regia
1172 4937 1686 5008 Constantinopolis
1728 4954 1791 4993 ac
1826 4938 2101 5010 pleneque

499 5032 756 5089 civitates
782 5032 1088 5088 Palaestina:
1114 5032 1399 5088 horrendo
1428 5040 1593 5088 terrm
1628 5039 1776 5087 motu
1802 5042 2097 5102 quateren-

499 5134 627 5191 tur;
668 5123 812 5179 fame
851 5123 1091 5195 denique
1121 5140 1184 5180 ac
1215 5136 1373 5196 peste
1400 5124 1651 5180 homines
1678 5122 2093 5180 afﬂictarentur.

500 5216 634 5274 Vide
657 5215 733 5274 sis
753 5216 1009 5273 Orosium
1043 5216 1148 5287 (ιι),
1181 5216 1456 5274 Zosimum
1490 5216 1969 5290 (e),Sozomenum
1992 5216 2095 5288 (Γ),

595 5429 651 5497 a)
681 5425 945 5497 Cassian1
965 5420 1177 5497 praefat.
1195 5421 1274 5497 ad
1304 5420 1481 5475 lnstit.

594 5492 647 5574 ὁ)
668 5497 881 5574 _Z_acclt.
911 5492 1162 5574 Censuit.
1195 5492 1292 5548 lib.
1326 5507 1398 5574 ll,‘
1415 5506 1536 5561 cap.
1570 5494 1619 5546 I.
2090 5523 2115 5532 ι

596 5564 644 5641 c)
668 5570 744 5641 Id.
776 5568 1040 5641 ibid._lib.
1068 5580 1184 5629 vnt,
1218 5579 1338 5641 cap:
1367 5564 1421 5618 8.

569 5633 653 5716 (α’)
674 5639 846 5716 pros.
878 5639 976 5716 lib.
1006 5652 1101 5704 vtt,
1124 5651 1247 5708 cap.
1271 5635 1363 5704 40,
1392 5635 1515 5692 sub.
1542 5634 1663 5701 fin.,
1695 5643 1751 5691 et
1776 5649 1898 5706 cap.
1925 5633 2017 5689 42.

572 5711 652 5784 (e)
674 5711 881 5784 Zositu.
910 5712 1005 5784 lib.
1035 5724 1108 5764 v1.

572 5780 648 5851 (0
674 5782 891 5840 Sozom.
922 5781 1015 5837 lib.
1044 5796 1121 5849 ιι,
1146 5796 1265 5854 cap.
1293 5780 1349 5838 8.

2213 4654 2555 4725 ponebantur
2604 4655 2872 4725 imagines
2931 4656 3060 4722 illae,
3109 4656 3252 4712 sicut
3300 4655 3551 4711 Eudocizc
3600 4663 3806 4710 statuta

2206 4747 2676 4821 Constantinopoli
2712 4765 2878 4821 prope
2906 4749 3189 4805 basilicam
3219 4760 3423 4814 erecta,
3451 4765 3574 4821 qua:
3600 4747 3806 4803 Joantti

2204 4844 2598 4917 CbrySttstomo
2624 4845 2755 4915 justi
2786 4845 2887 4900 zeli
2940 4845 3099 4899 simul
3131 4856 3187 4901 et
3219 4846 3442 4901 invidia:
3472 4858 3633 4899 eausa
3668 4844 3790 4897 fuit.

2204 4934 2323 5003 Quo
2355 4936 2667 5005 reSpexisse
2697 4935 2918 4992 videtur
2941 4934 3259 5003 Zacchmus,
3289 4951 3412 4991 cum
3455 4934 3595 5003 infit,
3624 4949 3806 4989 sacer-

2204 5030 2361 5085 d0tes
2390 5030 2655 5101 ejusmodi
2684 5030 3137 5087 consuetudinem
3186 5031 3500 5087 incautioris
3545 5027 3791 5099 obsequii

2208 5123 2516 5193 prohibere.
2555 5122 2624 5179 Ut
2665 5124 2809 5179 enim
2844 5136 3024 5194 patres
3066 5138 3334 5179 censuere
3380 5123 3641 5179 colendas
3667 5139 3787 5179 esse

2209 5216 2600 5289 imperatorum
2654 5216 2942 5289 imagines,
2998 5218 3069 5271 ita
3127 5232 3351 5289 semper
3382 5216 3796 5273 immoderatum

2281 5420 2357 5545 (Ζ)
2390 5421 2610 5477 Hieron.
2640 5421 2800 5493 epist.
2836 5422 2926 5477 16.

2281 5492 2630 5575 [ni-9133138":
2664 5494 2871 5575 Chron.
2907 5508 3029 5575 pag,
3063 5495 3156 5550 27.

2298 5562 2338 5634 i)
2367 5564 2569 5619 Zachh.
2606 5564 2642 5619 Ι.
2669 5580 2718 5619 c.
2752 5566 2847 5620 lib.
2878 5562 2958 5627 ttt,
2981 5562 3034 5621 6.

2300 5636 2340 5701 ᾔ)
2374 5638 2511 5707 Aug.
2542 5635 2797 5692 Confess.
2827 5636 2919 5694 lib.
2950 5652 3026 5703 ιι,
3054 5651 3175 5707 cap.
3217 5638 3303 5692 7.‘

2277 5707 2358 5776 (It)
2390 5707 2587 5764 Zacch.
2619 5709 2658 5762 ι.
2692 5724 2742 5762 c.
2774 5708 2870 5764 lib.
2901 5725 2940 5774 ι,
2986 5724 3113 5777 cap.
3143 5709 3234 5764 2L

2280 5777 2365 5853 (ι)
2391 5779 2471 5834 Id.
2500 5779 2540 5836 l.
2566 5795 2619 5836 c.
2656 5779 2753 5835 lib.
2786 5796 2824 5847 ι,
2856 5794 2977 5851 cap.
3025 5779 3116 5836 28.
