4074 6204
247 372 384 432 MSS

1633 360 2148 421 PROLEGOMENA
2161 403 2174 418 .

3408 366 3545 424 1066

248 482 625 555 improbavere
646 482 849 538 cultum
880 482 973 551 qui
1004 478 1071 535 ad
1096 479 1441 550 religionem,
1469 482 1636 537 immo
1660 481 1724 536 ad
1753 496 1843 535 su-
1869 480 1917 540 A
1948 479 2076 545 mis,
2110 479 2335 536 caeleste
2377 479 2617 534 fidelium
2659 491 2855 535 munus
2903 493 3037 548 pura
3078 478 3356 536 oblatione
3398 482 3549 537 cele-

248 575 651 648 perstitionem,
701 573 965 629 accedere
1017 571 1334 627 videbatur.
1366 572 1507 641 Quin
1541 575 1707 629 etiam
1741 574 1843 627 im-

251 678 535 740 peratores
576 667 775 738 quibus
816 668 993 737 pietas
1022 665 1172 721 cordi
1202 676 1341 731 erat,
1375 682 1482 721 non
1512 667 1685 721 tulere
1711 666 1846 720 effu-

250 776 367 819 sam
409 760 688 815 libidinem
737 760 790 815 in
821 760 1069 815 colendis
1109 758 1358 813 leonibus
1388 760 1520 814 suis.
1576 760 1843 814 Praeclara

252 864 337 913 est
366 870 483 910 eam
530 855 583 908 in
630 869 744 909 rem
791 854 881 908 lex
912 852 1205 908 Theodosii
1255 852 1631 922 imperatoris,
1684 866 1846 921 quam

250 946 359 1003 huc
383 947 652 1002 ascribam
684 945 750 1000 ad
776 944 827 999 id
850 944 957 999 loci
986 943 1365 999 illustrandum
1394 942 1494 1013 (a)
1523 960 1534 995 :
1561 942 1623 997 Si
1642 941 1851 1011 quando

251 1051 447 1096 nostra:
487 1050 673 1095 statua:
703 1040 781 1094 vel
817 1040 1065 1109 imagines
1094 1042 1382 1111 eriguntur,
1424 1054 1514 1091 seu
1544 1036 1744 1101 diebus,
1795 1044 1852 1089 ut

252 1132 477 1198 adsolet,
500 1132 666 1203 festis,
693 1133 798 1187 sive
828 1131 1203 1194 communibus,
1235 1129 1374 1183 adsit
1396 1131 1564 1201 judex
1592 1130 1702 1183 sine
1720 1129 1851 1181 ado-

256 1226 472 1280 rationis
501 1225 773 1279 ambitioso
796 1224 1026 1297 fastigio,
1051 1230 1105 1276 ut
1130 1231 1486 1275 ornamentum
1514 1221 1617 1274 diei
1638 1220 1715 1275 vel
1742 1218 1855 1273 loco

255 1327 302 1371 et
333 1326 524 1373 nostra:
570 1316 919 1371 recordationi
950 1317 1031 1369 sui
1073 1314 1249 1387 probet
1296 1314 1574 1368 accessisse
1628 1329 1852 1382 praesen-

261 1411 407 1463 tiam.
459 1409 621 1462 Ludis
666 1425 864 1478 quoque
906 1408 1190 1461 simulacra
1242 1407 1506 1476 preposita
1559 1416 1756 1459 tantum
1804 1406 1855 1457 in

262 1504 452 1559 animis
479 1511 876 1557 concurrentum
922 1502 1205 1570 mentisque
1245 1500 1453 1554 secretis
1486 1509 1719 1553 nostrum
1762 1514 1860 1550 nu-

262 1612 377 1651 men
408 1604 454 1649 et
498 1591 677 1648 (audes
725 1594 895 1665 vigere
937 1593 1330 1645 demonstrent:
1360 1590 1614 1645 excedens
1655 1591 1860 1643 cultura

268 1691 539 1744 hominum
567 1690 871 1761 dignitatem
899 1704 1123 1754 superno
1154 1686 1207 1740 Ν
1214 1688 1377 1740 umini
1408 1694 1719 1741 reservetur.
1752 1685 1860 1739 Eo-

262 1782 387 1839 dem
404 1783 599 1854 spiritu
624 1782 896 1836 animatus
919 1780 1213 1845 Ilonorius,
1242 1787 1480 1849 paternce
1504 1778 1722 1849 pietatis
1745 1776 1865 1830 imi-

1948 574 2093 628 brari
2123 582 2519 629 commemorat
2559 574 2676 645 (ι’).
2712 573 2965 628 Liberum
3018 572 3302 627 arbitrium
3333 583 3543 630 sartum

1950 673 2110 736 atque
2155 666 2427 735 integrum
2460 664 2662 736 passim
2712 675 3035 736 propugnat.
3096 666 3387 721 Sacrarum
3420 668 3553 723 reli-

1950 760 2195 831 quiarum
2237 762 2419 815 virtuti
2490 762 2699 816 illustre
2749 761 3123 817 testimonium
3189 760 3370 816 reddit
3422 761 3551 833 (g),

1952 853 2079 909 dum
2126 870 2188 910 ea
2248 869 2369 925 qua:
2395 864 2614 910 sanctos
2638 856 2832 910 fecisse
2878 855 3109 926 legimus
3159 857 3331 921 vivos,
3383 854 3549 911 etiam

1953 958 2070 1003 ante
2094 949 2460 1021 defunctorum
2486 950 2675 1004 cineres
2704 949 2819 1004 ﬁeri
2846 950 3001 1003 testis
3024 949 3269 1004 oculatus
3291 948 3553 1004 afﬁrmat.

1955 1041 2292 1099 Monasticen
2312 1061 2473 1114 quam
2503 1044 2777 1099 Luthcrus
2804 1052 2865 1098 ut
2890 1043 3174 1099 inventum
3204 1043 3406 1099 diaboli
3428 1060 3559 1099 exa-

1955 1138 2124 1207 gitat,
2159 1147 2215 1191 ttt
2259 1138 2355 1193 Dei
2402 1139 2530 1207 Opt.
2580 1139 2723 1192 Max.
2764 1152 2901 1207 opus
2943 1136 3224 1207 singulare
3270 1151 3557 1191 common-

1958 1228 2049 1283 dat
2078 1228 2205 1300 (ἡ).
2237 1230 2478 1300 Denique
2502 1229 2764 1300 Spiritum
2794 1238 3045 1283 sanctum
3070 1244 3095 1282 a
3133 1228 3294 1283 Patre
3336 1244 3398 1283 ac
3420 1228 3561 1283 Filio

1959 1335 2081 1376 esse
2121 1323 2284 1377 tradit
2315 1321 2435 1395 (i),
2469 1323 2610 1394 quod
2644 1339 2728 1378 me
2754 1321 2937 1393 judice
2977 1318 3121 1375 idem
3170 1332 3282 1388 est,
3329 1331 3488 1392 atque
3531 1339 3559 1375 ει

1958 1414 2121 1469 Patre
2148 1415 2390 1485 Filioque
2433 1416 2749 1485 procedere.

2032 1508 2085 1562 6.
2133 1528 2152 1560 ι
2198 1508 2557 1578 Quamquam,
2592 1510 2667 1563 uti
2699 1508 2833 1563 nihil
2867 1508 2935 1563 ab
2957 1509 3101 1564 omni
3136 1518 3290 1579 parte
3314 1509 3557 1573 beatum,

1963 1614 2069 1655 non
2099 1602 2300 1656 desunt
2329 1601 2381 1655 in
2412 1601 2516 1656 hoc
2542 1607 2768 1657 auctore
2798 1602 3004 1671 aliquot
3029 1602 3189 1666 nzevi,
3221 1601 3397 1671 queis,
3421 1610 3482 1655 ut
3507 1600 3558 1655 ei

1965 1694 2266 1750 auctoritas
2318 1694 2679 1765 undequaque
2732 1702 2983 1759 constet,
3040 1694 3323 1764 benignas,
3356 1707 3417 1751 ut
3467 1709 3567 1764 par

1965 1799 2072 1855 est,
2127 1787 2607 1861 interpretationes
2655 1788 2939 1843 adhibebit
2984 1788 3159 1843 lector
3180 1788 3427 1843 eruditus
3471 1788 3563 1857 qui

263 1886 429 1943 tator,
477 1878 655 1949 arguit
697 1876 991 1932 Arcadium
1042 1878 1289 1939 fratrem,
1341 1875 1484 1945 quod
1530 1890 1637 1929 non
1682 1874 1857 1928 solum

1978 1896 2089 1935 eum
2123 1881 2269 1936 volet
2300 1891 2639 1936 excusatum.
2674 1878 2783 1933 Nos
2816 1880 3035 1935 interim
3068 1880 3354 1934 cautiones
3385 1893 3557 1948 oppo-

265 1971 743 2041 Constantinopoli
780 1970 1038 2025 Endocite
1093 1979 1337 2039 augustae
1387 1969 1612 2023 colenda
1662 1968 1865 2038 populo

267 2076 451 2123 statua
479 2073 867 2137 exponeretur,
902 2064 997 2119 sed
1030 2075 1085 2119 et
1130 2079 1225 2133 per
1255 2064 1563 2134 provincias
1591 2062 1741 2117 velut
1788 2062 1865 2116 fa-

267 2156 473 2212 bulosae
504 2156 734 2227 Cybeles
780 2156 1130 2210 simulacrum
1179 2154 1648 2211 circumferretur.
1693 2155 1867 2209 Caue-

266 2264 388 2305 rum
435 2248 635 2303 frustra
668 2248 790 2317 quis
838 2248 980 2302 hunc
1009 2247 1260 2303 Zacehaai
1292 2248 1471 2302 locum
1512 2246 1871 2316 detorqueret

270 2341 324 2397 in
368 2341 779 2397 venerationem
810 2348 1124 2394 sanctarum
1155 2340 1452 2409 imaginum
1489 2356 1499 2391 :
1532 2336 1869 2408 quandoqui-

271 2433 399 2489 dem
449 2434 716 2498 Ecclesia,
756 2447 880 2503 qure
923 2433 1070 2502 pium
1103 2447 1289 2486 earum
1340 2431 1549 2485 cultum
1582 2430 1863 2499 praedicat,

271 2528 447 2597 rejicit
477 2527 827 2583 immodicum
863 2542 926 2582 ac
947 2526 1412 2597 superstitiosum,
1448 2525 1526 2579 uti
1551 2524 1866 2592 Zacebmus,

272 2621 687 2692 imperatorum.
730 2654 735 2660 -

344 2715 397 2768 5.
447 2733 465 2765 ‹
504 2717 572 2769 At
601 2713 747 2770 enim
783 2712 1114 2783 coniecturis
1148 2710 1353 2767 nostris
1383 2710 1603 2767 obstare
1631 2709 1869 2777 videtur,

274 2806 425 2879 quod
473 2806 768 2861 Zaccbzeus
809 2804 940 2860 nihil
973 2804 1039 2860 de
1072 2804 1493 2875 Apollinaristis,
1547 2802 1872 2869 Donatistis,

277 2899 713 2957 Priscillianistis
740 2898 1116 2969 Pelagianisve
1153 2896 1380 2952 scribat.
1412 2895 1515 2951 Sed
1544 2896 1683 2950 hanc
1721 2895 1876 2965 obje-

284 2994 520 3049 ctionem
557 2994 672 3064 ipse
716 2992 1025 3063 praevertit,
1073 2998 1412 3046 contestatus
1441 3005 1639 3045 senon
1686 3004 1875 3044 omnes

281 3084 595 3141 istiusmodi
640 3096 817 3154 peSIes
860 3084 1167 3153 suscepisse
1210 3082 1571 3139 recensendas
1616 3101 1626 3136 :
1661 3081 1878 3137 tametsi

282 3176 386 3233 dici
416 3187 602 3248 posset
629 3178 827 3232 saeculo
854 3176 1074 3232 ineunte
1100 3177 1288 3245 quinto
1320 3176 1521 3246 Pelagii
1546 3190 1608 3229 ac
1645 3174 1881 3230 Nestorii

284 3272 535 3344 dogmata
568 3288 674 3328 non
709 3272 891 3326 statim
939 3272 1016 3326 sic
1061 3281 1281 3327 exserte
1330 3271 1653 3340 proscripta,
1686 3277 1744 3323 ut
1767 3270 1878 3338 jam
1908 3246 1953 3310 (ἶ

290 3374 403 3421 tum
432 3374 714 3421 exstarent
746 3365 973 3419 illustria
1007 3364 1282 3419 volumina
1312 3379 1342 3418 e
1371 3364 1566 3432 quibus
1598 3377 1748 3417 more
1781 3377 1880 3417 suo

288 3458 613 3513 catholicam
660 3466 875 3512 erueret
917 3455 1239 3511 doctrinam.
1285 3454 1440 3523 Quod
1475 3455 1669 3509 iterum
1698 3456 1881 3524 singu-

288 3551 459 3607 larem
488 3550 724 3604 hominis
747 3548 1068 3605 modestiam
1098 3548 1293 3618 arguit,
1322 3558 1375 3602 et
1396 3557 1635 3603 assertas
1652 3547 1718 3601 de
1737 3547 1883 3600 illius

290 3652 449 3700 aetate
495 3642 838 3712 conjecturas
887 3642 1197 3697 conﬁrmat.
1231 3641 1504 3696 Caeterum
1551 3638 1883 3695 fortissimus

290 3735 386 3791 ille
417 3735 699 3806 religionis
727 3736 929 3791 athleta
959 3750 1065 3789 non
1092 3734 1255 3790 modo
1286 3734 1529 3805 priorum
1556 3744 1881 3805 temporum,

291 3828 388 3885 sed
418 3829 583 3883 etiam
633 3830 736 3882 τενί
765 3829 940 3883 nostri
970 3826 1259 3883 haereticos
1284 3828 1633 3897 compressit.
1683 3841 1886 3897 eosque

292 3920 409 3977 suis
436 3920 711 3977 coloribus
751 3919 820 3975 ad
853 3920 1035 3975 vivum
1085 3920 1422 3989 expressisse
1466 3918 1611 3973 visus
1648 3926 1732 3974 est
1761 3916 1881 3991 (ιι).

294 4012 376 4068 Illi
408 4029 639 4084 namque
667 4012 791 4083 ipsi,
821 4013 920 4077 ait,
954 4013 1044 4082 qui
1077 4011 1409 4065 traditionem
1438 4012 1779 4083 apostolicam
1807 4027 1889 4064 re-

296 4104 603 4177 linquentes,
636 4106 910 4178 magistros
939 4103 1175 4175 perﬁdiae
1202 4106 1365 4157 secuti
1392 4114 1531 4171 sunt,
1556 4120 1739 4158 nomen
1768 4102 1884 4158 reli-

298 4201 465 4273 gionis
495 4208 755 4253 mutavere
782 4214 899 4252 cum
929 4214 1104 4251 sensu.
1137 4196 1283 4253 Idem
1314 4206 1506 4253 auctor
1533 4197 1756 4253 Petrum
1782 4214 1888 4253 non

297 4295 471 4349 solum
504 4293 765 4349 Ecclesia:
804 4291 1213 4347 fundamentum
1243 4306 1365 4347 esse
1394 4292 1524 4347 dicit
1546 4292 1670 4364 (c);
1704 4308 1888 4348 verum

299 4385 463 4442 etiam
492 4386 546 4439 in
573 4386 690 4454 ejus
716 4400 1003 4455 personam
1051 4393 1375 4455 potestatem
1415 4384 1659 4440 omnium
1692 4399 1892 4441 conve-

302 4480 421 4535 nire
450 4479 821 4545 sacerdotum,
856 4489 1045 4536 contra
1088 4496 1251 4553 quam
1295 4482 1537 4536 sentiunt
1576 4492 1886 4547 novatores,

304 4572 559 4629 afﬁrmat.
606 4573 817 4629 Rursus
863 4584 1189 4643 potestatem
1233 4575 1547 4631 absolvendi
1577 4594 1607 4631 a
1656 4579 1893 4647 peccatis

304 4666 680 4721 sacerdotibus
710 4681 740 4720 a
770 4665 986 4722 Christo
1017 4667 1235 4731 factam,
1276 4668 1537 4723 adversus
1565 4668 1895 4725 Novatianos

306 4758 585 4829 eleganter
626 4758 951 4829 fortiterque
994 4759 1230 4813 vindicat
1270 4759 1392 4830 (ά).
1442 4759 1759 4830 Apollonius
1784 4760 1894 4830 jam

306 4848 626 4904 Christiana:
668 4850 875 4904 militia.-
930 4851 1218 4918 ascriptus,
1266 4851 1528 4905 Ecclesiae
1571 4852 1895 4907 sacriﬁcium

307 4951 363 4999 et
391 4942 592 4996 realem
620 4941 821 4994 Christi
850 4940 900 4993 iu
932 4940 1272 4995 Eucharistia
1303 4943 1650 5010 prmsentiam
1674 4944 1902 5000 conﬁte-

308 5016 557 5105 tur-(e).
594 5034 700 5087 Pro
740 5032 1003 5088 obsoletis
1045 5033 1309 5104 pecudum
1337 5042 1498 5103 atque
1527 5035 1716 5090 alitum
1747 5037 1902 5093 victi—

772 5977 1045 6037 ΡΑτιιοι..
1102 5977 1251 6039 XX.

1921 4619 1974 4679 D

389 5238 491 5313 (a)
531 5236 972 5313 Qod._'l‘h_e_odos.
1010 5239 1093 5294 lex
1120 5239 1274 5313 unica
1296 5239 1365 5296 de
1388 5240 1610 5312 imagin.
1638 5239 1906 5313 imperial.

389 5306 497 5382 (b)
531 5306 868 5382 _Z_accb.‘lib.
900 5326 960 5375 ιι,
990 5324 1111 5382 cap.
1142 5312 1230 5366 H.

394 5378 490 5463 1(ῖὲ
531 5379 611 5463 1.“.-
648 5378 781 5463 il’ii-
815 5381 1056 5452 €39.18-

393 5451 496 5583 §d)
538 5452 617 5507 Id.
648 5451 778 5507 ibid.
887 5451 894 5452 “
1016 5526 1025 5537 ⁸

428 5528 487 5590 e)
529 5523 607 5577 Id.
642 5523 853 5593 praefat.
901 5522 966 5578 ad
993 5523 1088 5581 Ilb.
1123 5540 1181 5579 ιι.

393 5595 486 5677 (fl
630 5596 721 5677 lib.
750 5611 808 5660 II,
832 5610 955 5662 cap.

396 5664 492 5787 (Ζ)
535 5664 608 5719 Id.
642 5667 737 5721 lib.
772 5683 809 5732 ι,
840 5682 961 5737 cap.
994 5668 1084 5722 21.

398 5739 449 5878 ἒ.
482 5738 499 5805 )
540 5735 618 5790 Id.
645 5737 740 5817 lib.
774 5753 852 5805 ιιι,
878 5754 1035 5809 capp.
1072 5740 1124 5804 3,
1150 5738 1205 5804 4,
1231 5740 1283 5795 6,

434 5810 481 5875 ι)
520 5806 597 5878 ld_.
630 5806 725 5860 ltb.
756 5823 987 5878 tt,capp.
1018 5811 1054 5864 2
1076 5819 1130 5867 et
1156 5811 1212 5865 5.

434 5808 481 5879 ἱ)
520 5806 597 5879 ld_.
630 5806 725 5879 lib.
756 5823 814 5872 ιι,
834 5806 997 5879 ωρρξ
1018 5811 1054 5864 2
1076 5819 1130 5867 et
1156 5811 1212 5865 5.

403 5876 491 5951 (j)
534 5876 613 5934 Id.
638 5878 731 5935 lib.
764 5894 802 5949 ι,
829 5876 987 5950 capp.
1020 5884 1074 5945 8,
1111 5882 1200 5948 15,
1230 5884 1314 5949 I7,
1348 5882 1438 5938 2i.

1970 1976 2146 2029 nimus
2192 1974 2506 2038 nonnullas,
2564 1990 2631 2029 ne
2691 1973 3059 2043 simpliciores
3108 1972 3303 2027 alicubi
3358 1982 3566 2027 temere

1970 2067 2267 2123 offendant.
2304 2068 2359 2122 In
2395 2068 2587 2137 primis
2634 2066 2851 2121 videtur
2898 2081 3007 2121 non
3061 2066 3197 2120 nihil
3251 2065 3561 2134 Pelagiana:

1970 2158 2208 2230 fuliginis
2245 2159 2397 2229 (qum
2424 2169 2540 2213 erat
2574 2158 2718 2211 illius
2746 2157 2931 2212 szeculi
2970 2156 3161 2229 Iabes)
3193 2158 3566 2223 contraxisse,

1970 2265 2079 2321 quo
2108 2250 2338 2304 forsitan
2372 2249 2623 2304 effectum
2658 2258 2762 2312 est,
2794 2258 2850 2303 ut
2880 2265 2907 2301 a
2939 2247 3249 2317 Pelagianis
3280 2246 3563 2302 Nestoria-

1972 2342 2169 2412 nisque
2213 2342 2303 2412 qui
2337 2357 2403 2396 ex
2437 2342 2519 2395 bis
2561 2342 2828 2412 originem
2878 2340 3104 2405 duxere,
3137 2337 3572 2409 perstringendis

1974 2433 2318 2488 abstinuerit.
2353 2433 2753 2487 lucarnationis
2783 2450 2941 2485 causa
2985 2443 3078 2495 est,
3114 2432 3289 2500 inquit
3320 2430 3383 2503 (j
3406 2432 3445 2500 ),
3490 2430 3567 2483 rel

1974 2526 2213 2580 servandi
2276 2526 2486 2578 humani
2536 2526 2735 2595 generis
2784 2522 2861 2577 rel
2909 2523 3209 2593 reparaudi.
3267 2522 3333 2575 Et
3382 2521 3567 2576 statim

1976 2616 2115 2672 hanc
2165 2616 2568 2685 reparationem
2601 2618 2652 2670 in
2704 2616 2820 2686 lege
2854 2626 3018 2686 atque
3065 2614 3320 2685 exemplo
3368 2613 3577 2668 consti-

1977 2718 2129 2765 tuere
2160 2710 2396 2764 videtur.
2436 2709 2800 2764 Prrematuras
2833 2709 3103 2763 infantum
3141 2717 3346 2762 mortes
3378 2708 3430 2761 in
3463 2706 3578 2761 cle-

1978 2812 2288 2857 mentorum
2334 2801 2759 2871 inaequalitatem
2800 2809 2894 2855 aut
2926 2802 2979 2854 in
3014 2811 3298 2868 parentum
3340 2799 3575 2864 scelera,

1980 2911 2088 2951 non
2123 2896 2175 2950 in
2208 2896 2530 2966 originalem
2585 2912 2781 2950 noxam
2815 2894 3055 2949 refundit
3090 2894 3215 2965 (Ιί),
3252 2909 3359 2964 quo
3410 2894 3580 2948 Deum

1981 2990 2241 3060 injustum
2288 3004 2393 3045 non
2426 3004 2549 3045 esse
2585 2989 2959 3054 demonstret;
3012 2987 3306 3056 subditque
3346 3001 3468 3041 cum
3502 2986 3583 3041 eis

1981 3083 2271 3153 benignius
2294 3083 2400 3152 agi,
2426 3098 2490 3137 ne
2514 3098 2580 3137 cx
2605 3081 2869 3151 improbis
2890 3080 3081 3151 geniti,
3108 3079 3315 3134 similes
3338 3078 3587 3149 quando-

1982 3193 2085 3246 que
2133 3176 2443 3231 efﬁciantur
2470 3176 2829 3231 auctoribus:
2871 3174 2963 3229 ubi
2998 3186 3280 3243 peccatum
3314 3172 3582 3242 originale

1988 3275 2042 3328 in
2076 3289 2241 3343 pravo
2276 3284 2560 3343 parentum
2610 3271 2859 3343 exemplo
2909 3270 3025 3324 fere
3058 3269 3270 3323 statuit.
3305 3268 3583 3336 Nusquam

1986 3382 2115 3422 vero
2145 3367 2332 3437 gratia:
2364 3367 2665 3423 Salvatoris
2697 3364 2963 3431 meminit,
2990 3380 3149 3435 quem
3177 3373 3234 3417 ιιι
3259 3363 3581 3418 meritorum

1986 3458 2269 3515 dumtaxat
2333 3460 2598 3514 arbitrum
2676 3458 2840 3511 habet
2915 3455 3021 3528 (Ι).
3093 3455 3335 3525 Denique
3421 3464 3586 3509 totam

1985 3552 2119 3622 legis
2170 3552 2552 3607 necessitatem
2598 3550 2652 3605 in
2702 3550 2982 3604 voluntate
3032 3558 3213 3603 nostra
3264 3550 3423 3603 sitam
3458 3562 3587 3602 esse

1988 3645 2245 3717 opinatur
2278 3645 2420 3717 (m).
2454 3645 2603 3699 IIanc
2644 3658 2807 3713 porro
2841 3643 3014 3697 labem
3051 3642 3329 3711 absterget
3355 3640 3591 3696 catholi-

1988 3754 2082 3795 cus
2114 3739 2285 3793 lector
2326 3737 2515 3792 eadem
2560 3738 2808 3807 spongia,
2855 3751 2959 3804 qua
2991 3744 3213 3790 sanctus
3247 3735 3587 3804 Augustinus

1988 3846 2109 3887 eam
2138 3846 2167 3885 a
2199 3830 2451 3885 Patribus
2480 3828 2688 3885 Grtecis
2713 3828 2913 3883 amovit
2946 3846 2958 3881 :
2986 3827 3129 3896 quod
3160 3825 3415 3881 videlicet
3444 3842 3588 3880 non.

1990 3925 2117 3981 dum
2151 3924 2461 3993 hujusntodi
2492 3924 2745 3993 dogmata
2773 3924 2844 3977 ab
2878 3922 3119 3977 Ecclesia
3148 3928 3366 3977 exserte
3412 3920 3589 3988 expli-

1989 4028 2108 4073 cata
2137 4025 2324 4073 essent
2356 4035 2367 4072 :
2398 4016 2617 4071 tametsi
2646 4014 2784 4071 nihil
2808 4024 2892 4071 est
2921 4016 3020 4069 hac
3044 4015 3396 4069 excusatione
3423 4029 3584 4085 opus,

1992 4125 2114 4167 cum
2150 4112 2361 4181 ipse.et
2402 4120 2679 4181 peccatum
2736 4106 3002 4178 originale
3040 4117 3096 4161 et
3146 4107 3339 4178 gratia:
3383 4105 3588 4161 Christi

1993 4206 2407 4269 necessitatem,
2454 4210 2717 4273 quantum
2757 4202 2892 4255 satis
2941 4211 3059 4255 erat
3108 4211 3233 4255 ante
3284 4201 3588 4269 pleniorem

1994 4296 2392 4364 deﬁnitionem,
2449 4295 2759 4351 insinuarit.
2814 4293 2946 4349 Hazc
2992 4295 3112 4366 fuit,
3146 4294 3322 4364 inquit
3350 4293 3473 4366 (η),
3505 4312 3592 4349 as-

1995 4388 2233 4445 sumendi
2263 4390 2520 4443 hominem
2552 4388 2816 4457 pra'cipua
2846 4388 2981 4441 ratio
3002 4386 3079 4440 vel
3108 4387 3370 4451 voluntas,
3397 4396 3453 4441 ut
3477 4406 3593 4458 pec-

1996 4492 2167 4537 catum
2197 4482 2260 4535 ab
2283 4483 2489 4536 homine
2516 4488 2859 4547 contractum,
2893 4498 2983 4552 per
3012 4482 3275 4534 hominem
3304 4480 3593 4536 tolleretur.

1999 4574 2067 4630 Et
2114 4576 2239 4631 alibi
2282 4575 2420 4648 (a):
2471 4574 2693 4629 Nullum
2735 4575 2845 4628 sine
2892 4574 3098 4627 lavacro
3149 4590 3299 4643 aqua:
3345 4574 3597 4644 spiritalis

2000 4689 2149 4743 posse
2178 4672 2392 4725 salvari.
2424 4670 2634 4724 Rursus
2662 4665 2797 4738 (p):
2826 4666 3068 4721 Generali
3107 4677 3372 4735 exemptus
3420 4668 3597 4733 ruina,

1999 4764 2057 4817 in
2084 4780 2225 4835 spem
2253 4778 2409 4834 quam
2440 4761 2687 4815 amiseras
2714 4760 3010 4828 repararis.
3062 4757 3193 4813 Item
3248 4758 3436 4825 gratim
3490 4759 3599 4815 Re-

2003 4852 2306 4922 demptoris
2335 4851 2614 4920 eleganter
2646 4848 3004 4918 adstipulatur
3048 4846 3178 4919 (q).
3217 4847 3424 4904 Deinde
3465 4848 3598 4922 (r):

2006 4945 2111 5001 Ille
2158 4955 2381 5011 tantum,
2414 4942 2820 5015 ait,‘e[ﬁciendi
2866 4941 3205 4996 substantiam
3256 4950 3482 5010 prwstet,
3515 4947 3603 5016 qui

2006 5056 2197 5111 magna
2224 5054 2410 5108 cupere
2433 5055 2485 5091 se
2508 5038 2732 5091 donante
2762 5036 3010 5107 permisit.
3047 5035 3293 5105 Denique
3317 5036 3440 5109 (s):
3468 5036 3605 5092 Con-

2089 5240 2189 5312 (k)
2220 5240 2299 5296 Id.
2325 5239 2421 5295 lib.
2451 5254 2488 5307 ι,
2518 5254 2638 5310 cap.
2672 5240 2759 5312 36.

2090 5311 2176 5384 (ι)
2214 5312 2294 5384 Id.
2325 5312 2423 5384 lib.
2454 5326 2492 5377 ι,
2526 5326 2648 5380 cap.
2679 5311 2771 5384 δι’»,

2085 5381 2203 5455 tm.)
2246 5383 2444 5455 ιάοιιι).
2472 5398 2511 5449 ι,
2543 5396 2663 5451 cap.

2124 5452 2192 5524 η)
2226 5454 2307 5511 Id.
2336 5452 2431 5508 lib.
2464 5469 2503 5519 ι,
2528 5468 2649 5523 cap.
2686 5452 2773 5507 14.

2123 5526 2184 5594 ο)
2225 5525 2303 5579 Id.
2328 5524 2422 5580 lib.
2448 5540 2505 5588 ιι,
2534 5540 2655 5594 cap.
2685 5524 2739 5580 8.

2084 5596 2185 5669 (ρ)
2224 5596 2302 5669 Id.
2332 5596 2514 5669 lib._tt,
2536 5610 2656 5665 cap.
2694 5596 2784 5669 16.

2120 5667 2183 5739 q)
2225 5668 2302 5724 Id.
2337 5667 2470 5723 ibid.
2496 5682 2653 5737 capp.
2688 5667 2795 5739 δίει
2819 5667 2872 5721 8.

2120 5738 2182 5808 r)
2222 5739 2302 5795 Id.
2336 5739 2431 5794 lib.
2465 5738 2809 5808 lll,cap.710.

2118 5807 2178 5877 δ)
2218 5809 2297 5866 Id.
2332 5810 2423 5864 lib.
2458 5824 2518 5875 ιι,
2546 5807 2667 5877 cap.
2690 5807 2781 5864 so.

3097 5972 3176 6034 3ft
