4074 6204
523 252 663 326 tos?

1249 263 1636 323 ZACCHIEUS
1675 264 2140 327 CHRISTIANUS
2181 266 2268 328 ET
2311 266 2662 327 EVAGlllUS
2703 265 3099 329 MONACHUS.

3696 277 3838 337 im

525 385 660 454 ferre
687 396 789 434 non
818 379 1028 445 abnuat,
1058 393 1173 448 qua:
1200 379 1440 444 pratstitit
1471 378 1618 434 velle.
1653 375 1735 433 Ad
1764 376 1882 433 haec
1913 377 1988 432 ait
2027 377 2128 448 (a)
2157 376 2209 440 Δ
2235 388 2356 436 ctor
2403 380 2764 448 Sorbonicus,
2815 399 3000 440 rerum
3050 383 3395 454 antiquarum
3438 386 3837 455 peritissimus,

516 471 805 543 justiﬁcari
837 485 934 541 per
963 469 1150 536 ﬁdem,
1209 486 1276 526 eo
1323 486 1520 540 nempe.
1567 485 1732 527 sensu
1766 486 1877 540 quo
1927 470 2120 525 beatus

522 565 719 620 Paulus
747 563 797 618 id
829 563 1049 634 scripsit
1079 561 1148 619 de
1177 561 1282 617 ﬁde
1304 578 1428 634 qua:
1457 577 1554 636 per
1580 561 1904 620 charitatem
1929 576 2122 633 opera-

523 668 609 714 tur
641 675 652 712 :
687 655 920 727 alioquin
967 656 1062 712 etsi
1108 656 1336 712 habuero
1366 673 1569 712 omnem
1599 657 1775 727 ﬁdem,
1817 655 1947 712 nihil
1994 655 2122 710 mihi

517 752 744 825 prodest.
776 750 1054 806 Praeterea
1081 750 1210 806 dum
1236 751 1338 805 ista
1367 750 1529 806 docet
1555 750 1613 821 (ὁ
1634 751 1672 821 ),
1706 749 1936 822 sufﬁciat
1965 764 2121 804 cano-

517 847 646 902 nicis
677 846 928 901 inhaerere
956 844 1254 916 scripturis,
1289 859 1397 900 non
1430 851 1755 900 exauctorat
1797 842 2120 898 traditiones

515 954 652 1010 quas
683 936 814 993 inibi
857 937 1081 1004 astruit,
1135 951 1335 1008 easque
1379 936 1447 992 ab
1502 934 1862 992 heterodoxis
1895 945 2122 1006 praeter-

518 1030 716 1085 missas
763 1029 1138 1100 conqueritur.
1189 1028 1329 1084 Alibi
1378 1025 1480 1100 (ο)
1509 1027 1733 1099 Angelis
1783 1028 2123 1098 paenitentia:

517 1132 733 1194 tempus
765 1121 1033 1178 indultum
1083 1121 1384 1186 existimat,
1436 1119 1622 1175 forsan
1675 1133 1782 1174 non
1830 1135 1859 1173 e
1903 1118 2121 1182 Scholae

515 1235 684 1278 sensu
715 1237 728 1272 :
762 1219 869 1274 nisi
903 1233 1004 1290 per
1050 1227 1262 1288 tempus
1295 1215 1428 1270 illud
1479 1214 1816 1284 intelligatur
1860 1213 2117 1284 spatium,

515 1311 661 1384 quod
695 1320 977 1381 peccatum
1005 1309 1148 1363 inter
1175 1319 1228 1362 et
1253 1322 1468 1378 poenam
1501 1305 1836 1361 intercessit.

591 1406 643 1458 7.
692 1423 710 1457 ι
747 1403 908 1473 Cujas
938 1401 1101 1457 fuerit
1149 1400 1462 1466 Zacclimus,
1494 1398 1724 1470 inquiris
1769 1397 1994 1452 forsitan
2039 1397 2120 1452 le-

516 1497 680 1555 ctor?
718 1495 813 1552 Nae
843 1495 1006 1551 nobis
1035 1493 1164 1565 quid
1194 1508 1532 1560 asseramus,
1563 1499 1625 1546 ut
1667 1491 1906 1563 ingenue
1954 1489 2123 1544 fatea-

519 1607 660 1658 mur,
694 1588 836 1646 haud
864 1589 1013 1646 venit
1040 1589 1092 1643 in
1123 1596 1382 1644 mentem.
1412 1584 1639 1654 Quidam
1670 1600 1848 1640 rerum
1874 1583 2125 1652 antiqua-

517 1703 638 1743 rum
667 1686 1046 1756 exploratores
1076 1683 1279 1739 curiosi
1304 1697 1428 1736 eum
1463 1681 1551 1736 vel
1582 1678 1795 1736 Gallum
1825 1677 1906 1732 vel
1930 1677 2119 1731 Italum

2223 485 2286 528 se
2337 473 2390 528 in
2437 473 2768 530 bibliotheca
2822 475 2999 531 sancti
3042 474 3253 534 Arnulﬁ
3308 476 3571 536 Metensis
3613 492 3838 548 patrum

2225 566 2670 636 congregationis
2727 575 3041 624 sanctorum
3095 567 3274 624 Vitnni
3322 579 3379 626 et
3425 570 3686 641 llidulphi
3736 571 3840 628 de-

2226 657 2582 728 prehendisse
2627 659 2873 718 Zacchrei
2904 660 3160 732 Dialogos
3204 662 3337 718 mihi
3370 664 3724 736 signiﬁcavit.
3760 667 3838 722 Ea

2227 750 2294 808 de
2324 766 2383 806 re
2430 761 2671 810 actutum
2719 753 2916 824 scripsi
2959 753 3026 810 ad
3081 754 3144 814 il.
3195 755 3258 810 Ρ.
3292 756 3554 816 domuum
3605 758 3841 818 Petrum

2229 842 2587 900 Descrochets
2643 845 2889 916 ejusdem
2955 851 3400 919 congregationis
3452 853 3841 919 pereruditum

2230 936 2608 1010 presbyterum
2637 952 2701 994 ac
2731 939 3078 1011 subpriorem
3109 941 3294 1000 Sancti
3324 942 3556 1002 Arnulﬁ.
3590 943 3739 1014 ipse,
3778 956 3844 1003 ut

2224 1036 2310 1086 est
2347 1028 2609 1100 singulari
2655 1029 2917 1090 comitate
2970 1032 3256 1101 praeditus,
3301 1034 3451 1090 nulla
3501 1034 3846 1106 interposita

2228 1138 2380 1180 mora
2406 1122 2668 1181 benevole
2690 1125 2935 1184 codicem
2961 1127 3246 1198 eleganter
3268 1127 3338 1183 ab
3358 1142 3505 1186 anno
3531 1128 3680 1185 circa
3704 1145 3848 1187 sex-

2225 1216 2529 1274 centesimo
2559 1219 2931 1289 conscriptum
2965 1222 3287 1278 transmisit.
3321 1221 3424 1286 At,
3455 1223 3654 1278 mirum
3683 1225 3698 1277 l
3735 1238 3845 1278 co-

2226 1307 2331 1364 dex
2381 1307 2470 1364 ille
2519 1309 2740 1366 easdem
2796 1310 3139 1367 inversioncs
3191 1311 3307 1368 sive
3364 1311 3724 1382 repetitioncs
3777 1328 3849 1372 ac

2227 1404 2502 1472 antiquior
2540 1405 2836 1464 Tltuaneus
2883 1408 3150 1464 continet.
3188 1407 3522 1477 Adjumento
3551 1408 3848 1466 nihilomi-

2228 1509 2356 1561 nus,
2394 1494 2590 1564 fateor,
2635 1497 2770 1553 mibi
2801 1496 2902 1554 fuit
2937 1499 3276 1568 permaxima
3307 1516 3321 1554 :
3367 1498 3638 1569 siquidem
3669 1516 3740 1556 ει
3774 1514 3848 1558 eo

2229 1589 2469 1657 pluribus
2499 1589 2551 1644 in
2600 1589 2736 1646 locis
2780 1590 2955 1648 nodos
2999 1591 3093 1662 qui
3147 1601 3546 1659 remanserant,
3598 1593 3844 1662 resolvi,

2229 1697 2412 1738 ntevos
2445 1683 2670 1739 extersi.
2703 1685 2877 1754 Atque
2900 1695 2955 1740 ut
2979 1684 3159 1741 dicam
3189 1685 3335 1755 quod
3365 1687 3564 1754 sentio,
3603 1701 3706 1756 par
3757 1696 3852 1746 est

520 1789 826 1837 autumant.
868 1778 926 1836 Si
979 1790 1160 1833 tamen
1215 1777 1545 1848 conjecturae
1599 1771 1882 1842 indulgere
1940 1772 2122 1834 liceat,
2158 1773 2204 1834 B
2233 1775 2461 1831 credere
2503 1775 2851 1834 Amulliuum
2895 1776 3144 1835 codicem
3177 1793 3247 1833 εχ
3277 1777 3511 1848 puerum
3550 1777 3846 1838 Τιιυιιιεω

526 1873 844 1932 Africanum
901 1872 1078 1928 dicam
1126 1871 1449 1927 Zacclimum
1503 1868 1572 1923 ob
1627 1867 1753 1939 styli
1799 1865 2120 1921 afﬁnitatem

517 1985 640 2027 cum
665 1969 864 2026 Africa:
895 1969 1281 2040 scriptoribus,
1316 1966 1406 2038 qui
1439 1965 1534 2020 illo
1562 1979 1677 2020 aevo
1695 1963 1780 2020 vel
1810 1963 1968 2033 paulo
1997 1969 2122 2020 ante

523 2064 932 2134 scriptitabant.

595 2174 615 2210 ι
646 2157 908 2226 Superest
933 2169 1097 2219 nunc,
1133 2163 1190 2209 ut
1219 2169 1248 2208 a
1294 2169 1380 2208 me
1419 2151 1661 2216 noveris,
1693 2145 1885 2217 lector,
1919 2164 2022 2220 qua
2055 2163 2120 2203 ex

524 2248 859 2306 bibliotheca
889 2247 1220 2318 suppeditati
1262 2246 1371 2299 sint
1410 2243 1627 2298 codices
1656 2257 1788 2297 mss.
1821 2241 1965 2296 unde
1988 2239 2122 2296 Zac-

517 2341 655 2398 cbaei
687 2355 827 2411 opus
875 2337 1296 2396 exscribendum
1341 2337 1671 2394 curavimus.
1723 2334 1860 2389 Cum
1905 2351 1993 2392 vv.
2035 2347 2118 2389 cc.

517 2434 744 2492 Carolus
775 2433 846 2489 du
884 2432 1090 2490 Fresne
1121 2432 1186 2486 D.
1215 2431 1287 2486 du
1318 2428 1500 2500 Cange
1527 2439 1582 2484 et
1608 2427 1848 2485 Joannes
1879 2427 2118 2494 Baptista

518 2527 570 2584 le
611 2525 901 2593 Cottelier,
937 2532 1167 2595 uterque
1197 2518 1628 2584 eruditissimus,
1664 2521 1964 2576 lustrarent
1987 2518 2123 2574 iuvi-

516 2627 819 2688 serentque
851 2633 985 2672 mss.
1029 2616 1254 2671 codices
1285 2613 1518 2670 celebris
1566 2611 1910 2669 bibliothecis
1943 2609 2122 2668 Thua-

515 2725 656 2775 nece,
679 2724 972 2765 occurrere
996 2708 1106 2762 bini
1138 2721 1268 2761 mss.
1292 2705 1535 2761 Zacchaai
1557 2704 1857 2760 Christiani
1880 2713 1935 2757 et
1957 2702 2122 2772 Apol-

515 2801 648 2858 lonii
679 2800 993 2871 philosophi
1025 2798 1375 2868 Dialogorum
1405 2795 1527 2851 libri
1566 2805 1676 2854 tres
1703 2813 1715 2848 :
1747 2796 1970 2849 volvunt
2002 2793 2121 2848 illos

517 2904 572 2950 et
602 2894 916 2958 revolvunt,
959 2908 1022 2948 ac
1065 2891 1282 2947 tandem
1325 2889 1602 2946 discussos
1631 2900 1946 2958 utcumque,
1976 2885 2121 2957 judi-

515 2998 643 3044 cant
675 2988 798 3042 luce
843 2986 1057 3056 dignos.
1093 2985 1370 3056 Expetuut
1401 2999 1498 3056 pro
1527 2999 1614 3037 me
1651 2983 1936 3037 nesciente
1965 2981 2124 3037 binos

517 3095 651 3136 mss.
685 3095 713 3133 a
743 3079 1072 3135 doctissimo
1102 3077 1529 3133 bibliothecario
1559 3075 1801 3146 Josepho
1841 3075 2118 3144 Quesnel;

2227 1870 2572 1926 bibliothecre
2598 1871 2890 1941 antiquiori
2935 1872 3350 1942 transcriptum,
3399 1872 3649 1943 iurisque
3689 1873 3840 1934 olim

2224 1963 2392 2018 fuisse
2438 1962 2671 2020 abbatis:
2715 1964 2891 2020 sancti
2943 1964 3159 2020 Arnulli
3189 1963 3470 2024 Metensis.
3523 1967 3834 2037 Suppetias

2228 2055 2476 2112 nonnulli
2503 2072 2568 2111 ex
2601 2057 2810 2113 nostris
2838 2057 3034 2122 tulere,
3089 2073 3194 2114 non
3237 2057 3559 2126 diffitemur,
3592 2058 3661 2115 ad
3688 2074 3836 2116 eon-

2227 2147 2510 2204 ferendum
2543 2148 2752 2218 ingenti
2777 2149 2968 2206 labore
2996 2150 3368 2221 apograplium
3397 2167 3505 2220 quo
3535 2152 3587 2208 in
3614 2150 3720 2208 bac
3745 2155 3838 2212 usi

2226 2253 2414 2296 sumus
2443 2240 2706 2309 editione,
2729 2258 2850 2298 cum
2887 2242 3170 2298 codicibus
3203 2258 3334 2300 mss.
3366 2253 3528 2312 atque
3553 2242 3622 2300 ad
3654 2244 3838 2301 eluci-

2225 2331 2432 2388 dandas
2461 2332 2723 2390 tenebras
2751 2349 2875 2404 qua:
2908 2333 3239 2402 srepiuscule
3279 2334 3522 2394 animum
3553 2334 3834 2393 obvolve-

2228 2427 2357 2482 bant
2390 2445 2403 2483 :
2432 2443 2461 2481 e
2494 2428 2698 2484 nostris
2737 2428 2902 2484 etiam
2953 2427 3018 2484 Β.
3060 2427 3276 2486 Gabriel
3327 2427 3610 2488 Cerberon
3663 2440 3720 2487 et
3767 2431 3834 2489 Β.

2223 2519 2457 2574 Joannes
2489 2518 2735 2575 Mahillmi
2771 2527 2969 2590 praesto
2998 2519 3172 2574 fuere.
3215 2538 3233 2572 ι

2294 2615 2349 2672 9.
2383 2622 2399 2640 ¹
2429 2635 2447 2669 r
2483 2617 2753 2672 llactenus
2771 2615 3232 2685 Aeherius,cujus
3253 2613 3429 2671 labori
3454 2615 3599 2672 haud
3623 2632 3825 2687 parum

2225 2718 2370 2764 esset
2413 2707 2741 2772 detractum,
2793 2708 2840 2764 si
2885 2706 3289 2764 Altercatiouem
3339 2705 3623 2780 TlteOpltili
3673 2708 3840 2768 αιτι.

2222 2800 2381 2857 stiani
2406 2808 2453 2855 et
2484 2799 2714 2854 Simonis
2739 2798 2943 2862 Judwi,
2981 2815 3143 2869 quam
3179 2800 3242 2855 Β.
3270 2799 3331 2856 Ρ.
3364 2799 3471 2858 Dn.
3507 2801 3841 2864 Edmunduo

2225 2893 2468 2949 Martene
2499 2902 2646 2948 tumo
2689 2891 2730 2947 V
2774 2892 3187 2950 Anecdotorum
3238 2893 3432 2959 edidit,
3485 2894 3677 2952 videre
3733 2913 3836 2967 po-

2226 2987 2443 3040 tuisset.
2471 2982 2605 3040 Cum
2639 2985 2784 3040 enim
2816 2985 2958 3040 illius
2983 2984 3350 3040 Altercationis
3377 2997 3568 3044 auctor
3589 2991 3662 3042 sit
3690 2988 3840 3050 Eva.

2229 3092 2385 3134 GRIUS
2417 3077 2509 3146 qui
2543 3080 2686 3132 circa
2715 3091 2920 3132 annum
2949 3076 3056 3132 620
3088 3076 3392 3145 scribebat,
3423 3088 3480 3132 ut
3502 3076 3774 3138 discimus
3804 3096 3835 3142 ο

513 3175 756 3246 quicum
789 3173 924 3228 mihi
955 3172 1030 3228 sit
1069 3171 1312 3226 amicitia
1353 3169 1841 3240 coniunctissimus
1886 3176 1944 3224 et
1969 3184 2120 3223 com-
2147 3162 2192 3224 C
2226 3168 2506 3226 Gennadio
2531 3168 2633 3242 (tl)
2655 3177 2710 3224 et
2740 3184 2770 3223 e
2799 3167 3114 3226 Marcellino
3139 3169 3341 3225 Comite
3371 3168 3438 3224 ad
3467 3184 3670 3226 annum
3695 3171 3832 3239 525,

517 3277 688 3337 ρει-ιω
745 3264 1112 3322 humanitatis
1151 3265 1204 3318 in
1251 3277 1468 3325 omnes,
1537 3261 1772 3332 benigne
1823 3275 2119 3332 utrumque

515 3359 908 3416 commodavit.
941 3357 1021 3412 Ad
1057 3372 1146 3412 me
1175 3355 1362 3410 statim
1404 3354 1725 3414 detulerunt
1753 3355 1855 3410 viri
1901 3356 2120 3410 amicis-

514 3452 661 3513 simi,
709 3451 1139 3518 obtuleruntque
1191 3448 1508 3502 thesaurum
1543 3446 1647 3501 huc
1681 3462 1852 3518 usque
1885 3447 2121 3502 abscon-

520 3545 695 3602 ditqu
728 3551 896 3613 atque
947 3543 1206 3607 invisum,
1240 3555 1402 3610 quem
1443 3539 1644 3609 volupe
1675 3539 1969 3596 admodum
2000 3555 2120 3596 sus-

518 3640 642 3712 cepi
669 3655 730 3694 ac
756 3638 1032 3709 pollicitus
1060 3652 1184 3694 sum
1226 3636 1279 3690 in
1310 3635 1488 3691 lucem
1525 3635 1794 3706 proferre.

591 3734 646 3789 8.
693 3751 712 3785 ‹
747 3731 948 3787 Verum
1001 3731 1286 3786 enimvero
1339 3729 1466 3786 dum
1513 3729 1640 3784 illos
1687 3729 1908 3786 codices
1941 3731 2121 3799 legere

519 3837 683 3897 atque
704 3826 1023 3881 examinare
1043 3838 1163 3880 sum
1188 3837 1505 3894 aggressus,
1536 3821 1670 3877 haesi
1696 3824 1748 3877 in
1774 3824 1895 3891 ipso
1920 3823 2120 3895 princi-

523 3919 612 3988 pio
638 3935 651 3972 :
677 3933 875 3984 nempe
922 3915 1111 3972 deerat
1141 3914 1332 3976 titulus
1366 3916 1419 3969 in
1452 3915 1769 3984 posteriori,
1809 3931 1921 3986 prie
1950 3930 2010 3972 se
2043 3926 2119 3974 ta.

521 4026 648 4068 men
695 4010 1042 4079 oetingentos
1072 4022 1247 4062 annos
1294 4006 1626 4076 praeferente
1659 4025 1670 4060 :
1717 4007 1889 4076 prima
1926 4010 2116 4079 pagina

524 4121 696 4176 prOpe
726 4104 1038 4159 oblitterata
1080 4110 1234 4165 erat;
1269 4100 1437 4155 verba
1479 4100 1646 4156 totius
1686 4101 1878 4171 operis
1905 4100 2122 4158 identti-

527 4203 650 4258 dem
678 4201 920 4262 inversa,
953 4212 1015 4252 ac
1046 4197 1270 4269 syllabae
1296 4196 1623 4252 inconcinne
1645 4197 1872 4252 divulsa:
1899 4206 1952 4252 et
1972 4213 2122 4254 com-

525 4297 736 4363 positae.
789 4294 846 4348 In
897 4292 1070 4348 altero
1123 4298 1307 4346 autem
1336 4290 1528 4346 codice
1576 4307 1741 4347 manu
1787 4292 2119 4364 pauloauti-

524 4388 716 4460 quiore
743 4393 974 4442 cxarato
1005 4383 1201 4438 titulus
1233 4383 1487 4436 exstabat
1511 4383 1754 4452 quidem,
1790 4383 1886 4440 sed
1927 4385 2122 4442 chara-

521 4491 702 4538 cteres
747 4479 923 4533 visum
978 4472 1178 4544 passim
1233 4471 1536 4544 fugiebant,
1595 4474 1742 4529 velut
1793 4481 1850 4530 et
1906 4474 1959 4530 in
2008 4484 2120 4532 toto

2223 3263 2352 3334 quin
2385 3262 2523 3318 idem
2556 3261 2650 3316 has
2699 3261 3112 3318 Consultatianes
3157 3261 3444 3332 scripserit
3469 3262 3714 3320 dubitari
3742 3266 3832 3324 vix

2225 3369 2404 3424 posse,
2440 3370 2546 3408 non
2577 3353 2847 3410 immerito
2879 3353 3176 3412 arbitratus
3209 3363 3294 3410 est
3341 3355 3424 3410 vir
3464 3369 3628 3426 quem
3659 3370 3830 3426 supra

2225 3448 2498 3506 nominavi
2526 3447 2896 3506 doctissimus.

2303 3561 2322 3594 ι
2371 3541 2487 3596 Alia
2519 3551 2646 3594 sunt
2677 3555 2797 3610 qua:
2837 3540 3102 3596 lectorem
3140 3540 3354 3598 moneri
3377 3555 3559 3610 aperte
3586 3541 3832 3612 pretium

2223 3638 2492 3694 ducimus.
2541 3636 2674 3691 Nam
2707 3636 2852 3706 quod
2898 3635 2976 3690 ait
3024 3635 3315 3702 Achcrius,
3365 3633 3544 3691 felicis
3583 3635 3831 3704 sepulcri

2223 3730 2446 3786 exuvias
2497 3729 2639 3784 forte
2669 3728 2894 3799 intelligi
2935 3727 3240 3785 SiudOucm
3274 3727 3422 3786 illam
3469 3742 3578 3797 qua
3607 3743 3829 3785 sacrum

2223 3808 2425 3881 Christi
2457 3838 2657 3893 corpus
2689 3823 2996 3879 involutum
3045 3832 3150 3890 est,
3205 3822 3431 3878 omnino
3459 3832 3568 3884 est,
3599 3833 3658 3878 ut
3694 3822 3835 3880 mihi

2224 3919 2441 3989 quidem
2493 3917 2730 3983 videtur,
2785 3917 3169 3987 improbabile.
3219 3915 3368 3975 Satis
3394 3916 3538 3974 enim
3582 3924 3828 3978 constat,

2223 4010 2519 4078 Sindonem
2547 4010 2691 4065 illam
2726 4025 2834 4064 non
2862 4011 2931 4064 ab
2962 4006 3232 4073 Eudocia,
3261 4007 3478 4066 Arcadii
3508 4021 3704 4074 uxore,
3739 4007 3828 4065 inv

2224 4115 2386 4160 eunte
2433 4103 2634 4158 smculo
2662 4117 2719 4169 v,
2753 4101 2850 4157 sed
2901 4117 2928 4155 a
2963 4099 3259 4156 Theodosii
3304 4099 3545 4169 iunioris
3587 4099 3831 4170 conjuge

2222 4197 2367 4254 A‘llia
2399 4197 2669 4263 Eudoxia,
2703 4212 2810 4252 non
2840 4205 2970 4254 ante
2994 4210 3199 4252 annum
3226 4193 3334 4250 440
3360 4193 3832 4263 Constantiimpo—

2225 4291 2316 4348 lim
2364 4306 2487 4348 esse
2528 4298 2880 4360 seportatam.
2935 4289 3084 4344 Itane
3135 4287 3345 4348 scilicet
3389 4286 3827 4358 Hierosolymam

2226 4385 2416 4440 urbem
2438 4382 2640 4438 adiisse
2662 4397 2853 4438 omnes
2879 4381 3058 4440 sciunt
3089 4399 3103 4435 :
3131 4380 3276 4437 illam
3301 4394 3430 4436 vero
3456 4380 3511 4436 in
3533 4379 3829 4436 Palmstina

2227 4485 2495 4532 versatam
2527 4489 2650 4530 esse
2679 4476 2771 4544 qui
2803 4475 3114 4545 scripserit,
3159 4474 3438 4552 neminem
3470 4474 3616 4528 novi.
3653 4471 3828 4528 Porro

521 4573 820 4639 volumine,
854 4578 1041 4638 utpote
1072 4565 1251 4636 pluvia
1300 4573 1357 4620 et
1387 4565 1531 4621 carie
1575 4564 1904 4626 labefactato
1933 4582 1993 4620 ac
2020 4581 2118 4638 pu-
2149 4554 2198 4613 Ῑ)
2229 4569 2311 4626 lue
2341 4567 2756 4624 Consultationes
2791 4567 2938 4637 prius
2964 4566 3186 4638 scriptae
3221 4577 3397 4634 erant,
3427 4582 3590 4638 quam
3642 4565 3831 4622 Eudo-

521 4666 750 4724 trefacto
799 4680 811 4715 :
859 4659 1058 4716 deinde
1106 4673 1210 4715 nOn
1264 4657 1441 4714 solum
1481 4669 1564 4714 est
1610 4658 1972 4715 labefactatus
2003 4659 2107 4718 iste

521 4762 714 4825 codex,
764 4758 859 4814 sed
893 4767 999 4810 tam
1028 4755 1330 4810 oscitanter
1361 4762 1414 4810 et
1447 4752 1699 4823 imperite
1730 4761 1986 4808 exaratus
2033 4753 2102 4812 ab

524 4856 696 4908 inscio
721 4851 972 4922 quodam,
1007 4859 1066 4904 ut
1095 4847 1325 4903 subinde
1359 4854 1539 4902 textus
1570 4847 1708 4902 ordo
1733 4855 2113 4916 pervertatur:

525 4954 650 5016 puta
699 4945 752 4996 in
799 4943 935 4996 libro
983 4941 1198 5010 primo;
1234 4947 1397 5009 atque
1447 4947 1507 4992 ut
1554 4937 1607 4992 in
1656 4953 1765 4996 uno
1815 4939 2115 5010 eodemque

523 5039 701 5107 capite
733 5035 1040 5102 promiscue
1069 5047 1137 5086 ex
1169 5031 1310 5086 libro
1341 5047 1375 5084 ιι
1407 5030 1578 5084 multa
1613 5031 1844 5099 invexit,
1880 5032 1951 5086 ita
1981 5033 2112 5086 etin

520 5131 656 5186 libro
695 5143 732 5182 ιι
763 5137 815 5181 et
843 5125 897 5179 in
939 5139 994 5177 ιιι
1029 5124 1234 5190 pariter
1262 5132 1557 5178 contextus
1589 5123 1786 5177 seriem
1831 5126 2115 5192 i-crturba-

519 5227 612 5290 vit,
651 5238 714 5276 ac
748 5232 973 5275 sensum
1008 5216 1333 5269 immutavit.
1378 5213 1513 5269 Cum
1545 5224 1732 5270 autem
1773 5217 1966 5274 anxius
1997 5217 2110 5271 hae-

519 5333 714 5382 rerem,
747 5323 802 5370 et
831 5313 974 5367 nulla
1001 5312 1054 5364 in
1090 5316 1241 5362 tanto
1274 5309 1586 5378 labyrintho
1616 5324 1740 5365 sese
1775 5309 2003 5366 oﬁ‘erret
2022 5312 2110 5367 via

518 5430 617 5483 qua
650 5426 717 5465 ex
747 5423 813 5464 eo
850 5417 1136 5475 cmergere
1166 5401 1440 5466 valerem;
1481 5417 1534 5455 v.
1567 5418 1616 5456 c.
1666 5402 1769 5457 Dn.
1805 5403 1985 5464 Faure
2011 5403 2113 5460 do-

589 5574 688 5645 (a)
725 5568 939 5645 _Z_ac_cl_i.
958 5579 1114 5632 capp.
1144 5563 1254 5645 ilict
1285 5561 1368 5616 l8.

585 5633 685 5732 ibi
724 5643 804 5732 ltl-
828 5639 969 5732 illi":
1001 5651 1123 5732 °§l‘.:
1153 5633 1244 5732 ‘9;

724 5711 1445 5838 l(irzetiitltiilidi?aliti-idinustr.
1477 5770 1602 5843 bap.
1633 5771 1723 5828 50.

2231 4663 2376 4718 xiam
2406 4661 2655 4718 duxisset
2680 4659 3024 4716 Theodosius
3047 4659 3257 4730 iunior.

2306 4773 2326 4810 ι
2378 4754 2533 4820 Quod
2583 4752 2650 4808 ab
2697 4752 2892 4808 eodem
2939 4751 3181 4808 additum
3230 4761 3312 4807 est
3363 4749 3430 4808 de
3462 4751 3820 4820 processiouc

2227 4847 2462 4917 Spiritus
2481 4863 2510 4902 a
2541 4847 2699 4903 Patre
2721 4855 2776 4902 et
2797 4844 2955 4914 Filio,
2983 4845 3164 4902 minus
3184 4846 3348 4900 etiam
3370 4853 3455 4900 est
3475 4855 3820 4904 accuratum:

2229 4959 2354 4998 nam
2383 4941 2438 4996 in
2468 4942 2535 4998 iis
2578 4941 2715 4997 locis
2756 4956 2877 5010 qua:
2908 4939 3133 5007 indicat,
3179 4939 3283 4996 hoc
3311 4948 3419 5005 est,
3449 4954 3608 5008 capp.
3638 4937 3675 4992 3
3696 4947 3759 4992 et
3785 4935 3820 4996 5

2229 5035 2353 5089 libri
2398 5050 2466 5097 ιι,
2521 5050 2588 5088 ne
2634 5047 2740 5088 una
2791 5033 3010 5101 quidem
3060 5032 3252 5086 vocula
3303 5039 3408 5095 est,
3441 5044 3561 5099 quae
3587 5028 3656 5084 ad
3698 5041 3821 5083 eam

2221 5127 2580 5199 quaestionem
2639 5125 2836 5179 referri
2891 5125 3165 5181 ullatenus
3213 5122 3405 5194 possit.
3461 5122 3616 5194 Quod
3666 5122 3712 5176 si
3752 5119 3819 5175 de

2222 5235 2344 5288 cap.
2400 5219 2468 5274 19
2514 5217 2794 5287 cogitavit,
2832 5218 2882 5271 in
2932 5234 3044 5289 quo
3089 5226 3250 5278 antea
3296 5215 3603 5286 tegebatur,
3651 5213 3742 5269 Est
3768 5223 3818 5266 et

2223 5315 2452 5382 Spiritus
2493 5322 2703 5366 sanctus
2734 5330 2764 5366 a
2793 5311 2952 5366 Patre
2998 5311 3157 5366 simul
3185 5329 3247 5368 ac
3284 5310 3462 5377 Filio;
3494 5309 3550 5366 id
3577 5310 3812 5379 primum

2223 5407 2482 5462 lectorem
2511 5403 2654 5459 scire
2688 5403 2960 5470 volumus,
3009 5413 3340 5474 expunctum
3363 5418 3390 5456 τι
3436 5402 3593 5458 nobis
3625 5413 3812 5456 vocem

2279 5565 2298 5583 '
2337 5561 2467 5626 Quae
2489 5567 2810 5628 sequuntur,
2841 5558 3048 5614 addidit
3073 5556 3442 5628 Disquisilioui
3475 5554 3789 5628 A_cberiana:

2217 5648 2264 5684 v.
2296 5624 2670 5684 chudovicus
2705 5628 3020 5684 Franciscus
3060 5624 3258 5698 Ioseph
3299 5628 3362 5683 de
3403 5627 3457 5684 la
3497 5624 3681 5696 Barre,
3711 5630 3802 5696 qni

2217 5718 2412 5757 novam
2447 5701 2720 5773 Spicilcgii
2749 5700 3044 5758 editionem
3070 5701 3377 5760 adornavit.
