4092 6176
285 276 410 341 111119

1632 277 2184 341 tPROLEGOMENh.

3424 293 3565 348 £070

279 393 439 460 simul,
467 402 524 450 et
549 393 604 450 in
637 394 758 460 eius
778 394 957 452 locum
990 408 1057 452 ex
1085 393 1195 451 ﬁde
1237 393 1432 462 Optimi
1461 395 1670 454 codicis
1705 396 1862 456 resti-
1891 399 1945 465 Α
1971 413 2100 456 num
2129 413 2223 458 seu
2252 395 2704 458 Consultationum
2734 401 2970 458 Zacrhmi
3001 404 3286 461 Christiani
3314 418 3364 462 et
3403 410 3568 478 Αροι-

281 495 436 543 tutam
465 501 655 545 vocem
686 487 948 553 similiter,
981 503 1102 556 quae
1134 487 1461 547 sententiam
1490 489 1716 548 omnino
1747 505 1868 546 11111-

281 587 366 644 101,
399 577 536 637 utin
571 577 716 634 notis
761 577 946 636 videre
975 589 1057 634 cst
1088 596 1101 634 :
1127 577 1328 638 deinde
1353 580 1703 646 quantumvis
1746 595 1866 638 scr-

279 680 426 730 vetur
477 671 669 730 vocula
729 670 908 736 simul,
962 686 1068 730 non
1118 670 1328 740 liquere
1374 671 1696 730 Zaccbaeum
1748 675 1869 731 sive

281 764 562 834 Et'agrium
593 763 662 820 de
696 765 1056 834 proccssione
1085 764 1326 835 Spiritus
1360 764 1534 822 sancti
1571 762 1713 822 idem
1738 778 1866 820 seu-

281 857 430 920 sisse,
475 856 621 926 quod
671 871 819 916 nunc
849 871 1039 914 omnes
1085 855 1265 914 Latini
1314 873 1327 912 :
1375 872 1498 912 nam
1534 855 1702 912 inisse
1735 855 1866 914 olim

283 953 364 1022 qui
392 951 656 1022 Spiritum
703 959 953 1010 sanctum
989 965 1112 1008 esse
1136 958 1192 1008 et
1215 949 1393 1008 Patris
1423 959 1478 1008 et
1507 948 1653 1015 Filii,
1699 947 1870 1008 immo

283 1058 397 1100 esse
437 1053 485 1098 et
537 1059 566 1100 a
616 1043 776 1102 Patre
808 1053 921 1104 eta
962 1041 1102 1100 Filio
1154 1043 1477 1107 faterentur,
1535 1055 1634 1102 nec
1687 1049 1867 1102 tamen

284 1134 479 1194 vellent
509 1134 677 1193 scribi
715 1133 968 1193 eumdem
1015 1149 1046 1192 a
1092 1133 1248 1192 Patre
1276 1143 1328 1190 et
1379 1132 1516 1191 Filio
1547 1131 1866 1201 procedere,

281 1237 488 1286 conetat
517 1228 601 1288 vel
629 1243 695 1290 ett
729 1227 977 1290 Anselmi
1007 1227 1232 1292 Ilavelb.
1278 1227 1625 1295 Dialogorum
1676 1226 1772 1284 lib.
1806 1242 1866 1292 11,

283 1336 394 1391 cap.
428 1321 517 1378 17.
1699 1308 1702 1313 ’

349 1433 368 1467 1
407 1416 678 1485 Superest
698 1424 757 1474 ut
788 1430 1110 1475 maneamus
1139 1414 1376 1474 Acberio
1396 1459 1409 1486 ,
1445 1427 1568 1472 cum
1599 1411 1700 1472 bas
1729 1412 1870 1470 Conv

281 1508 600 1566 saltationes
639 1505 855 1569 ederet.
902 1507 1140 1568 nondum
1189 1505 1386 1567 iactam
1433 1505 1604 1566 fuisse
1654 1505 1870 1574 cojiiam

281 1619 378 1660 ms.
411 1602 618 1662 codicis
643 1604 820 1661 sancti
849 1601 1119 1661 Martialis
1149 1599 1582 1664 Lemovicensis,
1626 1608 1754 1658 ante
1773 1614 1872 1658 au-

282 1713 403 1753 num
433 1697 572 1753 1010
594 1697 753 1767 jussu
783 1695 1044 1754 Ademari
1085 1695 1425 1752 Cabanensis
1451 1692 1681 1760 exarati,
1709 1708 1739 1747 e
1761 1707 1874 1763 quo

1971 492 2099 545 lonii
2131 492 2428 564 philosophi
2459 493 2614 548 libris
2642 495 2957 550 immediate
2979 499 3266 567 subjicitur
3289 511 3564 574 tamquam

1969 592 2202 652 quartus
2245 584 2681 645 Altercationum
2714 588 2883 655 liber;
2913 589 3053 649 adeo
3084 604 3140 646 nt
3164 593 3410 663 ejusdem
3436 613 3566 654 auc-

1973 679 2105 737 toris
2137 677 2279 736 i‘etus
2309 693 2432 735 esse
2456 680 2743 739 videatur:
2776 682 2868 752 qui
2900 694 3188 753 postquam
3221 689 3323 743 sub
3347 691 3568 748 nomine

1971 767 2208 831 Zaccluei
2247 769 2534 830 Christiani
2585 773 2760 830 tribus
2801 774 2956 831 libris
2988 781 3289 834 confutavit
3327 782 3571 852 philoso-

1975 861 2133 928 phos,
2159 861 2415 942 singulari
2447 878 2613 931 opere
2633 879 2922 935 aggressus
2953 878 3036 923 est
3073 869 3296 927 Iudaeos
3336 875 3439 928 sub
3472 891 3570 930 no-

1973 951 2118 1012 mine
2146 951 2441 1023 TheOphili.
2465 955 2534 1012 Et
2557 971 2694 1016 sane
2735 958 2786 1018 id
2815 963 3146 1028 persuadere
3182 975 3412 1030 possunt
3463 977 3576 1024 tres

1971 1048 2275 1116 prmieﬂilll
2306 1049 2662 1118 conjecturas.
2709 1050 2890 1112 Primo
2938 1054 3088 1112 enim
3141 1056 3284 1114 idem
3329 1059 3382 1119 in
3423 1070 3575 1116 utro.

1972 1153 2078 1208 que
2109 1154 2277 1209 opere
2314 1141 2531 1200 titulus:
2581 1142 2782 1212 quippe
2807 1143 3287 1205 Cotisuitationutn
3324 1149 3572 1207 Zaccbaoi

1972 1227 2272 1290 Christiani
2319 1241 2374 1288 et
2424 1233 2740 1302 Appollonii
2795 1233 3110 1311 philosophi
3161 1240 3282 1298 libri
3325 1251 3458 1311 tres,
3515 1244 3572 1299 in

1974 1321 2162 1380 codice
2218 1323 2596 1387 Lemovicensi
2639 1327 2819 1386 sancti
2871 1329 3135 1390 Martialis
3173 1344 3230 1391 et
3283 1335 3335 1388 in
3372 1335 3578 1402 Vindo—

1973 1412 2182 1470 cinensi
2215 1415 2582 1478 Altercationit
2616 1419 2772 1480 titulo
2801 1420 3099 1482 (leuantur.
3153 1426 3215 1480 lit
3263 1425 3482 1495 quidem
3517 1429 3570 1483 in

1975 1509 2354 1570 Lentoviceusi
2386 1511 2490 1568 huc
2515 1513 2706 1572 modo:
2741 1513 3024 1574 Allet'catio
3053 1519 3322 1587 Apollonii
3337 1520 3576 1592 philoso-

1975 1603 2064 1672 phi
2091 1619 2208 1660 cum
2251 1603 2501 1664 Zacchwo
2545 1605 2863 1666 Christiano.
2918 1610 2972 1668 ln
3009 1610 3405 1673 V'indocinensi
3445 1631 3579 1671 vero

1979 1696 2078 1752 ita:
2104 1695 2367 1771 Incipiunt
2389 1699 2619 1771 capitula
2639 1700 2758 1760 libri
2786 1704 3192 1764 Altercationum
3214 1707 3387 1776 primi.
3408 1708 3580 1765 Immo

281 1794 477 1852 deinde
515 1795 700 1850 varias
734 1795 998 1850 lectiones
1030 1803 1320 1864 excerptas
1350 1792 1526 1847 edidit
1552 1792 1619 1848 ad
1664 1791 1872 1848 calcem
1907 1789 1950 1856 Β
1982 1790 2032 1844 111
2063 1790 2185 1846 aliis
2215 1791 2380 1850 etiam
2401 1792 2688 1856 codicibus
2709 1795 2904 1864 quibus
2925 1812 3049 1857 usus
3081 1808 3164 1856 est
3189 1808 3375 1857 noster
3395 1799 3581 1857 Ache-

285 1892 412 1950 totui
467 1904 566 1948 xm
613 1888 912 1959 Spicilegii.
958 1889 1063 1948 Eas
1094 1903 1202 1946 non
1233 1887 1496 1948 mediocri
1529 1885 1688 1948 nobis
1723 1885 1877 1955 adjuo

284 1992 463 2037 tnento
511 1981 678 2036 fuisse
709 1981 774 2034 ad
820 1979 1218 2040 emendandum
1271 1989 1586 2037 contextum
1637 1979 1878 2040 libenter

284 2073 658 2144 agnoscimus;
690 2072 783 2128 sed
815 2073 913 2136 ita,
949 2083 1007 2126 ut
1042 2072 1214 2126 multo
1249 2071 1433 2141 plures
1462 2086 1492 2125 e
1533 2070 1725 2125 codice
1756 2086 1874 2124 mo-

284 2167 504 2221 nasterii
529 2165 952 2220 Vindorinensis
977 2174 1260 2242 excerpta:
1281 2164 1394 2219 sint
1420 2179 1449 2217 a
1476 2163 1578 2218 Dn.
1609 2164 1875 2228 Martone,

281 2259 372 2328 qui
416 2273 510 2314 eas
553 2257 642 2313 edi
690 2258 899 2312 curavit
933 2257 998 2314 ad
1046 2257 1251 2316 calcem
1300 2256 1430 2318 tomi
1479 2255 1520 2311 ν
1571 2255 1879 2316 Anecdoto-

285 2366 418 2404 rum.
459 2368 478 2401 1
540 2350 814 2404 IIactcnus
843 2349 950 2403 Dn.
979 2349 1050 2404 de
1083 2350 1131 2403 la
1170 2349 1368 2404 Barre.

354 2445 441 2499 10.
469 2442 586 2498 Jam
613 2459 743 2497 vero
785 2458 851 2497 ne
879 2457 1104 2514 prorsus
1148 2443 1429 2515 ἀσύμϐολοι
1456 2441 1561 2496 huc
1584 2443 1882 2497 accessisse

285 2535 586 2602 videamur,
623 2535 846 2604 paucula
892 2535 1151 2588 nonnulla
1199 2533 1452 2589 conferre
1483 2534 1632 2588 libet.
1668 2533 1734 2587 Et
1767 2533 1881 2602 pri-

287 2645 428 2683 mum
457 2629 696 2698 quidem,
730 2627 796 2681 ad
836 2628 1076 2683 aucturis
1107 2636 1320 2682 atatem
1353 2628 1497 2697 quod
1529 2627 1743 2691 attinet,
1787 2641 1882 2687 ex.-

286 2721 534 2776 cutienda
584 2722 822 2776 occurrit
857 2721 1092 2776 Fabricii
1143 2720 1330 2791 opinio
1361 2720 1466 2793 (α),
1499 2721 1589 2790 qui
1629 2721 1882 2776 aliter'ac

286 2817 464 2869 caeleri
493 2830 554 2869 ea
583 2814 651 2868 de
681 2829 739 2874 re
760 2813 1103 2872 sentiendum
1150 2815 1380 2876 censuit.
1423 2812 1694 2872 Nimirum
1738 2811 1882 2890 ejus.

287 2906 429 2962 modi
459 2906 707 2961 Zaccbtel
725 2907 907 2962 verbis
937 2908 988 2961 i'n
1024 2905 1261 2962 medium
1289 2906 1538 2961 adductis
1559 2904 1657 2976 (ὁ),
1687 2904 1882 2975 Regni:

286 2999 498 3067 insuper
521 3015 680 3069 regna
696 3001 1005 3071 confligunt,
1033 3007 1077 3053 et
1107 2995 1503 3067 insuspicabiles
1525 2997 1743 3066 sceptris
1761 2999 1882 3069 jus-

288 3101 455 3145 tarum
487 3091 686 3145 aedium
714 3093 974 3162 Augustos
1006 3091 1309 3163 depellunt;
1354 3091 1530 3160 ipsum
1581 3090 1696 3144 11ωο
1748 3089 1883 3143 scri-

1983 1884 2132 1948 rius,
2168 1898 2292 1940 cum
2341 1897 2437 1944 eos
2484 1883 2766 1957 Spiciiegii
2799 1895 2930 1948 tum.
2966 1886 3016 1950 Χ
3045 1888 3097 1948 in
3147 1888 3324 1950 locum
3355 1891 3576 1949 emisit:

1986 1990 2111 2036 nam
2141 1976 2192 2036 in
2236 1974 2360 2036 libri
2393 1977 2553 2049 primi
2585 1979 2740 2038 calce
2771 1979 2888 2040 haec
2931 1981 3224 2051 leguntur:
3274 1983 3416 2042 Finit
3453 1985 3580 2040 liber

1981 2068 2333 2123 altercationis
2355 2068 2596 2126 Zacchtri
2632 2071 2914 2126 Christiani
2944 2083 2991 2128 et
3031 2076 3298 2143 Apollonii
3340 2076 3575 2146 philoso-

1983 2160 2091 2229 phi.
2129 2159 2195 2213 Et
2225 2161 2277 2214 in
2308 2161 2416 2216 line
2443 2162 2566 2218 libri
2598 2162 2773 2218 tertii:
2810 2163 3042 2234 Explicit
3080 2166 3318 2233 Zacchrri
3349 2169 3578 2243 01111101-

1981 2249 2109 2304 lonii
2140 2249 2436 2306 Altercalio.

2055 2345 2304 2399 Secundo
2337 2346 2526 2401 eadem
2559 2349 2611 2402 in
2648 2358 2878 2421 utroque
2905 2351 3066 2406 etiam
3106 2367 3272 2422 Opere
3305 2357 3579 2412 scribendi

1984 2439 2155 2505 ratio;
2199 2440 2456 2495 nimirum
2500 2441 2565 2495 ad
2617 2443 2835 2496 modum
2868 2443 3066 2512 dialogi
3114 2461 3207 2499 seu
3249 2447 3582 2516 disputatio-

1984 2531 2089 2594 nis,
2125 2535 2175 2585 in
2207 2547 2310 2601 qua
2344 2532 2563 2601 gentilis
2592 2533 2681 2588 vel
2717 2533 2940 2589 Judmus
2971 2536 3308 2604 objectioncs
3350 2553 3402 2594 et
3434 2541 3579 2595 111111-

1983 2625 2216 2685 cultatcs
2242 2639 2370 2684 suas
2396 2627 2687 2696 proponit;
2723 2641 2860 2696 quas
2911 2629 2980 2681 ita
3029 2629 3265 2699 explicat
3311 2647 3372 2686 ac
3417 2635 3582 2689 solvit

1983 2714 2347 2786 Christianus,
2381 2729 2437 2772 ut
2467 2718 2681 2773 tandem
2716 2721 3040 2795 persuadeat
3070 2733 3125 2778 et
3152 2725 3356 2780 vincat.

2057 2809 2240 2872 Tertio
2267 2811 2439 2886 szyins
2473 2800 2678 2886 pariter
2723 2813 2928 2882 ubique
2958 2815 3122 2881 idem,
3168 2818 3421 2880 nimirum
3461 2828 3577 2874 tur-

1983 2917 2114 2970 gens
2155 2913 2210 2956 ct
2241 2902 2567 2968 lacertosus,
2596 2912 2657 2958 ut
2700 2914 2962 2976 utrasque
3003 2909 3408 2965 Altercationes
3439 2928 3573 2967 cott-

1985 2993 2178 3054 lerenti
2205 2992 2554 3048 manifestum
2596 3010 2716 3050 esse
2761 2999 2985 3065 poterit.
3041 2999 3212 3052 Porro
3269 3017 3389 3055 cum
3435 3003 3581 3058 Con-

1983 3085 2340 3140 sultationum
2368 3085 2612 3141 Zaccitaei
2646 3086 2942 3142 Christiani
2976 3089 3144 3144 libros
3175 3095 3379 3148 szeculo
3407 3112 3439 3148 v
3469 3097 3580 3150 sal-

285 3184 503 3238 bentem
528 3200 634 3238 non
658 3183 890 3248 obscure
925 3194 1148 3255 tangere
1180 3193 1350 3254 putat,
1383 3198 1505 3253 qua:
1536 3181 1604 3242 ab
1630 3180 1877 3242 Odoacro
1903 3174 1949 3242 C
1986 3187 2091 3240 tem
2118 3178 2340 3240 ineunte
2367 3180 2599 3250 scriptos
2636 3178 2804 3242 fuisse
2852 3183 3054 3251 optimc
3086 3185 3280 3253 probet
3312 3186 3580 3244 Acberius

284 3275 612 3330 Herulorum
643 3291 770 3346 rege
792 3286 945 3347 gesta
979 3286 1106 3330 sunt
1133 3291 1276 3330 atauo
1297 3274 1499 3330 Christi
1517 3273 1643 3328 4711.
1678 3272 1878 3328 Eadem

286 3368 420 3422 alibi
450 3369 650 3438 repetit
679 3368 772 3440 (ε).
804 3367 1200 3439 Signassetille
1226 3367 1418 3421 saltem
1447 3382 1590 3420 anno
1617 3365 1744 3424 476.
1776 3364 1881 3426 Ve.

287 3477 404 3515 rum
433 3461 535 3516 hoc
562 3466 754 3530 misso,
789 3478 896 3516 non
920 3470 1004 3517 est
1031 3461 1249 3516 demum
1273 3474 1371 3514 cur
1401 3458 1467 3513 ad
1499 3458 1644 3513 illius
1686 3456 1852 3512 barba

283 3571 468 3611 rerum
515 3556 668 3612 ducis
720 3564 966 3627 tempora
1026 3555 1428 3626 confugiamus,
1481 3569 1589 3622 quo
1639 3552 1880 3608 auctoris

282 3651 464 3705 verbis
491 3650 696 3706 veritas
727 3659 962 3706 constet.
1005 3649 1206 3716 Quidni
1239 3649 1383 3704 enim
1423 3646 1726 3717 respexerit
1761 3659 1881 3714 per-

282 3754 511 3799 sonatus
575 3743 870 3798 Zacchtens
921 3743 987 3798 ad
1020 3742 1312 3814 Radagaisi
1362 3754 1527 3812 atque
1584 3742 1639 3800 in
1689 3738 1882 3810 primis

281 3837 485 3892 Alatici
509 3839 733 3893 crebras
771 3839 822 3892 in
870 3837 1080 3892 italiam
1115 3835 1469 3905 iri-nptiones,
1503 3847 1626 3902 qua:
1659 3834 1882 3888 ineunte

278 3931 484 3985 szeculo
526 3947 554 3983 ν
599 3929 954 3985 acciderunt?
987 3928 1140 3983 Tunc
1169 3927 1312 3982 enim
1335 3925 1682 3981 Occidunt-ale
1711 3925 1877 3994 impe-

279 4027 421 4080 rium
445 4025 642 4081 misere
665 4025 1006 4091 divexatum,
1033 4023 1317 4100 ipsamque
1343 4020 1547 4076 Urbem
1578 4029 1789 4088 captam
1816 4032 1880 4072 ac

276 4117 603 4191 diremptam
646 4119 811 4176 inisse
843 4117 1113 4176 novimus.
1159 4117 1291 4190 QUID
1337 4116 1557 4190 quidem
1592 4115 1751 4188 vulgo
1786 4127 1876 4168 sa-

277 4213 351 4268 tis
377 4224 683 4284 comperta,
719 4212 919 4268 tabulis
950 4227 1057 4266 non
1092 4211 1340 4282 indigent
1384 4209 1579 4280 quibus
1620 4220 1876 4280 compro-

275 4308 503 4363 bentur.

358 4402 443 4454 II.
476 4400 612 4455 Illud
649 4409 910 4475 prmtcrea
955 4400 1271 4471 ingerimus,
1305 4393 1550 4454 Zaccltzei
1582 4393 1874 4452 Consulta-

275 4491 491 4547 tionnm
523 4492 677 4548 libris
718 4493 890 4548 tribus
918 4491 1196 4547 addidisse
1235 4504 1333 4544 nos
1355 4488 1499 4544 aliud
1527 4485 1875 4556 epusculum,

1987 3272 2038 3324 in
2079 3271 2396 3340 prmfatione
2425 3272 2490 3326 ad
2532 3273 2808 3344 Spicilegii
2853 3284 3057 3330 tomum
3107 3277 3170 3337 Χ,
3205 3280 3479 3348 quodnam
3509 3285 3582 3337 sit

1983 3362 2051 3424 de
2084 3373 2329 3440 tempore
2379 3363 2749 3420 Altercationis
2782 3365 3059 3437 Theophili
3099 3368 3380 3427 Christiani
3408 3385 3454 3430 et
3488 3376 3580 3430 Si-

1981 3457 2147 3511 monis
2202 3456 2378 3511 111111οὶ
2430 3460 2714 3514 ferendum
2759 3461 3052 3531 judicium,
3103 3466 3262 3522 facile
3295 3468 3584 3524 advertent

1983 3549 2182 3605 eruditi
2241 3551 2502 3607 lectores.
2557 3555 2721 3609 Certe
2777 3558 3220 3627 antiquissimam
3291 3578 3412 3617 0880
3486 3565 3580 3618 de-

1984 3650 2250 3698 monstrat
2312 3644 2394 3699 vci
2456 3645 2576 3714 ipsa
2635 3647 2930 3717 Scriptura:
2995 3653 3173 3705 versio
3225 3671 3328 3724 qua
3390 3665 3581 3713 auctor

1983 3752 2113 3794 usus
2155 3746 2260 3803 est,
2316 3738 2509 3806 primis
2564 3739 2820 3795 Ecclesia:
2861 3741 3224 3813 scriptoribus
3273 3748 3578 3806 l'amiliaris.

1983 3827 2117 3882 Ilinc
2144 3828 2428 3898 cenjicies,
2469 3839 2672 3899 quanto
2702 3833 2770 3886 ab
2801 3834 3061 3888 euntibus
3104 3835 3352 3892 habenda
3400 3840 3470 3895 sit
3520 3841 3571 3895 in

1982 3919 2178 3989 pretio.

2055 4011 2179 4067 11100
2220 4013 2311 4067 ubi
2350 4015 2706 4086 scripseram,
2757 4017 3093 4094 deprehendi
3150 4023 3292 4091 apud
3353 4023 3574 4080 Genna-

1979 4105 2152 4174 dium,
2185 4116 2460 4164 auctorem
2488 4107 2715 4182 hujusce
2747 4109 3113 4167 Alterrationis
3141 4129 3266 4170 0880
3295 4117 3572 4182 Ε1¹1101111111

1981 4200 2072 4269 qui
2096 4199 2239 4253 circa
2260 4215 2459 4254 annum
2482 4201 2588 4256 400
2616 4201 2818 4260 ﬂoruit.
2846 4203 2938 4258 Sic
2963 4207 3105 4264 enim
3133 4207 3224 4262 ille
3249 4208 3356 4280 (g):
3392 4229 3410 4270 1
3437 4209 3574 4265 Era-

1981 4293 2121 4360 [ιτ-1118
2167 4292 2300 4346 alter
2345 4295 2552 4366 scripsit
2585 4294 2985 4352 Alter-rationem
3033 4298 3262 4353 Simonis
3291 4299 3467 4358 Judwi
3525 4317 3573 4360 et

1983 4385 2256 4460 Theophili
2287 4388 2598 4460 Christiani,
2629 4407 2746 4462 quae
2768 4391 3006 4450 omnibus
3037 4403 3158 4447 nota
3199 4404 3292 4448 est.
3326 4396 3422 4456 (Sui
3453 4414 3572 4455 suc-

1980 4483 2113 4538 cinit
2170 4483 2517 4540 Marcellinus
2569 4499 2753 4540 comes
2805 4486 2892 4542 Itis
2925 4488 3106 4542 verbis
3159 4487 3277 4564 (It):
3314 4491 3574 4565 Euagrius

275 4585 427 4654 quod
469 4584 647 4640 eidem
681 4585 933 4655 scriptori
968 4585 1092 4655 jure
1124 4584 1385 4640 tributum
1421 4589 1723 4658 agnoscunt
1752 4593 1874 4638 cum
1908 4560 1955 4620 Ῑ)
1982 4576 2185 4648 srripsit
2235 4575 2637 4630 Altercationem
2692 4573 2866 4629 Judwt'
2933 4560 3170 4631 Simonis
3212 4590 3256 4632 et
3299 4560 3575 4650 Theophili

272 4680 508 4736 caneris.
541 4679 789 4754 superius
835 4678 1019 4733 relatis
1061 4677 1292 4738 Woliius
1334 4674 1418 4748 (cl)
1465 4682 1626 4744 atque
1677 4670 1870 4726 Fabri-

268 4770 499 4842 cius(r).
517 4771 832 4826 Inscr-ibitur
852 4780 1032 4824 autem
1051 4787 1063 4822 :
1084 4768 1362 4824 Alterratio
1385 4769 1514 4821 inter
1531 4765 1874 4840 TheOphilum

271 4861 633 4918 Christianum
667 4873 711 4919 et
735 4862 1000 4918 Simonem
1029 4861 1294 4915 Jtttltcum.
1330 4861 1464 4914 Illud
1493 4875 1625 4913 Vero
1652 4859 1873 4914 edidere

268 4955 578 5013 Μαι-10111118
629 4966 683 5011 01
730 4956 1015 5012 Dnrandus
1046 4972 1129 5010 vv.
1161 4956 1250 5010 cll.
1287 4955 1378 5027 (ι’),
1408 4955 1499 5025 qui
1545 4954 1614 5008 de
1656 4969 1721 5008 eo
1749 4969 1874 5007 eru-

269 5047 395 5103 dite
425 5051 502 5102 sic
530 5048 878 5103 edisserunt:
916 5067 932 5100 1
974 5050 1087 5104 1100
1118 5063 1254 5124 opus
1285 5063 1383 5101 sua
1417 5047 1738 5122 antiquitate
1764 5062 1874 5099 me-

271 5140 390 5194 rito
421 5140 791 5194 venerandum
817 5141 976 5195 nobis
1001 5140 1371 5210 suppeditavit
1395 5148 1547 5194 vetus
1568 5137 1740 5192 codex
1771 5152 1872 5192 ms.

274 5232 603 5288 monasterii
641 5231 1080 5298 Vindocinensis,
1124 5233 1175 5286 in
1206 5248 1312 5304 quo
1349 5230 1518 5290 tribus
1551 5229 1876 5290 Altercatio-

269 5445 434 5573 25ἕι)
467 5443 686 5508 Fabric.
735 5443 939 5508 Delect.
973 5452 1305 5516 argutnent..
1331 5453 1464 5510 etc.,
1507 5456 1626 5513 cap.
1660 5439 1714 5507 5,
1757 5453 1877 5514 pag.

385 5587 436 5660 It)
467 5587 1156 5660 Ζ110011.13111181111.1111411,
1189 5601 1310 5660 cap.
1333 5588 1387 5646 8.

387 5653 436 5728 c)
466 5658 679 5720 Fabric.
720 5662 858 5720 liibl.
898 5659 1041 5720 med.
1079 5653 1424 5722 Lalittftom.
1479 5655 1546 5726 II,
1593 5670 1713 5728 pag.
1749 5653 1876 5722 550.

275 5731 425 5785 edit.
454 5729 646 5792 ilamb.

361 5800 447 5875 (ά)
495 5796 659 5855 Woli.
696 5800 835 5857 Bibl.
869 5802 1035 5859 Hebr.
1089 5803 1195 5858 vol.
1247 5801 1332 5869 III,
1365 5817 1488 5873 pag.
1527 5798 1688 5866 IMI,
1727 5813 1877 5852 num.

1976 4668 2289 4740 Christiani,
2349 4685 2466 4739 qum
2513 4685 2642 4738 pene
2690 4669 2927 4722 omnibus
2971 4680 3090 4724 nota
3121 4682 3216 4724 est.
3252 4675 3577 4748 (2001111101-

1983 4762 2105 4816 dem
2180 4762 2468 4832 Evagrium
2523 4762 2805 4834 utriusque
2861 4762 3247 4818 Altercationis
3295 4782 3572 4826 anetorcm

1981 4855 2148 4912 fuisse
2183 4870 2395 4910 mecum
2423 4855 2735 4926 conjecerat
2773 4855 2937 4909 etiam
2989 4856 3069 4914 vir
3098 4857 3435 4918 clarissimus
3477 4863 3579 4920 Sc-

1980 4947 2262 5004 bastianus
2287 4946 2354 5000 de
2382 4946 2695 5001 Tillemont.
2729 4946 2998 5004 Caeterum
3027 4964 3184 5026 quam
3237 4949 3325 5005 hic
3360 4952 3574 5023 damus.

1981 5040 2282 5096 Altercatio
2314 5041 2593 5096 visebatur
2614 5041 2741 5096 olim
2775 5043 2826 5098 in
2848 5042 3161 5100 Ccntulcnsi
3215 5051 3572 5118 nmttasteriu,

1981 5143 2040 5190 ut
2071 5145 2288 5190 constat
2313 5151 2378 5189 ex
2408 5136 2730 5192 recensione
2758 5137 3023 5194 librorum
3061 5139 3305 5212 ejusdem
3340 5145 3577 5202 etetiobii

1983 5239 2230 5304 tempore
2277 5229 2538 5283 Ludovici
2593 5229 2706 5301 Pii,
2762 5248 2921 5310 quam
2975 5233 3141 5292 refert
3192 5236 3469 5302 llariulfus
3523 5240 3576 5300 in

1992 5447 2288 5492 HICLXXIII.

2061 5503 2134 5574 (e)
2164 5502 2378 5564 Fabric.
2403 5505 2458 5562 11.
2491 5508 2653 5568 modo
2681 5512 2796 5571 citi.

2061 5506 2110 5574 (ε
2164 5503 2378 5564 Fabric.
2403 5505 2458 5562 ll.
2491 5508 2653 5568 modo
2681 5512 2796 5571 ciu,

1987 5503 2144 5710 θεέ.
2178 5575 2405 5636 1111111011.
2452 5576 2616 5642 Thes.
2650 5597 2777 5643 nov.
2827 5581 3102 5641 Anecdot.
3141 5598 3274 5652 tom.
3316 5589 3389 5655 ν,
3426 5607 3586 5662 pagg.

2169 5717 2416 5780 (icttnad.
2448 5720 2543 5780 lib.
2570 5721 2638 5802 110
2671 5721 2786 5780 Vir.
2815 5724 3024 5788 illustr-
3061 5733 3314 5809 eorum.

2061 5788 2115 5858 th
2177 5787 2413 5844 Marceil.
2448 5808 2589 5846 com.
2621 5806 2673 5846 tn
2703 5791 2912 5858 Chron.
2950 5797 3017 5858 ad
3043 5818 3199 5858 mm_
3230 5800 3314 5858 ni

2059 5787 2141 5858 (11)
2177 5787 2413 5844 Marce”.
2448 5808 2589 5846 com.
2621 5791 2673 5846 in
2703 5791 2912 5860 cnron.
2950 5787 3201 5876 11118ιῖίῇ
3230 5787 3359 5864 118.
