4074 6204
543 342 678 402 90⁸11

1809 316 2135 378 ΖΑΟΟΙῙᾹΒΙ
2173 310 2567 373 CIIRISTIANI

3667 296 3768 356 1079

542 452 807 512 chronica
828 447 1167 515 Centulensi,
1189 440 1466 517 Spicilegii
1499 449 1649 497 tomo
1678 437 1770 495 IV.
1809 456 1827 491 ι
1862 438 2137 493 Hactenus
2164 440 2215 503 Α
2242 441 2351 498 tus,
2382 431 2511 486 dum
2548 426 2645 483 illa
2681 421 2953 479 scriberet
2982 431 3106 491 quas
3132 416 3296 475 modo
3323 428 3390 472 ex
3424 427 3489 472 eo
3518 411 3766 471 retulimus.

542 549 632 604 vir
662 545 925 603 eruditus.

619 642 708 696 12.
772 639 969 695 Verum
1002 644 1296 707 antequam
1326 633 1450 689 hinc
1476 629 1826 694 recedamus,
1860 624 1991 682 illud
2011 639 2147 695 quo-

546 748 657 807 que
689 730 1130 788 animadvertere
1170 727 1326 792 libet,
1356 723 1499 792 quod
1538 722 1758 793 quidem
1809 718 1952 789 apud
1981 717 2148 771 Zaca-

542 828 733 899 gnium
787 824 934 879 inter
977 830 1133 877 notas
1164 818 1233 875 ad
1277 816 1527 874 Archelai
1559 812 1983 883 disputationem
2023 823 2146 863 cum

545 920 768 977 Manete
798 919 1122 975 observasse
1174 913 1334 969 nobis
1368 911 1659 967 succurrit.
1704 908 1905 963 Locum
1936 904 2148 960 scilicet

545 1016 850 1086 explanans
889 1030 947 1068 v.
977 1028 1026 1067 c.
1078 1011 1131 1067 in
1164 1025 1269 1078 quo
1296 1009 1587 1079 episcopus
1636 1005 1726 1060 ille
1758 998 2146 1059 Carcharensis

542 1108 707 1166 tradit
734 1108 809 1179 (a)
836 1104 1205 1178 imaginariam
1229 1103 1404 1173 legem
1435 1100 1657 1170 Moysen
1689 1094 2001 1159 tradidisse,
2031 1093 2147 1146 haee

540 1203 689 1259 inter
729 1200 835 1256 alia
874 1199 1067 1255 scribit
1106 1195 1182 1265 (ὁ)
1220 1214 1233 1249 :
1276 1215 1293 1248 ‹
1329 1194 1510 1250 Utitur
1550 1199 1604 1247 et
1634 1190 1736 1244 hac
1765 1203 1899 1243 voce
1930 1183 2144 1255 Evagrii

544 1294 805 1352 monachi
849 1302 1009 1347 vetus
1041 1289 1315 1359 interpres
1358 1287 1411 1341 in
1450 1283 1825 1356 disputatione
1858 1277 2151 1349 TheOphili

545 1387 793 1459 episcopi
823 1382 1181 1439 Alexandrini
1226 1396 1353 1435 cum
1393 1377 1619 1434 Simone
1652 1375 1843 1431 Judaao
1881 1386 2002 1443 cap.
2055 1371 2144 1435 i5,

542 1479 637 1535 ubi
680 1479 903 1535 sabbata
959 1477 1331 1551 imaginariam
1384 1472 1633 1543 requiem
1683 1477 1846 1525 vocat
1897 1466 2147 1537 septimae

543 1574 700 1629 illius
742 1573 872 1641 diei,
924 1573 977 1627 in
1009 1588 1112 1642 qua
1148 1572 1317 1626 Deum
1368 1568 1556 1623 mundi
1588 1567 1871 1622 creatione
1901 1562 2144 1618 absoluta

541 1672 889 1741 requievisse
939 1669 1132 1739 pagina
1165 1682 1319 1721 sacra
1361 1672 1610 1720 testatur.
1647 1682 1666 1715 ι
1704 1660 1920 1732 Evagrii
1963 1660 2145 1713 locum

547 1780 711 1836 quem
756 1762 983 1833 respicit
1030 1761 1349 1829 Zacagnius,
1410 1768 1572 1828 prout
1622 1762 1801 1811 exstat
1859 1754 1911 1808 in
1955 1760 2145 1806 nostro

545 1855 720 1919 edito,
754 1855 834 1909 sic
856 1869 914 1909 se
944 1853 1109 1907 habet
1141 1851 1212 1923 (c)
1247 1869 1258 1903 :
1294 1849 1497 1903 Edocta
1522 1848 1660 1902 mala
1690 1845 1923 1910 sabbata,
1949 1842 2145 1912 inquit,
2179 1841 2227 1901 B
2255 1837 2280 1877 5

543 1948 744 2004 scilicet
773 1962 1088 2004 IIIAGINARIA
1130 1945 1333 2016 requies
1358 1942 1566 2014 septimi
1620 1940 1722 1994 diei
1773 1938 1965 1992 tradito
2011 1936 2142 2005 fuit,

543 2051 655 2098 etc.
680 2042 777 2097 llis
808 2041 1029 2113 positis,
1088 2038 1240 2095 aliud
1267 2038 1556 2094 enimvero
1603 2034 1805 2105 agebat
1845 2031 1932 2087 vir
1965 2028 2149 2087 erudi-

616 2204 939 2277 (a)_AArchel.
976 2202 1188 2277 pisput.
1219 2214 1337 2268 cap.
1368 2199 1461 2265 51,
1510 2196 1563 2249 in
1609 2201 1818 2249 nostra}
1848 2190 1991 2245 Bibl.
2039 2188 2144 2243 PP.

544 2272 682 2333 tom.
710 2274 798 2343 IlI,
826 2290 945 2344 pag.
977 2272 1106 2344 588.

622 2346 700 2418 (b)
728 2340 985 2416 zacagit.,
1014 2342 1168 2411 ibid.,
1205 2350 1321 2397 not.
1355 2340 1410 2394 4.

2251 524 2414 580 Multa
2446 522 2592 577 enim
2628 520 2684 573 in
2713 516 2807 572 illa
2833 512 3192 570 annotatione
3223 523 3474 581 peccasse
3512 507 3769 577 deprehen-

2253 616 2423 671 ditur.
2471 613 2537 669 Et
2570 610 2808 681 primum
2839 605 3061 679 quidem
3096 603 3391 673 Evagrium
3432 610 3654 655 nostrum
3679 613 3774 653 con-

2252 709 2435 766 fundit
2480 721 2605 763 cum
2656 703 2891 775 Evagrio
2917 700 3207 756 notissimo
3249 697 3348 752 illo
3388 694 3623 758 Pontico,
3657 691 3774 761 cujus

2250 804 2454 874 scripta
2509 800 2696 857 omnia
2742 812 2866 869 qum
2898 802 3185 866 sbperant.
3243 791 3376 847 alibi
3422 790 3668 846 edidimus
3690 784 3773 858 (d):

2250 913 2410 968 quem
2440 906 2621 949 tamen
2652 904 2897 947 errorem
2927 886 3076 942 facili
3104 884 3324 956 negotio
3353 882 3585 945 vitasset,
3614 879 3651 933 si
3670 876 3778 933 Gen-

2250 989 2474 1046 nadium
2519 987 2745 1041 adiisset
2776 984 2866 1053 qui
2901 991 3197 1050 utrumque
3224 977 3399 1048 probe
3424 971 3684 1044 distinguit
3705 969 3775 1039 (ε).

2250 1082 2461 1139 Deinde
2492 1087 2735 1136 veterem
2771 1076 2943 1131 nostri
2978 1071 3267 1140 scriptoris
3293 1071 3632 1139 interpretem
3665 1064 3779 1119 citin-

2250 1175 2350 1247 git,
2378 1172 2609 1245 perinde
2629 1185 2693 1225 ac
2720 1169 2765 1224 si
2790 1169 2982 1225 Graece
3012 1166 3104 1221 ille
3125 1162 3464 1233 scripsisset,
3495 1158 3579 1229 qui
3605 1154 3779 1211 Latinus

2252 1267 2426 1322 fuisse
2456 1262 2794 1336 agnoscitur.
2825 1260 3093 1330 Denique,
3125 1255 3271 1329 quod
3294 1253 3376 1310 rei
3400 1260 3557 1321 caput
3580 1257 3671 1314 est,
3696 1248 3779 1301 disc

2250 1357 2551 1431 putationis
2598 1371 2721 1411 cum
2774 1353 3002 1410 Simone
3051 1349 3242 1405 Judaao
3301 1353 3578 1401 auctorem
3633 1337 3783 1395 statuit

2248 1451 2615 1521 Theophilum
2682 1448 3004 1518 episcopum
3056 1441 3527 1504 Alexandrinum;
3579 1435 3693 1491 adeo
3740 1439 3783 1485 ut

2249 1546 2538 1601 censuisse
2568 1540 2821 1597 videatur
2846 1553 2970 1593 cum
2990 1534 3183 1591 Judaeo
3208 1537 3528 1604 episcopum
3550 1528 3681 1583 illum
3698 1524 3781 1580 dis-

2249 1649 2496 1709 putasse,
2527 1633 2684 1703 cujus
2715 1628 3147 1699 diSputationem
3183 1624 3485 1694 Evagrium
3506 1635 3645 1675 suum
3668 1615 3787 1671 dein-

2250 1743 2381 1799 ceps
2432 1726 2636 1781 litteris
2679 1723 2890 1780 Graecis
2921 1717 3301 1789 consignarit:
3345 1729 3472 1771 cum
3512 1720 3681 1769 contra
3714 1720 3785 1761 no-

2287 1831 2368 1876 ter
2408 1816 2679 1887 Evagrius
2733 1811 3163 1871 Altercationem
3203 1809 3352 1865 illam
3383 1812 3526 1863 inter
3569 1804 3786 1860 Tumul-

2253 1942 2362 1982 Luu
2411 1923 2780 1981 CHRISTIANUII
2836 1928 2892 1976 et
2944 1919 3233 1975 Simonem
3291 1914 3537 1971 Judaeum
3595 1907 3782 1967 habitam

2249 2026 2414 2083 fuisse
2432 2024 2782 2082 conﬁnxerit.
2816 2024 2884 2077 At
2914 2021 2981 2077 de
3013 2021 3097 2077 his
3128 2020 3287 2076 satis.

2327 2187 2404 2253 (c)
2435 2185 2629 2255 Evagr.
2664 2180 3079 2255 Alterc.,_in_[ra.

2329 2250 2409 2329 (at)
2440 2250 2576 2312 utut:
2618 2256 2896 2329 ιδιδηῳηι.Δ
2915 2250 3040 2329 Vl_l_,_
3059 2266 3217 2329 pagg.
3244 2250 3352 2306 553
3380 2262 3531 2320 seqq-

2332 2311 2406 2401 ξεί
2443 2311 2695 2385 Gennad.
2728 2326 2823 2382 lib.
2866 2324 2934 2380 de
2976 2311 3095 2379 vii.
3129 2311 3340 2377 iﬁustr.
3567 2317 3621 2372 il
3651 2324 3695 2370 et
3720 2311 3782 2369 50.

546 2456 3783 2499 ____________________________________—-

1622 2648 1653 2686 ³
1707 2636 2815 2726 CONSULTATIONUM

908 2818 2000 2969 ZACCH/EI
2095 2808 3482 3103 (ETHRISTIANI

1077 3206 2109 3341 APOLLONH

1860 3430 2165 3504 LIBRI

2206 3198 3339 3333 PHILOSOPHI

2245 3431 2558 3504 TRES.

1758 3748 2103 3833 LIBER
2175 3747 2655 3832 PRIMUS.

1153 4100 1545 4160 PRIEFATIO.

630 4202 787 4277 Apud
817 4199 1079 4273 quosdam
1108 4196 1467 4253 contradictio
1496 4191 1803 4266 gentilium,
1838 4188 1962 4260 quia
1991 4186 2063 4243 sit
2092 4185 2159 4241 ab

561 4300 709 4354 omni
736 4312 867 4353 vera
893 4294 1161 4365 sapientia
1180 4292 1208 4332 δ
1234 4292 1475 4357 exclusa,
1508 4287 1663 4345 exsul
1693 4293 1749 4341 et
1774 4298 1942 4340 vacua
1963 4324 1977 4350 ,
2007 4297 2158 4352 sper-

564 4392 745 4448 nenda
773 4388 959 4458 potius
997 4386 1215 4440 videtur
1243 4399 1365 4438 esse
1399 4396 1559 4451 quam
1589 4377 1880 4434 refellenda
1908 4394 1922 4443 ;
1956 4390 2074 4431 cum
2104 4374 2156 4427 in

561 4486 879 4549 contemptu
918 4478 1035 4545 ejus
1085 4474 1355 4530 fastidium
1400 4471 1633 4535 inutile;
1676 4471 1729 4523 in
1777 4467 2159 4522 informatione

559 4586 741 4633 autem
762 4570 968 4642 duplex
989 4570 1188 4626 bonum
1220 4568 1311 4633 sit,
1339 4564 1480 4638 quod
1505 4572 1559 4620 et
1582 4562 1771 4633 religio
1796 4570 1981 4616 nostra
2002 4570 2022 4597 ο
2056 4561 2160 4615 sic-

560 4679 624 4726 ut
663 4682 746 4726 est
790 4680 983 4725 sancta
1025 4674 1081 4721 et
1126 4662 1391 4735 simplex,
1449 4657 1705 4715 omnibus
1745 4655 2026 4711 intimatur
2064 4660 2163 4708 :et

558 4764 741 4819 solent
783 4763 964 4820 edocti
1009 4758 1235 4816 credere
1276 4754 1419 4828 quod
1472 4751 1780 4823 spreverint
1833 4748 2156 4804 nescientes.

559 4852 750 4909 Visum
788 4863 875 4911 est
901 4870 1030 4924 ergo
1070 4868 1186 4908 rem
1217 4864 1474 4921 magnam
1509 4847 1637 4901 licet
1680 4845 1824 4900 tenui
1858 4842 2005 4914 stylo
2031 4856 2160 4896 con-

560 4944 714 5010 dere,
746 4955 800 5000 et
838 4946 1040 5001 clarius
1067 4943 1281 5015 quidem
1316 4958 1344 4995 a
1376 4941 1562 4996 inultis
1586 4981 1600 5005 ,
1634 4939 1728 4994 sed
1762 4938 1989 5008 Sparsim
2019 4936 2162 4991 dicta

558 5039 613 5093 in
640 5052 868 5103 corpore
896 5036 1124 5106 quodam
1152 5034 1489 5091 credulitatis
1513 5033 1743 5103 aperire
1767 5047 1782 5096 ;
1806 5039 1968 5101 atque
1998 5031 2164 5087 intro-

559 5132 722 5189 ducta
751 5128 1082 5184 sciscitantis
1118 5129 1446 5196 restiondent
1467 5129 1616 5197 isque
1650 5142 1878 5197 persona
1907 5127 2163 5198 paulatim

557 5223 1003 5283 consultationes
1048 5222 1116 5276 de
1154 5222 1676 5276 contradictionibus
1727 5220 1925 5275 facere.
1979 5219 2164 5289 Itaque

562 5334 635 5375 ne
666 5317 770 5374 sibi
801 5316 950 5373 velut
970 5314 1182 5371 absenti
1213 5313 1627 5383 pracjudicatum
1660 5312 1936 5384 gentilitas
1965 5327 2162 5381 quere-

630 5520 656 5547 ἰ
688 5509 745 5564 1η
776 5522 883 5563 ms.
918 5505 1109 5561 codice
1147 5504 1204 5561 S.
1231 5501 1493 5558 Martialis
1520 5501 1797 5556 Lemovic.
1824 5499 1904 5553 sic
1929 5500 2157 5569 legitur:

563 5580 849 5637 Alter-ratio
894 5577 1163 5647 Apollonii
1207 5573 1504 5647 philosophi
1548 5590 1661 5625 cum
1707 5570 2161 5647 Zammac/tris-

564 5655 725 5706 tiano.
751 5650 859 5707 Sed
880 5642 1066 5704 veram
1095 5662 1217 5703 esse
1240 5642 1647 5712 inscriptionem
1671 5659 1835 5714 quam,
1860 5642 2126 5714 edidimus
2149 5686 2163 5710 ,

573 5723 813 5801 relintle
844 5721 1041 5788 liquet,
1070 5721 1210 5801 quod
1243 5729 1433 5801 auctor
1462 5719 1588 5801 ipse
1619 5712 2167 5801 in'pratlat..Consul.-

600 5791 838 5844 alienum
886 5784 1035 5845 voce'
1066 5784 1234 5845 utitur
1274 5806 1289 5845 :
1334 5784 1603 5844 Paulatim
1656 5786 2055 5842 consultationes
2108 5784 2172 5838 de

604 5860 1068 5915 ontradictionibus
1109 5862 1294 5928 facere.

2182 4089 2228 4153 C
2259 4096 2520 4161 retur,et,
2551 4101 2610 4148 ut
2640 4092 2733 4150 ille
2762 4093 2866 4151 ait:
2890 4111 2979 4163 ne,
3016 4097 3227 4167 inquam
3256 4104 3309 4153 et
3333 4096 3518 4168 inquit,
3549 4090 3721 4163 sapius
3742 4085 3799 4140 in-

2269 4189 2681 4255 terponeretur,
2725 4187 2930 4258 placuit
2967 4188 3289 4259 gentilitatis
3329 4190 3583 4246 adhibere
3608 4183 3805 4241 Philoso-

2270 4279 2457 4350 phum,
2491 4280 2582 4352 qui
2632 4280 2684 4336 in
2725 4281 3043 4353 praefatione
3072 4282 3460 4354 prepositionis
3503 4296 3609 4339 sua:
3633 4277 3739 4334 dum
3756 4269 3806 4326 de

2272 4373 2599 4428 credulitate
2651 4385 2836 4430 nostra
2894 4376 3239 4445 arrogantius
3285 4375 3565 4448 disputat,
3616 4365 3805 4426 breviter

2267 4466 2396 4536 quid
2425 4467 2651 4521 credere
2681 4466 2978 4524 debeamus
3003 4468 3230 4537 exponit
3259 4485 3272 4521 :
3298 4465 3631 4524 membratim
3657 4466 3806 4533 postea

2271 4571 2621 4633 perscrutans
2645 4563 2851 4635 omnia,
2881 4563 3359 4620 subcrescentibus
3381 4558 3805 4632 interrogationum

2268 4656 2446 4713 causis
2484 4655 2652 4711 fatum
2693 4655 2901 4711 homini
2946 4671 3052 4713 non
3094 4671 3219 4713 esse
3265 4666 3548 4728 cognoscet
3582 4672 3595 4708 :
3636 4652 3694 4706 de
3726 4656 3808 4716 (ιιιο

2270 4749 2541 4819 praecipue
2569 4750 2640 4804 ob
2671 4749 2964 4805 mathesim
2992 4750 3387 4822 aliquantisper
3413 4750 3681 4809 resultans,
3701 4740 3809 4795 sicui

2270 4841 2338 4898 de
2368 4843 2601 4909 cazteris,
2632 4842 2699 4897 ad
2735 4853 3038 4899 extremum
3081 4846 3208 4901 lidei
3249 4860 3444 4900 manus
3472 4840 3629 4899 dabit.
3658 4835 3809 4891 Noster

2268 4952 2401 4992 vero
2425 4938 2477 4991 in
2501 4938 2892 5008 expositionem
2919 4939 3245 4995 veneranda:
3269 4938 3540 5010 religionis
3560 4924 3808 4990 sensimle-

2272 5029 2521 5099 nitorque
2538 5030 2899 5095 descendens,
2924 5045 2993 5085 ex
3020 5032 3204 5085 multis
3225 5040 3387 5102 atque
3414 5015 3808 5085 inenarrabilibus

2272 5136 2439 5191 pauca
2484 5130 2539 5176 et
2575 5136 2787 5176 summa
2817 5121 3177 5193 perstringet,
3211 5100 3478 5178 rationem
3509 5131 3617 5189 qua:
3640 5110 3736 5167 sola
3756 5100 3806 5157 ab

2272 5212 2581 5282 hujusmodi
2624 5214 3054 5283 diSputatoribus
3092 5216 3388 5285 quaeritur,
3420 5211 3580 5268 sicubi
3620 5194 3805 5260 terrenis

2272 5307 2637 5363 intellectibus
2662 5306 2836 5375 deest,
2866 5307 2994 5363 ﬁdei
3019 5306 3379 5379 spiritualiter
3401 5300 3714 5363 commissam
3734 5288 3803 5345 ἀο-

2341 5493 2367 5535 ι)
2396 5495 2547 5551 Hanc
2560 5509 2746 5550 vocem
2766 5508 2887 5563 quae
2912 5491 2965 5548 in
2996 5492 3118 5548 aliis
3136 5507 3268 5548 mss.
3289 5491 3498 5555 deerat,
3522 5477 3802 5543 restituimus

2280 5583 2309 5623 e
2340 5570 2528 5623 cortice
2559 5567 2782 5621 Lemov.

2355 5651 2376 5678 ε
2409 5640 2481 5694 lta
2504 5641 2555 5692 in
2584 5639 2707 5693 cod.
2738 5636 3011 5703 Vindoc.;
3043 5651 3168 5692 nam
3203 5636 3254 5690 iu
3286 5634 3446 5693 editis
3473 5628 3781 5703 legebatur.‘

2279 5721 2484 5777 sancta,
2518 5711 2666 5765 nullo
2696 5692 2884 5764 sensu.
2923 5692 3098 5776 Infra,
3130 5708 3294 5762 edocti
3322 5724 3388 5763 ex
3424 5692 3602 5777 eodem
3632 5692 3733 5777 cho
3776 5695 3799 5736 ε

2280 5798 2309 5838 e
2338 5765 2565 5839 Lenior.
2597 5780 2962 5851 reposuimus,
2992 5765 3097 5834 ubi,
3112 5779 3316 5835 editum
3348 5786 3463 5835 erat
3488 5789 3543 5830 'co
3568 5765 3703 5825 docti.
3738 5826 3741 5829 .

2188 5519 2244 5579 1)
