4074 6204
340 317 480 377 1075

338 535 526 596 turus,
582 528 835 599 quoniam
895 528 1174 583 admotum
1232 526 1395 582 caecis
1436 526 1609 582 oculis
1656 525 1840 581 lumen
1885 524 1930 579 si

335 621 625 693 splendore
654 637 761 677 non
793 623 1060 685 cernitur,
1094 621 1275 677 calore
1304 620 1555 675 sentitur.

958 756 1189 814 CAPUT
1234 758 1274 812 Ι.

578 872 641 931 Si
670 872 907 929 Christus
938 873 1077 927 Dens
1107 882 1154 928 et
1182 872 1336 928 homo
1367 888 1475 927 esse
1502 873 1681 942 possit.

402 988 759 1043 APOLLONIUS.
785 1018 856 1029 —
877 989 934 1044 ln
976 998 1238 1059 tempore,
1270 997 1295 1025 ιι
1319 987 1602 1050 Zaccliaee,
1634 996 1685 1042 te
1713 986 1843 1040 mihi
1877 994 1933 1041 et

332 1080 419 1136 his
447 1083 538 1153 qui
574 1082 797 1149 adsunt,
828 1083 1209 1153 Opportunitas
1246 1082 1529 1153 priestitit,
1564 1091 1623 1135 ut
1650 1097 1773 1151 quae
1800 1080 1927 1134 olim

328 1173 553 1230 abusive
584 1175 1074 1245 praelatjuebamur,
1105 1190 1249 1231 nunc
1292 1175 1461 1230 libere
1498 1173 1743 1244 proferre
1772 1175 1932 1228 liceat

327 1274 383 1320 et
410 1265 660 1334 probare.
700 1264 903 1322 Omnes
940 1267 1086 1323 enim
1123 1267 1446 1337 religionum
1487 1274 1698 1332 sectas,
1726 1275 1780 1321 et
1808 1264 1927 1320 uni-

330 1371 523 1412 versos
559 1371 839 1413 sacrorum
878 1359 1018 1414 ritus
1057 1358 1473 1415 rationabilibus
1521 1372 1771 1414 manasse
1816 1358 1925 1428 pri-

327 1449 551 1505 mordiis
577 1450 736 1507 facile
766 1451 1061 1523 intelligas,
1092 1452 1139 1507 si
1162 1452 1453 1523 diligenter
1480 1452 1722 1523 inquiras
1752 1468 1764 1506 :
1798 1467 1919 1508 ves—

329 1550 427 1598 trae
453 1551 634 1599 autem
662 1544 1010 1600 credulitatis
1039 1556 1187 1600 secta
1220 1547 1290 1600 ita
1325 1546 1597 1615 superﬂua
1626 1557 1679 1601 et
1710 1546 1925 1602 irratio-

327 1634 519 1690 nabilis
557 1644 675 1702 est,
717 1645 775 1690 ut
822 1638 956 1691 mihi
996 1652 1103 1692 non
1147 1638 1251 1693 nisi
1290 1654 1389 1709 per
1427 1640 1707 1694 stultitiam
1754 1640 1923 1711 recipi

326 1740 485 1797 posse
513 1727 779 1783 videatur.
810 1727 948 1795 Quid
980 1729 1126 1784 enim
1157 1739 1263 1785 tam
1294 1730 1614 1794 absurdum,
1645 1740 1700 1786 et
1727 1732 1796 1785 ab
1824 1732 1922 1786 Ιιιι-

1541 311 2171 372 CONSULTATIONUM
2210 312 2341 370 LIB.
2383 312 2426 368 l.

337 442 673 501 monstrans,
711 448 894 490 rerum
938 433 1150 488 iudiciis
1198 448 1303 487 non
1355 430 1722 487 soliditatibus
1756 444 1935 485 mora-
1962 432 2009 491 A

3504 312 3645 373 1074

2672 427 2900 484 CAPUT
2941 428 3009 483 ll.

2248 523 2518 589 Quomodo
2548 523 2685 577 idem
2716 520 2954 576 Christus
2983 522 3050 576 sit
3081 520 3181 576 Dei
3212 520 3408 576 Filius.

2104 618 2303 671 APOLL.
2329 646 2400 654 -
2422 613 2674 670 Facilitas
2699 631 2783 670 me
2799 625 2999 670 vestra:
3030 614 3388 681 credulitatis,
3422 622 3480 670 et
3507 627 3640 670 con-

2037 720 2117 765 tra
2143 712 2307 764 totius
2333 709 2518 764 mundi
2542 711 2808 765 rationem
2838 709 3121 781 legemque
3146 718 3356 763 naturae
3385 716 3638 777 suscepta

2036 803 2309 859 confessio
2337 802 2711 858 vehementius
2742 802 2921 872 loqui,
2952 811 3009 856 et
3037 801 3338 856 districtius
3365 801 3640 857 disserere

2038 896 2237 967 coegit.
2294 896 2681 951 Verumtamen
2739 896 2783 950 si
2835 904 2918 950 est
2977 894 3343 965 respondendi
3402 893 3635 961 fiducia,

2036 989 2177 1046 hanc
2212 991 2448 1060 primum
2484 988 2616 1043 mihi
2648 988 2806 1043 fidem
2836 989 3031 1057 pande,
3058 989 3332 1059 quomodo
3361 988 3638 1044 Christum

2034 1082 2203 1138 videri
2234 1082 2405 1137 Deum
2444 1083 2528 1136 vel
2573 1082 2663 1136 Dei
2698 1080 2893 1135 Filium
2927 1082 3119 1146 vultis,
3152 1097 3311 1152 quem
3353 1091 3540 1152 postea
3578 1088 3635 1134 et

2034 1175 2308 1230 hominem
2364 1189 2471 1230 non
2515 1176 2725 1244 negetis
2778 1192 2791 1228 :
2834 1190 2954 1229 cum
3000 1175 3188 1245 utique
3229 1185 3321 1229 aut
3352 1176 3495 1229 Deus
3543 1182 3638 1231 aut

2034 1268 2197 1323 homo
2241 1267 2437 1322 debeat
2484 1267 2789 1337 praedicari,
2823 1268 2952 1338 quia
2982 1269 3222 1323 onmium
3268 1268 3637 1323 intellectibus

2033 1366 2199 1429 patet,
2236 1359 2467 1415 alterum
2502 1359 2616 1415 fieri
2650 1373 2830 1430 posse,
2867 1360 3025 1415 simul
3056 1368 3344 1431 utrumque
3373 1374 3495 1416 esse
3524 1375 3634 1417 non

2034 1466 2215 1522 posse.

2101 1548 2299 1602 Zaccn.
2327 1577 2399 1587 —
2424 1546 2738 1602 Vestrarum
2778 1546 3115 1617 argutiarum
3158 1554 3244 1602 est
3276 1548 3379 1601 ista
3410 1545 3633 1601 subtili-

2030 1649 2146 1706 tas,
2179 1640 2323 1709 quod
2356 1641 2503 1695 credi
2553 1640 2737 1695 nolitis
2787 1650 3006 1709 recepta
3050 1638 3282 1709 primum
3333 1648 3487 1710 parte
3530 1639 3632 1694 de-

2027 1745 2271 1799 struere,
2308 1742 2363 1788 et
2392 1732 2457 1786 ad
2497 1731 2601 1786 hoc
2640 1732 2849 1803 exiguis
2890 1748 3083 1787 manus
3114 1732 3281 1799 dare,
3322 1741 3379 1787 ut
3420 1732 3632 1803 integra

326 1838 487 1879 mana
534 1825 744 1881 ratione
787 1835 892 1880 tam
948 1826 1292 1897 discrepans,
1348 1843 1509 1895 quam
1564 1837 1619 1881 ut
1674 1828 1920 1882 Christus
1954 1833 1997 1892 Β
2024 1827 2321 1883 subruatis.
2360 1825 2515 1881 Unde
2545 1826 2781 1881 maxime
2809 1826 2875 1880 ad
2907 1842 3003 1880 vos
3034 1826 3316 1882 silentium
3358 1838 3620 1898 praestat;

324 1930 485 1987 quem
511 1916 602 1971 Dei
628 1916 826 1972 Filium
855 1918 1059 1983 dicitis,
1089 1918 1232 1975 Deus
1256 1929 1309 1975 et
1337 1919 1499 1975 homo
1521 1921 1728 1990 pariter
1755 1921 1925 1976 idem-

326 2023 429 2079 que
458 2008 749 2064 credatur?
777 2010 1114 2082 Conceptum
1147 2013 1266 2069 sine
1296 2015 1503 2069 semine
1535 2015 1683 2085 virgo
1714 2016 1923 2085 pariat?

329 2102 468 2157 Deus
501 2113 755 2159 nascatur
782 2120 849 2160 ex
891 2104 1125 2173 femina;
1159 2121 1256 2177 per
1293 2118 1694 2178 consequentes
1732 2117 1922 2179 postea

324 2203 543 2251 aetatum
570 2197 771 2266 gradus
802 2200 1003 2254 terreni
1032 2208 1184 2254 actus
1210 2200 1569 2256 humilitatem
1602 2209 1914 2271 cognoscat,

324 2288 543 2355 sentiat,
570 2290 807 2359 patiatur
828 2301 881 2347 et
905 2294 1183 2362 perferat?
1211 2295 1346 2349 fixus
1376 2295 1574 2352 deinde
1601 2296 1753 2351 cruci
1777 2312 1921 2351 mor-

326 2389 434 2435 tem
464 2381 651 2450 adeat,
679 2390 843 2453 atque
888 2384 953 2439 ad
986 2396 1287 2441 extremum
1319 2396 1568 2442 mortuus
1598 2404 1625 2441 a
1658 2404 1717 2443 se
1742 2389 1916 2444 susci-

327 2475 509 2529 tetur?
564 2474 675 2531 Nec
721 2476 923 2531 sufﬁcit
977 2478 1140 2548 hujus
1197 2483 1567 2550 persuasionis
1604 2484 1920 2539 auctoribus

325 2576 433 2622 tam
464 2569 644 2623 stulta:
666 2568 693 2607 δ
728 2571 1000 2626 traditioni
1031 2588 1323 2644 aggregare
1353 2590 1709 2644 consensum,
1742 2577 1845 2631 nisi
1865 2588 1919 2633 et

325 2661 661 2717 immortales
712 2663 992 2734 gentilium
1042 2665 1170 2721 deos
1222 2666 1508 2723 fastidiosa
1569 2668 1916 2725 infestatione

322 2752 707 2808 condemnent.
774 2754 1059 2826 Vigentem
1123 2766 1389 2828 praeterea
1460 2763 1762 2816 aeternitate
1821 2776 1915 2816 sua

323 2847 582 2902 mundum
618 2849 764 2905 velut
794 2852 1181 2922 temporarium
1214 2854 1543 2925 brevemque
1582 2856 1914 2927 despiciant;

321 2942 425 2997 sibi
463 2943 583 2999 sine
610 2943 728 2999 Fati
760 2944 921 2999 ullius
959 2948 1346 3003 constitutione
1390 2961 1411 2988 ο
1444 2949 1767 3020 degentibus
1799 2960 1919 3020 post

322 3036 777 3093 resurrectionem
804 3052 1095 3109 corporum
1121 3049 1457 3096 mortuorum
1490 3043 1918 3098 immortalitatis

319 3128 711 3187 beatitudinem
756 3132 1095 3203 pollicentes.
1138 3133 1304 3204 Cujus
1343 3137 1703 3191 observantiae
1751 3140 1917 3192 ratio—

2028 1919 2151 1989 quia
2184 1936 2305 1973 cum
2340 1920 2411 1973 sit
2442 1920 2614 1974 levior
2640 1918 2795 1991 culpa
2825 1935 2932 1974 non
2961 1919 3175 1975 deferre
3200 1936 3359 1991 quam
3389 1919 3623 1987 laedere;

2027 2026 2125 2066 vos
2157 2022 2180 2058 ε
2214 2026 2315 2067 nec
2345 2012 2569 2067 credere
2603 2012 2656 2066 itt
2691 2012 2863 2067 Deum
2889 2012 3070 2080 vultis,
3098 2022 3153 2069 et
3182 2012 3331 2083 loqui
3362 2014 3481 2069 sine
3508 2012 3628 2082 ejus

2030 2102 2225 2172 injuria
2261 2119 2366 2159 non
2400 2104 2649 2173 potestis.

2639 2194 2868 2251 CAPUT
2908 2195 2994 2251 ΙΙΙ.

2332 2287 2414 2341 Nc
2440 2288 2548 2342 sine
2576 2304 2734 2342 causa
2761 2289 2827 2341 sit
2854 2289 2962 2342 lucc
2992 2288 3314 2342 colluctatio.

2095 2381 2295 2437 Aron.
2336 2412 2407 2423 —
2444 2381 2515 2437 At
2554 2397 2656 2454 ego
2688 2382 2883 2437 horum
2928 2389 3255 2436 tractatuum
3297 2380 3626 2437 collationes

2023 2491 2241 2546 semper
2273 2475 2532 2546 prodesse
2564 2475 2946 2529 dubitantibus
2976 2474 3142 2529 credo
3162 2515 3177 2539 ,
3209 2484 3265 2530 et
3293 2474 3622 2543 quibusdam

2023 2567 2433 2638 inquisitionum
2478 2567 2609 2621 rivis
2639 2567 2706 2621 ad
2740 2568 2983 2621 veritatis
3014 2566 3222 2621 fontem
3251 2563 3279 2601 ιι
3312 2567 3484 2621 veniri
3528 2583 3627 2623 ex-

2023 2668 2211 2731 pertus
2239 2661 2486 2725 affirmo;
2522 2675 2584 2715 ac
2613 2668 2897 2730 propterea
2931 2659 3306 2714 universarum
3346 2670 3623 2715 sectarum

2022 2769 2143 2811 esse
2193 2754 2493 2820 doctrinas,
2546 2763 2602 2808 ut
2640 2754 2912 2809 audiendo
2966 2753 3243 2824 intelligas
3298 2753 3443 2825 quod
3494 2762 3624 2810 ante

2023 2848 2289 2903 nescieris
2333 2864 2345 2900 :
2386 2847 2599 2903 facilius
2643 2846 2813 2913 enim,
2861 2846 2907 2901 si
2952 2847 3092 2902 ratio
3131 2857 3421 2917 suppetat,
3468 2849 3623 2905 credi

2022 2940 2205 2995 audita
2239 2949 2490 3010 possunt,
2522 2956 2682 3009 quam
2716 2939 2958 2993 inaudita
2989 2941 3262 3010 cognosci.
3296 2939 3411 3007 Qua
3440 2941 3509 2995 de
3537 2957 3619 3007 re,

2021 3034 2066 3088 si
2097 3033 2319 3104 dignum
2350 3042 2454 3098 cst,
2488 3032 2771 3103 speciatim
2804 3033 2978 3103 pande
3007 3033 3314 3102 proposita,
3346 3050 3413 3088 ne
3446 3033 3500 3088 in
3529 3048 3621 3087 va-

2020 3143 2177 3183 cuum
2207 3127 2544 3182 certantibus
2577 3125 2770 3192 nobis,
2803 3126 2856 3181 lii
2884 3127 2977 3196 qui
3008 3136 3309 3197 praesentes
3339 3137 3467 3182 sunt
3510 3142 3621 3183 non

321 3236 445 3277 nem
490 3222 558 3295 (si
601 3233 780 3280 tamen
824 3226 965 3280 ratio
1006 3226 1236 3283 dicenda
1270 3239 1388 3295 est,
1427 3228 1709 3284 hominum
1755 3230 1914 3284 stulta

2028 3227 2243 3291 sperato
2276 3219 2582 3285 intellectu,
2613 3218 2708 3274 sed
2741 3218 2958 3273 fastidio
2992 3219 3393 3289 compleantur.

322 3313 624 3385 persuasio)
670 3316 902 3373 reddere
944 3328 1095 3387 potes
1142 3319 1225 3374 vel
1268 3318 1489 3376 audesd
1519 3336 1640 3376 cum
1677 3338 1917 3391 praesen-

320 3405 451 3460 tium
483 3409 887 3467 examinatione
930 3411 1278 3477 demonstra;
1312 3425 1369 3469 ιιι
1407 3426 1497 3470 aut
1539 3418 1818 3472 convictus
1848 3418 1915 3473 ab

318 3513 505 3554 errore
535 3499 807 3572 discedas,
841 3513 933 3558 aut
960 3520 1079 3573 nte,
1111 3506 1301 3561 eadem
1332 3507 1642 3563 conditione
1686 3524 1914 3578 supera-

319 3602 452 3656 tum,
488 3592 763 3651 traditioni
797 3604 902 3652 tuae
930 3599 1167 3654 concilio
1195 3608 1335 3656 teste
1360 3600 1676 3671 conjungas.

386 3686 701 3743 Zsccmeus.
720 3720 792 3730 —
818 3699 841 3727 ε
873 3692 1087 3748 Audere
1115 3693 1329 3764 quidem
1354 3695 1528 3765 quivis
1554 3695 1711 3751 facile
1735 3704 1911 3766 potest

314 3794 503 3836 verum
536 3790 591 3837 et
634 3782 703 3839 de
740 3784 850 3840 Deo
891 3786 1165 3856 proferre,
1212 3788 1258 3842 si
1293 3800 1470 3844 tamen
1518 3788 1811 3859 quidquam
1843 3806 1907 3845 ex

312 3869 513 3928 divinis
543 3886 739 3931 vestrae
770 3878 1051 3945 sapientia:
1077 3892 1399 3948 congruum,
1443 3877 1459 3916 ῖ
1496 3881 1725 3950 talisque
1751 3880 1908 3949 justi-

315 3963 402 4018 tite
448 3979 555 4019 non
605 3967 910 4023 abhorrens
957 3971 1128 4038 possit
1167 3970 1416 4039 expromi
1470 3986 1482 4023 :
1531 3983 1727 4026 vestra:
1761 3972 1903 4027 enim

311 4058 595 4113 sententia:
617 4067 721 4126 est,
743 4060 1045 4129 sapientem
1074 4061 1209 4115 nihil
1234 4062 1468 4131 Opinati,
1494 4062 1624 4116 nihil
1650 4062 1900 4129 credere,

310 4163 415 4204 non
452 4148 581 4217 falli,
624 4152 717 4206 sed
753 4168 848 4219 per
877 4167 936 4207 se
980 4153 1160 4207 omnia
1202 4157 1343 4207 scire
1372 4196 1385 4218 ,
1418 4162 1473 4207 et
1502 4155 1711 4208 occulta
1741 4166 1905 4223 atque

309 4241 548 4310 ignorata
584 4258 687 4297 non
720 4244 949 4314 perpeti,
986 4260 1084 4300 nec
1112 4245 1373 4314 majorem
1405 4246 1640 4299 creatori
1674 4245 1905 4314 possibi-

309 4330 514 4385 litatem
547 4334 758 4398 facere,
799 4351 959 4405 quam
989 4348 1275 4401 creaturm,
1314 4351 1468 4405 mque
1507 4335 1575 4390 de
1613 4336 1707 4390 Dci
1739 4350 1904 4391 sensu

306 4435 468 4495 atque
486 4424 977 4496 hominisjudicare
1003 4446 1017 4484 :
1041 4437 1097 4483 et
1115 4429 1383 4499 praecipue
1404 4430 1694 4486 adversum
1713 4430 1903 4486 Chris-

306 4516 483 4570 tiattos
516 4516 655 4571 hanc
685 4518 1068 4589 diSputationis
1097 4520 1458 4577 intentionem
1493 4532 1681 4577 tenere
1709 4541 1721 4577 :
1756 4524 1899 4579 unde

302 4606 420 4663 hzcc
449 4625 665 4678 quoque
694 4610 944 4667 collectio
986 4621 1073 4665 tua
1106 4614 1271 4681 ςωρίι
1302 4613 1441 4685 quod
1471 4614 1622 4684 prius
1665 4614 1892 4671 damna-
1918 4636 1972 4696 Β

301 4703 466 4771 veris,
500 4714 686 4775 postea
714 4707 853 4761 velle
886 4721 1238 4777 cognoscere.

371 4919 395 4947 ⁸
422 4910 477 4965 In
509 4910 632 4966 cod.
663 4911 721 4967 S.
759 4914 890 4966 Arn.
926 4909 1232 4975 Apollonius
1258 4912 1389 4965 dixit
1419 4928 1434 4964 :
1464 4911 1753 4968 Zacchaze:
1792 4913 1887 4968 sed

296 4980 404 5035 duo
435 4984 615 5049 priora
662 4983 823 5038 verba
854 4982 1067 5053 melius
1089 4980 1283 5053 absunt
1323 5000 1334 5034 :
1374 4986 1425 5035 in
1452 4984 1626 5053 editis
1664 4985 1885 5053 legitur,

296 5063 353 5106 ut
382 5054 529 5117 mihi,
563 5056 706 5107 male
738 5071 749 5102 :
786 5054 838 5106 iu
870 5053 991 5106 cod.
1023 5049 1252 5105 Vindoc.
1291 5063 1337 5105 te
1365 5052 1513 5117 mihi,
1546 5056 1703 5111 bene.

370 5122 501 5178 1'Sic
530 5125 581 5177 in
610 5124 731 5177 cod.
757 5124 815 5180 S.
849 5127 984 5177 Arn.
1016 5122 1307 5191 etquidem
1342 5124 1483 5177 haud
1508 5126 1666 5192 paulo
1694 5126 1889 5180 melius

299 5209 475 5265 quam
512 5195 653 5262 quod
704 5195 755 5247 itt
810 5204 964 5248 textu
1016 5196 1317 5265 legebatur,
1364 5196 1576 5249 rationi.
1608 5196 1748 5249 Infra
1774 5238 1787 5259 ,
1821 5212 1887 5251 ex

299 5266 425 5321 cod.
462 5264 687 5319 Vindoc.
724 5267 1046 5332 scripsimus
1088 5264 1369 5336 Vigentem,
1406 5267 1492 5320 ubi
1525 5266 1654 5320 editi
1687 5268 1891 5321 habent

308 5336 623 5392 Vincentem.
651 5336 706 5391 In
737 5337 959 5390 Lemov.
989 5336 1149 5405 paulo
1174 5339 1445 5406 superius,
1466 5338 1568 5391 nisi
1597 5347 1643 5391 et
1674 5350 1727 5390 ut
1752 5355 1889 5392 mor-

298 5411 448 5471 tales,
483 5424 604 5464 meo
634 5410 851 5479 quidem
876 5408 1101 5477 judicio,
1129 5411 1289 5462 male.

375 5491 397 5518 ο
432 5480 505 5534 lla
537 5482 588 5535 in
618 5478 742 5535 cad.
780 5478 1030 5543 Vindoc.;
1057 5480 1109 5533 in
1143 5480 1323 5546 editis,
1354 5480 1418 5532 de
1444 5480 1716 5548 gentilibus
1744 5480 1888 5536 foedo

302 5550 513 5604 librarii
540 5567 747 5606 errore.

372 5620 398 5656 ά
428 5621 739 5678 Lectiunem
772 5623 910 5678 hanc
937 5622 1058 5678 cod.
1090 5622 1149 5678 S.
1183 5621 1315 5676 Arn.
1349 5622 1399 5674 in
1440 5630 1588 5677 textu
1622 5623 1887 5678 collocare

302 5691 504 5767 placuit
554 5694 643 5746 ubi
698 5712 809 5747 eam
863 5697 1192 5767 prtesentium
1258 5693 1590 5767 legebatur:
1652 5694 1704 5748 itt
1760 5695 1883 5750 cod.

309 5762 535 5817 Vindoc.
560 5781 704 5831 cum,
740 5762 878 5820 haud
909 5770 978 5822 ita
1010 5768 1167 5834 longe
1202 5779 1231 5818 a
1264 5762 1387 5820 vera
1422 5765 1671 5821 lectione.

376 5845 397 5869 ο
445 5834 516 5888 Ita
542 5836 874 5890 rcsituimus
903 5855 931 5893 e
962 5837 1082 5891 cod.
1124 5836 1343 5892 Lemov.
1382 5836 1432 5891 in
1460 5852 1563 5906 quo
1593 5838 1801 5903 audere,
1832 5849 1886 5895 et

2093 3312 2292 3368 Zsccu.
2327 3343 2396 3351 —
2426 3312 2655 3382 Digntun
2690 3313 2852 3382 plane
2897 3323 2981 3368 est
3014 3313 3320 3369 cmlestium
3354 3315 3621 3370 consilio-

2020 3423 2136 3461 rum
2168 3416 2509 3461 sacramenta
2534 3407 2789 3476 cognosci
2814 3422 2828 3472 ;
2859 3415 2915 3461 et
2938 3416 3045 3462 tam
3073 3408 3303 3477 simplex
3325 3409 3393 3465 de
3414 3407 3619 3465 Christi

2018 3500 2302 3555 divinitate
2332 3510 2494 3570 atque
2522 3500 2744 3555 elucens
2772 3513 2871 3570 per
2910 3515 2969 3555 se
3003 3501 3201 3555 veritas
3232 3508 3350 3568 est,
3395 3511 3453 3556 ut
3492 3518 3615 3557 eam

2018 3593 2142 3649 licet
2179 3593 2344 3663 digne
2392 3608 2555 3647 nemo
2587 3592 2773 3663 eloqui
2825 3594 3033 3661 possit,
3086 3591 3263 3661 quivis
3310 3602 3490 3649 tamen
3531 3594 3616 3649 fa-

2015 3688 2119 3742 cile
2161 3687 2465 3756 intelligat,
2505 3686 2549 3740 si
2594 3686 2932 3741 voluntatcm
2975 3687 3232 3742 exhibeat
3282 3687 3546 3743 credituri
3594 3705 3610 3741 :

2012 3797 2115 3852 qua
2148 3781 2199 3835 in
2240 3797 2300 3835 re
2343 3779 2509 3835 etiam
2545 3795 2645 3850 ego
2686 3781 2777 3851 qui
2811 3795 2929 3834 sum
2964 3780 3401 3836 Christianorum
3451 3782 3615 3835 mini-

2013 3889 2156 3939 mus,
2192 3888 2298 3927 non
2329 3872 2645 3935 reticerem,
2676 3872 2779 3926 nisi
2816 3887 2910 3941 per
2946 3873 3126 3943 legem
3160 3874 3349 3927 talium
3378 3878 3615 3929 alterca-

2015 3967 2223 4022 tionum
2249 3965 2569 4020 occasiones
2592 3966 2765 4019 vitare
2793 3966 3145 4036 prmciperer.
3178 3964 3281 4021 Ubi
3307 3968 3453 4021 enim
3487 3970 3613 4023 nul-

2011 4061 2095 4115 lus
2128 4058 2405 4129 profectus
2436 4069 2543 4126 est,
2576 4057 2868 4113 conflictus
2899 4057 3198 4113 inhibetur.
3232 4058 3390 4115 Unde
3422 4059 3469 4114 si
3500 4060 3615 4115 dis-

2011 4163 2207 4227 putare
2240 4164 2447 4209 tantum
2491 4162 2547 4208 et
2575 4152 2829 4209 convinci
2861 4154 3083 4223 impune
3130 4153 3324 4209 niteris
3353 4170 3459 4208 non
3493 4169 3611 4210 cre-

2008 4248 2222 4304 diturus
2242 4289 2256 4312 ,
2294 4247 2590 4316 Epicureos
2621 4260 2683 4299 ac
2712 4244 3026 4300 Platonicos
3052 4288 3066 4309 ,
3098 4255 3407 4315 caeteraque
3451 4244 3610 4299 simi-

2008 4341 2138 4395 lium
2164 4348 2433 4394 sectarum
2467 4348 2681 4392 ostenta
2705 4339 2985 4408 perquire.
3018 4336 3131 4391 Nos
3156 4338 3311 4392 talem
3335 4347 3611 4395 consuetu-

2008 4432 2176 4487 dinem
2201 4448 2304 4486 non
2334 4430 2580 4486 habemus
2612 4429 2654 4503 (l
2685 4429 2807 4485 Cor.
2842 4445 2926 4492 ιιι.
2961 4429 3076 4500 16).

2625 4524 2852 4581 CAPUT
2887 4523 2976 4579 IV.

2270 4618 2332 4674 Si
2363 4620 2425 4672 de
2455 4617 2658 4671 Christo
2686 4616 2886 4687 aliqttid
2917 4626 3079 4685 poeta:
3106 4617 3303 4670 dicant.

2074 4715 2275 4769 APOLL.
2312 4740 2383 4751 ——
2420 4709 2634 4765 Omissa
2664 4710 2765 4765 ista
2797 4709 2915 4763 haec
2944 4709 3133 4773 facito,
3174 4721 3520 4779 nequaquam
3567 4726 3599 4767 a

2002 4929 2032 4969 e
2063 4915 2294 4971 Vindoc.
2329 4915 2380 4969 in
2424 4928 2533 4984 quo
2555 4922 2754 4967 caetera
2783 4919 3087 4980 sequuntur
3117 4912 3195 4966 sic
3210 4951 3238 4984 ,Α
3258 4920 3316 4966 ut
3345 4910 3490 4968 edita
3518 4914 3601 4969 vi-

1997 4985 2116 5041 des.
2148 4987 2202 5040 ln
2234 4986 2395 5042 editis
2418 4982 2655 5050 {audire
2685 4984 2893 5054 quidem
2920 4985 3086 5053 quivis
3114 4982 3269 5055 facile
3311 4992 3476 5052 potest
3497 4994 3600 5053 ,et

1999 5058 2061 5109 de
2091 5057 2200 5112 Deo
2228 5074 2421 5111 rerum.

2091 5076 2200 5112 ueo
2228 5076 2421 5111 rerum.
3510 5076 3517 5095 λ

2077 5127 2187 5183 flu
2245 5131 2369 5184 cod.
2405 5126 2630 5183 Vindoc.
2678 5135 2735 5181 et
2765 5126 3016 5190 Lemov.,
3064 5127 3277 5197 talique.
3328 5127 3480 5182 Haud
3528 5128 3603 5184 ita

1999 5200 2173 5255 multo
2216 5210 2368 5269 post,
2402 5199 2494 5253 ubi
2537 5200 2625 5253 sed
2658 5215 2748 5267 per
2776 5215 2828 5252 se
2872 5199 3048 5252 omnia
3076 5200 3240 5267 scire,
3274 5200 3329 5255 in
3371 5198 3604 5254 Vindoc.

1995 5275 2190 5326 vocula
2219 5272 2311 5325 sed
2339 5272 2515 5326 abest.

2074 5352 2099 5389 8
2132 5345 2186 5397 In
2215 5344 2325 5397 alio
2346 5343 2493 5408 cod.,
2528 5358 2616 5396 vos
2642 5359 2743 5396 non
2774 5343 2980 5396 credere
3005 5342 3159 5396 vultis
3186 5342 3238 5395 in
3260 5339 3430 5395 Deum
3454 5356 3473 5393 .·
3494 5356 3603 5410 qua

2003 5412 2072 5469 de
2095 5430 2256 5469 causa
2288 5413 2730 5483 prmpositionem
2759 5415 2813 5467 in
2840 5416 3202 5483 reposuimus,
3227 5427 3348 5482 quae
3370 5414 3424 5466 in
3450 5420 3605 5469 textu

2002 5484 2211 5555 deerat.
2248 5485 2448 5554 Supra,
2478 5502 2580 5539 non
2606 5486 2808 5555 deferre
2837 5488 3077 5539 honorem
3108 5486 3238 5554 lego.

2073 5554 2099 5593 ¹ι
2130 5558 2280 5611 llaud
2310 5556 2533 5611 dubium
2564 5554 2694 5626 quin
2729 5559 2799 5609 ita
2834 5556 3117 5623 legendum
3151 5555 3257 5607 sit:
3292 5569 3416 5626 nam
3449 5555 3597 5623 quod

1998 5627 2052 5682 in
2083 5628 2244 5683 editis
2273 5628 2524 5694 habetur,
2554 5624 2743 5690 uenire,
2771 5626 2901 5680 ferri
2933 5642 3039 5678 non
3077 5634 3273 5693 potest.
3314 5624 3481 5679 Paulo
3514 5628 3599 5679 in-

1996 5699 2073 5753 fra
2106 5702 2155 5754 in
2185 5704 2309 5754 cnd.
2348 5699 2600 5763 Vindoc.,
2630 5708 2921 5768 praptereu,
2955 5695 3243 5751 emendate
3286 5715 3299 5753 :
3333 5696 3389 5751 in
3418 5696 3594 5768 priori

1990 5770 2250 5841 editione,
2285 5782 2549 5843 pra'terca,
2587 5769 2745 5825 male.
