4074 6204
480 315 618 376 1075

489 535 604 580 tera
639 537 764 594 pars
796 527 1086 593 sequatur,
1116 520 1210 593 qni
1241 519 1453 578 hisdem
1499 520 1850 576 audientibus
1881 521 1933 574 in
1968 519 2074 574 line

489 615 846 687 ειιρειτινθιὶῑ.
877 613 945 671 Et
970 614 1095 686 quia
1119 661 1133 684 ,
1169 623 1228 671 ut
1257 627 1390 671 vere
1415 614 1550 670 dicis
1571 621 1594 651 α
1631 658 1645 683 ,
1681 625 1780 684 pro
1811 611 2078 683 religione

486 707 635 781 loqui
659 721 819 764 nemo
841 709 990 764 oneri
1013 708 1162 778 jnste
1184 711 1422 778 reputat,
1447 706 1792 762 membratim
1825 704 2080 760 universa

490 801 739 859 dicturus
769 801 836 858 de
864 799 1083 858 Christo
1114 846 1127 869 ,
1163 802 1392 872 primum
1437 797 1744 856 evidentem
1781 798 1956 868 pande
1998 813 2082 852 ra-

488 898 692 952 tionem
716 939 728 961 ,
768 906 819 950 ut
853 895 896 950 si
946 893 1112 949 Deum
1151 893 1235 949 vel
1270 893 1363 949 Dei
1395 892 1586 948 Filium
1632 893 1865 963 probare
1896 900 2085 963 potue-

487 989 566 1043 ris
588 1031 602 1055 ,
637 987 852 1043 caeteris
877 997 998 1056 quae
1045 987 1112 1041 ab
1144 984 1336 1041 eodem
1379 994 1532 1055 gesta
1562 993 1657 1039 aut
1685 984 1923 1055 gerenda
1972 995 2086 1037 me-

492 1082 754 1147 moratis,
783 1080 991 1134 facilius
1024 1079 1395 1149 acquiescam;
1427 1093 1528 1132 nec
1564 1091 1647 1131 me
1681 1078 1872 1146 pigebit
1913 1075 2086 1131 libere

493 1175 720 1229 credere
750 1173 892 1242 quod
927 1168 1000 1226 dii
1035 1185 1142 1224 non
1173 1171 1451 1239 potuerint
1485 1169 1798 1237 prohibere.

566 1267 767 1323 Zaccu.
812 1265 881 1320 Et
910 1279 1010 1333 ego
1042 1277 1137 1333 per
1183 1262 1358 1332 ipsum
1406 1263 1590 1327 credo,
1628 1260 1656 1298 ι)
1681 1263 1804 1330 quia
1847 1261 2090 1316 excitare

497 1359 600 1416 sibi
629 1360 833 1415 incolas
858 1359 1019 1413 etiam
1047 1372 1116 1411 ex
1144 1355 1414 1426 lapidibus
1447 1361 1624 1424 potest
1648 1353 1865 1425 (Matth.
1896 1369 1973 1417 ut,
2003 1351 2086 1421 9),

501 1463 553 1507 te
590 1468 620 1506 a
652 1451 971 1523 gentilitatis
994 1464 1187 1504 errore
1219 1449 1376 1502 facile
1412 1461 1572 1517 posse
1603 1447 1820 1510 deduci,
1876 1445 1918 1499 si
1966 1455 2087 1499 eum

499 1546 654 1615 cujus
686 1541 1033 1611 majestalem
1065 1541 1150 1595 vel
1191 1542 1445 1596 conscitts
1500 1537 1754 1608 negligis,
1802 1537 1886 1592 vel
1933 1537 2088 1606 igno-

503 1652 632 1692 rans
663 1636 932 1705 requiris,
965 1632 1217 1704 deposito
1268 1632 1418 1686 falsa:
1467 1633 1750 1702 sapientia}
1795 1631 2093 1700 supercilio

499 1730 813 1792 confeStitn,
851 1729 940 1783 ubi
973 1728 1134 1784 rebus
1164 1725 1480 1799 agnoveris,
1509 1727 1676 1781 corde
1706 1739 1812 1780 non
1849 1737 2047 1780 renuas
2077 1741 2090 1779 :

1745 295 2064 366 uocum
2102 297 2500 364 GttntSTtAttt

485 431 763 502 proposita
806 429 1120 486 conditione
1145 421 1476 496 discedens,
1511 437 1567 481 nt
1603 442 1726 483 eum
1759 427 1970 482 scilicet
1997 425 2077 478 al-
2105 420 2150 486 Α

3639 302 3782 361 1076

2810 419 3042 478 CAPUT
3083 421 3148 475 ν.

2261 513 2381 567 Non
2423 512 2590 567 solum
2630 515 2694 567 de
2721 513 2873 568 dictis
2888 515 3124 585 poeticis,
3159 515 3249 568 sed
3281 513 3346 568 de
3368 513 3717 584 presentius

2839 607 3123 661 miraculis.

2257 701 2456 754 Λροιιμ
2487 730 2557 739 ——
2586 701 2732 756 Bene
2775 701 2995 771 quidem
3055 703 3342 772 utriusque
3397 701 3674 756 dictorum
3722 701 3792 754 ad

2190 803 2403 863 tempus
2456 795 2827 850 reminisceris
2865 815 2876 848 :
2913 797 3008 850 scd
3064 797 3186 866 quia
3245 795 3510 865 probandi
3561 796 3798 850 libertas

2189 899 2292 953 est,
2325 888 2726 957 praecedentem
2760 892 3089 944 sententiam
3141 896 3286 943 tuam
3333 888 3443 958 pari
3488 883 3648 942 liceat
3676 903 3802 943 ser-

2192 995 2353 1037 mone
2375 981 2664 1045 cohiberi;
2695 981 2839 1052 quod
2897 983 2947 1036 hi
3003 995 3236 1052 quorum
3268 982 3567 1036 auctoritas
3617 980 3799 1050 recipi

2193 1079 2244 1131 in
2279 1076 2534 1131 omnibus
2565 1073 2594 1112 ιι
2623 1075 2784 1147 (non)
2837 1077 3022 1147 debet,
3076 1078 3125 1130 in
3157 1077 3261 1134 hoc
3313 1079 3451 1132 forte
3481 1069 3805 1130 humaniter

2191 1183 2537 1228 erraverunt.
2560 1171 2718 1228 Unde
2761 1174 2804 1228 si
2840 1188 2972 1228 vere
3001 1172 3252 1227 Christus
3283 1173 3426 1228 Deus
3456 1171 3539 1227 vel
3574 1171 3670 1226 Dei
3707 1164 3805 1224 Fi-

2195 1265 2298 1319 lius
2343 1271 2459 1330 est;
2516 1281 2622 1320 non
2681 1273 2934 1319 veterum
2987 1265 3364 1320 tantummodo
3429 1263 3648 1329 litteris,
3698 1261 3805 1317 sed

2194 1357 2560 1428 praesentibus
2591 1357 2807 1413 edoceri
2837 1357 3002 1412 debet
3036 1357 3326 1426 exemplis.

2264 1451 2464 1510 ZACCII.
2497 1483 2567 1492 —-
2597 1453 2770 1520 Quam
2815 1452 2999 1521 iniqua
3049 1459 3131 1507 est
3161 1440 3389 1522 gentilis
3421 1449 3810 1520 persuasionis

2199 1545 2459 1599 intentio!
2520 1560 2642 1600 cum
2670 1559 2768 1612 pro
2799 1560 2858 1598 se
2909 1544 3121 1606 :tSset‘it,
3157 1545 3274 1598 suis
3314 1543 3522 1607 utitur;
3552 1557 3677 1596 cum
3718 1553 3813 1596 re-

2199 1637 2460 1710 vincitur,
2499 1651 2600 1690 nec
2653 1637 2768 1690 suis
2797 1635 2992 1690 credit.
3038 1635 3155 1690 Non
3211 1645 3432 1690 esttam
3486 1631 3645 1702 inops
3673 1633 3812 1688 ﬁdei

2201 1741 2402 1784 nostra:
2433 1737 2522 1782 aut
2555 1743 2722 1799 egena
2751 1727 3016 1795 defensio,
3050 1737 3105 1782 tit
3137 1729 3189 1781 in
3223 1725 3306 1781 sui
3349 1725 3673 1797 probatione
3709 1739 3816 1780 ex-

503 1839 634 1880 erce
656 1823 802 1878 enim
835 1823 1099 1877 munitum
1144 1821 1346 1876 Clnisti
1399 1820 1505 1876 fide
1554 1821 1865 1890 loquentem
1918 1819 1994 1874 dii
2022 1818 2099 1873 tui
2129 1819 2178 1881 Β
2206 1824 2380 1878 ternis
2407 1829 2614 1878 tantum
2649 1821 2980 1878 testimoniis
3027 1821 3312 1885 innitatur,
3350 1835 3448 1875 nec
3478 1821 3626 1889 quod
3661 1823 3813 1873 intra

501 1917 749 1980 audient,
782 1929 882 1970 nec
907 1915 1293 1984 prohibebunt.
1324 1913 1428 1968 Sed
1463 1918 1513 1966 le
1555 1913 1722 1966 tniror
1751 1911 1978 1967 formant
2015 1919 2096 1965 to-

505 2011 610 2064 tius
632 2008 871 2062 scientia:
897 2008 1304 2076 praeferentem,
1337 2019 1405 2058 an
1455 2004 1525 2058 sit
1548 2004 1690 2060 Deus
1737 2002 1987 2058 Christus
2015 2003 2097 2058 vel

509 2101 603 2157 Dei
661 2101 832 2155 Filius
880 2100 1194 2153 dubitanter
1245 2097 1544 2166 inquirere,
1591 2096 1684 2166 qui
1733 2110 1839 2150 non
1892 2095 2101 2151 nescias

511 2196 672 2248 etiam
709 2204 1018 2247 vestrorum
1063 2201 1345 2244 auctorum
1397 2190 1674 2243 volumina
1743 2191 1929 2244 testari
1979 2190 2102 2258 eius

511 2286 881 2348 divinitatem,
915 2291 971 2338 et
1022 2295 1236 2338 crucem
1294 2297 1452 2350 quam
1501 2281 1740 2336 irridetis
1772 2292 1793 2318 ε
1828 2281 2100 2350 proferre;

510 2392 574 2432 ex
611 2376 805 2447 quibus
837 2377 1052 2428 interim
1077 2375 1313 2429 duorum
1343 2375 1603 2443 exempla
1631 2389 1774 2426 nunc
1807 2375 2102 2442 proferam.

511 2468 539 2507 ει
571 2471 726 2526 Plato
757 2472 924 2534 enim,
958 2483 1120 2540 quem
1153 2468 1526 2525 doctissimum
1559 2481 1622 2523 ac
1643 2467 2102 2538 sapientissimum

515 2563 837 2633 perhibetis,
870 2579 993 2618 cum
1044 2560 1111 2618 de
1141 2563 1430 2617 revelanda
1461 2563 1665 2616 Christi
1713 2562 1996 2630 majestate
2029 2562 2106 2615 lo-

515 2667 798 2727 queretur,
833 2655 917 2712 bis
966 2655 1148 2711 verbis
1194 2657 1357 2712 etiam
1385 2656 1600 2727 signum
1632 2655 1783 2710 illitis
1810 2657 2106 2720 intimavit,

516 2753 756 2804 futurum
801 2760 1052 2806 astruens
1095 2750 1287 2814 Deum,
1343 2750 1499 2818 cujus
1549 2751 1761 2819 signum
1817 2751 2112 2805 circumro-

519 2842 803 2897 tundatnm
829 2853 882 2896 et
913 2843 1264 2897 decussatnm
1307 2851 1413 2897 est.
1448 2839 1672 2912 Sibylla!
1706 2841 1932 2911 perinde
1974 2853 2112 2911 prm-

521 2936 726 3003 divina,
761 2946 784 2973 ο
827 2944 885 2989 ut
913 2937 1178 3000 asseritis,
1212 2936 1455 2989 carmina
1512 2934 1900 3004 proprietatem
1931 2933 2109 2988 sancti

520 3028 758 3084 nominis
814 3039 1184 3095 personarum
1229 3043 1350 3082 cum
1389 3028 1654 3097 dignitate
1705 3036 1914 3079 natura!
1949 3041 1963 3079 ε
1997 3026 2115 3081 lucc

523 3123 714 3176 eadem
785 3121 953 3177 Deum
1008 3133 1196 3190 postea
1227 3120 1245 3158 ί
1281 3133 1390 3176 ttno
1454 3134 1618 3175 versu
1673 3133 2001 3186 crucemque
2038 3120 2115 3173 si-

2203 1932 2261 1972 se
2293 1924 2395 1984 est,
2430 1916 2561 1970 loris
2585 1915 2806 1986 quaerit.
2849 1915 2986 1970 Audi
3046 1913 3355 1968 immundos
3405 1912 3814 1967 daemoniorum

2203 2009 2450 2078 spiritus,
2481 2021 2603 2077 qua:
2632 2013 2814 2062 vestra
2847 2003 2974 2059 sunt
3003 2007 3247 2066 numina,
3306 2001 3410 2058 sub
3450 2003 3613 2072 hujus
3645 2015 3818 2057 voca-

2206 2100 2315 2155 buli
2347 2101 2700 2155 invocatione
2749 2100 3081 2154 conterritos
3125 2099 3406 2154 Christum
3439 2097 3611 2151 Deum
3631 2105 3682 2150 et
3709 2097 3816 2152 Dei

2207 2193 2402 2246 Filium
2434 2205 2540 2245 non
2570 2206 2792 2261 negare,
2823 2205 2887 2245 ac
2906 2191 3053 2246 velut
3077 2205 3202 2245 reos
3233 2203 3355 2244 cum
3386 2195 3658 2242 tormenta
3703 2201 3817 2242 sae-

2208 2285 2360 2339 viunt
2387 2285 2778 2350 quaestionum,
2837 2299 2943 2338 non
2973 2283 3117 2355 quod
3172 2283 3402 2352 placeat,
3439 2281 3658 2345 dicere;
3712 2281 3816 2335 sed

2209 2375 2353 2446 qttod
2381 2385 2759 2445 extorquetur,
2793 2376 2986 2441 fateri;
3033 2385 3087 2432 et
3112 2379 3154 2429 si
3185 2375 3490 2430 credulitati
3522 2383 3731 2428 nostra:
3761 2385 3821 2430 et

2211 2470 2334 2525 lidei
2364 2470 2659 2541 derogatis,
2691 2471 2796 2524 diis
2851 2470 3045 2526 saltem
3075 2469 3272 2525 vestris
3321 2469 3531 2524 credite
3560 2485 3572 2531 ;
3637 2476 3736 2522 aut
3769 2470 3816 2522 si

2212 2564 2438 2619 alterius
2463 2564 2636 2633 pttdor
2675 2578 2782 2618 non
2814 2573 2920 2629 est,
2949 2571 3148 2632 negent
3179 2562 3433 2617 bmniues
3461 2560 3607 2631 quod
3640 2562 3817 2615 etiam

2213 2659 2496 2714 dmmoues
2520 2659 2872 2713 conﬁtentur.

2823 2750 3053 2808 CAPUT
3108 2751 3195 2806 Vl.

2315 2844 2382 2900 Ut
2427 2846 2552 2915 quid
2603 2848 2671 2900 ad
2740 2847 2990 2900 rationem
3041 2845 3270 2898 dandam
3333 2843 3398 2898 de
3443 2842 3720 2896 dtcmoniis

2907 2939 3132 2994 dicatur.

2291 3033 2494 3088 APOLL.
2522 3060 2594 3071 —
2617 3030 2757 3097 Quid
2804 3029 2935 3085 mihi
2986 3032 3137 3085 varia
3168 3030 3477 3084 d:cmouutn
3531 3041 3636 3097 pro
3667 3029 3820 3083 omni

2223 3125 2432 3183 ratione
2478 3135 2782 3179 commenta
2814 3163 2828 3188 ,
2883 3131 2940 3179 et
2997 3125 3290 3178 volubilem
3346 3125 3676 3178 incertormn
3702 3123 3825 3190 spi-

522 3214 926 3282 guavit;quam
981 3229 1075 3268 vos
1107 3215 1294 3268 multis
1348 3209 1810 3278 disputationibus
1841 3212 2112 3278 refutatis,
2145 3215 2190 3278 C
2223 3219 2422 3274 rituum
2489 3215 2502 3254 i
2565 3225 2667 3286 pro
2729 3226 2838 3272 tota
2913 3216 3018 3271 lide
3095 3218 3290 3272 niteris
3354 3217 3639 3284 objectare
3689 3231 3821 3270 sen-

528 3306 841 3375 pra-dictutn
875 3319 1068 3378 poema
1106 3309 1174 3361 ita
1200 3319 1407 3376 ponens
1442 3325 1454 3358 :

708 3439 848 3490 Feliv
881 3441 967 3490 ille
993 3441 1148 3502 Deus,
1177 3441 1310 3503 ligno
1333 3441 1417 3503 qui
1441 3441 1584 3504 pend-
1609 3449 1627 3490 t
1655 3441 1716 3489 ab
1741 3440 1863 3489 alto.

603 3577 735 3629 Vide
751 3576 1081 3630 distantibus
1106 3575 1328 3646 quidem
1361 3576 1567 3642 verbis,
1595 3589 1907 3646 expressam
1940 3585 2119 3632 tamen

531 3671 816 3738 utriusque
844 3668 1264 3722 confessiOuem.
1295 3666 1388 3722 llle
1418 3665 1660 3722 futurum
1701 3668 1969 3736 designat,
1995 3670 2119 3737 quia

531 3766 982 3818 manifestandum
1032 3765 1084 3816 in
1112 3759 1332 3819 homine
1385 3764 1653 3820 sentiebat
1689 3783 1700 3817 :
1737 3764 1854 3819 luet:
1897 3763 2117 3822 felicem

527 3872 652 3912 eutn
688 3867 867 3923 vocat,
902 3859 1027 3926 quia
1075 3857 1318 3913 divinam
1370 3857 1633 3927 praevidet
1667 3859 1718 3910 in
1745 3857 1986 3911 hominis
2008 3858 2119 3912 fra-

529 3953 740 4019 gilitate
793 3952 1072 4013 virtutem,
1123 3959 1181 4004 et
1205 3950 1258 4002 in
1289 3948 1532 4018 ejusdem
1564 3949 1802 4002 hominis
1837 3959 2013 4004 morte
2043 3951 2125 4002 vi-

529 4045 1164 4111 ctoriam.Quostamen
1199 4057 1304 4096 non
1359 4041 1561 4097 idcirco
1611 4043 1869 4112 consequi
1917 4057 2124 4098 conve-

533 4137 639 4198 nit,
673 4138 801 4204 quia
824 4133 908 4190 his
940 4137 1088 4190 velut
1110 4148 1209 4204 per
1241 4134 1514 4187 somnium
1568 4147 1750 4187 verum
1794 4135 2123 4204 sapientiam

534 4226 679 4298 loqui
709 4227 1005 4295 aliquando
1039 4227 1362 4294 permissum
1389 4237 1507 4291 est;
1536 4240 1712 4297 neque
1744 4235 1802 4281 ut
1841 4227 2126 4295 gentilitas

532 4319 800 4372 meruisse
847 4331 916 4373 ex
963 4319 1074 4374 Deo
1140 4317 1538 4389 praescientiam
1590 4319 1885 4386 videretur,
1941 4317 2039 4373 sed
2069 4326 2127 4372 ut

533 4412 704 4466 Deum
733 4411 1009 4466 Christum
1041 4425 1107 4465 ac
1137 4411 1233 4464 Dei
1259 4411 1457 4464 Filium
1502 4412 1667 4465 etiam
1717 4415 1886 4480 vestri
1938 4413 2126 4484 loque—

532 4515 726 4561 rentur
756 4512 1030 4568 auctores,
1057 4503 1289 4571 quicum
1324 4515 1460 4570 pene
1483 4503 1534 4554 in
1563 4504 1815 4558 omnibus
1846 4505 1963 4558 falsi
1989 4506 2118 4572 sint,

531 4608 557 4646 ε
592 4599 644 4652 in
674 4597 780 4651 hoc
805 4594 1156 4662 probabiliter
1185 4604 1532 4648 erraverunt.

603 4811 628 4837 ει
662 4799 751 4856 Sic
784 4799 836 4851 in
870 4796 1094 4850 Lemov.
1128 4791 1447 4866 quideinde
1472 4793 1624 4849 addit
1653 4811 1712 4848 ac
1742 4813 1890 4866 pene,
1925 4797 2119 4856 fortas-

529 4875 604 4927 sis
632 4887 692 4923 ac
717 4871 860 4924 bene.
884 4869 948 4938 in
981 4867 1160 4930 editis,
1197 4865 1262 4938 Et
1291 4867 1414 4938 quia
1440 4882 1576 4932 vere,
1607 4877 1663 4920 ut
1688 4865 1797 4938 ipse
1823 4869 1973 4926 diris.

600 4943 625 4980 ι)
652 4940 707 4995 In
730 4941 855 4995 cod.
882 4934 1133 5005 Vindoc.,
1163 4937 1249 5007 qui
1275 4934 1520 5005 vocitare,
1569 4934 1800 4995 fortasse
1831 4941 2046 4998 melius.

605 5024 626 5049 ε
663 5011 717 5063 ltt
759 5010 880 5064 Cod.
916 5010 971 5063 S.
1005 5015 1160 5072 Αι·ιι.,
1203 5011 1466 5078 prtrferrc.

600 5080 625 5118 ἀ
659 5082 792 5135 Cum
825 5081 1198 5152 eum__|ocn_m_
1221 5079 1534 5152 iniPlatone
1565 5079 1990 5152 quaesiisscntus,
2018 5085 2120 5140 hoc.

528 5155 830 5225 reperimus
858 5153 908 5202 in
933 5149 1024 5225 ιιι).
1050 5166 1079 5202 x
1097 5149 1163 5225 de
1179 5147 1364 5225 chib.
1385 5147 1879 5225 scriptu—tnnnotnm
1901 5147 2118 5225 sphaeri-

527 5219 650 5281 cuin
675 5229 789 5277 sive
821 5224 870 5273 in
902 5219 1279 5286 orbem,Menti
1308 5237 1337 5272 ιι
1359 5219 1651 5289 ιιιιίιιῐιιιιιίιι
1668 5226 1881 5277 condita
1911 5219 2038 5282 sunt
2058 5245 2122 5284 ac

527 5305 813 5369 reguntur,
851 5307 972 5346 eSse
1001 5290 1355 5371 δίιιιιῌιιιξιιίιι.
1396 5292 1550 5371 Quod
1579 5293 1797 5371 quidem
1823 5293 2120 5355 absusdum

525 5359 650 5423 θ.ξο
705 5359 866 5422 nemo
921 5377 1026 5416 non
1086 5359 1337 5429 intelligit
1387 5380 1399 5414 :
1455 5365 1548 5417 sed
1598 5359 1810 5419 'nescio
1879 5382 1945 5422 an
2012 5387 2119 5426 non

528 5439 579 5494 id
613 5437 898 5494 absurdius
926 5434 1013 5500 sit,
1048 5430 1190 5504 quod
1238 5431 1343 5486 illic
1372 5433 1615 5504 nonnulli
1669 5447 1881 5492 veteres
1933 5435 2120 5496 Chris-

527 5510 663 5565 tiani
703 5507 880 5564 crucis
908 5503 1124 5559 Domini
1173 5503 1502 5559 mentionem
1527 5523 1556 5559 a
1598 5503 1825 5561 Platone
1850 5507 1964 5564 liet'.
1991 5526 2121 5566 con-

517 5581 790 5650 iecerunt.

599 5663 621 5688 θ
654 5651 792 5705 Vera
845 5650 959 5702 lucc
999 5657 1083 5702 est
1140 5645 1298 5702 codd.
1355 5645 1581 5702 Vindoc.
1632 5655 1687 5702 et
1738 5647 1960 5706 Lemov.
2009 5653 2120 5710 icc-

528 5722 781 5786 tio;natn
812 5733 875 5775 ea
924 5734 1082 5788 quam
1125 5719 1252 5774 editi
1307 5719 1623 5790 praeferunt,
1672 5730 1728 5774 ut
1762 5724 1998 5788 asseritis,
2053 5726 2120 5781 ab

528 5806 716 5846 errore
749 5791 1007 5843 immunis
1055 5807 1160 5846 non
1193 5807 1314 5845 esse
1357 5792 1588 5858 videtur,
1645 5796 1844 5864 quippe
1888 5809 1952 5849 ex
2013 5811 2117 5867 qua

2223 3310 2502 3366 tentiam?
2573 3309 2630 3364 Si
2680 3310 2833 3362 vobis
2899 3309 3013 3363 lucc
3069 3310 3183 3363 sola
3235 3308 3480 3377 probatio
3543 3315 3626 3362 est
3661 3352 3674 3375 ,
3750 3309 3820 3363 ad

2223 3405 2607 3474 prsidictorum
2662 3405 3044 3458 auctoritatem
3107 3403 3390 3457 honestius
3465 3405 3782 3457 recurrctis.

2294 3497 2491 3551 Zaccn.
2525 3493 2851 3565 -Ᾱὲιιιιιιιιι
2905 3507 3046 3549 esset
3107 3507 3412 3549 vestrorum
3455 3507 3552 3548 vos
3585 3496 3822 3564 primum

2227 3589 2553 3646 testimoniis
2578 3589 2836 3652 credere;
2865 3587 3064 3643 deinde
3097 3589 3320 3642 invitam
3353 3589 3658 3644 daemonum
3685 3602 3823 3641 con-

2227 3684 2520 3738 fessionem
2554 3697 2661 3735 non
2694 3682 2796 3736 levi
2859 3681 3218 3736 aestimatiooe
3255 3692 3488 3751 pensare
3523 3682 3688 3750 :quia
3712 3681 3820 3734 nisi

2225 3774 2587 3830 invisibilihus
2632 3773 2965 3828 cruciatibus
3022 3783 3347 3844 agerentur,
3407 3769 3582 3827 libere
3632 3775 3823 3841 utique

2226 3881 2326 3936 pro
2380 3879 2440 3921 se
2493 3865 2704 3920 facilius
2745 3867 3014 3931 dicerent,
3056 3881 3217 3936 quam
3267 3879 3485 3935 semper
3527 3874 3714 3919 contra
3761 3881 3822 3920 se

2228 3959 2613 4013 mentirentur.
2689 3958 2795 4013 Sed
2846 3972 2970 4013 cum
3028 3961 3082 4012 in
3137 3975 3195 4014 re
3257 3959 3404 4013 omni
3476 3957 3826 4013 inmstimabi-

2197 4082 2199 4084 -
2230 4053 2308 4107 les
2354 4052 2464 4105 sint
2516 4050 2722 4105 divitiae
2756 4051 2880 4116 Dei;
2929 4053 3165 4106 maxime
3196 4053 3248 4105 in
3300 4051 3507 4106 honore
3542 4053 3622 4105 sui
3653 4052 3826 4106 nomi-

2229 4144 2312 4198 nis
2341 4143 2696 4214 approbando
2747 4145 3217 4214 provocandisqne
3273 4144 3338 4198 ad
3389 4143 3549 4198 fidem
3583 4147 3825 4199 homini-

2231 4235 2352 4304 bus,
2387 4240 2399 4285 ι
2435 4237 2692 4304 majestas
2721 4250 2848 4290 vera
2872 4235 3210 4291 dill‘umlitur.
3247 4235 3404 4292 Unde
3444 4239 3488 4291 si
3510 4237 3623 4290 lia-c
3659 4251 3822 4306 parva

2230 4338 2380 4398 sunt,
2413 4327 2652 4384 inaudita
2711 4330 3054 4384 curationum
3114 4331 3357 4386 remedia
3417 4331 3733 4395 succedunt,
3769 4341 3825 4385 et

2233 4421 2619 4475 inennrrabilia
2661 4422 2753 4476 Dei
2783 4421 2948 4477 etiam
2981 4422 3033 4476 in
3062 4431 3311 4478 mortuos
3341 4432 3589 4494 porrecta
3612 4419 3823 4479 benefl-

2231 4513 2337 4568 cia.
2373 4513 2608 4569 lubente
2636 4515 2816 4584 itaque
2841 4513 3060 4571 Christo
3082 4517 3213 4571 caeci
3247 4517 3643 4583 illuminantur,
3671 4516 3827 4571 andi-

2147 4598 2314 4664 Dtus
2335 4605 2584 4663 redditur
2635 4608 2841 4678 surdis,
2892 4609 3077 4666 claudi
3133 4611 3431 4680 ambulant,
3493 4611 3828 4666 mundantnr

2223 4806 2471 4888 concludi
2491 4814 2676 4876 posset
2700 4807 2958 4863 Zaccluco
2990 4809 3089 4879 ipsi
3123 4807 3346 4880 Sibylla:
3372 4811 3610 4866 carmina
3632 4811 3821 4868 divina

2225 4893 2338 4931 Visa
2363 4893 2484 4932 esse
2494 4917 2507 4932 .

2302 4946 2319 4985 ί
2349 4947 2438 5024 Sic
2467 4949 2518 5004 in
2545 4949 2669 5004 cod.
2695 4950 2753 5006 S.
2785 4952 2950 5017 Arn.;
2975 4952 3029 5008 in
3052 4961 3226 5018 textu,
3251 4969 3354 5008 uno
3379 4969 3540 5021 uerso,
3569 4958 3824 5024 pessime.

2225 5017 2486 5096 Superius
2516 5026 3256 5096 perseuerantreposuimus,
3285 5041 3406 5079 cum
3447 5017 3602 5082 antea
3647 5045 3826 5096 peru-

2226 5093 2423 5157 nart'nt,
2456 5093 2758 5161 legeretur;
2787 5111 2847 5148 ac.
2872 5095 3014 5150 belle
3044 5096 3221 5150 omnia
3247 5096 3612 5153 distinximus.

2303 5172 2327 5208 8
2362 5163 2417 5219 Ιιι
2441 5163 2812 5236 Vind.,etimn
2833 5167 2883 5219 in
2913 5166 3032 5221 hoc.
3063 5167 3230 5236 Cujus
3258 5168 3460 5221 erroris
3484 5170 3570 5223 hic
3597 5171 3681 5226 vel
3704 5173 3821 5227 Pla-

2228 5243 2432 5308 tonem,
2461 5234 2835 5308 vel_Siby|lam
2888 5234 3187 5303 insimulet,
3218 5238 3356 5292 haud
3387 5241 3518 5294 satis
3541 5241 3690 5308 seio;
3723 5259 3819 5298 nec

2224 5306 2684 5386 multumdnbito,
2731 5309 2859 5375 quin
2902 5311 2955 5362 in
2988 5309 3155 5364 verbo
3201 5321 3536 5375 erraverunt,
3570 5306 3818 5370 librarius

2225 5387 2508 5430 erraverit.

2299 5444 2678 5522 P‘Particulam
2709 5451 3008 5516 negationis
3035 5467 3154 5522 qure
3182 5466 3212 5506 e
3237 5451 3398 5508 codd.
3442 5453 3694 5511 omnibus
3721 5473 3817 5511 ex-

2227 5517 2458 5584 sulabat,
2488 5519 2840 5584 restituimus,
2881 5530 2937 5574 ut
2968 5517 3235 5577 sententia
3263 5534 3560 5581 constaret.

2308 5587 2321 5665 ξ
2355 5589 2568 5665 Mallem
2592 5605 2686 5660 pro
2709 5600 2822 5656 tua,
2854 5592 2898 5646 si
2920 5595 3138 5650 codices
3159 5594 3420 5650 faverent.

2304 5660 2317 5710 t'
2361 5661 2414 5715 In
2444 5660 2626 5728 editis,
2684 5665 2993 5734 majestatt's,
3041 5666 3181 5722 tuale
3208 5684 3219 5718 :
3246 5665 3298 5720 in
3329 5666 3492 5724 codd.
3547 5668 3705 5725 Vind.
3761 5677 3815 5726 et

2229 5725 2405 5799 Lem.,
2438 5725 2702 5802 maiestas,
2731 5725 2890 5789 liene.
