4074 6204
369 245 514 308 1077

1574 239 2200 309 οοΝδυιτΑτιοΝυΜ
2240 245 2373 307 LIB.
2415 249 2456 307 I.

3525 245 3669 310 1078

367 366 595 437 leprosi,
629 365 830 421 mortui
854 365 1188 421 suscitantur
1247 362 1470 437 (Matth.
1509 373 1588 432 lt'l,
1637 365 1717 435 5).
1748 365 1882 432 Quae
1909 366 1955 421 sl
1984 365 2036 428 Α
2062 379 2166 437 que
2189 382 2330 438 opus
2359 375 2520 422 tanta:
2547 366 2879 439 dignationis
2922 373 3177 432 acturus,
3205 367 3667 440 quemadmodum

369 459 438 513 ab
463 457 656 514 eodem
701 466 853 528 gesta
885 474 992 513 non
1023 457 1276 524 creditis,
1326 456 1443 513 ﬁeri
1467 458 1536 513 ab
1559 458 1875 512 hominibus
1909 459 1963 513 in

367 553 590 606 nomine
610 550 730 621 ejus
759 560 852 605 aut
886 552 1023 606 iacta
1062 551 1405 622 'cognoscite;
1433 551 1524 622 qui
1575 553 1763 621 utique
1791 553 1834 606 si
1873 553 1963 606 itei

368 643 540 700 Filius
569 655 660 699 aut
703 645 860 700 Deus.
881 655 989 700 non
1020 655 1185 711 esset,
1219 646 1302 700 vel
1329 645 1465 699 falso
1510 645 1754 701 induisse
1786 646 1964 701 itumi-

365 753 491 794 nem
533 738 877 800 crederetur,
903 753 1006 792 nec
1039 739 1324 792 invocatus
1357 737 1660 804 assisterel,
1698 747 1798 792 nec
1840 753 1964 807 pro-

363 829 545 887 futura
581 832 950 902 indigentibus
1007 833 1159 902 signa
1217 838 1539 900 praestaret;
1593 832 1719 902 quia
1775 837 1963 900 aperte

359 918 594 994 intelligi
650 934 832 993 potest
879 939 976 979 nec
1035 924 1205 979 Deum
1247 925 1599 994 acquiescere
1651 923 1955 990 mendacio,

360 1033 462 1074 nec
497 1020 746 1075 homines
794 1035 890 1091 per
939 1018 1281 1073 mendacium
1332 1020 1484 1090 signa
1530 1035 1694 1089 posse
1745 1029 1963 1089 prome-

359 1113 489 1166 reri.

958 1202 1187 1260 CAPUT
1231 1204 1340 1259 VII.

433 1297 564 1364 Qme
607 1298 888 1352 necessitas
920 1296 1026 1351 Deo
1057 1297 1154 1365 fuit
1196 1297 1547 1351 descendendi
1586 1297 1655 1350 ad
1694 1305 1882 1352 terras.

428 1389 630 1444 Aron.
660 1418 732 1429 —
756 1389 1086 1444 Viderentur
1121 1390 1237 1446 haec
1279 1405 1307 1444 a
1352 1391 1456 1446 [ide
1485 1405 1590 1446 non
1615 1392 1808 1446 abesse
1837 1405 1957 1461 qua:

355 1477 621 1552 loqueris,
676 1483 722 1536 si
778 1482 1161 1539 credulitatem
1217 1485 1498 1553 sequentia
1571 1493 1956 1538 mererentur:

355 1591 481 1630 nam
512 1586 571 1631 ut
597 1577 700 1632 alia
731 1579 950 1633 interim
978 1587 1212 1642 taceam,
1243 1578 1498 1633 veniendi
1530 1578 1596 1632 ad
1635 1589 1810 1634 terras
1843 1577 1955 1634 Deo

348 1682 475 1737 qua:
499 1668 634 1721 ratio
658 1676 749 1722 aut
778 1669 1078 1722 necessitas
1106 1668 1249 1723 init?

2068 460 2254 515 debuit
2281 460 2347 515 ad
2383 472 2594 516 terrena
2621 460 2976 529 descendere,
3029 461 3135 517 nisi
3158 473 3211 516 ut
3244 463 3391 516 illum
3427 467 3451 500 υ
3484 464 3537 517 l‘n
3565 478 3666 517 suo

2068 555 2272 624 fragilis
2320 555 2601 610 hominum
2635 557 2858 610 materia
2891 555 3203 621 sustineret,
3254 571 3413 625 quem
3445 565 3563 610 erat
3587 557 3666 610 vi-

2065 662 2190 701 sura
2221 656 2569 717 praesentem,
2603 647 2886 703 docentem
2915 648 3186 715 auditura,
3240 648 3510 703 imitatore
3537 663 3668 719 ope-

2065 742 2308 796 rantem?

2677 833 2904 891 CAPUT
2954 835 3045 890 IX.

2387 927 2561 994 Quare
2590 927 2729 982 Deus
2763 943 2828 982 ea:
2857 929 3049 996 femina
3075 935 3334 981 nascatur.

2134 1023 2342 1077 Aron.
2370 1053 2440 1061 —
2469 1022 2597 1076 Esto
2625 1019 2880 1076 veniendi
2907 1021 2972 1074 ad
3014 1027 3191 1074 terras
3217 1018 3513 1090 probabilis
3538 1033 3662 1074 cum

2062 1118 2344 1173 voluntate
2363 1117 2503 1172 ratio
2525 1115 2792 1178 videatur,
2822 1113 3078 1185 quoniam
3103 1129 3199 1184 pro
3232 1111 3468 1168 hominis
3496 1113 3664 1167 mise-

2062 1210 2270 1264 ratione
2313 1210 2454 1264 Dens
2507 1209 2724 1264 venisse
2773 1208 3129 1278 perhibetur:
3166 1207 3553 1275 numquidnam
3610 1205 3663 1259 ei

2061 1301 2400 1372 impossibile
2444 1299 2543 1356 fuit
2590 1317 2654 1355 ex
2687 1315 3026 1371 quacumque
3071 1298 3386 1354 sublimiore
3434 1297 3660 1351 materia

2060 1395 2477 1465 incorruptibile
2504 1409 2700 1466 corpus
2739 1393 2982 1460 eilieere,
3023 1407 3130 1462 quo
3159 1401 3438 1460 assumpto
3461 1391 3530 1443 ita
3565 1389 3662 1443 ho-

2061 1487 2192 1542 mini
2248 1501 2406 1556 opem
2463 1486 2653 1553 ferret,
2686 1500 2755 1541 ne
2793 1483 3136 1554 corruptibili
3193 1483 3415 1562 homine
3466 1495 3658 1552 grava-

2058 1580 2234 1635 retur?

2131 1675 2328 1729 Zaccu.
2354 1703 2426 1714 -—
2451 1673 2646 1729 Omnia
2681 1672 2822 1727 Deus
2851 1688 2918 1727 ex
2958 1671 3263 1726 voluntate.
3291 1683 3388 1723 sna
3429 1668 3654 1736 faciens,

424 1759 623 1815 ZACCII.
650 1790 719 1800 —
751 1759 919 1814 Deum
978 1760 1198 1830 quidem
1245 1759 1548 1815 necessitas
1601 1760 1753 1816 nulla
1802 1773 1952 1815 com-
1984 1769 2028 1829 Β
2059 1767 2194 1821 nihil
2223 1765 2363 1836 quod
2393 1767 2497 1821 sibi
2526 1781 2690 1836 grave
2721 1767 2792 1820 sit
2815 1764 2962 1818 velut
2990 1759 3247 1818 eoactnsd
3272 1763 3536 1826 assumit;
3561 1757 3655 1815 sed

353 1853 638 1922 plectitur,
671 1855 798 1923 quia
831 1868 1053 1924 semper
1095 1856 1234 1910 liber
1283 1865 1339 1910 et
1371 1855 1504 1909 nulli
1562 1865 1644 1910 est
1687 1856 1957 1912 obnoxius

346 1945 596 2016 passioni
624 1963 636 2000 :
665 1947 769 2016 ipsi
811 1963 908 2016 per
957 1958 1134 2002 seruet
1165 1948 1406 2017 subjecta
1458 1958 1581 2002 sunt
1615 1950 1817 2013 omnia,
1854 1964 1956 2004 nec

342 2040 602 2109 cuiquam
636 2041 753 2109 ipse
793 2040 1072 2110 subjectus
1125 2049 1230 2095 est.
1269 2041 1654 2096 Verumtamen
1705 2041 1953 2097 absoluta

345 2141 428 2188 est
444 2135 561 2201 ejus
575 2141 630 2188 et
653 2140 804 2188 certa
827 2134 1129 2188 sententia:
1152 2131 1736 2199 Nisicredideritis,non
1759 2134 1952 2188 intelli-

343 2226 474 2296 getis
502 2225 638 2298 (Isa.
670 2242 765 2293 vn,
793 2230 848 2293 9,
895 2244 997 2281 sec.
1033 2226 1224 2297 LXX).
1273 2228 1510 2283 Proinde
1558 2229 1603 2282 si
1630 2231 1867 2284 animum
1896 2231 1946 2284 in

343 2320 590 2375 tenebris
631 2321 990 2376 oberrantem
1025 2321 1092 2376 ad
1136 2321 1360 2391 superni
1414 2321 1721 2377 intellectus
1763 2323 1945 2378 lumen

341 2413 610 2480 erexeris,
639 2421 700 2468 ut
727 2414 897 2468 Deum
925 2427 1286 2484 quascumque
1313 2414 1442 2468 velit
1463 2411 1657 2469 eredas
1687 2423 1740 2468 et
1764 2427 1943 2484 posse;

340 2505 594 2561 veniendi
625 2505 804 2562 eidem
859 2505 926 2560 ad
961 2516 1163 2572 terras,
1202 2507 1370 2560 immo
1419 2505 1544 2575 quia
1573 2505 1774 2576 ubique
1803 2521 1948 2561 sem-

347 2613 446 2670 per
468 2607 579 2667 est,
606 2599 660 2654 in
693 2599 918 2656 homine
966 2610 1025 2654 ut
1055 2600 1344 2655 visibiliter
1367 2608 1675 2669 appareret,
1709 2597 1948 2655 necessi-

341 2699 506 2748 tatem
536 2692 780 2763 quidem,
833 2700 1094 2764 quantum
1155 2695 1208 2748 in
1259 2695 1380 2764 ipso
1434 2700 1538 2760 est,
1593 2708 1696 2748 non
1749 2694 1944 2766 depre-

340 2783 578 2854 hendes,
625 2785 721 2842 sed
748 2799 869 2840 cum
922 2787 1136 2842 ratione
1192 2785 1366 2841 fuisse
1427 2785 1702 2857 intelliges
1752 2785 1945 2841 volun-

342 2884 533 2933 tatem.

929 2971 1160 3030 CAPUT
1201 2972 1339 3028 VIII.

415 3070 590 3136 Quare
619 3071 1076 3141 incorruptibilem
1120 3071 1382 3127 hominem
1437 3069 1577 3127 Deus
1622 3073 1864 3146 suscepit.

2061 1861 2203 1911 sicut
2242 1856 2353 1911 falli
2373 1871 2480 1912 non
2510 1865 2707 1927 potest,
2742 1857 2812 1910 ita
2839 1857 2956 1926 ipse
2979 1869 3085 1909 non
3114 1853 3275 1908 fallit.
3306 1852 3503 1908 Verum
3529 1865 3662 1922 ergo

2057 1954 2126 2008 ab
2153 1967 2218 2007 eo
2247 1952 2385 2018 ﬂeri,
2417 1966 2524 2006 non
2555 1951 2866 2005 simulatum
2909 1949 3161 2014 decebat,
3211 1961 3316 2001 nec
3352 1945 3656 2016 praestigio-

2056 2061 2176 2100 rum
2214 2060 2366 2100 more
2398 2045 2737 2115 phantasiam
2763 2055 2863 2112 pro
2886 2041 3109 2098 homine
3135 2039 3453 2106 monstrari,
3481 2039 3578 2094 sed
3603 2047 3666 2093 ut

2058 2139 2160 2194 hoc
2194 2149 2340 2195 esset
2363 2140 2507 2210 quod
2541 2154 2662 2194 esse
2689 2138 2856 2194 vellet
2882 2137 3078 2192 videri.
3122 2136 3312 2205 Itaque
3359 2135 3412 2189 in
3438 2134 3658 2188 homine

2054 2222 2185 2287 vero
2206 2248 2306 2304 pro
2339 2233 2582 2286 omnium
2635 2231 2808 2286 salute
2836 2237 3118 2293 venturus,
3179 2236 3237 2282 et
3266 2227 3415 2282 nasci
3447 2225 3653 2288 debuit,

2053 2337 2105 2380 el
2161 2339 2254 2395 per
2279 2324 2526 2380 ordinem
2560 2325 2683 2378 vitae
2732 2321 2908 2378 relatis
2954 2323 3292 2377 incrementa
3338 2319 3651 2387 suscipere,

2054 2427 2111 2472 ut
2142 2418 2302 2472 simul
2346 2426 2398 2471 et
2426 2433 2487 2472 ea
2517 2416 2743 2472 doceret
2784 2431 2904 2485 qua:
2928 2414 3108 2469 facere
3140 2415 3302 2467 homo
3329 2403 3522 2482 possit,
3557 2424 3654 2464 nec

2053 2511 2168 2565 ﬁeri
2203 2511 2528 2580 praeciperet
2555 2507 2699 2579 quod
2752 2517 2856 2562 non
2909 2507 3054 2578 prius
3102 2508 3218 2576 ipse
3258 2519 3352 2576 rer
3377 2504 3650 2560 hominem

2048 2612 2388 2672 assumptum
2415 2601 2654 2658 fecisset.

2594 2737 2599 2744 .
2671 2693 2904 2750 CAPUT
2943 2693 2992 2748 X

2122 2789 2397 2856 Quomodo
2419 2789 2761 2861 fragilitatem
2785 2787 3072 2843 humanam
3098 2790 3258 2843 euasit
3276 2803 3339 2842 ea:
3359 2785 3572 2860 Virgine

2764 2893 2940 2939 natus.

2121 2978 2325 3031 Αροιι.
2371 3006 2441 3016 -
2480 2975 2598 3031 Fiat
2654 2975 2702 3030 si
2753 2975 2888 3032 libet
2935 2975 3179 3031 certandi
3239 2991 3304 3031 ex
3366 2975 3469 3030 hac
3515 2989 3651 3046 quo-

2047 3083 2150 3138 que
2206 3077 2358 3140 parte
2410 3069 2813 3138 compendium.
2886 3061 3078 3125 Nonne
3146 3069 3252 3125 hoc
3318 3069 3512 3125 saltem
3566 3069 3649 3124 in-

409 3163 609 3218 Αροιι..
641 3195 713 3204 —
740 3165 895 3220 Sicut
922 3181 984 3222 ea
1008 3179 1128 3236 qum
1157 3165 1288 3220 velit
1318 3166 1484 3220 Deum
1526 3177 1715 3237 posse,
1742 3165 1942 3238 ambigi
1967 3151 2014 3221 C
2048 3160 2268 3230 dignum
2287 3160 2384 3216 iuit
2416 3162 2555 3216 intra
2588 3171 2801 3217 uterum
2834 3161 3128 3216 femineum
3181 3159 3530 3216 coalescere?
3554 3159 3648 3215 aut

337 3271 446 3311 non
489 3260 703 3326 potest;
749 3259 822 3313 ita
851 3271 974 3314 eum
1011 3257 1154 3314 nolle
1187 3262 1459 3314 contraria
1493 3275 1554 3315 ac
1585 3275 1643 3316 se
1696 3261 1935 3332 indigna,

339 3347 685 3418 perspicuum
721 3365 735 3404 ε
769 3361 933 3421 atque
965 3349 1088 3405 ideo
1113 3352 1156 3406 si
1191 3351 1493 3426 necessitas
1523 3370 1627 3408 non
1662 3355 1780 3421 fuit,
1815 3367 1936 3409 cum

337 3444 547 3498 ratione
574 3444 744 3499 edoce
789 3446 1146 3500 voluntatem.

408 3536 608 3592 Zaccu.
634 3567 706 3576 —
733 3535 844 3593 Hoc
870 3538 1100 3607 primum
1124 3541 1288 3593 menti
1318 3552 1424 3594 tum
1446 3535 1623 3605 trade,
1655 3550 1939 3610 qutecum-

334 3645 440 3701 que
468 3630 606 3687 idem
637 3629 779 3688 inter
809 3631 1055 3689 homines
1103 3634 1244 3690 Deus
1281 3635 1554 3699 ostendit,
1609 3636 1849 3705 suscepit
1876 3647 1938 3691 ac

339 3725 582 3794 pertulit,
640 3739 800 3781 causa
834 3738 920 3782 est
947 3729 1028 3782 vel
1063 3727 1312 3782 servandi
1367 3727 1589 3783 humani
1618 3732 1834 3800 generis
1855 3729 1936 3786 vel

337 3818 631 3887 reparandi
661 3837 674 3873 :
700 3819 752 3873 in
786 3835 895 3890 quo
947 3823 1017 3875 ita
1053 3821 1311 3877 beneficia
1342 3840 1435 3877 sua
1462 3839 1583 3894 quae
1613 3841 1639 3877 a
1671 3825 1937 3896 principio

335 3911 560 3968 dederat
587 3927 806 3983 semper
855 3913 1069 3980 dilexit,
1102 3924 1160 3969 ut
1189 3915 1306 3986 plus
1345 3918 1511 3972 venite
1544 3917 1828 3988 largiretur
1854 3918 1938 3973 in-

335 4003 501 4058 dultis
533 4011 557 4040 ι
587 4017 749 4074 quam
779 4003 1078 4060 ultionibus
1101 4007 1226 4061 mali
1261 4016 1539 4078 pensaret.
1569 4005 1801 4080 Propter
1828 4011 1935 4064 ho-

336 4097 535 4150 minem
559 4093 829 4152 volumina
848 4096 1146 4166 Scriptura:
1169 4097 1370 4153 rcferla
1396 4101 1664 4172 exemplis
1690 4099 1936 4171 praeteri-

337 4198 554 4255 torum,
607 4199 663 4246 et
715 4190 1098 4248 adlmrtalione
1170 4196 1573 4263 praesentium,
1629 4195 1932 4253 futurorum

333 4291 597 4354 prtetcrea
621 4300 718 4353 Spe
749 4297 1005 4356 metuque
1036 4287 1307 4354 completa
1339 4298 1496 4351 sunt;
1530 4299 1586 4342 ut
1617 4289 1660 4343 si
1689 4289 1754 4343 ad
1787 4289 1935 4357 agni-

337 4380 536 4432 tionem
567 4376 842 4433 Crootnris
876 4389 931 4433 et
959 4379 1163 4433 cultum
1187 4420 1202 4444 ,
1247 4395 1367 4449 qua:
1405 4390 1487 4436 est
1523 4395 1733 4434 summa
1756 4377 1783 4418 ι)
1813 4381 1932 4450 jus-

336 4468 492 4530 titiae,
519 4483 625 4523 non
658 4467 928 4526 illicereut
960 4471 1225 4542 promissa
1254 4469 1453 4540 lidelia,
1478 4473 1778 4529 denuntiati
1800 4491 1931 4532 exa-

2046 3252 2308 3307 credibile
2355 3265 2439 3308 est
2487 3263 2608 3309 eum
2659 3253 2989 3308 nasciturum
3048 3252 3171 3307 sine
3213 3251 3424 3306 semine
3473 3250 3646 3307 fuisse

2044 3353 2364 3416 conceptum
2396 3347 2419 3399 ἲ

2117 3439 2317 3496 ΖΑοοη.
2343 3470 2412 3478 -
2442 3439 2568 3493 Dixi
2591 3439 2822 3505 dudum,
2852 3438 3156 3494 intellectus
3186 3435 3344 3492 fidem
3378 3436 3644 3507 sequitur,

2044 3545 2144 3586 nec
2167 3532 2267 3586 nisi
2293 3543 2391 3602 per
2419 3531 2578 3586 tidem
2611 3545 2737 3601 qua:
2761 3541 2819 3585 se
2862 3532 3053 3585 altiora
3080 3538 3205 3585 sunt
3238 3535 3294 3584 et
3324 3529 3432 3584 Deo
3461 3528 3643 3599 prosla-

2043 3637 2151 3693 ma,
2183 3624 2412 3682 humana
2446 3639 2599 3682 mens
2633 3635 2657 3662 θ
2690 3625 2938 3696 percipit.
2990 3615 3050 3680 Si
3081 3625 3223 3680 enim
3277 3639 3346 3678 ex
3378 3637 3485 3678 non
3514 3622 3644 3678 subs

2042 3721 2251 3775 SiSielllI
2311 3720 2558 3786 materia,
2591 3719 2673 3774 vel
2701 3733 2768 3774 ex
2799 3733 3160 3790 quacumque,
3217 3727 3278 3773 ut
3326 3718 3487 3787 paulo
3515 3721 3642 3772 ante

2041 3812 2245 3881 dixisti,
2281 3813 2423 3868 Deus
2452 3823 2572 3866 eum
2623 3813 2786 3867 vellet
2815 3821 2867 3866 et.
2897 3812 3078 3868 facere
3122 3809 3392 3866 ltuminem
3417 3809 3591 3881 potuit
3624 3822 3638 3864 :

2043 3921 2237 3976 nempe
2268 3906 2475 3961 facilius
2512 3903 2529 3942 ί
2563 3905 2631 3960 de
2663 3904 2977 3959 subsistenti
3031 3913 3085 3960 et
3116 3919 3210 3960 sua
3232 3947 3245 3968 ,
3276 3913 3337 3959 ut
3366 3903 3498 3959 nihil
3531 3911 3637 3960 non

2041 4017 2251 4068 verum,
2283 4009 2335 4056 et
2366 3999 2562 4055 mirum
2618 4000 2786 4070 magis
2810 4003 2987 4067 esset,
3017 4007 3070 4054 et
3100 3999 3520 4071 permixtionem
3549 4012 3638 4055 se-

2042 4097 2204 4150 minis
2239 4111 2342 4150 non
2376 4095 2618 4153 haberet.
2652 4093 2744 4150 Vel
2788 4093 2933 4166 quod
2964 4093 3161 4149 animal
3191 4103 3281 4150 aut
3306 4093 3635 4150 elementum

2040 4188 2152 4244 Deo
2181 4188 2398 4244 cltarius
2427 4201 2590 4258 quam
2621 4185 2786 4242 homo
2816 4189 2938 4244 est?
2980 4187 3113 4256 Qum
3164 4195 3328 4244 tanta:
3358 4185 3636 4242 formatio-

2041 4287 2093 4337 ni
2124 4282 2368 4346 materia,
2399 4298 2558 4353 quam
2589 4291 2790 4338 sancite
2813 4282 3051 4353 Virginis
3070 4284 3269 4354 aptior,
3302 4283 3439 4338 intra
3471 4287 3633 4354 quam

2039 4375 2274 4446 Spiritus
2329 4373 2421 4430 Dei
2477 4377 2652 4431 electo
2705 4377 3120 4447 purissimorum
3177 4377 3449 4432 viscerum
3504 4371 3638 4431 ﬂore

2040 4484 2235 4539 corpus
2264 4467 2472 4524 eli‘ecit:
2506 4468 2560 4523 in
2590 4483 2695 4540 quo
2724 4467 2892 4523 Filius
2915 4468 3011 4525 Dei
3041 4467 3183 4525 inter
3214 4469 3461 4524 homines
3490 4483 3628 4524 cena

335 4561 499 4616 ruinis
527 4559 763 4617 formido
804 4565 1222 4635 constringeret.
1264 4564 1399 4620 Cum
1450 4569 1564 4620 tunc.
1606 4567 1770 4637 igitur
1799 4579 1931 4622 con-
1960 4553 2008 4616 D
2039 4569 2285 4616 versatus
2314 4559 2785 4628 habitavit'iQuod
2817 4577 2884 4616 ne
2914 4559 3235 4617 incredibile
3261 4561 3507 4617 videatur
3536 4566 3632 4632 per

333 4653 519 4709 stltuta
538 4667 723 4724 parum
747 4655 1075 4725 prolicerent
1107 4672 1201 4724 per
1243 4657 1557 4726 pmphelas,
1581 4658 1926 4727 praesentiam
2032 4653 2289 4720 Spiritum
2324 4653 2415 4707 llei
2445 4651 2555 4708 lierl
2589 4654 2848 4718 potuisse,
2905 4653 3118 4706 intuere
3145 4648 3274 4722 quid
3306 4647 3490 4706 mundi
3516 4653 3628 4722 spi-

333 4746 416 4801 sul
446 4745 693 4803 Salvator
718 4747 962 4813 indulsit,
986 4759 1035 4802 nt
1068 4749 1258 4803 salutis
1274 4759 1476 4803 nostrae
1505 4749 1924 4821 opusintegrum

332 4857 454 4897 cum
488 4841 876 4913 praedicatione
933 4841 1105 4895 virtus
1159 4843 1432 4912 impleret,
1481 4857 1581 4899 nec
1636 4859 1852 4913 semper
1899 4857 1929 4896 a

333 4936 454 4991 solo
500 4933 722 4990 homine
773 4934 1055 5004 castigatio
1105 4933 1288 4988 venire
1339 4943 1620 5002 putaretur
1663 4951 1827 4991 :cum
1876 4936 1929 4991 in

330 5025 553 5080 Chrism
608 5035 664 5081 et
715 5026 961 5081 doctrina
1011 5034 1063 5081 et
1111 5024 1324 5081 actibUS
1364 5033 1419 5080 et
1461 5026 1634 5095 signis
1681 5026 1934 5084 divinitas

334 5117 593 5183 eluceret,
625 5131 838 5187 nosque
870 5116 935 5170 ad
975 5117 1333 5171 imitationem
1363 5116 1584 5186 inmitia:
1636 5133 1698 5173 ac
1738 5115 1940 5174 sancti-

335 5211 465 5265 tatis
495 5225 602 5266 non
635 5211 950 5282 vieogeret,
1006 5209 1102 5265 sed
1154 5209 1494 5265 mirabilibus
1522 5209 1792 5266 invitaret.
1830 5209 1936 5267 ita-

409 5361 433 5389 “
464 5351 555 5407 Sic
583 5349 755 5406 codex
787 5350 971 5419 Vind.;
1004 5353 1055 5407 in
1087 5352 1273 5420 editis,
1316 5369 1470 5422 quam
1497 5369 1589 5423 pro
1620 5353 1927 5419 ultionibus,

337 5423 479 5478 haud
508 5423 579 5478 ita
605 5432 777 5478 recte.

407 5494 433 5532 δ
464 5493 677 5564 Optima
724 5494 852 5551 cod.
899 5493 1060 5548 Vind.
1093 5494 1252 5564 lectio
1283 5513 1294 5547 :
1323 5491 1374 5548 in
1416 5491 1641 5550 Lemov.
1694 5494 1926 5564 justitia,

335 5579 399 5639 ac
428 5563 621 5639 caetera
651 5576 708 5620 ut
736 5566 799 5639 in_
814 5563 976 5639 Vind.
1006 5564 1063 5619 In
1097 5563 1276 5631 editis,
1309 5567 1397 5634 qui
1423 5575 1493 5620 est
1540 5563 1741 5619 simtma
1771 5569 1927 5639 justi-

336 5636 430 5704 tia,
462 5635 587 5699 alio.
622 5653 719 5692 nec
741 5637 878 5693 adeo
909 5635 1106 5692 idoneo
1135 5651 1320 5692 sensu.

413 5704 630 5779 {Foeda
658 5709 838 5774 lectio,
873 5723 991 5779 qum
1034 5722 1224 5762 omnes
1253 5707 1469 5763 codices
1495 5707 1690 5762 insedit
1716 5726 1728 5762 :
1754 5705 1930 5765 liben-

340 5787 425 5854 ter
447 5776 703 5850 legerem,
737 5781 787 5833 in
810 5776 905 5834 sua
932 5781 1136 5854 fragilis
1165 5779 1430 5833 hominum
1462 5789 1670 5834 natura.

2033 4747 2167 4801 ritus
2199 4745 2388 4814 possit,
2421 4747 2514 4816 qui
2560 4745 2744 4816 utiQue
2771 4762 2876 4800 non
2909 4745 3081 4808 Deus,
3117 4745 3211 4802 sed
3236 4761 3377 4802 unus
3409 4762 3474 4802 ex
3503 4761 3634 4817 ope-

2033 4839 2184 4894 ribus
2215 4838 2308 4894 Dei
2339 4847 2459 4904 est;
2506 4854 2670 4908 quam
2726 4839 2881 4893 facile
2937 4837 3259 4893 dissolutam
3316 4839 3635 4895 naturaliter

2038 4933 2262 4987 humum
2293 4931 2475 5004 rigore
2506 4933 2870 5003 constringat,
2903 4945 3070 5002 aquas
3102 4941 3277 4988 vertat
3301 4931 3352 4987 in
3383 4930 3632 5003 glaciem,

2036 5040 2102 5080 ex
2134 5024 2323 5081 iisdem
2371 5029 2423 5079 et
2451 5024 2630 5079 nivem
2662 5024 2891 5096 gignens
2916 5067 2929 5090 ,
2966 5041 3088 5095 quae
3138 5025 3348 5096 pondus
3390 5027 3629 5094 levitate,

2039 5123 2280 5176 colorem
2308 5121 2548 5178 candore
2581 5127 2912 5187 commutet;
2935 5120 3074 5175 idem
3135 5119 3390 5194 crystalla
3423 5115 3636 5174 [latibus

2040 5213 2220 5281 duret,
2257 5225 2462 5268 natura:
2492 5227 2606 5268 suae
2628 5229 2733 5268 non
2767 5222 3054 5284 receptura
3075 5211 3355 5267 mollitiem
3383 5229 3395 5263 :
3430 5218 3484 5265 et
3514 5215 3637 5279 post

2107 5350 2132 5389 (³
2164 5353 2237 5418 Ita
2269 5353 2321 5407 in
2352 5352 2536 5422 Vind,
2571 5353 2622 5407 in
2651 5352 2809 5408 editis
2833 5347 3311 5422 assutupsitgliaud
3363 5348 3434 5422 ita
3463 5348 3633 5422 multo

2037 5431 2159 5496 post
2190 5417 2253 5505 in.
2275 5423 2498 5480 Lemov.
2523 5417 2620 5505 sed
2647 5433 2701 5477 ut
2725 5423 2863 5495 quod
2887 5417 3036 5490 esset,
3057 5417 3203 5476 vellet
3228 5419 3390 5472 videri
3409 5433 3428 5471 :
3450 5419 3634 5476 nescio

2187 5513 2232 5549 01
2246 5513 2346 5549 IIIS.

2187 5513 2212 5548 Ο
2246 5514 2294 5548 111
2333 5535 2346 5549 .

2036 5498 2232 5620 ant‘mlnl
2255 5511 2358 5620 alio
2381 5566 2590 5631 codice,
2613 5565 2872 5633 perspicit,
2901 5565 3078 5617 minus
3101 5569 3283 5627 recte;
3310 5574 3433 5616 cum
3454 5575 3629 5632 neque

2039 5654 2136 5709 per
2162 5637 2320 5691 ﬁdem
2355 5639 2466 5692 Deo
2496 5640 2736 5708 proxima
2768 5634 3189 5709 perspiciantur.

2114 5707 2132 5746 ί
2165 5709 2253 5764 Sic
2280 5711 2330 5762 in
2355 5699 2515 5764 Codd:
2544 5709 2698 5763 Vind.
2727 5699 2785 5760 et
2825 5699 2970 5759 Lein.
3001 5712 3058 5757 et
3108 5699 3330 5773 quidem
3377 5701 3581 5773 Optime
3609 5721 3623 5760 :

2035 5781 2086 5836 in
2113 5777 2294 5846 editis,
2327 5781 2388 5833 de
2407 5779 2702 5833 subsistenti
2728 5794 2843 5844 sua,
2869 5784 2922 5828 ut
2968 5784 3013 5827 et
3042 5769 3193 5828 nihil.
