4074 6204
435 223 575 281 1079

1711 221 2031 277 ΖΑΟΟΗΕΙ
2070 221 2461 279 CHRISTIANI

3602 223 3740 284 £080

431 342 550 396 tunc
574 341 684 395 Deo
706 339 1045 412 impossibile
1068 339 1234 396 fuisse
1262 337 1450 406 crede,
1487 338 1630 409 quod
1650 351 1775 394 esse
1805 338 2033 410 possibi-
2062 338 2111 400 Α
2140 337 2455 408 pertulerit,
2489 347 2545 394 et
2572 352 2696 409 quae
2726 339 2831 393 soli
2863 338 2977 393 Deo
3020 339 3298 409 possibilia
3320 380 3337 406 ,
3371 338 3579 407 verbo,
3605 355 3733 397 cum

437 431 493 487 le
520 430 778 502 intelligis
818 440 1102 487 creaturae.

1059 523 1288 581 CAPUT
1327 524 1422 579 XI.

591 618 859 685 Quomodo
886 633 977 689 per
1011 625 1190 671 rutatos
1222 617 1450 671 diversas
1478 616 1621 671 Deus
1655 616 1890 671 creverit.

514 714 715 769 APOLL.
745 742 816 751 —
846 711 1095 766 Etiamne
1122 710 1396 781 Virginem
1425 710 1701 780 peperisse
1732 706 2038 763 testamini?

440 804 658 861 Creatio
689 804 832 860 enim
853 845 866 867 ,
912 804 1052 857 sicut
1078 804 1301 870 asseris,
1331 812 1357 839 ιι
1388 819 1492 857 non
1525 803 1625 875 de.
1649 801 2038 869 incorruptibili

447 900 581 965 Deo,
612 898 707 954 sed
734 915 799 953 ex
831 899 1057 953 materia
1085 897 1426 968 corruptibili
1480 896 1693 966 effecta,
1747 912 1853 967 quo
1884 905 2039 967 pacto

444 991 665 1045 modum
691 991 925 1061 preprire
971 989 1280 1060 fragilitatis
1311 990 1578 1045 excessit?

516 1083 717 1138 Zaccu.
754 1113 823 1122 —
852 1082 894 1136 Ο
921 1082 1110 1136 mundi
1144 1081 1406 1150 sapientia
1458 1081 1695 1135 divinum
1728 1080 1779 1135 in
1809 1090 1896 1135 tua
1921 1096 2042 1151 per—

441 1176 699 1231 suasione
722 1175 858 1230 nihil
886 1174 1158 1230 sentiens!
1202 1174 1296 1229 Dei
1327 1189 1493 1245 Opere
1539 1175 1654 1228 fieri
1686 1175 1826 1229 intra
1859 1174 2040 1229 homi-

446 1285 572 1327 nem
603 1270 848 1324 omnium
873 1270 1031 1323 audis
1056 1269 1319 1333 salutem;
1356 1278 1411 1322 et
1441 1284 1562 1322 cum
1588 1269 1705 1322 sine
1734 1268 2043 1324 turbatione

448 1365 697 1436 corporis
720 1373 1044 1435 conceptum
1097 1363 1365 1433 intelligas
1388 1408 1401 1430 ,
1434 1363 1639 1432 absque
1662 1363 1779 1433 ejus
1811 1362 2045 1417 dissolu-

452 1459 601 1514 tione
632 1456 881 1527 prodisse
910 1472 1014 1512 non
1064 1456 1273 1512 credis!
1304 1456 1404 1511 Ubi
1443 1466 1526 1511 est
1551 1471 1680 1527 ergo
1718 1455 2042 1511 beneficium

450 1561 545 1606 aut
595 1552 836 1621 potentia
884 1552 997 1619 Dei,
1034 1552 1077 1605 si
1112 1551 1365 1605 humana:
1423 1548 1697 1621 fragilitati
1730 1565 1881 1604 sacra
1916 1566 2046 1604 cott-

446 1646 661 1715 junctio
689 1660 887 1700 nomen
939 1654 1143 1698 tantum
1175 1645 1558 1713 communicat,
1602 1662 1706 1698 non
1742 1643 2045 1698 honorem?

2141 430 2409 498 voluerit,
2438 429 2630 486 effecta
2670 431 3007 501 praestiterit.

2733 521 2965 579 CAPUT
3005 522 3145 579 XIII.

2144 614 2202 670 Si
2216 613 2447 669 Christus
2474 614 2608 670 alios
2633 617 2923 683 suscitavit,
2940 618 3195 681 quomodo
3219 626 3381 672 morte
3412 634 3513 672 non
3544 618 3745 673 caruit.

2215 708 2414 763 Areu.
2447 738 2519 749 —
2556 709 2776 764 Memini
2836 709 3039 764 dudum
3082 721 3135 765 et
3173 712 3517 767 curationum
3566 710 3751 766 varie-

2145 811 2281 857 tates
2302 846 2315 868 ,
2341 811 2396 858 et
2424 790 2762 857 mertuorum
2786 803 3174 858 suscitationes
3200 804 3370 859 fuisse
3395 804 3666 873 prolatas;
3690 804 3751 859 in

2145 896 2340 967 quibus
2371 906 2548 952 tamen
2573 896 2864 967 specialem
2891 897 3092 952 Christi
3124 898 3539 954 admirationem
3569 898 3751 954 fuisse

2148 1005 2256 1046 non
2280 990 2439 1045 video
2468 1008 2481 1046 :
2530 991 2796 1061 siquidem
2846 1006 2971 1046 cum
3008 1001 3066 1046 et
3102 994 3393 1061 peritiores
3424 994 3560 1063 magi
3592 1008 3751 1047 mor-

2148 1093 2271 1140 tuos
2286 1088 2637 1151 suscitent,et
2662 1083 2857 1139 medie!
2877 1084 3144 1139 universis
3168 1084 3541 1140 debilitatibus
3561 1099 3753 1142 reme-

2147 1176 2231 1232 dia
2257 1178 2576 1248 largiantur.

2222 1270 2423 1327 Zaccu.
2454 1299 2525 1312 -—
2553 1269 2664 1326 Nec
2710 1286 2798 1325 me
2846 1271 3086 1340 praeterit
3136 1270 3362 1342 magicis
3406 1271 3755 1327 carminibus

2151 1378 2257 1417 non
2294 1371 2631 1417 mortuorum
2655 1406 2670 1430 ,
2719 1362 2815 1418 sed
2855 1363 3166 1418 daemonum
3213 1365 3437 1434 spiritus
3480 1365 3751 1429 evocari,

2151 1454 2482 1525 eosdemque
2505 1469 2599 1525 per
2632 1454 2973 1521 phantasiam
3006 1456 3284 1524 paulisper
3311 1455 3571 1510 simulare
3598 1455 3757 1525 quod

2154 1561 2258 1599 non
2308 1556 2433 1599 sunt
2468 1563 2480 1598 :
2516 1544 2890 1601 conditionem
2932 1556 3197 1617 prteterea
3243 1547 3449 1602 addere
3490 1547 3753 1614 falsitati,

2154 1650 2214 1693 ut
2240 1649 2332 1694 aut
2358 1654 2467 1694 non
2495 1639 2596 1694 visi
2636 1639 3037 1709 respondeant,
3067 1651 3189 1708 aut,
3218 1642 3260 1695 si
3294 1642 3576 1705 videntur,
3603 1642 3756 1697 obti-

449 1738 532 1793 Tu
566 1736 840 1793 Christum
892 1753 960 1792 ex
1015 1736 1116 1792 hoc
1156 1737 1242 1791 vel
1295 1738 1528 1792 maxime
1587 1738 1750 1792 Deum
1788 1753 2044 1793 essenon
2080 1737 2125 1796 B
2154 1742 2357 1787 ceant:
2417 1742 2475 1786 ut
2520 1732 2945 1801 imprudentium
2997 1742 3119 1787 vota
3172 1732 3371 1788 debilia
3433 1734 3758 1789 umbrarum

445 1829 654 1895 credis,
687 1830 810 1898 quia
845 1840 1038 1884 contra
1061 1830 1510 1884 consuetudinem
1567 1830 1818 1885 humana:
1860 1831 2056 1886 nativi-

456 1921 583 1975 tatis
616 1931 774 1977 natus
804 1922 1130 1990 praedicatur
1153 1938 1219 1977 ex
1251 1922 1492 1994 Virgine.
1545 1923 1613 1978 At
1639 1939 1741 1995 ego
1780 1924 1904 1979 hinc
1928 1941 2052 1981 eum

449 2013 627 2085 magis
659 2014 921 2070 transisse
950 2015 1003 2069 in
1028 2015 1121 2070 Dei
1167 2014 1394 2086 gloriam
1440 2016 1626 2084 credo,
1678 2018 1821 2088 quod
1862 2020 2054 2075 condi-

456 2107 591 2162 tioni
637 2118 837 2163 nostra:
886 2108 1047 2163 etiam
1100 2109 1399 2164 secundum
1443 2109 1717 2166 hominem
1776 2113 1826 2167 in
1874 2114 2056 2183 aliquo

451 2200 760 2267 dissimilis,
813 2211 865 2255 et
890 2201 1150 2257 nascendi
1196 2201 1445 2256 ordinem
1481 2201 1741 2257 decenter
1790 2204 2052 2273 implevit,

452 2300 509 2345 et
541 2290 773 2346 materni
796 2290 1041 2360 corporis
1095 2291 1463 2361 integritatem
1496 2289 1771 2348 nascentis
1813 2292 2057 2366 [Annus-

453 2380 637 2454 cendi]
659 2383 1108 2438 necessitatenon
1142 2383 1383 2437 violavit.
1416 2382 1645 2438 Dubium
1670 2401 1802 2456 ergo
1825 2401 1931 2442 non
1951 2397 2055 2455 est,

451 2488 577 2529 eum
595 2474 666 2528 sit
685 2475 889 2529 creatio
904 2473 972 2529 de
990 2476 1183 2545 Spiritu
1203 2475 1625 2545 incorruptibilis
1644 2477 1759 2545 Dei,
1777 2479 2058 2550 incorrup-

450 2568 659 2625 tibilem
699 2571 863 2625 etiam
896 2570 1190 2627 editionem
1240 2570 1435 2639 fuisse;
1470 2584 1527 2629 et
1555 2572 1696 2643 quod
1724 2583 1841 2630 erat
1869 2574 2058 2646 fragile

452 2659 716 2727 hominis,
747 2659 1050 2719 divinitatis
1092 2664 1271 2733 potius
1308 2666 1509 2721 virtute
1540 2676 1838 2734 servatum,
1897 2684 2056 2738 qnam

454 2751 508 2808 id
539 2752 684 2824 quod
713 2763 830 2809 erat
878 2754 996 2821 Dei,
1024 2753 1322 2824 fragilitate
1368 2756 1604 2813 hominis
1654 2759 2017 2815 imminutum.

1065 2846 1296 2906 CAPUT
1334 2850 1452 2905 XII.

950 2939 1025 2994 De
1050 2941 1327 2996 virtutibus
1353 2941 1567 2997 Christi.

525 3031 727 3087 Αροιι.
757 3061 827 3071 -
863 3032 1012 3088 Pone
1034 3076 1049 3099 ,
1084 3042 1142 3088 ut
1170 3035 1245 3089 ita
1276 3050 1336 3089 se
1364 3034 1565 3090 Christi
1592 3036 1853 3093 divinitas
1883 3048 1936 3095 et
1964 3054 2061 3094 na-

2160 1825 2351 1879 illudat
2376 1824 2605 1895 effigies.
2644 1823 3036 1880 Defunctorum
3072 1836 3253 1881 autem
3281 1828 3476 1882 animm
3502 1828 3759 1884 resolutis

2159 1919 2485 1989 corporibus
2516 1917 2583 1972 ad
2634 1918 2792 1972 sedes
2841 1918 3056 1974 debitas
3102 1918 3497 1989 perducuntur,
3542 1935 3606 1975 ac
3650 1934 3759 1990 pro

2160 2012 2373 2068 meritis
2397 2026 2571 2081 usque
2598 2010 2664 2064 ad
2693 2009 3069 2080 futurijttdicii
3095 2011 3237 2067 diem
3261 2012 3350 2066 vel
3385 2011 3438 2066 in
3467 2011 3599 2066 locis
3626 2013 3763 2067 beat-

2161 2116 2345 2163 torum
2394 2113 2693 2171 morantur,
2741 2115 2793 2160 et
2836 2105 3096 2173 subjecta:
3134 2121 3418 2177 magorum
3452 2105 3757 2160 invocatio-

2163 2202 2321 2256 nibus
2352 2216 2460 2255 non
2508 2210 2664 2266 sunt,
2700 2209 2794 2254 aut
2840 2200 3164 2270 quibusdam
3196 2201 3399 2256 clauszc
3441 2200 3760 2257 carceribus

2161 2295 2350 2350 venire
2392 2294 2461 2350 ad
2510 2308 2747 2363 superna
2789 2293 3157 2361 prohibentur
3190 2312 3201 2347 :
3238 2294 3312 2349 ita
3362 2294 3422 2347 tit
3461 2304 3518 2348 ttt
3556 2292 3757 2349 iisdem

2165 2389 2351 2445 venire
2374 2388 2459 2442 vel
2487 2386 2912 2457 dedignantibus
2938 2430 2951 2449 ,
2986 2387 3073 2442 vel
3098 2387 3325 2443 retentis
3348 2431 3363 2453 ,
3399 2402 3589 2442 eorum
3607 2386 3765 2441 simi-

2164 2480 2447 2537 litudinem
2504 2479 2783 2534 daemones
2834 2478 3082 2548 fingant,
3136 2488 3192 2533 ttt
3234 2489 3283 2534 et
3322 2478 3553 2533 fallacia:
3595 2494 3763 2549 quam

2163 2573 2395 2644 diligunt
2421 2587 2638 2642 semper
2663 2572 2947 2638 intersint,
2981 2583 3035 2627 et
3080 2571 3370 2627 tredentes
3402 2571 3597 2626 talibus
3639 2571 3761 2625 veri

2165 2667 2465 2722 imitatione
2491 2666 2840 2721 frustrentur.
2870 2666 3208 2721 Medicorum
3232 2681 3361 2721 vero
3384 2665 3609 2721 medelze
3624 2664 3768 2718 mul-

2164 2758 2234 2814 tis
2259 2757 2554 2814 herbarum
2579 2759 3014 2813 confectionibus
3038 2772 3137 2813 nec
3162 2759 3345 2812 statim
3371 2772 3477 2812 nec
3503 2755 3765 2812 omnibus

2166 2856 2427 2919 prosunt;
2461 2858 2514 2904 et
2557 2850 2603 2904 si
2632 2849 2850 2920 quando
2879 2850 3042 2904 altior
3069 2850 3233 2921 mgris
3261 2850 3484 2904 morbus
3519 2849 3768 2904 inoleve-

2166 2940 2239 2997 rit
2264 2983 2278 3008 ,
2308 2952 2400 2997 aut
2428 2942 2536 3012 igni
2562 2943 2772 2997 viscera
2792 2950 2988 2997 exusta
3016 2951 3315 3007 torrentur,
3343 2952 3436 2996 aut
3466 2940 3609 2996 ferro
3638 2957 3767 3012 per-

2166 3035 2339 3090 nicies
2384 3035 2598 3090 occulta
2630 3044 2910 3090 resecatur
2941 3052 2954 3088 :
2988 3035 3123 3089 nihil
3155 3034 3209 3089 in
3245 3034 3548 3090 remedium
3587 3034 3768 3105 impe-

457 3128 641 3183 tivitas
666 3127 883 3195 habeat,
906 3129 1033 3196 quia
1063 3138 1284 3199 propter
1306 3129 1478 3185 Deum
1501 3146 1664 3201 quem
1690 3134 1891 3188 rationi
1914 3148 2058 3188 sem-
2087 3122 2132 3184 C
2165 3128 2247 3184 rio
2275 3129 2473 3200 agitur,
2520 3127 2658 3183 nihil
2706 3128 2827 3183 solo
2857 3142 3112 3184 sermone
3155 3127 3457 3199 perficitur.
3505 3127 3572 3182 Et
3610 3138 3764 3182 certe

455 3234 555 3291 per
583 3220 863 3276 immisces
889 3262 904 3285 ,
947 3221 1110 3276 etiam
1143 3221 1422 3293 Virginem
1463 3238 1660 3293 parere
1690 3227 1932 3294 potuisse
1966 3227 2055 3296 ju-

452 3312 747 3369 dicandum
775 3324 893 3378 est;
928 3313 1059 3382 quid
1090 3315 1352 3369 momenti
1384 3315 1483 3369 fuit
1513 3314 1774 3371 infantem
1816 3317 1869 3371 in
1901 3318 2057 3374 cunis

456 3408 673 3479 vagisse
698 3452 712 3473 ,
747 3406 948 3461 deinde
978 3408 1032 3461 in
1080 3407 1273 3476 puerili
1322 3408 1633 3479 ignorantia
1674 3421 2011 3467 remoratum
2040 3456 2054 3479 ,

455 3509 550 3556 aut
580 3499 851 3554 lubricum
879 3498 1265 3555 adolescentia:
1293 3509 1509 3571 tempus
1549 3504 1710 3556 annis
1741 3520 1847 3559 non
1879 3513 2057 3559 trans-

454 3594 567 3650 isse
605 3592 902 3663 majoribus
925 3634 940 3659 ,
974 3591 1001 3631 δ
1036 3592 1126 3648 ubi
1164 3594 1533 3658 possibilitate
1571 3597 1757 3652 divina
1810 3598 1992 3653 statim
2027 3613 2058 3652 a

455 3687 714 3743 ﬁrmitate
744 3684 888 3741 virili
921 3701 1044 3756 qum
1076 3697 1195 3742 erat
1223 3697 1480 3758 gesturus
1513 3690 1813 3760 inciperet?

524 3776 727 3839 lices.
759 3814 831 3827 —-
858 3784 937 3839 Ex
960 3784 1064 3839 hoc
1106 3780 1205 3837 tibi
1232 3782 1359 3837 vitae
1402 3784 1575 3853 ipsius
1616 3786 1757 3839 ratio
1802 3785 2057 3856 adjuncta

453 3873 761 3931 divinitatis
806 3876 1087 3931 voluntate
1140 3874 1466 3944 respondit,
1521 3885 1579 3930 ut
1625 3877 1715 3946 qui
1766 3878 2053 3934 convales-

451 3966 631 4022 centis
661 3968 798 4023 uteri
822 3981 1005 4022 moras
1028 3965 1260 4031 tulerat,
1289 3976 1539 4036 tempore
1564 3979 1810 4023 servaret
1836 3971 2015 4024 aetatis
2041 3988 2054 4024 :

453 4073 558 4116 nec
584 4059 975 4131 dedignaretur
1002 4068 1061 4115 ut
1083 4060 1251 4115 homo
1276 4062 1461 4116 vivere
1485 4103 1498 4125 ,
1528 4062 1621 4131 qui
1649 4063 1906 4133 dignatus
1934 4063 2054 4120 fue-

451 4160 538 4207 rat
561 4150 637 4207 ita
668 4153 836 4207 nasci.
882 4152 1113 4219 Quando
1166 4151 1312 4206 enim
1358 4167 1549 4207 verum
1598 4153 1844 4211 induisse
1876 4156 2058 4211 homi-

451 4257 576 4298 nem
608 4241 951 4308 crederetur,
989 4253 1009 4280 ο
1051 4244 1097 4297 si
1146 4241 1249 4296 hos
1295 4242 1416 4296 vitre
1449 4244 1652 4314 gradus
1698 4254 2055 4303 transcucur-

455 4332 654 4389 risset?
685 4333 792 4387 Sed
824 4333 961 4387 forte
985 4347 1250 4403 Spernere
1274 4333 1475 4404 aliquid
1500 4335 1569 4391 de
1591 4336 1813 4395 homine
1839 4338 2050 4408 debuit,

451 4425 546 4497 qui
572 4424 640 4480 ad
671 4423 1014 4479 edocendam
1045 4424 1415 4479 humilitatem
1446 4436 1501 4481 et
1528 4428 1843 4495 patientiam
1870 4432 2053 4486 venie-

2160 3220 2321 3275 fateri
2359 3234 2554 3275 omnes
2583 3234 2875 3289 possumus
2902 3220 3169 3291 derogare
3199 3219 3530 3275 medicinam
3574 3234 3645 3275 ex
3690 3235 3759 3275 e0

2160 3312 2309 3385 quod
2338 3313 2410 3367 sit
2440 3313 2492 3366 in
2524 3312 2745 3368 homine
2769 3358 2782 3380 ,
2819 3327 3017 3384 posse;
3048 3312 3251 3368 addere
3288 3327 3396 3367 non
3434 3327 3594 3382 pesse
3614 3312 3760 3383 quod

2162 3420 2269 3460 non
2302 3406 2408 3471 sit,
2453 3421 2575 3477 qua:
2616 3405 2819 3461 Christi
2863 3421 3092 3477 operum
3125 3415 3316 3461 contra
3349 3406 3621 3476 reputatio
3651 3415 3759 3461 est.

2158 3496 2349 3553 Caecus
2388 3499 2648 3553 materias
2681 3499 2949 3553 luminum
2982 3500 3052 3554 ab
3084 3499 3246 3554 initio
3278 3516 3385 3554 non
3419 3500 3626 3555 habens
3652 3543 3665 3566 ,
3701 3509 3761 3554 et

2159 3604 2331 3645 vacua
2362 3592 2646 3646 oculorum
2680 3594 2800 3647 loca
2842 3593 3123 3661 prtebens,
3158 3595 3289 3648 limo
3327 3575 3531 3660 illitus‘,
3561 3608 3755 3665 quem-

2161 3682 2453 3737 admodum
2501 3692 2618 3738 erat
2649 3685 2883 3754 primum
2935 3687 3099 3739 homo
3140 3686 3313 3742 factus
3338 3727 3353 3751 ,
3388 3688 3563 3742 visum
3604 3700 3756 3741 rece-

2163 3776 2242 3846 pit
2273 3793 2285 3829 :
2319 3790 2569 3847 gressum
2597 3777 2851 3832 nesciens
2875 3777 3099 3848 jubetur
3133 3778 3385 3834 incedere
3418 3796 3431 3832 :
3468 3780 3672 3834 solutus
3699 3778 3757 3833 in

2163 3870 2392 3926 muliere
2436 3886 2697 3925 venarum
2740 3872 2964 3942 sanguis
2990 3916 3004 3940 ,
3055 3872 3201 3927 dicto
3232 3872 3443 3928 sistitur
3478 3892 3491 3927 ;
3528 3872 3756 3944 imperio

2159 3963 2308 4016 auris
2323 3962 2596 4018 solidatur
2617 3963 2858 4018 abscissa
2884 3984 2896 4018 :
2917 3978 3015 4020 nec
3033 3964 3399 4020 medicamine
3423 3965 3561 4036 fugit
3579 3966 3719 4036 lepra
3732 4009 3750 4034 ,

2160 4054 2259 4109 sed
2285 4054 2472 4110 verbo.
2504 4055 2618 4110 lluc
2650 4055 2979 4111 tabefaetum
3008 4057 3281 4128 sepulcris
3302 4058 3533 4114 cadaver
3558 4067 3610 4114 et
3633 4074 3753 4129 pro-

2158 4148 2278 4205 dire
2317 4150 2562 4219 jubetur,
2607 4159 2663 4206 et
2711 4152 2932 4217 vivere;
2974 4167 3077 4208 nec
3124 4154 3363 4208 subitam
3413 4155 3752 4223 prtrsentiam

2159 4246 2507 4300 cernentibus
2542 4253 2799 4316 praestat,
2851 4247 2947 4301 sed
2988 4247 3203 4302 cunctis
3236 4248 3519 4303 hominum
3548 4248 3755 4303 actibus

2158 4337 2391 4393 interest
2417 4382 2431 4405 ,
2460 4349 2623 4410 atque
2647 4354 2821 4395 annos
2847 4341 3089 4395 victurus
3116 4344 3376 4397 exsultat.
3402 4343 3536 4412 Quis
3557 4351 3755 4414 praeter

2160 4429 2329 4485 Deum
2383 4431 2620 4501 quinque
2668 4433 2896 4501 panibus
2946 4443 3154 4489 tantum
3200 4445 3222 4472 θ
3271 4435 3427 4506 plura
3471 4436 3751 4491 hominum

451 4520 565 4577 bat.
618 4518 837 4587 Quanto
893 4517 1196 4573 modestius
1254 4518 1305 4572 in
1353 4533 1413 4574 se
1449 4519 1619 4574 Deum
1667 4531 1722 4576 et
1771 4522 2052 4579 hominem
2082 4515 2135 4574 D
2163 4521 2327 4576 millia
2372 4536 2600 4592 pascere
2646 4524 2719 4576 ita
2768 4527 2943 4593 potuit
2984 4536 3041 4581 ut
3087 4527 3397 4583 saturaret?
3432 4529 3565 4595 Quis
3603 4544 3756 4584 mare

447 4615 691 4687 probans
712 4621 769 4670 et
791 4612 932 4668 mira
964 4608 991 4647 ἀ
1017 4611 1293 4682 praetulit,
1328 4623 1386 4668 et
1413 4611 1630 4668 infirma
1664 4630 1772 4669 non
1806 4616 2051 4686 respuit!

446 4707 579 4763 Inde
622 4707 678 4762 in
713 4721 954 4763 mterore
983 4704 1227 4761 doluisse
1248 4749 1261 4773 ,
1297 4705 1575 4762 dormisse
1605 4707 1659 4762 in
1692 4708 2049 4773 lassitudine,

447 4798 503 4854 in
540 4797 723 4854 inedia
773 4813 926 4853 esum
979 4796 1357 4863 desiderasse,
1412 4798 1631 4854 flevisse
1677 4800 1728 4854 in
1761 4800 1950 4866 lucttt,
1998 4812 2054 4856 et

443 4889 723 4959 gemuisse
760 4888 816 4943 in
862 4898 1037 4943 morte
1068 4888 1465 4958 perscribitur;
1497 4901 1556 4945 ut
1601 4906 1722 4946 eum
1754 4892 1925 4947 Deum
1958 4909 2052 4949 vc-

445 4995 568 5037 rum
589 4994 713 5051 quae
732 4981 985 5049 superius
1012 4980 1410 5051 comprehensa
1442 4989 1568 5036 sunt
1594 4983 1848 5039 sublimia
1876 4999 2045 5054 opera

442 5070 923 5137 demonstrarent,
963 5086 1156 5126 verum
1199 5071 1478 5129 hominem
1510 5073 1711 5129 flebilia
1753 5074 2047 5146 loqueren-

444 5170 555 5220 tur.
586 5160 720 5218 Cum
766 5169 970 5233 etquae
1017 5163 1179 5219 nobis
1241 5174 1367 5221 sunt
1404 5167 1624 5238 propria
1695 5168 2047 5238 suscipiendo

515 5378 541 5406 ἰ
569 5368 900 5425 Particulam
958 5369 1260 5440 negationis
1317 5385 1438 5439 quae
1465 5369 1695 5425 omnino
1725 5371 2037 5427 necessaria

436 5450 578 5505 erat,
609 5440 920 5497 addidimus
944 5457 976 5497 e
1005 5440 1127 5496 cod.
1159 5440 1383 5496 Lemov.

509 5511 535 5550 δ
565 5512 655 5567 Sic
684 5513 858 5568 codex
892 5512 1050 5567 Vind.
1078 5529 1092 5579 ;
1136 5512 1189 5567 in
1220 5512 1388 5581 priori
1419 5511 1693 5581 editione,
1727 5522 1783 5567 ut
1813 5514 2035 5583 possibi-

438 5582 585 5638 litate
606 5622 621 5645 ,
653 5584 833 5638 minus
873 5585 1073 5640 idoneo
1103 5600 1287 5640 sensu.
1814 5582 1821 5583 7
1864 5598 1869 5603 '

515 5666 535 5693 ο
558 5652 667 5727 _Hic
682 5670 912 5727 quoque
943 5656 1193 5727 codicem
1228 5655 1390 5712 Vind:
1428 5654 1740 5727 sequimur;
1773 5671 1897 5711 nam
1930 5672 2031 5714 an-

440 5732 528 5781 tea
558 5725 861 5795 legebatur,
896 5728 997 5782 nisi
1026 5726 1119 5781 hos
1143 5745 1163 5793 ;
1197 5728 1341 5785 findo
1376 5725 1568 5784 errore
1595 5770 1609 5795 ,
1641 5728 1734 5799 qui
1780 5728 1908 5786 inde
1940 5746 2029 5786 or-

2160 4614 2390 4685 pedibus
2437 4614 2681 4687 ingredi,
2721 4627 2776 4672 et
2826 4618 3150 4674 immensum
3199 4621 3534 4677 ambulando
3580 4621 3754 4677 libere

2156 4707 2389 4762 ealcavit
2419 4708 2781 4775 elementum,
2817 4718 2875 4764 ttt
2915 4711 3305 4768 famniantibus
3345 4716 3450 4769 viae
3495 4713 3752 4770 ﬂuctibus

2159 4798 2351 4869 figeret
2397 4800 2551 4854 firma
2586 4802 2851 4872 vestigia?
2881 4802 3014 4870 Quis
3063 4807 3241 4861 ventis
3278 4806 3510 4875 jubere,
3552 4816 3608 4862 et
3651 4821 3753 4862 sa:-

2155 4891 2368 4946 vientes
2399 4892 2452 4945 in
2497 4902 2874 4959 tempestatem
2910 4897 3184 4966 procellas
3217 4914 3475 4955 sermone
3502 4914 3752 4969 compes-

2153 4984 2322 5040 cere?
2348 4984 2485 5053 Quis
2511 4987 2579 5042 de
2624 5003 2765 5059 aqua
2795 4991 2980 5044 vinum
3011 4990 3191 5047 facere
3213 5036 3227 5060 ,
3260 5001 3317 5047 et
3358 5009 3427 5048 ex
3471 4994 3661 5050 eadem
3693 4994 3747 5049 in

2153 5079 2399 5136 eamdem
2428 5092 2619 5138 natura
2643 5085 2765 5140 sine
2785 5086 3067 5142 intellectu
3086 5086 3478 5145 demutationis
3502 5090 3743 5145 melioris

2154 5174 2355 5245 speciei
2404 5185 2669 5247 praestare
2718 5179 3061 5249 profectum?
3090 5180 3225 5248 Quae
3260 5179 3516 5238 Christus
3552 5182 3606 5238 in
3650 5181 3748 5237 ho-

2146 5381 2232 5429 tus
2263 5382 2347 5431 est
2369 5417 2384 5441 ,
2417 5376 2562 5445 quod
2611 5376 2871 5432 librarius
2910 5378 3064 5435 verbi
3110 5388 3469 5438 transcurrere
3503 5382 3748 5439 intellec-

2142 5452 2261 5501 tum
2292 5456 2578 5503 assecutus
2609 5464 2716 5503 non
2745 5458 2883 5503 erat.

2210 5516 2245 5597 d_
2270 5519 2344 5572 Ita
2369 5519 2420 5572 in
2450 5519 2625 5597 codd._
2647 5519 2811 5597 Vind.
2834 5520 2984 5597 et_S.
3014 5520 3187 5597 Arn.;
3221 5525 3276 5581 in
3315 5535 3462 5581 textu
3496 5527 3743 5597 pertulit,

2141 5590 2322 5669 male;
2355 5598 2583 5669 utroque
2612 5591 2757 5669 haud
2785 5593 2950 5662 paulo
2979 5595 3174 5669 melius
3206 5607 3353 5653 esset
3378 5642 3392 5665 ,
3429 5590 3668 5669 protulit.

2213 5670 2235 5697 ο
2266 5660 2356 5740 _Sic
2390 5660 2565 5720 codex
2617 5660 2814 5730 Vindi,
2860 5665 3063 5722 rectius
3105 5682 3270 5739 quam
3322 5660 3478 5740 prior
3527 5671 3698 5727 editio
3724 5706 3740 5737 .

2140 5730 2385 5802 plurima.
