4074 6204
286 282 419 340 1081

1483 284 2113 343 CONSULTATIONUM
2154 285 2282 342 LIB.
2317 287 2357 342 Ι.

3437 289 3580 351 1082

282 397 431 453 mine
457 411 625 468 agens
653 406 711 453 ut
749 411 808 454 se
836 406 891 454 et
922 398 1093 454 Deum
1134 398 1423 469 probaret,
1460 400 1649 457 multis
1680 400 1873 456 viden—
1900 402 1955 465 Α
1981 415 2112 457 nare
2133 400 2395 472 principia
2422 442 2436 466 ,
2466 409 2522 459 et
2546 416 2705 472 quem
2730 402 2860 458 mali
2888 401 3114 474 gradum
3149 402 3308 474 primi
3333 402 3575 460 hominis

282 489 426 545 tibus
467 489 618 546 fecit.
666 490 848 562 Itaque
888 491 933 545 si
986 490 1124 547 echo
1168 492 1450 562 loquenti,
1491 502 1584 547 aut
1630 492 1874 550 fontibus

282 598 473 655 spuma
501 629 515 653 ,
547 585 634 641 vel
658 600 789 641 vero
817 586 1009 640 lumini
1039 587 1233 642 umbra
1259 587 1588 657 coacquanda
1621 596 1734 653 est;
1766 603 1872 643 non

285 678 504 749 indigna
567 681 976 749 comparatione
1020 682 1325 751 junguntur
1374 696 1543 751 opera
1593 681 1870 736 hominum

282 773 573 829 virtutibus
606 774 700 831 Dei
735 793 746 828 :
780 790 904 831 cum
948 775 1066 842 hic,
1102 777 1217 831 haec
1248 784 1456 830 tantum
1503 776 1872 831 remediorum

282 881 436 921 mora
467 867 572 934 sit,
606 876 664 921 ιιι
690 867 953 938 prodesse
988 868 1313 940 jubeantur;
1353 869 1465 923 illic
1504 868 1749 939 przestita
1781 883 1876 937 per

284 957 527 1015 laborem
559 961 707 1030 prius
734 975 871 1032 pene
898 977 1058 1031 quam
1091 962 1423 1030 sentiantur,
1448 970 1798 1017 evanescant.

868 1052 1095 1110 CAPUT
1140 1054 1279 1109 XIV.

392 1144 496 1213 Qui
523 1146 589 1199 sit
612 1145 853 1200 diabolus
872 1187 887 1211 ,
920 1148 999 1201 vel
1026 1148 1166 1217 quod
1197 1155 1463 1217 peccatum
1485 1148 1729 1204 hominis.

351 1236 555 1294 APOLL.
582 1269 650 1277 —
684 1238 739 1294 Si
767 1238 1029 1308 praedicta
1064 1240 1325 1295 miracula
1345 1282 1360 1307 ,
1394 1250 1451 1295 ut
1473 1241 1622 1297 credi
1653 1240 1871 1306 studes,

280 1346 508 1387 manens
543 1332 594 1385 in
628 1331 851 1387 homine
883 1332 1027 1388 Deus
1073 1335 1363 1403 priestitit,
1402 1334 1666 1403 numquid
1704 1334 1877 1389 susci-

282 1438 412 1493 pere
440 1434 494 1479 et
537 1425 645 1493 pati
676 1439 893 1480 crucem
933 1427 1144 1481 voluit?
1189 1436 1282 1480 aut
1325 1443 1487 1494 quam
1538 1427 1610 1481 ob
1657 1422 1876 1481 causam

280 1528 571 1585 erepturus
592 1534 621 1571 a
645 1528 817 1573 morte
835 1519 995 1585 alim,
1018 1529 1194 1575 morte
1220 1536 1325 1574 non
1344 1520 1556 1575 caruit?
1579 1521 1661 1575 vel
1687 1535 1876 1590 quem-

280 1608 570 1664 admodum
625 1611 746 1666 aliis
808 1612 1087 1681 proderit,
1148 1614 1240 1683 qui
1299 1614 1400 1667 sibi
1450 1613 1710 1683 prodesse
1769 1628 1875 1669 non

281 1701 489 1773 potuit?
517 1717 641 1757 cum
666 1704 716 1757 in
750 1704 852 1758 hoc
884 1706 1055 1775 magis
1087 1704 1247 1759 ﬁdem
1274 1705 1343 1759 de
1369 1721 1429 1760 se
1470 1705 1877 1775 ambigentibus

1980 495 2338 565 transgressio
2370 494 2594 559 fecerit,
2630 495 2868 566 simplici
2900 495 3217 552 narratione
3247 506 3571 563 contexere;

1980 588 2145 657 utqui
2175 588 2384 656 peccati
2409 595 2616 642 tantum
2640 602 2836 643 causas
2857 588 3045 643 audire
3069 588 3351 646 desideras
3368 630 3382 657 ,
3408 590 3574 648 etiam

1977 678 2295 737 Creatorem
2330 682 2549 737 humani
2584 684 2804 752 generis
2846 683 3076 753 propius
3119 697 3404 754 agnoscas.
3438 683 3576 740 Cum

1978 774 2122 828 enim
2159 774 2299 829 Deus
2328 775 2509 829 omnia
2560 775 2782 831 fecisset
2826 791 2892 830 ex
2943 774 3158 842 nihilo,
3209 776 3576 833 habitatorem

1979 865 2168 921 mundi
2201 867 2474 923 hominem
2528 868 2684 923 ﬁnxit
2730 883 2799 924 ex
2842 868 3002 933 limo,
3040 868 3270 938 rudique
3306 869 3487 924 adhuc
3525 877 3581 927 et

1979 961 2234 1016 exanimo
2266 962 2484 1032 corpori
2529 961 2779 1030 spiritum
2825 977 3159 1032 sensumque
3201 961 3423 1033 largitus
3452 970 3577 1030 est;

1978 1053 2234 1122 spiritum
2300 1069 2409 1124 quo
2458 1069 2804 1109 communem
2864 1058 3140 1125 carpimus
3193 1069 3418 1122 aerem,
3469 1068 3579 1125 quo

1981 1148 2226 1202 membra
2257 1148 2645 1218 provehimus;
2679 1163 2901 1203 sensum
2931 1163 3040 1217 quo
3072 1162 3103 1201 a
3129 1147 3345 1203 cmteris
3371 1149 3582 1201 anima-

1980 1239 2123 1295 libus
2148 1241 2529 1311 discrepamus
2554 1260 2565 1295 :
2593 1250 2705 1296 tum
2732 1241 2951 1297 vivendi
2986 1240 3263 1311 proprium
3289 1241 3578 1297 arbitrium

1980 1331 2226 1399 addidit,
2260 1333 2494 1389 liberum
2530 1334 2583 1388 in
2616 1336 2799 1389 omnia
2831 1334 3118 1403 imperium
3152 1332 3433 1399 tribuens;
3467 1342 3580 1389 lllm

1981 1426 2365 1482 immortalitas
2420 1443 2540 1483 cum
2591 1427 2909 1483 conditione
2978 1426 3247 1497 permissa
3301 1424 3403 1497 [An
3455 1439 3583 1496 pro-

1982 1520 2230 1591 missa?]
2258 1531 2382 1588 est,
2421 1532 2475 1575 et
2516 1522 2567 1576 in
2600 1522 2880 1577 voluntate
2914 1521 2999 1576 lex
3046 1522 3222 1591 posita
3248 1566 3262 1589 ,
3306 1535 3413 1574 non
3458 1533 3581 1590 qua:

1981 1614 2364 1669 observatione
2386 1615 2627 1671 difﬁcilis
2651 1616 2947 1686 periculum
2977 1615 3200 1671 inferret
3227 1616 3416 1686 ignaro
3441 1631 3456 1682 ;
3486 1614 3583 1671 sed

1981 1722 2101 1778 qua:
2129 1716 2347 1765 ostensa
2392 1726 2458 1765 ne
2490 1722 2875 1781 usurparetur,
2919 1720 3119 1766 tantam
3152 1710 3432 1766 Creatoris
3462 1727 3584 1780 gra-

280 1799 499 1852 munire
529 1796 818 1859 debuerit,
852 1796 1212 1853 liberaturum
1242 1808 1295 1853 et
1337 1799 1471 1852 alios
1501 1798 1620 1853 fore
1650 1799 1738 1869 qui
1773 1798 1876 1854 hoc
1910 1801 1953 1861 Β
1985 1802 2112 1855 tiam
2140 1818 2262 1856 cum
2314 1804 2746 1860 immortalitatis
2805 1804 3073 1860 beneficio
3118 1804 3443 1859 custodiret.
3493 1803 3583 1860 Sic

279 1889 513 1960 primum
557 1888 608 1943 in
642 1904 738 1943 sua
769 1889 1099 1945 liberatione
1145 1900 1527 1946 monstrasset.
1572 1890 1686 1959 Qua
1722 1891 1773 1944 in
1816 1905 1873 1945 re

278 1990 372 2033 aut
408 1980 676 2036 rationem
708 1983 863 2051 prodi
904 1996 1133 2038 necesse
1179 1992 1303 2049 est,
1353 1991 1448 2038 aut
1490 1982 1869 2038 credulitatem

277 2086 385 2127 non
416 2072 561 2144 exigi
591 2075 723 2129 satis
740 2074 968 2144 justum.

346 2167 545 2223 Zaccn.
580 2199 641 2208 —
677 2169 851 2223 Etiam
887 2171 939 2224 in
971 2170 1071 2226 hoc
1103 2170 1398 2225 mstimatio
1430 2181 1516 2226 tua
1546 2171 1773 2235 fallitur,
1811 2183 1872 2228 ut

281 2261 336 2317 in
364 2262 544 2316 crucis
568 2261 831 2317 affixione
863 2262 1209 2319 divinitatem
1242 2264 1436 2319 credas
1465 2264 1717 2332 injuriam
1749 2280 1871 2335 pcr-

276 2356 505 2421 tulisse;
536 2373 655 2428 quae
703 2358 1279 2428 incomprehensibilis
1323 2369 1377 2413 et
1421 2359 1588 2414 libera
1622 2374 1722 2415 nec
1760 2361 1868 2429 pati

275 2448 487 2520 potuit,
533 2464 635 2505 nec
659 2450 830 2505 teneri
867 2468 878 2502 ε
912 2450 1011 2504 sed
1055 2451 1343 2520 quemdam
1389 2451 1458 2506 de
1505 2451 1725 2507 diabolo
1773 2468 1870 2522 per

271 2550 616 2613 assumptum
651 2536 926 2597 hominem
953 2543 1063 2613 egit
1093 2544 1427 2612 triumphum
1450 2585 1464 2609 ,
1488 2559 1612 2598 cum
1645 2546 1696 2599 in
1722 2546 1868 2615 ligno

273 2633 559 2689 victoriam
610 2634 791 2697 carnis
836 2634 1167 2703 imponens,
1203 2649 1328 2688 eum
1375 2636 1491 2689 sine
1540 2635 1620 2689 sui
1671 2635 1865 2705 injuria

271 2740 368 2795 per
401 2726 678 2783 hominem
710 2728 1025 2797 superavit,
1061 2728 1151 2797 qui
1185 2727 1461 2783 hominem
1494 2743 1620 2783 cum
1657 2730 1750 2783 Dei
1786 2730 1866 2783 in-

265 2818 409 2889 juria
437 2828 624 2889 egerat
668 2818 720 2873 in
753 2820 1043 2873 delictum.
1078 2820 1252 2875 llomo
1285 2836 1441 2890 ergo,
1476 2836 1582 2875 non
1612 2821 1867 2876 divinitas

269 2914 415 2969 cruci
448 2914 571 2967 data
594 2922 711 2979 est;
745 2914 919 2983 et‘qui
965 2928 1063 2984 per
1102 2914 1307 2984 lignum
1340 2924 1696 2985 peccaverat,
1730 2914 1865 2969 ﬁxus

269 3007 323 3061 in
346 3007 490 3078 ligno
512 3017 618 3063 est.
645 3008 820 3078 Atque
842 3008 957 3063 hiec
981 3010 1091 3064 Deo
1117 3008 1217 3063 fuit
1243 3009 1558 3063 assumendi
1585 3007 1862 3063 hominem

269 3102 542 3171 praecipua
590 3101 734 3156 ratio
785 3102 870 3157 vel
917 3102 1171 3156 voluntas
1195 3142 1209 3168 ,
1245 3111 1303 3154 ut
1346 3112 1624 3171 peccatum
1660 3102 1726 3154 ab
1760 3101 1860 3155 ho-

268 3194 413 3249 mine
439 3204 784 3249 contractum
816 3210 914 3264 per
944 3194 1219 3249 hominem
1250 3195 1557 3258 tolleretur,
1587 3204 1640 3249 et
1667 3195 1736 3250 ab
1768 3195 1859 3249 illo
1890 3191 1935 3253 C

269 3286 405 3341 ﬁdes
432 3287 858 3343 resurrectionis
890 3288 1186 3357 inciperet,
1221 3303 1381 3358 quem
1416 3290 1647 3357 primum
1681 3304 1868 3342 resur-

265 3392 393 3449 gere
425 3378 683 3434 debuisse
736 3389 1019 3434 constaret
1054 3398 1066 3433 :
1101 3395 1269 3450 purus
1311 3382 1457 3434 enim
1500 3390 1555 3434 et
1605 3380 1672 3435 ab
1712 3381 1863 3435 omni

266 3473 523 3528 immunis
543 3472 742 3527 delicto
771 3475 878 3542 pati
907 3488 1002 3543 pro
1027 3474 1278 3528 omnibus
1302 3474 1502 3538 voluit;
1533 3484 1588 3527 ut
1611 3488 1719 3527 non
1744 3474 1863 3527 sola

262 3576 536 3640 potestate
558 3610 573 3634 ,
610 3567 705 3623 sed
741 3569 935 3623 merito
958 3610 971 3633 ,
1001 3569 1259 3623 omnibus
1285 3568 1659 3638 praeferretur.
1695 3566 1861 3623 Vides

262 3675 395 3732 ergo
426 3676 547 3731 quae
577 3659 650 3715 sit
693 3659 893 3715 divinre
938 3676 1132 3731 pompa
1164 3660 1380 3714 virtutis
1412 3661 1646 3729 vitroque
1690 3659 1862 3714 victo-

264 3753 370 3815 ria,
408 3764 639 3808 mortem
672 3769 777 3808 non
816 3755 1085 3807 meruisse
1110 3796 1122 3817 ,
1156 3752 1248 3808 sed
1285 3752 1622 3821 merentibus
1667 3752 1858 3806 abstu-

260 3845 393 3900 lisse
415 3886 430 3911 ,
461 3854 519 3901 et
548 3854 573 3881 τι
607 3847 806 3901 vexillo
846 3847 1112 3915 spiritalis
1147 3846 1404 3915 triumphi
1437 3846 1651 3915 culpam
1686 3854 1860 3901 mate-

262 3938 356 3993 riae
395 3938 635 3994 afﬁxisse
681 3954 788 3993 non
842 3940 1156 4008 propriam;
1214 3942 1474 4009 quoniam
1523 3940 1859 4010 quicumque

259 4032 428 4099 alius,
459 4034 585 4087 dum
609 4050 638 4087 a
670 4035 908 4103 peccatis
938 4048 1099 4087 nemo
1128 4033 1410 4086 hominum
1443 4034 1582 4088 liber
1610 4044 1696 4089 est
1719 4075 1733 4098 ,
1760 4048 1858 4105 pro

260 4140 319 4182 se
352 4135 558 4181 tantum
611 4126 770 4180 vitam
805 4125 1068 4192 dedisset,
1102 4126 1253 4179 illum
1283 4125 1522 4193 oportuit
1553 4142 1650 4196 pro
1681 4126 1857 4181 omni-

260 4219 362 4276 bus
411 4222 668 4289 interire,
708 4222 799 4292 qui
834 4238 929 4291 pro
960 4237 1019 4277 se
1066 4238 1221 4276 noxa:
1267 4220 1399 4275 nihil
1441 4221 1688 4288 debens,
1731 4236 1853 4277 cum

258 4314 611 4369 condemnari
653 4332 759 4369 non
804 4324 1020 4385 posset,
1069 4314 1408 4385 acquieverit
1440 4322 1493 4368 et
1523 4313 1699 4368 occidi
1725 4354 1738 4379 ,
1786 4329 1853 4369 ne

258 4420 359 4463 nos
381 4416 643 4477 perpetua
673 4423 821 4463 mors
852 4417 1087 4463 teneret.

861 4500 1090 4557 CAPUT
1131 4501 1247 4556 XV.

1981 1894 2156 1963 posito
2202 1895 2386 1964 itaque
2417 1895 2627 1951 homini
2658 1898 2800 1951 inter
2841 1897 3069 1952 delicias
3100 1897 3379 1964 paradisi,
3413 1910 3585 1953 amm-

1978 1986 2191 2041 nissimi
2216 1987 2427 2043 scilicet
2455 1988 2557 2043 loci
2588 2030 2601 2055 ,
2631 1998 2685 2044 et
2713 1989 2859 2043 nulla
2884 2004 3145 2043 aurarum
3177 1989 3501 2059 intemperie
3517 2003 3582 2045 ac

1977 2082 2245 2136 varietate
2279 2085 2524 2153 corrupti
2552 2123 2567 2148 ,
2608 2098 2673 2137 ex
2719 2083 2866 2136 omni
2918 2083 3278 2152 pretiosarum
3323 2082 3581 2137 arborum

1973 2170 2151 2226 fructu
2182 2173 2380 2227 edendi
2420 2174 2643 2243 copiosa
2675 2174 2837 2229 datur
2872 2172 3133 2239 facultas;
3167 2174 3263 2229 sed
3304 2173 3359 2228 in
3394 2174 3579 2229 multis

1974 2264 2133 2319 unius
2164 2273 2369 2319 tantum
2395 2266 2612 2321 arboris
2638 2266 2919 2337 usurpatio
2947 2266 3293 2337 prohibetur,
3326 2274 3385 2320 ut
3413 2266 3585 2321 inter-

1971 2357 2175 2412 dictam
2203 2357 2451 2413 eamdem
2475 2358 2730 2413 arborem
2758 2372 2978 2428 semper
3002 2359 3221 2411 intuens
3245 2357 3436 2424 homo,
3462 2356 3583 2427 ejus

1972 2452 2061 2521 qui
2090 2451 2453 2506 interdixerat
2493 2451 2854 2515 meminisset,
2889 2460 2943 2506 et
2974 2450 2999 2487 ιι
3033 2451 3289 2520 praelatus
3317 2451 3574 2507 omnibus

1972 2560 2083 2614 prae
2107 2560 2165 2598 se
2197 2560 2317 2599 esse
2347 2559 2452 2598 non
2484 2544 2901 2599 oblivisceretur
2929 2551 3243 2607 auctorem;
3276 2558 3338 2598 ac
3370 2543 3471 2598 sibi
3504 2544 3581 2600 ita

1971 2639 2149 2692 omnia
2172 2638 2415 2706 subjecta
2446 2645 2830 2705 cognosceret,
2852 2646 2908 2689 ut
2934 2635 2985 2689 ei
3002 2636 3093 2706 qui
3117 2636 3216 2690 sibi
3243 2636 3577 2705 subjecerat,

1970 2738 2115 2785 esset
2170 2730 2284 2800 ipse
2330 2728 2611 2798 subjectus
2646 2746 2658 2782 :
2693 2727 2854 2782 simul
2903 2743 2969 2782 ne
3017 2727 3179 2781 homo
3226 2726 3611 2783 rationabiliS‘

1970 2823 2144 2879 factus
2192 2824 2331 2878 sicut
2373 2824 2526 2878 bruta
2573 2822 2830 2876 animalia
2861 2821 2981 2876 sine
3032 2821 3421 2875 observatione
3463 2828 3579 2875 tor-

1969 2923 2153 2985 peret;
2187 2914 2282 2970 sed
2312 2924 2370 2969 ut
2405 2930 2471 2969 eo
2512 2929 2675 2985 quem
2708 2914 2860 2968 solus
2897 2914 3229 2983 praecipuum
3278 2921 3573 2982 acceperat

1968 3022 2187 3063 sensum
2213 3051 2228 3075 ,
2264 3009 2405 3064 inter
2442 3018 2781 3078 praeceptum
2812 3022 2875 3061 ac
2916 3006 3240 3061 beneﬁcium
3286 3013 3342 3060 et
3372 3019 3569 3061 cavere

1968 3099 2299 3171 intelligeret
2330 3111 2385 3156 et
2412 3100 2636 3155 mereri.

2040 3194 2175 3249 lluic
2205 3194 2526 3250 beatitudini
2555 3192 2804 3248 diabolus
2834 3193 3085 3247 invidens
3110 3208 3207 3263 per
3223 3201 3558 3264 serpentem,

1970 3288 2062 3358 qui
2105 3297 2225 3342 erat
2268 3288 2484 3343 caeteris
2527 3286 2854 3341 animalibus
2900 3286 3240 3356 prudentior,
3278 3288 3565 3342 mulierem

1972 3381 2203 3451 primum
2227 3421 2241 3443 ,
2269 3380 2319 3435 id
2343 3390 2425 3435 est
2449 3380 2722 3435 inferioris
2740 3394 2902 3435 sexus
2929 3380 3235 3447 hominem,
3268 3389 3322 3434 et
3347 3380 3413 3433 ad
3442 3394 3564 3435 cre-

1968 3473 2206 3529 dendum
2249 3474 2415 3527 animi
2464 3473 2722 3527 Iacilioris
2766 3472 2947 3527 illexit
2985 3471 3337 3527 interdictum
3368 3480 3563 3541 gusta-

1968 3574 2079 3620 tum
2113 3565 2329 3619 arboris
2361 3574 2632 3619 temerare
2664 3582 2677 3617 :
2716 3579 2815 3634 per
2856 3564 3102 3618 eamdem
3154 3572 3341 3631 postea
3383 3564 3563 3618 virum

1965 3660 2130 3715 simili
2161 3660 2394 3713 falsitate
2422 3658 2654 3728 decepit,
2691 3657 2907 3711 futuros
2936 3671 3188 3712 asserens
3221 3658 3329 3711 Deo
3356 3657 3565 3711 similes

1965 3754 2008 3807 si
2038 3756 2156 3822 ejus
2180 3752 2309 3822 ligni
2344 3750 2514 3820 pomis
2540 3767 2645 3804 non
2676 3750 3023 3804 abstinerent
3049 3790 3062 3813 ,
3099 3747 3241 3819 quod
3265 3748 3414 3803 velut
3443 3749 3564 3803 ideo

1964 3845 2221 3900 divinitas
2270 3844 2611 3913 excepisset,
2662 3857 2728 3896 ne
2769 3842 3052 3896 caelestem
3103 3841 3389 3895 scientiam
3438 3856 3560 3894 eum

1964 3936 2278 3992 hominibus
2309 3938 2622 4007 partiretur.
2662 3935 2753 3988 llis
2790 3935 3053 4003 deceptos
3102 3933 3243 3987 dolis
3275 3933 3328 3986 in
3370 3947 3563 4001 pecca-

1964 4039 2074 4083 tum
2110 4028 2494 4098 pravissimum
2522 4025 2787 4095 compulit
2810 4067 2824 4088 ,
2855 4036 2909 4079 ut
2947 4039 3008 4079 se
3038 4039 3135 4094 per
3164 4024 3560 4093 transgressio-

1963 4138 2083 4177 nem
2118 4120 2376 4191 praacepti
2422 4118 2669 4174 Creatori
2716 4118 2921 4173 similes
2972 4133 3096 4173 esse
3123 4159 3136 4179 ,
3175 4116 3424 4187 quamvis
3455 4130 3561 4170 non

1962 4217 2201 4287 possint,
2234 4215 2373 4269 velle
2407 4226 2583 4268 tamen
2632 4215 2750 4267 ausi
2791 4213 2921 4267 sint.
2973 4212 3083 4266 llac
3118 4211 3308 4264 fraude
3342 4209 3563 4263 immor-

1961 4310 2187 4364 talitatis
2211 4308 2475 4363 beneﬁcio
2504 4309 2720 4378 spoliati
2746 4307 2819 4362 de
2847 4307 3102 4376 paradiso
3129 4305 3424 4374 cjiciuntur
3450 4320 3463 4370 ;
3494 4319 3561 4360 ex

1957 4403 2047 4457 illa
2080 4402 2384 4457 inviolabili
2419 4402 2684 4472 temperie
2724 4401 3023 4465 detractis,
3062 4411 3117 4454 et
3148 4400 3249 4453 sub
3292 4399 3396 4455 hoc
3437 4412 3561 4451 cor-

1960 4496 2203 4566 ruptibili
2232 4510 2362 4551 aere
2392 4496 2619 4550 victuris
2666 4495 2927 4566 pelliceus
2978 4495 3160 4548 statim
3194 4493 3423 4547 vestitus
3457 4492 3560 4545 im-

294 4594 356 4649 δί
384 4592 523 4647 Deus
551 4594 885 4665 impassibilis
905 4605 998 4661 est,
1028 4612 1187 4664 quare
1218 4595 1461 4649 irascitur
1488 4605 1537 4649 et
1563 4596 1809 4650 vindicat.
1877 4582 1931 4642 D
1958 4588 2201 4657 ponitur,
2237 4596 2293 4643 et
2325 4588 2391 4642 ad
2439 4588 2794 4657 quaerendum
2839 4588 3040 4640 victum
3073 4585 3228 4638 labor
3276 4583 3560 4651 improbus

323 4688 526 4742 Λροιι..
550 4717 622 4728 —-
658 4688 889 4743 Remoto
939 4689 1043 4743 hoc
1072 4688 1333 4757 interim,
1368 4700 1423 4744 ut
1451 4692 1575 4759 quis
1603 4692 1706 4745 iste
1736 4692 1854 4745 dia-

253 4779 412 4836 bolus
462 4783 545 4835 vel
580 4782 724 4836 unde
756 4783 825 4836 sit
854 4782 1032 4847 dicas,
1065 4799 1227 4852 quem
1277 4786 1615 4841 inccntorem
1671 4788 1854 4841 nescio

253 4875 409 4944 cujus
435 4876 644 4945 peccati
677 4874 846 4930 fuisse
876 4876 1205 4942 conﬁrmas;
1232 4879 1440 4946 ipsum,
1467 4881 1513 4933 si
1545 4896 1649 4934 non
1680 4882 1851 4951 piget,

254 4964 491 5021 hominis
518 4968 696 5037 pande
723 4977 1007 5038 peccatum
1028 5008 1042 5031 ,
1066 4968 1221 5037 cujus
1251 4978 1401 5022 tanta
1431 4973 1691 5026 atrocitas
1714 4974 1851 5028 sicut

251 5058 456 5112 asseris
487 5056 617 5123 fuit,
670 5069 727 5114 ut
756 5058 877 5121 fnisi
920 5074 1017 5128 per
1042 5059 1213 5113 solam
1247 5058 1454 5115 Christi
1486 5078 1701 5119 crucem
1742 5082 1848 5120 non

253 5150 496 5221 potuerit
525 5151 732 5219 expiari
770 5170 781 5205 :
818 5152 1063 5222 inspecta
1102 5152 1246 5207 enim
1280 5154 1324 5208 si
1356 5170 1461 5223 qua
1492 5162 1577 5209 est
1604 5157 1847 5212 criminis

252 5240 546 5312 qualitate,
602 5241 733 5311 quid
794 5242 914 5298 haec
967 5244 1147 5299 crucis
1196 5246 1513 5315 praedicatio
1564 5256 1849 5320 tantopere

250 5334 394 5391 elata
423 5334 776 5404 praestiterit,
814 5337 1122 5406 promptius
1152 5338 1407 5394 elucebit.

324 5426 521 5484 Zaccu.
550 5457 621 5469 —
642 5425 763 5483 Non
798 5428 945 5500 piget
982 5428 1144 5500 plane
1173 5430 1636 5504 oﬂeusze_veteris
1663 5434 1851 5505 expla-

326 5663 353 5690 ἰ
385 5654 443 5709 In
490 5654 751 5727 Lemiov.,
798 5655 1057 5727 specialis.
1079 5653 1242 5727 infra
1265 5696 1280 5720 ,
1317 5654 1549 5709 dedisset
1593 5654 1837 5710 restitui-

250 5739 372 5781 mus
395 5742 426 5780 e
453 5727 581 5780 cod.
615 5725 775 5781 Vind.
802 5724 923 5782 cum
952 5729 1004 5780 in
1028 5724 1193 5780 editis
1222 5726 1500 5796 legeretur
1522 5728 1743 5781 dedisse.

323 5797 349 5834 ιι
380 5796 578 5855 Totum
625 5796 766 5855 hunc
803 5798 981 5853 locum
1014 5799 1352 5855 restituimus
1392 5798 1426 5853 ἐ
1468 5797 1631 5854 codd.
1671 5797 1829 5853 Vind.

1958 4679 2281 4749 deputatur;
2323 4688 2382 4732 ut
2412 4681 2589 4734 solum
2620 4687 2900 4733 verterent
2945 4677 3015 4729 nil
3063 4682 3261 4745 sponte
3293 4674 3557 4743 prtebitu—

1958 4788 2077 4828 rum
2107 4816 2123 4838 ,
2154 4782 2209 4828 et
2238 4775 2377 4826 inter
2402 4773 2589 4842 spinas
2622 4786 2684 4825 ac
2724 4769 2955 4823 tribulos
2986 4768 3344 4830 desudantes,
3366 4781 3561 4835 quant-

1956 4873 2038 4928 vis
2069 4873 2221 4942 plura
2243 4879 2640 4942 congererent,
2675 4867 2869 4923 mortis
2900 4878 3080 4922 tamen
3113 4865 3403 4921 sententia:
3431 4864 3561 4919 sub-

1951 4967 2219 5036 jacereut.

1948 5104 1953 5110 ς
2032 5062 2159 5116 llaec
2196 5059 2472 5116 interdicti
2510 5060 2681 5130 prima
2717 5058 3084 5129 transgressio
3124 5055 3393 5117 malorum
3438 5067 3559 5108 om-

1960 5155 2109 5210 nium
2156 5168 2322 5209 causa
2362 5154 2667 5223 mortiSque
2723 5151 3092 5222 principium;
3131 5165 3234 5204 nec
3275 5158 3456 5201 tamen
3503 5145 3557 5199 in

1956 5248 2247 5304 vindictam
2293 5248 2389 5303 Dei
2422 5255 2729 5318 promptam
2774 5245 3036 5315 patientia
3086 5242 3373 5299 sententia
3415 5239 3556 5292 irro-

1959 5342 2108 5413 gavit
2136 5340 2425 5405 eﬂectum,
2459 5342 2555 5397 sed
2595 5342 2704 5396 vim
2752 5339 3055 5396 severioris
3089 5336 3257 5393 edicti
3288 5331 3557 5403 temporis

1961 5436 2379 5508 interpositione
2410 5437 2675 5503 mollivit;
2709 5444 2768 5492 ut
2809 5436 3069 5491 meritum
3097 5430 3269 5485 venite
3313 5434 3463 5483 esset
3490 5440 3558 5482 ex

1943 5665 2001 5716 et
2054 5657 2324 5719 Lemov.:
2378 5660 2430 5713 in
2482 5659 2657 5729 priori
2715 5657 2991 5729 editione,
3045 5651 3276 5725 prwlatis
3317 5648 3558 5705 omnibus

1945 5746 2163 5801 prmesse
2194 5749 2297 5787 non
2320 5732 2454 5797 sibi;
2481 5728 2595 5803 quo
2623 5730 2761 5786 nihil
2788 5728 3003 5783 foedius.
