4074 6204
555 279 696 342 I083

1813 293 2131 352 zaccnzm
2167 283 2564 353 cuiusnam

3728 297 3864 359 1088

553 397 742 458 labore
775 405 1147 473 preniteutite,
1185 421 1248 462 ac
1291 405 1428 479 lapsi
1463 409 1901 466 observationem
1930 413 2155 482 iustitia:
2184 403 2234 476 Α
2263 429 2400 474 unus
2431 414 2683 471 omnibus
2714 426 2917 484 sermo,
2950 415 3003 472 in
3048 431 3370 474 numerosas
3411 435 3535 489 quae
3588 429 3738 473 nunc
3769 436 3866 489 per

556 489 643 547 vel
690 499 944 563 posteros
990 497 1282 553 educerent
1313 541 1328 566 ,
1377 509 1401 537 ιι
1435 517 1668 570 quorum
1719 506 1887 571 gratia
1943 504 2154 559 restitui

539 583 687 638 .vitie
733 601 894 656 quam
927 589 1229 645 amiserant
1271 601 1522 660 possent,
1570 597 1661 664 qui
1703 611 1799 665 per
1822 609 1880 651 se
1919 599 2158 666 graviter

553 678 912 734 corruissent.
951 680 1078 736 llaec
1113 683 1400 740 intervalla
1433 690 1650 756 pietatis
1677 703 1739 743 ac
1770 687 2028 744 salutaris
2057 691 2158 745 vite

555 773 836 828 tramitem
888 790 996 830 non
1032 791 1128 846 per
1157 783 1575 836 conversionem
1608 781 1906 838 satisfactio
1947 783 2153 849 tenuit,

550 864 648 920 sed
672 865 930 922 vitiorum
953 871 1133 938 potius
1151 867 1492 928 incrementa
1517 885 1828 941 creverunt,
1854 887 1908 932 et
1925 892 2158 948 sequen-

508 956 687 1012 "tium
738 957 1024 1015 hominum
1080 966 1428 1034 consumpsit
1472 966 1694 1034 abusio;
1745 963 1816 1021 ita
1868 977 1925 1023 ut
1970 982 2157 1038 postea

553 1051 751 1104 mortis
801 1053 1224 1110 convalescente
1269 1059 1577 1122 sententia,
1623 1059 1927 1114 ardentium
1970 1064 2156 1118 crimi-

555 1154 685 1197 num
717 1142 895 1199 labem
931 1146 1122 1202 diluvii
1152 1149 1351 1202 infnsio
1385 1151 1500 1204 sola
1530 1153 1914 1223 restingueret.

1153 1239 1383 1297 CAPUT
1427 1243 1566 1298 XVI.

693 1330 972 1395 Quomodo
1006 1342 1119 1400 post
1157 1333 1413 1390 diluvium
1443 1339 1674 1394 homines
1705 1341 1807 1394 sint
1843 1344 2021 1397 creati.

624 1423 828 1479 Aron.
860 1457 919 1468 -—-
955 1427 1242 1498 Suspectae
1274 1432 1568 1488 audientiae
1610 1445 1695 1490 est
1727 1437 2008 1504 praeterire
2036 1453 2155 1508 qua:

561 1527 886 1584 permovent
920 1537 934 1573 :
982 1536 1106 1575 nam
1141 1523 1184 1576 si
1227 1524 1371 1579 Deus
1405 1536 1456 1580 et
1491 1528 1838 1597 impassibilis
1879 1539 1933 1584 et
1983 1530 2159 1586 bonus

558 1618 664 1677 est,
696 1613 1154 1681 quemadmodum
1182 1633 1325 1672 nunc
1348 1628 1401 1673 et
1423 1621 1592 1675 iratus
1618 1632 1709 1675 aut
1734 1623 2016 1679 vindicans
2044 1625 2157 1680 est?

555 1702 633 1757 ira
655 1705 803 1758 enim
835 1707 1152 1774 passibilem
1185 1711 1483 1782 significat,
1514 1715 1650 1770 ultio
1676 1717 1897 1770 malum.

2261 509 2446 562 orbem
2481 525 2682 580 sparsae
2710 521 2853 575 sunt,
2876 520 3086 580 gentes,
3111 511 3291 582 lingua
3320 512 3587 567 dividitur
3614 511 3861 583 singulo-

2262 618 2401 669 rum,
2436 615 2490 657 et
2535 603 2587 657 in
2619 619 2789 672 opere
2821 603 3250 670 ferventissimo,
3285 606 3388 659 hoc
3437 617 3650 660 tantum
3711 621 3865 659 unus-

2259 697 2488 766 quisque
2519 696 2788 766 loquitur,
2829 697 2971 765 quod
3011 698 3159 752 solus
3210 698 3479 768 intelligit.
3533 697 3676 752 Cum
3720 699 3862 752 enim

2261 789 2314 842 in
2339 789 2707 845 exstructione
2724 790 2943 846 sceleris
2963 799 3339 861 perseveraret
3357 789 3608 853 audacia,
3632 801 3865 861 repente

2262 881 2515 936 nesciunt
2565 897 2760 953 rogare
2806 895 3125 953 poscentes,
3155 883 3377 938 UIlCdll'e
3416 885 3670 938 nesciunt
3705 882 3869 937 mini-

2261 983 2516 1042 strantes,
2549 986 2602 1030 et
2628 993 2746 1047 quae
2777 977 3126 1032 molientibus
3166 979 3311 1033 velut
3351 980 3660 1034 necessaria
3715 979 3869 1048 inge-

2261 1076 2471 1134 runtur,
2506 1070 2734 1124 adversa
2786 1080 2931 1126 sunt.
2991 1071 3082 1128 Sic
3133 1079 3237 1126 nun
3294 1086 3476 1141 pinna,
3519 1072 3620 1126 sed
3673 1071 3864 1139 tmdio,

2260 1171 2436 1231 empta
2463 1159 2797 1233 linquuntur,
2828 1172 2884 1218 ut
2908 1165 3184 1220 miraculis
3211 1165 3277 1218 ad
3307 1177 3500 1220 omnes
3527 1171 3716 1233 postea
3741 1179 3868 1218 cum

2260 1262 2484 1323 stupore
2513 1254 2746 1310 formido
2785 1257 2900 1312 sine
2923 1257 3173 1327 supplicii
3206 1255 3515 1327 perveniret
3561 1257 3867 1324 exemplo;

2261 1361 2383 1401 cum
2415 1364 2572 1415 quam
2604 1349 2672 1403 ob
2694 1363 2913 1413 causam
2948 1352 3142 1421 linguae
3175 1350 3368 1419 prioris
3397 1351 3647 1404 notitiam
3684 1345 3869 1418 perdi-

2262 1441 2449 1509 disset,
2472 1443 2620 1512 genti
2643 1459 2754 1498 suae
2783 1444 2834 1499 in
2877 1459 3040 1514 quam
3066 1444 3339 1499 sermonis
3361 1444 3661 1498 novitatem
3689 1453 3869 1497 trans-

2263 1533 2421 1599 ierat,
2454 1538 2822 1606 unusquisque
2854 1545 3124 1592 narraret.

2333 1623 2440 1682 Sed
2474 1627 2600 1698 quid
2648 1628 2874 1699 prodest
2915 1629 3140 1683 crimina
3184 1629 3382 1684 texisse
3424 1628 3672 1684 diluvio?
3725 1630 3867 1698 Quid

2264 1722 2401 1779 hanc
2421 1723 2646 1778 insanize
2671 1721 2975 1779 machinam
3009 1723 3340 1793 indulgentia
3363 1724 3736 1790 destruxiSse,
3765 1741 3867 1781 non

627 1796 828 1852 Zaccn.
853 1829 922 1839 ——
944 1799 1156 1872 quuus
1184 1804 1551 1862 humanorum
1579 1820 1798 1894 actuum
1823 1810 1967 1865 Deus
1991 1810 2156 1881 judex
2188 1811 2234 1873 B
2266 1818 2451 1889 ρωιωῖ
2471 1819 2612 1876 Ecce
2633 1816 3101 1883 iterum,ohomo,
3121 1819 3171 1872 in
3195 1817 3560 1889 Deiinjuriam
3586 1820 3864 1876 elementa

551 1899 668 1954 est,
698 1894 786 1960 qtti
822 1893 1006 1952 reddit
1031 1899 1187 1953 bonis
1215 1903 1460 1969 praemia,
1485 1904 1642 1958 malis
1669 1919 1882 1973 poenam
1909 1923 1920 1959 :
1950 1907 2156 1974 bonus,

553 1997 675 2038 cum
712 1987 998 2055 retribuit;
1040 2006 1162 2044 eum
1205 1993 1444 2050 vindicat
1470 2038 1484 2060 ,
1510 1997 1711 2064 justus.
1749 1997 1900 2054 Unde
1938 2000 2013 2053 ira
2050 2015 2155 2057 non

555 2077 874 2144 passibilem
901 2081 1206 2151 significat,
1238 2088 1332 2140 sed
1369 2088 1800 2158 improbantem;
1831 2103 1885 2147 et
1909 2109 2014 2148 non
2045 2110 2158 2150 ma-

552 2167 667 2224 lum
697 2171 968 2241 vindicta,
1000 2177 1095 2232 sed
1123 2178 1351 2246 justum.
2072 2194 2080 2202 ‘

1132 2268 1361 2326 CAPUT
1404 2273 1568 2327 XVII.

1018 2360 1170 2417 Unde
1190 2367 1336 2436 origo
1363 2365 1690 2426 Judreorum.

620 2450 825 2507 'APOLL.
859 2483 929 2493 —
959 2451 1276 2512 Cedendum
1321 2469 1403 2515 est
1445 2467 1772 2520 reverentiae
1816 2465 2115 2526 divinitatis
2139 2513 2154 2538 ,

553 2542 790 2597 maxime
811 2559 933 2600 cum
967 2546 1070 2602 hoc
1095 2563 1313 2618 semper
1342 2553 1490 2608 credi
1523 2555 1590 2611 de
1623 2555 1734 2613 Deo
1760 2560 1980 2626 debeat,
2007 2565 2153 2630 quod

505 2711 514 2720 _
550 2647 650 2703 pro
683 2632 896 2691 honore
918 2639 991 2693 sit
1016 2638 1262 2709 dignum.
1297 2643 1455 2701 Unde
1495 2649 1559 2701 ad
1591 2662 1914 2720 suspensum
1953 2657 2156 2710 articu-

547 2723 660 2780 lum
687 2729 1052 2785 narrationem
1084 2732 1358 2792 reducens
1380 2783 1394 2805 ,
1429 2742 1891 2809 quemadmddum
1921 2756 2048 2816 post
2073 2745 2155 2804 di-

543 2814 754 2872 luvium
803 2821 885 2875 vel
943 2819 1068 2877 facti
1119 2824 1372 2882 homines
1417 2829 1502 2884 vel
1551 2831 1658 2887 nati
1703 2834 1848 2903 sint,
1897 2814 2153 2894 siauditu

549 2907 773 2981 dignum
805 2923 918 2980 est,
952 2919 1246 2974 consultus
1277 2937 1508 2992 expone.

618 3002 819 3061 Zaccn.
853 3039 928 3050 —
955 3009 1186 3080 Dignum
1215 3014 1372 3084 plane
1424 3017 1520 3072 Dei
1574 3035 1702 3090 erga
1752 3039 1851 3078 nos
1881 3024 1950 3079 ab
1997 3023 2154 3082 initio

548 3099 786 3167 pandere
817 3101 1162 3172 medicinam,
1193 3116 1247 3161 et
1291 3118 1412 3177 post
1459 3111 1720 3167 diluvium
1772 3127 2046 3173 servatum
2097 3119 2150 3174 in

2263 1911 2569 1977 confundis,
2601 1910 2860 1964 honorem
2905 1918 2959 1966 et
3001 1911 3205 1965 cultum
3238 1904 3520 1966 invisibilis
3553 1911 3864 1981 maiestatis

2263 2001 2328 2055 ad
2379 2001 2626 2058 visibiles
2677 2001 3008 2058 transferens
3045 2014 3340 2058 creaturas.
3395 2002 3451 2057 Si
3509 2003 3864 2061 altitudinem

2262 2095 2512 2163 suspicis,
2551 2097 2692 2149 Deus
2723 2111 2885 2164 supra
2908 2105 3020 2160 est;
3047 2097 3092 2149 si
3123 2087 3550 2165 magnitudinem
3571 2140 3587 2164 ,
3628 2095 3722 2150 ille
3763 2098 3862 2152 im-

2263 2187 2524 2264 mensior,
2557 2187 2754 2258 ubique
2780 2199 2861 2242 est
2887 2207 2900 2251 ;
2932 2189 2976 2243 si
3008 2185 3354 2259 splendorem
3378 2187 3534 2260 (Sap.
3563 2197 3687 2251 xm,
3719 2187 3861 2258 3-5),

2261 2278 2488 2334 Creator
2509 2292 2592 2336 est
2620 2283 2842 2348 clarior,
2873 2291 2927 2337 et
2953 2287 3043 2353 qui
3079 2282 3207 2338 fecit
3235 2283 3470 2352 speciem
3501 2297 3735 2337 necesse
3785 2293 3864 2339 est

2265 2371 2363 2426 hac
2395 2372 2592 2426 virtute
2620 2387 2649 2426 a
2677 2389 2736 2428 se
2777 2375 2914 2429 facta
2955 2373 3228 2444 praicedat
3261 2391 3275 2428 :
3307 2373 3378 2427 sit
3422 2382 3708 2443 postremo
3751 2373 3863 2430 haec

2261 2463 2403 2519 inter
2435 2464 2750 2520 Creatorem
2774 2476 3192 2537 creaturamque
3220 2466 3504 2532 distantia,
3546 2478 3608 2520 ut
3650 2467 3736 2522 sic
3769 2465 3862 2522 atl-

2261 2555 2606 2610 mirationem
2650 2573 2771 2628 qua:
2809 2559 3087 2614 cernimus
3136 2560 3404 2626 habeant,
3452 2568 3514 2614 ut
3543 2574 3608 2614 ea
3642 2574 3770 2629 quae
3799 2555 3863 2612 ob

2261 2648 2605 2717 majestatem
2640 2649 2828 2705 videre
2881 2667 2986 2705 non
3036 2665 3346 2721 possumus,
3391 2665 3514 2707 cum
3547 2653 3863 2707 reverentia

2260 2757 2366 2795 non
2398 2742 2675 2797 amittant.

2824 2839 3053 2897 CAPUT
3095 2838 3275 2897 XVIII.

2262 2931 2439 2998 Quare
2471 2942 2582 3002 post
2612 2934 2952 3005 egressionem
2980 2934 3206 3007 Afgypti
3240 2938 3294 2989 iu
3333 2947 3501 2989 eremo
3529 2933 3683 2988 ducti
3720 2945 3862 3000 sunt,

2762 3028 2842 3081 vel
2871 3044 2964 3082 cur
2994 3027 3103 3082 Lex
3129 3029 3252 3081 data
3277 3025 3361 3082 sit.

2328 3117 2530 3174 Apono.
2560 3119 2711 3175 —Si
2745 3121 2941 3174 horum
2985 3137 3106 3193 qua:
3140 3122 3335 3176 recolis
3385 3120 3522 3177 lides
3566 3137 3700 3177 vera
3753 3131 3859 3188 est,

547 3189 659 3246 Noe
689 3193 907 3249 humani
953 3199 1173 3266 generis
1218 3215 1409 3256 semen
1443 3219 1788 3273 expromere,
1839 3217 2000 3280 atque
2029 3211 2152 3268 hinc
2180 3205 2226 3268 C
2261 3209 2623 3264 ititesrimabili
2658 3209 2817 3265 modo
2867 3213 2957 3266 Dei
3015 3227 3139 3281 erga
3181 3211 3449 3278 homines,
3484 3226 3549 3264 ac
3583 3212 3710 3266 sine
3751 3213 3860 3266 line

549 3289 862 3356 progeniem
892 3291 1111 3345 venisse
1142 3308 1238 3361 per
1261 3305 1535 3363 posteros,
1573 3315 1678 3354 non
1706 3301 1864 3368 iactis
1896 3313 2016 3372 post
2041 3316 2152 3360 ter-

549 3395 674 3450 gum
710 3382 977 3451 lapidibus
1007 3389 1196 3455 puerili
1229 3389 1392 3444 modo
1442 3391 1828 3450 Deucalionem
1865 3398 2155 3469 Pyrrham-

547 3491 656 3545 que
683 3479 1017 3549 confingere.
1053 3481 1238 3554 Itaque
1266 3495 1408 3539 terra
1439 3485 1643 3543 diluvio
1673 3489 1840 3559 eluta,
1889 3491 2002 3548 Noe
2034 3503 2152 3549 tan-

548 3577 688 3635 tum,
716 3574 841 3641 quia
871 3575 1020 3628 solus
1044 3575 1226 3644 justus
1249 3577 1496 3632 inventus
1526 3583 1616 3648 sit,
1649 3583 1712 3635 ad
1750 3587 2151 3655 propagaudum

550 3660 848 3719 humanum
877 3681 1049 3735 genus
1079 3684 1200 3723 cum
1238 3675 1492 3742 progenie
1520 3667 1550 3712 Β
1590 3689 1929 3746 reservatur;
1965 3683 2153 3738 mortis

549 3764 729 3811 tamen
762 3757 942 3814 adhuc
971 3761 1114 3816 sicut
1162 3781 1304 3820 nunc
1347 3777 1604 3824 manente
1645 3775 1948 3839 sententia,
1984 3781 2041 3829 ul
2084 3791 2150 3832 ex

547 3847 745 3903 merito
773 3855 1205 3911 conversationis
1233 3872 1353 3911 cum
1401 3864 1802 3920 resurrectione
1833 3865 2154 3923 immortali-

548 3948 630 3994 tas
662 3939 1004 4000 redderetur.
1053 3944 1403 4016 Aliquamdiu
1452 3949 1592 4021 apud
1644 3953 1890 4011 homines
1925 3960 2151 4026 justitite

548 4027 720 4085 forma
746 4031 982 4103 duravit,
1013 4047 1066 4090 et
1093 4042 1329 4110 exempli
1362 4045 1624 4099 menzoria
1659 4048 1823 4116 viguit
1846 4050 2146 4122 disciplina,

545 4139 608 4178 ac
642 4128 955 4182 reverentia
991 4142 1201 4186 terrore
1231 4145 1445 4189 servata
1479 4147 1583 4191 est.
1619 4137 1724 4194 Sed
1759 4139 1896 4196 sicut
1934 4157 2152 4214 semper

548 4216 709 4288 longa
745 4222 1082 4290 prOSperitas
1111 4239 1176 4280 ex
1205 4226 1533 4283 abundantia
1559 4233 1930 4303 securitatem,
1963 4252 2028 4292 ex
2061 4255 2150 4296 se-

546 4309 778 4365 curitate
807 4312 1180 4383 abolitionem,
1214 4334 1279 4371 ex
1325 4321 1618 4379 abolitione
1649 4325 1964 4383 abusionem
1997 4347 2149 4386 crea-

545 4403 652 4468 vit;
683 4405 832 4460 obliti
866 4418 1065 4464 metum
1098 4411 1493 4472 obliviscuntur
1523 4431 1821 4489 auctorem,
1852 4435 1905 4480 et
1945 4442 1971 4479 a
2005 4429 2149 4484 vitiis

549 4493 602 4550 in
636 4493 915 4567 Sacrilegia
947 4514 1318 4571 proruperunt
1352 4506 1497 4575 :jam
1537 4524 1638 4564 nec
1693 4514 1850 4568 terris
1898 4515 2146 4575 habitare

2259 3304 2515 3372 patientia
2569 3313 2673 3359 est.
2727 3304 2833 3360 Sed
2883 3306 3140 3375 quoniam
3174 3319 3342 3374 Opere
3382 3304 3549 3359 turris
3581 3305 3856 3370 obmisso,

2257 3413 2598 3467 peronmem
2631 3406 2832 3454 terram
2863 3409 3055 3470 gentes
3088 3409 3109 3437 ε
3144 3397 3643 3468 factasliuguarum
3673 3397 3859 3454 diver-

2256 3492 2416 3546 sitate
2461 3491 2816 3556 memerasti;
2862 3491 3321 3563 quemadmodum
3361 3506 3483 3546 cum
3521 3489 3708 3564 Moyse
3755 3491 3855 3546 Ju-

2256 3586 2496 3640 daeorum
2537 3586 2872 3656 subrepserit
2918 3599 3102 3650 secta;
3158 3599 3250 3640 aut
3298 3602 3458 3655 quam
3508 3587 3578 3640 ob
3629 3601 3858 3641 causam

2255 3681 2336 3733 tot
2375 3677 2702 3732 saeculorum
2753 3677 3092 3747 temporibus
3142 3679 3446 3748 absumptis
3512 3678 3646 3732 latio
3717 3678 3858 3749 legis

2254 3769 2568 3838 emerserit,
2595 3785 2721 3824 cum
2755 3769 2996 3824 hominis
3024 3769 3282 3826 sensibus
3305 3769 3631 3824 naturaliter
3657 3767 3753 3824 lex
3775 3769 3858 3824 in-

2253 3873 2396 3918 serta
2421 3864 2510 3927 sit,
2546 3865 2591 3918 si
2621 3863 2855 3919 facultas
2883 3864 3127 3919 scientiae
3155 3873 3262 3934 est,
3290 3871 3514 3941 arrepto
3546 3865 3750 3921 ordine
3777 3865 3857 3921 in-

2251 3962 2544 4025 gravanter
2569 3956 2847 4024 eloquere.

2324 4047 2526 4103 laccn.
2560 4077 2631 4088 ——
2661 4048 2703 4103 A
2739 4050 2918 4118 primo
2967 4047 3191 4104 homine
3221 4064 3390 4120 usque
3432 4045 3498 4104 ad
3545 4049 3692 4118 quod
3737 4048 3859 4105 dixi

2256 4153 2490 4213 tempus,
2517 4160 2616 4214 per
2645 4145 3056 4200 successionum
3089 4144 3314 4214 gradus,
3351 4141 3445 4200 Dei
3479 4144 3672 4199 notitia
3700 4153 3859 4201 tenta

2252 4247 2363 4302 est;
2400 4237 2488 4292 lex
2517 4250 2698 4292 autem
2731 4236 2835 4292 etsi
2868 4247 2972 4291 non
3021 4239 3226 4306 scripta
3268 4237 3500 4302 litteris,
3535 4237 3681 4292 sicut
3730 4239 3862 4308 ipse

2255 4331 2532 4399 professus
2560 4344 2646 4395 es,
2679 4330 2934 4384 sensibus
2960 4339 3080 4384 erat
3112 4330 3318 4384 inserta
3353 4325 3681 4385 naturaliter
3708 4348 3719 4383 :
3756 4327 3859 4385 sed

2252 4431 2536 4492 postquam
2569 4422 2872 4476 abolitione
2920 4432 3151 4493 utraque
3195 4423 3515 4487 cesserunt,
3567 4422 3858 4478 Abraham

2253 4514 2332 4566 vir
2365 4516 2486 4568 lidei
2512 4515 2806 4585 singularis
2829 4515 3072 4587 eligitur,
3097 4531 3256 4588 quem
3288 4527 3498 4588 patrem
3535 4518 3699 4572 totius
3725 4533 3858 4573 cre—

544 4591 808 4657 contenti,
842 4599 1117 4664 tamquam
1145 4599 1427 4654 ascensuri
1461 4602 1658 4658 cmlum
1707 4615 1990 4663 exstruunt
2022 4619 2142 4666 tur-
2173 4587 2224 4652 Ῑ)
2249 4605 2489 4660 didit-llis
2511 4607 2581 4662 οἱ)
2610 4607 2713 4662 hoc
2735 4609 2988 4663 ιηοτὶῑυῐη
3021 4587 3161 4665 Belis
3189 4587 3401 4676 διίὶίυίι»
3431 4609 3574 4681 (ἰυοά
3607 4610 3854 4679 Ρΐίπυηυ

542 4694 682 4746 rem,
715 4690 769 4737 et
792 4683 1067 4741 hominum
1102 4704 1262 4746 manu
1294 4691 1514 4748 nubium
1542 4695 1689 4752 celsa
1717 4709 2072 4758 temerantur.
2100 4704 2143 4761 O

541 4773 934 4844 inexplicabilis
961 4780 1169 4839 bonitas
1196 4784 1314 4854 Dei,
1362 4795 1419 4842 et
1470 4789 1623 4856 nulli,
1672 4802 1728 4868 ιιι
1777 4792 1998 4864 dignum
2036 4805 2140 4864 est,

541 4868 841 4939 eloquendi:
881 4876 1192 4933 miseratio!
1247 4881 1354 4936 Deo
1385 4898 1489 4936 nou
1537 4884 1760 4942 obedire
1810 4903 1955 4945 mors
1999 4890 2141 4960 iusta

545 4971 649 5028 est,
679 4974 731 5017 et
760 4965 850 5021 Dei
883 4970 1063 5026 sedem
1093 4978 1367 5044 appetisse
1395 4978 1685 5048 impunitas
1712 4980 1832 5036 fuit.

614 5053 832 5113 Intuere
872 5062 1068 5120 divina:
1121 5068 1424 5126 clementia:
1473 5073 1747 5130 lenitatem
1803 5096 1812 5130 :
1869 5081 2142 5136 temerarii

545 5161 651 5204 non
683 5151 975 5220 puniuntur
999 5157 1049 5208 in
1081 5163 1310 5226 scelere,
1353 5164 1446 5219 sed
1493 5166 1562 5221 ab
1606 5168 1818 5225 scelere
1862 5168 2142 5228 deducun—

541 5251 661 5309 tur;
693 5255 747 5299 et
772 5243 860 5302 tibi
883 5248 1076 5303 scevire
1099 5251 1278 5306 debuit
1307 5255 1533 5314 caeleste
1555 5259 1841 5329 judicium,
1876 5271 2140 5332 prmsta'n-

541 5343 627 5390 tur
657 5336 809 5408 signa
843 5340 1127 5397 virtutum.
1167 5343 1391 5415 Insuper
1418 5351 1750 5418 poenitentia:
1782 5355 1866 5407 via
1895 5362 1951 5409 et
1981 5356 2139 5411 intel-

537 5427 710 5485 lectus
738 5433 1016 5502 aperitur;
1049 5449 1171 5491 nam
1203 5453 1324 5492 cum
1353 5453 1498 5497 esset
1547 5443 1726 5501 adhuc
1770 5462 1838 5504 eo
1890 5457 2137 5520 tempore

606 5604 631 5632 α
660 5595 875 5674 Optima
907 5600 1068 5674 lectio
1089 5603 1219 5674 eod.
1251 5600 1308 5658 S.
1347 5607 1478 5657 Arn.
1508 5650 1521 5673 ,
1557 5622 1716 5674 quam
1755 5625 1854 5663 cur
1883 5611 1935 5664 iu
1976 5626 2118 5666 inar-

535 5665 718 5753 ginem
754 5672 1020 5753 ncherius
1049 5673 1314 5753 ablegarit
1337 5719 1363 5753 ,_
1386 5687 1443 5730 ut
1472 5665 1763 5746 reponeret
1791 5683 1946 5753 cujus
1966 5723 1978 5744 ,
2015 5665 2118 5736 non

541 5739 729 5818 video.
763 5741 816 5795 In
847 5739 1202 5818 sequentibus
1232 5758 1312 5802 tot
1344 5749 1454 5804 fere
1485 5739 1776 5806 occurrunt
1809 5739 1977 5808 varias
2009 5753 2121 5808 lec-

540 5814 758 5895 tiones,
782 5823 917 5894 quot
944 5816 1131 5894 verba,
1165 5821 1260 5878 scd
1291 5835 1414 5894 qua:
1442 5820 1648 5881 nullius
1678 5832 1809 5882 sunt
1839 5827 2120 5901 momenti.

2250 4700 2728 4756 incunclabundus
2775 4701 3038 4767 domum,
3093 4702 3322 4774 patriam
3397 4703 3853 4774 propinquosque

2248 4809 2344 4863 per
2371 4793 2712 4849 vocationem
2753 4793 2876 4859 Dei,
2907 4794 2974 4849 ad
3007 4795 3186 4866 ignota
3215 4803 3271 4849 et
3299 4795 3586 4866 peregrina
3641 4797 3848 4858 iturus,

2247 4885 2496 4956 reliquit;
2535 4902 2601 4940 ne
2628 4886 2879 4941 servituti
2908 4886 3175 4942 idolorutn
3211 4887 3416 4955 degens
3463 4887 3606 4943 inter
3647 4887 3845 4958 proxi-

2249 4994 2365 5034 mos
2394 4977 2703 5046 dederetur,
2735 4992 2786 5036 et
2815 4982 3046 5051 gratiam
3089 4980 3211 5036 fidei
3247 4993 3406 5052 quam
3436 4981 3545 5050 jam
3583 4979 3844 5036 mereba-

2249 5081 2337 5128 tur
2366 5081 2420 5128 et
2451 5081 2566 5128 erat
2593 5084 2876 5140 aucturus,
2931 5073 3240 5140 amitteret,
3272 5083 3364 5127 aut
3403 5085 3555 5130 certe
3599 5073 3844 5146 lepidius

2243 5169 2514 5224 retineret
2547 5185 2559 5222 :
2591 5167 2643 5222 in
2676 5181 2772 5221 sua
2803 5167 2999 5222 iterum
3031 5178 3086 5223 et
3112 5166 3302 5222 uxoris
3325 5175 3608 5222 senectute
3631 5175 3845 5237 postre-

2241 5277 2349 5328 ma,
2392 5261 2504 5331 jam
2533 5261 2793 5316 membris
2827 5275 2924 5330 per
2955 5270 3172 5315 :etate'm
3207 5257 3536 5331 frigentibus
3556 5301 3569 5322 ,
3599 5259 3842 5313 nascitu-

2240 5373 2358 5412 rum
2393 5357 2494 5411 sibi
2529 5356 2720 5421 ﬁlium,
2767 5355 2894 5424 quia
2921 5355 3027 5410 hoc
3059 5354 3108 5409 ei
3157 5351 3299 5409 Dens
3329 5353 3696 5424 promisisset.
3724 5363 3837 5406 non

2239 5451 2586 5523 desperavit,
2647 5445 2884 5505 credens
2941 5453 3151 5503 natura:
3209 5441 3588 5503 difficultatem
3635 5446 3839 5502 divina:

2295 5609 2322 5649 ι’
2363 5609 2453 5667 Sic
2482 5609 2533 5664 in
2565 5608 2725 5665 codd.
2764 5608 2922 5665 Vind.
2953 5616 3009 5666 et
3042 5609 3229 5673 Lem.;
3272 5607 3325 5661 in
3355 5605 3519 5660 editis
3549 5614 3834 5669 reservato,

2228 5682 2465 5810 macleIlic
2491 5769 2704 5825 (lumine
2735 5751 2906 5825 codd.»
2932 5752 3086 5807 Vind.
3129 5761 3184 5808 et
3221 5749 3373 5806 Lem.
3425 5745 3739 5820 sequimur;
3773 5747 3833 5801 in

2227 5825 2399 5900 priori
2427 5823 2695 5897 editione,
2731 5828 2872 5897 facta
2899 5823 3201 5914 legebatur.
