4074 6204
276 333 411 389 1035

1475 323 2100 388 CONSULTATIONUM
2139 325 2270 388 LIB.
2302 327 2344 387 ἰ.

3421 323 3565 388 1086

272 453 586 521 sponsionis
625 451 992 522 possibilitate
1044 448 1364 504 vincentlam
1414 465 1426 501 :
1471 461 1633 517 quem
1681 457 1866 517 postea
1897 443 1948 508 Α
1977 447 2144 518 lisper
2174 439 2473 502 similitudo
2518 444 2755 508 veritati,
2789 445 3068 518 signisque
3125 441 3445 518 phantasia;
3478 445 3572 503 sed

273 558 397 598 cum
425 549 573 599 esset
601 545 652 600 ei
685 544 898 611 unicus,
938 543 1031 597 Dei
1083 541 1241 610 jussu
1268 540 1592 596 caedentium
1637 555 1744 594 arte
1788 539 1872 594 iit-

267 643 601 690 ‘cunctanter
640 636 924 699 admovit;
989 642 1253 704 praestare
1299 632 1533 700 amplius
1582 630 1866 697 Creatori,

272 741 436 795 quam
468 727 682 782 effectui
715 725 967 791 studens,
999 726 1272 794 simulque
1301 722 1583 778 conlidens
1614 724 1774 776 etiarn
1803 718 1871 777 de

275 821 544 876 ambustis
575 820 854 876 cineribtts
885 820 1039 875 reddi
1070 820 1174 874 sibi
1203 819 1473 888 integrum
1501 832 1686 888 posse,
1710 831 1871 886 quem

277 913 372 968 Dei
405 927 569 968 causa
603 912 741 982 ignis
783 913 1058 966 hausisset
1101 920 1150 965 ι.
1190 911 1389 964 Verum
1429 925 1720 980 numquam
1755 924 1873 965 cre-

273 1005 536 1061 dentibus
561 1005 695 1060 dura
720 1005 1000 1067 divinitas,
1028 1019 1135 1057 non
1182 1003 1363 1058 orbari
1405 1002 1761 1056 lectissimum
1793 1002 1872 1056 vi.

278 1112 398 1153 rum
433 1111 592 1166 passa
633 1105 738 1158 est,
770 1098 865 1151 sed
907 1104 1112 1150 tantum
1147 1095 1398 1165 probari;
1432 1109 1556 1149 nam
1611 1097 1712 1148 sub
1761 1093 1872 1148 ictu

272 1189 441 1259 gladii
471 1190 581 1258 jam
608 1189 831 1259 jamque
853 1187 1099 1243 ferientis
1129 1188 1359 1243 arietem
1385 1187 1615 1255 subjecit
1642 1187 1871 1252 intento,

273 1281 511 1336 hostiam
542 1281 813 1336 mitiorem
842 1297 857 1346 ;
888 1291 939 1336 ut
993 1291 1048 1335 et
1087 1281 1291 1350 absque
1322 1280 1542 1349 pictatis
1582 1279 1874 1348 dispendio

277 1375 501 1430 devotio
547 1377 952 1446 compleretur,
1000 1383 1049 1430 et
1084 1375 1440 1430 nihilominus
1479 1375 1703 1446 gratiam
1751 1373 1873 1430 fidei

275 1471 576 1540 acciperet,
611 1469 702 1539 qui
724 1469 895 1524 Deum
921 1469 1135 1524 alfcctui
1162 1470 1510 1539 prtetulisset.

352 1562 469 1616 Tali
524 1563 685 1632 igitur
734 1561 1058 1618 credulitate
1110 1563 1530 1632 promissionem
1597 1559 1877 1614 efﬂuentis

279 1665 442 1710 terra!
487 1663 741 1709 secuturo
787 1655 981 1708 semini
1015 1656 1242 1721 meruit,
1289 1662 1343 1709 et
1369 1654 1579 1710 Judaici
1625 1654 1877 1722 princeps

279 1750 466 1819 populi
515 1747 994 1802 circumcisionem
1039 1747 1245 1816 primus
1284 1749 1516 1818 accepit.
1566 1747 1682 1800 Non
1729 1744 1873 1815 quod

1975 540 2144 594 obniti
2195 550 2484 608 utcumque
2530 537 2890 607 permittitur,
2945 553 3051 592 non
3102 546 3163 592 ut
3210 537 3566 608 profanorum

1976 633 2179 687 falsitas
2225 633 2490 698 vinceret,
2523 631 2616 687 sed
2645 641 2703 686 ut
2751 630 2848 687 Dei
2878 631 3056 688 virtus
3100 633 3262 688 latius
3308 634 3573 690 eluceret.

1974 727 2105 782 Nam
2137 739 2258 781 cum
2291 727 2564 797 plagarum
2597 719 2945 782 diversitates
2970 727 3022 781 in
3051 741 3215 782 causa
3259 725 3394 796 signi
3437 729 3580 783 sicut

1975 820 2150 874 Moses
2184 817 2436 884 faciebat,
2469 819 2611 874 idem
2647 835 2863 891 quoque
2908 817 3086 875 facere
3117 819 3456 889 viderentur,
3491 836 3576 877 re-

1975 927 2170 967 vocare
2200 929 2304 967 non
2340 922 2588 982 poterant
2641 913 2782 984 quod
2834 913 3117 971 fecissent.
3170 914 3237 970 Et
3267 916 3406 971 sicut
3457 917 3577 974 ιιωο

1976 1011 2316 1060 monstruosa
2350 1007 2578 1062 scientia
2599 1005 2758 1071 solet,
2793 1019 2990 1061 nocere
3025 1011 3313 1077 noverant,
3348 1019 3577 1063 succur-

1975 1113 2100 1155 rere
2130 1097 2484 1162 nesciebant;
2528 1099 2795 1153 malorum
2827 1113 2949 1168 qua:
2983 1097 3085 1168 ipsi
3123 1097 3422 1154 intulerant
3452 1113 3576 1154 ces-

1977 1192 2243 1248 sationem
2276 1193 2343 1247 ab
2375 1206 2441 1248 eo
2482 1207 2699 1247 rursum
2742 1207 2901 1262 quem
2951 1193 3155 1247 imitari
3201 1192 3579 1259 conabantur,

1978 1294 2218 1341 orantes.
2243 1283 2332 1341 Sic
2355 1285 2419 1338 ad
2444 1295 2744 1340 eXtremum
2767 1284 3046 1340 dimittere
3064 1284 3089 1322 d
3114 1285 3377 1355 populum
3401 1287 3453 1340 vi
3479 1284 3582 1339 iui-

1977 1377 2301 1432 mitabilium
2344 1378 2621 1447 signorum
2673 1385 2728 1431 et
2776 1375 3236 1445 impossibilitatis
3285 1392 3398 1431 sua:
3448 1389 3580 1431 con-

1977 1469 2216 1524 fessione
2254 1467 2522 1537 compulsi
2584 1473 2732 1522 sunt.
2793 1466 3172 1523 Admonentur
3222 1467 3318 1523 Dei
3369 1467 3580 1538 judicio

1979 1562 2276 1632 profecturi
2325 1561 2702 1618 celebritatem
2749 1561 2936 1633 gaudii
2980 1561 3080 1616 sub
3122 1560 3270 1616 brevi
3321 1561 3581 1617 simulare

1978 1656 2258 1720 discessu,
2319 1664 2376 1710 et
2424 1653 2490 1709 ad
2539 1664 2790 1708 ornatum
2838 1653 3147 1709 absentium
3186 1653 3580 1708 solemniorum

1983 1749 2276 1816 impetrare
2305 1746 2580 1818 hospitum
2624 1761 2875 1813 censum,
2925 1745 3287 1816 cumdemque
3317 1757 3419 1816 pro
3464 1745 3584 1800 ditt-

281 1840 601 1912 pra-putitnn
647 1839 872 1909 iustitia:
903 1839 1290 1909 prtejudicaret
1328 1848 1419 1893 aut
1451 1838 1604 1904 ﬁdei,
1640 1839 1725 1893 vel
1772 1838 1870 1892 ali-
1907 1831 1956 1891 B
1984 1841 2126 1892 turni
2165 1837 2368 1893 laboris
2401 1839 2599 1892 merito
2645 1839 2927 1904 retinere;
2964 1853 3068 1891 non
3120 1834 3344 1918 fraudis
3375 1836 3582 1901 studio,

281 1931 412 1999 quid
437 1931 771 1996 superfluum
799 1931 849 1984 iu
866 1931 1085 1986 homine
1103 1931 1242 1984 Deus
1265 1941 1528 1990 creasset,
1555 1932 1695 2002 quod
1721 1939 1873 2000 posto

279 2038 346 2078 ca
389 2023 605 2092 juberet
641 2022 926 2088 abscindi;
973 2024 1068 2077 sed
1115 2030 1173 2076 ιιι
1222 2023 1361 2077 inter
1398 2025 1532 2076 alias
1570 2033 1758 2092 gentes
1804 2023 1878 2076 si-

277 2115 517 2185 guaculo
542 2115 784 2184 corporis
813 2115 970 2170 electi
1006 2114 1104 2168 viri
1139 2115 1358 2169 soboles
1389 2125 1724 2170 nosceretur.

352 2207 537 2276 Itaque
565 2207 721 2275 plebs
753 2206 942 2260 eadem
967 2207 1038 2260 ob
1073 2206 1308 2275 inopiam
1346 2220 1531 2262 earum
1555 2221 1688 2275 quas
1721 2205 1876 2259 inha-

281 2301 486 2356 bitabat
512 2301 802 2371 regionum
851 2302 1051 2356 transit
1088 2302 1142 2357 in
1187 2301 1484 2372 [Egyptqu
1529 2321 1542 2356 :
1585 2317 1689 2355 non
1731 2299 1877 2369 quod

281 2393 369 2448 his
412 2393 552 2448 Deus
573 2407 918 2462 quocumque
941 2394 1043 2447 loci
1071 2405 1335 2463 praestare
1359 2393 1743 2448 abundantiam
1768 2407 1876 2446 nou

281 2488 515 2550 valeret;
550 2487 642 2539 sed
677 2495 733 2538 ut
763 2501 976 2539 rursum
1000 2485 1299 2541 educturus
1328 2501 1392 2540 ex
1423 2486 1682 2556 Egypto,
1707 2500 1877 2554 quan-

281 2587 366 2632 tus
399 2589 541 2632 esset
575 2577 913 2632 mirabilibus
960 2577 1240 2632 edoceret.
1286 2576 1369 2631 Fit
1411 2592 1642 2646 magnus
1684 2592 1749 2631 ex
1780 2576 1878 2631 hac

282 2671 539 2741 progenie
569 2670 820 2739 populus,
847 2680 901 2725 et
932 2685 1102 2740 usque
1131 2671 1196 2724 ad
1231 2670 1484 2724 invidiam
1518 2669 1880 2724 multitudinis

281 2765 523 2833 paucitas
547 2765 781 2826 crescit;
809 2765 876 2817 ita
904 2776 957 2816 ιιι
985 2778 1107 2817 cum
1138 2764 1241 2819 sibi
1276 2764 1653 2833 praevalituros
1675 2763 1882 2835 Egyp-

283 2860 341 2914 tii
375 2859 747 2924 formidarent,
802 2868 1074 2929 tamquam
1107 2859 1304 2913 debita:
1337 2859 1583 2912 subditos
1629 2858 1880 2915 servituti

283 2953 512 3021 indignis
541 2953 802 3019 operibus
831 2951 1046 3006 afﬁcere
1094 2951 1421 3015 niterentur,
1467 2967 1610 3004 stt-va
1658 2952 1882 3019 insuper

283 3044 445 3098 edicti
478 3043 730 3099 violentia
763 3044 974 3098 virilem
1003 3058 1194 3098 sexum
1225 3044 1295 3098 ab
1326 3052 1483 3098 utero
1510 3045 1627 3098 neci
1655 3044 1878 3112 dabant,

283 3148 339 3191 ttt
369 3137 630 3192 oriundus
657 3137 948 3208 expositio,
985 3137 1138 3190 labor
1169 3136 1384 3191 validos
1416 3149 1743 3191 assumeret.
1770 3136 1882 3191 Sub

283 3231 366 3286 Itis
406 3230 790 3286 afflictionibus
837 3238 1114 3284 auctorem
1147 3230 1316 3284 Deum
1358 3229 1460 3284 sibi
1509 3246 1537 3282 a
1579 3231 1877 3300 majoribus
1903 3210 1948 3273 Ο

283 3322 538 3376 traditum
581 3322 866 3392 peregrina
903 3322 1057 3390 plebs
1084 3321 1358 3383 convenit.
1390 3331 1446 3377 et
1489 3321 1541 3376 in
1570 3323 1653 3376 sui
1685 3322 1880 3376 libera-

285 3417 488 3467 tionem
535 3415 734 3468 cultam
787 3430 886 3484 per
917 3424 1095 3484 patres
1127 3414 1303 3481 poscit
1351 3414 1732 3480 divinitatem;
1773 3431 1878 3482 tuta

285 3505 484 3560 factum
517 3517 594 3558 est
632 3515 687 3559 tit
711 3518 901 3560 eontra
932 3507 1039 3561 vim
1072 3505 1308 3561 crudelis
1331 3507 1493 3560 edicti
1527 3507 1738 3577 Moyses
1770 3506 1880 3575 pri-

285 3613 431 3650 mum
483 3612 509 3647 τι
566 3597 881 3664 parentibus
930 3596 1253 3651 educaretur
1313 3599 1555 3661 occulte;
1628 3597 1878 3652 iuventua

281 3686 477 3742 deinde
523 3702 552 3740 a
605 3687 709 3741 filia
742 3687 1065 3754 Pharaonis,
1118 3703 1241 3742 cum
1289 3689 1360 3742 ob
1389 3700 1590 3743 metum
1623 3689 1878 3758 praecepti

283 3790 430 3834 esset
455 3779 751 3849 expositus,
789 3781 935 3834 omni
967 3779 1344 3851 Egyptiorum
1377 3781 1764 3835 ittformaretur
1786 3797 1874 3836 sa-

284 3873 506 3943 pientia,
540 3883 701 3944 atque
726 3873 792 3925 ad
824 3873 1160 3927 liberandum
1193 3873 1287 3928 Dei
1321 3875 1576 3942 populum
1610 3884 1876 3944 praecepta

281 3968 602 4038 susciperet,
639 3981 706 4021 ne
735 3966 820 4020 vel
853 3965 1102 4020 indoctus
1134 3966 1446 4032 casualiter,
1481 3967 1562 4021 vel
1590 3966 1877 4024 mediocris

282 4061 309 4100 ι)
342 4061 639 4126 intellectu,
670 4060 715 4114 si
745 4059 1027 4113 institutus
1055 4061 1204 4113 omni
1254 4076 1440 4115 eorum
1473 4061 1734 4130 sapientia
1768 4077 1873 4116 non

281 4154 490 4219 fuisset,
521 4155 769 4207 incautus
796 4168 917 4221 qua:
947 4162 1267 4223 susceperat
1294 4163 1349 4208 et
1378 4153 1676 4208 credidisse
1722 4155 1875 4210 vide-

282 4258 434 4302 retur
460 4259 510 4302 ct
548 4261 761 4315 gerere.
794 4245 931 4301 Huic
962 4261 1058 4313 per
1107 4246 1286 4316 ignem
1335 4247 1403 4301 de
1441 4246 1576 4302 rubo
1610 4249 1751 4302 Deus
1795 4250 1877 4304 lo-

281 4341 488 4409 quitur,
518 4350 571 4393 et
599 4341 827 4394 valitura
860 4340 912 4394 iii
955 4338 1242 4411 Egyptios
1284 4341 1437 4409 signa
1488 4341 1827 4397 demonstrat
1857 4361 1870 4397 :

281 4432 477 4502 quibus
506 4432 690 4501 utique
717 4441 772 4487 et
802 4431 855 4487 hi
897 4432 1188 4487 crederent
1217 4447 1444 4502 quorum
1481 4435 1714 4490 servitus
1763 4435 1876 4490 sol-

282 4527 533 4590 vebatur,
563 4533 621 4581 et
645 4526 734 4595 qui
762 4525 1000 4581 reuisuri
1021 4536 1176 4581 erant
1203 4526 1632 4594 deterrerentur,
1664 4538 1872 4596 posset-

281 4635 387 4690 que
413 4619 466 4673 in
499 4618 600 4674 hac
645 4618 1017 4688 prodigiorum
1067 4621 1434 4676 ostentatione
1469 4635 1604 4690 gens
1647 4633 1878 4691 utraque

282 4711 523 4776 servari;
555 4725 677 4766 cum
715 4710 808 4765 Dei
859 4725 1020 4766 manu
1053 4709 1337 4766 evidenter
1367 4714 1629 4781 inspecta,
1662 4722 1715 4767 et
1742 4728 1879 4769 con-

283 4803 419 4856 verti
449 4803 518 4857 ab
543 4802 819 4872 impietate
845 4817 940 4858 sua
968 4815 1316 4862 contumaces
1341 4804 1791 4870 admonerentur,
1821 4814 1879 4862 et

281 4894 647 4951 liberarentur
669 4892 879 4948 afflicti.

354 4985 492 5040 Tum
524 4984 691 5056 Moysi
735 4983 1084 5040 emissionem
1130 4996 1444 5042 memoratae
1479 4989 1654 5056 plebis
1685 5005 1751 5044 ex
1785 4990 1879 5045 Dei

281 5078 610 5133 auctoritate
667 5078 932 5147 poscenti,
986 5093 1109 5132 cum
1163 5078 1444 5133 Pharaone
1493 5079 1877 5152 IEgyptiorum

283 5183 412 5238 rege
453 5167 594 5237 magi
637 5169 932 5235 resistunt,
977 5169 1165 5225 fallere
1207 5169 1459 5226 eumdem
1511 5173 1878 5244 prodigiorum

288 5270 308 5297 ε
336 5276 451 5331 quas
477 5261 697 5318 fecisset
715 5261 1021 5316 imitatione
1047 5264 1283 5318 nitentes
1309 5281 1323 5318 :
1347 5279 1447 5318 nec
1469 5265 1613 5320 cedit
1634 5259 1882 5335 aliquan-

357 5415 381 5440 ἰ
422 5403 514 5460 Sic
542 5404 665 5460 eod.
701 5403 849 5458 Lcm.
873 5446 886 5467 ,
919 5420 949 5458 e
997 5419 1106 5472 quo
1137 5404 1298 5458 ctiatn
1347 5405 1482 5458 dura
1527 5405 1688 5473 paulo
1728 5405 1869 5461 infra

283 5477 652 5538 restituimus,
685 5491 808 5530 nam
858 5478 906 5530 in
954 5476 1112 5530 editis
1159 5475 1246 5530 ltic
1290 5476 1593 5530 habebatur
1637 5481 1871 5542 auisset,

284 5547 592 5618 deiudeque
619 5551 763 5604 clara
801 5548 1064 5615 divinitas,
1100 5547 1252 5600 nullo
1279 5561 1466 5612 sensu.
1503 5545 1718 5603 Caetera
1751 5565 1874 5618 qua:

286 5617 486 5672 it:\i0t‘a
511 5617 660 5685 'sunt,
691 5621 1008 5674 omittimus.

358 5687 384 5725 δ
431 5689 502 5743 lia
534 5692 730 5762 legitur
761 5694 814 5746 in
845 5693 972 5748 cod.
1006 5690 1194 5756 \'ind.,
1226 5690 1404 5756 male;
1444 5691 1495 5745 in
1543 5690 1712 5762 priori
1757 5689 1876 5746 edi-

288 5760 437 5815 tione
470 5760 774 5830 t'ntellectus,
810 5765 1094 5819 institutus.

365 5843 383 5870 ε
432 5832 556 5889 llaec
588 5835 755 5892 etiam
785 5846 870 5893 est
899 5837 1021 5893 cod.
1055 5834 1216 5896 Vind.
1252 5833 1438 5904 lectio,
1469 5850 1629 5907 quam
1680 5846 1879 5906 praetu-

1982 1931 2078 1985 sed
2114 1931 2321 1985 honore
2351 1932 2642 1987 mercedis.
2681 1930 2718 1985 li
2752 1931 2950 1996 delusi,
2981 1945 3104 1985 cum
3128 1929 3304 1985 adhuc
3328 1929 3396 1985 de
3419 1943 3583 1998 opum

1981 2023 2286 2076 retentioue
2317 2021 2451 2076 nihil
2487 2023 2713 2088 scirent,
2743 2038 2880 2090 quos
2907 2019 2972 2076 ad
3025 2023 3132 2077 iter
3163 2033 3319 2076 oratu
3353 2035 3582 2092 compu-

1982 2115 2182 2181 lerant,
2219 2116 2643 2171 recrudescente
2673 2115 2881 2170 malitia
2925 2130 3046 2170 cum
3095 2115 3174 2170 ira
3223 2116 3588 2185 insequuntur

1981 2208 2235 2276 emissos,
2285 2217 2338 2264 et
2371 2210 2696 2265 imminente
2746 2209 3129 2280 Egyptiorum
3161 2210 3406 2264 exercitu
3455 2221 3586 2278 spes

1980 2303 2246 2358 evadendi
2281 2304 2647 2358 metuentibus
2689 2303 2866 2368 deest,
2894 2317 3014 2358 cum
3062 2312 3115 2358 et
3155 2318 3185 2358 a
3215 2311 3370 2374 tergo
3399 2302 3586 2358 hostes
3655 2323 3666 2333 ι

1980 2395 2314 2461 insisterent,
2349 2405 2404 2450 et
2430 2411 2581 2451 mare
2625 2411 2653 2449 a
2693 2394 2874 2451 fronte
2901 2397 3212 2466 oppositum
3245 2394 3581 2463 prohiberet.

2056 2487 2226 2541 Adest
2260 2488 2467 2542 territis
2502 2489 2669 2550 Deus,
2703 2496 2758 2542 et
2811 2489 2862 2540 in
2911 2473 3136 2542 summo,
3168 2487 3584 2556 desperantium

1984 2588 2130 2634 metu
2164 2581 2390 2635 caeleste
2434 2589 2638 2650 pugnat
2666 2580 2928 2634 auxilium
2969 2597 2979 2632 :
3012 2580 3317 2648 interjecta:
3349 2579 3586 2647 primum

1985 2687 2080 2742 per
2108 2673 2252 2728 diem
2287 2674 2527 2728 tenebras
2569 2673 2721 2728 velut
2750 2674 2971 2743 objectu
3011 2672 3406 2743 impenetrabili
3440 2688 3582 2743 prte-

1982 2765 2240 2821 cedentes
2270 2765 2594 2833 defendunt,
2649 2776 2704 2820 et
2751 2781 2781 2820 a
2835 2765 3281 2836 persequentium
3335 2764 3581 2834 impetu,

1984 2870 2186 2914 mutata
2218 2857 2618 2914 elementorum
2650 2860 2788 2920 vice,
2845 2868 3025 2914 tuetur
3070 2857 3318 2926 trepidos
3366 2857 3585 2914 subdita

1985 2950 2162 3003 noctis
2186 2948 2414 3004 infusio.
2451 2949 2610 3020 Virga
2641 2949 2843 3004 deinde
2873 2951 3090 3021 Moyses
3117 2959 3409 3020 percutere
3438 2949 3587 3019 pela-

1981 3058 2080 3110 gus
2108 3042 2330 3111 jubetur
2358 3042 2707 3111 immensum,
2734 3050 2896 3112 atque
2924 3042 2990 3097 ad
3027 3041 3376 3112 praebendam
3409 3049 3587 3095 trans-

1985 3136 2241 3190 euntibus
2271 3137 2412 3190 viam
2463 3136 2716 3206 profundi
2768 3151 2938 3206 aquas
2980 3137 3215 3206 imperio
3258 3147 3582 3201 removere;

1983 3230 2129 3284 celsa
2161 3229 2491 3285 altrinsecus
2537 3230 2806 3284 undarum
2839 3231 2987 3284 acies
3034 3229 3290 3300 erigitur,
3343 3236 3399 3281 et
3446 3235 3584 3281 tam-

1981 3339 2141 3394 quam
2173 3323 2242 3378 d
2273 3325 2488 3394 signum
2523 3324 2701 3379 bellici
2735 3325 2907 3378 moris
2938 3324 3237 3394 dispositos
3263 3329 3411 3378 stare
3438 3321 3587 3377 dice-

1983 3434 2068 3472 res
2102 3417 2324 3484 ﬂuctus,
2353 3433 2418 3470 uc
2445 3432 2596 3471 tuare
2628 3418 2766 3471 muri
2791 3417 3165 3472 similitudine
3193 3415 3482 3472 solidatum
3503 3416 3587 3470 iu-

1982 3513 2276 3582 telligentis
2297 3511 2563 3582 obsequio
2582 3512 2774 3566 dividi.
2804 3509 3069 3566 Panditur
3091 3510 3293 3566 siccum
3328 3511 3579 3581 gradien-

1984 3607 2126 3658 tibus
2157 3603 2356 3670 solum,
2388 3613 2447 3658 et
2493 3604 2598 3658 ima
2629 3604 2803 3674 pelagi
2837 3605 3006 3659 ardua
3044 3606 3275 3659 laterum
3311 3603 3457 3659 molc
3490 3614 3584 3658 va-

1980 3704 2242 3754 cuantur;
2280 3697 2586 3764 pepuloque
2635 3695 2687 3749 iu
2736 3696 2891 3750 littus
2939 3696 3086 3750 aliud
3139 3695 3427 3763 evadente,
3462 3707 3585 3750 cum

1983 3802 2371 3859 persequentes
2401 3791 2731 3844 abeuntibus
2763 3791 3135 3855 imminerent,
3175 3792 3339 3843 ictum
3389 3788 3584 3844 simili-

1981 3890 2064 3936 ter
2097 3895 2194 3950 per
2219 3880 2441 3952 Moysen
2466 3896 2683 3935 rursum
2713 3881 2766 3934 iu
2790 3896 2851 3936 se
2874 3884 3134 3936 convenit
3157 3895 3333 3946 mare;
3366 3889 3421 3935 et
3446 3893 3585 3935 tam-

1979 3991 2138 4046 quam
2170 3975 2241 4028 ob
2269 3974 2368 4029 Dei
2398 3975 2652 4045 injuriam
2688 3975 2920 4030 vindicis
2944 3975 3201 4030 elementi
3237 3975 3585 4030 immensitas

1979 4081 2207 4122 recursu
2237 4066 2528 4121 tumidiore
2559 4066 2880 4131 conflueret,
2913 4064 3299 4120 innumerabili
3325 4051 3585 4121 curruum

1977 4169 2033 4214 et
2054 4176 2315 4230 equorum
2346 4175 2468 4214 cum
2502 4160 2693 4214 electis
2720 4159 3107 4216 ascensoribus
3136 4160 3430 4213 multitudo
3457 4160 3589 4213 sub-

1978 4254 2277 4323 mergitur;
2309 4253 2582 4322 mixtaque
2611 4255 2795 4307 arenis
2827 4253 3156 4308 bellatorum
3186 4267 3404 4320 manus,
3439 4259 3581 4306 tam-

1978 4361 2139 4415 quam
2174 4359 2282 4400 non
2308 4343 2517 4410 fuisset,
2553 4345 2768 4400 obtecta
2798 4355 2904 4401 est.

2053 4438 2145 4491 llis
2176 4438 2489 4507 primordiis
2512 4437 2580 4493 ab
2614 4438 2888 4494 Abraham
2923 4439 3110 4511 Moyse
3141 4438 3278 4494 duce
3310 4437 3464 4509 plebs
3496 4451 3579 4492 as~

1978 4541 2192 4600 sumpta
2220 4531 2539 4588 Judasorum
2571 4541 2692 4596 est;
2727 4542 2786 4588 et
2817 4542 2939 4602 post
2967 4533 3262 4586 transitum
3297 4529 3464 4585 matis
3495 4545 3586 4583 us-

1905 4607 1957 4666 θ
1983 4639 2088 4694 que
2119 4625 2184 4678 ad
2215 4639 2459 4679 eremum
2493 4625 2545 4678 in
2570 4639 2678 4693 qua
2708 4623 3067 4693 quadraginta
3117 4623 3275 4676 annis
3306 4633 3580 4685 mansere,

1990 4715 2236 4785 perducti
2258 4725 2409 4769 sunt.
2445 4725 2470 4753 θ
2505 4715 2616 4769 llos
2642 4730 2739 4784 per
2761 4723 2973 4768 noctem
2999 4714 3252 4768 columna
3278 4713 3417 4766 lucis
3443 4719 3585 4765 tam-

1986 4824 2145 4879 quam
2187 4808 2400 4863 itineris
2423 4808 2534 4861 dua
2565 4807 2794 4877 praeibat
2825 4823 2838 4861 :
2869 4807 3060 4861 eadem
3107 4807 3270 4860 etiam
3297 4819 3396 4875 per
3435 4803 3582 4858 diem

1985 4916 2054 4956 ne
2085 4899 2259 4956 fessos
2312 4898 2571 4954 lassitudo
2610 4897 2938 4960 conﬁceret,
2973 4898 3029 4952 in
3081 4897 3224 4952 nube
3257 4896 3578 4968 prtecedens

1987 4993 2056 5047 ab
2085 5003 2250 5046 matus
2279 4990 2470 5060 injuria
2494 4989 2824 5046 vindicabat.
2879 4989 2957 5045 Ita
3004 5005 3235 5060 prorsus
3275 4988 3586 5044 famulanti-

1988 5085 2089 5140 bus
2119 5083 2406 5138 elementis
2442 5084 2533 5137 Dci
2565 5084 2770 5138 auxilio
2798 5085 2878 5138 usi
2913 5093 3062 5149 sunt,
3093 5092 3145 5138 ut
3180 5083 3233 5137 in
3264 5083 3386 5153 ejus
3415 5082 3586 5138 bette-

1989 5177 2131 5231 ﬁciis
2165 5191 2270 5232 non
2300 5177 2418 5231 sola
2464 5175 2710 5233 ctnlestis
2740 5175 3376 5247 potentitediguatione,
3407 5174 3503 5230 sed
3531 5182 3587 5229 et

1993 5279 2232 5338 paterna:
2260 5270 2479 5352 pictatis
2511 5269 2845 5339 indulgentia
2873 5270 3186 5325 fruerentur
3209 5311 3223 5332 ,
3257 5278 3313 5324 et
3346 5281 3469 5321 cum
3502 5266 3586 5320 in-

1979 5407 2142 5478 limus
2172 5407 2358 5473 editas,
2389 5424 2504 5477 qum
2525 5408 2783 5478 fecissent.

2053 5477 2080 5516 ἀ
2122 5479 2215 5534 Sic
2247 5482 2298 5535 in
2334 5475 2490 5535 Vind.
2523 5475 2584 5535 et
2613 5479 2802 5545 Letu.;
2833 5479 2886 5535 in
2915 5478 3099 5543 editis,
3127 5476 3380 5547 popvlum
3400 5475 3583 5530 inimi-

1982 5551 2218 5624 tabilium
2245 5551 2782 5624 signorumgimpass”
2818 5552 3073 5624 pessime.

2057 5636 2078 5660 ε
2122 5617 2317 5678 Totum
2345 5628 2491 5678 hunc
2520 5621 2698 5678 locum
2727 5617 3070 5678 restituituus
3097 5633 3202 5688 ope
3229 5618 3391 5674 codd.
3422 5617 3584 5678 Vind.

1983 5706 2037 5750 et
2070 5695 2325 5762 Lemov.;
2352 5695 2496 5752 finde
2519 5694 2573 5750 iu
2608 5693 2778 5764 priori
2801 5691 3290 5762 editione‘,hocper
3311 5701 3584 5752 noctem...

1985 5767 2094 5821 dux
2116 5767 2180 5821 iis
2210 5767 2448 5839 prtrt'bat.
