4092 6176
534 238 672 301 1087

1784 234 2104 293 ΖΑΟΟΗᾹΞΙ
2133 233 2522 294 CHRISTIANI

3695 238 3835 299 1088

536 360 620 409 ter
650 351 1070 409 admirationem
1102 365 1167 407 ac
1198 352 1583 409 necessitatem
1612 359 1920 423 stuperent,
1973 351 2128 424 signa
2158 358 2207 419 Α
2236 353 2419 425 ignem
2454 354 2742 411 mulierum
2792 357 3112 424 monilibus,
3149 360 3226 416 illi
3256 374 3319 417 se
3350 357 3588 415 dandum
3620 356 3833 428 profes-

536 454 591 505 et
620 444 859 520 pericula
890 460 995 501 non
1030 446 1306 502 timerent.

1124 542 1352 599 CAPUT
1394 542 1539 599 XIX.

685 637 749 693 Si
778 636 886 692 Lex
911 637 1028 709 plus
1055 635 1231 690 attulit
1266 636 1557 691 hominibus
1586 653 1743 707 quam
1779 644 1990 690 natura.

611 731 811 788 Λροιι.
827 761 899 771 -
920 729 1085 786 Grata
1111 731 1432 802 estquidem
1452 730 1694 802 cognitio
1717 731 2135 801 praedictorum;

543 823 642 880 sed
672 824 775 879 nisi
823 825 1055 879 rationis
1086 824 1427 895 plenitudine
1461 826 1759 889 muniatur,
1792 825 2004 879 intirma
2033 832 2138 879 est.

543 916 681 985 Quid
710 916 875 988 igitur
905 916 1004 971 fuit
1034 932 1238 982 cauae,
1274 928 1331 972 ut
1356 933 1578 973 emenso
1610 918 1745 971 mari
1776 916 1939 971 tantis
1962 932 2139 972 rerum

543 1010 818 1066 miraculis
851 1010 1063 1065 liberati
1117 1012 1182 1064 ad
1215 1026 1458 1066 eremnm
1515 1011 1882 1076 ducerentur;
1928 1020 2020 1065 aut
2046 1025 2143 1065 cur

544 1114 734 1174 postea
785 1103 837 1158 in
870 1104 1105 1159 desertis
1135 1114 1239 1159 tam
1296 1105 1436 1176 longi
1490 1106 1753 1176 temporis
1799 1105 2143 1175 ablegatione

544 1197 769 1251 cruciati
800 1197 962 1251 sunt?
988 1196 1121 1252 Cum
1152 1198 1259 1254 illis
1284 1208 1547 1268 praeterea
1576 1199 1889 1253 alimoniam
1912 1207 2142 1253 caetera-

544 1303 655 1360 que
686 1288 811 1343 vitae
845 1291 1153 1345 necessaria
1189 1293 1416 1347 horrens
1466 1293 1747 1363 regionum
1779 1292 2002 1347 nuditas
2034 1308 2141 1347 non

549 1383 854 1450 praeberet;
887 1384 1033 1439 unde
1062 1399 1193 1453 ergo
1227 1385 1555 1441 multitudini
1596 1395 1818 1458 pastus;
1853 1398 1943 1441 aut
1980 1401 2141 1456 quam

549 1473 620 1528 ob
649 1488 869 1529 causam
896 1474 1015 1530 haec
1040 1486 1327 1546 tantopere
1357 1478 1599 1533 liberatis
1631 1494 1791 1549 pmna
1827 1479 2020 1543 fuerit;
2052 1480 2142 1534 vel

547 1566 1004 1639 quemadmodum
1036 1580 1227 1640 postea
1260 1571 1352 1627 lex
1385 1573 1513 1637 lata,
1548 1573 1829 1645 deprome.

621 1659 824 1715 Zaccu.
858 1692 918 1701 -
944 1662 1055 1718 Nec
1089 1678 1245 1733 ptena
1273 1664 1403 1719 illud
1434 1666 1779 1736 relegationis
1808 1664 1930 1730 fuit,
1961 1681 2059 1722 nec
2089 1666 2140 1721 in

2240 461 2333 502 sus
2362 456 2447 503 est
2477 449 2751 517 religioni,
2784 465 2906 520 qua:
2937 451 3068 505 culti
3103 452 3154 506 in
3180 451 3415 523 {Egypto
3444 449 3575 505 idoli
3606 448 3835 506 formam

2241 542 2492 598 referret.
2527 542 2809 599 Reversus
2836 544 3052 615 Moyses
3077 545 3311 602 lideliter
3340 545 3494 600 saevit
3520 546 3572 598 in
3608 543 3836 609 facinus,

2241 646 2295 693 et
2323 638 2546 693 redacto
2594 638 2645 692 in
2683 638 2961 707 pulverem
2997 640 3138 695 tauri
3168 641 3347 708 capite
3377 638 3520 710 quod
3558 639 3759 692 factum
3785 636 3837 691 in

2243 729 2652 786 similitudinem
2687 731 3114 787 abominationis
3142 730 3410 803 Egyptia:
3440 730 3638 795 fuerat,
3689 729 3839 785 dela-

2245 832 2325 878 tas
2354 823 2408 877 in
2443 824 2618 893 legem
2651 824 2863 879 tabulas
2910 824 3291 893 indignatione
3342 824 3653 894 confringit,
3705 822 3845 878 indi-

2243 931 2377 985 gnos
2408 915 2525 971 fore
2549 917 2643 971 Dei
2680 916 2880 973 litteris
2905 917 3158 987 judicans
3186 932 3325 989 quos
3357 918 3481 972 talis
3523 918 3637 971 ausi
3683 930 3845 971 exseo

2244 1012 2415 1064 oratio
2446 1010 2751 1079 polluisset.
2802 1011 2914 1065 Nec
2947 1012 3096 1080 prius
3127 1010 3198 1065 ab
3228 1010 3325 1067 ira:
3367 1011 3573 1078 impetu
3602 1008 3842 1075 destitit,

2245 1119 2402 1173 quam
2435 1104 2616 1159 missis
2648 1112 2741 1173 per
2768 1112 2949 1158 castra
2992 1104 3301 1159 sectoribus
3345 1102 3639 1157 multorum
3692 1100 3847 1156 cazde

2247 1196 2487 1265 piaretnr
2518 1195 2837 1259 admissum,
2872 1204 2927 1249 et
2961 1194 3147 1264 sedata
3180 1194 3379 1264 injuria
3416 1194 3512 1249 Dei
3555 1192 3760 1247 refecta
3793 1192 3848 1247 in

2249 1287 2450 1342 tabulis
2474 1295 2884 1356 reportarentur
2907 1298 3212 1357 praecepta;
3249 1301 3479 1357 quorum
3508 1284 3847 1355 reparatione

2246 1389 2605 1435 monstratum
2638 1388 2741 1444 est,
2773 1380 2944 1434 Deum
2977 1394 3088 1434 non
3134 1380 3319 1434 odisse
3356 1392 3497 1449 quos
3541 1377 3849 1447 permiserit

2246 1471 2472 1542 corrigi,
2506 1470 2600 1526 sed
2630 1471 2802 1526 deleri
2837 1471 3078 1526 noluisse
3110 1487 3246 1542 quos
3292 1472 3371 1525 sic
3399 1470 3636 1526 voluerit
3684 1470 3848 1524 casti-

2244 1565 2382 1637 gari.
2414 1565 2538 1620 Haec
2564 1579 2690 1634 ergo
2720 1565 2888 1619 eremi
2919 1564 3191 1632 circuitio,
3222 1565 3339 1619 hate
3364 1579 3489 1634 erga
3527 1574 3842 1633 susceptam

2247 1661 2419 1717 semel
2452 1660 2663 1731 plebem
2698 1659 2963 1715 beneﬁcia
2998 1659 3095 1714 Dei
3127 1658 3490 1730 quadraginta
3543 1659 3705 1711 annis
3753 1656 3849 1711 du-

549 1751 787 1807 desertis
816 1768 878 1809 ac
904 1756 1278 1825 squalentibus
1310 1758 1441 1813 locis
1470 1759 1788 1814 necessaria
1812 1759 2139 1826 defuerunt;
2176 1752 2220 1811 Β
2248 1764 2436 1810 rarunt
2472 1773 2485 1809 :
2522 1767 2631 1809 tum
2682 1755 2769 1810 lex
2798 1754 3062 1810 divinitus
3097 1755 3201 1809 lata
3234 1764 3351 1820 est,
3396 1768 3518 1823 quae
3552 1764 3573 1791 ε
3616 1752 3702 1806 sui
3739 1751 3851 1806 edi—

548 1845 643 1903 sed
670 1856 855 1917 pastus
877 1847 1159 1904 hominum
1184 1851 1518 1907 exhibitione
1552 1854 1861 1921 pretiosior,
1892 1864 1947 1909 et
1975 1854 2142 1909 eremi

552 1938 722 2011 ipsius
755 1940 1006 1996 circnitio
1037 1957 1275 2014 congrua
1310 1961 1322 1998 :
1357 1954 1521 2016 atque
1563 1945 1677 2001 haec
1724 1948 1995 2017 prmcipua
2027 1962 2143 2002 mo-

550 2044 733 2089 rarum
761 2045 947 2101 causa,
982 2041 1039 2088 ut
1082 2035 1189 2091 illic
1217 2037 1578 2107 przecedentia
1618 2039 2001 2095 miraculorum
2050 2055 2143 2094 au-

547 2134 803 2195 gerentur
833 2127 1118 2197 exempla;
1160 2140 1216 2183 et
1261 2130 1386 2200 quia
1440 2146 1656 2200 semper
1703 2143 1921 2188 assueta
1974 2134 2144 2204 diligi-

550 2228 691 2279 mus,
727 2216 1123 2285 providendum
1157 2218 1282 2287 fuit,
1315 2237 1383 2277 ne
1432 2224 1616 2277 statim
1647 2224 1713 2278 ad
1760 2226 2142 2295 promissionis

549 2316 751 2362 terram
787 2310 938 2365 brevi
959 2326 1023 2366 ac
1053 2322 1202 2368 recto
1233 2314 1429 2370 itinere
1462 2318 1827 2386 pervenirent,
1855 2320 2050 2389 quibus
2075 2321 2139 2377 ad

547 2399 842 2473 Egyptum
874 2406 1182 2461 revertendi
1212 2409 1484 2478 voluntas,
1531 2412 1673 2467 sicut
1702 2413 1987 2471 confestim
2018 2432 2143 2486 pro-

549 2495 736 2552 batum
768 2508 871 2567 est,
910 2510 1094 2569 posset
1138 2503 1433 2575 aliquando
1462 2507 1790 2578 subrepere;
1823 2526 1945 2565 cum
1978 2512 2141 2567 etiam

545 2589 600 2647 in
620 2607 829 2647 summa
844 2595 1175 2652 abundantia
1194 2608 1217 2633 η
1236 2600 1525 2671 inCOgnitac
1544 2604 1781 2673 regionis
1799 2613 2140 2661 assuetornm

546 2684 943 2742 desideriorum
989 2698 1043 2744 et
1087 2690 1296 2760 profani
1349 2707 1626 2749 sacrorum
1686 2697 1821 2751 ritus
1868 2713 1895 2751 a
1949 2698 2143 2768 quibus

549 2780 1161 2854 maxintearcebantur,
1186 2800 1535 2844 occurrerent
1560 2807 1573 2855 ;
1609 2806 1675 2847 ne
1696 2793 2141 2861 expellendarum

553 2880 822 2943 prmterea
854 2890 921 2931 ex
952 2876 1142 2934 iisdem
1176 2882 1488 2951 regionibus
1537 2886 1800 2954 gentium,
1850 2888 1979 2942 licet
2005 2902 2143 2957 pra:-

549 2965 638 3020 via
666 2966 953 3024 divinitate
984 2970 1090 3025 illis
1144 2988 1248 3027 non
1292 2974 1510 3029 illatura
1541 2976 1908 3046 dispendium,
1959 2978 2141 3033 statim

550 3057 692 3114 bella
726 3070 1019 3117 terrerent.
1053 3066 1221 3119 Simul
1256 3068 1420 3121 etiam
1453 3079 1509 3122 ut
1540 3079 1663 3139 post
1689 3072 1859 3124 eremi
1891 3070 2140 3137 injuriam

2246 1848 2394 1903 tione
2420 1862 2528 1903 non
2557 1860 2951 1919 prmceptorum
2979 1848 3295 1913 novitatem,
3323 1846 3419 1901 sed
3448 1846 3852 1916 reparationem

2242 1942 2478 2012 justitite
2512 1940 2777 1995 naturalis
2806 1940 3059 2006 afferret;
3092 1948 3153 1995 ut
3180 1939 3325 2010 quod
3370 1949 3498 1994 ante
3543 1939 3701 2008 pauci
3762 1937 3851 1990 ad-

2247 2034 2465 2089 modum
2500 2043 2555 2089 et
2584 2033 2867 2103 sapientes
2892 2032 3167 2095 sciebant,
3199 2046 3391 2087 omnes
3424 2045 3567 2086 nunc
3597 2029 3852 2084 intuean-

2249 2137 2335 2183 tur
2358 2138 2408 2183 et
2448 2127 2761 2199 perlegam;
2790 2141 2889 2183 nec
2924 2125 3218 2182 excusandi
3247 2126 3445 2181 habeat
3475 2124 3753 2195 ignoratio
3777 2123 3853 2177 lo—

2246 2237 2392 2288 cum,
2411 2237 2534 2277 cum
2552 2222 2602 2277 id
2621 2221 2767 2291 quod
2793 2222 2895 2276 sibi
2918 2221 3216 2292 ingenitum
3236 2221 3358 2291 quis
3383 2220 3501 2275 fore
3526 2234 3635 2273 non
3657 2217 3847 2284 sentit,

2246 2333 2357 2373 non
2389 2318 2520 2375 solis
2549 2316 2804 2373 sensibus
2831 2325 3063 2387 quaerat,
3099 2316 3195 2371 sed
3227 2314 3437 2371 visibus
3467 2321 3845 2385 recognoscat.

2836 2410 3066 2467 CAPUT
3110 2410 3227 2465 XX.

2390 2506 2562 2572 Quare
2590 2505 2734 2559 salus
2776 2504 3042 2559 hominum
3080 2512 3186 2557 tam
3228 2502 3374 2556 tarde
3404 2502 3695 2555 advenerit.

2315 2602 2516 2657 APOLL.
2544 2631 2614 2641 -—
2632 2600 2851 2655 Harere
2866 2598 3187 2652 naturaliter
3214 2597 3465 2650 humanis
3482 2594 3745 2648 sensibus
3768 2592 3843 2648 le-

2244 2712 2389 2768 gem,
2422 2706 2477 2751 et
2504 2698 2684 2750 inesse
2706 2694 2954 2749 omnibus
2980 2692 3319 2747 intellectum
3360 2690 3490 2762 quid
3536 2698 3745 2745 noceat
3787 2703 3847 2743 ac

2247 2792 2437 2861 prosit,
2471 2790 2598 2861 quid
2627 2805 2839 2860 tequum
2865 2798 2959 2843 aut
2991 2788 3251 2856 injustum
3284 2786 3376 2852 sit,
3402 2792 3587 2852 aperta
3606 2783 3849 2852 cognitio

2246 2895 2359 2949 est;
2410 2883 2627 2953 quando
2654 2891 2705 2937 et
2742 2882 2976 2951 diligere
3024 2879 3051 2916 ἀ
3101 2878 3318 2949 propria
3350 2879 3551 2933 scimus
3580 2886 3638 2932 et
3668 2875 3851 2929 odisse

2243 2976 2538 3043 contraria,
2562 2989 2625 3029 ac
2655 2976 2815 3028 simul
2845 2974 3045 3043 placita
3082 2972 3171 3025 alii
3207 2980 3467 3039 prasstare
3498 2968 3570 3023 sit
3605 2967 3848 3034 bonitas,

2245 3080 2300 3126 et
2329 3084 2543 3124 rursum
2578 3068 2899 3139 improbitas
2931 3067 3023 3120 alii
3067 3082 3186 3136 qua:
3219 3066 3546 3134 diSpliceant
3581 3066 3850 3132 irrogare.

549 3155 819 3223 promissa
852 3154 1112 3211 habitatio
1146 3159 1263 3228 plus
1296 3160 1552 3229 placeret,
1584 3178 1743 3232 quam
1793 3163 1919 3218 licet
1960 3179 2054 3231 per
2085 3178 2145 3219 se
2174 3142 2219 3204 Ο
2252 3164 2406 3221 Unde
2436 3164 2561 3234 quid
2609 3163 2840 3233 amplius
2894 3161 2979 3215 lex
3031 3175 3127 3230 per
3159 3159 3381 3229 Moysen
3423 3158 3529 3211 lata
3562 3155 3847 3220 detulerit,

548 3246 943 3304 inaestimabilis
972 3253 1258 3307 ammnitas
1288 3254 1715 3319 commendaret,
1748 3254 2145 3326 praeteritorum

551 3347 731 3396 tamen
762 3344 1071 3399 recordatio
1102 3344 1306 3401 faceret
1334 3348 1624 3416 aptiorem.
1668 3348 1733 3403 Et
1766 3348 1885 3403 vide
1912 3349 2150 3404 clemen-

551 3442 660 3490 tem
698 3437 750 3490 in
797 3452 895 3491 sua
930 3439 1188 3507 patientia
1220 3442 1583 3513 divinitatem.
1624 3444 1831 3499 Victum
1880 3460 1986 3499 non
2026 3462 2151 3514 snp-

549 3525 675 3596 plici
700 3531 1047 3595 sperantibus
1079 3548 1261 3602 prece,
1294 3536 1387 3591 sed
1418 3536 1610 3593 deesse
1643 3538 1993 3593 tumultuarie
2018 3553 2151 3608 que-

550 3622 822 3690 rentibus,
856 3627 1051 3682 nnbem
1075 3630 1364 3697 quamdam
1387 3641 1605 3700 praestat
1627 3647 1880 3699 annonae,
1906 3644 1959 3688 et
1987 3648 2154 3703 ange-

554 3714 731 3771 lorum
759 3718 885 3772 cibo
914 3734 1145 3791 corpora
1180 3724 1416 3779 humana
1448 3736 1746 3781 vescuntur
1774 3743 1787 3781 :
1820 3727 1890 3780 ita
1935 3734 1993 3781 ut
2026 3742 2154 3781 noc-

550 3817 728 3867 tttrnze
750 3811 1011 3883 largitatis
1038 3814 1238 3871 infusio
1266 3832 1371 3871 non
1402 3818 1640 3887 querelae
1666 3827 1870 3873 tantum
1896 3819 2152 3873 interclu-

482 3984 493 3987 _
550 3902 707 3958 deret
753 3904 953 3971 locum,
987 3907 1083 3963 sed
1118 3909 1235 3963 usui
1268 3920 1524 3980 congesta
1549 3920 1880 3981 superesset.
1913 3911 2029 3966 lllic
2058 3928 2153 3983 per

556 4011 721 4053 omne
751 4000 895 4067 quod
918 4000 1028 4055 dixi
1064 4010 1274 4072 tempus
1304 4003 1505 4058 mirum
1540 4005 1591 4059 in
1625 4004 1870 4071 modum,
1904 4020 2011 4060 non
2044 4007 2153 4061 cal-

554 4100 926 4158 ceamentum,
960 4108 1067 4149 non
1121 4096 1291 4151 vestis
1320 4099 1594 4164 atteritur,
1630 4099 1777 4152 nulla
1806 4098 2033 4167 perinde
2060 4114 2153 4153 ca-

555 4180 816 4251 pillorum
864 4193 958 4240 aut
1005 4189 1262 4255 unguium
1306 4189 1548 4246 excretio
1592 4190 1867 4245 dominata
1910 4202 2024 4253 est;
2057 4191 2153 4245 sed

557 4275 706 4329 velut
759 4278 1171 4335 immortalitate
1205 4281 1317 4351 jam
1351 4283 1586 4349 reddita,
1637 4284 2031 4340 immutabilem
2066 4284 2156 4339 ho-

558 4366 724 4421 minis
752 4368 983 4425 formam
1013 4371 1242 4441 simplex
1269 4376 1510 4429 servavit
1539 4377 1841 4445 integritas.

629 4460 749 4515 lllic
798 4462 1010 4534 Moyses
1057 4465 1123 4518 ad
1164 4464 1568 4534 suscipiendam
1623 4468 1796 4537 legem
1846 4477 2072 4523 vocatur
2100 4471 2151 4523 in

2252 3271 2411 3327 qttam
2467 3264 2659 3309 natura
2712 3252 3029 3319 tradiderat,
3088 3250 3194 3304 nisi
3250 3250 3551 3305 edictorum
3614 3240 3851 3317 qualitas

2253 3360 2577 3422 exponatnr,
2614 3348 2923 3419 intelligere
2955 3361 3061 3402 non
3098 3360 3341 3417 possum.

2325 3446 2525 3503 Zxccu.
2552 3476 2621 3485 —
2646 3445 2735 3499 Dei
2776 3443 2983 3515 agnitio
3007 3452 3062 3497 et
3108 3456 3230 3496 cum
3259 3439 3553 3496 dilectione
3586 3436 3851 3501 formido,

2255 3541 2341 3597 lex
2365 3540 2536 3610 prima
2563 3546 2666 3594 est.
2694 3537 2865 3593 Deum
2891 3536 3036 3591 enim
3059 3550 3221 3591 nosse
3243 3533 3368 3604 quid
3389 3532 3639 3603 prodest,
3656 3531 3705 3584 si
3735 3530 3857 3584 dili-

2254 3650 2385 3705 gere
2411 3648 2475 3687 ac
2516 3633 2708 3686 timere
2739 3645 2843 3684 non
2868 3629 3018 3684 cordi
3046 3629 3164 3684 est?
3193 3626 3617 3681 Consummatns
3652 3623 3855 3677 deinde

2252 3731 2479 3801 justitim
2502 3729 2636 3784 ordo
2664 3728 3038 3797 subsequitur,
3071 3723 3291 3781 studere
3338 3722 3549 3791 pietati,
3586 3720 3724 3776 etin
3762 3719 3857 3773 ob-

2256 3824 2556 3879 servantias
2611 3818 2882 3876 bonorum
2913 3833 3137 3887 operum
3184 3816 3381 3871 mentis
3425 3812 3661 3883 puritate
3713 3820 3858 3865 tran-

2257 3918 2543 3975 scendere.
2594 3916 2739 3969 locst
2770 3922 3033 3982 prmterea
3071 3926 3311 3982 praesens
3351 3924 3507 3979 paena
3540 3907 3861 3963 commissis

2258 4021 2313 4066 et
2343 4010 2551 4080 piacula
2580 4009 2882 4078 junguntur
2910 4005 3151 4068 offensis,
3204 4018 3520 4071 summaque
3549 4001 3859 4055 edictorum

2258 4100 2611 4157 conclusione
2640 4098 2974 4168 praecipitur,
3006 4110 3074 4150 ne
3098 4095 3221 4148 aliis
3244 4094 3411 4147 facias
3429 4092 3574 4162 quod
3609 4091 3733 4144 fieri
3772 4088 3861 4143 tibi

2260 4194 2432 4259 nolis;
2493 4200 2547 4247 et
2594 4207 2833 4253 rursum,
2887 4197 2945 4243 ut
3004 4188 3128 4243 aliis
3177 4187 3343 4242 facias
3391 4183 3535 4255 quod
3586 4182 3707 4237 ﬁeri
3770 4181 3865 4236 tibi

2259 4288 2414 4343 velis.
2462 4286 2681 4342 Creatio
2729 4281 2958 4354 perinde
3006 4280 3191 4336 mundi
3223 4279 3383 4349 hujus
3426 4281 3629 4332 inserta
3665 4285 3781 4341 est,
3816 4282 3866 4329 et

2261 4382 2401 4437 hanc
2439 4381 2836 4435 elementorum
2869 4375 3333 4446 conspirationem
3376 4371 3516 4427 idem
3548 4369 3637 4439 qui
3673 4385 3745 4423 ex
3784 4369 3865 4422 ni-

2262 4473 2373 4528 hilo
2403 4472 2603 4527 fecerat
2633 4469 2925 4524 fabricator
2954 4468 3231 4535 exposuit,
3260 4465 3340 4518 sui
3372 4461 3620 4518 indicans
3652 4460 3866 4532 operis,

559 4564 828 4622 montem,
862 4564 918 4611 et
944 4558 1299 4628 quadraginta
1332 4558 1525 4614 diebus
1549 4575 1614 4615 ac
1639 4561 1891 4616 noctibus
1915 4563 2006 4616 Dei
2042 4570 2156 4617 ten-
2188 4545 2239 4604 D
2263 4582 2383 4639 qua:
2404 4566 2479 4621 illi
2506 4575 2774 4620 coaeterna
2808 4565 3076 4617 humanus
3105 4574 3261 4615 error
3282 4557 3506 4613 invexit.

558 4658 644 4703 tus
675 4649 938 4720 alloquio,
969 4652 1173 4722 scripta
1207 4652 1259 4705 in
1296 4652 1530 4722 lapideis
1572 4654 1776 4709 tabulis
1820 4653 1989 4710 refert
2018 4670 2155 4725 prac-

555 4750 715 4811 cepta
762 4761 777 4796 :
820 4741 956 4813 proh
990 4742 1172 4799 nefas!
1203 4754 1494 4815 corruptos
1533 4746 1825 4818 sacrilegio
1853 4762 1990 4818 quos
2022 4748 2160 4803 reli-

560 4843 762 4904 querat
789 4835 1233 4906 deprehendens,
1265 4838 1392 4893 dum
1423 4839 1601 4895 adhuc
1640 4856 1839 4895 manna
1867 4850 1921 4896 et
1948 4841 2161 4897 caelesti

560 4925 925 4983 oblectatione
969 4940 1156 4985 essent
1190 4929 1215 4968 ι)
1271 4930 1482 4987 refecti.
1531 4931 1665 4987 Cum
1716 4933 1860 4987 enim
1911 4934 2159 5002 ejusdem

561 5017 731 5090 Moysi
768 5036 950 5077 moras
977 5024 1127 5079 velut
1158 5041 1264 5080 non
1296 5026 1526 5081 redituri
1557 5028 1702 5083 idem
1752 5029 1987 5098 populus
2012 5030 2165 5084 incu-

562 5122 734 5179 saret,
772 5115 1029 5181 praedicta
1078 5120 1413 5175 abundantia
1448 5132 1726 5177 saturatos
1767 5124 1876 5178 cito
1924 5124 2094 5178 Deum
2127 5140 2159 5179 a

561 5224 669 5280 quo
694 5224 759 5266 ex
791 5210 1029 5283 IEgypto
1057 5214 1285 5270 eductus
1332 5227 1501 5283 esset,
1536 5218 1744 5273 oblitus
1774 5228 1891 5284 est;
1927 5234 2158 5288 poscere

562 5320 663 5378 per
691 5308 959 5366 luxuriam
991 5330 1128 5385 quos
1155 5318 1369 5370 coleret
1396 5315 1530 5371 deos
1551 5318 1746 5387 coepit;
1780 5318 2072 5386 missisque
2102 5318 2154 5371 in

634 5442 661 5471 ει
702 5432 853 5487 Haud
883 5432 1109 5489 dubium
1140 5434 1269 5501 quin
1301 5436 1452 5492 locus
1484 5437 1574 5492 hic
1606 5438 1745 5491 male
1782 5435 1994 5491 habitus
2025 5434 2093 5487 sit
2127 5450 2157 5486 a

561 5505 823 5577 librariis.
858 5503 931 5559 Ita
964 5508 1243 5577 emendari
1297 5523 1456 5577 posse
1505 5508 1742 5562 arbitror
1766 5549 1779 5571 ,
1830 5508 2048 5575 cognita:
2077 5521 2161 5577 re-

562 5578 756 5653 gionis,
790 5575 847 5631 h.
877 5592 927 5629 e.
954 5576 1203 5653 Egypti,
1229 5575 1441 5653 ass—aeta
1464 5579 1743 5653 desideria.
1774 5578 1928 5645 Quod
1957 5576 2158 5653 deinde

560 5649 781 5722 legitur,
812 5658 926 5717 post
949 5654 1102 5703 eremi
1128 5651 1399 5722 injuriam,
1429 5651 1560 5705 ferri
1586 5664 1696 5705 non
1723 5657 1903 5719 potest
1930 5665 1942 5701 :
1972 5649 2159 5718 itaque

565 5724 686 5792 lego
716 5730 830 5792 post
854 5722 1011 5792 arenti
1042 5738 1263 5775 moram.

636 5793 663 5827 ι’
701 5789 777 5843 Ῐιιι
804 5789 928 5845 cod.
961 5789 1118 5845 Vind.
1143 5807 1156 5855 ;
1184 5793 1236 5846 in
1260 5793 1419 5849 editis
1445 5795 1625 5863 referti
1651 5808 1667 5846 .‘
1699 5793 1838 5848 infra
1870 5807 1934 5849 ex
1961 5791 2154 5847 eodem

2336 4660 2465 4714 Post
2488 4656 2708 4729 Moysen
2738 4655 3089 4711 currentibus
3119 4662 3421 4722 temporum
3470 4650 3693 4721 spatiis,
3741 4664 3872 4705 cum

2266 4768 2362 4823 per
2392 4751 2710 4807 abusionem
2761 4747 3082 4803 salutarium
3138 4752 3537 4814 praeceptorum
3582 4740 3869 4796 idolorum

2262 4847 2446 4902 cultus
2498 4844 2853 4909 incresceret,
2884 4841 3101 4896 additur
3125 4839 3381 4909 frequens
3412 4838 3719 4907 increpatio
3742 4852 3873 4907 pro-

2266 4938 2575 5009 phetarum,
2622 4945 2676 4990 et
2723 4935 3011 4989 adventum
3040 4930 3239 4985 Christi
3286 4944 3444 5000 quem
3486 4930 3596 4998 jam
3646 4930 3869 5001 experti

2265 5047 2477 5095 sumus,
2502 5039 2559 5085 et
2584 5044 2728 5084 nunc
2746 5028 3077 5097 opperimur,
3107 5025 3277 5078 multa
3291 5022 3630 5079 curationum
3658 5036 3869 5093 genera

2268 5124 2593 5182 denuntiant
2644 5138 2706 5177 ac
2749 5122 3080 5193 przecednnt.
3127 5120 3271 5174 Deus
3316 5119 3460 5174 enim
3494 5134 3564 5173 nc
3594 5118 3688 5173 vel
3740 5133 3871 5172 raro

2264 5218 2503 5274 vindicet
2548 5217 2745 5286 saepius
2775 5214 3159 5278 comminatur,
3194 5212 3292 5265 ira:
3314 5209 3551 5267 cmlestis
3601 5211 3874 5266 severita-

2263 5323 2373 5370 tem
2405 5314 2582 5368 timeri
2606 5311 2774 5381 magis
2806 5325 2963 5380 quam
3018 5318 3041 5345 θ
3070 5305 3249 5364 exseri
3277 5307 3521 5375 cupiens.
3563 5305 3633 5359 At
3671 5316 3873 5359 contra

2264 5431 2388 5488 cod.
2427 5432 2594 5486 Deum
2622 5430 3003 5500 ascripsimus.

2336 5515 2361 5586 ξ
2397 5504 2509 5588 sic.
2561 5503 2685 5558 cod.
2736 5493 2901 5558 Vind.
2963 5501 3015 5555 in
3079 5498 3245 5569 priori
3278 5495 3520 5553 editione
3554 5493 3757 5565 legitur
3792 5494 3877 5549 sui

2263 5576 2549 5701 “iiii/(iiii.
2575 5654 2631 5700 et
2649 5646 2802 5701 Lem.
2828 5645 2908 5700 sic
2940 5644 3161 5709 habent,
3198 5652 3251 5698 et
3279 5639 3497 5709 (“ﬁdem
3523 5637 3668 5694 haud
3700 5637 3876 5708 Paulo

2265 5719 2460 5773 melius
2488 5733 2648 5788 quam
2695 5719 2847 5786 prior
2887 5715 3055 5773 editio
3084 5730 3352 5785 prospera.

2341 5801 2362 5819 "
2398 5781 2521 5843 llaec
2553 5781 2767 5858 quoque
2813 5799 2895 5843 est
2944 5781 3225 5856 utriusque
3279 5782 3485 5838 codicis
3522 5781 3703 5839 leuia;
3740 5782 3873 5850 qi”?
