4074 6204
238 290 379 356 1089

1446 235 2067 341 CONSULTATIONUM
2106 279 2233 337 LIB.
2276 280 2316 334 l.

3392 274 3533 334 1090

240 408 553 466 Judmorutn
611 414 903 462 contumax
942 402 1093 458 natio
1123 415 1233 458 non
1288 399 1464 457 solum
1495 400 1693 470 corrigi
1742 399 1838 455 de-
1862 403 1916 463 Α
1943 407 2025 452 est
2055 395 2258 451 tardari
2288 393 2546 450 debuisse
2574 398 2870 464 postrema,
2909 389 3181 462 ﬁnemque
3209 390 3443 456 differri,
3477 398 3538 446 ut

244 511 478 566 tractat,
539 499 636 555 sed
687 498 840 569 argui
912 496 1269 566 dedignatur;
1326 495 1532 565 Deique
1605 493 1835 564 imperio

243 593 439 650 missos
472 592 762 662 prophetas
787 589 1018 646 diversis
1050 589 1386 644 mulctavere
1427 587 1728 659 suppliciis,
1779 595 1840 641 ut

244 686 600 743 humanarum
630 684 1078 755 superstitionum
1123 681 1345 737 traditio
1374 680 1721 753 praesumptis
1744 678 1841 733 bo-

244 779 473 835 noribus
513 792 621 833 non
652 786 893 844 careret,
924 776 1217 843 intentiosa
1250 774 1519 844 pravitate
1548 772 1841 841 designans

232 872 346 928 Dei
374 887 433 927 se
459 870 689 927 forsitan
714 870 1003 941 praesentia
1034 865 1417 937 corrigendos,
1468 879 1628 935 quem
1662 872 1840 916 tamen

247 976 435 1039 postea
462 965 611 1021 cruci
630 963 827 1020 dantes
857 969 982 1033 post
1010 962 1164 1032 signa
1178 969 1339 1030 atque
1365 959 1596 1012 virtutes
1620 955 1845 1012 credere

248 1060 570 1123 noluerunt,
618 1072 745 1113 cum
792 1066 847 1112 et
891 1064 1182 1110 venturum
1229 1054 1483 1119 scissent,
1537 1058 1593 1107 et
1632 1051 1846 1107 venisse

248 1160 664 1223 cognoscerent.
822 1214 825 1215 γ

845 1241 1071 1298 CAPUT
1110 1240 1251 1296 XXI.

249 1338 313 1397 Si
345 1337 613 1410 prwﬁnita
642 1335 1019 1391 consummatio
1044 1342 1130 1400 sit,
1165 1351 1233 1387 an
1264 1334 1393 1387 ordo
1420 1332 1651 1387 exhibeat
1669 1332 1845 1401 ﬁnem.

322 1434 523 1487 APOLL.
548 1458 621 1470 -—
650 1429 707 1485 Si
728 1430 891 1498 igitur
916 1438 1020 1481 tam
1049 1426 1389 1482 necessarius
1417 1424 1679 1479 adventus
1710 1422 1852 1477 illius

249 1525 373 1590 fuit,
408 1533 466 1578 ut
494 1539 589 1595 per
614 1538 674 1578 se
705 1521 933 1577 formam
974 1520 1198 1591 justitite
1240 1520 1565 1590 praebiturus
1604 1518 1714 1588 pati
1754 1531 1852 1588 pro

252 1619 503 1675 omnibus
535 1631 645 1672 non
674 1623 975 1681 recusaret,
994 1616 1045 1669 in
1079 1624 1252 1669 morte
1283 1618 1499 1683 propria
1524 1628 1675 1684 spem
1696 1625 1854 1666 novae

255 1708 676 1767 resurrectionis
707 1707 1000 1763 ostendens
1022 1724 1036 1770 ;
1062 1723 1158 1762 cur
1173 1716 1227 1761 et
1246 1707 1337 1761 Dei
1354 1706 1676 1761 beneficium
1694 1714 1745 1760 et
1769 1719 1856 1758 sa-

1942 486 2335 558 plenitudinem
2366 484 2599 554 justititc
2633 481 2914 553 plenitudo
2964 492 3265 551 temporum
3298 481 3538 536 custodi-

1939 588 2043 646 ret,
2074 588 2129 633 et
2151 580 2292 633 inter
2323 576 2672 632 traditionem
2701 590 2763 629 ac
2798 573 3067 645 judicium
3102 590 3197 644 per
3246 573 3535 644 prolixita-

1940 680 2050 726 tem
2074 670 2298 726 abolitio
2329 686 2434 724 non
2468 668 2733 737 auferret,
2768 666 2911 737 quod
2944 682 3135 735 magna
3171 666 3263 721 Dei
3292 665 3537 733 dignatio

1942 763 2325 835 prtestitisset?
2372 762 2431 819 Si
2484 761 2627 817 enim
2658 761 2742 816 vel
2772 760 2967 815 mediis
2989 759 3073 815 vel
3107 760 3541 830 quibuscumque

1944 864 2069 910 ante
2125 853 2466 925 temporibus
2517 853 2766 909 Christus
2818 852 3076 917 venisset,
3119 852 3230 921 jam
3267 864 3375 906 non
3426 848 3541 904 sola

1946 948 2137 1003 abusio
2164 948 2349 1014 ﬁdem,
2380 946 2476 1002 sed
2502 962 2625 1002 cum
2656 946 2919 1002 abusione
2952 945 3168 999 tulisset
3211 952 3268 999 et
3313 942 3540 1009 oblivio,

1948 1046 2204 1115 nullaque
2240 1044 2465 1115 justitite
2518 1058 2647 1100 cura
2716 1042 2993 1098 hominum
3028 1041 3194 1097 corda
3236 1040 3545 1105 morderet;

1948 1140 2207 1209 quoniam
2260 1138 2537 1194 difﬁcilius
2567 1138 2801 1207 antiquis
2826 1136 3156 1192 credendum
3180 1146 3327 1192 esset
3356 1152 3543 1191 exem-

1952 1230 2077 1301 plis,
2104 1246 2226 1285 cum
2248 1231 2336 1285 vix
2364 1231 2678 1287 recentibus
2707 1230 2840 1287 fides
2862 1230 3044 1286 detur.
3075 1231 3215 1285 Ecce
3235 1229 3414 1285 adhuc
3444 1229 3550 1285 Do-

1951 1326 2171 1381 minicm
2215 1325 2394 1381 crucis
2452 1340 2517 1380 ac
2576 1324 2770 1380 mortis
2821 1324 3021 1379 indicia
3079 1322 3262 1379 felicis
3313 1321 3553 1393 sepulcri
3612 1384 3625 1397 .

1954 1422 2162 1476 exuviae
2183 1422 2489 1488 continent,
2519 1429 2572 1476 et
2600 1420 2843 1489 signatus
2867 1435 2895 1474 a
2928 1420 3180 1489 praesenti
3206 1406 3554 1475 multitudine

1955 1515 2109 1571 locus
2141 1525 2263 1586 post
2294 1515 2715 1571 resurrectionis
2762 1515 2939 1569 visum
2989 1515 3269 1570 caelestem
3325 1523 3557 1570 teSIatur

1954 1626 2245 1666 ascensum
2277 1628 2291 1666 :
2347 1626 2486 1680 pene
2511 1609 2687 1664 adhuc
2718 1608 2834 1664 solo
2864 1609 3111 1665 resident
3139 1608 3337 1678 pedum
3370 1623 3556 1679 pressa

1956 1706 2207 1776 vestigia,
2267 1720 2332 1759 ac
2372 1705 2619 1760 lustratae
2673 1705 2931 1775 operibus
3000 1705 3251 1776 regiones
3300 1704 3559 1759 virtutum

255 1803 923 1862 lushominumtantorum
943 1813 1243 1868 temporum
1259 1795 1860 1853 dilationetardataest?
1889 1802 1937 1863 B
1967 1799 2215 1869 exempla
2242 1798 2623 1855 demonstrant
2648 1817 2658 1852 :
2690 1807 2744 1854 et
2766 1813 2794 1851 a
2824 1798 3014 1853 multis
3034 1795 3286 1853 Christus
3313 1808 3405 1852 aut
3435 1798 3563 1869 quia

332 1896 533 1952 ZACCH.
563 1924 633 1934 ——
663 1893 891 1957 Grandi,
924 1901 982 1946 ut
1019 1892 1294 1961 inspicere
1342 1889 1585 1961 potuisti,
1637 1889 1857 1959 dispen-

259 1990 476 2049 satione
506 1988 600 2043 Dei
654 1987 955 2041 humanum
1015 2000 1043 2038 a
1076 1984 1350 2055 principio
1400 1998 1573 2052 genus
1625 1991 1856 2037 tutatum

262 2098 485 2153 semper
516 2090 601 2136 est
628 2090 791 2151 atque
837 2084 1143 2143 servatum;
1197 2087 1251 2132 et
1294 2076 1341 2131 si
1377 2076 1621 2131 breviter
1648 2088 1862 2130 summa

263 2178 631 2250 perstringas,
669 2172 880 2229 videbis
912 2170 980 2226 ad
1006 2171 1113 2226 hoc
1135 2169 1334 2226 divinae
1366 2169 1723 2240 providentiae
1774 2183 1867 2223 or-

265 2270 449 2328 dinem
472 2267 839 2333 concurrisse,
870 2280 938 2320 ne
958 2263 1107 2334 justo
1130 2263 1334 2333 judicio
1352 2262 1451 2317 Dei
1473 2276 1700 2318 necesse
1721 2268 1868 2316 esset

268 2361 522 2419 homines
572 2358 826 2413 aboleri:
861 2357 1037 2427 potuit
1065 2355 1213 2410 enim
1265 2354 1458 2409 mortis
1490 2354 1762 2409 sententia
1812 2353 1868 2407 in

268 2455 443 2528 prima
468 2453 649 2507 statim
684 2449 1115 2519 transgressione
1135 2447 1417 2515 compleri,
1444 2456 1500 2500 ut
1520 2456 1873 2501 temeratores

272 2552 601 2623 punirentur
638 2545 830 2611 edicti,
864 2554 919 2600 et
952 2552 1134 2599 tamen
1168 2558 1269 2613 pro
1294 2541 1511 2597 ratione
1539 2541 1873 2611 poenitentiae

275 2646 499 2704 vivendi
563 2656 775 2713 tempus
848 2640 1122 2696 indultum
1207 2649 1309 2695 est.
1386 2636 1875 2696 Subcrescentibus

276 2750 465 2814 postea
496 2736 798 2794 sceleribus
823 2743 969 2790 terra
994 2730 1401 2803 corrumpitur;
1430 2730 1524 2787 sed
1547 2732 1620 2785 ita
1652 2728 1879 2800 pollutio

279 2835 478 2893 eluitur
506 2831 790 2896 elementi,
806 2837 865 2883 ut
888 2843 986 2898 per
1009 2827 1126 2883 Noe
1150 2826 1369 2881 humani
1397 2826 1616 2895 generis
1636 2823 1880 2894 reliquiae

282 2934 658 2986 reserventur.
688 2922 823 2977 Post
850 2920 1115 2976 diluvium
1144 2918 1321 2974 valida
1362 2919 1473 2988 jam
1512 2926 1568 2973 et
1605 2916 1883 2986 multiple:

282 3034 480 3079 manus
537 3018 595 3073 in
648 3014 1073 3072 aediﬁcationem
1118 3010 1285 3067 turris
1342 3010 1606 3081 insurgit,
1664 3018 1718 3065 et
1772 3023 1881 3063 non

286 3113 652 3185 exstinguitur
678 3124 777 3182 pro
802 3108 1139 3163 immanitate
1155 3105 1292 3171 ausi,
1324 3104 1416 3159 sed
1441 3113 1498 3158 ut
1529 3102 1729 3171 corrigi
1759 3116 1887 3173 pos-

1961 1893 2347 1959 fuitmortuus,
2374 1892 2514 1946 Deus
2532 1906 2655 1947 esse
2681 1908 2786 1945 non
2819 1892 3156 1957 mstimatur;
3188 1901 3283 1946 aut
3306 1892 3562 1961 quoniam

1963 1986 2009 2042 si
2042 1986 2206 2055 Deus,
2252 1986 2420 2042 fuisse
2458 1994 2706 2041 mortuus
2738 1995 2795 2041 et
2829 1995 2953 2057 post
3001 1994 3233 2042 mortem
3276 2001 3569 2057 resurgere

1968 2084 2209 2154 potuisse
2240 2098 2345 2138 non
2377 2082 2653 2147 creditur;
2687 2097 2810 2137 cum
2848 2092 3052 2153 prmter
3099 2092 3297 2138 caetera
3325 2091 3382 2139 et
3420 2098 3571 2138 mors

1969 2177 2245 2232 hominem
2301 2178 2527 2248 probet,
2584 2188 2638 2233 et
2689 2178 3025 2233 resurrectio
3096 2177 3289 2233 Deum.
3340 2177 3575 2233 Exstant

1972 2280 2236 2340 praeterea
2256 2268 2586 2340 Apostolica:
2602 2268 3039 2325 conversationis
3059 2279 3237 2335 actus,
3264 2277 3320 2323 et
3340 2268 3573 2325 formam

1968 2363 2194 2434 justitia:
2244 2362 2270 2401 δ
2303 2364 2455 2434 sequi
2489 2378 2630 2433 pene
2661 2372 2721 2417 ut
2750 2378 2778 2416 a
2840 2363 3202 2432 praesentibus
3252 2363 3571 2431 edocemur,

1975 2471 2097 2511 cum
2120 2472 2185 2512 ea
2223 2472 2345 2527 qua:
2387 2457 2579 2513 fecisse
2611 2456 2841 2527 legimus
2895 2458 3070 2525 vivos,
3119 2458 3284 2512 etiam
3316 2465 3442 2513 ante
3482 2456 3579 2514 de-

1978 2548 2286 2605 functorum
2316 2550 2534 2607 cineres
2566 2548 2684 2604 fieri
2722 2565 2868 2619 stepe
2898 2551 3201 2605 videamus.
3232 2549 3331 2605 Vix
3357 2552 3581 2622 prepin-
3636 2545 3644 2551 ’

1981 2642 2187 2713 quitate
2210 2641 2333 2696 ﬁnis
2364 2652 2419 2697 et
2450 2641 2709 2696 instantis
2738 2642 3010 2697 examinis
3055 2650 3269 2698 terrore
3299 2643 3585 2713 compelli-

1982 2749 2126 2801 mur,
2164 2734 2374 2790 relictis
2426 2734 2611 2801 idolis,
2654 2750 2842 2790 veram
2888 2734 3070 2791 colere
3116 2733 3490 2801 divinitatem;
3530 2746 3588 2792 et

1984 2828 2128 2885 inter
2161 2831 2395 2901 primum
2426 2846 2589 2901 quem
2641 2831 2893 2886 novimus
2944 2846 3009 2886 ac
3051 2832 3351 2887 secundum
3381 2831 3589 2889 Christi

1988 2939 2148 2994 quem
2194 2933 2581 2994 exspectamus
2636 2923 2974 2991 adventum,
3028 2925 3298 2981 brevitate
3358 2926 3587 2983 salutari

1989 3024 2153 3086 atque
2185 3016 2318 3086 ipsis
2343 3026 2649 3088 temporum
2682 3026 2960 3073 arctamur
2983 3019 3269 3090 angustiis,
3316 3034 3419 3075 nec
3450 3019 3593 3076 obli-

1991 3111 2205 3166 vionem
2236 3111 2527 3167 admittere
2554 3121 2973 3183 prteceptorum,
3010 3128 3111 3168 nec
3140 3113 3430 3183 promissae
3461 3115 3593 3170 bea-

289 3211 516 3267 sitcum
558 3206 920 3262 admiratione
969 3200 1321 3271 dispergitur.
1376 3198 1731 3253 Postmodum
1777 3211 1885 3251 non
1917 3200 1961 3265 C
1997 3203 2237 3259 titudinis
2287 3204 2585 3275 desperare
2639 3215 2987 3276 proventum.
3036 3206 3419 3263 Necessarium
3460 3223 3595 3280 ergo

287 3309 540 3359 cessante
566 3296 821 3370 perﬁdia,
858 3296 1001 3351 sicut
1029 3292 1142 3348 Noe
1163 3292 1218 3346 in
1243 3289 1446 3347 diluvio
1478 3289 1547 3345 ob
1578 3288 1885 3360 generatio-

288 3410 439 3460 nem,
470 3397 543 3447 ita
575 3391 849 3447 Abraham
872 3388 941 3442 ad
962 3383 1368 3458 propagandam
1392 3382 1553 3438 ﬁdem
1581 3383 1634 3436 in
1653 3381 1886 3452 quadam

290 3487 555 3544 vitiorum
588 3481 943 3540 inundatione
968 3479 1277 3536 secernitur
1310 3495 1321 3529 :
1364 3474 1756 3546 multiplicatus
1793 3488 1891 3543 per

292 3579 413 3651 ejus
469 3574 786 3648 progeniem
835 3572 1067 3644 populus
1115 3569 1498 3641 Egyptiorum
1564 3566 1893 3636 contagione

292 3673 559 3746 polluitur
590 3716 605 3739 ,
661 3681 717 3726 et
741 3667 821 3724 'ad
851 3668 948 3724 Dei
978 3667 1186 3723 cultum
1220 3679 1326 3721 non
1356 3663 1544 3734 judicii
1576 3661 1890 3728 severitate,

296 3768 398 3827 sed
427 3765 715 3825 beneﬁciis
743 3763 1024 3836 signisque
1049 3770 1335 3818 revocatur
1366 3776 1379 3812 :
1407 3759 1601 3815 iterum
1630 3758 1683 3812 in
1711 3771 1895 3813 eremo

296 3861 431 3918 deos
459 3859 747 3931 sculptiles
789 3855 1043 3912 faciendo
1076 3871 1105 3910 a
1134 3870 1267 3910 vero
1298 3861 1544 3910 creatore
1567 3852 1856 3908 discedunt
1882 3870 1893 3905 :

296 3964 577 4026 tamquam
625 3961 753 4007 tunc
800 3949 1043 4021 primum
1101 3947 1264 4005 factis
1321 3947 1658 4013 hominibus,
1709 3957 1801 4001 aut
1842 3946 1898 4001 in

302 4064 469 4108 sensu
501 4064 611 4103 non
658 4045 983 4101 habentibus
1013 4044 1207 4114 legem,
1232 4042 1320 4098 lex
1353 4042 1450 4099 Dei
1493 4057 1746 4099 sermone
1769 4057 1900 4098 cou-

300 4144 500 4215 scripta
524 4141 710 4213 Moyse
739 4138 1021 4194 deferente
1054 4137 1467 4193 transmittitur.

372 4235 508 4292 Cum
536 4248 667 4290 vero
699 4232 1061 4289 nihilominus
1102 4226 1361 4303 impietas
1400 4240 1670 4301 serperet,
1702 4230 1900 4301 praedi-

304 4334 447 4387 catio
479 4329 791 4399 adiungitur
820 4328 1237 4398 prophetarum,
1264 4334 1318 4381 et
1358 4325 1665 4393 interjectis
1696 4334 1904 4395 tempo-

305 4423 461 4479 ribus
484 4430 509 4459 α
538 4420 724 4475 divina
775 4418 1085 4474 sollicitudo
1115 4432 1334 4489 semper
1369 4418 1422 4472 in
1450 4417 1686 4488 speculis
1713 4426 1806 4473 aut
1836 4418 1906 4472 ab

307 4532 500 4576 errore
532 4514 807 4586 prohibet,
837 4523 932 4570 aut
959 4514 1310 4570 mediocriter
1336 4511 1630 4569 vindicans
1654 4513 1905 4568 viventes

310 4614 366 4670 in
394 4626 581 4669 errore
606 4610 854 4680 castigat.
882 4606 1010 4679 Ipse
1036 4608 1104 4663 ad
1127 4616 1430 4663 extremum
1466 4606 1592 4663 caeli
1636 4616 1909 4675 terraeque
1936 4606 1989 4667 D

311 4716 368 4763 et
392 4707 631 4762 hominis
678 4703 953 4769 conditor,
981 4703 1126 4759 velut
1159 4717 1370 4772 magnae
1406 4700 1629 4755 familiae
1655 4698 1909 4755 dominus

313 4799 569 4856 fidelibus
618 4798 839 4853 famulis
879 4805 1005 4851 ante
1032 4794 1359 4865 praemissis,
1387 4791 1645 4864 potentiae
1671 4807 1784 4848 suae
1806 4791 1914 4845 lar-

312 4893 460 4965 gitur
490 4892 814 4954 adventum,
842 4886 1275 4955 assumptionem
1302 4886 1505 4940 terreni
1536 4884 1785 4955 corporis
1816 4897 1914 4954 pro

317 4984 601 5041 hominum
626 4981 802 5037 salute
824 4994 929 5033 non
953 4991 1255 5046 spernens:
1288 4983 1451 5045 atque
1479 4975 1531 5029 in
1558 4976 1731 5045 ipsum
1751 4990 1913 5045 quem

318 5075 518 5138 induit,
549 5074 726 5129 crucis
755 5070 1065 5143 passionem
1093 5078 1438 5138 mortemque
1468 5077 1819 5134 convertens,
1862 5077 1917 5123 et

320 5166 718 5241 plenitudinem
750 5162 884 5235 legis
913 5162 1159 5217 exhibuit
1185 5170 1240 5217 et
1267 5162 1479 5216 salutis.
1708 5162 1713 5165 ’

392 5261 606 5331 Quaeris
644 5274 743 5315 cur
768 5266 893 5314 ante
939 5272 1050 5312 non
1083 5257 1329 5312 venerit?
1354 5255 1547 5313 Nonne
1579 5256 1634 5312 in
1663 5263 1919 5327 promptu

327 5403 519 5475 magis
546 5399 749 5475 placuit
778 5413 937 5471 quam
969 5412 1037 5453 ea
1059 5412 1179 5475 qua;
1200 5397 1330 5475 olim
1375 5397 1518 5475 edita
1548 5406 1653 5463 est,
1675 5397 1922 5475 exerceri.

330 5468 479 5533 Hand
509 5468 585 5528 ita
624 5468 808 5527 multo
834 5480 985 5540 post,
1041 5468 1353 5524 trucidantes
1380 5469 1685 5541 legebatur,
1718 5468 1809 5522 ubi
1860 5484 1928 5523 ex

327 5548 521 5604 iisdem
552 5544 711 5605 codd.
750 5541 1083 5599 restituitnus
1114 5541 1254 5594 cruci
1285 5540 1485 5597 dantes.
1522 5540 1739 5596 initium
1782 5542 1932 5610 capi-

328 5618 399 5673 tis
426 5616 726 5685 sequentis,
761 5615 981 5672 eosdem
1042 5613 1263 5669 codices
1282 5616 1467 5685 secuti
1497 5657 1511 5679 ,
1564 5614 1725 5668 aliter
1754 5611 1939 5668 edidi-‘

331 5704 478 5753 mus,
510 5684 671 5758 quam
693 5688 823 5741 olim
852 5687 1118 5742 Acherins
1148 5684 1293 5758 :‘sed
1326 5702 1446 5758 quae
1478 5686 1935 5758 mutavimusnon

335 5757 605 5882 ejusmod‘i
635 5765 785 5825 sunt,
816 5766 876 5813 ut
923 5758 991 5815 de
1019 5756 1250 5830 singulis
1286 5756 1553 5816 lectorem
1608 5756 1818 5815 moneri
1848 5770 1941 5811 ηο-

340 5842 493 5882 cesso
520 5844 567 5882 Si
600 5866 614 5882 .
1933 5869 1937 5873 .

340 5842 493 5888 C8850
520 5842 614 5883 Sil.

1990 3293 2145 3350 vides
2167 3295 2357 3363 fuisse,
2388 3305 2445 3351 ut
2476 3297 2864 3353 interclusione
2883 3298 3210 3355 saeculorum
3242 3315 3343 3355 nec
3374 3301 3598 3370 pericli-

1994 3389 2095 3445 tari
2120 3388 2281 3445 ﬁnem
2309 3390 2516 3447 sineret
2546 3392 2925 3462 pr0pinquitas
2966 3392 3233 3449 adventus
3262 3393 3513 3462 alterius,
3543 3402 3601 3451 et

1995 3483 2203 3538 servari
2258 3483 2523 3553 justitiam
2553 3483 2845 3540 imminens
2885 3485 3075 3555 judicii
3109 3495 3284 3543 terror
3320 3489 3597 3560 exigeret;

1994 3577 2271 3648 praecipue
2326 3592 2449 3633 cum
2482 3580 2716 3633 maxima
2767 3589 2915 3635 esset
2946 3589 3000 3635 et
3025 3580 3262 3650 perfecta
3292 3582 3601 3652 delaturus,

1998 3678 2055 3724 et
2092 3685 2211 3739 quae
2254 3668 2493 3739 perfecta
2534 3678 2662 3725 sunt
2712 3670 2818 3725 nisi
2860 3680 3133 3741 postrema
3181 3689 3304 3731 esse
3331 3690 3438 3730 non
3470 3690 3603 3746 pos-

2000 3761 2130 3816 sint.
2167 3760 2361 3817 Videto
2385 3762 2555 3831 enim,
2584 3773 2819 3834 quantos
2862 3766 3111 3821 anterior
3151 3766 3298 3822 illius
3333 3768 3606 3826 salvasset

2000 3856 2290 3924 adventus,
2324 3856 2508 3928 plures
2525 3867 2675 3913 certe
2704 3872 2863 3927 quam
2894 3874 3035 3915 nunc
3057 3843 3241 3929 faciet,
3277 3876 3401 3917 cum
3434 3879 3465 3917 a
3494 3861 3601 3919 ﬁde

2004 3948 2275 4005 invenerit
2323 3948 2549 4017 alienos,
2611 3951 2886 4020 posterior
2934 3951 3293 4022 perdidisset;
3342 3956 3601 4024 quoniam

2004 4057 2163 4113 quem
2198 4041 2385 4096 talium
2416 4042 2759 4097 curationum
2792 4043 3033 4099 remedia
3066 4060 3174 4100 non
3204 4047 3470 4115 sanarint,
3508 4047 3606 4105 de-

2008 4135 2241 4190 nuntiati
2272 4135 2537 4191 examinis
2564 4137 2699 4191 ordo
2742 4137 3052 4204 damnabit;
3087 4154 3290 4210 parque
3322 4139 3373 4195 in
3406 4141 3605 4213 despe—

2010 4230 2278 4285 rationem
2305 4231 2684 4301 perpetuitatis
2710 4247 2832 4288 esse
2846 4233 3183 4302 exspectatio
3207 4243 3409 4305 potest,
3436 4235 3605 4293 Deum

2009 4339 2105 4395 per
2137 4324 2311 4395 legem
2338 4322 2504 4391 scire,
2556 4334 2612 4381 et
2655 4324 2805 4381 nolle
2847 4325 3134 4397 justitiam,
3165 4344 3325 4399 quam
3355 4344 3418 4385 ea
3445 4344 3610 4400 agere

2010 4417 2376 4490 qutejustitiae
2404 4417 2718 4487 videantur,
2772 4430 2826 4475 et
2878 4420 3048 4477 Deum
3104 4437 3200 4493 per
3246 4422 3419 4494 legem
3461 4425 3610 4483 nolle

2009 4525 2365 4583 cognoscere.

2640 4607 2826 4665 APUT
2864 4606 3030 4664 XXII.

2192 4749 2253 4804 Si
2280 4763 2502 4820 corpora
2536 4751 2881 4818 reformentur
2908 4747 2963 4800 in
2999 4749 3440 4805 resurrectionem.

2093 4884 2299 4939 APOLL.
2323 4914 2393 4923 —
2424 4881 2541 4937 Non
2570 4882 2885 4953 ignoramus
2922 4882 3140 4940 animas
3187 4884 3459 4956 depositis
3488 4900 3613 4944 cor-

2023 4977 2250 5049 poribus
2279 4975 2346 5031 ad
2369 4975 2563 5042 Deum,
2591 4975 2643 5030 id
2668 4984 2753 5031 est
2790 4976 2857 5031 ad
2887 4985 3170 5032 auctorem
3202 4980 3487 5050 proprium
3528 4997 3619 5038 re-

2025 5085 2240 5135 meare;
2273 5068 2368 5125 sed
2392 5069 2445 5124 in
2472 5068 2557 5124 his
2588 5070 2739 5138 prius
2762 5078 3103 5126 contractam
3129 5071 3382 5129 humanis
3408 5075 3623 5132 actibus

2027 5161 2208 5217 labem
2242 5161 2472 5217 aetherio
2526 5161 2652 5233 igne
2677 5163 2919 5233 purgari,
2950 5170 3010 5217 ut
3031 5162 3146 5219 Deo
3184 5163 3383 5221 iterum
3415 5181 3484 5223 ex
3515 5181 3625 5236 quo

2027 5255 2217 5327 utique
2257 5264 2406 5323 sunt,
2467 5270 2621 5326 pune
2651 5270 2717 5311 ac
2744 5255 3025 5326 simplices
3068 5257 3443 5313 misceantur-
3468 5256 3625 5314 Unde

2164 5396 2254 5480 Sic
2276 5411 2420 5467 sape
2448 5395 2653 5452 laudati
2674 5396 2893 5454 codices
2928 5414 2941 5453 :
2993 5396 3049 5453 in
3073 5398 3259 5464 editis,
3292 5398 3472 5453 divina
3504 5416 3627 5472 pro-

2070 5486 2079 5521 l
2121 5479 2279 5521 entia.

2033 5479 2279 5522 umentia.

2111 5538 2137 5577 ι)
2161 5539 2375 5612 Optima
2403 5541 2721 5597 eorumdem
2748 5540 3003 5597 codicum
3036 5539 3198 5595 lectio
3231 5556 3245 5593 :
3281 5540 3433 5612 prior
3462 5541 3631 5598 editio

2039 5614 2181 5683 sequi
2208 5622 2382 5686 prout,
2414 5614 2671 5683 pessime.
2703 5612 2859 5686 Quod
2909 5612 3175 5686 sequitur,
3208 5614 3291 5665 vix
3329 5614 3639 5686 prapinquie

2045 5682 2166 5752 tate,
2198 5682 2517 5741 mendosum
2558 5694 2669 5749 est;
2703 5685 2798 5740 sed
2826 5684 2900 5739 ita
2928 5694 2989 5739 ut
3025 5682 3187 5739 facile
3209 5682 3553 5754 emendetur,
3588 5685 3638 5742 si

2046 5755 2281 5827 legatur,
2312 5758 2387 5811 sic
2411 5756 2809 5828 prapt'nquitate.
