4074 6204
502 259 635 318 i091

1778 247 2096 311 ZACCHIEI
2128 245 2515 312 ClliilSTlANl

3678 230 3820 301 tos;

499 379 545 432 si
572 378 678 433 hoc
725 376 869 434 forte
910 375 1176 448 iudicium
1233 375 1400 432 vultis
1436 374 1636 441 videri,
1690 389 1801 429 non
1836 373 2106 443 praefinita
2137 379 2181 438 Α
2214 375 2314 430 nisi
2349 375 2663 446 putruerint
2706 365 2915 430 semina
2963 388 3071 429 non
3100 379 3414 440 resurgunt,
3444 376 3500 422 et
3527 366 3628 421 nisi
3657 366 3824 436 prius

504 470 892 525 nniversormn
949 470 1359 526 consummatio
1410 468 1578 524 efficit
1628 469 1814 535 linem,
1850 467 1944 526 sed
1972 466 2108 525 ordo

505 562 914 620 decedetttium.

575 657 781 717 ΖΑοειι.
815 685 887 696 -
942 655 1076 712 Tota
1114 656 1167 714 in
1211 671 1405 713 errore
1457 664 1541 714 est
1590 664 1774 713 vestra
1820 653 2104 714 delinitio:

505 760 531 788 ι
573 765 698 804 nam
749 748 1207 819 quemadmodum
1265 749 1462 806 animae
1511 747 1794 804 hominum
1841 748 2106 816 judicium

502 845 870 913 susciperent,
929 841 975 897 si
1014 858 1079 898 ex
1113 841 1228 896 Deo
1255 843 1474 900 essent?
1501 841 1750 911 Simplex
1799 842 1943 898 enim
1978 841 2106 896 sub-

501 933 704 988 stantia
764 931 1075 988 divinitatis
1127 948 1232 988 non
1265 943 1558 1004 purgatur,
1611 931 1741 1002 quia
1790 945 1892 989 nec
1940 930 2109 1000 pollui

506 1039 688 1101 potest
719 1046 731 1082 :
769 1043 1004 1086 necesse
1029 1038 1109 1084 est
1141 1029 1286 1086 enim
1318 1039 1376 1084 ut
1409 1027 1659 1100 purgatio
1703 1026 1956 1096 passione
2003 1042 2111 1084 non

501 1133 712 1192 careat,
739 1139 925 1195 quam,
984 1125 1127 1180 sicut
1181 1123 1406 1189 scimus,
1438 1120 1748 1179 substantia
1780 1120 1964 1176 divina
2003 1135 2109 1176 non

503 1219 724 1288 recipit.
769 1219 984 1272 Anima:
1013 1232 1145 1288 ergo
1174 1215 1455 1273 hominum
1480 1230 1589 1272 non
1612 1230 1676 1274 ex
1705 1215 1814 1272 Deo
1839 1223 1989 1280 sunt,
2015 1211 2111 1268 sed

503 1325 532 1366 a
568 1309 680 1362 Deo
709 1307 892 1374 factm,
943 1317 1000 1362 et
1029 1323 1168 1382 opus
1216 1308 1516 1378 Creatoris,
1551 1322 1660 1362 non
1704 1316 1997 1361 consortes
2025 1305 2113 1362 Di-

506 1401 776 1458 vinitatis.
819 1400 952 1455 Cum
987 1416 1116 1456 vero
1151 1400 1398 1471 praedicti
1442 1398 1640 1470 judicii
1691 1407 1907 1470 tempus
1939 1397 2110 1454 adve-

507 1494 676 1560 nerit,
726 1491 980 1568 defuncta
1009 1493 1266 1564 quaelibet
1310 1494 1440 1548 olim
1473 1501 1779 1562 receptura:
1835 1501 1965 1544 sunt
1993 1505 2115 1547 cor-

512 1601 669 1656 pora,
705 1593 764 1638 ut
784 1600 904 1640 cum
951 1584 1142 1640 iisdem
1187 1593 1285 1642 aut
1312 1585 1466 1658 juste
1496 1594 1616 1640 acta
1656 1581 1982 1655 percipiant,
2026 1591 2118 1638 aut

508 1677 697 1746 inique
747 1685 1066 1746 perpetrata
1101 1675 1397 1745 patiantur.
1429 1674 1680 1731 Christus
1726 1681 1907 1730 autem
1942 1672 2116 1728 mani-

2209 477 2422 524 mortua
2466 483 2573 524 non
2627 465 2991 522 reviviscunt.
3046 463 3318 533 Numquid
3374 461 3548 517 sulcis
3581 458 3822 513 virentia

2207 570 2334 616 sunt
2374 559 2644 625 demersa,
2689 568 2784 616 aut
2831 573 2955 614 cum
3003 558 3225 612 calamis
3257 563 3445 624 operta
3498 549 3828 608 latuerunt?

2212 652 2366 711 Unde
2394 667 2524 720 ergo
2555 649 2582 690 ἀ
2627 651 2678 707 in
2711 665 2820 709 uno
2869 651 3155 720 multiplex
3210 647 3440 704 semen?
3489 645 3651 701 Unde
3696 656 3828 697 cum

2209 745 2399 802 ariStis
2433 760 2605 800 novus
2654 743 2938 812 palearum
2973 742 3180 800 candor
3212 739 3478 810 emergit?
3508 739 3632 805 Quo
3659 744 3830 806 pacto

2211 851 2278 896 ex
2311 835 2496 894 radice
2525 837 2604 890 vis
2634 836 2900 907 germinis
2931 835 3146 890 scandit
3182 835 3236 889 in
3267 835 3473 904 spicas,
3499 831 3589 886 vel
3619 845 3830 900 quem-

2212 929 2506 990 admodum
2556 941 2747 1000 postea
2801 946 2866 986 ex
2919 929 3183 988 viridibus
3235 928 3422 983 herbis
3465 925 3584 979 alba
3635 922 3832 977 nmiu-

2215 1024 2314 1080 lies
2363 1030 2603 1080 mutatur
2652 1023 2705 1080 in
2761 1023 2953 1077 farra?
3000 1022 3134 1088 Quae
3197 1030 3347 1075 certe
3391 1018 3646 1072 similiter
3707 1015 3835 1069 fieri

2216 1132 2373 1185 posse
2410 1130 2514 1169 non
2544 1114 2822 1177 crederes,
2857 1115 2956 1168 nisi
2988 1130 3206 1184 semper
3233 1112 3469 1167 videres.
3501 1109 3662 1178 Quod
3688 1124 3834 1177 ergo

2216 1211 2269 1263 in
2302 1209 2384 1263 bis
2409 1225 2530 1279 quae
2554 1209 2620 1263 ad
2651 1209 2852 1266 victum
2878 1208 3114 1265 hominis
3139 1208 3434 1277 pertinent,
3469 1215 3523 1258 ιιι
3563 1204 3630 1256 ab
3669 1203 3836 1255 initio

2220 1304 2366 1358 Dens
2397 1303 2610 1368 statuit,
2647 1312 2790 1360 terra
2821 1301 2902 1358 sic
2932 1300 3142 1364 reddit,
3177 1301 3232 1354 in
3259 1300 3428 1368 ipsius
3458 1297 3710 1352 hominis
3750 1310 3840 1350 re-

2220 1396 2500 1464 paratione
2547 1408 2654 1453 non
2691 1393 2886 1451 faciet?
2913 1393 3014 1460 Qui
3046 1391 3378 1448 mirabilium
3431 1390 3526 1445 Dei
3562 1389 3724 1443 testis
3755 1389 3837 1444 ef-

2218 1489 2392 1544 fectus
2418 1485 2570 1558 (est),
2607 1487 2658 1545 in
2703 1501 2762 1542 se
2793 1501 3024 1542 necesse
3070 1495 3155 1540 est
3198 1493 3319 1554 post
3352 1483 3836 1538 resurrectionem

2220 1579 2456 1635 maxime
2521 1588 2755 1648 stupent,
2787 1578 2932 1646 quod
2979 1577 3036 1634 in
3076 1576 3341 1646 subjectis
3389 1586 3517 1630 ante
3556 1573 3832 1627 laudavit.

2223 1673 2378 1731 Unde
2421 1673 2618 1728 borum
2647 1672 2888 1728 omnium
2922 1672 3136 1728 ratione
3184 1678 3491 1741 perspecta,
3537 1669 3837 1723 defuncto-

511 1769 654 1825 feste
682 1770 878 1824 iterum
927 1768 996 1824 de
1025 1768 1354 1824 coelestibus
1376 1768 1560 1823 veniet
1589 1784 1601 1821 :
1629 1766 1775 1820 illius
1797 1780 1979 1822 coram
2024 1763 2117 1820 tri—
2150 1761 2191 1826 Ii
2224 1781 2340 1822 rum
2387 1767 2602 1820 cineres
2659 1764 2745 1820 vel
2784 1762 2998 1818 favillas
3024 1778 3212 1818 semen
3241 1777 3531 1832 corporum
3567 1775 3695 1814 esse
3724 1777 3833 1814 non

510 1861 696 1916 bnnali
728 1859 1052 1927 astabimus,
1105 1861 1255 1916 illius
1284 1860 1558 1914 sententia
1593 1860 1978 1916 universorum
2011 1871 2120 1913 me-

516 1953 619 2008 rita
682 1954 1059 2023 penSabuntur
1107 1972 1119 2006 :
1177 1963 1231 2006 et
1261 1954 1352 2023 qui
1386 1952 1490 2008 sub
1537 1952 1745 2024 judicio
1789 1966 1980 2024 passus
2011 1959 2118 2018 est,

507 2045 804 2116 iudicabit,
834 2047 979 2101 nulla
1009 2046 1320 2118 iniquitatis
1370 2046 1602 2118 vestigia
1648 2047 1966 2109 relicturus,
1995 2060 2118 2105 Cum

508 2153 563 2196 ct
593 2139 857 2195 fidelibus
913 2141 1384 2194 immortalitatem
1411 2139 1603 2196 reddat
1650 2140 1700 2194 in
1726 2154 1916 2208 regno,
1953 2147 2010 2194 et
2036 2140 2119 2196 in-

513 2233 759 2289 credulis
786 2243 1112 2303 perpetuum
1141 2234 1192 2286 in
1216 2232 1410 2286 dolore
1441 2232 1766 2288 cruciatum.

1091 2322 1318 2380 CAPUT
1353 2322 1545 2379 XXI".

813 2417 891 2473 De
914 2419 1159 2492 neglectis
1191 2427 1240 2472 et
1266 2435 1298 2471 a
1330 2419 1504 2473 bestiis
1534 2419 1811 2473 devoratis.

591 2515 791 2567 Aron.
818 2541 889 2550 —
928 2510 1168 2566 iloccine
1195 2511 1357 2564 etiam
1385 2509 1558 2566 asseri
1586 2526 1615 2565 a
1658 2511 1999 2586 sapientibus
2030 2527 2128 2582 po-

517 2612 648 2669 test,
704 2602 962 2672 antiquas
1013 2610 1360 2656 mortuorum
1409 2600 1646 2672 favillas,
1675 2612 1730 2657 et
1767 2604 1820 2658 in
1859 2603 2126 2675 sepulcris

516 2699 855 2756 sreculorum
908 2706 1070 2752 aetate
1099 2697 1438 2770 consumptis
1482 2697 1568 2752 vix
1619 2697 1824 2752 ossium
1884 2699 2126 2754 cinerem

537 2793 896 2858 residentem,
930 2807 1144 2845 rursum
1180 2791 1233 2844 in
1265 2803 1497 2860 corpora
1545 2804 1707 2864 posse
1737 2791 2015 2861 componi,
2064 2805 2128 2848 ac

522 2888 816 2958 pristinum
867 2882 1235 2940 membrorum
1276 2884 1520 2954 vigorem
1544 2881 1695 2937 dubii
1731 2883 1974 2953 pulveris
2016 2883 2130 2938 col-

525 2981 762 3036 lectione
792 2977 1056 3035 solidari?
1084 2976 1242 3034 Unde
1263 2977 1474 3032 animas
1497 2975 1948 3048 cuiiibetjudieio
1971 2976 2128 3032 subdi

520 3090 684 3144 posse
712 3073 923 3130 facilius
942 3071 1318 3142 acquiescam,
1340 3086 1500 3140 quam
1529 3082 1867 3126 mortuorum
1893 3084 2125 3142 corpora

519 3169 574 3224 ln
604 3167 728 3221 vitm
756 3166 1005 3219 ordinem
1039 3178 1199 3234 posse
1223 3165 1496 3218 revocari.

591 3261 793 3316 Zaccn.
826 3289 895 3300 ——
919 3260 987 3314 Et
1014 3257 1415 3312 admonitionis
1445 3273 1579 3314 mea:
1612 3267 1665 3311 ct
1689 3266 1792 3311 tua:
1816 3257 2126 3330 sponsionis

517 3355 724 3410 oblitus
743 3370 802 3409 es
820 3352 872 3419 ι’,
897 3353 940 3407 si
967 3353 1078 3407 Deo
1099 3351 1306 3421 aliquid
1329 3351 1668 3422 impossibile
1683 3352 1992 3406 contendis.
2022 3351 2125 3420 Qui

522 3449 685 3519 igitur
717 3446 865 3518 quod
908 3460 1018 3500 non
1051 3453 1169 3500 erat
1202 3444 1332 3498 fecit
1365 3454 1421 3498 ut
1454 3452 1617 3511 esset,
1643 3458 1771 3516 ergo
1795 3452 1850 3500 ut
1882 3448 1951 3500 sit
1982 3443 2125 3514 quod

524 3544 702 3598 fuerat
725 3557 830 3597 non
862 3550 1043 3610 potest
1066 3540 1282 3594 facere?
1313 3552 1406 3594 aut
1431 3555 1540 3593 non
1567 3539 1731 3594 etiam
1752 3539 1910 3594 nobis
1933 3538 2128 3594 dil‘lici-

523 3635 633 3692 lius
657 3645 741 3690 est
764 3634 944 3689 facere
975 3633 1119 3705 quod
1146 3649 1253 3688 non
1282 3632 1482 3701 fuerit,
1513 3649 1672 3704 qttam
1698 3648 1959 3703 reparare
1981 3631 2126 3708 quod

525 3726 835 3784 fuerit?Sed
863 3728 997 3782 hanc
1013 3727 1107 3781 Dei
1135 3727 1556 3797 pmsibilitatem
1582 3725 1870 3782 mstimatio
1887 3726 2125 3786 humana

526 3838 634 3878 non
663 3833 686 3860 ο
703 3819 970 3892 capiat,si
995 3821 1099 3876 hoc
1125 3830 1424 3891 praesentes
1447 3836 1554 3875 non
1579 3820 1812 3878 edocent
1833 3831 2124 3888 creatura),

526 3915 571 3970 si
598 3923 845 3985 tempora
865 3912 1175 3984 specierum
1199 3913 1464 3968 varietate
1489 3929 1594 3967 non
1620 3914 1859 3987 signant.
1885 3912 2127 3968 Diversa:

527 4007 760 4062 arbores
801 4006 997 4060 hiemis
1029 4008 1212 4077 rigore
1235 4005 1534 4074 nudantur,
1587 4016 1639 4060 et
1680 4006 1929 4060 decussis
1986 4007 2127 4062 foliis

529 4101 744 4172 perisse
785 4113 908 4154 cum
946 4100 1118 4170 gratia
1151 4113 1305 4170 spem
1338 4100 1648 4170 germinum
1688 4098 1906 4154 credas.
1938 4098 2004 4154 At
2038 4099 2126 4158 ubi

530 4192 709 4246 lenius
751 4192 899 4246 veris
927 4200 1143 4262 tempus
1165 4190 1395 4255 afflavit,
1430 4191 1626 4245 mirum
1687 4190 1740 4244 in
1774 4190 1994 4244 modum
2028 4190 2127 4246 ltu-

530 4300 654 4339 mor
676 4283 952 4339 radicibus
1003 4291 1186 4338 tentus
1241 4284 1384 4338 celsa
1435 4283 1782 4348 conscendit,
1828 4285 2124 4338 candorem

529 4389 654 4429 cum
679 4375 864 4444 specie
887 4389 1048 4444 quem
1082 4375 1135 4428 in
1167 4373 1313 4444 ligno
1337 4389 1444 4426 non
1471 4375 1759 4441 habuerat,
1791 4373 1842 4428 iu
1902 4374 2129 4432 floribus

529 4483 728 4524 creans
759 4487 773 4524 :
806 4468 1019 4522 fructus
1080 4466 1414 4536 adjiciuntur
1469 4469 1523 4520 in
1586 4469 1782 4536 pomis,
1815 4475 1870 4521 et
1909 4468 2128 4538 quidam

528 4662 619 4710 tur
672 4656 724 4711 in
780 4663 1048 4725 tempore.
1103 4653 1246 4721 Quid
1272 4653 1419 4722 jacta
1475 4653 1525 4707 in
1554 4652 1701 4723 agris
1729 4653 1983 4707 semina?
2014 4668 2125 4708 non

527 4750 743 4820 plenam
768 4748 929 4808 fidem
961 4746 1386 4806 resurrectionis
1415 4746 1760 4806 ostendunt?
1789 4746 2130 4816 Aperittnlur

526 4854 688 4900 terrae
730 4844 965 4910 viscera,
1028 4851 1087 4897 ut
1131 4841 1274 4897 nuda
1324 4842 1492 4897 sulcis
1532 4858 1701 4916 grana
1757 4843 2121 4911 mandentur;

526 4937 671 5006 quod
703 4937 902 4991 humus
925 4952 1030 4991 non
1054 4935 1274 5002 texerit,
1298 4937 1441 4989 vires
1465 4952 1571 4990 non
1590 4935 1753 4990 habet
1776 4937 2124 4992 renascendi.

528 5029 683 5088 Unde
709 5031 872 5084 etiam
898 5030 952 5084 in
979 5029 1159 5099 parvis
1182 5028 1482 5099 potentiam
1502 5026 1780 5086 Creatoris
1802 5026 2088 5082 considera
2111 5045 2123 5084 :

598 5199 626 5236 ει
658 5188 916 5251 Voculam
951 5205 1070 5242 nam
1109 5188 1418 5245 addidimus
1441 5205 1472 5246 e
1495 5189 1654 5244 codd.
1681 5187 1842 5244 Vind.
1866 5196 1922 5242 et
1942 5187 2120 5253 Lcm.;

524 5263 663 5322 infra
733 5261 902 5320 altera
984 5261 1182 5330 pagina
1253 5261 1576 5326 scripsimus
1656 5271 1968 5332 recepturae,
2029 5259 2126 5332 ubi

526 5336 676 5418 prius
704 5332 985 5404 legebatur
1021 5343 1330 5402 receptura;
1377 5332 1480 5388 hoc
1527 5333 1672 5388 enim
1729 5331 1798 5386 de
1839 5331 2124 5386 animabus

665 5423 696 5460 ιι
738 5447 750 5460 .

529 5408 751 5534 ὼῖνηὸἶο
773 5477 824 5530 in
854 5476 976 5532 cod.
1006 5475 1190 5538 \'intl.,
1215 5475 1267 5530 iit
1301 5475 1460 5530 editis
1484 5491 1536 5529 es
1557 5476 1623 5530 de
1646 5476 2040 5538 resurrectione,
2077 5476 2122 5530 si

522 5552 635 5608 Deo
663 5566 682 5604 :
709 5550 804 5606 sed
846 5565 938 5608 eas
964 5563 1127 5608 voces
1163 5547 1446 5616 itnperitus
1473 5546 1695 5615 quidam
1739 5547 1994 5600 librarius
2023 5548 2124 5600 ob-

422 5625 438 5634 ’
523 5625 789 5688 truscrat.
831 5619 970 5680 Infra
1022 5629 1074 5676 ut
1107 5627 1232 5682 esset
1261 5618 1618 5688 ascripsimus
1665 5633 1731 5673 es
1785 5618 1978 5676 eodem
2029 5632 2126 5671 co-

524 5696 732 5818 ὼξιθἱιιι
761 5760 1122 5826 restituimus,
1179 5775 1303 5815 cum
1348 5761 1402 5821 in
1433 5760 1596 5820 editis
1638 5760 1914 5831 legeretur
1961 5761 2119 5831 capit,

2225 1859 2461 1934 nescias,
2484 1875 2548 1916 ex
2578 1874 2684 1928 quo
2708 1857 2761 1910 in
2786 1857 3081 1912 adventum
3111 1855 3416 1926 majestatis
3442 1869 3555 1908 sum
3577 1852 3834 1908 Christus

2223 1951 2525 2012 secundum
2586 1951 2779 2006 merita
2829 1949 3092 2006 excitabit
3130 1959 3188 2003 et
3232 1948 3457 2003 foratus.
3495 1946 3696 2002 Parum
3751 1955 3834 2001 est

2223 2040 2372 2098 enim
2432 2041 2632 2100 divinat
2681 2042 2995 2101 clementiae
3039 2041 3251 2112 species
3305 2052 3513 2098 tantum
3568 2054 3834 2106 reparare

2225 2150 2346 2205 quae
2371 2135 2594 2200 fuerint,
2629 2135 2729 2194 nisi
2755 2145 2807 2192 et
2835 2135 3100 2190 bonorum
3125 2148 3358 2202 corpora
3383 2130 3646 2201 splendor
3667 2147 3833 2185 exur-

2229 2237 2340 2291 net,
2367 2236 2420 2286 et
2447 2226 2711 2286 malorum
2743 2226 2992 2286 confusio
3022 2224 3385 2284 deformitatis
3413 2223 3702 2281 obscuret.

2809 2379 3035 2436 CAPUT
3067 2379 3257 2440 XXIV.

2232 2499 2503 2572 Quomodo
2541 2497 2698 2554 ntales
2737 2494 2850 2553 caeli
2878 2505 2968 2550 aut
3007 2499 3143 2567 facta
3175 2495 3242 2552 sit
3275 2505 3361 2554 aut
3391 2495 3497 2564 ﬁne
3527 2503 3822 2564 prculsust.

2301 2613 2504 2668 APOLL.
2544 2640 2615 2652 --
2666 2610 2813 2668 Pone
2840 2608 3060 2664 interim
3087 2608 3233 2677 quod
3282 2607 3350 2663 de
3377 2608 3652 2676 sepulcris
3693 2617 3830 2660 tarn-

2229 2721 2389 2775 quam
2423 2722 2489 2760 ex
2516 2705 2659 2761 notis
2690 2702 2914 2759 sedibus
2940 2710 3283 2756 mortuorum
3327 2700 3535 2756 favilla:
3570 2714 3832 2770 repares»

2232 2807 2317 2854 tur
2343 2796 2397 2854 in
2427 2811 2693 2865 corpora;
2725 2804 2780 2852 et
2813 2795 2936 2864 quia
2965 2794 3182 2850 condita
3211 2795 3453 2848 membra
3507 2808 3602 2846 sua
3639 2803 3662 2830 ο
3712 2791 3830 2846 ani-

2231 2905 2333 2946 mae
2364 2889 2630 2951 noverint,
2660 2903 2729 2944 ex
2757 2886 2949 2943 iisdem
2980 2885 3117 2943 locis
3139 2886 3477 2942 conﬁdenter
3503 2897 3825 2956 reposcant:

2229 2981 2358 3051 quid
2388 2997 2483 3036 eos
2506 2981 2596 3050 qui
2629 2979 2884 3038 ﬂuetibus
2909 2980 3076 3036 mersi
3103 2986 3234 3034 sunt
3254 2978 3525 3047 bellisque
3546 2979 3827 3046 prostrati,

2233 3086 2284 3132 et
2310 3083 2430 3144 post
2467 3076 2737 3130 latronum
2771 3073 2950 3128 cardus
2981 3072 3260 3142 exsequiis
3288 3070 3607 3128 funebribus
3642 3085 3831 3124 earne-

2151 3144 2196 3210 (ἶ
2232 3177 2380 3232 runt,
2406 3166 2574 3231 escis,
2609 3181 2714 3223 tton
2746 3165 3014 3232 sepulcris
3041 3165 3286 3226 membra
3306 3164 3655 3234 linquentes;
3683 3179 3830 3216 num-

2232 3261 2359 3331 quid
2389 3259 2651 3318 credibile
2679 3270 2764 3317 est
2793 3259 2847 3316 in
2876 3260 3067 3314 eadem
3099 3275 3220 3328 quas
3266 3258 3556 3314 habuerint
3596 3272 3827 3327 corpora

2233 3367 2394 3424 posse
2441 3352 2654 3410 reatitui
2685 3393 2700 3417 ,
2755 3368 2880 3410 cum
2931 3352 3095 3411 etiam
3133 3351 3379 3422 reliquiae
3421 3353 3670 3407 cinerum
3717 3367 3826 3405 non

2229 3454 2428 3517 queant
2458 3443 2741 3500 inveniri?

2303 3539 2502 3598 ΖΑεοιι.
2530 3568 2600 3579 -—
2631 3539 2687 3596 Si
2730 3539 2897 3598 Deum
2941 3553 3102 3604 posse
3147 3539 3328 3594 omnia
3373 3537 3671 3604 crederes,
3721 3538 3831 3598 hoc

2230 3629 2465 3700 denique
2495 3631 2639 3685 l'aetu
2666 3631 2822 3686 facile
2843 3630 3142 3701 iudicares,
3178 3646 3352 3701 neque
3389 3631 3622 3688 humana
3645 3631 3832 3701 dispu.

2235 3722 2437 3780 latione
2458 3722 2823 3790 discerneres,
2859 3733 3040 3784 utrum
3069 3724 3183 3780 fieri
3219 3727 3386 3794 possit
3414 3725 3560 3796 quod
3612 3725 3833 3780 faciane

2232 3819 2358 3875 dum
2392 3818 2485 3876 ille
2513 3819 2748 3879 dixisset
2783 3837 2795 3874 :
2829 3827 2886 3875 et
2914 3819 3036 3874 ideo
3068 3819 3202 3875 ﬁdes
3235 3833 3506 3874 summum
3537 3836 3648 3890 pra:
3672 3821 3833 3875 bonis

2233 3913 2486 3969 omnibus
2509 3915 2760 3972 meritum
2799 3926 2915 3981 est,
2948 3915 3073 3984 quia
3104 3931 3225 3985 quas
3265 3916 3409 3972 Deus
3439 3915 3672 3982 dixerit,
3722 3917 3832 3970 im-

2235 4005 2428 4077 plenda
2463 4024 2572 4066 tton
2600 4007 2832 4068 dubitat.
2865 4007 2960 4068 Rei
2992 4020 3171 4066 autem
3199 4009 3361 4078 hujus
3387 4009 3503 4064 haec
3532 4010 3674 4064 ratio
3698 4023 3782 4064 est
3817 4027 3832 4064 :

2232 4101 2499 4156 elementa
2523 4102 2704 4156 omnia
2735 4110 3054 4173 cunctmque
3093 4114 3359 4159 creatura:
3401 4103 3552 4164 nullo
3605 4103 3832 4174 quidem

2235 4193 2390 4248 nobis
2417 4207 2580 4250 sensu
2608 4193 2997 4263 intellectuque
3020 4195 3386 4266 respondent,
3419 4206 3478 4252 et
3523 4195 3591 4250 ad
3643 4196 3834 4250 obser-

2235 4287 2469 4342 vantiam
2525 4296 2731 4344 tantum
2777 4288 2985 4359 proprii
3037 4289 3324 4348 ministerii
3375 4289 3626 4350 videntur
3675 4291 3832 4345 bruta

2234 4379 2554 4444 subsistere,
2589 4380 2845 4450 quoniam
2874 4380 2962 4439 vel
2992 4379 3204 4452 indigni
3228 4397 3414 4438 eorum
3467 4383 3702 4452 imperio
3741 4399 3835 4438 su-

2206 4487 2380 4536 _mus,
2415 4472 2498 4528 vel
2526 4472 2712 4532 mundi
2742 4487 2939 4532 arcana
2967 4475 3278 4540 nescimus:
3316 4476 3484 4531 Deum
3536 4483 3720 4532 autem
3775 4485 3835 4531 et

527 4563 760 4618 vestitus
789 4561 842 4616 in
873 4561 1036 4627 foliis,
1073 4560 1327 4634 quodque
1354 4558 1409 4615 in
1432 4561 1632 4616 arbore
1661 4576 1766 4614 non
1809 4569 1947 4625 erat,
1980 4561 2128 4614 vidc-
2155 4543 2206 4604 Ι)

2235 4563 2541 4634 intelligunt
2567 4572 2623 4624 et
2654 4573 2933 4632 verentur,
2967 4575 3130 4636 atque
3161 4567 3231 4622 ita
3271 4566 3440 4637 jussis
3479 4567 3626 4623 illius
3671 4568 3836 4623 obse-

2233 4658 2494 4728 cundant,
2528 4670 2585 4718 ut
2611 4658 2678 4718 ad
2704 4670 2892 4722 nutum
2918 4671 3183 4730 praecepta
3207 4677 3336 4720 mox
3367 4663 3648 4732 impleant.
3672 4662 3837 4729 Qua:-

2234 4751 2364 4808 libet
2395 4766 2525 4824 ergo
2553 4750 2736 4812 exesis
2759 4753 3083 4823 corporibus
3116 4753 3366 4824 piscium,
3403 4755 3700 4811 bestiarum
3733 4755 3835 4810 ali-

2236 4853 2454 4916 tnmque
2504 4845 2738 4915 digestio
2793 4857 2884 4902 aut
2923 4847 3080 4916 aquis
3127 4849 3426 4916 miscetur,
3477 4859 3568 4904 aut
3617 4851 3830 4905 terris:

2235 4951 2333 4994 nec
2382 4937 2502 4994 fieri
2551 4937 2658 4996 nilo
2703 4949 2863 5009 pacto
2893 4949 3092 5009 potest,
3141 4949 3201 4998 ut
3252 4957 3320 4998 ex
3364 4956 3431 4997 eo
3469 4941 3615 5012 quod
3646 4943 3834 5012 quali-

2235 5039 2552 5104 tercumque
2581 5030 2904 5099 substiterit,
2931 5031 3060 5092 nihil
3088 5040 3296 5098 restat;
3328 5033 3422 5094 sed
3453 5033 3833 5104 pretiosiorem

2234 5191 2365 5268 etin
2395 5190 2553 5268 Vind.
2588 5194 2779 5268 capiat.
2820 5191 3012 5252 Totum
3037 5193 3143 5256 hoc
3163 5205 3326 5264 caput
3357 5197 3429 5254 ita
3450 5197 3653 5260 editum
3685 5212 3824 5266 erat,

2233 5270 2293 5315 ut
2323 5263 2545 5338 intelligi
2589 5263 2674 5318 viti
2718 5274 2943 5332 posset:
2971 5280 3114 5338 nunc
3143 5263 3376 5338 servatis
3421 5263 3824 5338 interpunctio;

2234 5348 2362 5404 num
2389 5333 2620 5404 legibus,
2647 5350 2873 5404 quarum
2901 5335 3098 5394 nullam
3129 5335 3395 5400 Acherius
3428 5333 3697 5402 rationem
3723 5342 3830 5404 ba-

2233 5402 2726 5529 ggeaat,‘rgrcgias
2757 5410 3056 5467 sententias
3113 5411 3402 5482 perspicue
3444 5411 3495 5472 in
3536 5427 3604 5474 eo
3629 5402 3831 5486 depre-

2307 5493 2336 5528 Π
2381 5491 2459 5529 es.

2307 5491 2459 5529 nues.

2297 5545 2462 5626 {Hic
2493 5546 2658 5626 etiam
2690 5548 2935 5606 codicem
2977 5550 3135 5626 Vind.
3181 5554 3464 5626 sequimur
3493 5555 3507 5614 Ξ
3541 5556 3594 5616 itt
3638 5557 3831 5626 priore

2229 5619 2471 5700 editione
2504 5621 2736 5700 habetur
2769 5639 2832 5674 ea:
2864 5639 2986 5700 uno,
3028 5623 3188 5683 male.
3215 5619 3370 5700 Haud
3403 5628 3474 5688 ita
3501 5619 3672 5700 multo
3705 5639 3830 5700 post

2228 5691 2317 5744 ubi
2351 5693 2490 5766 uastis
2513 5692 2728 5766 effectus
2760 5702 2830 5748 est
2877 5694 3092 5766 legitur,
3120 5697 3352 5766 verbum
3379 5708 3451 5758 est
3489 5691 3828 5766 addidimus.

2303 5772 2326 5801 ι
2355 5761 2633 5818 Posterior
2661 5763 2777 5818 haec
2807 5761 2999 5820 vocula
3028 5761 3208 5822 addita
3241 5781 3324 5823 est
3366 5784 3397 5824 e
3423 5767 3550 5824 cod.
3586 5761 3824 5836 Vinddc.
