4074 6204
280 275 422 340 1093

1479 229 2107 339 οοωεύιτλτιοδιυω
2145 265 2280 339 LIB.
2321 276 2363 334 ι.

3437 273 3583 349 10M

279 395 559 452 materiem
590 407 930 466 quacumque
955 392 1252 458 deciderit,
1295 392 1411 450 haec
1436 392 1546 450 duo
1594 393 1869 448 elementa
1900 405 1954 467 Α
1976 399 2172 450 cuntur
2214 391 2316 461 piis
2345 390 2414 446 ad
2460 391 2753 450 Dominum
2787 391 3043 461 precibus
3085 391 3282 462 pluvia!
3307 431 3322 458 ,
3357 401 3408 448 et
3455 409 3582 462 pro-

281 498 308 528 τι
345 499 693 556 conservant,
719 499 774 544 et
803 489 855 543 in
885 503 946 543 se
977 487 1124 544 velut
1167 486 1389 556 speciali
1437 487 1629 543 colore
1679 487 1876 542 distin-

279 592 420 638 ctatn
454 581 840 640 resurrectioni
875 579 1153 636 redditura
1182 579 1532 644 custodiunt,
1584 595 1686 636 nec
1742 579 1877 634 resi-

279 675 411 732 dere
431 689 684 744 umquam
715 674 861 728 velut
892 672 1165 743 perditum
1197 672 1398 741 poterit
1436 671 1581 740 quod
1637 681 1692 728 et
1739 670 1876 727 divi-

279 768 428 824 nitus
476 766 858 836 inquirendum
910 773 1039 832 est,
1099 775 1154 822 et
1207 775 1402 835 Sponte
1446 772 1726 834 ptomelttt‘
1757 782 1768 816 :
1799 765 1879 818 sic

279 861 667 918 famulantibus
695 860 908 918 cunctis
930 858 1310 928 disperserunt
1333 858 1601 914 viscerum
1632 855 1878 923 reliquiae

279 955 333 1010 in
364 969 517 1009 suam
559 954 785 1008 formam
825 966 1136 1022 corpusque
1184 950 1441 1008 rediturae
1484 960 1649 1013 sunt;
1696 950 1769 1006 ita
1820 955 1879 1003 ut

280 1049 332 1104 in
359 1049 780 1106 resurrectionis
829 1047 1091 1103 miraculo
1115 1045 1240 1102 inde
1287 1044 1415 1102 ﬁdei
1452 1046 1705 1102 meritum
1757 1059 1878 1105 cre-

275 1140 529 1197 dentibus
555 1149 840 1212 augeatur,
873 1139 1016 1195 unde
1037 1139 1160 1194 aliis
1194 1136 1589 1197 incredulitatis
1619 1152 1877 1207 augmen-

277 1247 388 1295 tum
411 1245 518 1292 est.

846 1324 1078 1382 CAPUT
1129 1323 1301 1383 XXV.

615 1422 676 1478 Si
703 1421 931 1476 mundus
957 1429 1227 1490 reparatur
1250 1421 1304 1474 in
1326 1420 1530 1477 melius.

348 1520 548 1572 Areu.
571 1514 780 1571 --Jam
811 1515 1014 1572 dudum
1045 1514 1098 1570 in
1133 1517 1234 1570 hoc
1276 1522 1537 1569 tractatus
1582 1515 1657 1570 tui
1704 1512 1878 1568 tendit

277 1610 546 1673 intentio,
580 1617 638 1663 ut
661 1622 786 1663 cum
831 1607 1100 1663 elementa
1140 1606 1356 1676 singula
1402 1621 1469 1662 ex
1517 1604 1688 1663 nihilo
1740 1604 1875 1662 facta

273 1716 696 1768 commemores,
726 1700 888 1756 etiam
936 1698 1197 1754 mundum
1244 1714 1405 1770 quem
1463 1714 1531 1753 ex
1579 1696 1876 1766 semetipso

1982 482 2088 540 lixa
2121 498 2338 542 rursum
2370 483 2638 542 serenitas
2676 483 3074 553 supplicatione
3121 494 3366 542 mutatur
3401 503 3414 541 :
3447 501 3583 542 cun-

1980 586 2178 648 ctaque
2221 585 2316 636 aut
2363 578 2631 648 imposin
2680 580 2930 634 serviunt
2963 577 3189 644 rationi,
3215 588 3310 633 aut
3339 579 3389 634 in
3421 595 3580 636 usum

1983 670 2220 728 hominis
2244 671 2616 730 necessarium
2635 672 2739 731 sub
2758 671 3012 743 religiosa
3041 672 3433 742 deprecatione
3463 689 3588 733 ver-

1983 772 2192 820 lllﬂllll‘.

2056 858 2182 916 Haec
2211 873 2310 916 vos
2351 860 2622 928 appositis
2680 858 2997 916 nominibus
3047 875 3147 929 pro
3199 859 3310 914 Deo
3367 859 3581 928 singula

1981 960 2145 1020 atque
2175 952 2427 1010 universa
2458 950 2818 1011 veneramini.
2861 951 3017 1019 Quod
3059 953 3105 1010 si
3142 955 3214 1008 ita
3260 960 3384 1020 est,
3443 953 3584 1012 falso

1981 1043 2056 1102 dii
2112 1044 2458 1104 aistiinantur
2479 1088 2494 1112 ,
2556 1053 2612 1101 et
2639 1059 2802 1102 error
2831 1045 2885 1101 in
2930 1054 3188 1117 promptu
3218 1055 3343 1111 est;
3374 1046 3417 1105 si
3449 1062 3580 1105 vero

1980 1137 2194 1206 aliquos
2219 1137 2310 1207 qui
2341 1138 2531 1198 iisdem
2567 1153 2634 1196 ex
2665 1138 2898 1196 arbitrio
2923 1139 3017 1194 Dei
3053 1140 3281 1209 praesint
3307 1181 3322 1207 ,
3374 1148 3584 1209 aperta:

1980 1231 2230 1290 stultitiae
2252 1241 2337 1288 est
2367 1231 2680 1302 subjicieuti
2709 1247 2933 1300 aequare
2963 1232 3266 1301 subjectos.
3319 1232 3403 1288 Dii
3434 1234 3583 1292 enim

1982 1325 2165 1394 plures
2198 1341 2307 1382 non
2334 1336 2484 1392 sunt,
2511 1326 2607 1384 sed
2643 1341 2781 1380 unus
2805 1325 3148 1384 nascentium
3174 1327 3585 1395 \‘tventiutuque

1979 1415 2244 1476 formator
2265 1417 2412 1476 sicut
2445 1417 2576 1476 fecit
2607 1418 2812 1484 omnia,
2845 1425 2904 1476 et
2954 1419 3118 1488 regit,
3154 1420 3382 1489 parique
3413 1418 3586 1489 impe—

1981 1513 2064 1572 rio
2115 1512 2204 1570 vel
2259 1528 2517 1570 mansura
2547 1512 2718 1573 efﬁcit
2761 1513 2849 1568 vel
2877 1525 3068 1571 casura
3115 1511 3384 1570 decernit.
3423 1514 3584 1572 Vides

1985 1618 2121 1672 ergo
2149 1604 2264 1664 Deo
2295 1607 2396 1662 soli
2442 1606 2666 1664 initium
2718 1623 2825 1666 non
2854 1609 3244 1679 apponendum
3277 1623 3307 1662 a
3338 1623 3444 1676 quo
3474 1624 3590 1666 om-

1982 1697 2130 1754 nium
2167 1697 2443 1764 processit
2487 1699 2811 1762 exordium,
2860 1716 2961 1759 nec
2992 1701 3441 1771 cutisempitcrna
3475 1715 3594 1760 tua-

275 1812 419 1863 esse,
451 1805 507 1852 et
535 1811 631 1851 sua
656 1794 930 1850 credimus
959 1794 1270 1850 aeternitate
1324 1807 1665 1855 mansurum,
1698 1801 1752 1846 et
1776 1790 1880 1848 ini-
1913 1792 1958 1858 Β
1983 1785 2173 1856 jestati
2205 1787 2352 1848 illius
2383 1789 2730 1858 acstituanda,
2766 1808 2888 1860 quae
2923 1804 2980 1852 ut
3006 1805 3212 1854 interna
3244 1795 3390 1859 sint,
3446 1792 3592 1850 sicut

279 1891 354 1945 tlo
398 1890 609 1944 minuas
657 1900 708 1944 et
737 1888 844 1941 ﬁne
874 1886 1210 1951 concludas;
1263 1901 1325 1943 ac
1375 1885 1500 1941 licet
1552 1885 1877 1940 essertiouis

277 1995 384 2038 tute
434 1983 684 2038 ordinem
735 1991 986 2046 teneam,
1029 1995 1138 2050 quo
1180 1980 1379 2035 factum
1433 1995 1464 2036 a
1519 1980 1630 2035 Deo
1659 1979 1712 2034 in
1743 1993 1880 2047 pra:-

274 2074 598 2130 cedentibus
626 2073 924 2128 meministi
960 2090 974 2126 :
1005 2070 1464 2142 quemadmodum
1499 2080 1681 2129 tamen
1729 2070 1880 2125 inex-

277 2166 546 2238 plicabilis
571 2167 674 2235 poli
701 2165 898 2221 molem
921 2172 1015 2219 aut
1037 2164 1236 2220 factam
1261 2165 1409 2220 credi
1431 2164 1595 2228 velis,
1620 2171 1714 2219 aut
1738 2164 1881 2220 sicut

278 2275 421 2316 nunc
451 2267 534 2314 est
559 2274 667 2314 non
699 2272 920 2328 semper
946 2257 1182 2314 futuram
1204 2301 1218 2325 ,
1251 2258 1466 2313 ratione
1497 2256 1783 2313 conﬁrma.

347 2352 545 2407 Zaccn.
564 2381 636 2392 -
653 2350 846 2405 Omnia
873 2349 1038 2419 igitur
1063 2350 1330 2404 elementa
1355 2365 1474 2418 qua:
1502 2362 1602 2404 vos
1634 2349 1746 2405 Deo
1768 2345 1881 2402 vcl-

278 2455 336 2499 ut
358 2452 632 2500 coaeterna
651 2441 968 2508 numeratis,
993 2444 1062 2497 ab
1101 2440 1242 2510 ipso.
1265 2440 1407 2496 sicut
1427 2439 1542 2509 jam
1566 2440 1699 2505 dixi,
1729 2447 1785 2494 et
1813 2453 1880 2494 ex

279 2535 451 2591 nihilo
481 2535 619 2589 facta
649 2542 798 2600 sunt,
826 2545 877 2586 et
902 2532 957 2587 in
983 2533 1125 2588 hanc
1161 2531 1347 2588 mundi
1376 2531 1608 2588 formam
1640 2532 1880 2588 mirabili

277 2627 685 2696 conspiratione
708 2626 942 2687 sociata:
967 2641 1088 2696 quae
1110 2627 1250 2681 sicut
1273 2625 1488 2682 initium
1503 2641 1572 2682 ex
1604 2626 1696 2681 Dei
1724 2641 1880 2683 crea-

279 2722 425 2777 tione
441 2728 812 2789 sumpserunt,
831 2721 902 2773 ita
918 2733 1122 2789 pcrenn
1133 2719 1201 2774 ita
1210 2727 1314 2774 tem
1331 2718 1448 2787 ejus
1463 2718 1728 2775 beneﬁcio
1743 2733 1879 2774 con-

280 2820 610 2884 sequentur:
639 2821 693 2867 et
727 2811 852 2867 ideo
880 2812 932 2867 ei
961 2825 1232 2868 comterna
1272 2825 1380 2867 non
1406 2821 1532 2868 sunt
1553 2827 1584 2867 a
1605 2828 1714 2882 quo
1742 2811 1881 2868 facta

278 2916 437 2972 sunt;
469 2906 596 2974 quia
627 2906 763 2962 nulli
791 2905 1017 2962 dubium
1039 2907 1348 2961 estauctori
1376 2907 1634 2977 qumlibet
1659 2923 1766 2963 non
1793 2924 1881 2964 so-

280 2999 394 3055 lum
426 3001 577 3070 paria
608 3015 714 3054 non
739 3015 884 3066 esse,
905 3000 1000 3055 sed
1032 3015 1154 3056 esse
1175 2999 1444 3070 subjecta.
1464 2999 1576 3056 Hoc
1599 3013 1782 3058 autem
1801 3002 1884 3054 in-

285 3090 522 3146 tellectui
541 3089 885 3162 apertissime
909 3100 1056 3161 patet
1080 3093 1339 3148 mundum
1361 3107 1428 3147 ex
1441 3093 1690 3160 pluribus
1714 3093 1880 3148 fuisse

1985 1881 2054 1938 de
2076 1882 2334 1950 homine,
2365 1884 2481 1952 ipsc
2511 1884 2752 1944 facturus
2780 1895 2885 1942 est.
2917 1887 3017 1946 lllo
3072 1889 3219 1946 enim
3249 1887 3581 1948 adveniente

1985 1974 2269 2032 destructa
2317 1977 2372 2036 in
2432 1977 2631 2034 melin.
2685 1979 3088 2047 mutabuntur,
3148 1989 3206 2036 ut
3258 1980 3588 2040 immortalia

1987 2083 2112 2122 cum
2145 2068 2364 2123 homine
2399 2070 2726 2136 perdurent,
2780 2088 2901 2142 qua:
2961 2088 3106 2128 nunc
3151 2075 3340 2143 utique
3385 2073 3588 2133 ttuattis

1987 2159 2333 2223 criminibus,
2387 2161 2516 2215 licet
2546 2161 2716 2222 invita
2750 2170 2806 2220 et
2831 2165 3104 2234 gementia
3130 2205 3146 2229 ,
3197 2176 3290 2218 aut
3333 2165 3591 2233 passione

1985 2261 2167 2310 tamen
2201 2253 2523 2321 polluuntur
2545 2265 2640 2308 aut
2669 2255 2820 2321 visu;
2845 2257 3106 2322 quoniam
3136 2272 3254 2324 qua:
3278 2273 3304 2309 a
3335 2256 3588 2324 passione

1985 2343 2252 2398 itnntunia
2280 2356 2430 2408 sunt,
2483 2347 2936 2402 contaminamur
2983 2358 3208 2417 aspectu
3249 2348 3433 2418 (Rom.
3466 2365 3592 2411 vui,

1983 2435 2076 2503 εο,
2109 2436 2226 2506 2%).
2284 2436 2359 2491 Ita
2394 2437 2488 2492 ﬁet
2541 2448 2600 2492 ut
2641 2439 2808 2494 etiam
2861 2441 3156 2498 elementis
3195 2455 3319 2494 cum
3368 2441 3594 2497 homine

1984 2529 2037 2584 in
2085 2530 2282 2584 melius
2334 2530 2648 2596 innovatis,
2680 2534 2945 2586 memoria
2997 2544 3364 2602 auctoresque
3409 2534 3587 2589 inter-

1984 2633 2111 2675 eant
2146 2621 2404 2676 vitiorum
2435 2639 2449 2688 ;
2477 2637 2598 2677 cum
2643 2625 2809 2678 etiam
2858 2626 2948 2678 illa
3001 2636 3303 2696 purgentur
3354 2642 3475 2697 quin
3510 2629 3591 2684 in-

1983 2715 2229 2784 genitam
2254 2714 2548 2785 puritatem
2579 2733 2685 2772 non
2719 2717 2901 2783 factis,
2931 2719 3030 2774 sed
3061 2718 3326 2778 factorum
3357 2722 3588 2778 scicntia

1987 2807 2371 2878 perdiderunt.

2559 2900 2790 2960 CAPUT
2830 2902 3030 2958 XXVI.

2057 2991 2164 3047 Cur
2186 2994 2387 3062 [rustra
2416 2993 2708 3050 adorentur
2736 2996 2906 3063 idola,
2933 3000 2978 3050 si
3007 2997 3060 3050 in
3094 2997 3299 3068 templis
3326 2997 3522 3053 donant

2650 3106 2923 3159 responsa.

281 3186 676 3255 compositum;
701 3186 842 3240 unde
864 3186 1074 3241 adverti
1102 3185 1259 3241 facile
1284 3195 1462 3256 potest
1489 3202 1596 3242 non
1629 3187 1704 3242 illi
1731 3187 1879 3246 ines-
1905 3179 1954 3248 C
2059 3181 2268 3238 Aron.
2293 3179 2545 3238 --Credi
2587 3182 2807 3252 quidem
2845 3182 3073 3242 arduum
3107 3193 3194 3242 est
3219 3223 3236 3247 ,
3266 3192 3327 3238 ut
3358 3184 3598 3240 mundus

283 3293 364 3343 se,
390 3279 486 3334 sed
515 3293 754 3349 praeesse
778 3279 1149 3343 divinitatem,
1177 3281 1438 3348 quoniam
1459 3280 1686 3336 alterius
1729 3280 1887 3350 adju-

284 3381 475 3426 mento
499 3371 758 3426 divinitas
779 3372 896 3427 sola
927 3387 1033 3427 non
1060 3371 1390 3442 indiget,sed
1416 3389 1519 3429 una
1539 3373 1593 3429 in
1615 3388 1674 3428 se
1688 3384 1742 3431 et
1763 3374 1885 3429 sim-

289 3463 415 3532 plex
437 3470 596 3532 atque
615 3462 850 3531 perfecta
871 3465 1119 3533 est,quia
1137 3464 1587 3533 incorporalis;et
1605 3465 1724 3520 ideo
1743 3466 1885 3520 invi-

287 3554 464 3609 sibilis
477 3566 529 3608 et
555 3555 989 3625 incorruptibilis
1003 3555 1150 3613 Deus
1168 3566 1252 3611 est
1280 3573 1292 3609 :
1319 3572 1440 3626 qua:
1458 3557 1510 3612 in
1525 3556 1683 3627 hujus
1701 3558 1887 3612 mundi

286 3655 410 3704 actu
436 3647 966 3717 ctcontemplatioue
988 3663 1096 3704 non
1118 3648 1190 3705 ita
1213 3649 1464 3714 sunt,sed
1479 3649 1783 3717 corporalia
1802 3665 1888 3703 es-

288 3754 367 3804 se,
389 3739 550 3796 etiatu
569 3753 631 3794 ea
654 3755 776 3808 tune
795 3755 861 3797 ex
886 3741 1002 3809 ipso
1025 3741 1228 3796 mundo
1249 3740 1545 3811 gignuntur
1567 3743 1884 3800 ostendunt.

287 3827 657 3899 Quacumque
689 3838 956 3899 praeterea
999 3833 1070 3886 ab
1098 3833 1294 3890 eodem
1334 3833 1417 3888 vel
1468 3834 1554 3902 agi
1608 3835 1888 3892 cernimus

292 3922 375 3980 vel
401 3923 576 3978 creari
611 3922 714 3978 sub
740 3921 1100 3990 dispositione
1130 3923 1348 3990 divina,
1382 3941 1487 3982 non
1531 3942 1646 3981 suae
1693 3928 1887 3982 volun-

292 4015 440 4077 tatis,
473 4013 567 4070 sed
601 4013 769 4070 ofﬁcii
798 4025 947 4070 sunt.
974 4016 1171 4086 Aspice
1196 4018 1454 4074 transitus
1482 4019 1611 4076 solis
1638 4020 1889 4090 lunmqtte

292 4107 615 4174 discursus,
672 4115 728 4162 et
782 4108 1000 4178 utrique
1052 4110 1296 4179 quotidie
1347 4127 1446 4182 per
1484 4113 1890 4172 vicissitudines

295 4209 596 4269 temporum
619 4199 704 4253 vel
735 4207 916 4255 ortqu
954 4201 1042 4257 vel
1080 4216 1334 4258 occasum
1360 4218 1483 4261 esse
1508 4205 1888 4274 repetendum.

294 4294 543 4350 Adventu
576 4295 1042 4352 noctis'soldiem
1100 4298 1314 4366 perdit,
1367 4314 1526 4368 quem
1578 4309 1759 4356 tamen
1791 4314 1891 4354 nec

295 4401 514 4456 semper
539 4389 755 4457 objecta
786 4389 1008 4447 nubium
1057 4390 1205 4446 velut
1243 4391 1498 4448 exclusus
1534 4389 1563 4430 ιι
1595 4390 1886 4447 illuminat.

295 4479 447 4538 Luna
472 4479 554 4538 sui
587 4482 788 4550 patitur
819 4481 1207 4538 detrimentum
1235 4523 1250 4547 ,
1283 4491 1339 4538 et
1369 4482 1762 4552 plenitudinem
1810 4481 1892 4540 lu-

1991 3286 2143 3333 tanta
2170 3277 2440 3334 virtutum
2473 3275 2842 3333 admiratione
2894 3277 3208 3334 consistens
3255 3285 3349 3334 aut
3387 3277 3598 3334 destrui

1991 3385 2252 3439 umquam
2277 3368 2452 3440 possit
2480 3378 2577 3426 aut
2628 3369 2808 3447 refici;
2857 3371 2954 3426 sed
3002 3373 3130 3440 quia
3191 3369 3597 3428 immutandum

1995 3463 2091 3520 Dei
2117 3463 2483 3532 possibilitate
2505 3463 2821 3528 confirmas,
2865 3462 2996 3532 quid
3025 3461 3269 3520 futurum
3310 3464 3431 3520 sine
3487 3462 3601 3520 ullo

2001 3555 2150 3612 erit?
2186 3565 2282 3612 aut
2310 3556 2488 3628 qualis
2537 3558 2814 3624 reparatio
2853 3566 2937 3612 est
2970 3554 3230 3612 effectura
3283 3555 3599 3623 clariorem,

1990 3647 2149 3715 cujus
2181 3656 2330 3702 tanta
2368 3649 2452 3704 vel
2485 3647 2808 3716 magnitudo
2847 3648 2935 3702 vel
2974 3650 3146 3717 gratia
3201 3658 3320 3713 est,
3383 3659 3445 3708 ut
3503 3663 3605 3708 nec

1993 3741 2316 3811 magnitudo
2356 3742 2477 3812 ejus
2506 3743 2725 3798 ratione
2755 3753 2846 3798 aut
2879 3742 3072 3797 notitia
3103 3743 3477 3811 deprehendi,
3503 3759 3606 3800 nec

1990 3833 2252 3903 splendor
2283 3835 2456 3903 possit
2483 3835 2708 3902 augeri?
2740 3833 2874 3901 Quae
2917 3849 3050 3906 ergo
3076 3850 3242 3905 super
3272 3835 3375 3893 hoc
3404 3834 3604 3892 deﬁni—

1992 3929 2068 3986 tio
2100 3928 2181 3982 vel
2213 3927 2485 3984 sententia
2517 3927 2590 3985 sit
2615 3928 2916 3998 sequeuda,
2946 3929 3230 3996 promissa:
3257 3929 3602 3989 instructioni

1991 4019 2248 4078 convenit
2278 4033 2388 4074 non
2419 4020 2596 4078 sileri.

2061 4113 2512 4172 Ζηθῶ-ηεαδ
2540 4113 2764 4182 quidem
2789 4113 2948 4179 dicis,
2986 4113 3368 4175 iutellcctibus
3399 4115 3602 4174 nostris

1992 4207 2058 4264 ad
2093 4209 2365 4276 integrum
2418 4207 2471 4262 in
2524 4206 2618 4266 Dei
2669 4207 3012 4276 providentia
3038 4208 3604 4278 indeprcliensibilem

1993 4314 2118 4356 esse
2138 4302 2434 4365 rationem;
2451 4299 2546 4356 sed
2565 4302 2852 4370 praesentis
2866 4301 3055 4371 gratiae
3074 4301 3305 4360 formam
3323 4302 3608 4374 multiplex

1993 4391 2256 4461 splendor
2273 4402 2532 4451 aucturus
2565 4402 2649 4450 est
2675 4411 2689 4450 :
2721 4393 2981 4463 quoniam
3012 4394 3174 4464 longe
3216 4396 3448 4466 amplior
3477 4397 3530 4452 ei
3569 4411 3602 4452 a

1993 4484 2252 4542 Creatore
2291 4484 2382 4541 lux
2417 4486 2630 4549 veniet,
2662 4502 2826 4556 quam
2862 4498 2882 4525 ε
2917 4497 3000 4544 est
3029 4487 3099 4544 ab
3151 4487 3343 4545 eodem
3391 4488 3597 4546 inserta

297 4575 458 4631 minis
486 4575 994 4634 subconstitutione
1033 4579 1267 4634 rectoris
1297 4587 1387 4636 aut
1422 4577 1631 4647 perdit,
1662 4586 1756 4632 aut
1799 4593 1890 4634 re-
1919 4571 1965 4638 Ι)
1991 4579 2276 4636 creaturis.
2322 4578 2464 4648 Ergo
2497 4579 2790 4637 invisibilia
2823 4580 3004 4637 metiri
3033 4597 3100 4638 ex
3141 4581 3452 4642 visibilibus
3504 4596 3606 4638 nos

295 4668 448 4739 cipit.
489 4667 686 4726 Varius
709 4677 974 4738 praeterea
1001 4670 1240 4728 siderum
1270 4670 1483 4741 lapsus,
1513 4681 1567 4726 et
1597 4671 1792 4725 rationi
1818 4671 1892 4728 si-

296 4776 400 4831 gna
448 4761 807 4829 famulantia,
868 4771 923 4818 et
981 4763 1350 4821 intumescens
1414 4763 1557 4819 netis
1615 4762 1895 4819 mensibus

298 4872 448 4916 mare
473 4897 489 4922 ,
532 4866 590 4917 et
640 4857 742 4912 sub
777 4865 927 4916 certa
957 4859 1213 4916 horarum
1253 4857 1664 4927 dispensatione
1703 4872 1897 4914 exces-

297 4962 417 5003 sum
472 4947 803 5016 modumque
860 4946 1174 5002 custodiens
1222 4957 1314 5002 aut
1360 4963 1561 5003 sereno
1613 4948 1893 5018 quiescit,

299 5049 394 5096 aut
416 5048 741 5108 tempestate
767 5041 1032 5098 turbatur.
1067 5041 1234 5098 Terra
1266 5041 1530 5098 imbribus
1551 5040 1722 5099 infusa
1756 5041 1891 5096 inol-

301 5129 436 5186 litur
463 5170 479 5196 ,
519 5131 819 5201 eademque
859 5148 1076 5190 rursum
1125 5141 1220 5189 aut
1262 5133 1390 5203 gelu
1431 5132 1752 5203 stringitur,
1803 5139 1899 5188 aut

301 5224 485 5284 calere
516 5223 752 5284 siccatur
783 5243 795 5278 :
830 5226 963 5293 quin
988 5235 1042 5284 et
1071 5236 1296 5295 aspectu
1343 5224 1441 5282 Dei
1474 5230 1722 5282 metuens
1770 5238 1899 5279 cun-

305 5319 609 5382 Iremiscit,
662 5325 718 5372 et
770 5333 830 5371 se
883 5319 1110 5388 imperio
1156 5319 1426 5373 subditam
1476 5330 1622 5372 motu
1678 5318 1896 5374 fatetur.

303 5410 482 5480 Ipsum
509 5423 690 5464 aerem
738 5407 1095 5477 perniciosior
1125 5409 1332 5463 halitus
1382 5425 1528 5476 smpe
1577 5413 1897 5492 corrumpit,

303 5511 360 5556 et
403 5511 685 5572 postquam
731 5502 1036 5572 gravaverit
1068 5543 1082 5566 ,
1135 5500 1299 5555 efﬁcit
1351 5501 1718 5574 pestilentem.
1775 5503 1903 5557 Viti-

381 5648 409 5725 εξ
435 5640 738 5725 Sic-cedes
768 5640 924 5695 Vind.
957 5650 1010 5694 ct
1039 5638 1177 5725 infra
1211 5639 1748 5725 lde_m,hac_Lemov.,
1778 5658 1902 5725 pro-

309 5721 492 5764 metur.
524 5711 578 5765 lu
609 5713 771 5766 editis
801 5721 1166 5768 conservent...
1199 5709 1588 5766 custodiant...
1620 5709 1898 5769 promitur.

382 5780 410 5819 δ
443 5783 515 5836 lta
541 5781 704 5837 codd.
736 5781 894 5838 Vind.
920 5792 974 5840 et
995 5782 1241 5849 Lcmov.;
1270 5784 1320 5836 in
1345 5782 1513 5852 priori
1549 5780 1790 5841 editione
1814 5801 1904 5840 rai-

2000 4681 2238 4744 oportet,
2265 4682 2320 4726 et
2340 4671 2776 4738 int-ort'uptibilia
2805 4671 2877 4728 de
2906 4673 3341 4741 Corruptibilium
3366 4673 3606 4730 admira-

1999 4763 2149 4820 tione
2168 4776 2396 4830 pensare
2421 4777 2434 4814 :
2452 4762 2617 4830 justis
2643 4770 2825 4820 autem
2852 4762 2904 4818 in
2919 4763 3118 4831 gaudia
3143 4773 3353 4822 mterua
3382 4779 3609 4834 surgen-

2003 4854 2168 4922 tibus,
2193 4852 2392 4910 cmlum
2423 4868 2622 4910 novum
2650 4867 2702 4908 et
2733 4853 2882 4912 rudis
2906 4863 3055 4912 terra
3079 4855 3609 4917 revelabiturzmul-

2002 4948 2305 5017 tiplicatuin
2355 4944 2579 5014 perinde
2605 4960 2768 5015 supra
2801 4948 2974 5004 solem
3003 4964 3071 5006 es
3096 4947 3192 5006 Dei
3222 4962 3524 5020 conspecm
3548 4964 3610 5011 se

2000 5040 2182 5099 lumen
2209 5037 2500 5105 infundet;
2530 5041 2657 5109 quia
2690 5040 2865 5098 multo
2898 5042 3075 5112 magis
3097 5043 3181 5100 sol
3209 5059 3241 5102 a
3277 5044 3390 5104 Deo
3415 5047 3618 5116 distet,-

2001 5147 2160 5201 quam
2193 5145 2290 5186 nos
2320 5130 2389 5186 ab
2411 5129 2606 5190 eodem
2659 5132 2777 5190 sole
2815 5132 3106 5193 distamus.
3143 5136 3210 5193 lli
3257 5139 3438 5206 potius
3466 5153 3604 5208 quos

2001 5223 2070 5282 ad
2103 5222 2246 5280 banc
2273 5223 2440 5280 vitam
2471 5223 2711 5283 diversis
2735 5224 3076 5293 justitiarum
3120 5229 3377 5300 gradibus
3409 5231 3605 5288 merita

2003 5316 2379 5386 provexerint,
2410 5318 2762 5386 Splendorem
2797 5321 2932 5375 solis
2963 5323 3200 5377 habituri
3253 5332 3404 5390 sunt,
3440 5335 3494 5378 et
3527 5325 3606 5380 ita

2005 5411 2204 5481 singuli
2268 5411 2506 5482 indeptae
2559 5412 2838 5469 fclicitatis
2881 5415 3184 5470 honoribus
3233 5415 3604 5486 perfruentur,

2009 5515 2065 5559 ut
2099 5521 2201 5565 nec
2230 5503 2394 5564 altior
2419 5503 2700 5576 cﬁ‘eratur,
2735 5524 2836 5566 nec
2869 5523 3166 5582 Spernatur
3196 5509 3456 5578 inferior,
3511 5511 3609 5572 sed

2008 5645 2234 5710 clusum,
2268 5644 2413 5699 haud
2447 5646 2516 5700 ita
2541 5647 2700 5703 bene.

2085 5728 2110 5787 (ᾗ
2144 5716 2408 5771 Voculam
2462 5728 2539 5774 est
2589 5719 2896 5776 addidimus
2944 5736 2974 5779 e
3015 5721 3140 5780 cod.
3184 5721 3344 5782 Vind.
3378 5723 3518 5786 lul'ra
3553 5725 3608 5787 in

1988 5786 2207 5868 eodem
2238 5797 2293 5843 ct
2319 5789 2374 5842 in
2409 5787 2665 5859 Lemov.,
2694 5791 2928 5848 omnium
2951 5794 3240 5870 specierum
3261 5798 3428 5859 nulla.
