4092 6176
540 257 681 324 1095

1805 246 2128 311 ΖΑΟΟΙῘΛΕῙ
2165 241 2555 309 CHRISTIANI

3707 242 3843 304 1098

540 376 735 449 gaudia
766 386 863 431 sua
893 368 1267 445 unusquisque
1292 370 1375 427 sic
1405 368 1618 442 diligat,
1650 376 1709 424 ut
1758 368 2031 425 claritatis
2059 367 2139 422 di-
2164 369 2217 428 Α
2246 382 2350 420 non
2379 374 2593 433 carent,
2623 378 2687 421 ac
2715 366 2838 436 plus
2864 378 3026 437 quam
3084 364 3341 420 homines
3388 362 3565 420 sciant
3614 376 3846 419 necesse

542 472 799 526 stantiam
849 468 965 538 pari
995 466 1411 522 immortalitate
1440 472 1779 535 compenset.
1825 463 1985 518 Nulla
2028 472 2137 516 tum

542 562 855 633 interjectio
881 561 1059 616 noctis
1090 560 1512 615 continuitatem
1546 559 1656 613 diei
1689 557 1938 627 lucisque
1969 556 2141 610 viola-

545 655 625 713 bit
652 672 663 709 :
687 669 929 727 praesens
955 654 1099 709 enim
1123 652 1466 708 cernentium
1496 650 1705 717 visibus
1738 651 1902 715 Deus,
1931 656 1987 704 et
2017 648 2144 703 bea-

543 755 723 803 torum
755 747 957 802 laetitire
988 761 1209 817 semper
1266 747 1418 800 socia
1461 743 1721 799 divinitas
1752 740 2143 797 obscuritatem

543 842 782 912 fugabit,
829 841 1086 911 diemque
1120 840 1392 910 junctura
1421 848 1524 894 est.
1555 837 1673 893 Non
1708 837 1847 891 livor
1885 835 2142 900 miseros,

545 950 658 991 non
686 936 925 1006 suspicio
947 935 1168 991 vexabit
1191 934 1461 1001 incautos,
1486 932 1670 988 nullus
1695 930 1859 986 animi
1886 945 1952 985 ac
1973 930 2147 985 visce-

547 1044 669 1086 rum
693 1028 882 1094 dolor;
919 1028 1182 1099 nullaque
1208 1027 1413 1098 peccati
1460 1025 1545 1080 vel
1577 1024 1901 1089 necessitas,
1940 1022 2028 1076 vel
2058 1036 2150 1076 oc-

546 1121 699 1177 casio
724 1162 739 1189 ,
772 1120 859 1175 vel
896 1121 1154 1175 voluntas
1196 1127 1429 1174 mortem
1461 1127 1552 1172 aut
1595 1118 1791 1172 mereri
1835 1114 2002 1169 faciet
2054 1123 2151 1168 aut

546 1215 729 1272 timeri
763 1233 776 1270 :
806 1214 1121 1271 vernabunt
1148 1222 1343 1269 cuncta
1374 1228 1498 1266 cum
1535 1211 1837 1276 fructibus,
1897 1207 2145 1263 omnium

547 1310 734 1382 specie
793 1309 947 1364 nulla
1000 1320 1306 1380 temporum
1361 1308 1627 1362 varietate
1689 1314 1892 1359 mutata
1949 1321 1961 1357 :
2009 1301 2149 1358 odor

548 1417 672 1459 cum
703 1401 1023 1458 amoenitate
1053 1401 1291 1458 certabit
1323 1418 1337 1454 :
1373 1416 1478 1454 non
1528 1399 1637 1454 illic
1676 1399 2005 1468 importuna:
2052 1397 2148 1451 ob-

551 1480 914 1551 scuritatibus
943 1494 1175 1565 pluvias,
1210 1502 1304 1548 aut
1356 1493 1612 1564 perennis
1664 1507 1810 1546 aura:
1846 1492 2149 1546 libertatem

552 1588 705 1658 rigor
751 1588 1013 1658 calorque
1066 1585 1543 1657 corrumpetzsed
1592 1585 1835 1640 manebit
1886 1596 2149 1655 perpetuo

550 1678 748 1735 blanda
778 1680 1073 1751 temperies
1095 1720 1109 1744 ,
1142 1689 1197 1734 et
1229 1678 1623 1733 intestimabilia
1661 1678 1803 1731 illius
1858 1674 2149 1731 beatitudi-

2245 468 2361 524 est,
2413 472 2642 529 quorum
2694 468 2748 513 et
2774 459 2982 514 creatio
3022 458 3309 513 sublimior
3337 466 3421 513 est
3445 499 3459 522 ,
3492 473 3592 513 nec
3622 465 3845 511 terreno

2244 563 2477 620 corpore
2507 566 2701 606 sensus
2750 549 3071 605 includitur.
3108 550 3175 604 Et
3201 565 3345 620 quae,
3391 564 3557 621 rogo,
3621 548 3847 602 illorum

2246 643 2507 699 divinatio
2534 646 2656 701 est?
2687 644 2879 701 Nonne
2903 644 3156 699 similiter
3196 659 3319 699 cum
3364 642 3679 697 hominibus
3713 654 3849 709 quos

2249 757 2343 812 per
2368 743 2497 798 vitia
2534 743 2824 811 ceperint,
2873 740 3077 796 Christi
3130 739 3472 795 invocatione
3520 736 3851 793 terrentur?

2248 834 2450 889 Volunt
2476 834 2720 905 quaedam
2751 842 2943 904 sponte
2973 832 3309 903 praedicere,
3348 841 3402 887 ct
3432 830 3500 885 de
3522 828 3851 885 absentibus

2247 929 2332 983 vel
2359 926 2599 991 futuris,
2630 926 2783 982 velut
2822 924 3111 981 manifesta
3163 924 3522 987 denuntiant,
3569 922 3692 976 dum
3751 928 3855 975 aut

2251 1021 2522 1077 medelam
2546 1019 2879 1075 cruciatibus
2910 1030 3165 1090 sperant,
3223 1028 3315 1072 aut
3346 1016 3697 1087 praedicluros
3725 1014 3857 1068 imi-

2250 1123 2437 1169 tantur
2464 1123 2520 1168 ul
2546 1112 2753 1167 fallant.
2808 1111 2997 1166 Omnis
3046 1123 3224 1165 tamen
3257 1107 3542 1164 divinandi
3572 1106 3857 1163 simulatio

2250 1206 2319 1262 de
2352 1206 2515 1262 rebus
2542 1205 2862 1275 actibusque
2890 1203 3122 1259 terrenis
3143 1214 3230 1258 est
3265 1222 3277 1257 :
3309 1200 3441 1257 nihil
3471 1210 3596 1255 ante
3616 1199 3853 1263 factum,

2251 1301 2395 1372 quod
2428 1300 2501 1355 sit
2531 1300 2622 1355 Dei
2647 1298 2696 1363 δ,
2727 1297 3061 1369 przevident;
3094 1296 3227 1351 nihil
3254 1296 3405 1368 prius
3431 1309 3591 1364 quam
3623 1293 3857 1348 videant

2252 1393 2477 1449 caeleste
2508 1401 2809 1455 noverunt;
2843 1402 2891 1444 et
2924 1390 3066 1461 quod
3093 1390 3265 1459 magis
3289 1390 3508 1452 mirere,
3544 1402 3610 1440 ne
3642 1386 3858 1455 cogita-

2254 1486 2431 1540 tiones
2460 1482 2678 1554 quidem
2713 1483 2765 1537 in
2795 1482 3053 1537 cordibus
3100 1482 3376 1537 hominum
3408 1477 3855 1549 deprehendunt.

2326 1576 2421 1631 His
2447 1592 2577 1647 ergo
2603 1591 2712 1630 non
2738 1574 2902 1646 pudet
2939 1574 3147 1629 cultum
3180 1588 3322 1627 verae
3352 1570 3651 1627 divinitatis
3678 1570 3861 1623 ascri-

2253 1669 2418 1733 bere,
2474 1670 2558 1724 his
2589 1667 2753 1723 vitam
2805 1666 3043 1722 hominis
3088 1682 3353 1737 spemque
3401 1664 3703 1727 committi,
3732 1664 3860 1733 qui-

552 1771 639 1828 nis
693 1773 885 1843 gaudia
940 1771 1342 1842 praeteritorum
1376 1770 1687 1825 recordatio
1718 1770 1867 1823 nulla
1898 1768 2147 1834 vexabit;
2180 1764 2231 1828 B
2258 1764 2356 1819 bus
2404 1763 2896 1820 circumscribendi
2945 1778 3163 1831 semper
3185 1760 3344 1815 dolus
3394 1768 3508 1823 est,
3541 1766 3599 1813 et
3625 1757 3860 1813 fallendi

553 1865 627 1920 ita
660 1874 721 1921 ut
750 1866 1041 1935 praesentis
1065 1866 1251 1921 mundi
1293 1880 1454 1920 usum
1482 1864 1697 1919 etiamsi
1725 1864 1951 1919 abolitio
1973 1864 2151 1918 futura

556 1974 665 2016 non
692 1960 932 2027 tolleret,
967 1962 1241 2017 transisse
1272 1970 1451 2015 tamen
1480 1959 1785 2029 gauderent
1806 1959 1939 2029 justi
1970 1959 2152 2029 potius

553 2068 716 2125 quam
743 2054 1015 2110 dolerent.

1114 2144 1344 2203 CAPUT
1385 2146 1599 2201 XXVII.

558 2240 620 2296 Si
665 2238 805 2294 Deus
854 2240 998 2294 solus
1045 2241 1258 2293 debetur
1295 2241 1581 2307 honorari,
1626 2256 1783 2309 quare
1828 2250 1875 2293 et
1922 2239 2154 2295 homines

628 2311 977 2375 honorantur,
1004 2320 1051 2364 et
1074 2312 1325 2382 imagines
1364 2312 1673 2381 scalpuntur
1718 2313 1769 2363 in
1802 2311 1935 2365 vasis
1959 2309 2079 2365 Dei.

626 2404 828 2459 Areu.
857 2433 929 2442 —
958 2402 1149 2473 Magna
1201 2410 1305 2465 est,
1348 2402 1492 2457 sicut
1522 2402 1689 2469 dicis,
1734 2402 2041 2458 adhortatio
2070 2402 2156 2457 fu-

558 2505 829 2563 turorum,
864 2496 961 2552 sed
990 2496 1232 2551 nondum
1268 2497 1443 2565 patuit
1480 2496 1766 2567 gentilium
1799 2506 1822 2533 ⁸
1847 2511 2038 2551 vanam
2063 2512 2153 2552 re-

561 2588 843 2658 ligionem,
875 2597 971 2643 aut
996 2603 1162 2644 vacua
1190 2588 1402 2643 honore
1432 2587 1738 2643 divinitatis
1771 2588 1991 2643 numina
2020 2604 2158 2643 nun-

558 2687 789 2756 cupari;
837 2683 1062 2755 quando
1092 2692 1149 2740 et
1187 2695 1338 2739 certa
1374 2699 1439 2739 ex
1483 2683 1665 2755 adytis
1709 2699 1971 2755 responsa
2017 2699 2157 2754 prte-

555 2789 804 2846 stantur,
833 2788 888 2835 et
913 2777 1091 2834 futura
1125 2788 1431 2834 noscuntur
1476 2778 1527 2831 in
1570 2778 1789 2845 templis
1821 2795 1834 2831 :
1874 2793 1994 2849 quite
2024 2780 2068 2832 si
2102 2785 2157 2831 et

558 2888 685 2929 vera
710 2882 838 2928 sunt
866 2882 920 2928 et
940 2873 1317 2944 quaerentibus
1346 2880 1599 2941 prosunt,
1630 2871 1833 2927 frustra
1863 2870 2153 2926 Christiani

558 2965 845 3023 destruere
869 2966 1145 3022 conamini
1175 2966 1321 3037 quod
1353 2966 1571 3036 eripere
1595 2981 1701 3020 non
1733 2966 1984 3035 potestis.
2066 2962 2069 2963 ⁷

629 3066 832 3122 Zaccu.
855 3096 927 3106 —
954 3065 1081 3120 Haec
1103 3063 1321 3135 quidem
1368 3079 1487 3134 qua:
1529 3064 1580 3117 in
1608 3060 1829 3132 templis
1868 3060 2155 3117 ostendere

2260 1873 2355 1929 pro
2394 1858 2735 1913 divinatione
2762 1855 3071 1912 subtilitas?
3106 1856 3199 1910 llis
3230 1856 3394 1909 ctiam
3425 1853 3718 1907 simulacra
3758 1861 3861 1906 aut

2256 1952 2364 2021 igni
2391 1958 2614 2005 excocta
2646 1950 3002 2019 componitis,
3029 1959 3123 2003 aut
3154 1948 3207 2001 in
3244 1947 3391 2017 ligno
3438 1946 3524 2002 vel
3580 1945 3861 2016 sculptili-

2257 2044 2355 2099 bus
2384 2043 2664 2099 adoranda
2689 2042 2969 2115 praebetis,
3004 2058 3074 2098 ex
3104 2042 3299 2113 quibus
3338 2042 3383 2096 is
3440 2040 3594 2095 vobis
3623 2055 3859 2095 venera—

2255 2138 2421 2193 bilior
2444 2138 2581 2193 deus
2606 2149 2710 2204 εει,
2736 2136 2827 2207 qui
2861 2136 3088 2191 artiﬁcis
3121 2152 3282 2190 manu
3316 2136 3512 2191 melius
3540 2135 3855 2204 expolitus;

2255 2238 2310 2283 et
2336 2230 2438 2283 hoc
2460 2228 2715 2284 divinitas
2732 2230 2955 2295 clarior,
2983 2228 3192 2296 pictura
3220 2229 3265 2281 si
3290 2227 3568 2298 pulchrior
3593 2245 3604 2278 :
3637 2242 3734 2281 nec
3765 2242 3861 2281 re-

2256 2321 2505 2391 quirendi
2543 2319 2859 2376 Creatorem
2914 2320 3151 2375 studium
3212 2329 3329 2385 est,
3381 2329 3473 2374 aut
3521 2320 3861 2389 agnoscendi

2257 2412 2428 2467 Deum
2457 2428 2644 2467 verum
2700 2427 2897 2468 sensus
2943 2413 3260 2481 apponitur.
3307 2410 3496 2465 Nonne
3549 2409 3860 2465 manifestae

2256 2504 2551 2560 dementire
2576 2514 2679 2569 est,
2714 2504 2799 2558 his
2826 2504 2979 2575 quasi
3014 2504 3124 2558 Deo
3154 2503 3427 2559 hominem
3481 2503 3685 2572 subjici
3716 2518 3861 2572 quos

2256 2598 2354 2654 tibi
2388 2598 2563 2669 possis
2586 2598 2756 2653 Deum
2788 2597 3065 2654 credendo
3093 2597 3388 2668 subjicere,
3436 2606 3490 2652 et
3521 2597 3587 2651 ab
3617 2595 3705 2651 his
3727 2598 3861 2651 vitae

2256 2690 2457 2745 auxilia
2509 2690 2784 2759 postulare
2830 2688 2989 2760 quos
3016 2692 3069 2744 in
3120 2699 3273 2745 reatu
3306 2704 3428 2744 esse
3471 2704 3581 2743 non
3625 2688 3860 2744 dubium

2257 2783 2379 2838 cst?
2406 2782 2555 2851 Quos
2585 2782 2628 2837 si
2660 2782 2979 2853 profuturos
3007 2792 3163 2853 putas
3188 2823 3204 2849 ,
3251 2790 3307 2837 et
3351 2780 3476 2835 ideo
3504 2780 3709 2850 placari
3764 2781 3863 2836 de-

2258 2878 2386 2934 bere
2408 2877 2670 2943 conﬁdis;
2706 2875 3021 2947 profuturos
3066 2876 3317 2947 cuiquam
3350 2873 3516 2930 crede
3557 2874 3859 2944 prepitios,

2257 2971 2301 3025 si
2328 2970 2497 3040 Spreti
2524 2985 2553 3023 a
2580 2969 2836 3024 ﬁdelibus
2867 2978 3088 3030 nocent.
3118 2967 3165 3022 si
3214 2968 3297 3021 his
3328 2982 3359 3021 a
3383 2964 3584 3038 quibus
3626 2975 3862 3035 pr0pter

2260 3064 2428 3119 Deum
2479 3072 2904 3120 contemnuntur
2956 3062 3219 3118 ofﬁciunt.
3265 3058 3400 3115 Cum
3450 3074 3580 3130 ergo
3631 3074 3733 3114 nos
3797 3060 3864 3114 ti-

557 3166 806 3215 extorum
855 3156 1126 3226 inspectio
1156 3157 1328 3222 solet,
1362 3163 1418 3210 et
1446 3170 1513 3210 ex
1542 3154 1725 3226 adytis
1778 3155 1928 3209 velut
1972 3153 2149 3209 futura
2179 3161 2226 3227 α
2258 3169 2461 3224 meant,
2502 3170 2524 3195 ε
2560 3158 2711 3214 vobis
2739 3167 2996 3229 praesunt.
3033 3156 3101 3212 Et
3126 3156 3249 3212 vide
3275 3157 3507 3227 qualiter
3540 3156 3732 3210 haberi
3767 3155 3860 3210 de-

556 3251 928 3324 portendere,
988 3266 1090 3307 nec
1142 3266 1361 3321 semper
1406 3265 1535 3305 vera
1579 3258 1735 3318 sunt,
1770 3257 1825 3304 et
1856 3249 1988 3304 nulli
2029 3265 2149 3305 um-

556 3360 745 3417 quam,
782 3351 842 3399 ut
866 3343 1124 3407 arbitror,
1174 3349 1443 3413 prosunt;
1492 3342 1616 3412 quia
1648 3342 1691 3395 si
1719 3341 1952 3397 adversa
2001 3352 2146 3409 sunt,

555 3446 611 3493 ct
637 3437 705 3493 ad
728 3437 1124 3493 correctionem
1156 3451 1222 3491 ex
1253 3435 1367 3491 Deo
1385 3434 1635 3501 veniunt,
1668 3435 1769 3490 nisi
1800 3439 1868 3491 ab
1899 3437 2015 3506 ipso
2042 3451 2150 3491 non

554 3542 769 3604 queunt
794 3531 1091 3586 immutari.
1126 3529 1527 3586 Etdenuntiata
1553 3531 1726 3586 scisse
1753 3530 1878 3601 quid
1909 3532 2151 3601 prodest,

554 3623 601 3679 si
633 3624 791 3679 vitari
821 3624 1084 3693 praedicta
1114 3638 1221 3679 non
1248 3634 1474 3694 possunt
1498 3623 1581 3677 ?si
1611 3632 1791 3679 autem
1815 3639 1881 3679 ex
1906 3624 2021 3680 Deo
2043 3640 2149 3679 non

555 3725 712 3783 sunt,
754 3732 857 3774 nec
886 3716 1025 3773 bona
1057 3725 1286 3787 possunt
1312 3731 1434 3773 esse
1462 3731 1565 3773 nec
1595 3732 1751 3783 vera,
1773 3726 1825 3771 et
1851 3716 2152 3774 sicuthaud

553 3811 828 3880 ofﬁciunt,
861 3813 933 3868 ita
956 3811 1095 3867 nihil
1128 3819 1359 3883 prosunt
1391 3829 1405 3868 :
1440 3811 1535 3867 sed
1564 3811 1679 3867 sive
1711 3819 1837 3867 sunt
1870 3810 2029 3881 falsa,
2054 3828 2152 3869 seu

551 3914 701 3963 certe
726 3922 792 3963 ex
826 3914 1098 3978 proventu
1142 3906 1347 3962 habent
1385 3905 1587 3976 aliquid
1639 3906 1914 3971 veritatis;
1971 3906 2151 3961 omnia

552 4002 811 4073 ﬁgmenta
835 4010 962 4057 sunt
987 4000 1298 4056 daemonum
1320 4041 1335 4065 ,
1364 4001 1455 4070 qui
1478 4009 1535 4055 et
1558 4001 1767 4069 sperari
1802 4015 1829 4052 a
1858 4014 1918 4055 se
1939 4000 2150 4067 volunt,

553 4104 610 4153 et
628 4102 915 4166 sperantes
953 4094 1210 4165 decipere
1239 4104 1678 4159 consueverunt;
1727 4101 1786 4149 ut
1835 4108 1955 4149 cum
1990 4110 2019 4149 a
2052 4095 2150 4151 Dei

552 4186 701 4243 cultu
725 4186 976 4243 homines
1006 4186 1405 4253 abstraxerint,
1435 4188 1601 4243 etiam
1632 4187 1916 4243 beneﬁciis
1952 4196 2155 4244 exuant

553 4286 717 4350 atque
749 4280 818 4335 ab
843 4279 963 4351 ejus
985 4279 1233 4337 b0nitate
1265 4279 1600 4351 disjungaut.
1632 4280 1694 4335 lli
1737 4281 2020 4352 gentilium
2050 4283 2150 4338 ob-

552 4370 735 4426 sident
760 4371 989 4441 templa,
1024 4371 1076 4425 hi
1100 4372 1204 4427 sub
1230 4383 1570 4426 mortuorum
1604 4372 1889 4429 hominum
1918 4374 2151 4430 nomini-

559 4461 663 4517 bus
679 4461 866 4518 sedem
897 4464 951 4517 in
982 4463 1183 4518 vestris
1210 4462 1389 4534 adytis
1415 4463 1787 4531 collocarunt;
1817 4478 1871 4521 et
1891 4467 2011 4536 quia
2043 4468 2149 4522 illis

2261 3253 2444 3318 beant,
2468 3253 2559 3323 qui
2590 3267 2688 3307 nec
2718 3252 2978 3322 prodesse
3006 3266 3263 3319 umquam
3303 3257 3553 3321 possunt,
3584 3263 3691 3304 nec
3708 3262 3861 3303 sem-

2256 3363 2351 3417 per
2377 3362 2595 3413 nocere,
2616 3362 2739 3402 cum
2767 3355 2820 3402 et
2843 3348 2912 3401 sit
2935 3345 3172 3409 facilius,
3198 3355 3253 3399 et
3274 3344 3421 3399 velle
3443 3358 3548 3397 non
3571 3342 3853 3398 desinant.

2797 3437 3026 3494 CAPUT
3051 3435 3289 3493 XXVIII.

2509 3530 2683 3599 Quare
2706 3530 2993 3586 Christiani
3023 3534 3191 3598 fatum
3211 3545 3313 3583 non
3332 3528 3570 3583 credunt.

2326 3626 2616 3681 APOLL.—
2652 3623 2823 3679 Habet
2855 3623 3075 3694 quidem
3103 3623 3339 3693 Speciem
3376 3622 3624 3678 veritatis
3664 3622 3864 3692 objur-

2254 3718 2403 3788 gatio
2446 3726 2560 3784 tua,
2608 3716 2703 3772 sed
2738 3725 2920 3787 potest
2951 3716 3362 3773 recurrentibus
3402 3715 3693 3772 confutari.
3745 3715 3863 3771 Nos

2254 3809 2400 3865 enim
2431 3824 2621 3864 eorum
2653 3809 2946 3865 simulacra
2970 3810 3058 3865 vel
3081 3810 3343 3881 imagines
3369 3809 3687 3875 adoramus,
3716 3824 3864 3881 quos

2255 3904 2338 3959 vel
2370 3919 2501 3960 vera
2548 3904 2811 3976 religione
2854 3904 2988 3960 deos
3030 3905 3326 3972 credimus,
3378 3905 3465 3960 vel
3498 3905 3865 3975 antiquorum

2258 3995 2637 4051 traditionibus
2664 3994 2690 4032 ά
2738 3996 2885 4051 docti
2932 3996 3067 4052 deos
3107 4011 3216 4052 non
3248 4010 3371 4053 esse
3401 3996 3716 4052 nescimus:
3766 4014 3867 4054 vos

2255 4104 2384 4144 vero
2409 4087 2611 4159 quibus
2640 4088 2784 4144 istud
2816 4089 3155 4145 abominatio
3181 4099 3283 4156 est,
3323 4106 3419 4145 cur
3450 4089 3723 4157 imagines
3760 4092 3867 4145 ho-

2255 4182 2461 4237 minum
2511 4182 2597 4238 vel
2646 4183 2789 4238 ceris
2831 4184 3033 4254 pictas,
3078 4185 3165 4240 vel
3204 4185 3436 4241 metallis
3475 4184 3710 4241 deﬁt-tas
3760 4187 3865 4243 sub

2256 4292 2442 4347 regum
2474 4278 2779 4333 reverentia
2812 4277 2978 4333 etiam
3013 4278 3227 4347 publica
3257 4277 3573 4333 adoratione
3612 4293 3865 4335 venera-

2254 4372 2407 4441 mini,
2454 4381 2510 4427 et
2539 4381 2597 4426 ut
2640 4372 2742 4443 ipsi
2793 4372 3100 4443 praedicatis
3146 4373 3259 4428 Deo
3312 4381 3523 4427 tantum
3577 4373 3865 4430 honorem

2254 4464 2492 4521 debitum
2532 4465 2694 4520 etiam
2738 4466 3048 4521 hominibus
3080 4465 3262 4521 datis?
3308 4465 3462 4534 Quod
3495 4466 3538 4520 si
3588 4476 3643 4521 et
3691 4466 3869 4522 illici-

554 4570 821 4627 nusquam
853 4565 1117 4627 praeterea
1159 4556 1494 4612 consistendi
1546 4556 1601 4611 in
1654 4566 1800 4613 terra
1847 4559 1999 4614 locus
2041 4572 2143 4629 est,
2173 4550 2229 4613 D
2258 4569 2367 4614 tum
2420 4559 2634 4629 legique
2677 4561 3008 4615 contrarium
3058 4570 3163 4629 est,
3195 4575 3293 4616 cur
3338 4559 3442 4617 hoc
3468 4560 3640 4616 facitis
3688 4563 3865 4617 Chri-

552 4663 738 4705 aerem
763 4648 867 4704 sub
898 4647 1136 4703 nubibus
1166 4648 1476 4719 praecipites
1500 4650 1801 4719 incursant,
1832 4652 2152 4726 volucrique

552 4742 805 4800 discursu
836 4742 1019 4798 omnia
1046 4750 1455 4811 perscrutantes
1475 4784 1489 4809 ,
1527 4752 1621 4799 aut
1659 4744 1769 4815 jam
1799 4751 1912 4800 visa
1939 4746 2147 4803 denun-

554 4836 731 4902 tiant,
779 4844 875 4892 aut
899 4850 928 4891 a
961 4849 1021 4891 se
1049 4835 1304 4906 nequiter
1334 4836 1583 4893 faciunda
1636 4839 1791 4907 quasi
1826 4849 1881 4892 ut
1911 4854 2151 4895 cavean-

551 4936 663 4996 tur,
685 4927 915 4984 adversa
951 4927 1278 5000 praedicunt.
1304 4929 1438 4986 Nam
1462 4930 1593 4986 licet
1616 4946 1849 5000 nequam
1874 4942 1929 4987 et
1953 4933 2149 4990 incerti

548 5021 661 5077 sint
689 5021 934 5091 spiritus,
965 5025 1225 5094 omnique
1263 5022 1494 5078 crimine
1522 5030 1785 5094 reatuque
1809 5024 2037 5094 polluti;
2064 5028 2145 5082 in-

548 5111 856 5184 corporalis
906 5124 1109 5182 tamen,
1143 5113 1370 5185 ejusque
1399 5114 1718 5171 substantiae
1769 5116 1924 5187 cujus
1971 5118 2144 5189 digni-

546 5214 712 5263 tatem
743 5206 981 5264 amisere
1006 5221 1132 5263 cum
1154 5207 1318 5275 cmlo,
1349 5218 1557 5263 natura
1576 5207 1844 5265 beneﬁcio
1869 5219 1925 5266 et
1954 5212 2142 5282 vigore

540 5408 543 5411 ι
619 5379 645 5407 ιι
675 5368 889 5441 Optima
920 5367 1127 5425 codicis
1168 5366 1330 5441 Vind.
1367 5367 1531 5424 lectio
1565 5386 1578 5422 :
1610 5369 1663 5424 in
1694 5369 1862 5439 priori
1892 5369 2139 5427 editione

542 5439 800 5512 corrupte
821 5442 1049 5514 nonduin
1071 5439 1341 5514 gentilium
1356 5441 1522 5514 potuit
1544 5457 1688 5514 rapa
1706 5441 1977 5514 religione.
2014 5443 2136 5497 Alia

541 5522 673 5568 sunt
698 5509 817 5583 quae
837 5528 941 5582 ope
970 5509 1212 5582 ejusdem
1238 5509 1445 5583 codicis
1470 5509 1665 5583 deinde
1694 5509 2137 5580 emendavimus;

545 5584 643 5642 sed
670 5580 1045 5649 le'viora'sunt,
1062 5597 1222 5650 quam
1239 5580 1523 5649 utsingula
1544 5580 1782 5637 indicare
1797 5597 2018 5639 necesse
2042 5584 2133 5639 sit.

614 5654 644 5693 ι’
675 5654 870 5710 Totum
926 5655 1030 5709 hoc
1068 5652 1136 5709 de
1178 5666 1381 5723 rerum,
1409 5651 1714 5723 ctelestium
1763 5654 2075 5723 cognitione
2104 5670 2137 5711 e

545 5726 787 5797 margine
810 5726 866 5781 in
896 5731 1104 5797 textum
1134 5722 1552 5797 revocavimus._
1576 5722 1735 5791 Illud,
1760 5722 1899 5795 quad
1922 5725 1988 5779 sit
2010 5722 2133 5793 Dei,

544 5796 637 5851 vix
656 5794 785 5851 ferri
814 5802 1031 5867 potest;
1064 5794 1247 5865 itaque
1276 5794 1512 5853 libenter
1540 5794 1726 5868 legero
1747 5794 1933 5868 ,quod
1977 5797 2138 5854 solius

2250 4651 2433 4718 stiani,
2488 4661 2580 4707 aut
2609 4667 2709 4706 cur
2735 4650 2839 4707 hoc
2888 4654 3057 4708 vestri
3105 4667 3213 4708 non
3244 4653 3536 4723 prohibent
3580 4654 3863 4710 sacerdo-

2252 4752 2369 4809 tes,
2415 4758 2484 4798 ne
2535 4742 2590 4797 id
2641 4742 2787 4813 quod
2841 4743 3217 4814 ignorantibus
3266 4744 3424 4800 nobis
3476 4759 3574 4815 pro
3613 4746 3865 4803 sacrile-

2250 4837 2337 4907 gio
2404 4835 2715 4903 ascribitis,
2790 4836 3030 4892 scientes
3097 4836 3200 4892 sub
3259 4836 3421 4891 ofﬁcii
3491 4838 3867 4896 excusatione

2249 4929 2492 4986 subeatis
2515 4929 2537 4984 ἰ

2322 5024 2526 5079 ΖΑοειι.
2555 5053 2626 5062 -
2652 5022 2800 5079 Istud
2843 5022 3064 5094 quidem
3117 5037 3219 5078 nec
3248 5020 3421 5077 debeo
3467 5020 3712 5091 probare
3754 5039 3865 5081 nec

2251 5133 2495 5191 possum,
2523 5118 2645 5187 quia
2683 5116 3029 5174 evidentibus
3057 5116 3153 5173 Dei
3197 5116 3356 5172 dictis
3386 5130 3494 5171 non
3532 5115 3857 5185 elementa,

2251 5227 2356 5267 non
2389 5210 2650 5282 Angelos,
2682 5226 2784 5267 nec
2810 5211 3086 5281 quoslibet
3106 5210 3235 5267 cteli
3263 5224 3326 5265 ac
3355 5220 3519 5267 terra:
3560 5208 3650 5265 vel
3706 5215 3863 5269 aeris

2246 5378 2319 5426 est
2339 5367 2458 5423 Dei.
3690 5371 3703 5423 ι

2324 5452 2345 5479 ε
2379 5441 2469 5498 Sic
2515 5438 2677 5495 codd.
2731 5437 2892 5493 Vind.
2944 5446 3001 5494 et
3030 5438 3250 5493 Lcmov.
3308 5434 3644 5493 emendate:
3689 5440 3857 5511 prior

2246 5512 2437 5577 editio,
2467 5511 2604 5566 vobis
2629 5519 2865 5581 prosunt,
2898 5518 3175 5581 corrupte.

2318 5582 2343 5621 ἀ
2366 5584 2605 5654 Uterque
2622 5578 2824 5649 codex,
2842 5582 3008 5648 ducti,
3033 5578 3265 5637 fortasse
3286 5580 3481 5654 melius
3498 5598 3511 5633 :
3526 5578 3682 5637 haud
3708 5585 3861 5639 mul-

2248 5664 2303 5713 to
2327 5665 2456 5728 post
2485 5652 2656 5711 iidem
2676 5654 2925 5728 codices,
2953 5654 3047 5709 ubi
3076 5654 3273 5728 legitur
3303 5652 3575 5728 nobiapro
3621 5657 3859 5711 sacrile-

2244 5723 2345 5802 gio'
2362 5728 2641 5796 ascribitis,
2673 5725 2877 5783 habent
2908 5734 3117 5782 tantum
3135 5723 3285 5780 habia
3309 5724 3556 5797 objicitir.
