4074 6204
336 353 475 414 1097

1548 374 2172 439 CONSULTATIONUM
2212 382 2343 441 LIB.
2387 385 2427 442 Ι.

3496 403 3635 462 1098

335 472 671 543 principatus
700 474 928 532 adorare
970 480 1358 550 permittintur.
1393 484 1569 542 Divini
1616 490 1759 547 enim
1800 506 1924 561 Spe-
1952 498 2004 557 Α
2036 495 2145 550 tit?
2182 497 2321 563 Quid
2364 499 2642 571 religiosae
2683 500 2962 559 hominum
3014 522 3208 577 preces
3260 512 3489 583 faciunt,
3537 531 3632 577 aut

334 564 475 620 ciale
510 566 610 622 hoc
637 583 833 625 nomen
860 571 1027 629 officii
1058 583 1164 645 est,
1215 587 1269 633 et
1299 580 1464 635 altior
1514 585 1660 638 omni
1710 596 1926 644 terrena

331 660 685 714 veneratione
709 666 1049 721 reverentia:
1083 667 1179 722 sed
1210 670 1353 725 sicut
1386 671 1441 725 in
1472 672 1781 741 hnjnsmodi
1814 694 1927 732 ma-

329 747 443 805 lum
476 753 705 820 primum
741 756 981 814 adulatio
1011 759 1259 818 homines
1306 764 1546 833 impulit,
1577 766 1655 821 sic
1686 785 1825 825 nunc
1856 772 1926 827 ab

329 856 519 900 errore
541 849 883 905 consuetudo
932 853 1023 907 vix
1064 865 1321 921 revocat;
1364 856 1416 910 in
1462 873 1571 928 quo
1604 867 1783 915 tamen
1842 863 1925 916 in-

327 951 546 995 cautum
605 944 954 1018 obsequium,
1007 965 1112 1005 non
1156 952 1391 1023 aliquem
1436 954 1679 1011 divinutn
1720 957 1920 1029 depre-

324 1028 615 1089 henditisal
674 1038 907 1095 cultum.
965 1041 1191 1099 Scilicet
1234 1056 1461 1116 propter
1507 1028 1919 1108 similitudinem

266 1133 271 1137 ‘
322 1125 643 1183 amabilium
691 1132 940 1188 vultuum
992 1136 1188 1205 gaudia
1241 1139 1445 1195 intenta
1503 1142 1624 1212 plus
1678 1144 1914 1215 faciunt,

313 1231 477 1287 quam
506 1220 554 1273 hi
583 1222 725 1279 forte
747 1226 971 1296 exigant
995 1229 1195 1298 quibus
1248 1231 1512 1303 defertur,
1546 1245 1640 1291 attt
1666 1237 1915 1311 perfungi

317 1327 569 1387 oporteat
606 1319 920 1380 deferentes
950 1341 965 1390 ;
1016 1336 1071 1381 et
1100 1328 1227 1382 licet
1260 1328 1401 1386 hanc
1455 1332 1775 1388 incautioris
1818 1334 1915 1390 oh-

316 1411 495 1481 sequii
547 1417 1008 1473 consuetudinem
1049 1420 1414 1479 disnietiores
1453 1424 1720 1482 horreant
1757 1428 1916 1483 Chri-

314 1505 498 1573 stiani,
529 1523 633 1563 nec
678 1509 971 1578 prohibere
999 1512 1260 1571 desinant
1290 1518 1643 1586 sacerdotes;
1676 1535 1784 1575 non
1834 1531 1907 1577 ta-

308 1614 432 1654 men
468 1601 610 1657 Deus
638 1603 838 1659 dicitur
868 1607 1026 1675 cujus
1048 1607 1263 1680 effigies
1296 1611 1585 1676 salutatur,
1620 1629 1743 1670 nec.
1775 1615 1911 1670 ado-

310 1691 493 1749 lentur
521 1698 684 1753 thure
713 1696 1004 1770 imagines,
1031 1713 1125 1758 aut
1153 1703 1401 1759 colenda:
1432 1706 1543 1761 aris
1570 1717 1906 1777 superstant,

308 1786 405 1841 sed
459 1791 739 1846 memoriae
788 1807 887 1860 pro
935 1795 1148 1850 meritis
1186 1807 1560 1867 exponuntur,
1612 1810 1672 1856 ut
1717 1817 1910 1857 exem-

2032 590 2359 659 supplicatio
2381 594 2540 649 enixa
2565 595 2695 664 qttid
2721 606 2967 666 praestat,
2993 601 3037 655 si
3059 610 3302 670 potestas
3332 608 3511 681 aliqua
3536 612 3631 669 de-

2031 682 2167 736 creti
2198 682 2503 755 inexpertis
2532 685 2852 744 hominibus
2869 702 3032 761 atque
3064 694 3117 748 itt
3153 695 3327 753 lucem
3353 705 3626 761 nascendo

2030 774 2447 844 prodeuntibus,
2496 780 2641 849 quod
2689 780 2851 836 vitari
2882 798 2989 838 non
3020 797 3205 855 queat,
3246 800 3299 845 et
3330 795 3474 862 quod
3520 797 3622 867 ipsi

2029 863 2246 920 videtur
2276 868 2497 938 alligat?
2525 874 2595 925 At
2621 883 2838 943 contra,
2863 875 3045 945 justus
3075 889 3129 934 et
3176 882 3309 937 nulli
3362 863 3623 959 umquam

2025 954 2313 1026 inaequalis
2332 958 2541 1029 judicio
2573 961 2747 1030 Deus,
2773 965 2917 1020 sicut
2938 979 3135 1025 cuncta
3179 973 3296 1043 ipse
3339 954 3621 1053 formavit,

2023 1048 2093 1103 ita
2146 1060 2203 1105 et.
2231 1062 2425 1109 cuncta
2478 1056 2818 1127 moderatur,
2853 1060 3026 1132 legem
3057 1066 3125 1120 ab
3152 1068 3311 1125 initio
3340 1048 3622 1142 statuens,

2023 1150 2079 1196 ut
2117 1142 2244 1200 boni
2279 1155 2486 1202 tantum
2516 1150 2723 1217 simus;
2772 1153 2942 1210 immo
2974 1158 3098 1228 quia
3140 1160 3221 1217 sic
3269 1181 3521 1225 creamur
3566 1184 3624 1228 et

2022 1236 2320 1306 nascimur,
2376 1255 2445 1296 ne
2504 1252 2779 1300 mutemur
2812 1265 2823 1300 :
2857 1265 3039 1319 neque
3090 1264 3300 1312 tantum
3360 1278 3430 1317 nc
3488 1267 3619 1323 mali

2019 1327 2214 1395 simus,
2248 1332 2343 1386 sed
2374 1349 2443 1388 ne
2464 1335 2549 1393 vel
2582 1338 2707 1392 mali
2741 1354 2864 1396 esse
2886 1343 3141 1415 velimus,
3178 1360 3234 1403 ut
3265 1364 3318 1407 et
3352 1354 3615 1416 faciamus

2020 1434 2244 1491 semper
2269 1424 2433 1492 bona,
2467 1442 2578 1484 non
2610 1440 2668 1485 ut
2698 1445 2977 1491 merentes
3019 1440 3165 1494 mala
3199 1443 3494 1516 aliquando
3526 1468 3621 1522 pa-

2017 1524 2241 1570 ttamur.

2091 1606 2291 1663 Verum
2344 1610 2484 1671 hanc
2514 1614 2583 1671 de
2628 1615 2871 1685 homine,
2924 1633 2981 1679 ttt
3033 1626 3281 1697 videtur,
3316 1636 3610 1704 praescien-

2014 1698 2141 1753 tiam
2176 1701 2506 1760 malitiarum
2557 1712 2797 1767 omnium
2830 1714 3083 1775 diabolus
3132 1698 3335 1779 auctor
3370 1726 3607 1802 invenit,

2011 1802 2067 1845 ut
2101 1794 2252 1850 velut
2282 1814 2377 1866 per
2405 1800 2684 1858 innoxiam
2721 1808 3015 1866 mathesim
3041 1817 3306 1874 occultius
3329 1794 3613 1895 decipian;

307 1880 457 1950 plum
494 1884 761 1940 factorum
813 1888 1180 1956 probabilium
1214 1892 1452 1961 poSteris
1480 1904 1766 1964 prtestent,
1808 1906 1901 1952 aut
1932 1893 1980 1954 B
2012 1891 2117 1950 ίιπν
2146 1888 2236 1955 (illi
2267 1888 2517 1947 fraudem
2551 1894 2702 1951 illius
2736 1898 2877 1956 hanc
2900 1914 2921 1941 ο
2954 1919 3078 1960 esse
3108 1922 3217 1964 non
3263 1925 3483 1970 norunt.
3520 1917 3607 1974 In-

308 1987 614 2045 praesenles
660 1994 757 2049 pro
800 1981 1067 2039 abusione
1105 1986 1394 2056 castigent.
1447 1988 1611 2044 Vides
1650 2006 1781 2061 ergo
1826 1992 1899 2047 nil

304 2070 507 2125 vestris
523 2073 811 2129 erroribus
833 2075 1014 2132 simile
1037 2077 1092 2131 in
1127 2078 1231 2133 hoc
1249 2094 1372 2135 esse
1394 2082 1538 2150 quod
1562 2084 1770 2154 arguis,
1800 2100 1902 2141 nec

296 2159 446 2230 juste
489 2163 733 2231 profanis
780 2168 996 2223 actibus
1036 2169 1215 2225 ofﬁcia
1277 2173 1579 2228 incautiora
1627 2177 1895 2242 conferri;

298 2256 519 2326 quando
549 2258 715 2314 etiam
751 2262 854 2331 ipsi
887 2261 953 2317 ad
984 2278 1121 2333 quos
1156 2264 1354 2321 referri
1386 2267 1529 2322 istud
1560 2279 1759 2338 potest,
1804 2279 1898 2325 aut

297 2346 416 2403 fieri
450 2348 554 2405 hoc
583 2352 757 2407 nolint
782 2354 827 2419 si
860 2343 1243 2423 consulantur,
1277 2367 1371 2413 aut
1414 2360 1716 2429 quamlibet
1740 2378 1896 2418 vana:

297 2443 489 2513 gloria:
511 2448 961 2504 consuetudinem
992 2466 1098 2505 non
1119 2452 1389 2519 recidant,
1422 2453 1556 2508 nihil
1584 2465 1788 2512 temere
1812 2473 1893 2513 as-

296 2545 577 2592 sutnentes
606 2538 872 2603 divinum,
899 2543 1160 2598 mortales
1189 2560 1248 2599 se
1269 2559 1413 2611 esse,
1443 2555 1499 2600 et
1522 2545 1615 2602 Dei
1637 2548 1891 2619 indignos

299 2627 512 2685 honore
544 2630 838 2697 fateantur,
872 2635 963 2691 cui
992 2647 1045 2692 et
1090 2636 1231 2709 quod
1265 2646 1394 2693 sunt
1420 2638 1646 2708 debent,
1691 2647 1747 2695 ct
1787 2640 1891 2697 fide

298 2728 358 2775 ut
390 2720 496 2777 hoc
534 2732 722 2781 essent
753 2727 989 2783 fortasse
1012 2739 1358 2785 meruerunt.

866 2820 1097 2880 CAPUT
1130 2824 1325 2879 XXIX.

554 2914 728 2981 Quare
756 2914 1046 2971 Christiani
1068 2922 1237 2988 fatum
1268 2936 1369 2974 non
1400 2920 1636 2975 credunt.

360 3002 596 3062 Arrou.
620 3038 693 3047 —
714 3008 1013 3065 Advertere
1046 3011 1097 3064 in
1128 3010 1291 3082 hujus
1318 3014 1709 3083 propositionis
1737 3014 1883 3085 prin-

288 3095 435 3166 cipio
459 3099 706 3166 potuisti,
741 3101 887 3156 tenui
918 3118 1003 3156 me
1032 3102 1340 3174 objectione
1375 3105 1473 3159 ista
1499 3106 1723 3173 libasse,
1757 3108 1881 3178 quia

285 3190 649 3261 professionis
693 3202 891 3250 vestrae
934 3195 1196 3264 perfecta,
1236 3207 1295 3253 ut
1326 3199 1510 3264 vultis,
1545 3199 1878 3268 observatio,

2010 1984 2092 2031 ter
2113 1991 2306 2035 omnes
2330 1982 2474 2037 enim
2497 1976 2769 2045 scelerum
2798 2006 3019 2051 suorum
3054 2008 3203 2055 artes
3233 2005 3377 2060 nulla
3410 2005 3609 2066 dubios

2006 2071 2378 2138 perniciosius
2408 2081 2639 2151 appetit,
2697 2099 2801 2139 nec
2829 2087 2935 2143 alia
2967 2104 2998 2143 a
3042 2090 3138 2147 Dei
3161 2095 3310 2150 cultu
3345 2100 3606 2157 subtilius

2000 2365 2100 2405 nos
2151 2353 2378 2410 suadeat
2426 2355 2633 2414 debere
2679 2363 2824 2431 quod
2876 2366 3130 2424 vivimus.
3181 2372 3451 2431 Fallimur
3498 2379 3602 2433 nisi

1997 2442 2113 2500 hazc
2141 2447 2470 2516 quibusdam
2520 2468 2624 2521 pro
2679 2466 2790 2511 tota
2834 2461 3103 2530 religione
3153 2470 3433 2540 praecipua
3466 2488 3601 2529 cura

1995 2547 2075 2592 est
2109 2546 2169 2593 ut
2208 2538 2386 2595 futura
2422 2558 2529 2598 non
2577 2550 2847 2605 nesciant.
2899 2552 3080 2609 Volint
3111 2558 3306 2631 nolint,
3331 2538 3397 2618 dei
3428 2581 3457 2619 a
3487 2583 3596 2636 quo

1994 2629 2223 2685 scierint
2246 2633 2563 2690 efficiuntur
2592 2638 2851 2709 obnoxii,
2902 2647 3027 2713 quia
3077 2629 3338 2717 credunt;
3372 2670 3435 2726 ac
3465 2629 3594 2716 dum

1992 2720 2094 2775 ista
2146 2731 2449 2791 sectantur,
2500 2741 2531 2782 a
2583 2728 2687 2785 lide
2729 2740 2784 2787 et
2818 2734 3087 2805 religione
3117 2720 3448 2809 discedunt;
3508 2760 3588 2818 et,

1991 2815 2134 2887 quod
2177 2826 2261 2871 est
2289 2819 2510 2885 saevius,
2542 2822 2645 2877 sub
2672 2827 2854 2894 specie
2886 2827 3217 2888 innocentia:
3250 2838 3449 2893 malum
3481 2815 3590 2900 non

1988 2918 2238 2978 cavetur,
2286 2910 2415 2966 dum
2450 2914 2612 2969 vitari
2660 2932 2822 2986 posse
2853 2936 2962 2976 non
3009 2927 3274 2996 creditur,
3327 2947 3505 3004 neque
3545 2938 3592 2993 si

1987 3012 2071 3059 est
2095 3018 2412 3074 prosperum
2435 3023 2465 3063 a
2489 3007 2605 3065 Deo
2626 3011 2891 3081 poscitur,
2918 3019 3060 3084 quod
3091 3025 3402 3080 necessario
3424 3042 3589 3086 even-

1989 3106 2170 3153 turum
2197 3110 2472 3169 speratur.
2500 3100 2719 3160 Intuere
2747 3116 3017 3175 praaterea
3065 3111 3238 3182 ipsam
3286 3117 3585 3178 maleﬁcio-

1985 3206 2106 3245 rum
2144 3206 2397 3246 scenam:
2431 3194 2713 3265 signorum
2743 3200 3005 3267 qualltas,
3037 3212 3215 3261 status
3248 3207 3413 3278 lunze,
3445 3212 3585 3281 dics,

285 3281 361 3337 nil
391 3286 610 3353 penitus
659 3304 767 3357 quo
810 3290 1130 3359 exasperari
1169 3290 1316 3346 Deus
1353 3292 1545 3361 possit,
1577 3292 1741 3349 debet
1786 3293 1880 3348 ad-

1988 3279 2143 3349 hora,
2177 3285 2519 3341 consulentis
2572 3302 2774 3343 nomen
2818 3292 3139 3360 inquiritur.
3174 3297 3315 3355 Ecce
3339 3301 3451 3371 jam
3502 3279 3584 3359 in;

283 3376 539 3434 mittere:
585 3396 729 3436 nunc
755 3394 938 3438 autem
970 3384 1233 3454 neglectis
1280 3385 1384 3450 his,
1422 3385 1528 3441 hoc
1572 3387 1615 3440 si
1660 3386 1880 3442 videtur

281 3469 561 3539 signanter
590 3489 872 3543 exprome,
923 3491 1022 3531 cur
1054 3478 1222 3531 fatum
1255 3478 1462 3532 homini
1494 3493 1616 3534 esse
1660 3479 1869 3548 nolitis,

280 3572 373 3616 aut
419 3579 579 3633 quam
628 3567 699 3621 ob
749 3582 970 3623 causam
1004 3569 1203 3623 nullam
1233 3568 1442 3625 decreti
1489 3572 1869 3627 necessitatem

274 3654 482 3719 videri;
516 3673 638 3712 cum
673 3659 790 3714 haec
820 3658 935 3729 ipsa
969 3676 1066 3731 per
1093 3676 1316 3716 cursum
1348 3662 1589 3717 siderum
1621 3663 1870 3735 lunmque

275 3751 545 3805 rationem
579 3752 649 3805 ita
678 3752 1029 3810 inveniantur
1059 3764 1115 3812 et
1144 3772 1297 3813 certa
1344 3758 1477 3827 sint,
1512 3768 1572 3813 ut
1604 3774 1764 3815 nemo
1791 3759 1870 3813 fa-

271 3842 374 3895 cile
398 3843 599 3897 devitet
628 3845 777 3913 quod
803 3845 1042 3903 futurum
1065 3848 1113 3903 ei
1140 3848 1167 3887 ιτ
1207 3859 1413 3905 statuta
1454 3852 1696 3921 propriae
1730 3852 1868 3906 nati-

272 3932 458 3987 vitatis
482 3933 780 3992 affixerint.

341 4026 629 4082 Zsccn.—
656 4030 839 4086 Credo
864 4032 1137 4104 intelligas
1165 4050 1228 4090 ex
1263 4034 1718 4104 interpretatione
1750 4054 1865 4094 ser-

268 4122 446 4176 monis
470 4121 561 4176 fati
591 4137 789 4180 nomen
804 4138 1169 4196 assumptum,
1200 4130 1412 4199 etquod
1438 4133 1623 4187 vocari
1645 4142 1863 4203 putatur

267 4212 320 4268 in
349 4218 532 4286 specie
576 4234 684 4274 non
734 4220 813 4276 rei
842 4220 1077 4292 alicujus
1106 4238 1248 4291 esse,
1291 4225 1389 4279 sed
1433 4225 1619 4291 verbi;
1652 4225 1860 4281 decreti

264 4320 446 4364 autem
480 4314 785 4369 necessitas
814 4315 859 4371 si
889 4324 977 4371 est
1005 4318 1138 4383 ulla,
1174 4318 1321 4385 quod
1366 4317 1513 4374 credi
1546 4318 1697 4374 nefas
1740 4329 1855 4388 est,

266 4400 519 4458 humanm
570 4407 693 4461 vita:
741 4409 882 4463 Deus
913 4420 1007 4463 aut
1039 4409 1267 4480 ignarus
1295 4420 1404 4479 est,
1456 4421 1548 4467 aut
1579 4412 1815 4483 injustus
1842 4432 1854 4468 :

261 4493 522 4564 injustus,
567 4497 612 4552 si
660 4498 799 4555 bona
846 4503 1099 4573 malaque
1145 4504 1446 4572 inexpertis
1487 4506 1604 4575 ipse
1645 4506 1853 4561 consti-

260 4588 361 4641 tuit
386 4605 399 4653 ;
433 4591 677 4661 ignarus,
710 4592 756 4646 si
785 4591 1008 4649 decerni
1034 4597 1102 4650 ab
1124 4596 1233 4650 alio
1263 4612 1326 4652 se
1356 4608 1606 4653 cessante
1629 4598 1855 4670 permit-

1979 3385 2128 3430 certa
2160 3376 2429 3432 divinatio
2447 3386 2552 3445 est,
2577 3381 2670 3435 ubi
2705 3381 2821 3437 falli
2855 3383 3203 3458 interrogans
3236 3393 3322 3449 vel
3356 3411 3586 3467 respon-

1978 3468 2114 3524 dens
2167 3480 2367 3539 potest.
2422 3473 2509 3527 Fit
2556 3484 2746 3545 postea
2805 3480 3138 3552 quicumque
3184 3500 3577 3558 prostterorum

1974 3562 2199 3631 gradus,
2260 3575 2480 3620 etcum
2515 3567 2782 3623 evadendi
2833 3571 3151 3632 conditione
3204 3580 3581 3649 prtedicuntur

1974 3655 2229 3711 adversa.
2276 3656 2485 3723 Nempe
2514 3661 2679 3714 etiam
2713 3661 2801 3718 hic
2835 3667 3126 3721 memorati
3159 3671 3392 3729 artificis
3425 3674 3575 3733 fraus

1972 3746 2176 3815 elucet,
2209 3749 2355 3819 quod
2380 3764 2503 3805 esse
2540 3749 2777 3807 fateatur
2809 3756 3044 3823 incerta,
3079 3775 3201 3830 qua:
3233 3765 3389 3820 evadi
3413 3782 3577 3837 posse

1971 3839 2282 3898 denuntiet.
2314 3842 2459 3898 Deus
2483 3844 2630 3899 enim
2664 3846 2907 3903 innoxiis
2938 3850 3167 3907 adversa
3200 3869 3309 3909 non
3344 3862 3566 3929 statuit,

1968 3930 2322 4005 dinexpertis
2359 3937 2497 3991 mala
2545 3952 2653 3992 non
2688 3938 2898 3995 tribuit.
2946 3940 3117 3999 Vides
3167 3962 3304 4018 ergo
3349 3959 3403 4004 et
3431 3951 3572 4008 divi-

1966 4042 2051 4082 nte
2084 4028 2366 4098 patientia:
2397 4037 2454 4085 et
2475 4029 2728 4087 humana:
2757 4034 3060 4091 curiositati
3096 4038 3340 4097 fraudem
3368 4043 3562 4102 diabo-

1967 4122 2089 4178 licae
2115 4124 2249 4178 artis
2280 4124 2541 4191 illudere,
2579 4136 2634 4182 et
2685 4128 2841 4183 velut
2883 4130 2937 4184 in
2984 4136 3375 4203 supputatione
3425 4140 3567 4197 luna:

1962 4232 2025 4272 ac
2056 4219 2299 4276 siderum
2331 4238 2493 4277 cursu
2520 4224 2798 4279 occultum
2826 4227 3075 4296 perfidiae
3106 4232 3309 4289 vulnus
3340 4243 3397 4289 et
3420 4237 3568 4294 virus

1962 4311 2154 4377 latere,
2191 4324 2245 4368 ut
2276 4314 2420 4370 inter
2446 4319 2825 4389 cognitionem,
2868 4336 2932 4375 ac
2980 4326 3388 4391 pra-scientiam
3421 4330 3565 4386 futu-

1959 4420 2143 4461 rorum
2194 4416 2249 4462 et
2290 4410 2600 4465 reverentia
2655 4411 2773 4477 Dei,
2828 4422 2885 4467 et
2931 4428 3087 4470 amor
3130 4416 3357 4486 justitite
3412 4426 3557 4493 apud

1959 4498 2210 4553 homines
2232 4502 2563 4569 minuantur,
2592 4518 2713 4559 cum
2738 4504 2880 4561 Deus
2902 4517 2998 4562 aut
3026 4509 3164 4564 mala
3198 4517 3556 4573 nascentibus

1955 4594 2219 4650 statuisse
2248 4595 2555 4652 credendus
2586 4598 2682 4666 sit,
2732 4609 2827 4654 aut
2855 4602 2923 4656 ab
2954 4603 3069 4657 alio
3108 4609 3407 4663 constituta
3460 4628 3555 4665 au-

261 4680 346 4736 tit.
380 4681 512 4736 Nam
538 4684 581 4737 si
610 4700 837 4741 necesse
860 4697 947 4741 est
967 4687 1143 4743 bonos
1172 4704 1316 4755 esse,
1363 4705 1460 4744 cur
1510 4690 1857 4745 ascribuntur
1880 4682 1933 4740 D
1962 4684 2106 4741 ferre
2135 4702 2242 4741 non
2274 4702 2452 4756 posse.

254 4777 450 4830 merita
498 4778 796 4844 voluntati;
848 4781 894 4834 si
928 4782 1124 4845 malos,
1158 4797 1256 4837 cur
1290 4797 1447 4853 ptena
1490 4783 1853 4839 commissis?

252 4864 398 4937 Ergo
431 4878 487 4922 et
520 4869 605 4923 lex
637 4886 976 4939 supervacua
1006 4884 1111 4938 est,
1142 4883 1199 4929 et
1226 4877 1413 4931 nescio
1434 4892 1597 4946 quam
1620 4877 1689 4932 ob
1716 4891 1847 4932 cau-

250 4973 366 5013 sam
405 4962 593 5014 steculi
647 4962 769 5029 jura
804 4964 1147 5030 condantur,
1202 4966 1247 5019 si
1298 4967 1442 5035 quod
1487 4978 1637 5023 recte
1679 4968 1845 5023 homo

249 5051 504 5122 gesserit,
540 5056 896 5121 proventibus
936 5056 1318 5112 ascribendum
1338 5068 1450 5122 cst;
1484 5059 1627 5129 quod
1654 5075 1839 5129 prave,

244 5146 587 5199 necessitati.
645 5146 756 5201 Cur
810 5158 1076 5219 praeterea
1127 5150 1270 5206 idem
1326 5152 1590 5207 bonorum
1660 5156 1838 5222 potius

212 5276 215 5279 λ
246 5237 500 5294 conditor
538 5239 684 5295 Deus
717 5242 886 5296 tantis
914 5247 1310 5315 scripturarum
1342 5244 1716 5300 voluminibus
1752 5246 1837 5301 vel

243 5332 613 5390 comminatur
638 5334 903 5405 judicium
926 5384 940 5407 ,
970 5338 1059 5394 vel
1110 5339 1510 5397 beatitudinem
1543 5340 1837 5413 repromit-

314 5531 339 5558 α
364 5519 454 5575 Sic
480 5537 547 5577 ex
581 5522 802 5595 ingenio
829 5524 1193 5581 restituimus.
1224 5525 1358 5580 Nam
1388 5525 1443 5581 in
1479 5525 1638 5583 editis
1681 5536 1736 5581 et
1785 5526 1836 5580 in

236 5606 381 5666 ms_s._
399 5594 615 5661 cultum,
646 5594 736 5649 sed
762 5612 779 5649 :
812 5606 1095 5666 corrupte.

306 5662 334 5700 ι)
359 5664 733 5722 Posteriorem
757 5682 949 5723 vocem
980 5662 1294 5739 adjecimus
1321 5684 1351 5725 e
1381 5670 1548 5725 codd.
1576 5669 1739 5726 Vind.
1785 5678 1838 5726 et

240 5733 463 5789 Lemov.

287 5750 463 5791 emov.

304 5818 329 5883 ξ
358 5806 454 5883 Sic
478 5808 649 5883 codex
684 5811 869 5877 Vind.;
906 5814 1057 5883 prior
1086 5814 1282 5879 editio,
1304 5831 1414 5869 esse
1455 5831 1561 5869 non
1590 5813 1833 5875 creduntc.

233 5878 376 5956 Infra
405 5879 816 5937 ttbiexeoodcm
848 5878 1192 5943 restituimus
1215 5878 1307 5943 nec
1338 5887 1443 5941 alia
1471 5904 1504 5942 a
1532 5884 1653 5955 Dei,
1684 5886 1830 5956 lege.

566 5974 844 6037 PATROL.
891 5977 1040 6040 XX.

2524 4780 2757 4837 CAPUT
2796 4782 2968 4838 XXX.

1955 4870 2016 4925 Si
2046 4870 2284 4925 diabolus
2308 4872 2361 4924 in
2384 4873 2602 4927 occultis
2628 4883 2796 4941 nocet,
2828 4876 3087 4943 quomodo
3116 4889 3279 4945 potest
3308 4883 3359 4937 in
3381 4889 3550 4942 cursi-

1983 4964 2076 5018 bus
2103 4966 2241 5019 lume
2278 4965 2358 5019 vel
2380 4966 2613 5020 siderum
2655 4985 2773 5022 cum
2801 4970 2905 5023 sint
2938 4972 2990 5024 in
3019 4978 3265 5043 praesenti
3297 4994 3502 5036 nocere.

2020 5061 2603 5127 Macran—Quantum
2647 5062 2805 5117 video
2851 5080 3042 5133 magna
3077 5080 3160 5122 est
3193 5069 3398 5129 diaboli
3442 5076 3542 5132 htt-

1942 5152 2033 5221 jns
2059 5174 2067 5214 ε
2090 5153 2323 5218 otentia,
2356 5156 2483 5224 quia
2511 5164 2699 5210 c0ntra
2730 5156 2847 5221 Dei,
2880 5168 2936 5212 ut
2970 5160 3313 5231 intelligitur,
3348 5169 3542 5225 volun-

1950 5258 2140 5315 tatem,
2190 5250 2356 5305 etiam
2389 5251 2530 5305 luna:
2577 5267 2641 5307 ac
2670 5252 2912 5308 siderum
2962 5258 3145 5313 cursui
3185 5275 3247 5314 ea
3292 5277 3388 5328 per
3419 5279 3540 5333 qua:

1945 5342 2264 5399 hominibus
2302 5359 2507 5401 nocere
2561 5347 2761 5416 possit,
2806 5348 3039 5406 inseruit
3074 5370 3089 5407 :
3136 5367 3325 5409 verum
3360 5366 3539 5414 tamen

1946 5527 2111 5582 batur
2141 5533 2401 5594 corrupte
2433 5542 2524 5579 nec
2546 5526 2681 5580 alias
2711 5544 2742 5579 a
2772 5526 2890 5582 Dei.

2014 5594 2039 5633 ἀ
2074 5597 2169 5653 Sic
2217 5597 2386 5653 edere
2418 5598 2740 5662 maluimus,
2786 5612 3120 5668 quamquam
3154 5601 3335 5657 nullus
3367 5606 3539 5665 codex

1940 5669 2179 5735 faveret,
2205 5683 2368 5740 quam
2392 5670 2535 5737 quod
2570 5680 2732 5741 antea
2763 5669 3055 5741 legebatur
3096 5671 3378 5741 inexpertis
3424 5694 3539 5734 ma-

1938 5758 2060 5813 gna.
2088 5741 2143 5795 In
2175 5741 2280 5795 line
2304 5742 2469 5795 etiam
2498 5740 2695 5811 capitis
2722 5739 3078 5809 reposuimus
3101 5739 3271 5813 posse,
3292 5752 3540 5807 cumedi-

1940 5822 2052 5867 tum
2078 5823 2224 5868 esset
2260 5821 2449 5883 posset.

2982 5978 3062 6040 35
