4092 6176
562 341 704 402 1099

1843 331 2160 392 ZACCHIEI
2197 327 2591 393 CHRISTIANI

3655 342 3754 404 llCO

558 475 668 533 quo
702 461 861 530 pacto
888 452 1105 511 aliunde
1138 455 1327 510 venire
1371 452 1647 508 credenda
1681 463 1832 518 sunt,
1881 468 2002 523 quae
2051 452 2165 507 illic.
2192 461 2245 522 Α
2272 454 2347 509 tio
2371 452 2572 509 dudum
2605 462 2950 524 sequestrata
2982 452 3303 508 deseritdit:
3335 457 3463 511 unde
3489 461 3624 528 igitur
3647 465 3764 533 quin,

562 557 804 624 inspecta
843 548 1193 607 noscuntur?
1226 545 1484 604 Arbitror
1510 553 1696 602 autem
1722 546 1780 602 in
1804 545 2032 602 occultis
2063 544 2165 600 l‘al—

567 645 826 702 sitatibus
851 639 1002 699 illudi
1029 642 1280 698 homines
1301 637 1454 695 abeo
1488 643 1682 707 ‘posSe;
1712 636 2006 693 mathesim
2033 647 2168 691 vero

561 755 687 798 cum
716 737 888 809 signis
926 751 990 793 ac
1023 733 1304 791 sideribus
1347 733 1680 804 simpliciter
1726 732 2020 786 convenire
2055 746 2067 782 :
2103 743 2167 784 ac

567 849 675 889 non
702 832 830 888 ideo
856 832 1075 886 noxiam
1099 827 1304 885 debere
1331 822 1594 896 iudicari,
1623 826 1753 896 quia
1797 823 1933 879 nihil
1973 822 2043 878 de
2076 833 2168 875 ca-

567 926 722 982 sibus
743 919 1044 989 subtraltit,
1093 921 1188 976 sed
1225 917 1400 990 magis
1430 915 1641 982 utilem,
1675 925 1798 987 qua:
1829 923 1925 970 aut
1955 913 2170 970 denun-

571 1023 674 1078 tiet
701 1031 989 1091 prospera,
1024 1025 1118 1071 aut
1142 1013 1386 1071 cavenda
1412 1007 1696 1081 praedicat.

646 1112 927 1168 ΖΑεοη.-
959 1105 1123 1166 Prius
1151 1101 1265 1162 dixi
1310 1105 1604 1160 mathesim
1637 1102 1740 1158 hoc
1797 1115 1918 1156 esse
1972 1099 2172 1155 satviu‘s

575 1207 774 1262 malum
804 1203 950 1276 quod
979 1205 1244 1257 innocens
1276 1195 1611 1262 mstimntur;
1649 1195 1742 1251 sed
1787 1193 1916 1250 licet
1947 1191 2176 1248 investi-

579 1299 747 1372 gabili
771 1297 1079 1353 subtilitate
1112 1303 1250 1349 tecta
1284 1301 1448 1361 atque
1489 1283 1746 1346 conclusa
1779 1289 1874 1355 sit,
1905 1297 2058 1343 actus
2091 1286 2176 1341 sui

575 1400 786 1460 tamen,
812 1393 953 1445 sicut
979 1387 1233 1458 exposui,
1267 1393 1501 1454 corpore
1530 1398 1594 1438 ac
1616 1383 1723 1436 (ine
1760 1393 2060 1436 reseratur.
2096 1378 2174 1432 Ex

574 1490 688 1544 Deo
714 1488 863 1543 enim
884 1500 994 1540 non
1024 1494 1138 1548 est;
1163 1491 1218 1538 et
1238 1481 1444 1536 idcirco
1471 1495 1571 1535 nec
1594 1477 1866 1533 sideribus
1894 1473 2176 1529 cohatrere

575 1575 849 1636 crédeuda
877 1587 990 1641 est;
1027 1583 1147 1645 quae
1181 1573 1418 1643 primum
1455 1573 1661 1626 incerta
1695 1581 1748 1624 et
1786 1565 2049 1629 inﬁdelis,
2082 1566 2177 1620 de—

576 1662 706 1728 inde
747 1667 926 1726 inanis
956 1677 1039 1724 est
1081 1666 1288 1737 operis,
1338 1674 1393 1720 et
1425 1664 1634 1719 idcirco
1665 1661 1953 1717 observari
1982 1672 2176 1729 supcr-

583 1771 812 1820 vacuum
845 1765 931 1818 est
982 1759 1056 1816 nil
1090 1759 1459 1830 profuturam.
1506 1757 1687 1813 Multa:
1734 1765 1917 1810 autem
1963 1752 2174 1809 stolidi-

2268 546 2358 601 isti
2390 557 2516 600 sunt
2546 544 2826 601 dtemoues
2855 559 2996 616 quiis
3025 541 3228 600 dudum
3261 543 3309 600 in
3343 546 3533 619 templis
3548 556 3762 621 gentilium

2268 639 2623 705 commorari,
2658 647 2714 693 et
2745 647 2889 693 nunc
2937 639 3212 694 universis
3256 637 3338 693 vel
3379 648 3584 710 praesse
3620 649 3769 703 veliti-

2271 735 2478 785 tereSse
2508 729 2837 785 criminibus
2867 731 3175 800 signantius
3207 729 3416 787 edidisti
3438 734 3458 787 ?
3479 733 3589 802 Quis
3625 749 3768 796 eortntt

2271 823 2526 879 similiter
2585 824 2884 894 princeps,
2959 831 3120 894 quem
3178 823 3444 881 diabolum
3497 833 3666 886 vocas?
3715 837 3777 890 tet

2273 915 2417 971 unde
2449 916 2516 971 ad
2550 917 2669 973 haec
2706 923 2873 987 opera
2904 920 3034 971 sunt
3063 917 3286 988 dejecti,
3340 919 3383 973 si
3425 920 3520 973 ulla
3548 921 3616 976 his
3641 933 3774 979 tamen

2273 1009 2618 1066 sublimioris
2651 1015 2863 1066 naturae
2910 1009 3154 1081 dignitas
3183 1005 3330 1064 fuit?
3372 1011 3512 1068 El'ﬁci
3550 1017 3668 1070 enim
3705 1027 3778 1084 per

2273 1119 2370 1160 eos
2419 1115 2539 1173 quae
2571 1107 2622 1159 itt
2651 1107 3034 1175 superioribus
3067 1105 3384 1173 meministi,
3439 1121 3534 1161 ttnn
3562 1108 3644 1163 nisi
3672 1110 3782 1179 ipsu-

2274 1202 2393 1252 rum
2426 1212 2631 1267 genere
2661 1207 2710 1252 et
2745 1198 3009 1268 qualitate
3039 1198 3450 1253 monstrabitur.

2347 1293 2549 1350 Zaccu.
2575 1324 2646 1334 -—
2677 1292 2880 1349 Eadem
2909 1295 3133 1364 quidem
3167 1296 3331 1350 etiam
3363 1305 3498 1350 nunc
3523 1297 3617 1352 illis
3641 1309 3790 1353 estna-

2275 1395 2394 1441 tura
2428 1403 2547 1457 quae
2578 1387 2823 1442 abinitio
2849 1388 2970 1453 fuit,
3016 1388 3144 1456 quia
3193 1388 3338 1459 quod
3378 1391 3539 1444 semel
3582 1393 3794 1446 creaverit

2279 1479 2441 1546 Deus,
2478 1490 2568 1534 aut
2604 1480 2656 1534 itt
2691 1481 2886 1536 melius
2922 1489 3118 1542 mutat,
3164 1491 3260 1535 aut
3301 1482 3417 1551 ipse
3463 1499 3561 1537 non
3589 1485 3791 1553 abrogat:

2277 1573 2561 1627 etelestem
2589 1585 2719 1627 vero
2747 1573 3067 1642 dignitatem
3094 1587 3200 1628 non
3227 1573 3314 1628 sui
3339 1574 3616 1642 Creatoris,
3638 1577 3714 1631 Sed
3731 1591 3797 1628 τοι

2281 1667 2489 1723 luntate
2527 1669 2771 1738 propria,
2808 1667 3188 1738 perdiderunt.
3223 1667 3384 1724 Unde
3412 1671 3531 1739 quia
3560 1679 3604 1725 et
3632 1670 3801 1725 oll‘ettse

2283 1767 2478 1815 causas
2509 1761 2766 1829 requiris,
2807 1773 2876 1815 ex
2929 1761 3341 1830 Scripturarum
3373 1763 3577 1816 ratione
3627 1771 3804 1832 utraque

585 1861 712 1915 tatis
756 1867 840 1913 est
883 1860 949 1911 ab
979 1855 1169 1912 eadem
1213 1852 1472 1924 pratdiCta
1507 1859 1779 1916 metuere,
1816 1867 1936 1920 qua-
1970 1861 2017 1901 et
2054 1861 2175 1901 cum

2298 1867 2577 1923 :Ognosce.
2614 1855 2731 1909 Duo
2756 1856 3102 1910 creationnm
3136 1869 3345 1925 genera
3375 1866 3495 1910 cum
3524 1855 3681 1910 omnia
3718 1871 3810 1909 ron-

579 1951 938 2024 prcediceutis
969 1947 1319 2004 confessione
1351 1945 1504 2001 evndi
1543 1953 1797 2014 possunt,
1822 1953 1875 1998 et
1906 1942 2177 2013 pt-anipne

579 2044 864 2101 conversis
911 2041 979 2095 ad
1011 2042 1182 2096 Deum
1238 2035 1492 2108 precibus
1525 2036 1794 2105 superari.
1844 2034 2174 2103 Prosperum

577 2147 710 2194 vero
737 2134 939 2205 aliquid
971 2135 1038 2189 ab
1077 2132 1270 2188 eadem
1306 2145 1529 2200 Sperare
1563 2125 1888 2199 perstultum
1920 2142 2025 2192 ρει,
2051 2143 2175 2182 eum

580 2235 692 2285 tam
721 2227 883 2283 facile
915 2236 1006 2280 aut
1051 2225 1162 2279 falli
1195 2225 1368 2293 possit
1394 2232 1485 2274 aut
1515 2219 1727 2275 fallere.
1761 2219 1868 2276 Sed
1905 2220 2045 2288 ﬁnge
2089 2234 2181 2273 ve-

582 2329 701 2376 rum
740 2317 1038 2389 aliquando
1069 2313 1392 2378 denuntiet;
1425 2311 1568 2382 quod
1598 2311 1892 2367 consilium
1928 2319 2010 2365 est
2057 2325 2177 2364 cum

585 2413 876 2471 manifesto
900 2419 1055 2466 reatu
1082 2407 1151 2462 ab
1187 2405 1500 2476 ltujusmodi
1539 2404 1802 2475 prodigiis
1843 2403 2041 2457 dubios
2084 2407 2184 2471 po-

579 2512 684 2566 tius
714 2514 1044 2576 exspectare
1077 2509 1394 2572 proventus,
1431 2511 1594 2568 qttam
1631 2497 1683 2550 in
1714 2495 1820 2550 ﬁde
1844 2508 2064 2564 semper
2095 2505 2181 2548 se-

589 2617 803 2670 curum,
857 2598 947 2655 vel
983 2594 1249 2652 medelam
1282 2610 1310 2647 a
1345 2594 1454 2648 Deo
1493 2605 1721 2662 sperare
1754 2589 1839 2645 vel
1879 2589 2182 2645 meritum?

590 2697 702 2751 lloc
735 2693 910 2764 magis
956 2689 1199 2755 noveris,
1233 2681 1521 2757 quemdam
1551 2697 1674 2739 esse
1705 2681 1925 2738 diainlo
1966 2681 2020 2736 in
2067 2695 2185 2735 scc-

585 2785 796 2841 leribus
827 2782 1221 2855 principatum,
1248 2788 1410 2848 atque
1451 2774 1583 2832 huic
1631 2773 2030 2830 intmttndorum
2070 2772 2186 2843 spi-

589 2881 794 2933 rituutn
829 2874 1142 2930 ministeria
1185 2871 1403 2925 diversa
1437 2870 1679 2933 Servire;
1715 2868 1816 2922 sub
1852 2865 1999 2920 illius
2039 2863 2185 2920 enim

586 2972 853 3042 ﬂagitiosa
882 2967 1157 3023 divisione
1187 2963 1278 3018 alii
1314 2960 1777 3030 concupiscentia:
1808 2958 1956 3014 faces
1991 2957 2186 3028 praefe-

588 3080 734 3131 rttnt,
769 3073 823 3117 et
851 3061 1090 3116 luxuriae
1122 3057 1360 3112 fomenta
1394 3054 1768 3110 succendunt:
1805 3069 1900 3124 per
1924 3053 2185 3123 quosdam

588 3159 641 3213 in
686 3169 931 3226 prtcceps
981 3151 1152 3206 fertur
1203 3145 1392 3211 libido,
1441 3156 1603 3216 atque
1647 3145 1881 3200 avaritia
1921 3155 1945 3180 ει
1986 3143 2184 3198 ofﬁciis

2282 1948 2463 2014 deret,
2496 1949 2769 2017 prtccipua
2802 1947 2949 2003 Deus
2985 1946 3136 2012 fecit,
3161 1949 3367 2017 quibus
3413 1948 3684 2002 secundum
3724 1947 3809 2001 olli-

2281 2043 2427 2097 cium
2456 2041 2648 2096 tribuit
2678 2051 2734 2096 et
2767 2056 3022 2097 sensum:
3058 2045 3108 2096 in
3149 2042 3310 2098 cmlis
3343 2043 3594 2112 Angelos,
3624 2042 3814 2096 homines

2278 2135 2332 2188 in
2365 2134 2530 2188 terris
2556 2153 2567 2186 :
2591 2135 2974 2204 iucorporales
3001 2141 3130 2190 sunt
3154 2145 3209 2190 et
3238 2149 3371 2190 vero
3397 2134 3614 2204 spiritus
3641 2134 3813 2204 Angelt;

2280 2241 2380 2282 nos
2430 2243 2563 2282 vero
2607 2232 2866 2285 coelestes
2924 2241 3124 2284 sensus
3182 2231 3333 2284 intra
3391 2243 3619 2299 corpora
3657 2237 3819 2282 terrens

2280 2330 2579 2390 gestamus.
2610 2321 2678 2374 Et
2706 2335 2831 2375 cum
2860 2331 3091 2377 munt-re
3116 2320 3411 2377 Creatoris
3445 2321 3682 2375 voluntas
3701 2321 3819 2373 utris-

2281 2425 2389 2480 que
2417 2412 2489 2465 sit
2513 2411 2707 2478 libera,
2731 2413 2906 2482 major
2930 2423 3016 2468 est
3037 2423 3223 2468 tamen
3257 2414 3319 2468 in
3347 2411 3828 2467 hominibusoccaslo

2283 2501 2636 2574 delinquendi
2663 2519 2676 2570 ;
2701 2506 2901 2574 quibus
2932 2515 2988 2559 et
3013 2506 3202 2559 animo
3232 2515 3294 2560 et
3325 2517 3562 2576 corpore
3582 2502 3826 2559 cavendum

2283 2609 2397 2654 est:
2418 2615 2540 2652 nam
2593 2599 2886 2654 desideriis
2910 2601 3130 2666 attimte,
3149 2609 3396 2668 corpora
3420 2599 3832 2669 actibuspecranl.

2360 2693 2421 2747 lli
2453 2709 2584 2761 ergo
2626 2693 2914 2762 propiores
2945 2692 3080 2757 Deo,
3113 2693 3203 2763 qui
3236 2696 3425 2763 magis
3455 2691 3608 2747 liberi
3631 2709 3645 2755 ;
3671 2701 3717 2745 et
3746 2689 3833 2757 quia

2287 2793 2642 2862 imperiorum
2695 2791 2944 2862 ejusdem
3001 2792 3239 2845 ministri
3298 2806 3534 2861 semper
3593 2804 3651 2843 ac
3694 2785 3841 2847 medii,

2288 2885 2411 2940 ideo
2446 2885 2567 2953 plus
2598 2885 2859 2938 Sricttles.
2886 2883 2914 2921 ι)
2949 2884 3092 2954 Ergo
3127 2883 3232 2954 (ut)
3273 2893 3643 2954 qutecnmqtte
3688 2880 3731 2932 in
3767 2887 3839 2930 ter-

2286 2979 2364 3034 ris
2408 2978 2492 3049 agi
2532 2987 2862 3048 potestatum
2910 2984 2964 3033 et
3007 2977 3351 3046 dignitatum
3411 2975 3672 3048 gradibus
3709 2970 3845 3033 vides,

2288 3071 2480 3125 umbra
2515 3070 2823 3126 cmlcstinm
2855 3079 2934 3124 est
2966 3088 2978 3123 :
3027 3070 3096 3122 ita
3141 3081 3192 3123 et
3248 3069 3376 3124 illic
3409 3069 3583 3138 magis
3605 3061 3844 3120 secundum

2291 3165 2384 3220 Dei
2417 3167 2603 3220 datum
2638 3173 2694 3219 et
2723 3155 3030 3233 disciplinte
3076 3171 3127 3216 et
3165 3163 3446 3218 ordinum
3483 3159 3677 3216 modus
3721 3155 3856 3224 prasi-

588 3253 703 3308 suis
735 3251 932 3313 utitur;
967 3246 1062 3300 alii
1085 3258 1277 3330 ’amore
1299 3239 1794 3330 habendicruettta
1828 3237 2180 3309 persuadent,
2209 3229 2254 3289 Β
2288 3257 2466 3313 demi;
2497 3256 2591 3312 Dei
2626 3256 2798 3310 servit
2829 3229 3100 3325 imperiis,
3137 3261 3309 3325 atque
3343 3255 3416 3308 ad
3449 3261 3643 3307 nutum
3671 3242 3853 3302 instititi-

587 3353 642 3400 et
671 3341 891 3396 fraudes
924 3338 1191 3393 furtorum
1227 3347 1469 3388 sorores.
1507 3329 1827 3403 (Lmtatttur
1872 3331 1937 3384 ad
1993 3329 2184 3399 cogni.

592 3434 726 3506 tos.)
771 3433 834 3488 ili
895 3428 1217 3486 maeroribus
1265 3434 1532 3496 przesunt,
1585 3434 1638 3480 et
1680 3425 1775 3493 qui
1805 3433 2042 3480 terrores
2075 3440 2190 3479 nte-

593 3525 873 3586 tuentibus
923 3523 1176 3594 ingerunt
1204 3521 1340 3576 certi
1390 3527 1558 3573 sunt:
1609 3516 1846 3572 aliorum
1899 3528 2189 3572 exercetur

594 3622 752 3679 turba
801 3615 1159 3682 cruciatibus,
1216 3625 1273 3668 ut
1321 3613 1517 3666 suavius
1571 3610 1873 3665 infelicium
1909 3610 2188 3664 hominum

593 3729 828 3785 corpora
862 3709 1152 3765 vexatione
1181 3705 1529 3778 qttatiantur:
1574 3715 1599 3757 :t
1631 3703 1956 3775 quibusdam
1980 3703 2082 3757 sub
2113 3701 2195 3756 in-

593 3814 879 3865 cremento
906 3805 1047 3859 [unm
1080 3812 1309 3872 augetur
1341 3798 1576 3864 insania,
1613 3805 1669 3853 et
1696 3805 1967 3866 tamquam
1991 3795 2058 3850 de
2084 3795 2193 3864 ple-

595 3901 851 3959 nitudine
881 3897 1159 3969 purissimi
1199 3893 1420 3950 luminis
1461 3900 1747 3960 captorum
1795 3889 1946 3945 labes
1985 3891 2194 3958 veniat,

594 3995 698 4051 sub
729 3993 958 4062 quadam
999 3989 1125 4043 ntali
1173 3985 1522 4041 dimensione
1555 3993 1648 4037 aut
1693 3995 2063 4053 exaggerator
2105 3993 2200 4037 aut

595 4088 820 4158 incipit:
859 4083 1108 4138 nonnulli
1161 4080 1423 4150 magicam
1477 4077 1866 4146 praestolamur
1898 4085 2097 4140 artem,
2144 4085 2199 4131 et

597 4179 813 4237 mentiri
839 4183 1187 4231 mortuorum
1217 4171 1417 4242 ﬁguras
1444 4171 1497 4224 in
1523 4169 1882 4224 meditatione
1903 4168 2193 4238 deputant:

595 4271 684 4328 his
729 4273 892 4327 etiam
944 4267 1370 4323 divinationibus
1419 4263 1701 4318 doctiores
1745 4272 2109 4333 praecurrunt,
2142 4271 2198 4319 et

597 4363 822 4419 fallendi
865 4359 1258 4417 subtilissimus
1289 4358 1444 4411 velut
1496 4357 1731 4427 simplex
1781 4355 2047 4410 mathesis
2077 4371 2196 4410 atn-

602 4457 877 4529 plectitur.
904 4450 1008 4507 Alii
1044 4453 1098 4504 in
1151 4449 1344 4503 avibus
1389 4449 1614 4517 auguria
1649 4449 1972 4517 prmcinunt,
2004 4458 2057 4502 ct
2097 4463 2194 4504 vo.

601 4553 813 4607 lantum
859 4546 1044 4614 lapsus
1089 4545 1255 4598 certis
1296 4541 1530 4594 laterum
1565 4538 1810 4610 partibus
1852 4549 2196 4602 monStrant;

2297 3349 2364 3404 iis
2398 3349 2698 3418 maiestatis
2748 3347 3210 3403 innumerabilem
3261 3347 3625 3418 Angelorum
3675 3340 3860 3396 multitu-

2285 3443 2495 3507 dinem,
2541 3441 3009 3512 Arcltattgelorttm
3051 3440 3388 3495 obedientia
3415 3439 3588 3509 regit.
3637 3434 3729 3502 Qui
3758 3441 3859 3484 nunc

2289 3551 2475 3594 autem
2506 3536 2758 3592 diabolus
2783 3546 2837 3591 et.
2865 3535 3173 3590 dwmonum
3203 3535 3515 3603 princeps,
3553 3532 3752 3601 primus
3784 3535 3868 3578 ont-

2291 3631 2439 3684 ttittnt
2462 3630 2700 3699 Angelus
2724 3627 2860 3692 fuit;
2887 3628 2978 3698 qui
3005 3626 3215 3680 factura
3239 3634 3302 3681 et
3336 3627 3527 3696 gradu
3555 3620 3753 3679 caeteris
3771 3628 3869 3685 pnt-

2293 3725 2563 3791 eminens,
2587 3723 2714 3777 dum
2738 3722 2964 3777 ell‘ertnr
3002 3721 3263 3791 superbia
3296 3765 3312 3786 ,
3359 3721 3516 3774 intra
3562 3727 3746 3772 omnes
3782 3705 3877 3762 eiic-

2289 3829 2409 3873 ctus
2441 3831 2524 3872 est
2569 3835 2580 3868 :
2617 3815 2797 3870 videri
2830 3829 2890 3869 se
2921 3817 3128 3868 etenim
3159 3814 3378 3876 Deum,
3440 3810 3598 3880 quod
3643 3821 3741 3861 non
3770 3807 3874 3856 erat.

2299 3909 2500 3974 voluit;
2531 3917 2586 3963 et
2637 3907 2761 3977 quia
2810 3907 3020 3976 primus
3063 3906 3208 3960 inter
3247 3917 3478 3960 omnes
3509 3903 3694 3956 iactus
3732 3896 3882 3954 tomb

2299 4001 2580 4058 Divinitati
2599 4015 2658 4057 se
2673 4000 3044 4070 comparando
3069 4000 3355 4054 honorent
3376 3996 3680 4054 Creatoris
3697 3999 3884 4044 assume-

2298 4109 2394 4154 t'e:
2442 4099 2512 4150 ob
2559 4095 2719 4165 cujus
2762 4096 2878 4150 ausi
2912 4095 3430 4164 praesumptionem
3465 4106 3605 4149 eum
3654 4077 3890 4155 aliquantis

2299 4201 2366 4245 ex
2414 4189 2788 4254 interioribus,
2847 4188 2936 4257 qtti
2985 4198 3286 4242 assensum
3343 4185 3768 4254 praebuerant,
3815 4175 3893 4240 eje-

2297 4291 2416 4336 ctus
2443 4296 2473 4337 e
2503 4280 2645 4336 coelo
2663 4291 2780 4346 est;
2810 4293 2948 4349 quos
2985 4287 3277 4348 postquam
3305 4291 3530 4334 secum
3554 4273 3730 4333 traxit
3750 4267 3808 4324 ad
3827 4275 3899 4319 tet-

2303 4387 2412 4438 ras,
2450 4383 2726 4442 tamquam
2780 4372 3044 4426 amissom
3085 4383 3381 4441 reparans
3430 4370 3821 4441 principatum,
3858 4370 3900 4407 ει

2302 4466 2526 4536 Angelis
2572 4466 2843 4520 satellites
2891 4478 3019 4519 sues
3068 4462 3232 4527 fecit;
3273 4473 3372 4532 et,
3420 4465 3591 4519 sicut
3621 4459 3783 4534 paulo
3819 4457 3907 4506 ante
3970 4500 3971 4535 ξ

2301 4561 2626 4626 memoravi,
2687 4557 2884 4613 ofﬁciis
2933 4557 3224 4612 criminum
3291 4557 3613 4628 malisque
3657 4557 3906 4616 lapsanti".

600 4653 765 4714 atque
798 4640 868 4694 ita
904 4637 999 4692 illo
1033 4635 1329 4690 falsitatum
1359 4634 1606 4687 omnium
1637 4632 1923 4687 incentore
1950 4633 2032 4688 vel
2061 4647 2183 4702 prae-

2302 4663 2560 4723 negatum
2593 4651 2645 4706 in
2673 4651 2845 4706 coctos
2873 4650 3112 4704 reditum
3144 4625 3543 4703 cetISoiatur.
3583 4647 3691 4702 ilic
3723 4643 3912 4715 primum
3969 4652 3976 4712 tu

597 4738 740 4802 sule,
797 4730 1033 4787 diversis
1079 4729 1372 4783 criminum
1417 4726 1708 4794 stipendiis
1745 4725 2022 4780 daemones
2056 4725 2198 4778 mili-

599 4837 738 4891 tant,
771 4836 830 4880 ttt
861 4825 1169 4879 indefessim
1215 4821 1456 4874 humano
1483 4818 1674 4889 generi
1707 4818 1932 4888 laqueos
1961 4823 2194 4888 praeten-

597 4923 815 4983 dentes,
841 4918 1003 4972 vitari
1058 4915 1126 4969 ah
1161 4913 1474 4967 hominibus
1506 4910 1749 4980 ferrique
1801 4923 1908 4964 non
1951 4910 2194 4978 possint;

602 5017 645 5069 si
681 5024 884 5076 tamen,
919 5010 1057 5064 sicut
1082 5007 1159 5061 illi
1192 5007 1272 5061 vel
1308 5005 1454 5060 credi
1489 5019 1708 5074 semper
1733 5004 1814 5059 vel
1842 5003 1959 5058 ﬁeri
1985 5004 2190 5070 volunt,

602 5117 778 5166 totum
811 5115 903 5160 aut
937 5100 1256 5159 crederetur
1281 5107 1375 5154 aut
1409 5099 1585 5154 ﬁeret.

1171 5198 1397 5255 CAPUT
1428 5197 1620 5253 XXXI.

848 5305 953 5371 Qui
982 5303 1084 5359 sint
1115 5298 1398 5363 dwmones,
1421 5308 1469 5352 et
1500 5313 1529 5351 a
1556 5315 1657 5369 quo
1681 5300 1940 5352 diabolus.

675 5405 875 5457 Arocn.
901 5428 969 5440 —-—
993 5395 1312 5465 Opportune
1342 5392 1407 5446 ad
1435 5389 1851 5460 responsionem
1888 5391 2194 5459 interroga-

671 5536 696 5563 ιι
727 5526 838 5578 lloc
865 5530 923 5576 ut
955 5518 1247 5586 inteiligat,
1289 5513 1598 5586 monendus
1625 5520 1711 5566 est
1751 5511 2175 5586 lector,_voce_m

603 5585 834 5667 ofﬁcium
862 5593 934 5647 ita
955 5590 1045 5645 hic
1072 5583 1247 5667 accipi
1278 5587 1408 5666 utin
1437 5584 1647 5665 codice,
1685 5583 1848 5667 cliti.
1869 5583 2057 5667 tto'titia
2092 5584 2177 5635 di-

603 5652 863 5732 gnitatum
893 5662 1132 5731 imperii.
1161 5652 1257 5732 pro
1278 5655 1546 5732 ministris
1570 5655 1684 5707 sive
1705 5652 2022 5723 ofﬁcialibus
2043 5669 2178 5720 prte-

607 5725 758 5786 sidis.
785 5736 918 5799 Quae
938 5725 1408 5799 uttcinisgittelusa
1441 5725 1610 5799 vides,
1658 5741 1722 5799 ea
1774 5737 2067 5799 supersunt
2108 5742 2179 5779 ex

609 5794 874 5855 commate
921 5803 976 5852 in
1019 5815 1126 5864 quo
1154 5797 1444 5851 Zacclta-us
1475 5795 1749 5851 scribebat
1800 5794 2176 5850 immoderata:

615 5867 815 5922 laetitiae
838 5881 1072 5937 praeesse
1099 5868 1401 5933 damones,
1433 5865 1630 5936 quibus
1664 5867 1716 5922 id
1741 5880 1939 5923 munus
1968 5882 1998 5922 a
2029 5866 2179 5938 priu-

2305 4745 2582 4800 hominem
2641 4744 2708 4798 ad
2757 4742 3131 4798 temerandam
3185 4743 3502 4811 praecepti
3543 4741 3726 4810 legem
3756 4737 3804 4790 in
3832 4743 3913 4784 set“
3969 4729 3973 4767 ⁵

2306 4847 2466 4907 teute
2493 4837 2725 4907 prsevins
2754 4846 2808 4891 et
2836 4851 3032 4890 suasor
3062 4836 3387 4899 animavit,
3433 4845 3504 4892 et
3535 4837 3598 4890 iu
3631 4833 3920 4897 consequen-

2306 4931 2452 4986 tibus
2473 4946 2688 5000 semper
2705 4930 2900 4984 bonam
2921 4929 3090 4982 nostri
3114 4930 3512 4984 creationem
3536 4943 3648 4999 per
3673 4927 3797 4979 vitae
3817 4920 3921 4972 illi?

2305 5025 2545 5079 dimenta
2584 5025 2696 5094 egit
2737 5023 2792 5076 in
2840 5021 3092 5085 crimina;
3131 5031 3189 5076 et
3234 5023 3612 5092 quamlibet
3647 5035 3752 5093 per
3785 5020 3924 5072 manus

2302 5118 2607 5180 hominum,
2643 5118 2747 5171 hoc
2776 5121 2960 5172 tamen
2988 5114 3250 5171 Christus
3293 5114 3645 5172 insistente
3692 5109 3927 5168 cruciﬁxus

2301 5224 2404 5267 eSl.

2369 5304 2449 5359 Illi
2510 5303 2731 5369 invidia,
2793 5314 3019 5368 tumor,
3073 5301 3420 5358 crudelitas
3463 5314 3536 5360 et
3589 5305 3802 5358 mixtus
3846 5305 3932 5348 Mr

2300 5398 2647 5467 ropiscetttim
2678 5398 2838 5452 luxus
2867 5397 2919 5450 in
2950 5395 3202 5451 sordibus
3238 5397 3442 5453 cordi
3474 5411 3733 5470 semper
3763 5401 3816 5450 et
3853 5400 3938 5459 git?

2303 5515 2424 5579 cipe
2454 5511 2705 5568 dmmone
2737 5512 2994 5566 collatum
3022 5520 3164 5566 erat.
3799 5578 3804 5579 γ
3973 5469 3975 5523 4

2371 5583 2398 5622 ι)
2433 5585 2693 5638 Voculam
2727 5593 2800 5650 ut,
2846 5600 2965 5652 qua:
3005 5584 3058 5638 in
3108 5582 3290 5637 editis
3343 5594 3419 5640 et
3474 5587 3542 5641 in
3581 5600 3734 5643 mss.
3781 5578 3928 5652 deet?!

2305 5655 2428 5709 ideo
2470 5657 2758 5724 adjieintns
2814 5651 2958 5723 quod
2991 5655 3334 5710 necessaria
3384 5657 3718 5714 videatur.
3769 5651 3940 5724 Intrat-

2301 5721 2593 5798 dt'sciplittll:
2622 5721 2896 5798 edidimus
2922 5744 2986 5781 ex
3019 5725 3205 5787 Vittd.,
3256 5742 3426 5783 nam
3465 5741 3658 5786 antea
3711 5721 3942 5795 legebam

2299 5810 2373 5852 est
2404 5797 2729 5866 disciplinw:
2760 5797 2924 5853 male.
