4092 6176
267 311 372 368 1101

1399 303 2030 366 CONSULTATIUNUM
2072 302 2201 361 LIB.
2247 305 2285 360 l.

3390 306 3531 368 “02

260 429 332 486 dio
353 440 449 485 est:
491 440 547 485 et
600 443 668 484 ne
715 443 938 495 semper
987 428 1154 499 impia
1184 428 1264 481 vel
1311 427 1515 496 polluta
1545 425 1807 482 sectantlo
1861 424 1907 481 Α
1938 427 1993 473 et
2019 419 2169 473 multi
2203 418 2364 473 vitam
2397 421 2590 490 laqueo
2615 421 2826 475 ﬁniunt.
2851 423 2981 489 Quis
3022 424 3299 479 hominum
3323 428 3526 496 lapida-

259 522 433 577 subtilis
464 521 722 591 nequitiae
763 521 1021 591 ligmenta
1069 519 1321 585 nudaret,
1358 519 1725 573 informationi
1754 527 1833 571 at-

260 630 344 683 que
374 613 649 669 ell'ectibus
678 612 954 667 scelerum
1006 612 1235 667 honesta
1270 612 1624 680 permiscuit;
1660 610 1830 665 videri

259 710 449 765 studens
470 710 573 764 sibi
617 710 983 778 virginitatem
1017 712 1253 781 placere,
1295 710 1466 764 dicari
1494 710 1696 763 debere
1715 708 1831 763 ido-

262 803 317 858 lis
354 804 672 870 castitatem,
715 814 773 859 ut
806 804 950 874 quod
996 820 1056 859 re
1083 804 1341 871 destruit,
1376 803 1611 856 ambiret
1645 802 1699 855 in
1735 817 1834 855 no-

260 898 409 963 mine;
451 898 752 968 puriﬁcatis
804 902 968 954 etiam
1003 900 1124 970 plus
1162 899 1419 970 quiddam
1458 897 1687 952 fallaciae
1721 908 1835 951 suae

261 1002 513 1059 priestans,
558 1002 613 1046 et
650 993 947 1062 quamlibet
1000 992 1206 1047 homini
1253 1004 1455 1047 sectam
1490 991 1720 1046 libenter
1749 991 1833 1043 in-

259 1083 478 1153 dulgens,
521 1085 648 1140 dum
713 1088 880 1140 Deum
922 1100 1022 1142 nec
1062 1088 1365 1157 igttoratmn
1414 1085 1657 1151 aliquisa
1692 1082 1833 1137 scire

259 1188 423 1246 queat,
483 1193 584 1233 nec
638 1180 881 1249 agnitum
922 1194 986 1232 ex
1044 1179 1215 1247 ipsius
1267 1178 1543 1233 voluntate
1589 1192 1651 1229 ac
1717 1176 1835 1243 lege

263 1282 547 1329 veneretur.
592 1274 655 1328 lli
688 1288 819 1344 ergo
847 1273 1150 1339 daemones,
1197 1282 1250 1328 et
1293 1274 1382 1328 hic
1429 1287 1617 1326 eorum
1646 1270 1835 1323 diabo-

262 1364 335 1419 lus
381 1366 660 1435 princeps:
706 1366 806 1420 bos
846 1366 1055 1421 Christi
1108 1380 1305 1421 nomen
1357 1366 1496 1421 intra
1553 1364 1833 1418 hominum

260 1460 442 1515 viscera
480 1461 697 1516 abditos
731 1470 900 1517 terret
949 1474 1003 1514 et
1044 1461 1275 1516 cruciat.
1327 1460 1389 1515 lli
1430 1458 1682 1513 omnibus
1726 1472 1837 1510 me-

259 1563 469 1607 moratas
509 1554 762 1621 superius
812 1553 1043 1608 insidias
1069 1562 1309 1617 struunt,
1363 1566 1498 1622 quos
1549 1560 1696 1605 metu
1737 1565 1833 1603 ne-

260 1658 441 1717 queunt
482 1646 756 1701 illecebris
788 1648 1102 1718 capientes,
1154 1656 1211 1701 ttt
1238 1663 1360 1703 cum
1390 1646 1635 1717 quolibet
1674 1643 1837 1698 modo

258 1739 471 1796 offensos
489 1740 599 1795 Deo
617 1739 871 1806 fecerint,
894 1742 962 1796 ab
993 1756 1089 1811 Spe
1110 1740 1541 1796 immortalitatis
1564 1738 1759 1793 abduc.
1778 1746 1838 1791 nt

1937 510 2173 565 tionibus
2203 526 2328 565 saxa
2354 550 2366 575 ,
2397 512 2517 581 quis
2547 512 2688 583 ligna
2725 515 2978 568 crucibus
3008 514 3326 584 deputavit?
3358 518 3527 574 Num-

1933 605 2060 675 quid
2084 621 2310 660 summa:
2336 607 2625 677 dignitates
2651 608 2851 664 idcirco
2876 610 3089 679 regibus
3114 610 3330 677 dantur,
3357 622 3414 668 ut
3444 622 3527 685 ty-

1936 698 2192 753 rannides
2225 698 2434 754 facilius
2480 706 2858 755 assumantur?
2902 702 3075 769 Quam
3128 703 3271 758 bona
3322 708 3529 760 creatio

1937 791 2044 845 vini
2077 795 2187 847 est!
2223 802 2276 847 et
2312 801 2593 863 acceptum
2628 793 2853 849 emistus
2893 797 3065 866 gignit
3106 797 3394 853 insaniam.
3423 799 3531 870 Ipsi

1938 882 2229 939 herbarum
2276 885 2426 939 succi
2472 887 2559 954 qui
2609 885 2905 954 profuturis
2942 887 3394 944 medicaminibus
3441 890 3531 945 ad-

1940 976 2258 1041 miscentur,
2292 987 2385 1031 aut
2431 977 2629 1032 sanius
2677 980 2861 1033 insciis
2915 988 3137 1045 nocent,
3182 992 3276 1036 aut
3326 981 3530 1052 largius

1941 1069 2263 1124 hauriuntur
2289 1080 2342 1125 et
2367 1071 2659 1139 perimunt.
2676 1071 3051 1127 Creandorum
3077 1074 3372 1129 liberorum
3403 1092 3527 1131 can-

1941 1178 1996 1215 sa
2022 1176 2142 1216 sunt
2170 1166 2432 1232 permissa
2462 1165 2736 1236 conjugia,
2768 1175 2823 1221 et
2846 1183 2909 1221 ex
2935 1168 3094 1223 licitis
3122 1169 3354 1226 coitibus
3381 1171 3533 1226 adul-

1945 1258 2076 1309 Ieria
2099 1257 2456 1312 admittuntur
2491 1258 2695 1313 illicita.

2010 1349 2178 1415 Qttid,
2223 1366 2378 1421 rogo,
2431 1352 2639 1420 tequius
2691 1352 2872 1407 facere
2922 1354 3064 1407 Deus
3113 1354 3323 1419 debuit,
3368 1370 3529 1424 quam

1942 1441 2316 1497 rationabilem
2359 1443 2687 1513 Angelorum
2745 1454 2800 1499 et
2848 1444 3128 1499 hominum
3169 1456 3478 1503 creaturam
3516 1492 3529 1511 .

1942 1544 2103 1604 atque
2133 1535 2272 1591 hanc
2303 1550 2401 1593 nec
2426 1539 2673 1594 libertate
2703 1541 2963 1608 privaret,
3000 1551 3051 1595 et
3080 1543 3305 1596 scientia
3327 1545 3535 1599 cautio-

1942 1630 2025 1681 nis
2058 1628 2368 1686 imbueret?
2397 1630 2551 1699 Quod
2582 1632 2624 1685 si
2667 1633 2830 1687 futuri
2864 1635 3121 1703 praescius
3153 1636 3295 1691 Deus
3338 1652 3532 1694 creare

1944 1718 2277 1787 hujnsmodi,
2320 1728 2413 1775 aut
2439 1724 2652 1778 caeteris
2684 1724 2941 1793 praeferre
2983 1740 3087 1779 non
3135 1726 3361 1793 debuit,
3401 1744 3534 1799 ergo

257 1844 305 1888 et
335 1834 689 1889 oblectatione
730 1835 1101 1903 prmsentiutu,
1150 1846 1203 1889 et
1259 1834 1641 1889 incredulitate
1694 1832 1837 1884 iultt-
1874 1819 1916 1879 Β
1948 1827 2045 1868 nec
2076 1812 2348 1868 Imminem
2374 1814 2556 1871 facere
2585 1825 2675 1870 am
2706 1817 2916 1871 (δυηθίίε
2948 1818 3201 1887 prmi-""0
3230 1821 3490 1876 debuerat
3522 1864 3536 1885 ν

258 1944 421 1984 rerum
433 1971 447 1985 .

791 2021 874 2078 ελ
887 2022 1018 2078 PUT
1060 2020 1275 2077 XXXII.

321 2113 415 2169 Cur
442 2115 685 2187 prwtcius
733 2119 1029 2185 futurorum
1063 2113 1204 2168 Deus
1253 2114 1429 2184 fecerit
1474 2114 1763 2177 diabolum,

330 2273 335 2277 _
485 2212 571 2279 qui
600 2211 803 2281 futurus
833 2221 962 2263 esset
994 2209 1290 2264 hominibus
1326 2210 1586 2263 inimitus.

320 2302 513 2357 AroLL.
548 2333 617 2341 —
650 2302 709 2358 Si
745 2312 851 2356 tam
880 2303 1058 2356 malus
1087 2312 1170 2356 est
1196 2302 1444 2357 diabolus
1471 2316 1631 2371 quam
1662 2301 1799 2355 dicis
1821 2345 1833 2363 ,

258 2402 308 2448 et
333 2404 430 2449 tam
462 2396 712 2463 pertinax
744 2394 1057 2457 criminum,
1086 2394 1248 2447 futuri
1280 2395 1542 2464 praescius
1568 2393 1709 2448 Deus
1740 2408 1839 2447 ncc

259 2485 444 2539 malum
478 2500 667 2539 creare
695 2484 992 2551 debuerat,
1023 2500 1121 2541 nec
1155 2495 1303 2540 tanto
1334 2484 1574 2539 culmine
1603 2485 1839 2553 dignita-

259 2580 319 2633 tis
342 2579 552 2647 eii‘erre,
589 2596 654 2634 ne
684 2590 776 2633 aut
806 2580 908 2634 sibi
935 2581 1155 2635 obvium
1184 2621 1197 2643 ,
1226 2591 1314 2634 aut
1342 2580 1657 2635 hominibus
1688 2594 1842 2633 crea-

256 2672 627 2728 retinimicum
655 2689 669 2738 ;
712 2675 868 2743 cujus
898 2691 1018 2742 qua:
1058 2674 1197 2728 ratio
1229 2674 1353 2728 facti
1386 2675 1495 2741 sit,
1529 2675 1571 2727 si
1608 2674 1838 2727 scientia

256 2766 501 2835 suppetit,
531 2768 775 2821 narratio
799 2769 1188 2837 subsequatur.

322 2860 513 2916 Zaccn.
568 2891 637 2903 ——-
679 2852 822 2915 Nihil
877 2861 1077 2914 malum
1136 2862 1353 2928 penitus
1401 2862 1451 2913 in
1516 2874 1616 2915 suo
1670 2874 1839 2929 opere

258 2953 390 3009 Deus
442 2952 594 3018 fecit,
641 2968 740 3009 nec
797 2953 1017 3008 insitum
1070 2952 1122 3007 in
1177 2952 1261 3006 bis
1312 2952 1583 3007 creaturis
1640 2951 1839 3022 aliquid

254 3048 465 3102 noxium
488 3056 591 3110 est,
619 3045 714 3101 sed
743 3046 811 3100 ab
839 3045 923 3100 his
949 3046 1128 3115 potius
1144 3046 1469 3114 appetitum,
1493 3044 1619 3117 quia
1643 3056 1699 3099 ut
1723 3045 1837 3115 pla-

251 3148 432 3194 cerent
461 3138 602 3194 facta
630 3147 754 3193 sunt
780 3138 964 3193 omnia
993 3180 1007 3203 ,
1032 3154 1139 3192 non
1170 3148 1225 3192 ut
1256 3148 1518 3194 nocerent
1555 3156 1565 3191 :
1600 3138 1693 3192 sed
1731 3140 1841 3207 pri-

252 3247 394 3286 mum
433 3232 651 3301 Angelis
680 3232 819 3287 sicut
852 3231 1167 3287 hominibus
1201 3242 1385 3300 postea
1429 3232 1654 3287 liberam
1697 3231 1843 3286 Deus
1873 3208 1918 3271 (ἶ

257 3323 505 3394 prazstitit
533 3324 888 3389 voluntatem,
920 3325 1159 3394 alioquin
1194 3324 1246 3379 itt
1280 3325 1433 3379 nullo
1461 3334 1657 3393 praeter
1692 3332 1844 3378 natu-

253 3434 365 3473 ram
396 3416 559 3473 mutis
590 3418 917 3473 animalibus
944 3417 971 3456 ι)
1006 3418 1419 3488 ρτίηειὶιίδδθηι,
1457 3419 1558 3473 hoc
1594 3428 1678 3473 est
1703 3418 1847 3474 sicut

249 3509 363 3581 jam
394 3510 460 3566 de
490 3511 797 3567 hominibus
818 3511 956 3575 dixi,
983 3512 1034 3566 itt
1058 3512 1292 3583 quodam
1319 3512 1638 3583 ignorantiie
1662 3523 1848 3581 torpo-

254 3618 313 3658 re
359 3606 676 3673 compositis
718 3613 812 3659 aut
842 3604 1071 3660 licerent
1119 3606 1321 3669 omnia,
1360 3613 1457 3658 ant
1503 3605 1685 3659 omnia
1740 3619 1846 3659 non

255 3696 505 3751 licerent.
555 3696 698 3751 Fons
721 3712 852 3768 ergo
878 3697 1042 3752 totius
1071 3698 1297 3752 rationis
1326 3698 1469 3751 Dens
1499 3696 1850 3751 irrationabi—

253 3788 332 3844 les
361 3788 462 3844 sibi
493 3800 609 3844 erat
644 3797 930 3845 creaturos
973 3790 1290 3845 ministros?
1318 3791 1426 3845 Aut
1455 3805 1577 3860 qua)
1606 3790 1847 3853 ipsorum

253 3882 511 3938 sensibus
540 3883 711 3944 ratio.
752 3882 794 3935 si
827 3882 974 3936 nulla
1003 3881 1265 3936 voluntati
1292 3882 1566 3951 potestas?
1590 3880 1722 3947 Qum
1751 3896 1848 3950 po-

253 3986 466 4029 stremo
500 3974 840 4037 obedientia,
875 3982 968 4027 aut
996 3975 1117 4044 quis
1148 3972 1247 4028 Dei
1273 3973 1450 4028 cultus
1485 3973 1585 4027 nisi
1610 3971 1850 4042 jubentis

255 4068 504 4138 imperiis
536 4081 881 4137 consequens
925 4078 1071 4122 esset
1103 4067 1404 4122 similitudo
1455 4067 1852 4121 famulantutn?

253 4160 413 4227 Quod
445 4162 486 4215 si
534 4167 755 4231 propter
780 4159 1203 4230 uniuscujusque
1247 4159 1613 4215 voluntarium
1651 4161 1851 4214 malum

253 4264 477 4308 creator
513 4262 597 4308 cst
637 4252 975 4323 arguendos,
1019 4252 1163 4322 quod
1205 4252 1308 4308 dici
1358 4253 1504 4306 nefas
1536 4262 1649 4317 est;
1698 4260 1753 4307 et
1789 4252 1856 4307 de

251 4346 517 4401 omnibus
540 4344 641 4399 hoc
667 4345 825 4402 modo
847 4347 998 4417 argui
1024 4354 1220 4414 potest,
1242 4346 1366 4417 quia
1384 4346 1450 4401 ad
1479 4347 1676 4400 bonum
1700 4361 1855 4401 usum

253 4442 401 4495 facta
438 4449 561 4495 sunt
593 4441 794 4507 omnia,
826 4450 878 4496 et
901 4442 1070 4496 malos
1092 4441 1270 4496 exitus
1301 4437 1500 4495 habent
1523 4483 1536 4505 ,
1564 4441 1605 4493 si
1645 4440 1725 4496 his
1754 4440 1855 4494 ali-

252 4542 341 4588 ter
373 4533 451 4587 uti
483 4532 637 4588 velis.

326 4625 607 4697 Nnmqnid
639 4626 836 4681 malum
882 4634 964 4681 est
1002 4625 1184 4697 ignis?
1234 4636 1287 4680 et
1317 4636 1466 4681 certe
1495 4642 1614 4696 quin
1650 4628 1856 4697 impor-

248 4728 393 4775 tune
439 4718 745 4775 admoveris
783 4726 1121 4774 exuruntur:
1172 4727 1312 4772 terra
1343 4718 1546 4785 obruit,
1594 4708 1689 4773 sed
1732 4733 1854 4773 eum

246 4811 550 4866 subruitur
600 4829 612 4864 :
661 4826 765 4865 non
799 4808 1095 4879 naufragiis
1129 4809 1295 4863 maria
1326 4822 1654 4880 congregata
1686 4821 1809 4864 sunt
1841 4852 1855 4877 ,

241 4915 300 4960 et
364 4915 549 4959 tamen
599 4902 979 4971 intempestive
1030 4898 1234 4954 ratibUS
1289 4902 1431 4955 adita
1475 4902 1854 4972 submergunt.

240 4995 539 5067 Numquid
587 4994 653 5049 ad
689 4993 1052 5050 decidendum
1084 4996 1225 5048 celsa
1259 5004 1571 5049 constructa
1604 4996 1770 5050 sunt?
1809 5005 1863 5052 ct

243 5092 366 5146 nisi
412 5090 647 5146 summis
681 5089 889 5142 cautius
926 5089 1287 5143 consistamus
1320 5131 1332 5153 ,
1376 5088 1693 5144 excidimus.
1729 5088 1861 5145 Ver-

245 5186 453 5239 tendu:
483 5183 536 5237 in
561 5182 744 5236 sulcos
776 5189 934 5235 terra:
965 5192 1127 5249 atque
1156 5179 1579 5235 excidendorum
1617 5198 1777 5237 causa
1805 5181 1867 5236 li-

239 5292 505 5348 gnorum
537 5276 737 5331 ferrum
767 5272 1075 5327 horninibus
1097 5274 1279 5327 datum
1306 5283 1480 5341 est,ct
1509 5277 1631 5331 exin
1659 5277 1867 5347 gladios

242 5369 412 5426 bella
442 5368 815 5441 sumpserunt.
848 5365 1114 5434 Numquid
1140 5366 1192 5419 in
1226 5368 1357 5421 resti
1390 5374 1538 5423 mors
1568 5370 1739 5439 posita
1761 5372 1869 5427 est?

336 5567 365 5594 ιι
407 5558 467 5609 tn
495 5554 642 5609 vind.
676 5554 806 5607 scire
826 5560 1023 5623 qutrrat
1046 5595 1059 5620 ,
1095 5548 1288 5623 nescio
1318 5562 1444 5623 nunt
1478 5550 1693 5607 melius.
1723 5553 1874 5609 Haud

246 5629 347 5683 ira
379 5627 563 5683 tnulto
584 5636 717 5699 post
745 5618 857 5691 ubi,
893 5625 996 5699 ltus
1012 5618 1135 5693 ergo
1169 5618 1385 5699 Christi,
1416 5634 1603 5699 vnocem
1630 5641 1752 5699 ergo
1784 5630 1875 5683 de-

240 5702 515 5755 lt-vitrztt‘s
548 5690 791 5765 t'jitsdcnt
824 5692 1031 5751 codicis
1059 5690 1397 5765 attetoritalc
1430 5691 1572 5748 freti.

329 5772 359 5809 b
404 5758 1004 5842 Hascednasvo‘eutas
1045 5778 1169 5835 quia
1209 5763 1260 5816 in
1288 5758 1450 5818 editis
1487 5766 1736 5842 deerant,
1789 5775 1880 5829 ad.

228 5844 601 5916 scripsimus
624 5856 652 5895 e
682 5840 805 5895 cod.
840 5837 991 5894 Letn.

1940 1922 2099 1975 quem
2131 1919 2475 1977 peccaturum
2506 1908 2713 1965 sciebat
2748 1920 2837 1965 :et
2862 1913 3000 1966 sicut
3033 1922 3085 1967 tu
3112 1914 3283 1980 dicis,
3323 1930 3388 1969 ne
3422 1916 3535 1985 ipsa

1941 2000 2156 2070 quidem
2214 2001 2330 2057 ﬁeri
2378 2003 2648 2060 elementa
2698 2002 3025 2072 debuerunt,
3055 2009 3099 2061 sl
3130 2008 3335 2063 nullius
3382 2018 3543 2064 erant

1944 2094 2061 2146 usui
2102 2093 2413 2163 profutura,
2450 2095 2535 2149 vel
2571 2097 2829 2164 quoniam
2868 2111 3068 2153 nocere
3108 2097 3362 2153 universa
3411 2115 3536 2169 pos-

1941 2197 2087 2251 sunt,
2118 2188 2160 2240 si
2192 2187 2383 2241 iisdem
2417 2204 2522 2242 non
2553 2188 2624 2241 ita
2665 2190 2837 2241 utaris
2870 2199 2927 2242 ut
2959 2190 3097 2244 taeta
3129 2198 3274 2245 sunt.
3320 2196 3532 2257 Quanto

1944 2282 2030 2335 hic
2062 2282 2254 2334 divina)
2286 2280 2644 2350 providentia:
2676 2282 3005 2349 probabilior
3036 2282 3170 2337 ordo
3201 2291 3305 2350 est,
3332 2285 3539 2340 idcirco

1946 2374 2017 2425 illi
2071 2373 2305 2442 pritnum
2352 2386 2559 2425 summa
2598 2373 2972 2437 committere,
3008 2376 3096 2443 qni
3143 2383 3259 2428 erat
3307 2386 3539 2431 ausurus

1946 2462 2128 2517 illicita
2150 2505 2164 2530 ,
2197 2473 2253 2517 ut
2282 2463 2543 2517 attentior
2572 2464 2913 2518 successuris
2941 2478 3068 2517 cura
3090 2465 3314 2532 justiti-.e
3340 2477 3391 2520 et
3426 2478 3447 2505 ο
3480 2482 3543 2520 a-

1946 2572 2092 2609 mare
2112 2563 2412 2609 creatorem
2432 2554 2807 2609 institueretet
2832 2555 3070 2621 timeret,
3088 2571 3150 2609 ac
3166 2557 3323 2610 simul
3348 2560 3545 2613 tentari

1945 2665 2067 2703 eum
2115 2664 2216 2703 nec
2269 2648 2337 2701 ab
2391 2647 2611 2718 Angelis
2652 2648 2872 2717 impune
2916 2656 3285 2717 monstraret,
3329 2653 3418 2721 qni
3473 2653 3545 2705 ob

1946 2741 2421 2813 prmsumptionem
2459 2739 2624 2796 etiam
2660 2740 3056 2810 Areltangclmn
3102 2742 3410 2811 deiecisset.
3454 2744 3541 2798 Vi-

1946 2834 2041 2889 des
2072 2849 2201 2903 crgo
2230 2832 2322 2889 Dei
2349 2833 2629 2887 creatione
2659 2832 2858 2887 bonum
2898 2833 3133 2901 factum,
3177 2845 3340 2904 atque
3375 2836 3541 2905 ipsius

1946 2928 2216 2984 lteneiicio
2262 2928 2313 2980 iit
2355 2928 2678 2982 sublimibus
2715 2930 3073 2981 constitutum
3108 2928 3385 2984 voluntate
3419 2945 3543 2999 pro-

1948 3027 2089 3094 pria,
2111 3041 2272 3095 quam
2305 3024 2532 3079 liberam
2561 3030 2878 3093 acceperat,
2903 3033 2957 3077 et
2975 3022 3272 3077 bonitatem
3305 3032 3541 3080 mutasse

1948 3117 2151 3171 malitia
2172 3160 2187 3185 ,
2219 3126 2271 3172 et
2299 3116 2617 3187 dignitatem
2652 3114 2941 3169 insolentia
2977 3115 3302 3185 perdidisse.

2482 3232 2711 3291 CAPUT
2751 3230 2996 3291 XXXIII.

1952 3328 2010 3384 Si
2058 3333 2282 3400 peccavit
2334 3326 2573 3381 diabolus
2619 3342 2733 3381 cum
2792 3327 2984 3394 seriis,
3032 3344 3189 3399 quare
3228 3344 3326 3383 non
3371 3333 3543 3383 statim

2538 3422 2832 3491 interfectus
2863 3432 2955 3477 est.

2022 3516 2223 3571 Areu.
2257 3546 2325 3555 —
2358 3513 2529 3569 Etiam
2565 3514 2681 3568 haec
2704 3529 2825 3568 cum
2861 3516 3069 3571 ratione
3091 3516 3269 3572 facere
3298 3515 3546 3571 videntur

1952 3621 2074 3677 qua:
2104 3608 2172 3662 de
2201 3606 2403 3663 diaboli
2443 3609 2721 3662 creatione
2752 3622 2988 3678 casuque
3025 3607 3207 3662 dixisti
3246 3630 3257 3661 :
3292 3607 3384 3662 sed
3418 3609 3547 3679 quid

1953 3708 2129 3754 causa:
2151 3700 2223 3753 sit
2245 3698 2385 3769 quod
2412 3740 2426 3765 ,
2462 3708 2585 3768 post
2606 3710 2794 3754 ausum
2828 3702 2993 3754 tantae
3024 3700 3345 3754 temeritatis
3366 3741 3378 3765 ,
3408 3701 3551 3755 sicut

1951 3793 2061 3860 jam
2091 3791 2338 3860 qua'sivi,
2363 3791 2574 3847 deletus
2603 3793 2783 3846 statim
2803 3802 2923 3846 cum
2944 3789 3269 3846 satellitibus
3297 3806 3400 3847 non
3436 3793 3551 3847 tue-

1956 3884 2057 3949 rit,
2090 3884 2366 3954 signanter
2388 3883 2650 3938 edissere.

2028 3976 2225 4033 Zaccu.
2258 4006 2328 4016 -—
2358 3975 2455 4031 Dei
2478 3977 2741 4046 judicium
2771 3992 2876 4031 non
2906 3986 3111 4030 tantum
3140 3986 3204 4031 ex
3239 3985 3504 4046 potestate
3532 4016 3548 4041 ,

1959 4070 2050 4124 sed
2084 4087 2147 4124 ex
2183 4071 2389 4125 ratione
2414 4080 2497 4124 est
2520 4113 2532 4135 ,
2564 4066 2588 4105 ιι
2614 4070 2705 4141 Qui
2739 4070 2790 4125 itt
2838 4071 3296 4125 eondemnatione
3336 4078 3442 4124 non
3468 4070 3553 4140 ju-

1961 4164 2191 4219 dicantis
2227 4163 2395 4217 solant
2453 4156 2570 4217 vult
2604 4170 2726 4218 eese
2756 4161 3128 4233 scrutantium,
3175 4160 3275 4215 nisi
3327 4168 3380 4217 ct
3421 4176 3555 4217 con-

1962 4255 2249 4311 scientiam
2269 4254 2632 4325 delinquentis
2650 4266 2743 4322 per
2758 4252 3042 4322 quamdam
3067 4254 3395 4321 ptenitentia‘
3409 4268 3555 4307 com-

1967 4347 2468 4419 perendinationem
2506 4391 2519 4415 ,
2590 4344 3022 4401 misericordiam
3082 4354 3298 4415 semper
3363 4345 3427 4401 ad
3497 4360 3557 4400 se

1966 4445 2162 4502 reverti
2196 4442 2541 4515 cupientibus
2565 4452 2851 4514 prmstans.
2878 4440 2944 4495 Et
2971 4442 3097 4496 licet
3126 4443 3177 4494 in
3212 4442 3356 4494 omni
3390 4441 3556 4508 tequi-

1967 4544 2079 4597 tate
2109 4552 2202 4594 sua
2233 4540 2407 4610 justus
2436 4540 2527 4606 sit,
2553 4550 2636 4592 ρει
2668 4548 2848 4591 tamen
2873 4535 2924 4588 in
2953 4535 3299 4589 miseratione
3324 4546 3561 4603 propen-

1966 4635 2118 4697 sior,
2185 4648 2357 4701 neqne
2413 4630 2479 4685 ad
2537 4625 2904 4684 ulciscendum
2963 4626 3127 4681 celeri
3186 4625 3560 4695 indignatione

1967 4727 2186 4783 fe~tinat
2221 4726 2374 4794 cujus
2406 4722 2611 4793 judicio
2651 4736 2811 4776 nemo
2844 4719 3111 4774 succedit.
3142 4718 3364 4773 Salvare
3392 4730 3554 4790 ergo,

1967 4835 2071 4874 non
2103 4818 2331 4887 perdere
2364 4814 2508 4885 quod
2540 4813 2739 4867 ereavit
2769 4811 2952 4866 studet
2979 4853 2994 4878 ,
3040 4812 3093 4864 et
3125 4810 3250 4866 inde
3282 4811 3561 4865 inenarra-

1971 4913 2093 4967 bilis
2122 4909 2397 4981 patientia:
2422 4922 2520 4961 nec
2538 4905 2835 4975 praecipitis
2854 4904 3143 4975 aliquando
3169 4904 3416 4959 vindicta:
3434 4911 3519 4960 est
3548 4924 3561 4959 :

1971 5005 2112 5077 quod
2132 5006 2173 5058 si
2200 5002 2338 5059 idem
2363 5001 2614 5057 diabolus
2640 4996 2933 5067 ceterique
2955 5000 3069 5068 ejus"
3090 4997 3407 5069 perditionis
3432 5000 3563 5053 suc"

1975 5109 2101 5155 ante
2128 5109 2412 5170 augmenta
2444 5094 2891 5166 consenuentium
2923 5092 3272 5164 ﬂagitiorum,
3307 5103 3359 5148 et
3387 5106 3570 5147 secre~

1978 5203 2152 5247 torum
2177 5193 2476 5247 cmlestium
2502 5202 2619 5260 qua:
2641 5204 2702 5243 cx
2730 5194 2883 5258 parte
2913 5184 3174 5248 sciebant,
3204 5185 3567 5256 proditionem

1979 5284 2247 5341 obnoxias
2290 5284 2623 5355 poenitentia:
2664 5292 2855 5334 manus
2889 5278 3162 5332 dedissent
3189 5318 3202 5340 ,
3247 5275 3569 5329 humilitatis

1979 5379 2292 5435 exoratione
2338 5376 2546 5433 eritnen
2592 5371 2863 5443 superbiae
2893 5369 3199 5433 diluentcs;
3236 5367 3481 5438 profecto
3514 5367 3570 5423 in

2058 5572 2078 5598 ε
2104 5560 2193 5615 Sic
2221 5558 2391 5612 codex
2431 5554 2585 5608 Vind.
2622 5553 2675 5607 in
2708 5552 2876 5623 priori
2904 5547 3153 5607 editione
3183 5592 3197 5614 ,
3235 5552 3401 5604 amari
3530 5560 3578 5606 et

1982 5649 2192 5757 "uitalia
2218 5718 2247 5757 (ε
2277 5700 2400 5755 eod.
2435 5694 2597 5767 Vind.
2633 5692 2997 5761 reStituimus,
3026 5694 3353 5767 cumtamen
3384 5692 3596 5762 legere-

1987 5790 2094 5842 tur,
2129 5776 2216 5846 qui
2240 5766 2747 5825 rattdemtitttionettt.
