4074 6204
590 343 728 401 1105
1867 338 2192 400 ZACCH/EI

2231 340 2624 402 CHRISTIANI
2848 388 2853 391 -
3694 355 3791 415 1104

590 472 687 513 eos
717 456 893 511 honor
928 452 1163 509 redisset
1206 451 1490 524 angelicus
1515 493 1530 520 ,
1562 466 1665 510 nec
1693 453 1893 510 miseri
1919 457 1972 511 in
2002 472 2190 513 eorum
2219 461 2268 520 A
2299 458 2442 516 idem
2472 461 2760 518 restituere
2792 462 2846 518 in
2878 463 3075 520 melius
3105 465 3299 522 debuit
3321 508 3335 534 ,
3365 467 3452 539 qui
3479 478 3592 528 ante
3624 471 3795 541 plasma-

592 563 738 603 nunc
766 546 1021 603 sordibus
1052 548 1446 615 volverentur,
1479 563 1616 617 quos
1656 556 1847 619 captos
1867 592 1883 616 ,
1925 552 2196 621 nequitia-

593 656 711 696 rum
753 640 961 710 laqueis
1000 639 1344 709 deprimunt,
1393 648 1449 694 et
1490 638 1695 695 infelici
1739 651 1889 698 sorte
1938 643 2196 700 vitiorum

593 741 867 801 tamquam
899 734 953 785 in
981 733 1235 785 solatium
1270 746 1385 786 suae
1416 732 1743 801 perditionis
1767 735 2099 792 adsciscunt.

667 824 803 880 Vide
833 834 1099 895 prasterea
1135 824 1277 878 inter
1306 824 1501 878 delicta
1536 836 1587 879 et
1610 824 1881 894 justitiam
1912 826 2195 883 hominum

591 921 1012 989 daemonumque
1054 926 1370 984 certamen,
1404 933 1468 972 ex
1512 920 2016 989 compugnantibus
2056 921 2199 976 inter

594 1030 655 1071 se
702 1014 828 1068 luxu
872 1022 1036 1082 atque
1075 1012 1403 1077 virtutibus,
1445 1013 1729 1082 prmmium
1767 1014 2198 1071 immortalitatis

598 1111 883 1163 exsistere.
923 1106 1144 1176 Spectat
1169 1122 1268 1161 nos
1281 1105 1520 1175 quotidie
1543 1108 1855 1177 praeliantes
1880 1110 2197 1165 meritorum

591 1204 796 1259 arbiter
827 1203 1064 1266 Deus,et
1090 1201 1368 1270 spiritales
1390 1200 1619 1255 insidias
1643 1201 1817 1270 fragili
1848 1217 2083 1270 corpore
2110 1221 2195 1259 sus

593 1297 775 1369 perari
809 1296 1057 1367 placidus
1081 1295 1329 1351 intuetur
1360 1314 1371 1349 :
1407 1296 1597 1351 debuit
1625 1296 1873 1367 profecto
1895 1306 2004 1352 tam
2031 1299 2199 1355 subli-

595 1394 699 1447 mis
734 1401 1005 1447 creaturte
1049 1389 1206 1458 culpa
1261 1389 1337 1444 sic
1379 1389 1566 1458 plecti,
1611 1399 1667 1445 et
1695 1402 1878 1445 erceta
1928 1392 1979 1445 in
2028 1392 2195 1448 Deum

595 1484 791 1556 Angeli
835 1483 1091 1553 superbia
1139 1482 1454 1537 hominibus
1505 1482 1820 1553 subjugari,
1854 1492 1914 1538 ut
1949 1484 2044 1555 qui
2094 1485 2198 1540 sibi

596 1588 877 1633 auctorem
906 1591 1065 1630 suum
1100 1590 1337 1645 prmesse
1368 1576 1646 1644 noluerit,
1676 1576 2017 1631 subditorum
2052 1577 2198 1646 prius

592 1686 739 1725 nunc
790 1669 1015 1739 imperia
1068 1679 1372 1739 pateretur,
1418 1678 1473 1725 et
1521 1669 1822 1740 quamlibet
1857 1669 1909 1724 iu
1955 1670 2197 1740 pejorem

593 1772 804 1831 partem
828 1760 1079 1815 homines
1107 1760 1407 1815 voluntatis
1438 1776 1552 1814 sua:
1582 1760 1836 1815 dominos
1868 1762 2156 1833 pertrahat
2182 1805 2196 1831 ,

595 1855 788 1924 plures
819 1864 1004 1909 tamen
1038 1863 1063 1891 α
1089 1868 1186 1923 per
1213 1868 1275 1909 se
1304 1853 1372 1907 ad
1408 1853 1501 1908 Dei
1530 1853 1715 1908 sedem
1746 1854 2008 1909 virtutum
2039 1870 2100 1908 ac
2134 1854 2197 1907 fi-

593 1949 681 2004 dei
732 1949 1055 2019 probatione
1108 1947 1446 2003 transmittit.
1506 1946 1674 2002 Vides
1728 1963 1859 2019 ergo
1919 1948 2197 2004 diabolum

595 2043 949 2115 ejusdemque
986 2045 1281 2114 participes
1324 2043 1508 2098 futuro
1535 2044 1743 2113 judicio
1776 2060 1871 2115 per
1902 2045 2198 2115 providen-

593 2138 722 2191 tiam
754 2137 849 2191 1)ιεί
880 2137 1041 2192 etiam
1073 2152 1195 2191 cum
1227 2137 1462 2205 quadam
1497 2137 1779 2193 hominum
1818 2140 2050 2194 utilitate
2080 2156 2196 2196 ser-

593 2239 750 2283 vatos
777 2270 791 2296 ,
838 2237 897 2282 ut
926 2238 981 2283 et
1012 2229 1400 2299 longanimitas
1432 2231 1700 2283 creatoris
1735 2231 1899 2298 lapsis
1931 2232 2197 2301 poeniten-

595 2320 682 2375 tiae
731 2319 911 2373 locum
964 2318 1155 2383 daret;
1216 2328 1271 2372 et
1325 2320 1369 2372 si
1427 2318 1778 2387 indulgentiae
1831 2321 2005 2390 spatia
2062 2322 2197 2379 nihil

594 2411 977 2483 profecissent,
1005 2425 1100 2464 sua
1126 2410 1309 2480 potius
1333 2426 1496 2479 quam
1540 2410 1633 2465 Dei
1665 2412 1933 2466 sententia
1967 2412 2196 2469 damna-

592 2514 816 2571 rentur;
865 2519 1096 2574 quorum
1145 2502 1319 2557 reatui
1378 2502 1622 2574 quotidie
1670 2504 2014 2560 extrinsecus
2061 2504 2195 2561 illud

588 2601 877 2664 accrescit,
908 2598 1053 2670 quod
1084 2598 1210 2653 licet
1231 2596 1298 2650 ad
1322 2596 1589 2667 justitiam
1624 2597 1834 2653 hisdem
1863 2598 2194 2670 impugnan-

589 2695 735 2751 tibus
765 2706 1160 2748 exerceamur:
1194 2689 1554 2745 nihilominus
1580 2700 1779 2759 tamen
1827 2702 1880 2746 et
1930 2706 1997 2747 eo
2026 2692 2197 2763 magis

591 2788 800 2843 obtinet
828 2796 1043 2843 terrena
1072 2786 1337 2857 fragilitas
1362 2828 1376 2851 ,
1411 2786 1555 2856 quod
1589 2787 1639 2841 hi
1689 2787 1839 2843 nullo
1867 2787 2195 2846 adversante

593 2881 647 2935 in
670 2879 967 2935 substantia
996 2879 1241 2950 angelica
1277 2876 1662 2948 perdiderunt.

1129 2973 1359 3029 CAPUT
1410 2973 1647 3030 XXXIV.

598 3071 772 3137 Quare
829 3067 963 3124 Deus
1018 3085 1123 3123 non
1171 3066 1417 3138 angelum
1463 3067 1748 3138 πήδη,ᾳαί
1797 3079 1885 3124 aut
1935 3070 2197 3127 hominem

895 3162 1188 3215 restitueret
1208 3171 1300 3214 aut
1323 3160 1594 3214 diabolum
1616 3161 1872 3230 perderet.

666 3259 868 3312 Areu.
905 3254 1248 3322 —lntel|igo
1298 3252 1617 3307 assertionis
1669 3262 1775 3307 tua:
1822 3270 2088 3312 summam
2138 3258 2191 3313 in

593 3352 737 3405 hanc
759 3350 945 3403 venire
975 3346 1328 3412 sententiam,
1357 3356 1413 3399 ut
1446 3345 1538 3400 Dei
1559 3344 1754 3400 Filium
1779 3345 2056 3404 Christum
2085 3365 2191 3405 non

597 3443 771 3497 Solum
804 3442 869 3495 ad
913 3438 1311 3494 restituendum
1355 3438 1660 3507 hominem,
1686 3455 1874 3495 verum
1924 3441 2085 3497 etiam
2126 3444 2193 3499 ad

597 3532 1074 3590 condemnandum
1100 3532 1373 3587 diabolum
1401 3533 1628 3602 ejusque
1651 3544 1956 3602 consortes,
1977 3536 2191 3605 veljam

597 3627 664 3681 ad
694 3638 867 3683 terras
890 3625 1110 3682 venisse
1136 3666 1150 3691 ,
1178 3626 1260 3680 vel
1295 3625 1489 3680 iterum
1519 3637 1805 3681 venturum
1840 3643 1962 3684 esse
1993 3630 2197 3685 conﬁr-

598 3736 716 3777 mes
744 3738 757 3786 ;
789 3719 933 3791 quod
974 3720 1019 3773 si
1060 3720 1130 3774 ita
1179 3726 1285 3784 est,
1317 3720 1496 3788 potuit
1542 3729 1597 3774 et
1626 3718 1863 3790 Angelus
1894 3722 2073 3790 mitti,
2103 3723 2192 3794 qui

597 3817 801 3887 absque
833 3814 1025 3884 injuria
1054 3811 1148 3869 Dei
1177 3822 1231 3868 et
1260 3812 1525 3868 discretos
1556 3828 1586 3867 a
1612 3814 1770 3867 bonis
1802 3813 1974 3869 malos
2005 3815 2195 3885 perde-

598 3918 685 3964 ret
708 3949 721 3969 ,
753 3917 807 3964 et
833 3906 1010 3976 ipsum
1039 3920 1161 3959 cum
1193 3905 1357 3960 sociis
1387 3905 1653 3960 malorttm
1686 3905 1989 3976 principem
2012 3905 2191 3961 divina

596 3999 924 4056 auctoritate
938 3996 1176 4067 puniret.

668 4094 870 4150 Zaccn.
901 4121 972 4131 —
994 4089 1022 4128 ι)
1047 4091 1228 4145 Prima
1261 4098 1345 4145 est
1373 4088 1591 4160 quidem
1621 4103 1786 4145 causa
1816 4104 1919 4161 qua
1946 4089 2196 4148 Christus

601 4188 697 4242 Dei
733 4185 903 4241 Filius
931 4183 1183 4239 veniendi
1213 4183 1281 4237 ad
1312 4192 1487 4237 terras
1517 4181 1702 4237 habuit
1728 4185 2060 4239 voluntatem
2092 4227 2107 4252 ,
2138 4193 2198 4241 ut

596 4280 683 4336 vel
714 4281 1016 4349 periturum
1049 4276 1325 4332 hominem
1359 4275 1539 4345 perire
1568 4292 1676 4332 non
1707 4275 1932 4345 sineret,
1956 4279 2041 4334 vel
2072 4294 2196 4349 per—

597 4375 772 4429 ditum
815 4382 1094 4442 repararet
1129 4389 1142 4426 :
1176 4370 1270 4425 sed
1317 4370 1420 4424 hoc
1446 4386 1665 4440 quoque
1693 4371 1812 4439 ejus
1843 4373 2195 4440 providentiae

595 4467 843 4539 junctum
893 4472 1016 4529 est,
1063 4474 1121 4517 ut
1159 4460 1436 4516 diabolum
1469 4472 1630 4532 atque
1663 4463 1833 4530 ipsius
1850 4465 2027 4519 socios
2055 4468 2197 4521 sicut

599 4559 656 4616 in
692 4557 909 4614 homine
946 4556 997 4610 in
1029 4553 1204 4625 primo
1227 4554 1505 4621 superavit
1533 4554 1789 4621 adventu,
1828 4557 1901 4609 ita
1933 4555 1985 4610 in
2019 4556 2195 4613 homi-

596 4672 668 4712 ne
716 4655 924 4723 jndicet
970 4652 1020 4705 in
1073 4648 1351 4715 secundo;
1386 4663 1485 4705 nec
1533 4648 1754 4705 difficile
1797 4650 1909 4706 Deo
1955 4651 2053 4706 fuit
2097 4668 2192 4724 per

594 4750 894 4821 quamlibet
944 4747 1185 4804 cmlestis
1226 4744 1433 4801 militiae
1482 4756 1805 4817 potestatem
1855 4748 2016 4803 finem
2064 4764 2195 4819 pra}.

594 4845 736 4899 senti
760 4843 961 4898 saeculo
990 4843 1226 4906 mittere,
1262 4849 1318 4895 et
1348 4843 1541 4911 punire
1574 4841 1862 4910 praedictos
1890 4859 1903 4895 :
1936 4842 2031 4897 sed
2064 4845 2192 4912 quia

598 4950 941 4993 memoratus
970 4934 1335 5001 nequitiarum
1366 4941 1557 4987 auctor
1586 4933 1752 4988 Deum
1786 4949 1845 4989 se
1871 4977 1885 5000 ,
1917 4935 2056 4989 sicut
2080 4935 2190 5006 jam

596 5028 849 5100 exposui,
881 5028 1145 5081 voluisset
1168 5024 1366 5093 videri,
1397 5035 1653 5080 utcoram
1678 5026 1769 5095 qui
1797 5034 2021 5095 uterque
2046 5038 2192 5083 esset

592 5121 665 5177 ab
719 5118 941 5188 Angelis
992 5129 1047 5173 et
1104 5116 1414 5172 hominibus
1461 5128 1803 5183 nosceretur,
1857 5118 2189 5176 manifestari

592 5217 688 5271 Dei
740 5212 937 5268 Filium
986 5210 1276 5265 visibiliter
1321 5212 1584 5282 oportuit,
1634 5220 1687 5266 et
1736 5222 2187 5282 prmsumptorem

593 5311 842 5366 cominus
887 5306 1183 5374 confutari,
1226 5308 1457 5361 utnulla
1488 5306 1747 5376 deinceps
1789 5307 1857 5361 de
1904 5307 2188 5364 intellectu

590 5406 755 5459 unius
799 5403 1102 5471 majestatis
1131 5400 1271 5470 apud
1304 5410 1587 5470 utramque
1636 5410 1939 5454 creaturam
1968 5400 2188 5456 dubita-

588 5499 1033 5567 tiolinqueretur.
1066 5493 1156 5547 llis
1172 5500 1439 5563 praeterea
1463 5492 1681 5546 additur
1697 5494 1902 5557 causis,
1929 5494 2071 5564 quod
2098 5494 2191 5551 ho-

586 5592 787 5648 minem
827 5590 929 5645 sub
978 5588 1291 5644 conditione
1343 5585 1703 5641 immortalem
1753 5594 1910 5642 auten
1964 5587 2188 5659 factum,

658 5718 681 5741 τι
716 5705 813 5759 llic
855 5704 1022 5757 etiam
1073 5700 1317 5755 codicem
1378 5697 1538 5753 Vind.
1581 5701 1864 5767 sequimur
1905 5715 1917 5751 :
1964 5714 2085 5753 nam
2125 5699 2179 5756 in

584 5777 758 5837 priori
806 5774 1048 5829 editione
1101 5770 1406 5837 legebatur,
1445 5787 1551 5841 pro:
1590 5786 1661 5835 se,
1710 5771 1859 5823 nullo
1901 5784 2083 5825 sensu.
2119 5772 2179 5827 In

587 5848 713 5909 line,
755 5843 890 5911 quod
940 5842 991 5892 hi
1035 5841 1201 5911 nullo,
1232 5852 1514 5908 repereiat
1560 5841 1613 5895 in
1648 5857 1756 5895 uno
1790 5841 1977 5896 codice
2002 5843 2177 5897 Ache-

584 5918 724 5981 rius,
754 5910 809 5967 ct
836 5925 935 5967 nos
960 5912 1011 5964 in
1040 5910 1203 5964 Vind.
1225 5911 1538 5979 reperimus
1571 5911 1750 5983 :quod
1780 5913 2000 5983 quidem
2028 5914 2172 5970 haud

2300 564 2468 611 verat.
2521 557 2736 613 Etenim
2790 558 3050 616 indecens
3078 573 3196 615 erat
3226 563 3271 616 si
3301 578 3330 617 a
3364 563 3470 618 Deo
3508 568 3796 635 corruptibilis

2300 649 2462 706 homo
2494 650 2666 707 factus
2708 651 2775 709 ab
2800 652 3011 722 Angelo
3053 655 3475 725 incorruptibilis
3510 660 3795 729 redderetur,

2299 752 2485 813 postea
2536 761 2694 813 quam
2748 745 2851 801 hoc
2900 745 3025 802 fidei
3060 749 3378 818 probatione
3407 751 3676 808 meruisset.
3699 754 3799 821 Quid

2298 848 2428 890 vero
2458 835 2552 890 Dei
2582 836 2947 892 munificentia
2976 838 3193 909 dignius
3220 882 3233 903 ,
3266 856 3423 911 quam
3449 853 3501 897 ut
3531 844 3800 907 prmsemiam

2299 943 2452 983 suam
2487 930 2540 983 in
2570 944 2840 984 summam
2873 931 3228 987 beatitudinis
3258 942 3470 1000 praestet
3494 976 3507 1000 ,
3532 935 3708 1006 etquod
3732 938 3801 990 ho-

2300 1021 2432 1075 mini
2486 1033 2779 1092 negaverat
2826 1022 3134 1092 iuexperto,
3180 1025 3453 1096 indulgeat
3490 1026 3804 1083 restitutoillt

2300 1124 2582 1183 postremo
2611 1131 2771 1186 quem
2805 1116 2970 1171 tantis
3002 1117 3273 1173 malorum
3326 1119 3639 1189 passionibus
3671 1121 3805 1190 sequi-

2302 1223 2637 1278 mur,~quem
2669 1224 2791 1263 cum
2839 1210 3028 1265 saeculi
3075 1211 3279 1266 invidia
3309 1220 3364 1266 et
3386 1212 3616 1282 periculis
3639 1211 3805 1266 confitc-

2300 1318 2424 1356 mur
2453 1311 2508 1357 et
2545 1303 2841 1372 credimus,
2875 1303 3018 1360 sicut
3043 1305 3300 1375 cupimus
3320 1347 3335 1371 ,
3361 1304 3428 1361 ab
3459 1305 3533 1361 bis
3551 1305 3805 1361 omnibusli-

2301 1396 2498 1464 berati,
2531 1397 2582 1451 in
2616 1412 2711 1452 sua
2739 1397 3025 1453 videamus
3056 1399 3348 1471 majestate
3375 1409 3677 1471 regnantem.

2855 1509 3084 1567 CAPUT
3122 1511 3347 1567 XXXV.

2552 1602 2657 1656 Cur
2686 1602 2852 1674 iniqui
2880 1606 3067 1674 ﬂorent
3090 1614 3139 1659 et
3160 1606 3289 1660 recti
3313 1614 3611 1678 premuntur.

2374 1694 2575 1750 Areu.
2606 1726 2678 1736 —
2705 1694 2945 1751 Firmata
2992 1705 3077 1752 est
3134 1697 3281 1752 intra
3332 1700 3557 1752 animum
3599 1696 3807 1767 exposito-

2305 1805 2422 1843 rum
2454 1790 2589 1845 fides
2622 1789 2779 1858 :sed,
2815 1800 2872 1845 ut
2903 1790 3039 1846 nihil
3071 1793 3433 1847 cunctationis
3459 1792 3693 1856 resideat,
3732 1790 3806 1859 jam

2300 1884 2547 1941 credenti
2568 1885 2763 1955 pande,
2788 1902 2994 1957 quaeso,
3018 1903 3139 1958 quae
3169 1888 3252 1943 vis
3281 1887 3477 1944 florere
3496 1885 3681 1957 iniquos
3698 1884 3805 1949 facit,

2300 1978 2384 2031 vel
2418 1978 2676 2048 deprimit
2707 1987 2886 2034 rectos
2912 1996 2925 2045 ;
2978 1990 3182 2035 etcum
3214 1983 3284 2036 de
3310 1982 3519 2036 homine
3542 2022 3555 2047 ,
3584 1983 3699 2035 sicut
3720 1992 3807 2048 ape-

2300 2070 2477 2135 ruisti,
2532 2079 2679 2123 tanta
2708 2070 2780 2124 sit
2813 2071 2926 2127 Deo
2955 2088 3087 2127 cura
3114 2114 3128 2138 ,
3162 2082 3274 2129 tam
3326 2088 3487 2145 prava
3532 2072 3805 2127 nihilominus

2301 2177 2566 2237 utrosque
2593 2166 2881 2223 diversitas
2903 2180 3047 2239 agat,
3080 2177 3138 2224 ut
3167 2186 3295 2225 cum
3327 2172 3379 2224 in
3413 2170 3513 2224 illis
3541 2168 3807 2223 malorumct

2301 2259 2551 2315 voluntas
2598 2267 2655 2315 et
2696 2272 2849 2316 actus
2888 2260 3002 2327 sit,
3036 2262 3195 2332 copia
3228 2261 3499 2317 contrario
3527 2260 3661 2316 cedat
3686 2257 3805 2313 bono-

2300 2370 2460 2420 rum;
2493 2354 2578 2409 his
2605 2371 2865 2425 prospera
2898 2355 3264 2427 denegentur,
3298 2370 3434 2427 quos
3464 2354 3618 2425 magis
3653 2361 3804 2420 :equum

2301 2457 2386 2504 est
2414 2464 2536 2505 esse
2569 2449 2889 2518 locupletes.

2372 2541 2573 2598 Zaccn.
2603 2570 2674 2582 --
2692 2540 2893 2596 Facilis
2924 2543 3001 2599 rei
3030 2543 3190 2599 istius
3212 2544 3515 2601 intellectus
3537 2549 3629 2605 est,
3656 2551 3729 2593 nec
3753 2540 3807 2589 to-

2302 2647 2352 2691 ta
2385 2638 2437 2691 in
2463 2637 2804 2708 spiritalibus
2832 2638 3209 2706 eXperimenta
3235 2638 3521 2710 quaerenda
3558 2643 3688 2699 sunt;
3710 2642 3803 2701 (μεθ’

2300 2734 2447 2788 niam
2500 2732 2783 2788 evidenter
2829 2734 2993 2788 etiam
3042 2749 3289 2804 praesens
3335 2728 3653 2789 conversatio
3694 2724 3806 2779 docet

2300 2843 2406 2896 quo
2434 2836 2591 2898 pacto
2621 2838 2712 2882 aut
2743 2826 2943 2898 iniquis
2967 2825 3194 2882 afﬂuant
3224 2836 3437 2893 cuncta,
3467 2835 3552 2880 aut
3577 2813 3806 2877 necessaria

2300 2920 2455 2975 bonis
2484 2921 2685 2975 desint.
2718 2920 2781 2975 Hi
2810 2920 2954 2975 enim
2983 2935 3139 2977 versa
3170 2934 3392 2979 actuum
3422 2921 3532 2976 vice
3570 2932 3661 2973 non
3683 2912 3806 2969 solum

2301 3014 2652 3084 pertinaciter
2680 3015 2906 3084 quaesita
2936 3015 3300 3085 concludunt,
3331 3030 3509 3072 verum
3534 3013 3717 3077 insuper
3738 3016 3805 3073 p0-

2299 3105 2557 3177 pulantur
2608 3105 2823 3166 aliena:
2856 3104 2912 3160 hi
2950 3107 3288 3175 quibuslibet
3341 3107 3504 3165 lucris
3541 3103 3681 3159 totius
3721 3096 3805 3148 vita?

2301 3208 2514 3268 tempus
2545 3197 2826 3266 addicunt,
2873 3207 2928 3254 et
2955 3199 3008 3254 in
3044 3203 3275 3269 pecunia
3304 3217 3453 3272 spem
3484 3185 3803 3268 requirunt.Hi

2300 3302 2481 3346 autem
2538 3303 2765 3360 propter
2812 3295 3159 3348 occasionem
3205 3294 3397 3350 delicti
3442 3292 3593 3348 etiam
3637 3286 3805 3340 honesta

2297 3384 2752 3453 compendiorum
2785 3384 2971 3440 studia
3002 3385 3295 3453 devitant,
3328 3402 3391 3443 ac
3419 3386 3549 3440 bene
3575 3387 3701 3452 part3
3724 3385 3806 3444 ρετ·

2299 3476 2554 3533 tinaciter
2586 3494 2692 3533 nou
2723 3488 2960 3546 tuentes,
2996 3481 3243 3550 quietem
3272 3482 3467 3551 jurgiis
3491 3472 3808 3547 pra‘feruntte‘

2297 3579 2581 3625 auctorem
2612 3569 2842 3639 iustitiae
2872 3570 3141 3625 vindicem
3182 3580 3435 3641 sperant.
3463 3551 3806 3627 Additur,quod

2298 3676 2498 3731 pravos
2536 3662 2818 3718 miseratio
2848 3678 3148 3734 numquam
3178 3670 3504 3735 permovet,
3531 3666 3614 3713 aut
3638 3651 3694 3709 ad
3723 3648 3807 3746 data

2299 3759 2491 3830 exigua
2533 3758 2619 3813 vix
2650 3758 2853 3815 educit.
2890 3758 2983 3815 His
3014 3775 3146 3816 vero
3183 3761 3412 3831 inepum
3451 3763 3673 3825 sumplus
3701 3754 3808 3843 0W"

2297 3861 2405 3917 est,
2452 3860 2509 3907 et
2554 3861 2803 3923 prompta
2842 3868 3063 3923 semper
3106 3856 3160 3908 in
3193 3868 3370 3924 opere
3414 3854 3560 3908 bonae
3583 3843 3809 3901 voluntatis

2298 3962 2538 4019 expensa
2575 3964 2585 4000 :
2617 3948 2741 4019 quia
2769 3963 2902 4004 vero
2934 3963 3150 4003 morum
3184 3948 3472 4005 subversio
3497 3958 3562 4000 ex
3598 3930 3808 3993 abundan-

2298 4042 2371 4097 tia
2417 4043 2655 4097 maxime
2683 4042 2866 4106 venit,
2908 4056 3036 4098 suos
3075 4051 3287 4097 tantum
3319 4043 3563 4097 incentor
3588 4028 3807 4088 criminum

2298 4133 2488 4188 fovens
2519 4134 2697 4204 largas
2737 4134 3144 4190 exsultantibus
3172 4134 3378 4191 sufficit
3400 4145 3552 4203 opes;
3580 4133 3630 4181 ut
3649 4126 3809 4177 succes-

2298 4228 2453 4284 sibus
2494 4228 2821 4299 gaudiorum
2873 4229 3089 4284 luxuria
3132 4232 3397 4300 subrepat
3426 4219 3642 4281 :deinde
3674 4215 3715 4268 in
3745 4219 3810 4262 co-

2298 4322 2691 4378 messationem
2725 4323 3048 4378 exuberatio
3077 4333 3348 4388 vertatur,
3374 4328 3427 4378 et
3462 4313 3657 4387 captiva
3684 4310 3810 4359 temu-

2298 4413 2465 4469 lentia
2505 4415 2653 4470 vitiis
2695 4415 2978 4486 irrigetur.
3028 4414 3168 4470 Hinc
3200 4415 3268 4469 ad
3303 4414 3468 4470 Deum
3500 4407 3662 4465 minor
3685 4394 3810 4452 abun-

2297 4509 2554 4566 dantibus
2596 4525 2725 4565 cura
2769 4521 2876 4577 est,
2922 4519 2978 4566 et
3024 4509 3221 4566 fiducia
3267 4506 3610 4582 praesentium
3641 4498 3811 4562 θρωπε

2221 4622 2274 4684 ι)
2302 4617 2407 4658 non
2461 4602 2594 4657 sinit
2632 4601 2858 4658 divitias
2899 4603 3246 4669 futurorum;
3301 4602 3523 4674 prolixae
3563 4598 3714 4648 autem

2304 4698 2513 4756 tientia:
2562 4697 2708 4752 Deus
2748 4707 2804 4753 et
2847 4705 3119 4753 tumentes
3151 4696 3202 4750 in
3238 4692 3632 4750 dissolutionem
3664 4682 3809 4773 ρι’(υξα

2300 4792 2469 4858 sinit,
2499 4800 2555 4847 et
2581 4800 2900 4861 angustatos
2929 4790 2983 4845 in
3018 4791 3269 4859 passione
3299 4787 3603 4846 confirmat,
3632 4777 3809 4865 promis-

2300 4902 2419 4942 sum
2453 4884 2955 4956 cunctisjudicium
2981 4884 3323 4949 redditurus,
3357 4893 3411 4938 ut
3436 4880 3532 4935 hoc
3553 4873 3650 4929 illic
3678 4871 3809 4934 We"

2298 4978 2409 5050 piat
2435 4977 2809 5046 unusquisque
2833 4976 2977 5047 quod
3010 4975 3095 5031 hic
3117 4976 3312 5047 egerit,
3350 4973 3449 5029 hoc
3478 4958 3806 5054 inperpetuum

2298 5075 2558 5145 patiatur,
2608 5090 2718 5145 quo
2776 5073 3067 5129 inferiores
3135 5087 3200 5128 ac
3257 5070 3501 5129 subditos
3545 5054 3808 5127 temperans

2295 5166 2654 5238 despiciendo
2681 5167 2977 5223 vexaverit.

2828 5303 3061 5360 CAPUT
3100 5302 3345 5361 xxxvr.
3763 5366 3772 5378 ,

2297 5396 2360 5453 Si
2381 5397 2557 5468 justus
2597 5406 2673 5453 est
2707 5396 2879 5465 Deus,
2916 5414 3078 5469 quare
3117 5398 3362 5469 infantes,
3406 5390 3639 5449 malorum
3669 5364 3800 5432 nescii.

2594 5556 2599 5560 _
2720 5491 2933 5545 diversis
2962 5491 3113 5545 malis
3146 5490 3464 5561 afﬁciuntur.
3701 5560 3711 5572 ι
3751 5549 3778 5572 *ε

2365 5586 2565 5641 APOLL.
2616 5614 2685 5625 —
2734 5583 2940 5655 Aperte
2998 5584 3161 5640 etiam
3230 5583 3386 5654 hujus
3435 5562 3800 5638 interrogationis

2306 5700 2466 5771 paulo
2496 5699 2691 5771 melius
2723 5707 2836 5771 est,
2872 5712 3030 5771 quam
3066 5696 3116 5771 id
3137 5696 3301 5771 Aquod
3332 5691 3496 5771 edidit
3518 5664 3797 5771 ᾳηψῴπίξξξξξ

2372 5754 2403 5809 Β
2429 5772 2519 5826 Sic
2540 5770 2706 5825 codex
2736 5754 2914 5835 ιρὲηῖς
2945 5768 2998 5822 in
3022 5754 3190 5824 editis.
3210 5812 3225 5835 ι
3259 5754 3691 5840 Ρτίωαὲίίῖὶίβᾴίημ

2294 5844 2368 5898 le.
2393 5823 2595 5896 Ibidem
2628 5823 3107 5896 Acherius’mouet
3128 5841 3183 5895 in
3212 5823 3319 5897 ίιῆυ
3350 5823 3528 5893 codicé
3551 5823 3671 5893 ιεεί,ε

2286 5914 2438 5985 ﬁlius
2470 5912 2605 5966 venit
2634 5913 2702 5964 ad
2731 5921 2914 5977 terras,
2946 5919 3070 5964 ut...

2227 1848 2272 1908 Β

2224 3234 2268 3298 C

3696 5811 3795 5866 Deus
