4074 6204
340 343 477 404 1105

1517 355 2144 418 CONSULTATIONUM
2185 361 2318 418 LIB.
2365 362 2403 418 l.

3489 373 3634 430 “06

336 462 579 519 membra
622 474 961 535 patuerunt;
1008 477 1066 526 et
1096 469 1198 525 nisi
1243 469 1536 526 molestum
1580 488 1804 529 vererer
1830 475 1927 530 ali-
1951 483 2008 546 Α
2102 477 2257 544 Quod
2311 493 2441 535 vero
2491 481 2731 537 nondum
2780 483 2909 539 boni
2963 485 3050 541 vel
3103 488 3231 542 mali
3282 487 3536 544 conscios
3568 489 3646 544 in-

333 554 464 624 quid
493 564 771 628 tamquam
802 561 854 616 in
878 562 1158 616 cumulum
1184 564 1450 633 praestita
1472 562 1741 620 hactenus
1762 581 1925 637 expo-

335 649 550 706 sitionis
579 650 851 723 adjicere,
903 670 1011 710 non
1053 670 1396 725 supervacue
1427 658 1763 728 inquirerem
1798 659 1929 730 quid

335 742 442 800 hoc
491 745 601 810 sit,
667 747 812 816 quod
871 748 1127 804 vitiorum
1191 764 1254 804 ac
1311 759 1660 820 peccatorum
1713 752 1930 822 penitus

336 837 496 895 inscii
529 840 768 896 diversis
813 843 970 898 malis
1016 843 1333 899 afficiuntur
1371 844 1642 911 infantes,
1685 861 1750 901 ac
1797 862 1931 900 non-

334 945 632 1000 numquam
648 949 720 989 ex
745 943 903 990 utero
916 935 1252 1004 prodeuntes
1279 945 1375 990 aut
1394 936 1649 992 debilitas
1671 947 1927 1008 occupat,

335 1023 508 1077 autad
528 1036 760 1080 mortem
789 1025 1080 1081 immatura
1106 1028 1186 1080 vis
1212 1030 1486 1096 praeripit;
1514 1029 1658 1097 quod
1682 1043 1828 1083 saeva
1847 1030 1931 1084 in-

333 1118 530 1173 noxius
551 1128 714 1174 vexat
737 1121 970 1185 insania,
989 1135 1092 1176 nec
1105 1121 1414 1191 majestatis
1441 1122 1662 1177 indubie
1678 1123 1851 1193 pietas
1875 1134 1931 1181 et

328 1208 540 1279 justitia
570 1211 825 1267 omnibus
850 1225 1099 1282 prompta
1126 1217 1416 1270 succurrit.
1441 1214 1595 1272 Unde
1616 1215 1686 1281 si,
1713 1226 1769 1270 ut
1790 1215 1926 1282 dixi,

335 1303 557 1357 taedium
581 1319 691 1360 non
704 1315 789 1360 est
809 1348 824 1371 ,
840 1305 1086 1362 breviter
1101 1314 1298 1362 cuncta
1312 1318 1630 1364 ostensurus
1647 1309 1926 1378 eloquere.

407 1396 610 1454 Zacca.
652 1429 722 1442 —-
760 1399 1015 1470 Amplius
1041 1401 1263 1471 quidem
1298 1403 1544 1472 postulas
1580 1419 1742 1474 quam
1777 1404 1933 1460 sufﬁ-

333 1507 462 1550 cere
478 1495 652 1564 possit
668 1494 918 1551 credenti
937 1538 953 1565 ,
978 1505 1032 1550 et
1047 1497 1375 1552 necessariae
1393 1497 1640 1552 scientia:
1667 1499 1932 1554 terminos

333 1588 692 1660 inquisnione
722 1599 748 1627 ⁸
778 1591 1234 1662 ρτωῑθνεῑριιετὶε
1282 1607 1295 1644 :
1335 1591 1430 1645 sed
1467 1606 1533 1647 ne
1572 1591 1625 1646 in
1657 1591 1783 1647 ﬁdei
1811 1607 1931 1648 sus-

335 1683 593 1754 ceptione
636 1697 702 1739 ex
743 1683 927 1752 aliquo
962 1684 1204 1740 incertus
1236 1693 1394 1738 nutes
1427 1695 1522 1739 aut
1554 1686 1766 1741 haereas
1789 1727 1806 1754 ,
1849 1695 1930 1742 at-

332 1792 440 1848 que
469 1786 528 1832 ut
570 1777 622 1832 in
650 1777 801 1832 nullo
822 1778 891 1833 de
925 1777 1022 1833 Dei
1048 1777 1257 1848 justitia
1290 1777 1598 1834 infidelium
1626 1779 1929 1851 disputatio

2033 570 2196 626 fanda
2252 571 2561 628 daemonum
2615 583 2778 630 vexat
2814 575 3062 644 insania,
3122 586 3338 647 patrum
3385 579 3631 648 quidem,

2030 665 2126 719 sed
2157 665 2493 723 distantibus
2525 668 2703 724 modis
2734 684 2899 725 causa
2924 681 3007 726 est
3034 689 3046 725 :
3080 672 3126 726 si
3159 673 3328 744 iniqui
3359 681 3506 738 sunt,
3536 689 3638 730 nec

2034 756 2310 825 praedictis
2340 757 2429 813 vel
2457 760 2730 816 similibus
2773 762 3226 832 castigationibus
3250 764 3635 831 emendantur,

2032 849 2199 905 etiam
2271 852 2624 908 innocentum
2681 868 2906 910 suorum
2968 867 3272 926 arguuntur
3321 856 3529 912 exitiis.
3571 858 3637 913 Hi

2031 955 2214 998 autem
2247 946 2447 1015 quibus
2485 951 2837 1004 conversatio
2886 960 3034 1004 recta
3085 961 3189 1017 est,
3224 962 3278 1006 et
3309 967 3408 1022 per
3435 967 3496 1008 se
3527 968 3641 1007 ma-

2035 1037 2206 1092 litiam
2263 1039 2587 1095 diabolicam
2641 1052 2925 1112 superant,
2985 1045 3150 1098 etiam
3209 1054 3389 1100 tamen
3447 1046 3644 1101 talibus

2032 1129 2326 1200 fatigantur
2359 1132 2598 1197 insidiis;
2635 1148 2810 1200 neque
2840 1149 2870 1187 a
2914 1134 3199 1189 tardiorum
3236 1135 3503 1190 exercitio
3544 1151 3638 1190 va-

2032 1237 2178 1286 cant,
2209 1226 2408 1294 quibus
2449 1241 2650 1282 nocere
2697 1228 2857 1282 aliter
2908 1229 2994 1282 vis
3041 1229 3230 1283 dolosa
3283 1246 3391 1284 non
3439 1245 3642 1300 praeva-

2033 1315 2130 1382 let,
2163 1315 2231 1371 ad
2265 1316 2367 1373 hoc
2398 1319 2666 1374 malorum
2717 1321 3013 1375 versutiam
3063 1336 3286 1392 semper
3327 1323 3635 1390 involvens,

2034 1417 2092 1463 ut
2119 1410 2235 1464 sive
2257 1410 2327 1462 ob
2361 1410 2512 1478 vitia,
2543 1425 2638 1467 seu
2665 1421 2893 1482 propter
2923 1414 3111 1482 fidem,
3145 1415 3244 1468 ista
3279 1416 3640 1486 proveniant,

2031 1509 2128 1556 aut
2173 1501 2420 1571 iniquum
2479 1514 2572 1558 aut
2633 1504 3000 1574 negligentem
3060 1507 3255 1573 Deum,
3290 1518 3311 1547 ο
3345 1509 3390 1563 si
3443 1509 3645 1577 quibus

2033 1592 2174 1648 forte
2201 1595 2438 1650 suadere
2468 1597 2664 1666 possit,
2699 1599 2956 1652 affirmet.
2987 1598 3094 1654 Sed
3127 1600 3375 1668 qualibet
3405 1613 3524 1656 arte
3553 1604 3644 1658 vel

2034 1687 2300 1756 parvulos
2326 1687 2555 1757 cruciet,
2591 1689 2679 1744 vel
2710 1699 2964 1758 parentes
2994 1732 3008 1756 ,
3046 1691 3138 1747 Dei
3168 1691 3380 1761 justitia
3416 1695 3466 1748 in
3499 1705 3643 1748 utro-

2032 1793 2138 1849 que
2169 1794 2275 1834 non
2300 1779 2455 1836 deest
2488 1798 2503 1834 :
2539 1796 2664 1835 nam
2713 1793 2768 1838 et
2815 1783 3121 1840 infantibus
3166 1786 3454 1841 translatio
3485 1787 3642 1843 malis

331 1869 510 1926 locum
543 1880 726 1926 teneat
753 1887 765 1934 ;
793 1870 922 1941 quid
950 1871 1145 1926 sentiri
1167 1872 1364 1926 debeat
1391 1872 1643 1929 adverte.
1671 1874 1773 1944 (Ex
1799 1889 1931 1937 qua-
1961 1883 2010 1942 Β
2037 1874 2161 1927 vita:
2194 1873 2354 1928 istius
2381 1874 2578 1930 melior
2607 1876 2771 1931 etiam
2814 1876 2917 1932 hoc
2963 1888 3209 1948 praestat,
3243 1895 3314 1935 ne
3343 1896 3410 1934 ex
3441 1882 3646 1950 impro-

337 1972 462 2017 tuor
493 1962 783 2018 elementis
816 1963 1091 2018 hominem
1116 1963 1260 2019 Deus
1283 1962 1433 2031 fecit,
1463 1966 1647 2031 siccis,
1670 1965 1928 2032 humidis,

331 2054 547 2123 calidis,
580 2052 924 2125 frigidisque.
954 2056 1012 2110 lu
1044 2056 1234 2126 splene
1259 2057 1475 2128 frigida,
1509 2057 1686 2112 calida
1715 2072 1931 2128 ponun-

337 2161 424 2205 tur
451 2149 505 2204 in
539 2148 701 2212 felle.
735 2149 790 2204 in
823 2149 1093 2220 sanguine
1134 2149 1355 2205 humida
1377 2192 1392 2218 ,
1437 2151 1580 2206 sicca
1611 2161 1934 2222 reputantur

335 2243 390 2298 in
416 2243 657 2311 ossibus,
685 2241 956 2314 miraque,
978 2252 1040 2298 ut
1061 2244 1348 2315 intelligis,
1363 2245 1702 2315 conspiratio
1723 2245 1842 2302 haec
1863 2261 1930 2302 ex

337 2336 630 2392 contrariis
682 2336 906 2392 factoris
962 2351 1100 2407 opus
1156 2337 1209 2391 in
1263 2339 1483 2394 homine
1526 2349 1837 2404 conservat,
1879 2351 1934 2396 et

337 2429 534 2485 divinae
556 2429 692 2485 artis
721 2429 947 2501 ingenio
967 2471 983 2497 ,
1016 2435 1456 2502 praestantiorem
1485 2434 1722 2504 speciem
1751 2435 1931 2490 socia-

335 2533 388 2580 ta
417 2525 806 2582 demonstrant
831 2542 994 2597 quam
1028 2526 1082 2581 in
1108 2536 1285 2582 semet
1314 2529 1464 2598 prius
1486 2529 1698 2599 singula
1728 2529 1934 2584 retine-

335 2618 490 2674 bant.
532 2617 626 2675 Sic
665 2619 746 2676 ire
773 2633 995 2690 semper
1024 2619 1078 2674 in
1109 2620 1305 2675 melius
1331 2620 1600 2691 quidquid
1627 2637 1657 2676 a
1688 2630 1934 2678 creatore

337 2723 676 2781 renovatur,
737 2724 984 2785 apparet.
1040 2715 1167 2770 llarc
1221 2730 1354 2786 ergo
1406 2715 1461 2770 in
1515 2718 1932 2786 conceptionem

337 2809 510 2880 aequis
543 2809 791 2879 partibus
823 2807 1142 2874 confluunt,
1180 2820 1342 2879 atque
1376 2810 1446 2865 ita
1475 2825 1543 2865 ex
1566 2811 1714 2864 onmi
1753 2811 1934 2864 visce-

337 2917 458 2957 rum
501 2901 726 2972 regione
767 2902 1136 2969 conveniuut,
1178 2910 1240 2955 ut
1284 2902 1337 2956 in
1377 2901 1531 2956 nullo
1569 2901 1933 2972 aequalitatem

335 2993 582 3064 germina
615 2992 895 3049 Creatoris
923 2992 1230 3059 excedant;
1268 2995 1363 3049 sed
1399 2992 1540 3048 hanc
1569 2994 1828 3048 nascendi
1855 2995 1937 3048 in-

339 3087 654 3156 tegritatem
706 3094 799 3139 aut
841 3087 1176 3156 parcimonia
1228 3096 1323 3141 aut
1371 3087 1632 3142 nimietas
1670 3093 1938 3157 temperat

338 3183 583 3253 parentis
613 3182 875 3249 alterius,
908 3193 962 3238 et
985 3181 1149 3253 tquod
1181 3183 1322 3238 male
1372 3184 1724 3254 prtevaluerit
1751 3183 1934 3239 coale-

2034 1965 2120 2022 bis
2147 1967 2321 2037 geniti
2349 1968 2560 2024 similes
2603 1970 2930 2040 quandoque
2959 1972 3261 2027 efficiantur
3289 1974 3642 2042 auctoribus;

2036 2070 2092 2116 et
2120 2060 2331 2117 hisdem
2365 2063 2455 2133 qui
2483 2073 2792 2133 genuerunt
2831 2079 2931 2133 pro
2958 2063 3230 2120 beneficio
3275 2066 3640 2136 reputantium

2035 2164 2139 2222 est,
2171 2155 2318 2224 quod
2350 2156 2685 2226 temporario
2713 2168 3041 2212 vexatorum
3073 2157 3269 2214 dolore
3299 2167 3394 2213 aut
3443 2174 3640 2229 pecca-

2037 2249 2106 2302 tis
2135 2259 2424 2317 eruuntur,
2459 2259 2513 2305 et
2544 2250 2670 2305 boni
2701 2260 2829 2306 sunt
2855 2292 2869 2316 ,
2897 2261 2991 2306 aut
3021 2250 3238 2307 meritis
3267 2263 3555 2323 augentur,
3587 2263 3644 2309 et

2036 2342 2090 2397 in
2116 2341 2222 2398 fide
2252 2354 2531 2399 crescunt.

2107 2434 2284 2490 Habes
2317 2451 2448 2507 ergo
2503 2437 3006 2508 interrogationum
3059 2448 3274 2493 tuarum
3320 2453 3515 2495 causas
3541 2479 3554 2506 ,
3587 2450 3644 2496 et

2034 2527 2279 2581 omnium
2332 2527 2748 2598 ambiguitatum
2799 2529 3141 2584 intellectum
3196 2540 3495 2600 patentem.
3543 2533 3645 2604 lla-

2033 2633 2140 2688 que
2181 2619 2294 2687 jam
2349 2620 2600 2674 subditus
2655 2621 2766 2675 Deo
2821 2622 3151 2692 promissam
3206 2626 3444 2680 c0ncilio
3479 2626 3640 2680 fidem

2035 2711 2227 2778 redde,
2247 2711 2566 2782 abjectaque
2580 2712 2682 2768 hac
2705 2714 2889 2768 mundi
2903 2716 3342 2784 sapientia,vera3
3361 2717 3642 2784 sapientiae

2036 2803 2293 2859 affatibus
2344 2806 2536 2872 crede;
2585 2815 2643 2861 et
2672 2821 2921 2876 quaerere
2965 2822 2995 2862 a
3028 2817 3080 2862 te
3108 2807 3303 2863 altiora
3332 2809 3636 2880 desistens,

2037 2902 2310 2954 rationem
2351 2899 2656 2954 caelestium
2688 2908 3026 2955 secretorum
3056 2899 3310 2957 Auctoris
3354 2903 3436 2957 sui
3465 2902 3644 2957 scien-

2039 2993 2130 3046 tia:
2157 2991 2494 3062 consilioque
2523 2993 2794 3061 permitte.
2848 2992 2983 3047 Nam
3020 2993 3146 3049 licet
3188 3009 3332 3048 nunc
3367 2995 3518 3063 plttra
3551 3010 3643 3050 co-

2036 3084 2316 3154 gnoveris,
2365 3093 2417 3138 et
2445 3083 2514 3139 de
2542 3084 2893 3139 interioribus
2925 3084 3055 3139 fidei
3101 3084 3281 3155 aliqua
3314 3087 3638 3156 supersint;

2041 3194 2148 3232 non
2181 3188 2364 3234 tamen
2395 3190 2556 3249 putes
2610 3179 2795 3235 omnia
2823 3179 3100 3234 hominem
3130 3181 3277 3234 scire
3310 3195 3471 3248 posse
3523 3195 3647 3250 qua:

337 3275 509 3330 scenti
540 3273 684 3329 intra
712 3283 950 3342 uterum,
973 3276 1062 3330 vel
1087 3292 1212 3331 mox
1244 3293 1312 3332 ex
1343 3288 1498 3333 utero
1524 3277 1811 3347 prodeunti
1840 3287 1936 3333 aut
1964 3263 2010 3326 C
2041 3273 2138 3328 Dei
2169 3280 2316 3339 sunt,
2347 3272 2450 3327 nisi
2481 3287 2600 3341 quae
2646 3281 2740 3326 aut
2792 3273 2936 3326 scire
2967 3271 3244 3327 hominem
3293 3273 3410 3341 ipse
3451 3270 3647 3342 perdo-

339 3366 687 3422 valetudines
714 3367 887 3437 gignit
923 3375 1018 3422 aut
1044 3377 1247 3422 mortes
1274 3386 1287 3423 :
1318 3370 1548 3438 gemina:
1575 3370 1722 3425 enim
1752 3369 1806 3424 in
1839 3370 1936 3424 lio—

342 3458 489 3513 mine
519 3474 670 3514 venze
697 3469 826 3514 sunt
851 3503 865 3527 ,
910 3475 1031 3530 quae
1057 3460 1394 3530 praecipuum
1424 3461 1570 3516 inter
1599 3477 1792 3517 omnes
1825 3463 1936 3530 Spi-

339 3551 566 3606 raminis
613 3566 676 3606 ac
722 3553 1006 3622 sanguinis
1047 3551 1295 3607 obtinent
1345 3553 1734 3623 principatum,
1767 3562 1824 3609 et
1866 3552 1936 3607 ab

340 3644 456 3714 ipsa
505 3644 637 3700 sede
683 3643 930 3699 vitalium
963 3644 1177 3714 exiguis
1207 3645 1482 3699 meatibus
1514 3659 1720 3713 sparsae
1764 3653 1935 3698 totum

341 3749 546 3806 corpus
576 3736 889 3799 illustrant,
930 3735 1185 3804 notisque
1213 3733 1554 3789 discursibus
1586 3734 1934 3805 exploratum

341 3829 465 3884 vitae
505 3829 609 3884 iter
638 3843 701 3884 ac
733 3828 980 3898 pervium
1026 3837 1287 3894 servant;
1327 3842 1557 3899 quantm
1604 3829 1648 3882 si
1700 3829 1934 3883 alteram

343 3921 414 3977 de
440 3921 713 3992 prtedictis
741 3921 823 3976 vis
859 3922 1040 3989 aliqua
1073 3922 1438 3992 praecluserit,
1474 3920 1770 3991 perniciem
1795 3921 1937 3976 haud

343 4013 526 4070 dubia:
557 4016 857 4071 debilitatis
877 4030 942 4071 ac
975 4017 1170 4072 tnortis
1198 4026 1458 4086 operatur
1488 4035 1499 4070 :
1527 4018 1672 4073 unde
1698 4014 1937 4071 infantes

343 4110 648 4180 saepissime
676 4118 769 4163 aut
799 4113 962 4164 totius
1001 4110 1139 4168 lucis
1168 4109 1484 4164 efficiuntur
1514 4119 1776 4180 expertes
1802 4151 1816 4171 .
1847 4118 1940 4163 aut

344 4205 634 4260 confestim
667 4203 927 4274 parvulos
959 4206 1252 4259 immatura
1281 4219 1428 4258 mors
1461 4202 1939 4274 prmripit.)Non-

345 4315 639 4370 numquam
662 4298 806 4363 et_ob
829 4296 1148 4352 eorumdem
1177 4306 1464 4366 parentum
1490 4297 1576 4350 vel
1602 4305 1828 4366 peccata
1855 4295 1939 4350 vel

347 4393 566 4456 merita,
611 4391 880 4447 infantum
921 4393 1064 4447 citus
1113 4392 1238 4446 finis
1276 4402 1398 4456 eSt;
1447 4391 1573 4462 quia
1616 4391 1941 4453 dilectarum

346 4483 620 4540 ablatione
667 4485 969 4555 probantur
1015 4484 1174 4548 boni,
1253 4485 1552 4554 puniuntur
1598 4483 1826 4553 injusti;
1885 4491 1941 4536 et

345 4581 438 4651 qui
481 4596 542 4635 se
575 4579 728 4650 argui
769 4579 1056 4635 doloribus
1105 4581 1256 4647 aliis,
1298 4580 1622 4645 damnisque
1661 4594 1770 4634 non
1813 4593 1938 4634 sen-

2040 3367 2176 3429 cuit,
2235 3376 2330 3420 aut
2379 3365 2688 3436 intelligere
2742 3365 2926 3420 divina
2983 3365 3317 3434 aSpiratione
3371 3367 3639 3434 permisit.

2040 3461 2155 3531 Age
2181 3475 2338 3531 ergo,
2367 3468 2423 3514 et
2468 3458 2630 3514 fidem
2683 3459 2864 3513 cordis
2909 3456 3263 3528 simplicitate
3293 3467 3602 3528 susceptam
3624 3500 3640 3525 ,

2039 3547 2067 3588 ἀ
2090 3553 2274 3607 devoti
2305 3552 2418 3606 oris
2448 3549 2801 3606 confessione
2834 3561 3060 3614 testare,
3102 3565 3206 3606 nec
3255 3553 3409 3621 gravi
3441 3566 3650 3620 praece-

2043 3656 2256 3712 ptorum
2299 3660 2470 3700 onere
2500 3644 2760 3700 terrearis
2794 3661 2808 3700 :
2841 3644 2979 3700 levis
3007 3653 3092 3700 est
3117 3645 3353 3700 servitus
3403 3645 3536 3710 Dei,
3595 3653 3651 3698 et

2042 3739 2186 3794 intra
2262 3739 2601 3793 voluntatem
2655 3737 2891 3792 hominis
2952 3746 3064 3790 tota
3115 3737 3420 3792 necessitas
3476 3738 3644 3806 legis,

2041 3845 2204 3902 quam
2252 3846 2373 3884 cum
2404 3829 2623 3900 penitus
2663 3828 2962 3883 revelatam
2993 3829 3354 3906 compereris,
3421 3827 3498 3881 ita
3525 3828 3646 3896 ejus

2043 3923 2322 3994 agnitione
2351 3921 2636 3992 gaudebis,
2669 3930 2728 3976 ut
2774 3923 2900 3976 licet
2947 3918 3188 3976 stimulet
3237 3921 3307 3975 de
3353 3930 3482 3974 ante
3522 3931 3646 3975 acto

2043 4031 2232 4072 errore
2280 4017 2626 4085 paenitentia,
2675 4015 2851 4084 major
2894 4023 3074 4069 tamen
3103 4014 3290 4070 veniat
3333 4013 3402 4070 de
3429 4013 3646 4070 confes-

2044 4109 2200 4165 sione
2229 4108 2544 4180 gratulatio.

2580 4201 2807 4258 CAPUT
2836 4201 3104 4256 XXXVII.

2049 4296 2176 4363 Qum
2195 4297 2258 4349 sit
2281 4296 2552 4368 plenitudo
2573 4295 2720 4368 legis,
2746 4295 3002 4365 confessio
3023 4293 3346 4348 credulitatis
3368 4293 3436 4346 ad
3457 4291 3648 4349 Deum.

2117 4389 2320 4445 Arcu.
2351 4419 2421 4428 —
2450 4388 2567 4444 Jam
2620 4387 2823 4444 dudum
2897 4387 3149 4443 voluntas
3193 4403 3359 4458 quam
3413 4389 3644 4457 expetis,

2049 4493 2301 4555 prompta
2344 4494 2470 4540 est:
2516 4483 2616 4540 sed
2667 4484 2814 4538 velut
2852 4483 3074 4554 oppleta
3125 4482 3417 4538 ruderibus
3461 4480 3655 4536 funda-

2048 4589 2360 4632 mentorum
2393 4577 2536 4640 loca,
2564 4576 2637 4629 ita
2667 4585 2909 4630 mentem
2939 4574 3311 4630 dubietatibus
3339 4574 3652 4639 emundari,

349 4673 525 4739 tiunt,
567 4674 729 4728 etiam
783 4673 1109 4727 orbitatibus
1153 4671 1467 4741 afﬂiguntur
1501 4690 1514 4724 :
1541 4673 1724 4742 justus
1756 4682 1940 4726 autem
1971 4655 2026 4714 Ι)
2055 4679 2078 4707 ε
2109 4669 2468 4739 ignorantiam
2491 4666 2716 4721 scientia
2746 4666 2989 4734 oportuit
3020 4665 3223 4730 imbui;
3273 4675 3331 4718 ut
3375 4671 3654 4732 patentem

347 4763 522 4834 major
550 4765 675 4819 fidei
705 4765 850 4835 ignis
873 4765 1179 4827 examinat,
1215 4780 1340 4818 cum
1368 4765 1422 4820 in
1455 4763 1752 4820 levioribus
1774 4763 1945 4820 stabi-

349 4855 427 4912 les
447 4859 611 4912 etiam
638 4857 943 4912 amissione
962 4856 992 4895 ι)
1025 4857 1331 4926 probantur
1353 4856 1668 4914 affectuum.

423 5046 448 5074 ει
477 5037 568 5092 Sic
598 5036 866 5110 Acherius
894 5037 1010 5107 ipse
1040 5038 1095 5093 in
1122 5038 1372 5110 margine
1400 5040 1614 5093 monuit
1642 5039 1746 5110 legi
1779 5054 1942 5106 apor-

351 5119 468 5181 tere
495 5151 510 5174 ,
538 5123 680 5181 _cum
711 5108 764 5163 in
798 5110 1053 5163 omnibus
1093 5109 1372 5165 codicibus
1405 5108 1717 5178 reperisset
1737 5127 1950 5181 progre-

353 5179 512 5233 deris.
537 5177 682 5232 Infra
711 5221 724 5243 ,
759 5189 813 5234 ut
841 5182 892 5233 in
919 5182 1088 5246 nullo,
1117 5177 1558 5237 restituiinusex
1592 5177 1752 5236 codd.
1790 5177 1948 5237 Vind.

352 5259 407 5322 et
439 5249 615 5313 Lem.;
648 5265 774 5305 nam
806 5259 964 5306 antea
993 5252 1276 5322 legebatur
1300 5264 1353 5307 ut
1385 5254 1610 5307 nullum.
1641 5254 1776 5318 Quae
1797 5254 1952 5308 dein-

353 5321 423 5376 de
456 5323 766 5389 parenthesi
816 5323 1028 5377 iuclusa
1058 5321 1194 5377 sunt
1223 5365 1236 5380 .
1280 5324 1398 5378 haec
1428 5326 1480 5378 in
1505 5325 1764 5378 omnibus
1784 5326 1946 5378 codd.

354 5403 718 5464 praeterquam
747 5396 799 5447 in
832 5409 944 5447 uno
964 5396 1020 5449 S.
1047 5393 1280 5462 Amulli,
1312 5396 1532 5450 desunt.
1561 5395 1705 5450 Idem
1735 5394 1943 5451 S.Arn.

355 5466 565 5530 codex,
605 5464 700 5519 ubi
732 5465 866 5535 legis
895 5467 1021 5532 quid
1053 5465 1234 5518 sentiri
1282 5468 1494 5534 debeat,
1533 5467 1751 5536 plenius
1794 5469 1955 5523 habet

357 5536 480 5605 quid
507 5552 630 5590 usus
652 5540 942 5591 attentioris
973 5537 1090 5590 rita:
1117 5538 1369 5592 docuerit.

430 5605 458 5643 δ
493 5605 582 5680 S_ic
603 5607 728 5662 cod.
758 5607 945 5675 Vind.,
978 5608 1275 5680 emendate
1299 5626 1311 5661 :
1337 5609 1488 5679 prior
1517 5608 1704 5680 editio,
1731 5609 1956 5680 proban-

361 5675 732 5748 tur_a/fectum,
783 5690 1057 5748 corrupte.
1083 5679 1232 5734 llaud
1266 5675 1541 5733 ita—multo
1571 5675 1845 5748 post,'ubi
1893 5696 1958 5734 ex

360 5745 552 5802 eodem
585 5748 771 5822 endit-e
795 5745 1111 5820 scripsimus
1144 5761 1434 5822 arguuntur
1465 5745 1654 5819 exiti-is,
1684 5745 1963 5822 legebatur

362 5827 653 5890 arguuntur
673 5821 836 5885 exitu,
868 5823 1045 5876 minus
1071 5821 1239 5877 recte.

411 5888 460 5944 .7:
490 5888 585 5943 llic
615 5891 777 5946 etiam
809 5892 930 5947 rod.
964 5891 1124 5949 Vind.
1159 5910 1240 5949 au:
1263 5893 1534 5950 toritatem
1560 5892 1752 5960 secuti,
1781 5909 1963 5950 emcn—

2052 4761 2181 4817 fidei
2213 4761 2422 4815 aditum
2469 4768 2718 4814 veterum
2775 4757 3028 4827 purgatio
3075 4756 3234 4810 firma
3291 4756 3651 4825 prospiceret.

2052 4855 2232 4924 Unde,
2263 4854 2390 4926 quia
2419 4854 2754 4924 occupatiori
2781 4852 2987 4908 dudum
3017 4851 3179 4924 plena
3210 4852 3348 4924 legis
3397 4867 3504 4908 non
3554 4866 3656 4923 po-

2055 5039 2304 5095 davimus
2336 5037 2388 5093 id
2421 5037 2563 5108 quod
2589 5036 2736 5106 prius
2753 5035 3060 5108 legebatur,
3089 5033 3138 5108 si
3165 5034 3279 5108 qais
3308 5040 3460 5106 forte.
3492 5035 3658 5102 Infra,

2055 5128 2117 5165 ex
2149 5112 2340 5166 eodem
2374 5103 2480 5164 et'e
2509 5103 2664 5163 Leni.
2697 5103 2968 5160 edidimus
2993 5103 3146 5159 malis
3169 5103 3318 5175 vitaz,
3339 5123 3463 5163 nam
3489 5109 3666 5164 Ache-

2055 5185 2171 5238 rius
2191 5183 2487 5250 scripserat
2514 5198 2578 5234 ex
2605 5177 2755 5232 malis
2779 5179 2915 5231 vita.

2130 5252 2156 5290 ά
2187 5249 2400 5322 Optima
2435 5253 2558 5306 cod.
2592 5253 2742 5306 Letn.
2780 5250 2942 5304 lectio
2999 5253 3143 5318 quod
3188 5251 3342 5322 prius
3388 5249 3672 5318 legebatur

2055 5321 2338 5380 devotimtis
2359 5324 2704 5394 confessione,
2730 5323 2909 5376 minus
2927 5323 3196 5392 placebat.
3222 5321 3404 5395 luline
3420 5324 3558 5395 idem
3578 5335 3674 5395 co-

2055 5397 2160 5452 dex
2190 5405 2243 5450 et
2272 5394 2435 5450 Vind.
2523 5397 2587 5449 de
2627 5391 2949 5465 confessione
2977 5411 2995 5449 :
3027 5395 3180 5465 prior
3208 5391 3378 5446 editio
3400 5434 3416 5458 ,
3451 5391 3514 5446 de
3545 5391 3672 5447 con-

2061 5483 2312 5521 υενδιοπε.

2137 5548 2159 5575 ε
2189 5540 2278 5593 Sic
2310 5537 2364 5591 in
2388 5537 2512 5593 cod.
2541 5537 2764 5592 Lcmov.
2784 5553 2799 5601 ;
2823 5535 2879 5590 in
2911 5535 3099 5598 editis,
3120 5535 3469 5604 ignorantiam
3503 5535 3672 5588 scien-

2064 5612 2214 5664 tiam.
2245 5609 2390 5664 infra
2420 5609 2730 5664 Christianis
2761 5609 2903 5678 ﬁdei,
2946 5606 3093 5678 quod
3125 5606 3428 5673 reperimus
3460 5605 3523 5678 in_
3543 5606 3667 5678 cod.

2070 5681 2256 5746 Vind.,
2293 5684 2466 5751 magis
2502 5681 2708 5751 placuit
2745 5675 2905 5748 quam
2944 5677 3093 5751 quid
3128 5679 3276 5751 prior
3307 5678 3476 5751 editio
3510 5675 3676 5751 habet

2067 5755 2368 5807 christiana?
2387 5747 2536 5820 ﬁdei.
2567 5751 2720 5805 Haud
2748 5747 2817 5803 ita
2847 5749 3016 5801 multo
3043 5758 3164 5818 post
3192 5748 3280 5803 ubi
3308 5747 3353 5800 si
3385 5747 3666 5814 consolari,

2068 5824 2187 5893 lego
2218 5834 2263 5878 et
2293 5823 2576 5878 consolari.
