4092 6176
582 294 720 354 1107

1854 293 2178 356 ΖΑΟΟΗΔΕΙ
2218 293 2620 354 ωιιιιετυιδιι

3683 303 3787 359 “08

581 412 684 466 tuit
730 410 940 468 haerere
972 407 1286 471 revelatio,
1316 408 1660 480 digestamin
1696 425 1863 482 pauca
1889 425 2037 466 nunc
2090 426 2176 467 re-
2203 417 2256 478 Α
2283 412 2609 482 plenamque
2655 409 2888 480 iustitiae
2930 418 2984 464 et
3035 408 3233 463 merito
3283 408 3471 466 divinae
3513 417 3786 483 possibilitati

584 515 733 574 pete;
798 514 872 566 ut,
930 516 1089 572 quam
1130 501 1524 572 propemodum
1580 518 1687 558 non
1743 513 2057 574 recepturus
2087 517 2184 558 au-

581 599 812 664 dieram,
844 598 1205 654 examinatam
1240 595 1619 666 multipliciter
1656 612 1781 652 cum
1827 597 2185 656 veneratione

586 690 902 761 suscipiam.

659 782 860 842 Zaccn.
891 814 959 824 —
990 783 1253 852 Repetam
1293 783 1487 853 plane;
1543 794 1597 838 et
1645 783 1842 840 anima:
1885 782 2185 838 visceribus

586 877 945 932 intimandam
975 877 1320 934 brevioribus
1351 879 1578 945 elosiuar
1619 878 1826 934 verbis.
1860 878 2185 933 Christianis

585 968 708 1024 [idei
739 968 1054 1040 integritas,
1095 969 1378 1040 plenitudo
1405 970 1636 1040 iustitia:
1667 979 1770 1034 est,
1817 970 1868 1024 id
1899 982 1981 1028 εει
2016 971 2182 1026 Deum

580 1077 762 1127 nnsse,
790 1063 992 1129 colere.
1020 1065 1237 1128 timere,
1269 1062 1534 1132 diligere;
1562 1081 1727 1117 manu
1762 1064 1896 1119 facta
1930 1079 2029 1120 nec
2055 1063 2187 1118 ado-

583 1172 710 1213 rare
742 1171 841 1210 nee.
864 1157 1067 1224 colere,
1101 1173 1202 1212 nec
1229 1157 1469 1227 profanis
1495 1158 1895 1216 immolatarum
1929 1158 2068 1214 cibis
2097 1174 2187 1214 νεα

581 1252 681 1304 sci.
717 1251 856 1306 Ecce
882 1250 995 1319 jam
1027 1265 1133 1306 non
1185 1253 1420 1321 copiosa:
1452 1268 1613 1307 cruor
1666 1252 1856 1308 hostiae
1898 1262 1989 1307 aut
2051 1252 2187 1308 odor

583 1341 779 1411 polluti
829 1342 967 1411 ignis
1008 1345 1324 1410 exposcitur
1357 1360 1368 1396 :
1401 1343 1563 1400 enixe
1617 1344 1783 1400 Deum
1832 1343 2094 1410 colueris,
2140 1345 2185 1400 si

584 1444 754 1490 temet
787 1449 884 1503 pro
938 1435 1193 1493 omnibus
1241 1435 1354 1492 Deo
1404 1435 1592 1500 dedas,
1651 1437 1760 1492 duo
1815 1453 1882 1494 ex
1936 1436 2188 1495 omnibus

582 1527 858 1597 praecipua
893 1538 1143 1584 tenturus
1175 1539 1447 1600 pra-cepta
1473 1575 1486 1598 ,
1523 1540 1580 1585 ιιι
1628 1531 1796 1586 Deum
1856 1532 1977 1600 plus
2024 1545 2185 1601 quam

581 1631 658 1688 te,
707 1623 852 1675 sicut
896 1631 948 1680 te
977 1631 1160 1678 autem
1198 1622 1476 1678 hominem
1510 1623 1738 1692 diligas;
1779 1623 1907 1693 quia
1934 1639 2036 1679 nec
2065 1637 2191 1691 pro-

580 1713 744 1769 desse
773 1715 882 1771 sibi
915 1716 1058 1772 nllns
1086 1731 1150 1774 ex
1191 1731 1252 1772 se
1283 1725 1494 1772 tantum
1541 1726 1751 1785 potest,
1784 1727 2050 1787 quantum
2095 1717 2187 1774 illa

2285 505 2531 568 subesse,
2566 504 2986 560 resurrectionis
3030 502 3230 559 t-ﬂ'ectu
3278 512 3470 561 a-terno
3517 523 3689 577 careat,
3727 517 3792 582 qui

2286 614 2391 654 non
2421 599 2631 663 credit;
2664 598 2866 667 quique
2905 610 2976 660 te,
3007 597 3251 662 Christe,
3286 598 3373 653 Dei
3396 599 3570 658 Filium
3597 612 3642 657 et
3666 604 3792 662 [letum

2286 699 2598 748 manentem
2632 690 2686 745 in
2724 690 2947 746 homine
2991 689 3294 758 dillitetnr,
3344 706 3438 746 nec
3473 695 3796 766 redemptorem

2286 784 2508 839 humani
2535 785 2779 854 generis,
2829 796 3022 840 evecto
3067 785 3118 838 in
3155 784 3328 842 caelos
3358 789 3526 843 crucis
3561 790 3796 860 triumpho,

2286 889 2335 934 ct
2368 878 2664 933 conﬁtetur
2695 886 2750 932 et
2781 877 3081 946 praedicat;
3131 879 3223 946 qui
3277 879 3628 936 retributorem
3667 885 3802 938 sancti

2289 972 2512 1038 laboris,
2549 982 2635 1025 aut
2667 971 2940 1028 scelerum
2965 970 3236 1025 vindicem
3274 987 3376 1026 non
3400 985 3568 1040 sperat
3588 973 3797 1043 futurum;

2288 1063 2383 1118 ille
2413 1063 2699 1118 consortio
2719 1061 2922 1117 diaboli
2953 1077 3184 1133 gemens
3212 1075 3490 1132 perpetuas
3513 1075 3589 1119 eat
3613 1068 3732 1122 exsul
3752 1068 3804 1123 ad

2288 1155 2564 1220 tenebras,
2599 1165 2652 1210 et
2679 1155 2960 1223 profunda!
2991 1156 3165 1210 noctis
3197 1171 3406 1212 mersus
3433 1155 3708 1211 horroribus
3728 1157 3803 1212 ιιι.

2285 1249 2496 1319 grantis
2523 1249 2663 1303 omni
2698 1249 2942 1302 volvatur
2974 1246 3260 1302 incendiis.

2359 1342 2520 1396 Absit
2568 1350 2748 1398 autent
2801 1357 2943 1396 nunc
2999 1340 3133 1394 mihi
3181 1340 3409 1409 amplius
3456 1355 3598 1410 quam
3638 1339 3694 1396 de
3728 1343 3808 1397 lleo

2293 1435 2566 1503 rebusque
2595 1435 2738 1490 illius
2786 1449 3003 1504 sapere,
3056 1444 3110 1488 et
3163 1433 3265 1487 nisi
3305 1434 3373 1488 ab
3403 1434 3491 1489 illo
3515 1433 3680 1490 educta
3704 1435 3811 1491 scire

2289 1529 2432 1583 velle
2463 1528 2545 1582 vel
2593 1543 2869 1595 quaerere;
2907 1537 3136 1594 tantttm,
3171 1544 3238 1583 ne
3287 1527 3595 1596 ignorantirc
3628 1527 3698 1582 vel
3736 1537 3814 1582 tar-

2292 1622 2375 1678 dae
2404 1623 2745 1678 credulitatis
2773 1623 2989 1692 culpam
3024 1636 3181 1691 pinna
3215 1623 3520 1679 comitetur.
3547 1619 3573 1660 ιδ
3599 1621 3816 1676 Maculam

2292 1716 2566 1772 idolorum
2623 1715 2916 1772 concidant
2951 1717 3136 1782 sedes,
3192 1726 3246 1772 et
3286 1715 3621 1772 exsecranda
3663 1715 3819 1771 abomi-

587 1809 673 1862 vcl
697 1808 954 1864 omnibus
995 1808 1049 1862 in
1084 1824 1381 1864 commune
1410 1809 1494 1864 vel
1526 1808 1759 1880 singulis
1793 1809 1963 1880 :quid
2003 1820 2187 1866 autem
2224 1801 2265 1860 Β
2296 1811 2533 1866 nationis
2587 1810 2786 1880 templa
2840 1820 3160 1876 vacucntur,
3197 1811 3426 1881 ipsaque
3452 1809 3689 1864 divinatio
3713 1824 3817 1878 qua,

585 1903 798 1971 aequius
840 1917 1001 1970 quam
1039 1901 1271 1957 utsicut
1320 1912 1373 1957 te
1423 1902 1700 1956 hominem
1748 1902 1964 1972 diligas,
2012 1917 2042 1956 a
2082 1918 2190 1972 quo

583 2004 634 2049 te
660 1992 924 2052 similiter
949 1993 1099 2064 diligi
1125 2037 1138 2060 ,
1195 1993 1242 2049 si
1293 1995 1568 2049 consolari
1618 1995 1886 2064 emptas?
1928 1992 2020 2048 Sic
2054 2010 2191 2064 pra:-

582 2099 729 2144 stare
762 2088 1228 2157 quemadmodum
1274 2098 1331 2143 et
1374 2103 1578 2156 cupere
1630 2087 1770 2144 bona
1821 2106 1832 2140 :
1883 2101 2033 2143 certe
2083 2102 2190 2143 non

579 2191 806 2252 propter
837 2181 1098 2236 caducam
1151 2182 1455 2237 brevissimi
1505 2181 1772 2250 temporis
1835 2179 2189 2248 voluptatem,

581 2290 735 2344 spem
769 2274 1104 2329 beatisdmat
1149 2274 1471 2328 aeternitatis
1514 2274 1810 2330 excludere
1842 2317 1857 2340 ,
1907 2289 2006 2328 nec
2049 2274 2190 2330 tueri

591 2366 944 2436 praesentium
984 2367 1322 2431 vanitatem,
1354 2381 1418 2419 ac
1457 2366 1620 2420 [idem
1661 2366 1948 2424 destruere
1978 2366 2190 2422 futuro-

586 2475 738 2523 rum;
791 2475 916 2514 cnm
967 2475 1035 2514 ex
1081 2459 1298 2516 duobus
1347 2459 1749 2516 conducibilius
1794 2459 1916 2516 fore
1960 2460 2192 2516 alterum

588 2555 819 2619 clareat,
857 2570 961 2611 non
995 2552 1173 2608 dicam
1225 2553 1329 2608 sub
1379 2553 1494 2618 Dei,
1539 2553 1634 2608 sed
1676 2553 1974 2622 cujuslibet
2027 2553 2195 2612 bone—

582 2648 654 2704 Sli
687 2649 924 2704 hominis
975 2649 1208 2704 arbitrio
1256 2663 1406 2718 Spem
1459 2664 1692 2717 ponere,
1738 2659 1793 2704 et
1825 2659 2050 2720 propter
2085 2651 2196 2705 ele—

583 2742 820 2796 ctinnem
877 2741 1210 2798 venientium
1266 2742 1556 2810 praesentia
1599 2757 1880 2812 spernere,
1914 2759 2074 2811 quam
2124 2743 2196 2798 ob

586 2837 943 2907 praesentium
981 2845 1354 2894 transeuntem
1396 2853 1555 2891 usum
1601 2851 1855 2892 mansura
1891 2837 2192 2906 praeterire.

1100 2951 1329 3006 CAPUT
1374 2948 1668 3005 XXXVIII.

666 3051 866 3103 Areu.
903 3078 969 3088 -—
998 3044 1092 3100 Dei
1122 3060 1284 3099 unam
1315 3058 1438 3099 esse
1491 3052 1546 3096 et
1589 3043 1898 3112 simplicem
1943 3044 2198 3113 majesta-

591 3153 698 3196 tem
733 3150 895 3208 atque
925 3140 993 3194 ab
1021 3154 1087 3192 eo
1114 3136 1351 3192 visibilia
1382 3147 1440 3191 et
1487 3136 1780 3189 invisibilia
1817 3136 2035 3190 condita
2076 3150 2194 3192 om-

2297 1915 2354 1959 ut
2379 1904 2561 1970 video,
2608 1921 2636 1957 ει
2676 1904 2993 1959 multifariis
3039 1906 3351 1960 da-monunt
3384 1904 3643 1958 fraudibus
3666 1903 3732 1956 vel
3755 1901 3823 1956 do-

2296 1998 2410 2051 losa
2444 1997 2530 2052 vel
2576 1995 2712 2052 falsa
2741 2007 2848 2062 est,
2882 1998 2984 2051 sub
3017 1999 3324 2053 reverentia
3370 2007 3563 2052 sanctis
3601 1994 3824 2065 religionis

2299 2090 2547 2145 intereat.
2599 2089 2714 2160 Ego
2764 2090 2931 2146 Deum
2971 2091 3250 2146 Christum
3289 2096 3346 2145 ei
3378 2090 3562 2144 salutis
3609 2088 3722 2143 tiam
3763 2102 3826 2142 se-

2295 2199 2453 2253 quar,
2483 2181 2637 2238 illum
2671 2199 2780 2252 prae
2831 2184 3008 2238 anima
3064 2194 3122 2238 et
3167 2185 3383 2239 cunctis
3438 2181 3710 2238 visceribus
3739 2179 3826 2232 uilio

2294 2292 2448 2348 gens,
2502 2276 2554 2332 in
2599 2292 2686 2332 me
2735 2276 2836 2332 hoc
2869 2285 3075 2333 tantum
3111 2289 3402 2332 amaturus
3448 2275 3584 2348 quod
3613 2276 3693 2330 ille
3725 2274 3827 2328 dile-

2297 2369 2460 2423 xerit.
2495 2367 2572 2421 Tu
2623 2377 2828 2432 autem,
2878 2369 2970 2438 qui
3023 2367 3191 2424 divini
3245 2369 3300 2425 in
3354 2383 3440 2426 me
3469 2368 3691 2423 muneris
3714 2363 3827 2419 titini-

2297 2471 2411 2515 ster
2456 2458 2631 2525 fuisti,
2664 2460 2734 2514 ab
2777 2471 3004 2517 auctore
3048 2462 3279 2531 gratiam
3309 2473 3652 2534 recepturus,
3700 2457 3830 2525 trade,

2298 2568 2502 2623 qumso,
2555 2553 2949 2623 plenitudinem
3002 2555 3160 2621 tidei;
3198 2558 3358 2612 trade
3392 2553 3652 2611 interioris
3690 2566 3828 2608 sacra-

2300 2660 2480 2704 menta
2507 2648 2775 2719 mysterii,
2810 2660 2867 2702 et
2897 2648 3160 2704 caducam
3193 2651 3484 2706 materiem
3507 2648 3728 2712 celsioris
3749 2645 3833 2715 spei

2298 2744 2650 2798 innovatione
2683 2742 2976 2811 perfunde;
3007 2745 3052 2798 si
3079 2743 3206 2814 quid
3238 2746 3391 2800 enim
3432 2743 3642 2799 creditis
3665 2741 3741 2810 qtti
3763 2753 3834 2792 no-

2298 2838 2429 2892 stris
2477 2837 2801 2892 tractatibus
2848 2837 3099 2901 all'uittis,
3157 2839 3255 2892 ita‘
3289 2839 3529 2894 animum
3579 2851 3708 2892 verm
3741 2831 3839 2888 lucis

2297 2928 2490 3001 gaudia
2533 2928 2890 2999 perfuderuut
2926 2971 2940 2993 ,
3003 2938 3060 2982 nt
3123 2929 3293 2985 Deum
3358 2929 3622 2986 Christum
3667 2925 3840 2995 ejusque

2303 3027 2581 3094 pietatem,
2615 3023 2741 3077 licet
2771 3022 2861 3078 diu
2896 3025 3179 3092 ignorasse
3210 3023 3504 3092 poeniteat,
3560 3033 3751 3076 (l'lefllﬂt
3785 3025 3844 3072 ta-

2302 3137 2424 3175 men
2473 3121 2832 3178 beatitudinis
2883 3139 3098 3193 sperent
3128 3137 3276 3189 esse,
3336 3123 3422 3180 vel
3462 3136 3586 3177 sero
3628 3118 3838 3187 agnitum.

595 3248 689 3288 nes
713 3233 932 3302 quidem
959 3231 1233 3297 sentiunt,
1263 3229 1287 3258 “
1310 3241 1363 3284 et
1386 3229 1704 3299 intelligere
1726 3245 1917 3283 onmes
1943 3237 2190 3298 possunt;
2221 3205 2265 3266 (ἶ
2298 3213 2619 3270 "edidisse-

592 3327 806 3395 plenam
857 3325 1084 3396 perinde
1118 3324 1254 3393 legis
1285 3338 1348 3377 ac
1394 3323 1790 3391 promissurum
1822 3323 1966 3379 illius
2006 3322 2190 3391 fidem,

661 3476 686 3502 ³
712 3465 801 3522 Sic
844 3473 1068 3528 uterque
1104 3459 1226 3515 cod.
1283 3459 1446 3514 Vind.
1486 3457 1817 3530 θιιιφιιιον.ἱ
1865 3467 1918 3512 et
1969 3459 2184 3530 quidem

586 3535 894 3592 emendate.
930 3533 985 3587 In
1017 3531 1182 3597 priori
1232 3531 1506 3595 editione,
1541 3529 1631 3584 sed
1675 3528 1960 3596 intelligere
1986 3528 2185 3601 quoque

589 3616 688 3662 non
720 3615 979 3678 possunt.
1003 3603 1169 3678 Infra,
1207 3604 1294 3657 ubi
1339 3611 1510 3656 euecto
1537 3603 1588 3655 in
1617 3605 1792 3666 caelos,
1829 3602 2052 3656 Letnov.
2085 3605 2184 3655 ita-

590 3681 680 3734 bet
709 3676 813 3740 tuo,
846 3677 1004 3731 Vind.
1036 3676 1194 3730 elato.

659 3751 682 3788 δ
713 3747 898 3805 Codex
925 3747 980 3804 S.
1031 3751 1162 3805 Arn.
1194 3757 1247 3801 et
1282 3744 1440 3802 Vind.
1493 3743 1698 3801 habent
1736 3745 1971 3817 pollutw.
2033 3744 2184 3800 llaud

2294 3465 2363 3515 ita
2397 3464 2566 3514 multo
2599 3473 2718 3531 post
2751 3465 3034 3517 lectionem
3057 3463 3259 3518 codicis
3291 3464 3352 3518 S.
3386 3463 3541 3525 Arn.,
3571 3458 3745 3532 gaudia
3763 3471 3846 3523 per-

2293 3533 2535 3600 fuderunt
2563 3549 2580 3585 :
2606 3534 2942 3600 |ll‘.tttul:m'lS
2974 3535 3045 3587 illi
3071 3549 3232 3599 quam
3265 3538 3320 3588 in
3357 3543 3508 3588 texui
3534 3532 3845 3586 collocaverat

2293 3604 2584 3676 AI-lteritts,
2618 3605 2812 3675 gaudia
2854 3607 3196 3676 repleverunt.
3248 3606 3305 3659 In
3346 3610 3458 3659 line
3487 3603 3641 3659 codd.
3671 3601 3845 3676 Lenior.

2293 3685 2348 3730 et
2381 3675 2569 3739 Vind.,
2613 3673 2729 3727 aera
2760 3673 2996 3745 agnitum
3030 3693 3048 3730 :
3078 3677 3225 3745 prior
3261 3678 3468 3744 editio,
3499 3690 3609 3730 sero
3636 3673 3842 3743 agnitum.

591 3898 3835 3936 _________________________________________________________._..

1682 4049 2029 4131 LIBER
2104 4047 2763 4134 SECUNDUS.

1152 4324 1575 4383 sPREFATlO.

657 4451 792 4507 Cum
839 4447 904 4502 ad
950 4443 1273 4501 exercitium
1319 4440 1546 4510 iustitiae
1597 4439 1803 4508 optima
1843 4445 2006 4506 atque
2054 4447 2184 4490 exo-

582 4540 801 4615 ptabllis
851 4538 932 4592 via
987 4537 1056 4590 sit
1106 4534 1194 4606 pie
1241 4533 1451 4598 vivere,
1503 4541 1558 4585 et
1617 4530 1738 4583 vitae
1785 4527 1964 4598 ipsius
2020 4527 2185 4582 ratio-

583 4619 708 4692 nem
758 4634 1024 4689 factorum
1053 4639 1106 4684 et
1133 4625 1510 4697 cognitionum
1545 4631 1569 4659 α
1598 4621 1948 4676 observantia
1996 4627 2176 4674 custo-

578 4731 728 4795 dire;
785 4723 1047 4797 prtecipul
1093 4724 1236 4776 inter
1290 4719 1432 4774 bona
1493 4717 1676 4771 omnia
1729 4714 1892 4770 studii
1936 4723 2041 4779 cst,
2093 4723 2185 4767 aut

579 4821 693 4876 Deo
741 4833 959 4889 semper
1010 4825 1102 4869 aut
1153 4812 1224 4869 de
1273 4813 1384 4867 Deo
1432 4809 1666 4866 ﬁdeliter
1704 4808 1888 4879 loqui,
1929 4805 2184 4878 quodque

580 4914 635 4966 in
667 4911 891 4964 homine
936 4910 1234 4962 maximum
1285 4914 1390 4967 est,
1441 4903 1638 4970 linguae
1693 4916 1756 4955 ac
1813 4897 2009 4953 mentis
2065 4896 2182 4951 olﬁ-

572 5005 714 5059 cium
752 5001 1006 5057 Auctoris
1060 5000 1142 5055 sui
1197 4995 1447 5052 laudibus
1495 4995 1779 5065 deputare,
1839 5005 1939 5046 nec
1994 5002 2176 5047 tamen

576 5099 653 5151 ita
706 5095 924 5150 fervore
980 5093 1082 5163 piae
1135 5089 1436 5148 voluntatis
1502 5087 1717 5152 attolli,
1776 5096 1832 5138 ut
1888 5084 1941 5139 in
1995 5083 2179 5156 aliquo

572 5188 848 5246 sentiendi
900 5203 964 5242 ac
995 5185 1284 5257 profttendi
1333 5182 1550 5239 modum
1600 5180 1833 5237 subnixa
1883 5177 2004 5236 ﬁdei
2056 5188 2179 5234 vota

571 5291 976 5347 transcurrant,
1009 5288 1102 5334 aut
1123 5290 1310 5333 saeros
1336 5276 1537 5330 divinm
1560 5272 1965 5344 prmdicationis
1993 5270 2179 5326 termi-

577 5391 677 5432 nos
707 5375 733 5414 ι)
773 5375 1066 5429 audentior
1110 5370 1277 5426 licitis
1319 5369 1494 5424 calcet
1545 5368 1846 5436 ingressus.
1898 5363 2015 5420 Non
2043 5377 2175 5435 ergo

568 5469 792 5534 ﬁducia,
835 5468 930 5526 sed
986 5465 1093 5524 (ide
1149 5460 1408 5533 prompti,
1458 5459 1880 5516 insinuationem
1938 5459 2173 5527 primum

642 5641 668 5668 ι
697 5632 791 5684 Sic
839 5627 999 5685 codd.
1039 5625 1199 5680 Vind.
1249 5633 1304 5680 et
1343 5623 1597 5683 Lemov.,
1627 5617 1920 5674 emendate
1953 5634 1963 5669 :
2015 5615 2167 5685 prior

565 5703 756 5764 editio,
784 5698 1185 5769 observantium,
1217 5702 1496 5769 corrupte.
1528 5689 1681 5746 ilaud
1712 5687 1988 5769 ita__multo
2019 5696 2160 5769 post,

568 5757 796 5822 auctoris
824 5771 911 5822 sui
951 5757 1219 5830 laudibus,
1251 5757 1574 5834 seripsitnus
1598 5761 1975 5834 auctoritatem
2007 5757 2161 5811 codi—

568 5844 666 5890 cis.
699 5838 853 5890 thd.
891 5838 1058 5890 seculi
1083 5852 1096 5891 :
1126 5839 1175 5888 in
1207 5828 1314 5905 quo
1347 5828 1509 5890 vaces
1535 5831 1871 5903 intermedite
1898 5828 2047 5903 rebus
2073 5839 2163 5881 mu

2206 4350 2258 4410 D
2282 4347 2488 4396 sanctae
2519 4339 2809 4396 Trinitatis
2840 4342 3218 4414 aggredimur;
3274 4356 3400 4414 post
3448 4343 3508 4398 in
3558 4313 3865 4404 Jud.ro§,uac

2285 4430 2548 4501 deinceps
2580 4433 2634 4486 in
2684 4431 2972 4489 litemticos
2999 4436 3159 4505 plana
3181 4437 3543 4506 expositione
3575 4443 3859 4506 pergentes.

2285 4524 2454 4579 etiam
2484 4525 2891 4582 schismaticum
2921 4528 3354 4585 Novatianorum
3390 4531 3719 4602 detegemus
3742 4539 3868 4582 erro-

2287 4633 2425 4673 rem.
2457 4619 2530 4674 lta
2558 4620 2850 4676 instructio
2889 4637 2956 4677 ex
3018 4623 3203 4678 multis
3242 4625 3487 4680 collecta
3535 4621 3867 4679 voluminibus

2286 4711 2545 4766 breviat-ii
2577 4712 2750 4768 vicem
2796 4713 2970 4782 dabit,
3006 4731 3115 4770 non
3153 4718 3336 4771 omnia
3398 4719 3455 4772 in
3514 4717 3743 4790 singulis
3787 4712 3871 4768 ela-

2281 4802 2504 4858 boraus.
2555 4804 2778 4874 Experti
2830 4807 3015 4876 itaque
3056 4821 3170 4863 rem
3203 4808 3348 4864 inter
3391 4825 3666 4880 personas
3713 4806 3870 4862 melius

2280 4897 2386 4965 agi,
2420 4895 2737 4951 Zaccltzteum
2789 4909 3037 4954 nostrum
3097 4901 3582 4972 Apolloniumque
3637 4903 3746 4972 jam
3800 4912 3873 4953 no-

2277 5000 2450 5043 strum
2472 4990 2538 5044 ad
2558 4989 3140 5058 praedictoscausarum
3161 4991 3365 5062 gradus
3393 4995 3718 5049 robustiore
3737 4991 3870 5046 scien-

2279 5079 2353 5133 tla
2383 5078 2743 5144 deducemns,
2795 5090 2852 5135 ut
2905 5081 3072 5137 libelli
3103 5083 3416 5154 superioris
3470 5101 3654 5155 more,
3694 5081 3874 5154 religio-

2280 5172 2364 5230 nis
2395 5183 2597 5228 nostrte
2625 5172 2807 5230 annuli
2841 5173 3317 5242 praedamnentur;
3366 5187 3428 5232 et
3458 5178 3507 5233 is
3533 5180 3627 5250 qui
3662 5171 3872 5234 discendi

2279 5263 2599 5320 accenditur
2650 5265 2871 5334 studiis,
2924 5266 3037 5323 Deo
3082 5268 3268 5324 vivere
3305 5271 3512 5340 cupiat
3541 5287 3610 5327 ac
3638 5271 3780 5326 vitiis
3815 5267 3875 5319 ia-

2280 5357 2468 5413 terire.
2499 5357 2651 5414 Nunc
2689 5373 2820 5429 ergo
2853 5360 2995 5415 inter
3027 5362 3313 5430 praedictos
3363 5364 3486 5420 leni
3519 5366 3810 5421 collatione
3833 5367 3874 5414 et

2278 5451 2627 5520 proferentur
2653 5452 2833 5506 omnia
2883 5461 2938 5509 et
2982 5453 3386 5526 probabuntur,
3419 5469 3486 5513 ut
3515 5474 3761 5532 congrua
3785 5453 3877 5510 bre-

2272 5629 2380 5669 non
2411 5625 2756 5682 comparent.

2343 5683 2369 5723 ι’
2396 5684 2612 5756 Optima
2639 5687 2883 5756 ejusdem
2915 5687 3072 5744 Vind.
3099 5688 3220 5744 cod.
3256 5687 3467 5757 lectio;
3509 5697 3565 5748 in
3618 5696 3774 5750 editis
3805 5707 3880 5744 au-

2272 5757 2492 5879 dentiori
2516 5757 2666 5881 iiceat
2692 5758 2894 5814 calcare
2920 5761 3176 5832 ingressu,
3216 5762 3405 5822 minus
3436 5764 3612 5835 bene,
3657 5778 3713 5822 ut
3753 5763 3877 5837 equi.

2273 5843 2392 5882 tem
2415 5842 2509 5882 seu
2539 5843 2611 5883 to.
