4074 6204
342 294 482 364 1109

1555 291 2186 366 CONSULTATIONUM
2225 295 2357 366 LIB.
2401 297 2466 354 Ιῐ.

3507 290 3653 362 1110

340 415 508 474 vitale
556 421 894 478 monetrelttr
923 412 1055 486 quid
1087 413 1258 488 recipi
1293 415 1516 478 debeat.
1563 416 1692 486 quid
1737 417 1949 480 caveri:
1983 419 2026 488 Α
2057 417 2266 488 goitate
2295 418 2596 482 dissertuni
2636 424 2744 482 est,
2779 423 2837 472 ut
2869 430 3010 472 nunc
3050 428 3158 478 non
3193 415 3356 479 modo
3393 413 3560 480 rudes
3600 414 3656 480 in

344 516 552 566 cumet
597 506 836 568 ﬁdelium
884 506 1181 566 credulitas
1230 507 1548 570 ccclesﬁbus
1599 510 1953 569 conﬁrmetur

345 601 642 674 exemplis,
675 610 730 658 et
762 600 1116 670 profanorum
1153 600 1380 679 perlidia
1425 602 1540 658 suis
1587 603 1668 657 vel
1718 604 1951 666 maxime

347 692 717 750 intellectibus
747 693 1085 752 destruatur.

421 789 781 844 Arosconws.
813 818 883 827 —
909 787 964 843 Si
988 790 1289 860 quisquam,
1317 787 1600 856 Zacchtee,
1635 787 1866 858 referre,
1895 800 1950 846 ut

348 879 575 950 dignum
607 889 715 946 est,
744 881 974 950 gratiam
1005 881 1118 936 Deo
1152 897 1251 951 pro
1283 880 1503 935 collatis
1531 881 1585 936 in
1611 898 1670 936 se
1698 881 1817 950 ejus
1847 882 1950 936 mi-

349 973 631 1028 seratione
675 972 995 1038 beneﬁciis,
1050 982 1143 1030 aut
1193 974 1538 1036 sermonibus
1581 973 1801 1038 sufﬁcit,
1860 983 1955 1030 aut

349 1064 536 1122 animo
579 1063 1035 1134 comprehendit:
1093 1080 1196 1136 ego
1235 1064 1514 1138 praecipue
1545 1066 1796 1136 perlungi
1851 1065 1955 1122 hoc

349 1170 583 1216 munere
635 1156 807 1214 debeo
856 1155 1219 1220 confessionis
1275 1167 1328 1212 et
1383 1160 1602 1224 mentis,
1664 1161 1756 1232 qui
1809 1159 1953 1216 illius

349 1248 682 1319 aSpiratione
731 1258 890 1313 tuave
920 1249 1169 1308 doctrina
1223 1252 1389 1307 tantis
1441 1268 1692 1316 errorum
1746 1253 1952 1323 laqueis

349 1343 621 1412 evolutus,
651 1344 844 1396 mortis
865 1345 1040 1398 vincla
1065 1343 1292 1412 deposui
1321 1387 1334 1410 ,
1370 1354 1426 1399 et
1449 1353 1725 1402 terrenum
1759 1356 1953 1408 exutus

350 1435 624 1492 hominem
655 1478 668 1504 ,
699 1437 753 1493 in
783 1451 934 1508 spem
967 1439 1280 1516 cmlestintn
1320 1440 1642 1512 gaudiorum
1680 1439 1775 1496 Dei
1818 1440 1953 1495 ado-

350 1531 536 1606 ptione
575 1534 844 1601 transivi;
894 1536 1086 1590 aeterni
1119 1535 1343 1606 insuper
1371 1535 1627 1590 Sacriﬁcii
1680 1536 1956 1607 particeps

352 1623 546 1693 factus,
581 1633 606 1662 ιι
641 1626 808 1680 immo
854 1626 1028 1684 Deum
1079 1627 1346 1684 sumendo
1399 1644 1524 1698 pars
1576 1628 1770 1697 ipsius,
1837 1636 1954 1688 toto

350 1717 516 1772 animi
549 1718 736 1789 vigore
763 1727 818 1774 et
841 1720 1106 1773 salutaria
1133 1730 1392 1792 expetere
1419 1720 1616 1786 debeo,
1649 1729 1698 1774 et
1733 1721 1952 1790 obliqua

2057 512 2605 585 interpretationibus
2654 527 2874 578 sensus,
2935 509 3030 573 sed
3083 509 3252 571 verba
3279 509 3516 584 denique
3551 508 3656 574 nisi

2055 608 2321 670 inculcata
2369 623 2478 663 non
2525 615 2840 677 suppetant.
2896 603 3248 664 Notissimum
3297 610 3564 674 praterea
3598 605 3654 662 in

2054 702 2295 774 qualibet
2348 701 2594 760 editione
2653 698 2933 756 fastidium
2967 705 3052 752 est
3102 705 3194 752 aut
3239 696 3504 758 refricare
3544 695 3655 766 jam

2053 794 2293 865 cognita,
2327 804 2420 852 aut
2466 793 2795 854 clarioribus
2847 791 3057 850 inserta
3103 789 3477 854 monumentis
3529 800 3660 858 sup-

2055 901 2247 960 presso
2265 895 2486 941 auctore
2507 884 2794 958 proferre;
2822 883 2967 942 unde
2986 883 3154 956 magis
3175 881 3390 958 utrique
3407 889 3655 937 nostrum

2056 978 2288 1038 fortasse
2319 977 2615 1036 conveniat
2662 975 3000 1048 exemplaria
3029 973 3182 1033 adire
3234 973 3562 1044 priscorum,
3596 986 3660 1032 ac

2052 1075 2122 1132 de
2170 1074 2463 1138 illustrium
2496 1070 2882 1132 voluminibus
2933 1068 3244 1140 ltujusmodi
3291 1068 3513 1128 haurire
3553 1066 3655 1122 do-

2054 1168 2288 1230 ctrinam
2318 1185 2330 1220 :
2362 1168 2489 1238 quia
2519 1176 2574 1222 et
2606 1165 2706 1224 tibi
2735 1165 2944 1236 absque
2966 1160 3556 1232 dubiocondncibilius
3578 1167 3664 1214 est

2056 1261 2294 1333 perfecta
2323 1260 2390 1315 ab
2422 1257 2816 1319 eruditioribus
2861 1257 3100 1325 discere,
3130 1265 3182 1311 et
3229 1254 3362 1312 mihi
3391 1253 3457 1310 de
3486 1253 3660 1308 maxi-

2055 1352 2160 1414 mis
2190 1353 2360 1412 tntius
2395 1351 2643 1414 reticere.

2688 1441 2919 1498 CAPUT
2961 1440 3026 1495 ll.

2430 1535 2492 1590 Si
2524 1533 2756 1604 Spiritus
2786 1542 2998 1596 sanctus
3025 1532 3162 1586 Deus
3188 1532 3276 1584 sit.

2126 1626 2498 1690 Aeou..—Et
2541 1642 2643 1706 ego
2691 1625 2858 1683 credo
2903 1626 3118 1702 aliquos
3165 1638 3333 1694 super
3382 1621 3492 1688 his,
3541 1634 3664 1675 ere-

2055 1730 2242 1776 scente
2269 1719 2376 1783 ﬁde
2407 1727 2615 1788 nostra,
2640 1717 2804 1773 latius
2834 1717 3170 1784 disnutasse,
3202 1728 3267 1770 ac
3295 1713 3463 1774 tantis
3494 1728 3664 1772 anno-

353 1810 660 1868 destruere.
707 1810 812 1867 Sed
857 1813 1114 1882 quoniam
1163 1812 1219 1867 in
1250 1812 1602 1872 retribuenda
1657 1814 1952 1884 gratiarum
1984 1801 2177 1866 Brom
2236 1820 2649 1880 temporumque
2696 1807 2985 1862 curriculis
3035 1804 3362 1878 spiritalium
3424 1803 3660 1858 virorum

350 1904 493 1970 vice,
530 1920 630 1959 nec
681 1905 733 1959 in
767 1905 872 1959 hoc
899 1904 1118 1976 quidem
1182 1906 1522 1962 sufﬁcientes
1569 1921 1760 1960 sumus
1807 1906 1952 1976 quod

353 1996 714 2068 intelligendo
778 1999 1085 2067 sentimus;
1149 1998 1265 2053 hmo
1329 1999 1504 2054 solum
1577 1999 1956 2054 retributionis

352 2105 521 2160 penes
552 2093 791 2161 impares
821 2093 903 2146 via
932 2102 1035 2153 est.
1071 2094 1115 2148 si
1151 2094 1378 2164 largitor
1406 2094 1571 2148 totius
1600 2094 1955 2164 indulgentia:

354 2180 519 2246 Deus,
577 2183 898 2254 dignatione
939 2200 1040 2257 qua
1092 2187 1294 2240 nostris
1325 2185 1748 2254 cogitationibus
1789 2187 1957 2244 inter-

352 2284 456 2342 est,
489 2276 821 2332 debentibus
858 2278 1108 2347 inspiciat
1140 2287 1346 2345 \‘otltm,
1389 2286 1444 2334 et
1466 2293 1562 2348 pro
1593 2278 1786 2342 ell'eclu
1821 2279 1959 2344 reci-

355 2371 468 2440 piat
499 2370 856 2426 voluntatem.
888 2370 1210 2439 Quamlibet
1254 2387 1388 2441 ergo
1421 2371 1709 2426 ineﬂ'nbilis
1754 2372 1957 2428 laetitiae

355 2475 582 2530 compos
617 2477 810 2532 magna
843 2461 942 2515 sim
991 2474 1345 2530 consecutus,
1399 2464 1577 2533 major
1617 2465 1746 2517 mibi
1781 2475 1958 2530 tamen

357 2552 682 2622 ignorantia:
736 2564 912 2609 metus
955 2564 1039 2610 est
1091 2571 1156 2608 ex
1204 2572 1312 2624 quo
1366 2556 1566 2626 aliquid
1618 2572 1740 2618 βεδε
1790 2557 1964 2626 coepit

356 2643 641 2712 scientiae;
670 2645 1004 2719 grandisque
1027 2648 1270 2700 animum
1304 2663 1434 2701 cura
1461 2647 1744 2712 sollicitat,
1781 2647 1826 2701 si
1852 2647 1962 2720 spi-

358 2735 636 2799 ritualium
688 2739 943 2794 conscius
989 2747 1326 2794 secretorum
1388 2739 1744 2810 plenitudinis
1790 2755 1961 2795 sacrae

358 2841 622 2897 quantum
653 2829 842 2884 audire
873 2831 1082 2902 farique
1138 2833 1321 2898 liceat,
1355 2843 1447 2888 aut
1477 2833 1698 2904 ignarus
1726 2842 1817 2894 aut
1849 2843 1960 2888 tre-

360 2919 518 2990 pidus
545 2920 951 2992 depreltettdar.
982 2923 1113 2978 Nam
1141 2925 1311 2996 prima
1336 2925 1462 2979 ﬁdei
1493 2927 1542 2978 in
1571 2941 1657 2980 itte
1691 2935 1960 2992 pratcepta

359 3014 712 3084 concludens,
761 3014 939 3072 Patris
990 3026 1197 3070 tantum
1230 3033 1295 3072 ex
1328 3032 1436 3088 quo
1484 3028 1613 3078 sunt
1667 3017 1872 3084 onntia,
1908 3027 1958 3071 et

362 3103 485 3159 Filii
523 3120 618 3174 per
647 3121 804 3176 quem
835 3105 976 3161 facta
1009 3118 1135 3161 sunt
1177 3109 1382 3175 omnia,
1415 3109 1793 3163 credulitatem
1824 3109 1959 3163 sitn-

2061 1904 2302 1976 ingenia,
2338 1919 2442 1958 non
2475 1901 2694 1957 silentio
2723 1914 2997 1972 possessa,
3035 1899 3133 1953 sed
3165 1897 3398 1951 meritis.
3429 1895 3664 1950 Verum-

2060 2007 2242 2054 tamen
2285 1997 2512 2053 rudibus
2562 1995 2760 2050 animis
2791 1993 2985 2050 diﬂ'usa
3036 1992 3242 2046 tardius
3292 1992 3665 2054 innotescunt,

2059 2101 2113 2146 et
2143 2106 2362 2146 sensum
2416 2092 2568 2160 prius
2619 2098 2851 2143 onerant
2901 2085 3136 2156 prolixa,
3193 2099 3356 2151 quam
3409 2083 3662 2137 doceant.

2060 2182 2240 2254 Atque
2293 2183 2416 2242 ideo
2459 2183 2820 2237 excusatione
2884 2187 3138 2234 cessante
3191 2175 3407 2240 invidiae
3459 2184 3660 2229 mctuin

2063 2279 2273 2333 utilium
2304 2277 2485 2331 fervor
2521 2287 2541 2314 ε
2572 2275 2856 2338 excludat,
2895 2281 2952 2328 et
2995 2273 3233 2346 indeptae
3272 2267 3472 2346 quietis
3501 2283 3660 2344 quant

2061 2371 2411 2444 amplecteris
2441 2370 2670 2440 gratiam
2703 2365 3164 2434 inexsuperabilis
3208 2364 3332 2418 ﬁdei
3361 2378 3514 2418 amor
3547 2363 3665 2416 vin-

2061 2477 2180 2533 cat;
2213 2463 2598 2520 verecnndiam
2629 2462 2908 2530 proverbii
2942 2463 3144 2516 veteris
3168 2458 3443 2514 sententia
3475 2456 3662 2518 suble-

2064 2569 2246 2614 vante.
2279 2558 2418 2624 Quid
2450 2559 2596 2616 enim
2643 2556 2747 2615 dici
2781 2571 2808 2609 a
2833 2569 3106 2628 quoquam
3157 2563 3335 2622 potest
3363 2551 3506 2628 quod
3539 2561 3665 2607 ante

2064 2667 2170 2710 non
2208 2652 2409 2706 dictum
2442 2651 2559 2704 sit?
2605 2648 2714 2704 Aut
2760 2662 2880 2720 quae
2909 2654 3017 2700 tam
3070 2645 3322 2700 abstrusa
3371 2646 3422 2700 in
3462 2643 3665 2698 nostris

2063 2745 2231 2802 rebus
2261 2742 2492 2807 scientia
2517 2750 2622 2808 est,
2649 2755 2810 2810 quam
2843 2753 2972 2793 usus
3006 2752 3114 2792 non
3143 2736 3500 2792 illustraverit
3531 2750 3671 2810 prae-

2063 2837 2398 2894 cedentnm?
2454 2832 2611 2890 Unde
2659 2832 2765 2886 hoc
2813 2832 3048 2900 primum
3107 2828 3174 2883 de
3214 2837 3405 2886 sancto
3459 2827 3664 2898 Spiritu

2062 2942 2246 2988 certus
2280 2931 2501 3003 revela:
2537 2927 2683 2983 Deus
2733 2941 2821 2996 ne,
2870 2940 2940 2979 an
2990 2938 3079 2988 res
3106 2922 3288 2998 aliqua
3322 2922 3416 2977 Dei
3467 2921 3582 2976 sit?
3612 2928 3664 2976 ct

2065 3038 2262 3080 munus
2289 3021 2615 3086 divinitatis,
2648 3034 2714 3073 an
2749 3017 3032 3088 plenitudo
3059 3015 3414 3071 credendus?
3439 3012 3666 3070 Probari

2064 3124 2243 3170 autem
2293 3111 2626 3168 testimoniis
2677 3108 2957 3182 Oportebit
3016 3105 3282 3181 quidquid
3343 3104 3669 3186 simpliciter

363 3199 560 3268 plicem
590 3200 928 3270 poposcisti;
966 3211 1087 3272 post
1115 3213 1296 3257 autent
1326 3203 1564 3257 ineuntis
1609 3203 1961 3258 traditionem
1991 3189 2039 3254 C
2070 3207 2345 3264 creditum
2379 3204 2502 3260 ﬁdei
2534 3199 2561 3240 ά
2591 3210 2929 3257 sacramenta
2955 3198 3264 3256 dictaveris.

364 3294 610 3363 mysterii
642 3295 804 3348 etiam
834 3296 1005 3350 sancti
1036 3295 1278 3364 Spiritus
1305 3295 1440 3352 mihi
1473 3312 1498 3347 a
1534 3308 1583 3350 te
1615 3305 1808 3354 exacta
1840 3310 1967 3352 con-

363 3385 531 3444 l'essio
551 3395 656 3453 est,
690 3397 743 3442 et
770 3396 878 3441 tota
911 3389 962 3441 itt
995 3387 1322 3444 Trinitatem
1352 3393 1518 3445 missa
1549 3389 1868 3445 credulitas.

1007 3481 1240 3538 CAPUT
1277 3481 1318 3536 Ι.

565 3573 626 3628 Si
661 3576 726 3628 sit
759 3577 910 3630 tertia
940 3577 990 3628 in
1020 3577 1284 3648 religionis
1321 3577 1514 3629 honore
1546 3593 1785 3643 persona.

442 3669 640 3722 APOLL.
673 3697 742 3707 —
772 3667 798 3705 ι)
828 3668 1220 3723 Promissioois
1248 3648 1671 3737 igitur.metnor,
1705 3667 1878 3740 pande
1901 3683 1967 3722 an

369 3759 439 3812 sit
470 3760 626 3812 tertia
659 3759 709 3812 in
745 3760 1024 3827 religionis
1059 3764 1262 3815 honore
1297 3775 1551 3834 persona,
1586 3762 1666 3814 vel
1695 3761 1737 3812 si
1766 3775 1830 3815 ex
1867 3775 1967 3816 usu

370 3852 686 3921 multiplicis
718 3855 1038 3907 reverentia:
1060 3864 1111 3907 et
1137 3869 1242 3907 non
1268 3869 1332 3908 ex
1352 3852 1575 3922 Speciali
1600 3852 1970 3922 appellatione

369 3959 564 4000 nomen
597 3954 933 4015 assumptum
959 3963 970 3998 :
1006 3948 1151 4016 quod
1178 3947 1224 4001 si
1259 3949 1376 4000 haec
1404 3947 1693 4014 sapientiae
1724 3945 1970 3999 cwlestis

370 4041 582 4094 occulta
619 4041 977 4104 reseraveris,
1026 4039 1286 4110 quidquid
1321 4042 1372 4098 itt
1413 4038 1770 4110 susceptione
1803 4038 1971 4092 adve-

374 4131 573 4190 nientis
609 4131 734 4186 ﬁdei
768 4133 904 4187 bene
935 4134 1101 4187 cessit
1145 4147 1584 4187 consummatum
1616 4132 1805 4186 notitia
1845 4146 1968 4202 per-

375 4228 602 4281 fccﬁore
647 4226 1031 4282 roborabitur:
1085 4241 1432 4296 consequens
1457 4228 1565 4281 erit
1603 4237 1660 4280 ut
1690 4225 1972 4282 doctrinas

375 4335 590 4391 quoque
627 4319 1009 4376 haereticorum
1041 4327 1097 4375 et
1127 4321 1413 4374 universas
1453 4319 1810 4373 schismatutn
1845 4335 1971 4390 pra-

379 4413 592 4479 vitates,
624 4429 730 4484 quo
757 4413 916 4467 vitari
947 4414 1098 4467 ocius
1124 4413 1353 4482 possint,
1381 4411 1666 4466 consultus
1688 4412 1970 4484 expedias,

378 4507 420 4560 si
453 4507 603 4575 prius
631 4505 867 4578 qualiter
915 4507 1064 4562 credi
1107 4506 1344 4561 debeant
1386 4505 1498 4578 jam
1531 4520 1790 4560 concessa
1821 4521 1975 4559 mon-

378 4585 661 4652 straveris.

448 4690 794 4747 ZACCHEEUS.
825 4721 894 4730 —
922 4689 1148 4762 Semper
1177 4692 1396 4762 quidem
1437 4690 1735 4760 stipendiis
1767 4690 1977 4744 militia:

379 4787 645 4857 Spiritalis
677 4786 952 4841 accinctos
996 4788 1142 4841 velut
1170 4787 1273 4840 sub
1320 4785 1723 4840 imminentium
1783 4800 1977 4851 exspe-

382 4886 622 4940 elatione
654 4885 916 4938 bellorum
945 4884 1324 4938 instructionis
1357 4900 1454 4936 usu
1489 4893 1702 4951 oportet
1737 4882 1973 4950 institui,

384 4990 438 5032 et
466 4978 638 5032 otium
661 4977 959 5042 detestari;
996 4978 1089 5031 sed
1120 4992 1146 5030 a
1180 4978 1365 5031 multis
1390 4992 1509 5044 qua:
1532 4978 1741 5044 expetis
1773 4991 1822 5032 et
1856 4993 1978 5045 pto-

387 5070 497 5124 lixe
527 5077 581 5124 et
625 5069 937 5126 sublimiter
987 5069 1232 5134 condita,
1267 5069 1412 5122 velut
1451 5084 1607 5123 novze
1658 5069 1981 5124 eruditionis

388 5178 526 5233 onus
558 5173 830 5230 recusant,
862 5179 925 5220 ac
956 5173 1061 5218 tam
1108 5165 1265 5236 plane
1296 5164 1364 5218 de
1396 5163 1540 5218 omni
1572 5162 1773 5217 dudutn
1809 5164 1985 5218 ambi-

464 5355 490 5383 ει
520 5343 621 5399 Vix
671 5343 966 5414 quidquam
1012 5343 1064 5396 in
1111 5341 1596 5414 totoihocropere
1643 5338 1987 5414 praeclarius,

391 5432 554 5488 quam
584 5409 752 5470 hocce
782 5409 1190 5488 Aipollonii‘jam
1213 5413 1302 5488 citi
1321 5412 1504 5488 istiani
1537 5413 1604 5464 de
1627 5409 1758 5464 reali
1784 5410 1992 5465 Christi

393 5484 519 5544 dum
551 5489 787 5543 sumitur
821 5485 1110 5553 praesentia
1143 5484 1541 5540 testimooinm.

467 5559 491 5597 δ
523 5559 614 5615 Sic
665 5553 1064 5622 cndu-Vinii,
1119 5570 1242 5607 lllt'O
1285 5555 1527 5620 jtttlicio.
1584 5553 1775 5608 melius
1831 5567 1994 5624 quam

397 5631 548 5698 prior
602 5629 792 5690 editio,
845 5625 1202 5699 professionis.
1257 5624 1399 5679 Infra
1455 5626 1595 5678 idem
1630 5635 1683 5677 et
1743 5624 1995 5690 Lemov.,

398 5717 500 5770 quo
530 5701 682 5770 citari
711 5701 894 5754 tutius.

479 5782 498 5807 ο
531 5768 613 5824 lla
639 5771 910 5824 edidimus
935 5785 998 5826 ex
1034 5769 1223 5824 (odice
1251 5767 1406 5830 Lem.
1435 5783 1450 5830 ;
1482 5768 1532 5820 in
1564 5766 1743 5832 editis,
1773 5776 1828 5819 ut
1851 5764 2001 5821 illum

404 5842 604 5912 fervor,
629 5843 790 5916 male.
817 5840 986 5895 Paulo
1013 5841 1264 5912 superius
1283 5882 1296 5903 ,
1328 5837 1414 5891 ubi
1443 5837 1640 5907 legitur
1668 5854 1769 5890 non
1797 5838 2002 5892 silentio

2142 3300 2340 3358 Zsccu.
2370 3325 2443 3338 —-
2461 3295 2626 3351 Oneri
2651 3294 2779 3351 licet
2802 3294 3169 3368 espostulatio
3193 3299 3279 3346 tua
3305 3291 3397 3359 sit,
3417 3299 3473 3345 et
3494 3287 3660 3362 quod-

2071 3395 2194 3450 dam
2224 3392 2497 3462 negotium
2525 3399 2691 3444 tantae
2723 3385 3168 3458 interrogationis
3198 3393 3380 3439 nectat
3409 3381 3669 3450 intentio,

2072 3489 2194 3558 quia
2221 3485 2376 3548 ardui
2405 3483 2589 3554 operis
2614 3497 2701 3536 res
2731 3481 3025 3550 loquenda,
3056 3488 3112 3533 et
3140 3477 3243 3532 ﬁde
3278 3478 3447 3550 magis
3467 3484 3555 3530 est
3581 3474 3667 3528 in-

2073 3580 2268 3634 tuenda
2319 3592 2476 3648 quant
2513 3575 2734 3641 verbis:
2786 3584 2964 3642 tamen
3014 3573 3271 3644 quoniam
3323 3571 3542 3644 exigere
3598 3570 3668 3626 ab

2077 3675 2375 3730 humilibus
2408 3686 2600 3741 magna
2632 3684 2738 3734 non
2771 3669 3001 3736 desinis,
3027 3679 3080 3722 et
3112 3666 3375 3726 recitandi
3408 3673 3671 3742 opportu-

2075 3769 2298 3820 nitatem
2330 3764 2638 3820 dominicus
2663 3760 2848 3815 fervor
2868 3759 3189 3826 exsuscitat,
3218 3758 3360 3834 quod
3385 3756 3511 3813 ﬁdei
3540 3756 3673 3822 sub-

2074 3860 2328 3916 stantiam
2377 3873 2482 3912 llOll
2514 3856 2833 3925 depressam
2883 3852 3050 3907 humo
3081 3866 3291 3922 regere,
3324 3851 3374 3904 id
3404 3858 3511 3926 est,
3561 3864 3668 3915 non

2074 3954 2337 4010 inclusam
2390 3951 2570 4005 cordis
2603 3951 2843 4003 retinere
2900 3947 3151 4016 secretis,
3195 3944 3290 3998 sed
3339 3943 3542 3998 notitize
3573 3958 3670 3997 cu-

2075 4048 2334 4117 pientium
2371 4050 2616 4114 prompta
2649 4039 3107 4096 annumeratione
3149 4047 3420 4105 mutuare,
3450 4050 3514 4090 ac
3553 4035 3671 4092 vice

2076 4139 2278 4194 fenoris
2313 4135 2680 4208 multiplicare
2720 4134 3102 4204 praecipimur:
3155 4131 3219 4185 ad
3275 4129 3672 4199 expositionem

2078 4229 2368 4288 ineifabilis
2390 4228 2693 4302 majestatis
2721 4225 2942 4294 trepidi,
2973 4225 3038 4277 ad
3062 4222 3465 4278 confessionem
3496 4221 3676 4286 st'curi

2076 4323 2366 4386 commissa
2392 4322 2600 4376 auctori
2624 4334 2722 4384 suo
2751 4334 2845 4380 ora
2874 4319 3170 4372 solvamus.
3219 4317 3360 4371 Deus
3399 4329 3541 4370 unus
3567 4323 3674 4386 est,

2075 4427 2130 4474 et
2166 4414 2465 4486 quamlibet
2523 4412 2778 4484 personis
2828 4425 2891 4466 ac
2935 4409 3249 4465 nominibus
3290 4407 3547 4462 distincta
3605 4407 3678 4464 sit

2077 4509 2336 4576 Trinitas,
2394 4523 2424 4560 a
2453 4521 2512 4560 se
2558 4516 2740 4560 tamen
2794 4511 2955 4576 atque
3008 4518 3036 4554 a
3080 4516 3176 4556 sua
3209 4499 3520 4556 :eternitate
3565 4513 3676 4554 non

2002 4573 2050 4632 Β
2078 4604 2262 4670 distat,
2297 4573 2391 4658 sed
2426 4613 2651 4654 manens
2677 4605 2804 4652 ante
2831 4573 3030 4650 sazcula
3063 4593 3321 4650 divinitas
3347 4594 3400 4658 in
3423 4592 3587 4658 Patre
3614 4605 3679 4656 ac

2083 4695 2218 4749 Filio
2243 4703 2296 4748 et
2321 4701 2509 4745 sancto
2548 4689 2775 4766 Spiritu,
2806 4703 2934 4741 vere
2964 4701 3026 4739 ac
3054 4686 3271 4756 proprie
3299 4682 3541 4738 creditur
3574 4696 3680 4735 una

2078 4796 2242 4855 atque
2289 4783 2506 4845 eadem,
2541 4795 2640 4835 nec
2689 4778 2857 4833 dividi
2900 4778 3104 4831 nostris
3135 4772 3680 4846 interpretationibus

2084 4886 2280 4948 p0test,
2308 4889 2408 4928 nec
2433 4887 2648 4927 rursum
2669 4886 2822 4925 versa
2849 4871 2902 4923 in
2932 4869 3089 4923 unius
3115 4882 3402 4948 personam
3417 4864 3684 4924 Trinitate

2081 4969 2362 5028 contundi.
2394 4966 2487 5022 Sic
2515 4981 2645 5036 ergo
2679 4963 2913 5034 Spiritus
2943 4969 3185 5028 sanctus,
3220 4967 3280 5013 ut
3308 4957 3471 5014 Pater
3500 4974 3563 5012 ac
3592 4955 3682 5016 Fi-

2084 5068 2210 5134 lius,
2244 5065 2384 5120 Deus
2414 5071 2517 5117 est.
2561 5060 2747 5130 Neque
2779 5058 2831 5113 itt
2862 5057 3130 5112 Trinitate
3162 5070 3321 5123 unus,
3367 5053 3464 5110 sed
3497 5051 3684 5107 Trini-

2089 5173 2170 5219 tas
2199 5175 2367 5216 unutn
2397 5165 2500 5212 est.
2532 5155 2660 5211 Haec
2689 5153 2826 5209 ﬁdes
2857 5152 3040 5226 plena,
3087 5152 3201 5205 haec
3229 5157 3415 5205 nostra
3452 5144 3690 5214 creduli-

2099 5350 2363 5410 possesso,
2417 5333 2505 5410 sed
2536 5330 2766 5410 meritis;
2823 5329 3034 5410 nemini
3061 5325 3285 5410 quidem
3316 5321 3541 5404 dubium
3586 5321 3694 5377 erit

2102 5397 2482 5479 ὴιιὶιιςιιὶιιιιοιι
2511 5403 2626 5479 vitii
2659 5401 2806 5466 insit,
2838 5400 2931 5479 sed
2964 5397 3096 5453 nihil
3122 5399 3172 5450 in
3199 5407 3333 5448 mss.
3363 5397 3692 5463 reperimus,

2099 5473 2209 5550 quo
2232 5477 2357 5550 haec
2381 5474 2576 5550 menda
2613 5473 2853 5550 reparari
2884 5481 3091 5540 posset.

2172 5547 2204 5586 δ’
2230 5547 2495 5614 Praeclara
2550 5532 2901 5611 emendatio,-
2937 5556 3096 5616 quam
3147 5537 3317 5596 codex
3568 5551 3695 5616 spp-

2101 5611 2606 5690 pedilavitfantea
2655 5607 3314 5690 corrupteeditum'erat,
3362 5607 3691 5690 dictaocrint.

2105 5678 2257 5757 ilaod
2288 5691 2358 5744 ita
2405 5689 2574 5748 multo
2607 5695 2730 5758 post
2772 5678 3013 5758 ejitSilettt
3044 5680 3257 5758 codicis
3284 5689 3367 5733 est
3392 5678 3702 5758 quodAsc‘ri-

2107 5748 2324 5836 ipsimvus
2355 5748 3096 5836 recita-udi.opportunitatem,
3125 5752 3177 5810 in
3205 5750 3328 5836 ejus
3350 5748 3495 5836 quod
3527 5748 3699 5810 Atzlte-

2103 5821 2221 5890 i'ius
2243 5833 2491 5887 ediderat
2515 5821 2718 5891 locum,
2752 5823 3000 5878 reticendi
3029 5821 3492 5892 opportunitatem.
