4074 6204
422 296 558 353 HM

1704 283 2025 346 ZACCHiEl
2061 281 2447 342 CHRISTIANI

3592 272 3747 329 “12

424 417 532 465 tas.
561 400 773 463 Idcirco
818 404 958 462 Deos
1001 421 1098 461 nec
1130 407 1389 461 aestimari
1421 406 1658 475 patimur
1688 418 1791 460 nec
1817 403 2021 468 vocari,
2051 400 2107 463 Α
2131 399 2324 455 edocet
2350 401 2560 455 factos:
2611 413 2679 455 ne
2711 398 2871 453 ﬁatus
2922 398 2975 453 in
3022 396 3254 468 Spiritu,
3312 393 3528 449 virtutis
3559 393 3616 445 in
3670 405 3745 445 eo

433 500 530 557 sed
555 499 730 557 Deum
760 500 815 556 in
850 498 1124 570 praedictis
1153 500 1398 569 personis
1430 514 1494 555 ac
1520 497 1835 554 nominibus
1861 496 2033 552 conﬁ-

433 605 633 652 temur.
664 593 1051 650 Inenarrabilis
1072 593 1219 649 enim
1250 592 1529 661 divinitas,
1558 607 1664 647 non
1698 599 1757 645 ut
1782 590 2030 647 concludi

437 696 532 742 aut
578 684 940 756 apprehendi,
975 685 1059 739 vel
1090 684 1375 739 vocabulis
1410 684 1583 753 possit
1624 682 1767 738 intra
1814 682 2033 737 nomina

433 793 809 851 personasque
836 792 897 832 se
927 777 1181 847 praestitit
1207 796 1220 830 :
1254 776 1352 832 sed
1384 786 1441 830 ut
1480 777 1624 846 quod
1658 786 1792 849 erat,
1827 791 1951 831 esse
1981 788 2034 832 et

432 882 779 939 nosceretur,
811 870 1225 941 intelligentiam
1253 870 1336 924 sui
1358 885 1425 924 ex
1450 876 1622 937 parte,
1653 884 1813 939 quam
1839 883 2034 938 capere

435 965 661 1020 humani
710 963 981 1019 sermonis
1027 964 1292 1032 angustiae
1325 963 1710 1033 praevalebant,
1764 962 2036 1019 credenti-

433 1058 539 1113 bus
562 1056 733 1111 dedit.
771 1056 969 1111 Verum
1016 1055 1132 1110 haec
1180 1056 1273 1110 tibi
1309 1072 1415 1110 non
1466 1056 1745 1111 subtracta
1796 1055 2036 1112 aestimes

433 1153 609 1222 prius,
642 1151 738 1205 sed
764 1164 869 1204 non
894 1150 1098 1204 credita
1132 1152 1319 1219 prius;
1354 1152 1477 1221 quia
1500 1152 1567 1205 ab
1593 1152 1860 1207 idolorum
1895 1152 2036 1208 ntul-

432 1244 665 1299 titudine
692 1244 939 1310 veniens,
960 1244 1123 1298 etiam
1149 1244 1236 1298 hic
1267 1243 1364 1298 tibi
1392 1244 1674 1313 przedicari
1701 1246 1833 1300 deos
1855 1254 2037 1315 putas-

436 1351 548 1404 ses,
582 1337 683 1391 nisi
715 1336 767 1392 id
799 1336 941 1406 quod
977 1335 1254 1407 plenitudo
1283 1336 1409 1393 ﬁdei
1450 1338 1696 1393 continet
1728 1338 2037 1395 traditionis

438 1430 662 1487 exordia
686 1431 993 1487 siluissent.

1062 1524 1291 1582 CAPUT
1330 1523 1417 1580 ΙΙΙ.

530 1617 593 1672 Si
622 1617 911 1689 Scripturis
940 1620 1132 1673 sanctis
1157 1619 1317 1690 possit
1342 1619 1539 1688 firmari
1566 1619 1674 1675 haec
1699 1620 1939 1675 elocutio.

510 1711 713 1765 APOLL.
744 1740 814 1750 —
842 1710 1115 1778 Quantum
1162 1712 1389 1781 intelligi
1422 1712 1602 1778 datur,
1641 1712 1795 1768 adest
1820 1722 2036 1784 sperata

2134 492 2529 563 plenitudinem
2559 492 2977 549 demonstravit.
3008 489 3142 546 Nam
3174 488 3268 545 ubi
3305 488 3492 554 virtus,
3528 484 3606 541 ibi
3641 499 3747 539 ne-

2135 603 2288 644 cesse
2318 599 2402 645 est
2447 598 2503 643 et
2552 603 2784 659 persona
2834 587 3182 653 subsistens,
3235 584 3325 639 ubi
3370 583 3560 647 omnis,
3628 594 3749 635 non

2135 682 2312 738 ablata
2345 698 2373 736 a
2396 681 2605 736 duabus
2632 680 2729 736 sed
2761 687 3138 736 consummata
3173 678 3417 747 signatur
3446 676 3500 729 in
3526 673 3702 728 tertia
3727 688 3745 737 ;

2137 790 2243 829 non
2276 783 2337 829 ut
2381 776 2494 828 sola
2530 774 2723 829 habeat
2752 772 2895 843 quod
2941 772 2992 826 in
3027 782 3141 825 toto
3184 780 3285 836 est,
3320 767 3413 823 sed
3446 782 3517 822 ne
3549 767 3748 821 minus

2137 869 2339 925 habeat
2365 884 2486 940 qua:
2512 868 2564 923 in
2598 867 2714 922 sola
2747 867 3117 935 appellatione
3150 874 3426 935 postrema
3446 870 3553 917 est.

2209 964 2408 1019 lterqu
2443 964 2584 1019 idem
2617 961 2878 1033 prOpheta
2912 960 3259 1023 Trinitatem,
3288 958 3414 1013 dum
3445 965 3744 1027 precatur,

2137 1056 2357 1126 exponit
2385 1074 2397 1109 :
2428 1054 2529 1111 Cor
2559 1057 2808 1109 mundum
2838 1071 2955 1108 crea
2984 1056 3036 1108 in
3068 1070 3169 1120 me,
3195 1051 3355 1116 Deus,
3389 1061 3434 1105 et
3464 1051 3751 1119 Spiritum

2136 1160 2333 1206 rectum
2362 1152 2552 1205 innova
2595 1152 2648 1205 in
2693 1148 2969 1204 visceribus
3009 1149 3160 1202 meis.
3200 1145 3281 1201 Ne
3320 1146 3568 1216 projicias
3592 1159 3681 1196 me
3716 1160 3756 1197 ει

2139 1245 2272 1314 facie
2300 1254 2409 1309 tua,
2443 1253 2489 1296 et
2522 1244 2775 1314 Spiritum
2805 1251 3042 1296 sanctum
3074 1252 3218 1295 tuum
3246 1255 3309 1293 ne
3331 1239 3543 1307 auferas
3572 1254 3603 1289 ιι
3634 1253 3757 1291 me.

2140 1336 2317 1392 Redde
2344 1338 2470 1393 mihi
2499 1340 2731 1392 lwtitiam
2756 1338 2999 1392 salutaris
3023 1337 3120 1401 tui,
3144 1345 3193 1391 et
3219 1335 3427 1405 Spiritu
3448 1332 3756 1404 principali

2139 1435 2387 1504 conﬁrma
2414 1450 2494 1487 me
2519 1431 2639 1503 (Ps.
2661 1450 2715 1501 L,
2746 1432 2960 1503 12-14).
2987 1431 3309 1501 Principalis
3356 1426 3597 1497 Spiritus
3635 1432 3755 1485 Pa-

2138 1530 2241 1583 tris
2267 1538 2386 1594 est,
2420 1538 2602 1583 rectus
2645 1538 2731 1583 est
2762 1526 2910 1594 Filii,
2942 1526 3176 1583 Sanctus
3218 1541 3350 1582 vero
3392 1527 3762 1597 cognominis

2139 1624 2224 1678 sui
2276 1621 2584 1693 adjectione
2640 1619 3016 1691 distinguitur.
3063 1620 3174 1675 Nec
3221 1619 3291 1674 de
3342 1618 3763 1675 vocabulorum

2140 1716 2449 1786 adjectione
2482 1713 2774 1779 movearis,
2805 1714 2948 1783 quod
2973 1711 3293 1783 principalis
3322 1718 3376 1766 et
3401 1721 3589 1767 rectus
3615 1711 3764 1781 Spi-

436 1806 492 1861 in
522 1807 1066 1878 interpretationibus
1112 1807 1268 1875 ﬁdes,
1303 1822 1366 1863 ac
1399 1810 1614 1865 veritati
1655 1809 1793 1865 ratio
1823 1812 2041 1881 exposi-
2070 1800 2115 1861 Β
2144 1812 2281 1864 ritus
2310 1816 2530 1863 sant-tus
2583 1807 2901 1877 prophetica
2933 1806 3307 1878 appellatione
3354 1807 3605 1876 signatus
3631 1815 3756 1860 est.

439 1902 602 1958 tionis
632 1902 899 1969 cohaeret;
934 1910 1308 1957 verumtamen
1332 1903 1504 1957 sacris
1524 1902 2039 1959 interlocutionibus

435 1996 627 2052 eadem
657 1995 803 2051 dicta
836 1996 1041 2051 ﬁrmari
1079 1996 1350 2052 stabilitas
1396 2012 1543 2066 purae
1572 1996 1913 2053 credulitatis
1946 2013 2040 2054 ex-

439 2092 637 2159 poscit,
670 2097 725 2145 et
745 2089 1017 2160 quoddam
1046 2091 1293 2145 veritatis
1318 2090 1535 2146 culmen
1568 2090 1915 2146 cessantibus
1949 2106 2039 2146 ar-

436 2182 710 2253 gumentis
732 2182 971 2237 lectione
999 2182 1291 2248 constitui;
1323 2185 1448 2252 quia
1481 2183 1653 2237 videri
1680 2185 2038 2251 incongruum

438 2283 644 2344 potest,
676 2273 755 2328 ita
785 2273 853 2328 de
885 2274 996 2327 Deo
1023 2274 1193 2343 loqui,
1219 2282 1277 2327 ut
1307 2288 1413 2327 non
1440 2274 1728 2343 magisilla
1753 2274 1954 2343 quibus
1981 2290 2040 2331 se

437 2367 582 2423 idem
624 2366 888 2422 insinuari
933 2366 1128 2432 voluit,
1180 2366 1547 2436 proferantur.
1590 2368 1706 2435 Qua
1747 2369 1817 2424 de
1865 2385 1924 2424 re
1970 2384 2040 2426 ex

436 2460 622 2515 multis
651 2474 777 2530 qua:
818 2458 1131 2515 enumerari
1157 2460 1225 2514 ad
1260 2474 1503 2530 praesens
1548 2476 1659 2516 non
1701 2475 1864 2532 posse
1892 2461 2043 2515 arbi-

434 2561 574 2619 tror,
622 2566 798 2623 neque
852 2560 911 2606 ut
958 2566 1103 2607 nunc
1148 2561 1542 2608 enumerentur
1587 2554 1892 2624 exposmlo,
1946 2555 2038 2623 qui

436 2644 657 2701 interim
686 2644 954 2700 doctrinae
981 2645 1252 2711 ordinem,
1296 2660 1404 2700 non
1432 2645 1679 2701 historiae
1730 2661 1929 2716 corpus
1957 2647 2040 2701 in-

435 2737 636 2808 quiro;
673 2738 963 2808 perspicua
993 2752 1206 2809 quoque
1232 2747 1288 2794 et
1321 2754 1490 2806 pauca
1521 2740 1767 2795 dicturus
1795 2741 2037 2795 auctori-

434 2840 603 2887 tatem
655 2831 823 2887 redde
875 2831 1213 2887 memoratis.
1284 2829 1420 2886 Nam
1449 2872 1464 2897 ,
1513 2833 1657 2887 sicut
1697 2832 1845 2897 dixi,
1892 2832 2040 2888 velut

439 2924 841 2993 tenuiterjacta
868 2923 1154 2989 nutabunt,
1206 2922 1313 2977 nisi
1356 2922 1605 2979 humanis
1633 2920 1874 2979 astructa
1917 2940 2036 2980 ser—

436 3014 719 3083 monibus,
751 3015 950 3071 divinis
984 3017 1208 3086 insuper
1238 3014 1534 3071 fulciantur
1564 3018 1853 3088 exemplis.

504 3109 705 3166 Zacca.
737 3139 810 3149 -—
853 3107 1242 3181 Competenter
1290 3110 1567 3179 exposcis,
1617 3119 1675 3163 ut
1721 3110 1805 3165 his
1856 3109 2036 3180 potius

2144 1900 2296 1956 Licet
2341 1901 2648 1970 proprietas
2697 1915 2802 1954 una
2853 1901 2925 1954 sit
2976 1900 3032 1954 iu
3066 1899 3333 1970 singulis,
3384 1910 3568 1954 tamen
3612 1899 3759 1968 quia

2144 1994 2287 2050 Deus
2316 1993 2552 2063 Spiritus
2577 2003 2684 2059 est,
2733 2008 2802 2049 ne
2845 2008 3205 2063 personarum
3235 1992 3485 2048 confusio
3532 1992 3759 2047 nostris

2144 2087 2514 2145 intellectibus
2536 2087 2712 2154 ﬁeret,
2735 2087 3046 2142 nominibus
3064 2096 3150 2142 est
3174 2086 3385 2156 adjecta
3411 2084 3713 2141 diversitas
3735 2103 3753 2140 :

2142 2181 2233 2252 qui
2261 2181 2405 2235 enim
2436 2188 2678 2245 sanctus,
2714 2180 3025 2235 necessario
3054 2188 3236 2234 rectus
3272 2188 3392 2244 est;
3422 2194 3522 2233 nec
3559 2186 3758 2249 potest

2142 2273 2340 2328 iterum
2396 2282 2579 2328 rectus
2623 2287 2768 2337 esse,
2821 2271 2926 2327 nisi
2977 2280 3197 2326 sanctus
3244 2272 3357 2327 sit:
3416 2271 3751 2341 principalis

2139 2377 2346 2435 autem,
2374 2368 2496 2439 quia
2529 2383 2594 2423 ex
2642 2381 2709 2423 eo
2741 2367 3049 2437 unigenitus
3079 2364 3274 2435 Filius,
3306 2376 3469 2435 atque
3499 2365 3570 2419 ab
3616 2365 3747 2435 ipso

2144 2462 2383 2533 Spiritus
2411 2473 2633 2518 sanctus
2666 2461 3005 2531 procedens;
3038 2462 3106 2517 de
3135 2477 3244 2531 quo
3269 2460 3456 2516 Esaias
3476 2460 3581 2516 sub
3605 2476 3746 2529 per-

2142 2569 2276 2609 sona
2309 2554 2405 2610 Dei
2439 2555 2507 2609 de
2538 2554 2755 2610 Christo
2796 2554 3070 2625 loquentis
3100 2553 3219 2609 haec
3261 2554 3482 2624 posuit:
3515 2552 3629 2622 Ego
3660 2554 3750 2606 lo-

2141 2656 2288 2701 cutus
2317 2664 2467 2713 sum;
2494 2656 2540 2699 et
2564 2664 2658 2718 ego
2690 2648 2867 2701 vocavi
2897 2655 2944 2701 et
2971 2647 3168 2700 adduxi
3199 2663 3333 2714 eum,
3362 2656 3410 2700 et
3435 2662 3744 2718 prosperum

2140 2738 2239 2792 iter
2274 2742 2387 2811 ejus
2413 2740 2552 2808 feci:
2604 2740 2832 2795 accedite
2859 2739 2927 2792 ad
2960 2756 3038 2793 me
3082 2748 3131 2792 et
3158 2740 3337 2793 audite
3366 2740 3492 2793 haec.
3528 2738 3650 2792 Non
3686 2741 3742 2792 in

2142 2834 2345 2885 occulto
2366 2830 2429 2885 ab
2460 2833 2609 2885 initio
2641 2831 2843 2886 locutus
2866 2849 3019 2899 sum;
3048 2849 3162 2886 cum
3190 2834 3393 2899 ﬁerent,
3420 2832 3528 2885 illic
3556 2848 3698 2885 erant
3718 2847 3741 2886 :

2140 2935 2188 2977 et
2241 2940 2377 2978 nunc
2425 2922 2685 2978 Dominus
2737 2925 2874 2979 misit
2915 2941 3016 2989 me,
3067 2934 3115 2978 et
3169 2924 3401 2996 Spiritus
3432 2928 3542 2998 ejus
3597 2920 3735 2991 (Isa.

2142 3033 2337 3083 vaut,
2370 3018 2458 3084 15,
2504 3018 2613 3089 l6).
2644 3018 2885 3088 Angelus
2940 3019 3164 3087 perinde
3190 3018 3256 3095 ad
3304 3017 3528 3072 Mariam
3560 3030 3736 3071 sacra:

2141 3111 2445 3165 nativitatis
2498 3111 2758 3181 mysteria
2789 3110 3072 3176 nuntians,
3124 3112 3272 3179 paria
3318 3110 3388 3166 de
3434 3109 3625 3164 eodem
3654 3110 3735 3165 sic

435 3201 575 3257 ﬁdes
600 3202 763 3258 detur
806 3216 927 3271 quas
958 3201 1012 3255 in
1065 3199 1439 3255 testimonium
1488 3201 1574 3254 sui
1601 3199 1866 3254 Divinitas
1917 3200 2035 3271 ipsa
2062 3189 2107 3254 C
2140 3202 2456 3273 depromit:
2501 3203 2731 3266 Spiritus
2780 3202 2878 3257 Dei
2921 3204 3240 3272 superveniet
3282 3203 3337 3255 in
3368 3211 3439 3269 te,
3480 3212 3527 3257 et
3572 3202 3731 3257 virtus

433 3294 715 3365 prolueuta
745 3304 866 3360 est;
921 3301 977 3348 et
1021 3305 1172 3350 recte
1202 3309 1272 3349 ex
1326 3294 1816 3350 innumerabilibus
1862 3310 2030 3365 pauca

428 3386 698 3457 proferri;
726 3386 981 3457 quoniam
1014 3401 1161 3441 verae
1189 3385 1439 3455 probatio
1466 3386 1785 3456 majestatis,
1816 3390 2031 3443 tametsi

430 3479 596 3537 habet
629 3480 1021 3550 pluralitatem,
1053 3479 1362 3548 pluralitate
1390 3495 1497 3535 non
1527 3480 1769 3550 indiget;
1803 3481 2033 3537 creden-

431 3571 581 3643 tique
609 3578 666 3626 et
697 3586 865 3640 pauca
899 3568 1196 3638 sufﬁciunt,
1229 3588 1349 3642 quae
1381 3572 1670 3641 increduli,
1699 3574 1864 3629 etiam
1896 3577 1941 3628 si
1975 3575 2027 3629 in

427 3662 615 3718 multis
644 3669 980 3730 scrutentur,
1014 3663 1286 3733 ignorant.
1320 3663 1474 3719 Unde
1520 3664 1757 3736 primum
1789 3667 1856 3721 de
1882 3678 2030 3721 vete-

426 3755 503 3813 ris
534 3756 873 3812 Testamenti
906 3757 1082 3823 libris,
1118 3768 1239 3827 post
1268 3760 1430 3813 etiam
1454 3760 1601 3825 novi,
1635 3770 1883 3815 sanctum
1907 3760 2027 3831 Spi-

424 3851 591 3907 ritum
618 3852 671 3906 in
702 3851 1010 3906 substantia
1043 3850 1204 3906 unius
1234 3850 1534 3907 divinitatis
1580 3866 1839 3921 agnosce,
1888 3852 2027 3906 libro

424 3946 657 4002 Genesis
688 3948 767 4002 sic
789 3945 1083 4002 inchoante
1109 3964 1120 3998 :
1150 3944 1217 4000 In
1250 3947 1507 4016 principio
1537 3946 1656 4017 fecit
1682 3946 1821 3999 Deus
1843 3947 2026 4000 caelum

423 4050 473 4094 et
502 4048 692 4094 terram
715 4057 735 4105 ;
766 4050 902 4093 terra
930 4049 1102 4094 autem
1124 4049 1233 4094 erat
1261 4040 1542 4095 invisibilis
1574 4050 1619 4094 et
1646 4041 2024 4108 incomposita;

424 4144 472 4187 et
502 4132 735 4203 Spiritus
766 4131 863 4187 Dei
891 4132 1148 4202 ferebatur
1172 4150 1329 4205 super
1370 4150 1533 4205 aquas
1566 4132 1723 4203 (Gen.
1758 4150 1795 4202 ι,
1831 4134 1884 4199 1,
1914 4150 2019 4187 sec.

420 4222 612 4296 LXX).
662 4224 755 4279 llle
787 4225 1114 4295 principium
1162 4237 1269 4292 est,
1316 4224 1659 4297 quiludacis,
1701 4227 1824 4297 quis
1851 4234 2018 4292 eSset,

420 4324 449 4353 ⁸
479 4318 945 4387 interrogantibus
989 4318 1160 4372 dixit:
1196 4316 1524 4389 Principium
1568 4319 1708 4389 quod
1738 4328 1785 4372 et
1836 4319 2023 4390 loquor

416 4410 561 4464 vobis
590 4410 771 4481 (Joan.
790 4425 910 4474 vui,
934 4409 1067 4480 25);
1103 4410 1247 4464 unde
1275 4410 1343 4464 ab
1365 4426 1431 4464 eo
1455 4419 1511 4465 et
1537 4411 1641 4465 alio
1662 4413 1784 4467 loco
1812 4412 2016 4466 dictum

412 4514 537 4561 est:
570 4503 641 4559 In
668 4506 839 4575 capite
879 4504 999 4558 libri
1047 4506 1301 4575 scriptum
1341 4516 1416 4558 est
1444 4505 1507 4559 de
1556 4522 1635 4559 me
1666 4506 1784 4578 (Ps.
1814 4523 2014 4576 χχχιχ,

2138 3298 2394 3351 Altissimi
2420 3296 2740 3351 obumbrabit
2764 3297 2853 3351 tibi
2876 3296 3030 3369 (Luc.
3048 3313 3087 3363 ι,
3102 3298 3217 3365 35).
3234 3297 3494 3351 Dominus
3514 3306 3719 3369 postea,

2134 3406 2257 3445 cum
2289 3390 2356 3445 de
2384 3392 2668 3447 vocatione
2709 3392 2951 3461 gentium
3000 3391 3339 3461 loqueretur,
3372 3393 3509 3446 intra
3560 3408 3723 3446 unum

2134 3484 2433 3540 divinitatis
2465 3500 2661 3540 nomen
2693 3493 2941 3540 sanctum
2966 3485 3233 3555 Spiritum
3259 3485 3587 3555 praedicans,
3611 3485 3684 3539 ait
3710 3504 3723 3537 :

2137 3578 2336 3635 Euntes
2364 3597 2524 3646 nunc,
2555 3581 2733 3635 docete
2762 3597 2939 3635 omnes
2964 3589 3161 3651 gentes,
3210 3580 3528 3654 baptizantes
3556 3597 3641 3636 eos
3670 3582 3724 3635 in

2137 3673 2341 3725 nomine
2366 3671 2542 3726 Patris
2565 3684 2615 3727 et
2637 3671 2771 3727 Filii
2785 3682 2834 3726 et
2857 3674 3088 3745 Spiritus
3107 3676 3269 3728 sancti
3295 3672 3511 3746 (Matth.
3536 3690 3723 3737 xxvut,

2136 3764 2247 3836 i9).
2276 3764 2477 3821 Paulus
2501 3765 2756 3821 similiter
2777 3767 3059 3835 aposmlus
3085 3784 3097 3820 :
3130 3766 3230 3833 Qui
3260 3778 3432 3821 autem
3456 3768 3722 3835 conﬁrmat

2130 3874 2225 3912 nos
2245 3858 2505 3913 vobiscum
2532 3856 2767 3913 Christus
2792 3858 3069 3924 Dominus,
3097 3870 3143 3914 et
3165 3862 3253 3930 qui
3276 3862 3425 3915 unxit
3452 3878 3546 3915 nos
3562 3860 3720 3928 Deus,

2135 3961 2183 4005 et
2209 3954 2296 4021 qui
2321 3953 2541 4023 signavit
2572 3970 2663 4008 nos
2693 3964 2740 4007 et
2768 3953 2909 4009 dedit
2936 3955 3121 4026 pignus
3148 3952 3379 4026 Spiritus
3401 3956 3456 4009 in
3484 3954 3723 4009 cordibus

2130 4048 2319 4100 nostris
2350 4048 2417 4117 (ll
2451 4047 2571 4102 Cor.
2616 4064 2653 4113 ι,
2683 4048 2777 4113 21,
2804 4047 2922 4119 22).
2956 4049 3022 4103 Ει
3055 4050 3271 4117 iterum,
3318 4050 3447 4102 dum
3479 4049 3718 4105 caelestia

2129 4139 2429 4194 Corinthiis
2457 4151 2799 4208 precaretur,
2834 4140 2951 4195 haec
2980 4141 3261 4196 subdidit:
3292 4140 3479 4195 Gratia
3512 4140 3720 4195 Domini

2125 4235 2288 4287 nostri
2315 4232 2441 4288 Jesu
2474 4232 2685 4297 Christi,
2730 4244 2780 4290 et
2829 4236 3055 4288 cltaritas
3096 4234 3191 4288 Dei
3230 4244 3277 4288 et
3325 4236 3715 4288 communicatio

2127 4329 2365 4396 Spiritus
2391 4330 2559 4383 sancti
2600 4345 2717 4382 cum
2749 4328 2984 4384 omnibus
3015 4329 3157 4382 vobis
3186 4331 3204 4400 (
3231 4328 3273 4384 ll
3300 4328 3422 4385 Cor.
3451 4344 3567 4394 xm,
3597 4328 3713 4397 15).

2123 4421 2279 4478 Unde
2308 4424 2608 4492 proposita:
2630 4423 2876 4478 veritatis
2902 4439 3131 4488 memor,
3160 4425 3553 4479 sententiarum
3577 4424 3717 4477 ntul-

2125 4514 2416 4569 titudinem
2449 4530 2569 4583 qua:
2618 4515 2921 4585 largissima
2952 4518 3211 4586 suppetit,
3267 4533 3375 4571 non
3427 4516 3713 4587 requiras;

413 4596 489 4664 8;
523 4595 688 4652 Hebr.
721 4612 778 4665 ι,
813 4596 891 4667 7.)
915 4594 1218 4652 Ferebatur
1244 4606 1427 4651 autem
1461 4595 1555 4653 Dei
1586 4598 1822 4666 Spiritus
1850 4613 2015 4667 super

2135 4609 2401 4679 quoniam,
2433 4610 2575 4663 sicut
2603 4609 2737 4678 dixi,
2775 4610 2827 4664 in
2872 4612 3060 4680 paucis
3092 4612 3201 4666 Deo
3227 4613 3456 4667 credere
3482 4624 3714 4665 ronsnec

413 4705 604 4761 aquas,
637 4701 697 4747 ιιι
720 4705 786 4747 ex
816 4691 902 4747 his
943 4690 1067 4746 viva
1093 4690 1275 4746 omnia
1310 4691 1671 4762 producturus
1713 4691 1832 4762 ipse
1860 4693 2039 4753 rudi-,

408 4781 524 4853 bus,
552 4785 689 4853 ignis
712 4784 917 4853 preprii
949 4787 1177 4839 I'rmeota
1207 4794 1528 4853 praestaret,
1561 4785 1652 4854 qui
1688 4801 1831 4840 nunc
1863 4787 2013 4855 puri-

408 4872 587 4928 ﬁcatis
607 4874 753 4929 dona
779 4874 1232 4932 sanctiﬁcationis
1262 4875 1523 4931 infundit.
1556 4877 1726 4932 David
1760 4878 2008 4947 perinde,

406 4965 522 5021 Deo
552 4969 856 5038 aspirante,
904 4979 1171 5026 testatur:
1220 4970 1385 5026 Verbo
1408 4969 1621 5026 Domini
1666 4973 1777 5026 caeli
1810 4974 2009 5041 firmati

406 5068 535 5115 sunt
581 5070 632 5113 et
682 5061 887 5132 Spiritu
939 5063 1042 5116 oris
1070 5067 1183 5134 ejus
1234 5066 1399 5118 omnis
1443 5066 1609 5119 virtus
1662 5083 1839 5119 eorum
1881 5065 2004 5139 (Ps.

406 5167 580 5217 nm,
610 5150 688 5226 6).
718 5151 861 5208 Vide
900 5168 1062 5225 quam
1108 5156 1265 5225 plena
1314 5158 1386 5212 sit
1427 5160 1690 5225 brevitas,
1741 5171 1797 5214 et
1842 5175 2003 5230 quam

400 5247 550 5302 clare
575 5248 630 5302 in
661 5256 1064 5303 sacramentum
1112 5249 1335 5304 unitatis
1364 5261 1651 5316 recurrat;
1698 5251 1914 5307 Patrem
1950 5253 2001 5307 in

404 5337 658 5406 Domino,
693 5340 746 5394 in
767 5337 933 5395 Verbi
978 5338 1377 5411 signiﬁcatione
1406 5341 1605 5397 Filium
1637 5359 1849 5414 ponens
1879 5361 2005 5401 san-

396 5440 547 5488 ctum
592 5432 857 5504 Spiritum
887 5448 955 5490 ex
987 5450 1084 5490 ore
1126 5433 1393 5490 Altissimi
1437 5439 1791 5505 nuncupavit.
1826 5437 1895 5494 Et
1932 5455 2001 5496 ne

395 5529 546 5585 vocis
576 5530 744 5586 editio
787 5542 1141 5603 reputaretur
1180 5533 1235 5588 in
1272 5532 1472 5602 Verbo,
1526 5534 1698 5592 caelos
1750 5551 1845 5605 per
1874 5551 1998 5593 eum

472 5663 583 5719 ἰ1η
613 5663 772 5720 Vind.
808 5673 980 5725 totum
1037 5670 1140 5726 hoc
1194 5686 1405 5727 comma

395 5732 511 5804 Ego
563 5736 896 5815 principium,
951 5749 1057 5797 etc.

389 5816 646 5874 propriis.

1369 5687 1405 5764 La
1438 5672 1904 5764 sie-descriptum
1934 5692 2059 5764 cst__:
2093 5683 2193 5740 Ille
2230 5689 2470 5764 principii
2518 5691 3060 5764 nominedesignatur
3084 5695 3175 5764 qui

1092 5742 1236 5801 Infra
1294 5745 1384 5802 ubi
1436 5748 1657 5818 legitur,
1688 5742 1823 5821 ignis
1846 5756 2069 5829 proprii,
2099 5772 2167 5813 ex
2191 5742 2314 5815 cod.
2363 5742 2847 5831 Ilem.,'infédiiié

2122 4703 2250 4758 tudo
2281 4704 2520 4759 fidelium
2552 4713 2674 4770 est;
2709 4705 3031 4760 meminisse
3076 4716 3257 4761 autem
3294 4705 3548 4775 plurium,
3590 4702 3719 4758 dili-

2116 4799 2322 4868 gentiae
2352 4799 2523 4868 magis
2552 4814 2647 4868 per
2675 4813 2735 4854 se
2768 4799 3123 4869 proﬁcientis,
3146 4814 3312 4870 quam
3333 4798 3601 4866 docentis,
3630 4797 3717 4854 of-

2116 4891 2299 4946 ficium
2329 4901 2432 4945 est.

2734 4984 2962 5042 CAPUT
3002 4984 3093 5040 lV.

2458 5078 2599 5146 Quid
2620 5077 2821 5134 ludatis
2846 5081 3260 5149 respondendum
3284 5084 3371 5137 sit.

2186 5172 2389 5227 APOLL.
2423 5200 2492 5211 -
2526 5171 2646 5227 Jam
2696 5173 2919 5241 quidem
2968 5176 3204 5245 simplex
3258 5177 3493 5233 assertio
3545 5176 3709 5232 fidem

2112 5264 2314 5321 fecerat
2366 5275 2612 5320 sanctum
2672 5267 2936 5335 Spiritum
2988 5284 3117 5325 vere
3168 5286 3233 5326 ac
3283 5273 3502 5341 pr0prie
3536 5271 3703 5327 Deum

2112 5358 2303 5424 credi;
2360 5359 2457 5414 sed
2489 5359 2611 5429 quia
2661 5359 2874 5414 facilius
2922 5370 3009 5416 est
3061 5366 3407 5419 sermonibus
3460 5367 3703 5433 praebere

2106 5468 2434 5509 consensum
2462 5496 2479 5520 ,
2511 5470 2673 5523 quam
2721 5454 3058 5511 intellectum
3116 5458 3369 5521 sensibus
3418 5460 3648 5512 mutuari
3682 5499 3698 5523 ,

2107 5545 2337 5602 ﬁrmiter
2364 5552 2611 5618 oportuit
2658 5552 2973 5608 examinare
3019 5561 3294 5622 suscepta,
3344 5569 3408 5608 ac
3449 5553 3698 5608 volunta-

3227 5697 3291 5751 de
3322 5708 3498 5771 _semet
3540 5700 3651 5771 ipso
3672 5718 3694 5755 :

2891 5776 3150 5837 corrupte
3200 5767 3483 5839 legebatur
3533 5767 3695 5840 signis
