4074 6204
255 360 394 418 1115

1453 360 2095 420 οοΝευιΤΑτιοΝυιι
2136 362 2267 418 LIB.
2310 362 2373 418 Il.

3417 363 3556 424 ιλιι

251 477 387 533 riam
417 477 819 535 confessionem
842 476 1156 535 coelestibus
1185 478 1512 535 confirmare
1549 477 1840 535 doctrinis.
1871 483 1926 542 Α
1949 462 2160 534 monuit
2188 489 2246 534 ut
2274 479 2328 534 in
2363 478 2688 551 cognomine
2718 481 2921 536 terreni
2962 479 3139 550 ducis,
3171 481 3338 538 futuri
3370 492 3425 538 et
3451 497 3564 538 cm-

252 570 405 627 Nunc
433 580 615 628 autem
647 581 916 629 sectarum
947 589 1068 642 quae
1091 573 1336 630 adversm
1366 573 1523 628 nobis
1557 582 1688 628 sunt
1718 589 1843 644 pra-

253 664 451 722 vitates
478 677 750 734 retexens,
783 683 812 722 a
858 667 1086 734 Judaeis,
1115 669 1160 724 si
1188 669 1423 731 videtur,
1477 667 1662 723 ordire
1693 669 1846 738 prin-

252 758 426 829 cipia,
459 775 555 815 cur
595 759 940 816 indomabilis
969 762 1203 832 populus
1234 761 1402 816 Deum
1432 775 1493 814 ac
1524 761 1616 816 Dei
1648 760 1845 814 Filium

251 855 456 909 abnuat
483 852 784 924 Christum,
818 867 1239 928 creaturamque
1283 856 1525 910 omnium
1561 855 1845 909 Dominum

254 946 307 1002 in
358 959 549 1002 neutra
598 949 769 1003 velint
815 949 1102 1006 nativitate
1140 949 1480 1014 subsistere,
1541 951 1632 1018 qui
1665 949 1849 1018 utique

252 1050 379 1097 ante
429 1057 621 1098 omnes
662 1059 785 1114 quae
835 1059 979 1100 nunc
1021 1044 1302 1099 salvantur
1355 1043 1691 1114 Salvatreque
1720 1052 1849 1097 sunt

252 1135 523 1203 nationes,
577 1137 883 1193 futurorum
931 1138 1215 1194 scientiam
1250 1153 1346 1208 per
1400 1137 1577 1208 legem
1609 1138 1847 1208 pr0phe-

251 1236 448 1296 tasque
479 1239 792 1297 noscentes,
838 1245 958 1300 qua:
1000 1238 1156 1286 erant
1186 1245 1283 1298 pro
1312 1229 1499 1285 mundi
1547 1230 1722 1284 salute
1768 1228 1849 1284 fa-

250 1319 448 1374 ciunda
477 1322 690 1377 nescire
722 1321 1035 1377 nullatenus
1075 1331 1395 1391 potuerunt,
1444 1336 1568 1376 cum
1596 1332 1649 1377 et
1678 1321 1847 1378 Deum

251 1422 478 1468 nossent
507 1423 561 1468 et
599 1414 693 1468 Dei
721 1414 953 1485 eloquiis
974 1430 1082 1469 non
1112 1424 1386 1470 carerent.

323 1504 527 1560 Zsccu.
559 1534 629 1545 —
654 1505 771 1559 Non
805 1505 1016 1561 fallitur
1051 1507 1341 1561 aestimatio
1369 1515 1490 1574 tua,
1520 1505 1852 1578 Redempto-

250 1597 331 1653 ris
371 1599 540 1653 nostri
573 1597 949 1666 nativitatem,
1007 1607 1062 1654 et
1089 1614 1210 1670 qua:
1256 1599 1555 1654 secundum
1608 1600 1773 1654 Deum
1799 1609 1854 1655 et

249 1704 373 1760 qua).
411 1691 710 1747 secundum
759 1693 1037 1750 hominem
1090 1695 1144 1749 in
1197 1709 1306 1749 uno
1358 1696 1662 1766 eodemque
1712 1711 1852 1750 nunc

252 1793 556 1853 permanet,
582 1785 708 1839 toris
731 1785 1142 1855 Scripturarum
1165 1786 1533 1843 voluminibus
1553 1789 1851 1855 contineri;

1947 572 2102 630 lestis
2153 573 2479 648 vocabulum
2547 585 2913 630 nosceretur:
2983 576 3062 630 ait
3101 576 3247 631 enim
3299 576 3445 632 Deus
3491 576 3561 633 ad

1949 665 2198 737 Moysen:
2224 663 2357 720 Ecce
2369 665 2454 719 hic
2469 664 2621 720 Iesus
2637 667 2726 736 qui
2746 668 2943 721 assistit
2973 667 3103 722 tibi:
3126 668 3242 722 vide
3268 685 3331 722 ne
3344 684 3560 741 spernas

1949 756 2097 812 illum
2123 801 2136 824 ,
2191 759 2313 829 quia
2355 769 2400 812 et
2430 759 2541 829 ipse
2572 759 2930 832 obtemperans
2974 760 3066 814 tibi
3096 762 3232 828 erit;
3284 775 3330 816 et
3376 777 3561 816 nomen

1951 867 2121 904 meum
2150 861 2224 905 est
2252 853 2307 905 in
2332 851 2427 906 illo
2483 850 2686 921 (Exod.
2712 869 2867 919 χχιιι,
2914 852 3008 919 20,
3047 854 3168 926 21).
3227 853 3560 910 Planissime

1951 943 2190 1013 denique
2223 959 2320 1014 per
2363 943 2531 1000 Jacob
2582 946 2950 1015 patriarcham
2991 947 3196 1002 veritas
3227 945 3562 1017 prophetica:

1951 1035 2350 1092 benedictionis
2381 1039 2598 1109 impleta
2629 1049 2749 1107 est,
2796 1054 2920 1093 cum
2951 1049 3005 1094 et
3032 1040 3142 1094 dux
3173 1047 3227 1094 et
3276 1040 3554 1112 princeps,

1953 1130 2005 1186 id
2035 1141 2118 1186 est
2153 1147 2249 1186 rex
2296 1139 2352 1186 et
2380 1132 2672 1196 sacerdos,
2733 1147 2909 1202 USqtie
2949 1133 3016 1189 ad
3057 1133 3177 1204 ejus
3209 1145 3426 1204 tempus
3467 1134 3563 1189 Ju-

1953 1221 2086 1277 dmis
2137 1221 2352 1277 futurus
2382 1224 2564 1279 verbis
2595 1224 2792 1280 talibus
2840 1225 3165 1282 intimatur:
3201 1225 3324 1280 Non
3356 1226 3562 1298 deﬁciet

1953 1315 2062 1369 dux
2092 1315 2156 1370 de
2181 1315 2464 1387 femoribus
2486 1316 2628 1370 Juda
2653 1361 2666 1382 ,
2719 1328 2765 1372 et
2802 1320 3042 1392 princeps
3071 1337 3134 1374 ex
3185 1320 3369 1386 Israel,
3405 1323 3568 1378 donec

1952 1412 2122 1464 veniat
2150 1408 2178 1448 ι)
2207 1411 2290 1464 cui
2324 1413 2606 1481 repositum
2636 1421 2709 1466 est
2734 1429 2750 1465 :
2794 1422 2840 1466 et
2864 1415 2975 1485 ipse
2993 1423 3069 1469 est
3097 1417 3410 1486 exspectatio
3437 1433 3560 1486 gen-

1955 1501 2082 1554 tium
2114 1499 2274 1572 (Gen.
2308 1517 2459 1566 χιιι,
2490 1500 2602 1572 10).
2662 1502 2884 1558 Balaam
2942 1505 3177 1575 perinde
3211 1507 3262 1560 in
3303 1506 3562 1562 Numeris

1954 1593 2145 1648 eadem
2173 1595 2485 1662 annuntiat,
2519 1595 2744 1650 dicens:
2779 1595 2993 1651 Orietur
3022 1596 3171 1652 stella
3201 1615 3263 1654 ex
3291 1597 3485 1664 Iacob,
3511 1610 3560 1655 et

1957 1687 2116 1741 homo
2170 1704 2236 1742 ex
2291 1687 2462 1742 Israel
2506 1698 2751 1760 exsurget
2803 1687 2998 1759 (Num.
3034 1707 3192 1757 χχιν,
3250 1692 3362 1762 17).
3406 1692 3561 1760 Quod

1957 1780 2096 1849 magi
2128 1778 2182 1833 in
2214 1778 2451 1835 Orientis
2499 1765 2748 1850 partibus
2789 1795 3007 1850 semper
3037 1784 3357 1848 retinentes,
3393 1784 3558 1854 primi

251 1884 551 1943 aperteque
574 1873 780 1931 Judwis
830 1878 972 1932 sacri
1001 1878 1271 1933 adventus
1303 1879 1562 1950 mysteria
1588 1881 1844 1946 retu-lam,
1882 1917 1927 1975 Β
1957 1882 2137 1928 ortum
2185 1871 2508 1939 Salvatoris,
2555 1875 2804 1943 inSpecto
2845 1873 3053 1942 sidere,
3101 1876 3458 1941 nuntiarunt;
3503 1886 3559 1932 et

251 1981 372 2036 quae
421 1965 679 2023 intimare
709 1971 1018 2024 summatim
1067 1971 1136 2024 ab
1185 1972 1364 2024 animo
1399 1988 1509 2026 non
1541 1973 1777 2038 abesset,
1805 1975 1848 2028 si

251 2057 304 2111 in
322 2060 534 2113 cunctis
555 2068 791 2115 attentos
813 2075 1007 2116 sensus
1024 2072 1347 2132 sequeretur
1360 2063 1497 2118 ordo
1511 2079 1846 2120 sermonum.

251 2150 358 2206 Sed
387 2153 645 2222 quoniam
693 2153 944 2208 voluntas
969 2156 1124 2209 nobis
1152 2153 1531 2225 intelligentia:
1558 2156 1847 2226 simplicis,

253 2258 363 2298 non
399 2258 594 2313 pugna:
628 2245 905 2299 contraria
955 2244 1246 2300 difficultas
1273 2256 1360 2302 est
1385 2287 1400 2312 ,
1443 2246 1715 2302 auditioni
1745 2257 1849 2302 tua:

251 2336 384 2392 satis
411 2337 482 2391 sit
523 2337 706 2392 libatis
741 2338 972 2410 fastigiis
1014 2349 1177 2394 totam
1208 2340 1382 2396 lucem
1415 2341 1468 2394 in
1508 2352 1663 2410 parte
1687 2342 1847 2396 lumi-

251 2430 337 2485 nis
363 2431 582 2497 intueri,
629 2442 684 2486 et
726 2443 1016 2503 utrumque
1065 2433 1215 2488 brevi
1263 2433 1604 2502 expositione
1632 2449 1849 2504 percur-

253 2537 396 2578 rere.
453 2523 511 2578 ln
542 2523 682 2579 libro
725 2525 909 2595 itaque
957 2524 1186 2581 Genesis
1222 2525 1350 2581 dum
1385 2525 1620 2580 refertur
1643 2527 1848 2582 conﬂa-

250 2616 428 2686 gratio
455 2616 838 2684 Sodomorum,
867 2619 1026 2673 unius
1055 2619 1298 2688 quidem,
1323 2629 1381 2674 ut
1397 2633 1636 2692 semper,
1657 2620 1848 2675 volun-

249 2713 399 2780 tatis,
435 2711 532 2767 sed
564 2727 670 2766 non
703 2714 863 2768 unius
895 2728 1144 2783 persona:
1170 2727 1325 2769 actus
1349 2715 1674 2778 ostenditur,
1699 2715 1848 2770 Scrio

249 2813 402 2876 ptura
431 2805 680 2862 dicente:
725 2805 794 2861 Et
823 2807 959 2877 pluit
1004 2805 1258 2862 Dominus
1289 2827 1320 2862 ιι
1349 2807 1574 2864 Domino
1603 2809 1667 2864 de
1706 2809 1846 2864 caelis

249 2894 406 2968 (Gen.
434 2913 584 2963 χχιχ,
614 2899 731 2965 21).
766 2899 985 2971 Moyses
1014 2901 1208 2954 iterum
1256 2900 1351 2955 Dei
1377 2902 1535 2972 jussu
1584 2901 1636 2956 in
1668 2902 1846 2970 lapide

249 2992 577 3046 constitutus
607 3009 734 3047 eum
767 2993 1067 3062 posteriora
1111 2992 1257 3048 illius
1278 3004 1566 3059 cerneret,
1615 2993 1847 3050 Trinita-

249 3084 316 3140 tis
345 3086 754 3142 distinctionem
786 3085 838 3140 in
874 3102 1102 3141 numero
1152 3087 1457 3156 designavit
1484 3088 1703 3142 dicens:
1733 3087 1844 3141 Do-

247 3178 408 3244 mine,
433 3177 671 3242 Domine,
699 3177 941 3246 Domine,
960 3179 1256 3233 misericors
1279 3189 1326 3233 et
1354 3181 1624 3233 ntiserator
1646 3179 1841 3247 (Eatod.

1955 1967 2100 2038 quod
2127 1967 2255 2021 olim
2286 1982 2382 2038 per
2409 1977 2696 2023 auctorem
2740 1982 2851 2022 sua:
2893 1970 3028 2024 artis
3055 1968 3233 2025 fuerat
3265 1969 3558 2040 propheta-

1959 2066 2093 2124 tum,
2153 2075 2250 2127 per
2281 2060 2427 2128 ipsos
2457 2061 2670 2130 cognita
2711 2064 2901 2115 aeterni
2954 2061 3171 2116 luminis
3217 2063 3557 2133 inspectione

1951 2154 2278 2222 completum
2311 2163 2414 2210 est.
2449 2155 2553 2210 Per
2591 2155 2784 2211 Isaiam
2829 2155 3069 2226 denique
3098 2155 3242 2211 Deus
3268 2157 3549 2228 loquitur:

1954 2245 2090 2300 Ecce
2113 2248 2256 2300 mitto
2284 2247 2338 2301 in
2362 2247 2492 2303 Sion
2518 2249 2745 2316 lapidem
2773 2250 2987 2304 electum
3007 2249 3334 2320 angularem,
3364 2255 3558 2322 pretio-

1952 2357 2100 2406 sum;
2123 2351 2171 2396 et
2202 2341 2289 2410 qui
2314 2341 2590 2397 crediderit
2619 2345 2670 2396 in
2697 2343 2845 2397 illum
2865 2386 2880 2411 ,
2905 2360 3009 2398 non
3039 2345 3385 2416 confundetur
3416 2345 3552 2418 (lsa.

1953 2447 2143 2500 xxvnr,
2180 2433 2292 2505 16).

2023 2525 2177 2580 Hunc
2225 2525 2478 2581 eumdem
2511 2542 2576 2581 ex
2621 2525 2846 2597 Virgine
2881 2530 3217 2584 nasciturum
3252 2530 3398 2586 idem
3430 2546 3556 2601 pro-

1951 2616 2111 2686 pheta
2160 2618 2238 2672 sic
2263 2628 2568 2672 memorat:
2611 2617 2748 2674 Ecce
2799 2619 2955 2693 Virgo
3003 2621 3260 2690 concipiet
3306 2631 3353 2674 et
3389 2623 3555 2690 pariet

1951 2708 2141 2777 ﬁlium,
2187 2719 2232 2762 et
2281 2709 2530 2764 vocabunt
2559 2726 2740 2764 nomen
2790 2715 2902 2784 ejus
2935 2711 3246 2766 Emmanuel
3269 2729 3288 2778 ;
3316 2713 3454 2783 quod
3480 2723 3556 2766 est

1949 2805 2386 2872 interpretatum:
2420 2802 2707 2858 Nobiscum
2732 2803 2874 2859 Deus
2898 2803 3034 2875 (Isa.
3079 2821 3176 2869 vn,
3211 2805 3320 2872 i4;
3355 2803 3548 2860 Matth.

1951 2909 1990 2961 ι,
2034 2893 2152 2968 23).
2199 2894 2310 2948 Sub
2336 2896 2521 2950 verbis
2565 2896 2758 2949 iterum
2803 2895 3119 2951 eorumdem
3150 2894 3462 2952 Judaaornm
3497 2897 3552 2952 in

1950 2988 2133 3043 futuro
2157 2988 2363 3058 judicio
2392 2990 2760 3055 gementium,
2807 3004 2931 3044 cum
2979 2987 3259 3044 Christum
3291 2990 3344 3045 in
3373 2990 3552 3047 Patris

1949 3081 2238 3150 majestate
2287 3081 2829 3151 conspicieut,‘h:ec
2881 3083 3263 3154 deprompsit:
3317 3083 3438 3139 Non
3477 3096 3552 3141 est

1948 3169 2088 3227 Deus
2115 3183 2302 3242 praeter
2319 3183 2367 3228 te
2391 3191 2408 3229 :
2439 3185 2492 3228 tu
2513 3176 2649 3228 enim
2679 3192 2730 3229 es
2759 3173 2897 3229 Deus
2918 3191 2935 3240 ,°
2957 3187 3004 3231 et
3039 3178 3387 3233 nesciebamus
3411 3178 3548 3251 (Isa.

248 3285 436 3333 xxxiv,
468 3270 545 3340 6).
581 3273 687 3326 Per
718 3269 885 3325 David
909 3280 1092 3325 autem
1129 3272 1399 3341 loquentis
1423 3272 1489 3326 ad
1520 3271 1714 3326 Filium
1747 3272 1840 3327 Dei
1872 3307 1918 3372 C
1951 3282 2075 3331 χιν,
2099 3266 2213 3337 14).
2236 3267 2540 3322 Hieremias
2559 3279 2737 3324 autem
2764 3269 2938 3324 fidelis
2964 3271 3146 3340 populi
3177 3271 3400 3326 vocibus
3429 3271 3548 3328 lucc

247 3361 426 3418 Patris
455 3363 572 3418 haec
591 3364 756 3418 verba
787 3375 943 3418 sunt:
979 3362 1060 3417 Ea:
1080 3373 1228 3418 utero
1249 3373 1365 3418 ante
1395 3365 1670 3436 luciferum
1689 3367 1841 3437 genui

243 3465 290 3510 te
322 3453 442 3527 (Ps.
474 3470 583 3519 crx,
617 3457 694 3526 3).
743 3456 846 3511 Per
875 3456 1222 3512 Salomonem
1274 3473 1405 3512 vero
1461 3457 1529 3512 de
1580 3473 1639 3512 se
1669 3456 1844 3513 Filius

242 3547 358 3616 ipse
387 3555 650 3602 testatur:
682 3548 808 3602 Cum
850 3559 1060 3620 pararet
1102 3549 1364 3604 Dominus
1403 3551 1620 3614 caelum,
1664 3559 1690 3587 ⁸
1720 3551 1844 3604 ade-

240 3655 354 3692 ram
383 3639 482 3693 illi.
519 3638 649 3694 Cum
682 3648 970 3696 secerneret
1008 3657 1157 3695 suam
1186 3642 1390 3707 sedem,
1447 3651 1494 3695 et
1540 3658 1695 3714 super
1720 3659 1844 3698 ven-

239 3741 319 3784 tos
362 3731 566 3786 validos
597 3734 790 3804 faceret
841 3733 1038 3797 nubes;
1091 3751 1209 3788 cum
1240 3735 1580 3804 confirmatos
1629 3744 1842 3805 poneret

241 3828 412 3896 fontes
441 3825 537 3879 sub
592 3827 758 3879 caelo:
802 3828 1011 3894 quando
1041 3821 1196 3895 fortia
1229 3827 1450 3897 faciebat
1499 3827 1839 3897 fundamenta

235 3924 384 3969 terra:
409 3959 423 3980 ,
455 3933 548 3986 ego
571 3933 712 3969 erant
742 3918 884 3985 apud
927 3933 1043 3971 eum
1089 3917 1397 3989 disponens,
1449 3935 1542 3988 ego
1581 3936 1722 3973 eram
1754 3921 1840 3974 cui

238 4009 571 4081 adgaudcbat
586 4024 605 4062 :
627 4008 860 4075 quotidie
881 4010 1210 4073 iucnntlabar
1224 4020 1344 4064 ante
1363 4013 1550 4082 facient
1571 4015 1703 4084 ejus,
1723 4029 1839 4066 cum

236 4101 497 4155 lauaretur
521 4102 640 4155 orbe
673 4101 899 4171 perfecto
923 4099 1107 4171 (Prov.
1135 4117 1252 4169 vnt,
1285 4104 1472 4168 27,31,
1500 4120 1603 4158 sec.
1643 4103 1833 4173 LXX).

235 4195 380 4252 Idem
414 4197 614 4253 iterum
643 4196 770 4252 dum
803 4198 870 4251 de
896 4197 1014 4264 ejus
1043 4211 1106 4250 ac
1129 4197 1310 4252 Patris
1333 4197 1558 4268 ambigit
1589 4199 1833 4264 nomine,

235 4290 626 4361 projirietatem
657 4306 805 4345 verae
829 4291 1128 4346 nativitatis
1175 4293 1400 4360 exponit
1430 4292 1648 4346 dicens:
1685 4293 1838 4358 Quod

233 4399 415 4439 nomen
441 4389 576 4456 ejus,
599 4387 679 4440 uel
703 4386 841 4456 quod
872 4402 1058 4439 nomen
1087 4383 1219 4438 Filii
1240 4389 1352 4459 ejus
1375 4384 1560 4454 (Pror.
1583 4402 1715 4450 xxx,
1738 4385 1837 4456 4)?

232 4477 361 4534 Ηιιξο
387 4479 455 4534 de
499 4477 725 4535 Christo
753 4481 1053 4536 secundum
1104 4481 1444 4537 divinitatem
1495 4481 1562 4536 ad
1595 4496 1834 4552 praesens

232 4570 374 4626 dicta
408 4571 705 4628 sufficiant.

1948 3363 2170 3430 exponit
2195 3377 2208 3414 :
2239 3359 2342 3414 Hic
2369 3374 2442 3415 est
2470 3360 2612 3416 Deus
2641 3373 2813 3416 noster
2839 3371 2884 3416 et
2917 3379 3017 3416 non
3047 3364 3384 3432 deputabitur
3407 3365 3544 3420 alius

1946 3453 2137 3524 absque
2166 3453 2261 3508 illo
2283 3470 2302 3508 :
2331 3456 2420 3525 qui
2451 3456 2640 3510 invenit
2663 3473 2864 3511 omnem
2889 3459 3023 3512 viam
3047 3459 3352 3531 prudentiae,
3379 3471 3426 3514 et
3458 3461 3550 3515 tle-

1946 3549 2019 3600 dit
2049 3563 2164 3600 eam
2209 3545 2373 3602 Iacob
2419 3566 2580 3618 puero
2618 3567 2712 3604 suo
2742 3561 2789 3606 et
2835 3549 3002 3606 Israel
3031 3552 3221 3607 dilecto
3249 3571 3380 3609 suo:
3431 3564 3546 3624 post

1945 3639 2055 3696 Itth
2085 3642 2136 3694 in
2170 3642 2319 3696 terris
2350 3644 2488 3696 visus
2526 3655 2630 3708 est,
2660 3654 2708 3698 et
2736 3662 2852 3698 cum
2897 3646 3189 3702 hominibus
3221 3661 3548 3704 conrersatus

1944 3742 2016 3785 est
2048 3731 2300 3802 (Baruclt.
2336 3749 2415 3800 ιιι,
2443 3735 2657 3806 56-58).
2730 3735 2968 3791 Micheas
2997 3753 3128 3791 vero
3171 3740 3333 3792 etiam
3367 3739 3556 3798 locum

1942 3823 1996 3877 in
2027 3840 2136 3892 quo
2158 3833 2278 3879 erat
2305 3826 2570 3880 oriundus
2596 3828 2666 3880 ita
2701 3827 2974 3894 prodidit:
3026 3827 3094 3880 Et
3125 3840 3200 3891 tu,
3250 3828 3536 3894 Bethleem,

1942 3917 2125 3972 domus
2145 3920 2290 3973 illius
2316 3919 2571 3992 Epitrata,
2598 3921 2850 3990 numquid
2873 3925 3060 3993 exigua
3077 3939 3151 3991 es,
3179 3931 3233 3976 ut
3257 3925 3544 3978 constitua-

1938 4012 2011 4064 ris
2038 4014 2089 4063 in
2114 4012 2342 4065 millibus
2370 4010 2551 4065 Juda?
2577 4011 2658 4066 Ex
2682 4023 2728 4065 te
2757 4014 2892 4066 enim
2916 4013 3044 4067 mihi
3071 4025 3093 4053 ο
3131 4015 3332 4086 prodiet
3361 4017 3449 4087 qui
3477 4019 3541 4069 sit

1942 4102 2201 4173 Princeps
2233 4105 2285 4157 in
2316 4101 2529 4169 Israel;
2585 4115 2632 4158 et
2682 4108 3033 4173 processiones
3079 4111 3246 4179 ejusa
3290 4095 3572 4180 principio.

1939 4198 2118 4251 saeculi
2144 4196 2338 4268 (Mich.
2375 4214 2427 4265 v,
2456 4198 2535 4267 2).
2596 4198 2883 4252 lunumera
2918 4210 3181 4268 przrterea
3212 4201 3464 4271 leguntur
3491 4211 3546 4256 et

1939 4299 2259 4360 suppetunt,
2291 4307 2414 4360 quae
2466 4293 2781 4362 mysterium
2835 4292 3133 4346 nativitatis
3173 4293 3456 4362 utriusque
3487 4294 3539 4347 iu

1941 4383 2054 4437 Deo
2079 4380 2301 4438 Christo
2328 4383 2671 4454 apertissime
2700 4384 2935 4448 docent;
2977 4383 3072 4439 sed
3115 4383 3382 4438 confutari
3416 4401 3540 4454 per-

1939 4476 2087 4532 ditos
2117 4492 2181 4532 ac
2210 4478 2444 4533 rebelles
2469 4494 2696 4532 suorum
2723 4488 2930 4533 tantmn
2957 4480 3373 4536 auctoritatibus
3403 4483 3544 4536 ratio

1937 4577 2022 4624 est
2046 4588 2058 4623 :
2085 4579 2144 4624 et
2171 4572 2313 4625 sicut
2337 4569 2446 4639 jam
2475 4571 2754 4636 admonui,
2782 4572 3198 4640 interrogationi
3233 4574 3414 4642 potius
3436 4583 3542 4628 tua:

305 4667 632 4723 Assumendi
664 4683 797 4724 vero
823 4669 1077 4737 corporis
1108 4668 1291 4733 fidem,
1341 4668 1553 4739 Moyses
1597 4668 1829 4738 primum
1863 4700 1912 4758 Β
1938 4678 2098 4732 quam
2123 4664 2473 4719 renitentium
2499 4665 2788 4718 intentioni
2813 4664 3152 4732 respondere
3170 4665 3540 4732 pr0positum:

225 4757 412 4829 jussus
435 4761 536 4816 hoc
565 4761 767 4831 popqu
797 4761 1098 4831 praedicare
1123 4762 1202 4816 sic
1250 4759 1530 4830 loquitur:
1562 4761 1628 4813 In
1658 4760 1830 4812 noris-

231 4854 378 4910 simis
411 4855 592 4909 diebus
631 4855 949 4922 Prophetam
979 4859 1122 4912 vobis
1165 4856 1412 4911 excitabit
1443 4856 1585 4910 Deus
1615 4856 1678 4908 de
1720 4855 1829 4925 fra-

227 4946 390 5000 tribus
430 4948 610 5001 vestris
633 4987 649 5011 ,
699 4947 834 5000 sicut
864 4963 941 5000 nte
969 4963 986 4999 :
1023 4947 1161 5000 hunc
1192 4946 1418 4999 audietis
1464 4944 1646 5018 (Deut.
1672 4961 1825 5012 xvm,

230 5039 322 5107 15)
345 5056 360 5103 ;
384 5048 433 5093 et
461 5040 550 5108 qui
573 5056 676 5092 non
696 5039 925 5094 audierit
974 5037 1288 5110 Propltetam
1315 5037 1487 5101 illum,
1540 5055 1631 5109 ego
1662 5037 1826 5090 rindi-

230 5129 378 5194 cabo,
411 5130 539 5182 dicit
562 5129 817 5184 Dominus
841 5129 1033 5201 (Ibid.,
1067 5131 1178 5201 19).
1203 5131 1360 5198 Quod
1394 5129 1761 5185 testimonium
1793 5144 1821 5183 a

230 5222 522 5278 Salvatore
550 5222 824 5278 firmatum
852 5233 968 5290 est,
1019 5240 1142 5280 cum
1188 5225 1240 5278 in
1272 5223 1570 5291 Evangelio
1598 5223 1822 5278 eosdem

228 5311 449 5368 Iudaeos
481 5313 772 5383 increpans
801 5312 968 5370 dicit:
1004 5314 1066 5369 Si
1093 5315 1366 5369 crederetis
1394 5312 1590 5385 Moysi,
1621 5323 1667 5366 et
1700 5312 1824 5366 mihi

226 5407 501 5461 crederetis
527 5421 546 5460 :
579 5405 644 5462 de
664 5423 743 5460 me
771 5407 909 5461 enim
934 5407 1022 5462 ille
1051 5409 1256 5479 scripsit
1287 5405 1467 5477 (Joan.
1494 5423 1550 5469 v,
1581 5405 1701 5478 46).
1731 5406 1823 5460 ln-

226 5501 467 5556 numeris
505 5517 635 5557 vero
677 5501 782 5557 sub
829 5500 1071 5570 ejusdem
1123 5501 1289 5572 Moysi
1334 5515 1566 5568 persona
1616 5509 1821 5554 trucem

226 5595 490 5664 p0pulum
511 5594 641 5650 dum
670 5593 855 5650 Jesum
884 5593 1037 5650 Nave
1062 5593 1209 5650 Deus
1247 5594 1685 5659 commendaret,
1723 5592 1824 5646 ad-

299 5765 324 5794 ι
356 5755 412 5810 ln
441 5753 562 5810 cod.
595 5752 787 5824 Vind.,
813 5755 1022 5811 aderam
1049 5754 1179 5809 illic.
1210 5755 1382 5827 Idem,
1417 5759 1577 5829 infra,
1625 5764 1823 5820 validas

229 5833 536 5955 (dimices:
575 5888 759 5966 Vind.,
789 5900 874 5968 qui
897 5900 1177 5957 mittendus
1204 5911 1277 5960 est
1303 5915 1322 5956 :
1373 5901 1513 5959 haud
1546 5904 1618 5960 ita
1649 5908 1821 5965 multo

1943 4756 2143 4811 habere
2173 4757 2316 4810 enim
2349 4756 2722 4825 prolixitatum
2771 4758 3150 4811 necessitatem
3197 4758 3338 4811 ratio
3363 4767 3542 4812 certa-

1941 4848 2147 4903 minum
2191 4857 2405 4918 potest;
2441 4848 2657 4919 expleri
2688 4848 2943 4904 brevibus
2985 4864 3198 4919 aequum
3230 4857 3315 4904 est
3361 4849 3536 4907 studia

1938 4939 2362 4996 consulentium.

2567 5033 2798 5090 CAPUT
2843 5034 2905 5088 ν.

1935 5129 1996 5184 Si
2043 5139 2090 5184 et
2121 5129 2172 5182 in
2201 5127 2323 5184 aliis
2355 5129 2668 5184 seducuntur
2696 5127 2892 5196 Judtri,
2939 5141 3125 5201 prteter
3169 5133 3226 5185 id
3270 5132 3538 5205 quodeci

2411 5221 2610 5276 Filium
2637 5240 2738 5278 non
2769 5227 3004 5278 credunt.

2003 5314 2204 5371 Aron.
2225 5344 2292 5359 ——
2322 5314 2556 5369 Dubium
2589 5332 2696 5370 non
2746 5327 2830 5371 est
2862 5315 2943 5371 his
2973 5317 3301 5372 testimoniis
3330 5332 3535 5385 nequa-

1931 5423 2093 5478 quam
2125 5409 2375 5463 subtrahi
2424 5409 2585 5464 fidem
2615 5425 2799 5480 posse,
2832 5421 2996 5481 atque
3031 5410 3300 5480 ejusmodi
3334 5411 3536 5477 proba—

1935 5501 2116 5554 tiones
2159 5515 2227 5554 ne
2253 5501 2320 5554 ab
2345 5501 2478 5570 ipsis
2503 5503 2727 5570 quidem
2758 5503 2981 5569 Judaeis,
3016 5503 3117 5557 nisi
3151 5503 3389 5557 insanire
3417 5503 3535 5571 plus

1935 5593 2174 5660 malunt,
2206 5596 2588 5667 aequanimiter
2616 5598 3031 5670 improbandas;
3089 5598 3369 5668 praecipue
3409 5613 3533 5655 cum

1934 5765 2058 5822 post
2088 5755 2250 5821 idem,
2289 5761 2341 5812 in
2372 5758 2502 5811 Sion
2533 5759 2760 5828 lapidem
2791 5756 3123 5828 angularem.

2004 5837 2026 5866 ο
2059 5829 2244 5884 Codex
2273 5829 2329 5886 S.
2364 5828 2522 5893 Arn.,
2548 5829 2751 5901 prodiet
2779 5837 2835 5884 ut
2864 5829 2964 5882 sit:
2989 5829 3153 5895 idem,
3179 5830 3535 5898 processiones

1924 5906 1976 5959 ei
1999 5903 2064 5957 ab
2088 5903 2234 5957 initio
2257 5917 2288 5954 a
2310 5901 2487 5956 diebus
2517 5901 2714 5957 saeculi.
