4074 6204
506 307 645 366 HIS

1793 303 1832 357 Ζ
1845 300 2108 364 ,ιοοιιιει
2144 299 2536 372 GHRISTIANI

3683 295 3826 363 ἨΒ

513 436 576 472 cx
610 417 925 478 eorumtlem
952 419 1314 476 voluminibus
1344 418 1606 476 intimatze
1631 417 1766 474 adeo
1792 419 1943 482 clara
1968 419 2107 482 inte-
2137 420 2186 490 Α
2213 433 2390 490 pacem
2417 417 2610 490 (Num.
2638 433 2714 482 vt,
2738 416 2854 490 85).
2908 416 3067 482 Unde
3099 416 3362 485 intelligis
3397 429 3506 471 non
3555 414 3832 470 interesse

516 515 714 588 gritate
748 514 1080 584 perluceant,
1112 527 1167 570 ut
1191 516 1400 571 etiamsi
1434 516 1550 572 sine
1577 524 1856 576 aSSertoro
1888 529 2111 584 percen—

513 620 656 674 seas,
684 611 794 677 ipsa
824 623 884 664 se
904 609 1286 682 comprobem.
1318 608 1698 670 Verumtamen
1723 609 1920 678 quibus
1947 608 2109 664 iidem

513 697 683 754 Judmi
724 701 775 754 in
809 700 1086 755 diversum
1130 709 1360 770 agantur
1389 699 1681 770 exemplis,
1745 698 1858 756 ﬁeri
1910 699 2114 754 certior

515 806 818 864 cuperem,
871 809 970 848 nec
1015 795 1188 854 solum
1223 796 1392 850 rectis
1439 792 1536 848 sed
1568 793 1860 854 contrariis
1911 794 2116 866 pariter

518 883 778 947 edoceri;
806 889 1063 957 quoniam
1111 887 1201 942 illa
1235 887 1453 942 demum
1478 896 1860 942 consummata
1889 885 1994 948 dici
2019 885 2118 940 do-

519 979 708 1033 ctrina:
753 979 956 1036 veritas
989 991 1192 1050 potest,
1219 995 1338 1049 quae
1367 980 1680 1040 errantibus
1710 993 1817 1034 non
1845 978 2020 1034 solum
2059 977 2116 1038 in

522 1085 633 1140 quo
679 1073 876 1142 corrigi
909 1081 1168 1142 possunt,
1199 1087 1386 1127 verum
1414 1074 1580 1130 etiam
1612 1073 1661 1128 in
1690 1086 1797 1142 quo
1823 1087 1918 1148 per
1940 1078 2121 1128 semet

521 1165 892 1235 depravantur
933 1166 1194 1223 ostendit.

599 1255 801 1312 ZACCH.
855 1289 923 1298 -—
979 1259 1311 1314 inculcatum
1387 1260 1482 1315 tibi
1539 1260 1844 1332 saepissime
1892 1259 2118 1329 retines,

529 1363 700 1403 unum
737 1351 901 1404 Deum
928 1365 1079 1418 esse,
1107 1352 1208 1408 hoc
1241 1361 1328 1407 est
1359 1368 1519 1408 unam
1552 1351 1837 1411 Trinitatis
1866 1352 2122 1406 divinita-

533 1450 666 1507 tem,
700 1451 756 1496 ut
799 1443 851 1497 in
881 1443 1040 1513 hnjUs‘
1072 1445 1322 1502 vocabuli
1361 1445 1731 1517 appellatione
1771 1444 2127 1516 signiﬁcatiov

533 1553 655 1593 nem
683 1540 842 1596 unius
867 1543 1211 1607 sultstantim,
1239 1561 1346 1598 non
1377 1546 1535 1600 unius
1557 1559 1682 1600 esse
1713 1559 1960 1613 persona:
1986 1561 1998 1594 τ
2029 1543 2124 1600 sed

531 1631 640 1686 illis
669 1631 793 1686 hinc
823 1649 984 1690 error
1013 1637 1338 1706 occasioque
1366 1637 1608 1706 perfidia:
1634 1648 1736 1704 est,
1769 1637 1910 1707 quod
1943 1637 2043 1692 sil.i
2073 1637 2126 1692 in

534 1720 716 1776 Horch
733 1737 918 1780 monte
942 1724 1035 1782 Dei
1061 1727 1280 1785 vocibus~
1301 1728 1414 1782 hmc
1435 1729 1726 1784 dicantur:
1753 1727 1916 1792 Audi,
1938 1725 2127 1794 Israel,

2216 511 2639 574 indissociabilis
2697 522 2864 582 atque
2897 511 3316 574 indentutabilis
3347 510 3478 582 Dei,
3537 509 3582 564 si
3617 523 3732 563 non
3759 507 3830 561 ad

2214 624 2406 662 omnes
2437 607 2833 670 sententiarum
2893 607 3262 676 proprietates
3290 605 3546 664 humana:
3577 602 3833 658 efticien-

2217 703 2305 756 tia:
2336 703 2502 762 verba
2545 701 2896 772 conSpirent;
2926 716 3051 760 cum
3096 699 3337 754 evidenti
3371 697 3618 754 fidelium
3669 692 3839 748 intel-

2219 794 2387 848 lectui
2413 795 2482 848 sit
2515 794 2765 848 relictum
2786 835 2802 859 ,
2865 801 2926 850 ut
2971 792 3122 863 quod
3142 791 3320 846 creari
3350 806 3378 844 a
3413 789 3524 844 Deo
3553 787 3647 842 vel
3688 786 3844 842 eﬂici

2219 887 2449 955 dicitur,
2475 890 2557 959 agi
2589 897 2646 946 et
2683 887 2827 944 ellici
2858 903 3080 958 semper
3107 901 3139 941 a
3167 886 3441 942 Trinitate
3469 881 3761 938 credatur.

2837 977 3074 1044 CAPUT
3119 978 3206 1034 \'l.

2222 1073 2283 1129 Si
2312 1071 2602 1132 Dominiia’
2635 1072 2895 1143 passionis
2942 1076 3270 1124 sacramenta
3301 1065 3675 1140 praphetarum
3710 1077 3848 1116 ora-

2725 1166 2857 1226 culis
2888 1174 3009 1220 sunt
3046 1164 3320 1236 prwdicta.

2294 1261 2496 1320 Αροιι..
2513 1290 2584 1302 ——
2603 1259 2951 1330 Specialibus
2982 1256 3323 1314 documentis
3338 1252 3546 1315 Christi
3576 1251 3854 1306 nativitas

2224 1355 2277 1410 in
2311 1355 2427 1409 Deo
2455 1365 2512 1409 et
2543 1353 2770 1408 homine
2790 1361 3096 1412 monstrata
3125 1359 3233 1417 est,
3265 1359 3430 1420 atque
3457 1346 3856 1402 indubitanter

2228 1449 2484 1518 apparuit
2511 1444 2774 1516 Spiritum
2806 1456 3054 1500 sanctum
3077 1444 3130 1498 iu
3150 1441 3343 1498 eadem
3371 1439 3692 1500 substantia
3727 1451 3853 1508 per-

2229 1547 2545 1598 manentem
2577 1547 2988 1596 sacramentum
3021 1532 3279 1606 perl'ectrc
3323 1529 3615 1588 Trinitatis
3653 1527 3854 1595 impie-

2231 1651 2312 1690 re.
2362 1633 2519 1689 Unde
2567 1647 2710 1686 nunc
2747 1630 2964 1698 eadem,
3021 1630 3066 1682 si
3108 1625 3379 1700 suppetit,
3421 1622 3852 1692 Scripturarum

2232 1728 2470 1785 editione
2515 1726 2809 1792 conﬁrma,
2861 1733 3044 1780 utrum
3078 1731 3135 1776 et
3161 1719 3455 1775 Domimczn
3487 1714 3681 1770 crucis
3709 1727 3854 1784 pra:-

530 1817 787 1874 Domiuus
819 1820 959 1874 Deus
986 1830 1126 1888 tuus,
1161 1821 1302 1877 Deus
1346 1841 1480 1878 unus
1529 1833 1604 1878 est
1634 1821 1815 1894 (Deut.
1850 1839 1920 1888 vr,
1952 1823 2032 1893 4).
2064 1821 2127 1878 Et
2163 1812 2206 1871 B
2234 1822 2381 1877 dicta
2413 1819 2481 1876 sit
2511 1819 2719 1891 passio,
2740 1817 2825 1872 vel
2859 1817 2902 1870 si
2935 1815 2991 1870 in
3018 1813 3200 1884 aliquo
3226 1812 3361 1881 legis
3382 1810 3588 1868 veteris
3610 1819 3858 1878 corpore

532 1909 727 1964 iterum
750 1929 763 1966 :
783 1909 894 1982 Ego
913 1911 1072 1980 Deus,
1090 1924 1136 1968 et
1155 1925 1342 1985 praeter
1362 1933 1441 1972 me
1455 1916 1594 1972 Deus
1616 1934 1718 1971 non
1743 1928 1815 1971 est
1829 1915 2018 1988 (Ibid.,
2035 1915 2126 1986 52,

536 2002 649 2074 59).
686 2004 750 2058 Et
779 2006 943 2060 tcrlio
974 2023 987 2060 :
1031 2005 1141 2077 Ego
1170 2006 1313 2063 Deus
1334 2052 1348 2078 ,
1383 2018 1430 2064 et
1462 2026 1565 2064 non
1595 2011 1834 2064 dcmutor
1869 2007 2128 2079 (Malach.

538 2097 705 2167 ttl,(i);
732 2097 952 2168 gloriam
976 2116 1139 2154 meam
1165 2103 1317 2155 alteri
1342 2119 1445 2155 non
1467 2100 1751 2171 dabo(lsa.
1773 2101 2129 2171 .\Ltt,8).Nun

538 2187 725 2258 utique
754 2189 910 2256 nulli,
934 2191 1030 2245 sed
1053 2207 1160 2246 non
1184 2194 1378 2259 alteri;
1407 2194 1457 2248 id
1490 2203 1596 2256 est,
1615 2194 1740 2248 huic
1769 2193 2133 2248 tantumdabo

536 2293 633 2348 per
661 2295 824 2349 quem
849 2283 1002 2338 vobis
1045 2284 1112 2336 ab
1159 2284 1316 2338 initio
1363 2286 1622 2344 amissam
1657 2285 2132 2346 immortalitatem

543 2371 597 2426 in
631 2373 829 2429 melius
860 2376 1103 2444 reparari
1135 2377 1186 2430 in
1213 2377 1692 2444 pra-destinatione
1724 2379 2015 2442 constitui:
2049 2378 2138 2441 de-

544 2468 740 2524 mutari
770 2477 952 2523 autem
985 2484 1116 2525 vere
1157 2485 1262 2546 non
1292 2480 1490 2542 potest,
1519 2471 1610 2543 qui
1633 2471 1978 2540 dispendium
2007 2488 2138 2543 aug-

541 2569 896 2630 mentumque
919 2578 1024 2616 non
1055 2563 1269 2634 recipit.
1295 2563 1429 2618 Cum
1451 2579 1578 2619 vere
1608 2564 1710 2619 alia
1736 2562 2002 2622 Diviuitas
2021 2581 2136 2622 non
2178 2639 2180 2642 ν

543 2652 636 2720 sit,
679 2667 908 2708 necesse
948 2665 1030 2710 est
1064 2662 1122 2708 ut
1172 2655 1314 2710 Deus
1342 2657 1486 2712 alius
1516 2673 1622 2713 non
1648 2658 1880 2718 dicatur.
1914 2658 2029 2714 Hoc
2060 2669 2141 2714 ta-

542 2761 666 2802 men
696 2745 899 2802 Judteis
921 2747 988 2802 de
1012 2747 1218 2804 unitate
1242 2749 1554 2806 Divinitatis
1587 2765 1694 2806 non
1732 2761 2012 2822 tamquam
2045 2766 2138 2806 ne-

545 2838 850 2895 scientibus
884 2839 1090 2896 dictum
1121 2853 1234 2907 est,
1298 2843 1393 2898 sed
1433 2843 1501 2898 ad
1537 2843 1682 2900 idola
1717 2843 2142 2914 transgressuris

547 2933 889 3003 praedictum,
922 2951 990 2991 ne
1019 2934 1154 2990 deos
1185 2936 1390 2992 scilicet
1423 2945 1518 2994 aut
1538 2939 2030 3008 interpretarentur
2049 2947 2145 2993 aut

544 3026 816 3092 colerent,
865 3029 958 3100 qui
994 3045 1157 3084 unum
1190 3029 1242 3084 in
1266 3039 1293 3066 ει
1323 3031 1631 3088 substantia
1664 3042 1715 3087 et
1744 3035 2030 3102 majestate
2053 3045 2147 3092 co-

547 3119 1047 3188 gnoscerent.,lllud
1079 3130 1350 3195 praeterea
1376 3124 1583 3178 clarum
1611 3133 1715 3191 est,
1743 3139 1866 3182 cum
1902 3125 2045 3182 Deus
2076 3123 2145 3186 de

2237 1914 2565 1970 venerandae
2597 1913 2792 1968 mortis
2815 1912 3013 1966 indicia
3041 1916 3456 1977 praenotantur;
3491 1913 3553 1958 ut
3578 1901 3857 1958 sollicitu-

2235 2011 2364 2068 dine
2397 2024 2692 2082 parumper
2717 2007 2930 2064 indulta
2953 2047 2969 2071 ,
3029 2003 3173 2061 hanc
3202 2001 3441 2070 denique
3484 1997 3630 2052 sacri
3662 1998 3857 2065 operis

2236 2113 2450 2176 partem
2477 2101 2616 2158 ordo
2647 2110 2844 2171 emptae
2877 2095 3208 2154 eruditionis
3239 2093 3501 2152 illustret,
3549 2102 3723 2158 quam
3756 2085 3855 2140 duo

2237 2200 2369 2254 dum
2402 2196 2676 2266 simplicis
2711 2192 3022 2250 traditionis
3045 2187 3364 2246 informatio
3393 2183 3686 2240 revelavit.

2308 2290 2507 2346 Zaccn.
2535 2319 2606 2330 ——
2640 2291 2731 2342 list
2762 2287 2920 2367 plane
2966 2284 3212 2338 euntium
3260 2280 3682 2349 Scripturarum
3751 2289 3856 2334 non

2239 2384 2414 2441 solum
2461 2382 2530 2437 de
2559 2382 2818 2451 passione
2841 2421 2855 2444 ,
2901 2392 3090 2434 verum
3122 2377 3289 2431 etiam
3317 2373 3388 2428 de
3436 2372 3857 2427 resurrectione

2241 2479 2472 2549 ctelique
2497 2492 2808 2534 conscensu
2833 2481 3022 2543 aperta
3057 2468 3587 2542 prtrdicntio,atque
3610 2465 3664 2519 in
3701 2463 3861 2517 nobis

2242 2572 2338 2627 Dei
2369 2586 2598 2642 regnum
2631 2586 2658 2622 a
2710 2565 2916 2622 Christi
2955 2564 3210 2634 passione
3257 2568 3570 2628 coepturum
3617 2553 3856 2625 przesci:

2245 2665 2630 2734 pr0phetarum
2665 2676 2756 2714 ora
2789 2663 3130 2716 cecinerunt.
3165 2651 3332 2708 David
3374 2665 3485 2721 prae
3516 2649 3749 2704 ueteris
3780 2646 3859 2702 sic

2243 2758 2503 2827 loquente
2537 2773 2548 2810 :
2600 2753 2770 2807 Dicite
2799 2753 2854 2806 in
2881 2750 3138 2823 gentibus,
3190 2744 3332 2800 Deus
3374 2743 3612 2815 regnavit
3639 2758 3673 2794 a
3709 2741 3856 2812 ligno

2246 2852 2365 2922 (Ps.
2395 2865 2514 2913 scr,
2551 2847 2665 2919 10).
2726 2846 2841 2902 Non
2884 2845 3026 2915 quod
3060 2857 3168 2902 non
3213 2853 3438 2908 semper
3468 2852 3496 2890 a
3533 2835 3860 2892 conditione

2249 2955 2433 3000 nostra
2464 2943 2565 2997 sub
2599 2942 2695 2996 Dei
2727 2939 2961 3010 imperio
3001 2938 3306 2998 fuerimus;
3355 2931 3452 2986 sed
3483 2929 3763 3000 quamdiu
3795 2927 3862 2982 ab

2249 3041 2366 3108 ejus
2394 3038 2543 3094 cultu
2565 3052 2628 3092 ac
2652 3035 2932 3092 voluntate
2959 3031 3349 3094 dissensimus,
3377 3024 3639 3087 aestimati
3663 3036 3862 3080 sumus

2250 3133 2439 3189 alieni.
2462 3131 2618 3189 Unde
2641 3139 2697 3185 et
2719 3129 2936 3201 Moyses
2956 3125 3279 3197 pra'dictum
3315 3121 3584 3193 populum
3621 3117 3863 3189 prophe-

551 3214 742 3270 mundi
776 3225 830 3270 et
877 3215 1111 3270 hominis
1140 3219 1422 3272 creatione
1451 3216 1793 3288 disponeret,
1834 3232 2149 3276 sacramen-
2173 3201 2218 3262 (ἶ
2255 3229 2362 3282 tice
2393 3229 2643 3292 increpat
2666 3223 2883 3278 dicens:
2941 3219 3058 3274 Erit
3084 3216 3308 3292 pendens
3334 3217 3442 3270 vita
3466 3224 3553 3272 tua
3587 3223 3708 3268 ante
3731 3229 3861 3267 acst-

554 3316 666 3362 ttttn
692 3307 978 3363 Trinitatis
1008 3319 1311 3376 ostensum,
1341 3311 1626 3380 Scriptura
1654 3311 1897 3370 dicente:
1925 3309 1992 3366 Et
2017 3312 2148 3368 dixit

557 3398 691 3454 Dens
714 3415 733 3453 :
756 3396 1042 3454 Faciamus
1064 3399 1324 3456 hominem
1347 3403 1418 3456 ad
1457 3403 1738 3473 imaginem
1766 3413 1811 3456 et
1840 3403 2148 3460 similitudi-

554 3505 670 3544 nem
695 3500 926 3544 nostram
957 3489 1110 3564 (Gen.
1138 3507 1177 3561 ι,
1206 3491 1324 3562 26).
1349 3492 1480 3548 Cum
1504 3493 1639 3550 dicit
1677 3504 1933 3563 nostram,
1970 3496 2153 3566 prodit

559 3583 747 3655 utique
773 3598 882 3638 n0n
910 3587 1102 3651 unius;
1136 3601 1258 3642 cum
1284 3604 1416 3642 vero
1445 3590 1514 3642 ad
1539 3591 1816 3661 imaginem
1844 3602 1890 3646 et
1911 3592 2153 3654 similitu-

557 3675 730 3730 dinem
765 3676 998 3748 profert,
1052 3682 1416 3751 il’qttalilalelll
1473 3683 1848 3740 ιΙὶειιιιριιιιιὶε
1889 3685 2153 3751 insinuat,

560 3779 617 3824 ιιι
649 3774 701 3825 in
728 3772 918 3828 eodem
947 3787 1116 3843 opere
1149 3774 1224 3828 sit
1251 3774 1538 3832 Trinitatis
1564 3785 1754 3847 aperta
1795 3779 2062 3849 cognitio,
2096 3780 2150 3836 in

555 3879 780 3936 quanec
809 3866 1040 3936 pluritas
1053 3884 1208 3925 cassa
1233 3878 1340 3938 est,
1359 3885 1458 3926 nec
1484 3871 2153 3941 similitudodissentiens,

557 3958 688 4014 dum
717 3970 772 4016 et
802 3965 1198 4033 consequentia
1229 3965 1310 4019 sic
1335 3965 1662 4022 traduntur:
1724 3966 1787 4020 Et
1819 3968 1952 4024 dixit
1981 3965 2154 4026 Deus:

563 4051 687 4106 Fiat
717 4069 736 4108 :
759 4061 833 4118 ct,
867 4051 1016 4110 Fecit
1044 4054 1225 4111 Deus:
1255 4065 1328 4124 et,
1360 4057 1632 4113 Benedixit
1664 4058 1824 4115 Deus.
1853 4060 1996 4116 Deus
2025 4075 2159 4131 ergo

562 4146 724 4204 Pater
758 4147 1005 4204 facienda
1044 4149 1356 4218 denuntiat,
1392 4151 1570 4208 Filius
1600 4156 1816 4224 perlicit
1837 4156 2002 4220 dicta,
2031 4155 2156 4225 Spi-

564 4242 702 4298 ritus
744 4255 970 4300 sanctus
1021 4246 1406 4304 benedictione
1457 4247 1781 4304 conﬁrmat:
1831 4260 1887 4306 et
1937 4265 2162 4308 necesse

562 4344 668 4400 est,
687 4345 743 4390 ut
771 4337 1071 4394 creationis
1103 4340 1268 4395 totius
1293 4342 1644 4398 auctorDeus
1658 4360 1795 4400 unus
1823 4345 1914 4408 sit,
1943 4344 2160 4401 tametsi

563 4435 648 4481 est
675 4428 1008 4484 enuntiantis
1036 4447 1222 4486 sermo
1263 4433 1577 4489 Faciamus:
1637 4452 1798 4504 quam
1831 4437 1956 4494 lidei
1997 4441 2163 4495 ratio-

567 4534 688 4574 nem
716 4520 935 4592 antiqua
959 4522 1194 4594 denique
1218 4525 1548 4598 perMoysen
1568 4527 1874 4586 benedictio
1902 4531 2090 4600 pandit
2110 4539 2166 4587 et

2253 3321 2330 3374 los
2354 3330 2489 3385 tuos,
2520 3328 2566 3371 et
2589 3316 2790 3370 timebis
2812 3315 2895 3368 die
2919 3331 2979 3368 ac
3007 3322 3173 3379 nocte,
3199 3321 3244 3364 et
3269 3326 3372 3364 non
3400 3307 3580 3363 credes
3613 3308 3732 3360 site
3761 3316 3862 3359 tua

2255 3411 2434 3484 (Deut.
2467 3425 2657 3474 xxvut,
2704 3409 2820 3478 66).
2863 3408 2940 3462 De
2970 3421 3079 3476 quo
3107 3417 3160 3460 et
3189 3403 3244 3456 in
3297 3400 3554 3456 Numeris
3585 3399 3659 3454 ita
3689 3398 3864 3468 scrip-

2256 3513 2368 3560 tum
2395 3511 2513 3558 est:
2547 3500 2668 3558 Non
2692 3501 2843 3571 quasi
2867 3500 3017 3554 homo
3051 3497 3187 3550 Dens
3205 3494 3565 3565 suspenditur,
3591 3508 3687 3545 nec
3716 3489 3864 3560 quasi

2258 3599 2399 3668 ﬁlius
2445 3595 2671 3652 hominis
2704 3594 2866 3647 minas
2894 3592 3088 3662 patitur
3119 3587 3309 3657 (Num.
3358 3601 3514 3649 unt,
3547 3583 3662 3653 19).
3725 3581 3864 3638 Vere

2257 3692 2400 3746 enim
2430 3690 2481 3742 in
2510 3702 2574 3742 ea
2606 3685 3031 3755 exprobratione
3069 3680 3216 3751 quod
3247 3694 3304 3732 sc
3335 3677 3430 3732 Dei
3463 3676 3663 3732 Filium
3714 3673 3866 3728 dice-

2261 3792 2364 3849 ret,
2390 3791 2581 3840 cuucta
2633 3792 2928 3850 perpeSSus
2967 3787 3087 3836 est,
3129 3784 3184 3829 et
3215 3787 3320 3827 non
3352 3779 3413 3826 ut
3441 3769 3609 3826 homo
3642 3767 3668 3805 ι’
3701 3768 3866 3822 datus

2261 3889 2344 3934 est
2397 3876 2587 3941 morti,
2621 3890 2786 3945 quem
2817 3888 2923 3928 non
2953 3886 2979 3924 a
3013 3869 3244 3925 crimine
3292 3881 3427 3922 crux
3466 3863 3697 3932 recepit.
3762 3859 3865 3918 Per

2262 3974 2432 4030 Amos
2456 3987 2585 4027 vero
2619 3966 2937 4039 prOpbetam
2983 3963 3224 4034 Spiritus
3255 3959 3494 4028 Inquitur
3534 3956 3628 4010 die
3662 3953 3862 4012 media.

2262 4066 2404 4122 sicut
2431 4063 2633 4120 factum
2663 4071 2746 4116 est
2771 4062 2824 4115 in
2858 4057 3112 4128 passione
3140 4055 3310 4117 illius,
3344 4062 3560 4106 noctem
3592 4048 3863 4110 futuram;

2263 4157 2336 4213 ait
2367 4156 2542 4211 enim:
2578 4153 2645 4208 Et
2664 4153 2762 4206 erit
2783 4152 2839 4206 in
2864 4150 2948 4204 die
2977 4149 3092 4216 illa,
3120 4147 3244 4201 dicit
3260 4143 3536 4207 Dominus,
3562 4141 3769 4196 occidet
3791 4139 3868 4194 sol

2263 4249 2498 4316 meridie,
2556 4257 2577 4285 ο
2624 4257 2671 4301 et
2713 4245 2820 4300 dies
2851 4243 2981 4299 lucis
3030 4237 3444 4296 obtenebrabitur
3492 4251 3650 4304 super
3679 4243 3869 4288 terra

2267 4343 2446 4414 (Amos
2477 4357 2591 4405 vni,
2614 4340 2688 4409 9).
2723 4339 2794 4394 Et
2825 4335 3161 4394 Hieremias:
3198 4333 3463 4388 Eaterrita
3497 4338 3570 4384 est
3620 4342 3741 4400 quia
3773 4342 3867 4397 pa-

2265 4442 2354 4509 rit,
2371 4450 2419 4495 et
2449 4439 2616 4492 tintuit
2637 4437 2812 4490 anima
2835 4437 2970 4507 ejus.
3006 4432 3177 4488 Subiit
3205 4429 3306 4496 sol,
3330 4444 3446 4484 cum
3465 4425 3644 4480 adhuc
3670 4423 3868 4478 medius

2269 4533 2375 4586 dies
2404 4540 2530 4584 esset
2558 4573 2570 4598 ,
2633 4540 2680 4582 et
2703 4532 3023 4602 confusa_est
3058 4522 3272 4596 (Jerem.
3308 4536 3397 4588 sv,
3429 4519 3508 4588 9).
3541 4517 3660 4574 Sub
3691 4515 3870 4576 verbis

564 4616 922 4687 comprobat,
972 4633 1079 4688 qua
1115 4618 1449 4676 benediCcre
1502 4621 1760 4690 populum
1818 4636 2165 4680 sacramento
2270 4635 2449 4682 autem
2473 4625 2644 4695 ipsius
2675 4622 2908 4686 Domini,
2931 4597 3103 4676 etiam
3136 4621 3528 4674 tormentorum
3554 4621 3724 4679 atque
3750 4610 3870 4663 illu-

565 4710 721 4765 trina:
751 4711 1111 4768 invocatiouis
1153 4713 1409 4783 jubetur;
1443 4715 1519 4772 ait
1549 4715 1694 4772 enim
1740 4716 1882 4772 Deus
1915 4716 1982 4772 ad
2015 4717 2163 4788 Moy-

567 4817 662 4858 sen
689 4822 702 4858 :
760 4806 848 4861 Sic
877 4806 1138 4864 benedices
1165 4808 1416 4880 papulum
1440 4826 1608 4866 meum
1629 4853 1641 4876 ,
1681 4820 1737 4866 ut
1765 4819 1813 4866 et
1845 4827 1939 4884 ego
1959 4809 2170 4866 benedi-

570 4912 684 4949 cam
705 4899 856 4954 illos:
889 4899 1168 4955 Benedicat
1197 4911 1246 4956 te
1270 4899 1525 4956 Dominus
1547 4913 1593 4956 et
1618 4904 1876 4960 custodiat
1904 4916 1951 4960 te
1969 4921 1988 4960 :
2035 4913 2081 4960 et
2102 4905 2169 4960 il-

573 4990 785 5044 luminet
809 4990 1063 5049 Dominus
1089 4996 1276 5065 faciem
1302 5013 1451 5052 suam
1484 5013 1640 5068 super
1662 5006 1730 5061 te,
1785 5007 1834 5052 et
1864 4999 2171 5053 misereatur

576 5085 649 5142 tui
672 5099 689 5137 :
719 5084 924 5142 attollat
949 5087 1199 5144 Dominus
1223 5090 1408 5160 faciem
1431 5107 1578 5147 suout
1598 5107 1752 5162 super
1782 5099 1851 5159 te,
1895 5100 1940 5146 et
1968 5091 2052 5146 det
2081 5091 2174 5149 tibi

651 5281 686 5348 δέ
706 5272 797 5330 Sic
818 5271 988 5348 codex
1013 5272 1172 5329 Vind.
1203 5285 1255 5332 et
1287 5276 1436 5332 Lem.
1460 5294 1475 5342 ;
1507 5278 1656 5348 prior
1679 5277 1848 5334 editio
1873 5277 2176 5348 substantia

580 5347 872 5418 majestate,
897 5345 1075 5400 minus
1105 5359 1274 5418 recte.
1312 5348 1451 5402 Infra
1484 5345 1546 5403 ex
1578 5348 1698 5404 cod.
1735 5348 1891 5406 Vind.
1926 5347 2172 5404 voculam

581 5414 674 5482 sic,
706 5432 826 5485 qua:
842 5414 1055 5480 deerat,
1075 5417 1467 5486 adscripsimus
1498 5421 1584 5473 nhi
1619 5421 1832 5487 legitur,
1866 5421 1940 5474 sic
1962 5419 2172 5474 benedi-

2271 4721 2444 4776 sionis
2473 4717 2722 4786 iniuriam
2749 4714 2939 4772 Esaias
2961 4709 3300 4781 apertissime
3327 4703 3631 4764 declaravit
3651 4701 3867 4756 dicens:

2270 4814 2496 4869 Dorsum
2526 4828 2692 4866 meum
2724 4811 2872 4882 posui
2893 4810 2961 4864 ad
2986 4804 3217 4878 ﬂagella,
3276 4813 3320 4856 et
3351 4799 3594 4860 tnaxillas
3637 4812 3784 4850 meas
3809 4795 3870 4847 ad

2270 4906 2494 4980 palmas,
2547 4915 2594 4959 et
2619 4905 2803 4976 faciem
2833 4917 3001 4960 meum
3036 4916 3137 4958 non
3167 4898 3326 4954 averti
3354 4912 3388 4952 ιι
3414 4892 3651 4962 fceditate
3695 4901 3873 4959 sputo-

2273 5015 2388 5054 rum
2415 4997 2554 5067 (Iw.
2585 5015 2638 5063 ι..
2670 4997 2749 5066 6).
2795 4995 2931 5054 Ilinc
2957 5003 3013 5048 et
3036 5007 3131 5062 per
3164 4989 3330 5046 David
3356 4996 3480 5048 ante
3513 4981 3867 5055 praedixerat:

2277 5090 2544 5146 Fuderunt
2571 5106 2754 5146 manus
2795 5102 2936 5140 meas
2963 5094 3011 5142 et
3041 5084 3190 5156 pedes
3221 5098 3355 5142 meos
3379 5121 3395 5146 ,
3443 5088 3489 5136 ct
3511 5077 3872 5136 dinumerare-

2281 5293 2310 5332 a
2337 5278 2540 5335 inda-is
2578 5277 2782 5332 idcirco
2813 5289 2935 5330 esse
2983 5272 3143 5332 morti
3169 5271 3385 5333 datum,
3418 5264 3562 5340 quod
3591 5280 3655 5320 se
3691 5263 3786 5344 Dei
3813 5265 3870 5344 ti-

2282 5350 2412 5411 lium
2440 5351 2666 5414 diceret,
2716 5363 2816 5402 nec
2843 5346 3154 5401 danmatum
3196 5357 3317 5414 esse
3346 5335 3664 5414 tll‘om‘tct'ps
3695 5335 3874 5414 homi-

2284 5407 2404 5486 ncs,
2436 5437 2558 5476 cum
2592 5407 2714 5475 cum
2750 5418 2952 5472 nullius
2999 5414 3217 5469 admissi
3248 5410 3448 5482 piaculi
3501 5407 3877 5486 insimulatum

581 5503 663 5540 crs
704 5488 974 5556 papulum.
1028 5487 1278 5559 Ejusdem
1330 5497 1414 5544 est
1457 5491 1599 5558 quod
1626 5491 1894 5546 edidimus
1937 5493 1990 5545 in
2019 5492 2125 5546 line
2156 5531 2173 5559 ,

582 5561 670 5631 agi
695 5567 740 5612 et
765 5560 912 5630 efﬁci,
941 5576 1063 5616 cum
1084 5563 1226 5616 edita
1263 5561 1373 5618 illic
1397 5562 1583 5617 mutila
1610 5570 1814 5619 essent.

656 5631 686 5670 δ
716 5635 768 5686 ld
802 5652 851 5684 ιιι
906 5633 1051 5690 hunc
1099 5633 1273 5686 locum
1324 5633 1604 5688 annotavit
1649 5633 1961 5688 Acherius:
2010 5630 2078 5686 Id
2110 5640 2184 5687 est

594 5721 696 5759 non
723 5705 861 5772 quod
887 5704 1144 5761 hominem
1171 5722 1226 5762 se
1253 5705 1464 5771 diceret,
1496 5707 1648 5760 morti
1672 5705 1822 5762 datus
1848 5715 1920 5760 est
1938 5721 1957 5760 .'
1982 5705 2101 5773 sed,
2127 5714 2186 5768 ut

592 5790 788 5848 verum
823 5775 1032 5848 Vfatcar,
1086 5777 1218 5830 mihi
1245 5781 1462 5848 quidem
1511 5777 1627 5848 bare
1655 5776 2036 5848 interpretatio
2077 5791 2185 5831 non

611 5846 786 5925 placet
820 5847 920 5916 hoc
952 5850 1094 5901 enim
1125 5845 1305 5903 dicere
1328 5849 1547 5910 videtur
1575 5847 1888 5925 laedimus.
1913 5845 2185 5924 Christum

2284 5480 2414 5549 rruit
2471 5490 2777 5560 receperit:
2834 5492 3016 5554 itaque
3044 5488 3093 5539 in
3129 5480 3610 5560 hnneconvenire
3645 5494 3878 5560 quae!

2285 5550 2647 5620 Numerorum
2681 5564 2821 5617 libro
2848 5550 3011 5628 supra
3039 5551 3514 5630 exscripsit_.Qu_ud
3545 5567 3611 5603 eo
3645 5550 3770 5630 loco
3803 5550 3880 5604 Ie-

2283 5638 2429 5709 gitur
2452 5637 2616 5715 minus
2643 5635 2854 5715 patitur,
2887 5623 2990 5686 non
3019 5623 3412 5699 probatcodex
3437 5623 3657 5677 Letnov.
3691 5623 3742 5673 in
3772 5635 3884 5690 quo

2288 5725 2388 5764 Vox
2416 5709 2584 5764 minas
2612 5709 2814 5762 otnissa
2844 5713 2948 5758 est.

2367 5791 2388 5818 ο
2444 5779 2499 5832 lu
2527 5777 2639 5831 alio
2658 5779 2847 5830 codice
2879 5785 2924 5826 et
2956 5775 3009 5825 in
3037 5772 3120 5848 die
3147 5772 3258 5824 lux.
