4074 6204
270 336 410 393 ill?

1459 335 2090 394 (JONSUIJATIONUM
2135 335 2265 392 LIB.
2311 335 2375 390 ll.

3426 333 3565 389 1118

267 467 388 508 rn-;t
420 453 653 510 universa
703 471 813 510 ossa
846 471 974 508 min.
1037 451 1148 526 Ipsi
1177 469 1290 510 vero
1316 453 1768 510 consideraverunt
1817 463 1863 510 et
1893 458 1935 518 Α
1973 451 2223 508 Dominus
2255 450 2478 506 Domino
2510 466 2660 508 ineo:
2705 450 2844 506 Sede
2886 467 2915 504 ιι
2966 450 3162 503 dextris
3211 449 3355 514 areis,
3407 450 3569 503 donec

266 559 639 620 conspexerunt
662 564 760 602 me.
790 546 1086 604 Diviserqu
1116 548 1211 602 sibi
1228 547 1527 602 vestimenta
1553 558 1750 614 mea,et
1777 564 1866 606 stt-

268 657 362 712 per
388 651 575 694 vestem
603 657 764 694 nteant
790 641 1037 696 miserunt
1083 650 1269 694 sortem
1293 638 1415 712 (Ps.
1444 655 1556 705 xxr,
1589 640 1696 710 17).
1731 639 1866 698 Nota

266 733 524 790 omnibus
548 749 710 788 causa
753 743 856 798 est,
910 749 938 788 a
974 733 1353 803 militibusqui
1377 747 1499 788 eum
1530 736 1678 787 cruci
1706 731 1870 787 dede-

264 834 412 890 rant,
438 835 644 881 vestem
677 826 822 880 illius
855 825 1020 883 fuisse
1042 823 1296 888 divisam,
1329 834 1382 878 et
1403 839 1567 878 unum
1600 839 1664 878 ex
1695 824 1871 877 omni-

267 918 369 972 bus
425 917 768 974 vestimentis
805 924 831 952 ει
862 931 986 971 esse
1023 925 1147 971 ante
1199 914 1462 986 judicium
1515 924 1662 969 sorte
1721 926 1869 969 tran-

266 1010 522 1081 criptum.
541 1012 697 1067 Aceti
715 1011 966 1066 similiter
988 1019 1041 1066 et
1064 1009 1206 1066 fellis
1228 1010 1493 1066 admixtio
1520 1027 1680 1080 quam
1703 1010 1867 1069 iidem

265 1101 440 1160 Judzci
473 1105 734 1173 pendenti
766 1105 815 1158 in
847 1119 1010 1158 cruce
1046 1103 1272 1158 Domino
1301 1103 1591 1169 dederunt,
1639 1119 1731 1170 per
1759 1102 1868 1158 Da-

265 1197 356 1251 vid
387 1197 549 1267 longe
573 1209 700 1254 ante
723 1197 982 1267 pra-dicta
1007 1207 1108 1263 est,
1129 1199 1206 1250 sic
1233 1197 1578 1263 loquentem:
1608 1195 1870 1252 Dederunt

265 1289 396 1346 mihi
430 1292 482 1344 in
513 1306 679 1344 escam
706 1291 796 1360 fel,
851 1300 898 1343 et
931 1290 984 1343 in
1031 1290 1118 1344 siti
1147 1306 1260 1342 tum
1292 1298 1593 1360 potarerunt
1624 1305 1701 1344 me
1725 1298 1869 1344 aceto

269 1380 392 1452 (Ps.
421 1398 611 1450 vaut,
643 1381 759 1456 2-2.).
792 1382 865 1440 lta
905 1391 960 1438 et
1003 1398 1100 1452 per
1131 1381 1447 1440 Zachariam
1474 1382 1542 1437 de
1588 1383 1868 1438 vulnerum

266 1481 566 1536 acerbitate
591 1488 926 1548 conquestus
950 1489 1032 1536 est
1055 1478 1279 1534 dicens:
1310 1476 1657 1532 lntuebuntur
1684 1479 1738 1531 in
1764 1493 1865 1543 me,

265 1589 415 1645 quem
442 1573 809 1642 trans/irerunt
839 1571 1027 1645 (Zaclt.
1062 1587 1156 1634 xtl,
1193 1571 1306 1638 10).
1354 1571 1568 1627 Lancea
1611 1571 1753 1626 t‘ltilll
1788 1571 1864 1624 la-

266 1674 354 1722 tus
382 1666 528 1722 illius
549 1675 931 1735 penetrantes;
963 1664 1092 1733 quia
1123 1665 1448 1735 franget-eos
1473 1664 1584 1731 jaiu
1611 1663 1868 1720 defuncto

265 1757 618 1813 smvieutibus
671 1772 777 1810 non
827 1755 1045 1819 licebat.
1103 1756 1246 1826 quod
1287 1756 1414 1812 olim
1446 1755 1612 1827 Moysi
1659 1756 1863 1810 dictum

1972 561 2161 618 ponam
2190 545 2424 602 inimicos
2478 555 2594 599 tuos
2645 543 2926 600 scabellum
2973 543 3162 615 pedum
3192 552 3398 598 tuorum
3443 541 3562 613 (Ps.

1971 653 2079 702 cut,
2106 638 2184 707 1).
2216 635 2350 695 Cum
2388 637 2573 706 igitur,
2607 645 2840 692 testante
2873 635 3160 706 propheta,
3209 633 3475 689 Dominus
3501 635 3568 690 ad

1974 729 2261 788 Dominum
2301 731 2374 786 sit
2421 731 2666 792 locutus;
2700 728 2790 784 cui
2831 728 3054 784 dubium
3105 735 3211 791 est,
3254 726 3398 797 quod
3433 725 3569 782 Filio

1973 811 2132 878 Pater
2164 823 2215 876 in
2237 821 2468 892 gloriam
2502 821 2801 876 divinitatis
2840 835 2906 874 ex
2956 820 3180 874 homine
3231 819 3567 886 transeunti,

1971 915 2221 972 caelestis
2255 914 2445 985 judicii
2478 916 2780 985 potentiam
2835 929 2898 968 ac
2946 916 3054 968 vim
3105 913 3426 969 exercendae
3459 927 3572 967 ma-

1967 1006 2182 1075 jcslatis
2219 1007 2475 1072 insinuet,
2520 1006 2664 1062 sicut
2690 1010 2807 1075 ipse
2840 1007 2892 1060 in
2923 1005 3221 1073 Evangelio
3247 1004 3316 1060 de
3347 1004 3451 1058 hoc
3475 1019 3572 1060 eo-

1972 1099 2094 1152 dem
2126 1100 2247 1154 loco
2270 1098 2422 1163 dicit,
2457 1098 2590 1156 nulli
2621 1113 2876 1168 umquam
2901 1097 3238 1167 Angelorum
3261 1104 3357 1150 aut
3398 1094 3574 1150 homi-

1973 1208 2099 1248 num
2131 1191 2334 1248 dictum
2365 1192 2558 1259 fuisse,
2584 1201 2642 1248 ut
2662 1192 2728 1249 ad
2756 1193 2847 1247 Dei
2871 1191 3048 1246 Patris
3073 1190 3354 1246 dexteram
3371 1189 3572 1248 sedens

1972 1284 2244 1353 subjectos
2289 1285 2522 1354 pedibus
2568 1284 2802 1342 nominis
2864 1283 2949 1340 sui
3000 1284 3240 1339 calcaret
3287 1283 3576 1340 inimicos?

1974 1376 2128 1432 Hunc
2174 1378 2279 1436 sibi
2327 1377 2621 1434 Zacharias
2673 1390 2928 1434 astruens
2983 1377 3446 1444 demonstratum,
3493 1378 3574 1438 sic

1971 1469 2182 1524 locutus
2209 1478 2292 1524 est
2322 1486 2334 1523 :
2367 1467 2436 1524 Et
2479 1470 2700 1526 ostendit
2745 1469 2872 1524 mihi
2899 1469 3150 1524 Dominus
3179 1466 3366 1523 Iesum
3388 1483 3566 1523 sacer-

1972 1564 2140 1620 dotem
2205 1562 2356 1622 illnm
2410 1579 2658 1634 magnum
2706 1572 2927 1620 stantem
2978 1573 3101 1618 ante
3153 1565 3342 1635 [aciem
3388 1563 3574 1634 Anqeli

1971 1655 2218 1720 Domini;
2245 1665 2292 1710 et
2323 1654 2566 1712 diabolus
2595 1656 2765 1712 stabat
2785 1657 2853 1712 ad
2879 1656 3148 1712 dexteram
3168 1656 3285 1722 eius
3305 1655 3575 1711 aduersari

1971 1749 2037 1804 ei.
2075 1747 2136 1802 Et
2167 1748 2299 1804 dixit
2325 1740 2585 1804 Dominus
2614 1748 2683 1802 ad
2709 1748 3020 1809 diabolum:
3047 1746 3287 1819 Increpat
3320 1747 3575 1804 Dominus

269 1854 444 1912 fuerat
485 1853 890 1922 impleverunt;
921 1853 1000 1907 ait
1027 1851 1169 1906 enim
1205 1851 1462 1906 Dominus
1489 1849 1555 1905 ad
1581 1851 1821 1920 Moysem
1849 1868 1862 1904 :
1897 1855 1942 1915 Β
1972 1842 2023 1896 in
2049 1841 2602 1914 te,diabole,increpst
2627 1842 2880 1899 Dominus
2907 1844 2960 1896 in
2991 1851 3060 1903 te.
3087 1845 3174 1914 qui
3201 1841 3354 1913 elegit
3377 1842 3580 1900 Hieru-

263 1945 531 2016 Accipient
561 1962 754 2018 agnum
775 1955 1036 2000 maturum
1080 1943 1382 1999 anniculam
1414 1943 1477 1998 ab
1509 1944 1660 2014 agnis
1691 1954 1737 1997 et
1760 1942 1870 1997 Ita:-

267 2037 373 2100 dis.
407 2049 455 2096 et
482 2039 675 2094 occidet
698 2056 810 2093 eum
840 2041 1007 2096 omnis
1046 2040 1326 2094 multitudo
1354 2055 1630 2111 synagogw
1658 2038 1728 2092 ad
1759 2055 1869 2093 ves-

266 2148 471 2203 perum,
507 2142 553 2186 et
586 2132 972 2188 munducabunt
1003 2149 1061 2186 ea
1090 2142 1281 2196 nocte;
1319 2143 1368 2188 et
1399 2149 1456 2186 os
1486 2149 1588 2186 non
1619 2132 1870 2203 frangetis

267 2240 331 2278 ea:
351 2240 410 2278 eo
452 2223 647 2296 (Exod.
698 2238 784 2292 tu,
815 2225 1104 2295 5e1seq.).
1157 2225 1419 2280 Latrones
1474 2225 1710 2294 denique
1747 2237 1869 2278 sus-

271 2317 519 2388 pensioni
566 2316 682 2385 ejus
713 2332 834 2372 esse
859 2316 1174 2387 jungendos
1225 2317 1462 2386 Spiritus
1495 2316 1866 2387 prophetavit,

269 2410 491 2463 dicens:
524 2406 592 2462 Et
625 2408 960 2482 deputabitur
990 2426 1104 2463 cum
1131 2410 1318 2478 iniquis
1347 2407 1484 2480 (lsa.
1511 2423 1623 2472 Litt,
1652 2407 1760 2475 12).
1791 2407 1870 2462 De

270 2503 521 2574 pactione
564 2517 694 2556 vero
724 2501 959 2558 inlelicis
998 2501 1172 2568 Judw,
1216 2503 1304 2572 qui
1339 2517 1477 2556 unus
1502 2517 1570 2555 ex
1605 2500 1870 2570 apostolis

271 2594 392 2662 fuit,
421 2607 474 2650 et
496 2595 840 2650 Salvatorem
865 2595 1106 2665 acceptis
1136 2595 1360 2663 triginta
1390 2593 1668 2662 argenteis
1697 2591 1866 2646 tradi-

269 2691 371 2754 dit,
416 2689 554 2743 adeo
593 2687 878 2761 Scriptura
923 2704 1033 2743 non
1083 2692 1270 2755 Iacuit,
1311 2697 1370 2742 ut
1404 2687 1621 2742 modum
1654 2701 1871 2756 quoque

271 2782 512 2850 pccunize
541 2780 875 2852 designaret,
918 2780 995 2836 ait
1031 2781 1214 2834 enim:
1268 2779 1338 2835 Et
1369 2784 1599 2850 fecerunt
1647 2780 1868 2849 pretium

268 2876 556 2947 appreciati
587 2875 803 2946 triginta
841 2886 1115 2949 argenteos
1146 2874 1364 2947 (Zacclr.
1401 2892 1475 2937 ιι.
1523 2875 1633 2942 15).
1664 2875 1757 2929 llis
1783 2885 1870 2930 te-

269 2968 374 3022 stia
402 2968 544 3024 oniis
570 2969 880 3038 passionem
913 2968 1172 3038 probasse
1202 2967 1460 3022 sufﬁciat.

342 3063 489 3115 Nunc
528 3077 661 3116 vero
704 3063 1159 3118 resurrectionem
1209 3061 1312 3116 sub
1352 3062 1523 3130 ipsius
1560 3061 1869 3116 Salvatoris

269 3153 448 3208 verbis
472 3154 538 3208 ad
569 3152 784 3208 Patrem
820 3155 1093 3224 loquentis
1130 3169 1390 3224 agnosce,
1445 3151 1612 3207 David
1665 3154 1860 3216 plvnis-

1969 1935 2151 1992 salem.
2179 1936 2367 1990 Nonne
2389 1934 2475 1990 hic
2505 1936 2619 1990 titio
2645 1945 2909 1994 extractus
2930 1953 2993 1992 ex
3021 1937 3127 2007 igni
3157 1946 3231 1992 est
3253 1935 3444 2008 (Zacli.
3476 1949 3565 2004 nt,

1975 2031 2023 2094 1,
2045 2031 2143 2102 *2)?
2169 2031 2224 2088 id
2255 2040 2361 2096 est,
2397 2032 2658 2101 nuuiquid
2694 2046 2803 2087 non
2837 2047 3055 2100 peracta
3084 2034 3196 2100 jam
3227 2033 3409 2102 passio
3436 2040 3523 2088 est
3545 2075 3561 2102 ,

1970 2135 2045 2192 et,
2103 2123 2344 2182 hominis
2397 2124 2692 2195 fragilitate
2736 2126 3008 2196 deposita,
3064 2137 3306 2196 potestas
3353 2128 3575 2187 Christo

1969 2217 2306 2288 sempiterna
2330 2218 2632 2274 successit?
2658 2218 2844 2274 Daniel
2868 2233 3088 2288 qu0que
3111 2220 3259 2290 paria
3287 2220 3356 2275 de
3377 2221 3576 2280 eodem

1973 2311 2263 2382 proferens
2299 2313 2414 2368 ait:
2456 2311 2750 2370 Videbam:
2780 2329 2893 2370 eccs
2919 2313 2974 2368 in
3006 2315 3223 2370 nubibus
3267 2313 3384 2369 ereti
3427 2316 3579 2384 quasi

1971 2405 2110 2474 ﬁlius
2141 2405 2366 2464 hominis
2411 2413 2545 2460 venit
2595 2423 2755 2473 usque
2789 2405 2859 2460 ad
2903 2405 3136 2462 Veterem
3185 2409 3386 2461 dierum
3419 2424 3439 2461 :
3487 2409 3577 2476 qui

1969 2499 2274 2552 assistebant
2301 2498 2602 2556 obtulerunt
2622 2515 2760 2563 eum,
2783 2508 2832 2552 et
2849 2498 2976 2552 data
2995 2510 3069 2556 est
3095 2500 3140 2552 ei
3161 2508 3384 2570 potestas
3406 2501 3571 2572 regia,

1970 2601 2016 2644 et
2046 2593 2213 2646 omnis
2243 2601 2402 2658 terra,
2432 2601 2482 2648 et
2511 2608 2696 2663 genus,
2750 2601 2798 2647 et
2847 2594 3017 2648 omnis
3059 2592 3272 2648 claritas
3315 2595 3536 2649 servient
3557 2610 3579 2650 :

1970 2697 2016 2740 ct
2064 2696 2289 2756 potestas
2317 2689 2432 2757 ejus
2465 2694 2689 2753 potestas
2735 2697 2950 2752 (eterna,
2999 2702 3114 2756 qua:
3142 2703 3246 2741 non
3273 2691 3576 2758 auferetur;

1973 2787 2017 2831 et
2046 2793 2263 2848 regnum
2293 2777 2440 2832 illius
2468 2792 2570 2830 non
2598 2787 2960 2848 corrumpetur
2993 2776 3155 2847 (Dan.
3193 2793 3290 2842 vn,
3333 2778 3423 2847 15,
3458 2777 3574 2849 14).

1974 2872 2099 2926 lla-c
2149 2874 2329 2940 itaque
2377 2871 2552 2926 Juda'i
2601 2871 2834 2927 audiunt
2863 2880 2919 2927 et
2947 2881 3269 2926 recensent:
3302 2879 3579 2928 noverunt

1973 2965 2094 3030 ista,
2129 2979 2229 3019 nec
2262 2975 2439 3020 tamen
2466 2962 3030 3026 creduntChristnm.
3060 2979 3225 3033 quem
3257 2981 3284 3017 a
3321 2963 3570 3030 patribus

1970 3059 2275 3127 abjuratum
2305 3072 2414 3114 non
2447 3057 2734 3114 nesciunt:
2774 3056 2870 3112 sed
2921 3056 3138 3112 nescire
3175 3070 3235 3110 se
3287 3056 3570 3123 simulant,

1971 3150 2096 3206 dum
2137 3149 2210 3206 ita
2257 3163 2473 3219 semper
2520 3150 2684 3204 etiam
2731 3150 2784 3204 in
2835 3150 3028 3206 eadem
3072 3162 3232 3218 quam
3278 3146 3574 3217 praeferunt

265 3250 405 3306 sime
437 3252 806 3320 pet-docente:
846 3252 967 3308 Non
996 3253 1318 3323 derelinques
1361 3253 1593 3306 animam
1622 3269 1786 3307 meam
1811 3253 1862 3307 in
1895 3239 1938 3303 C
1974 3243 2088 3312 iege
2136 3243 2411 3307 νῖιθηιηῐν
2459 3249 2518 3296 ιη
2549 3242 2598 3296 id
2635 3243 2776 3310 αυοα
2818 3242 2978 3296 “hiis
3027 3241 3351 3308 ῖθῑεΐθηίυΐν
3403 3239 3570 3296 ουΐάθ

265 3344 494 3412 inferno,
530 3361 619 3398 nec
645 3345 791 3399 dabis
829 3355 1066 3400 sanctum
1099 3355 1242 3402 tuum
1270 3345 1441 3399 videre
1481 3347 1861 3415 corruptionem

265 3435 386 3506 (Ps.
415 3452 502 3503 xv,
544 3437 651 3508 10).
691 3439 880 3496 Dicere
905 3437 1009 3495 hoc
1040 3438 1109 3493 de
1147 3453 1208 3494 se
1256 3438 1544 3504 praedictus
1594 3438 1859 3508 pr0pheta

267 3546 372 3583 non
402 3534 599 3600 potuit,
633 3535 722 3601 qui
775 3549 945 3601 usque
989 3527 1056 3586 5d
1107 3532 1410 3585 communis
1442 3531 1862 3587 resurrectionis

262 3623 430 3689 diem,
466 3626 517 3680 in
566 3643 627 3681 ea
669 3644 774 3694 qua
815 3640 898 3682 est
939 3625 1182 3697 patribus
1228 3625 1445 3680 additus
1487 3625 1857 3692 corruptione,

261 3715 501 3772 durabit.
537 3718 639 3772 Per
660 3718 872 3772 Esaiam
899 3717 1189 3774 similiter:
1223 3715 1380 3772 Nunc
1405 3732 1697 3786 resurgam,
1724 3734 1862 3772 nunc

261 3810 613 3879 gloriﬁcabor,
665 3827 804 3866 nunc
861 3809 1150 3876 exaltabor,
1202 3825 1336 3863 nunc
1385 3809 1648 3876 videbitis,
1726 3826 1859 3862 nunc

258 3902 561 3958 erubescens
589 3903 728 3974 (ιω.
780 3919 987 3968 xxxut,
1025 3903 1135 3975 10).
1170 3902 1310 3958 Vere
1338 3911 1521 3956 autem
1559 3904 1627 3957 de
1663 3902 1857 3958 Salva-

259 4002 378 4050 tore
421 3995 802 4064 praemunitum
859 3996 1094 4065 prmstita
1144 3994 1330 4051 inferis
1384 3995 1527 4050 bidui
1584 4011 1756 4061 mora,
1805 4005 1861 4052 et

258 4092 382 4154 post
408 4099 673 4142 ascensus
702 4100 1046 4154 consequens
1068 4087 1272 4156 prodit,
1297 4103 1408 4157 quo
1434 4101 1634 4157 corpus
1662 4097 1858 4156 sponte

256 4179 586 4248 depositum,
621 4190 819 4250 sponte
855 4179 1056 4236 iterum
1093 4181 1314 4250 propria
1343 4195 1626 4236 resumens
1652 4184 1852 4238 evexit.

257 4269 408 4326 llunc
434 4272 578 4327 enim
611 4271 822 4330 dierum
856 4281 980 4342 post
1010 4273 1470 4328 resurrectionem
1495 4273 1638 4330 illius
1666 4289 1858 4331 nume-

253 4376 373 4415 rum
401 4361 542 4418 Osee
570 4362 827 4433 propheta
859 4362 1102 4432 apertius
1130 4362 1388 4420 iudicavit
1415 4363 1604 4420 dicens
1631 4383 1644 4419 :
1672 4365 1856 4435 Viviﬁ-

250 4453 382 4507 cavit
411 4469 505 4508 nos
538 4452 675 4508 Deus
729 4455 814 4510 die
866 4456 1042 4523 tertio,
1092 4466 1205 4527 post
1262 4454 1475 4510 biduum
1523 4472 1856 4528 resurgentus

253 4546 409 4615 (Osee
431 4561 503 4612 vr,
531 4546 608 4616 5).
633 4547 823 4604 Esaias
848 4561 981 4603 vero
1005 4558 1168 4603 totam
1191 4548 1461 4618 passionis
1484 4564 1854 4622 ascensusque

1968 3335 2133 3392 simul
2163 3346 2218 3392 et
2245 3350 2415 3406 opere
2439 3335 2796 3405 denegarent.

2574 3428 2805 3484 CAPUT
2846 3428 2957 3484 Vll.

1966 3523 2071 3577 Cur
2099 3524 2325 3593 antiqua:
2353 3522 2482 3594 legis
2513 3524 2682 3594 portio
2711 3523 2780 3578 sit
2808 3523 2992 3587 recisa,
3027 3522 3106 3578 uel
3143 3536 3258 3592 quia
3300 3521 3568 3576 uolumina

2239 3616 2613 3675 observantiam
2633 3617 2855 3688 justitiat
2881 3615 3191 3672 tradiderint
3222 3615 3272 3670 ιι.

2035 3710 2238 3767 Αροιι..
2282 3739 2354 3750 -
2397 3709 2540 3766 Satis
2585 3709 2909 3778 abundeque
2939 3719 3302 3765 monstratum
3335 3718 3442 3777 est,
3476 3721 3566 3762 re-

1963 3802 2357 3856 surrectionem
2416 3801 2744 3855 dominicam
2821 3813 3226 3867 ascensumque
3276 3799 3561 3855 cmlestem

1961 3897 2160 3952 divinis
2202 3896 2536 3954 testimoniis
2565 3896 2803 3964 elucere,
2835 3905 2891 3950 et
2921 3896 3020 3951 ista
3049 3895 3235 3950 omnia
3263 3894 3566 3964 spirituali-

1962 3988 2063 4042 bus
2087 3988 2295 4058 fulgere
2316 3986 2687 4051 documentis;
2709 3994 2768 4042 ut
2785 3987 2953 4042 etiam
2979 3987 3024 4041 si
3050 3986 3276 4041 admissi
3299 3985 3564 4042 facinoris

1961 4084 2138 4153 aliqua
2173 4082 2384 4153 possint
2415 4082 2735 4152 ignorantia:
2755 4085 3114 4136 excusatione
3141 4079 3386 4146 defendi,
3406 4079 3561 4136 dam-

1961 4176 2078 4230 nari
2112 4175 2462 4244 praesentium
2493 4174 2926 4232 incredulitatem
2951 4173 3156 4230 veritas
3173 4173 3337 4228 latius
3360 4173 3558 4229 diﬂ‘usa

1960 4269 2316 4339 compelleret
2349 4285 2363 4322 :
2411 4267 2536 4337 quia
2579 4266 2960 4322 auctoritatem
2989 4266 3298 4322 caelestium
3327 4274 3560 4321 statuto-

1958 4377 2080 4418 rum
2116 4372 2270 4418 actus
2309 4363 2645 4420 denuntiata:
2673 4359 2994 4418 humilitatis
3023 4359 3294 4428 implevit,
3335 4369 3390 4416 et
3433 4359 3563 4414 sub-

1958 4456 2319 4513 crescentium
2344 4455 2504 4514 docet
2528 4454 2826 4514 credulitas
2850 4454 3193 4524 populorum.
3214 4453 3398 4509 Pande
3416 4467 3560 4509 nunc

1959 4551 2144 4620 itaque
2173 4563 2274 4604 cur
2303 4548 2438 4619 legis
2467 4549 2670 4606 veteris
2714 4548 2894 4617 portio
2941 4546 3014 4624 sit
3063 4547 3262 4611 recisa,
3306 4547 3386 4601 rel
3434 4560 3558 4616 qua

254 4639 497 4694 indicans
551 4639 734 4707 ﬁdem,
781 4641 900 4696 haec
951 4641 1007 4696 in
1060 4641 1449 4710 praedicatione
1488 4659 1584 4698 sua
1631 4645 1850 4713 posuit:
1882 4637 2416 4712 Dantiquaudorum
2445 4642 2688 4708 priorum
2719 4638 3062 4693 voluminum
3116 4652 3278 4693 causa
3328 4636 3560 4692 formam

256 4732 538 4801 Tamquam
567 4735 674 4789 ouis
700 4737 771 4788 ad
795 4734 1102 4790 occisionem
1125 4735 1314 4789 ductus
1335 4744 1428 4801 est,
1455 4743 1501 4790 et
1533 4736 1667 4790 sicut
1687 4752 1854 4808 agnus

252 4841 424 4881 coram
457 4828 697 4882 tondente
724 4843 778 4880 se
805 4828 916 4882 sine
946 4843 1064 4882 voce
1103 4828 1176 4882 sic
1220 4843 1322 4881 non
1364 4827 1569 4897 aperuit
1600 4844 1656 4882 os
1677 4843 1852 4882 suunt.

252 4919 319 4974 In
352 4921 642 4976 humilitate
661 4920 923 4992 judicium
951 4921 1064 4990 ejus
1092 4920 1355 4974 sublatum
1401 4930 1499 4975 est.
1550 4920 1856 4975 Getteratio-

253 5029 366 5065 nem
393 5020 570 5066 autem
596 5010 740 5066 illius
767 5012 883 5079 quis
908 5009 1215 5066 enarrabit?
1265 5010 1523 5076 Quoniam
1573 5012 1784 5066 tolletur
1822 5027 1856 5066 a

255 5113 393 5158 terra
422 5105 522 5157 vita
551 5104 662 5172 ejus
695 5101 829 5173 (Isa.
864 5119 992 5166 Lm,
1035 5105 1089 5171 7,
1135 5102 1212 5175 8).
1263 5101 1440 5158 David
1481 5103 1709 5173 perinde
1751 5103 1854 5157 sub

253 5194 432 5250 verbis
460 5194 552 5249 Dei
581 5194 762 5249 Patris
787 5195 853 5249 ad
883 5196 1077 5250 Filium
1102 5195 1503 5267 proloquentis,
1541 5211 1648 5250 non
1674 5196 1852 5252 solum

253 5303 560 5356 ascensum,
593 5289 689 5344 sed
713 5300 765 5344 et
793 5289 1058 5359 judicium
1091 5289 1428 5360 praedicavit,
1457 5290 1676 5344 dicens:
1707 5288 1853 5342 Dixit

325 5461 351 5488 ἰ
381 5449 652 5519 Optimam
681 5444 977 5519 lectionem
1005 5446 1142 5519 hanc
1166 5445 1532 5515 suppeditavit
1554 5445 1724 5499 codex
1749 5445 1846 5519 Le-

251 5517 563 5583 mov.,nam
584 5519 637 5574 in
665 5517 831 5584 priori
854 5518 1097 5572 editione
1127 5518 1405 5586 legebatur
1439 5527 1668 5570 cessante
1688 5518 1838 5588 judiv

254 5592 510 5659 cio,quod
541 5591 626 5644 vix
662 5588 790 5644 ferri
819 5597 1049 5658 poterat.
1088 5588 1227 5643 lnl'ra
1258 5599 1613 5654 penetrantes,
1649 5590 1839 5642 malui-

259 5679 399 5728 mus,
449 5659 784 5732 qnzuniqnod
832 5661 883 5714 in
915 5659 1078 5715 editis
1130 5669 1248 5714 erat
1296 5669 1638 5732 penetrante;
1686 5661 1846 5714 etis-

257 5745 347 5789 vct
390 5734 558 5786 codex
593 5731 752 5786 Vind.
783 5747 848 5786 cx
889 5747 997 5798 quo
1026 5734 1188 5786 etiam
1223 5732 1358 5785 infra
1393 5733 1711 5800 scripsimus
1733 5748 1850 5786 sus-

260 5804 655 5880 pensionirjus,
690 5818 811 5880 cum
835 5805 985 5880 prior
1013 5805 1184 5880 ed_itio
1213 5802 1496 5880 pra-ferret
1532 5803 1854 5880 suspensioni

267 5875 330 5934 ei.
357 5879 486 5932 Eum
503 5875 678 5932 locum
702 5875 871 5932 Exodi
891 5893 1049 5947 quem
1069 5877 1360 5934 Zacciueus
1378 5877 1578 5943 laudat,
1594 5875 1732 5933 idem
1755 5891 1851 5931 co-

1959 4733 2318 4788 observantiae
2345 4731 2590 4800 justioris
2625 4729 2927 4793 invexerit;
2980 4743 3104 4782 cum
3131 4736 3190 4784 et
3219 4727 3362 4782 idem
3411 4738 3560 4782 utro-

1959 4840 2188 4892 rumque
2238 4823 2313 4877 sit
2355 4819 2624 4882 conditor.
2673 4829 2728 4876 et
2771 4820 2946 4874 cidem
2999 4818 3198 4874 divinat
3257 4818 3563 4888 maiestatis

1958 4915 2319 4971 substantiam
2352 4913 2648 4982 possidenti
2681 4928 2782 4968 nec
2810 4912 3059 4966 voluntas
3100 4911 3155 4968 in
3199 4912 3411 4970 ratione
3448 4911 3562 4970 dis-

1959 5009 2185 5073 sentiat,
2219 5018 2273 5065 ct
2303 5007 2356 5061 in
2389 5006 2736 5075 praescieutia
2766 5003 3044 5062 aeternitas
3073 5003 3430 5060 obseeundat.

2031 5101 2231 5157 ZACCB.
2256 5129 2328 5138 —
2356 5097 2558 5154 Fidelis
2588 5113 2652 5156 ac
2685 5112 2816 5154 vera
2851 5096 3120 5166 professio
3163 5107 3280 5162 est,
3328 5105 3559 5167 utraque

1961 5195 2123 5250 unius
2149 5193 2239 5248 Uei
2270 5206 2498 5249 censere
2525 5200 2817 5260 pra’cepta,
2845 5199 2902 5245 et
2931 5203 3026 5259 per
3052 5188 3274 5261 Moysen
3305 5188 3557 5246 traditam

1961 5289 2134 5359 legem
2187 5303 2292 5342 non
2338 5285 2654 5354 abrogatam
2686 5298 2780 5350 per
2809 5283 3111 5347 Christum,
3144 5281 3240 5340 sed
3277 5281 3556 5350 impletam

1953 5444 2055 5498 dex
2083 5442 2243 5512 paulo
2290 5442 2454 5495 aliter
2480 5440 2734 5496 exhibet:
2780 5456 2905 5494 nam
2940 5442 2990 5494 in
3034 5439 3342 5512 eo_legitur
3371 5440 3551 5506 accipe

1944 5509 2160 5597 agnum,
2188 5525 2244 5568 et
2267 5513 2653 5569 ntanducabunt
2684 5529 2800 5566 eum
2822 5521 2974 5566 nocte
2995 5527 3013 5564 :
3038 5513 3088 5565 in
3108 5509 3333 5564 Lemov.
3357 5516 3542 5578 etiam,

1945 5603 2140 5712 “ibi;
2163 5657 2282 5713 cod.
2311 5657 2474 5712 Vind.
2500 5655 2694 5725 legitur
2718 5654 3023 5708 intulerunt.
3046 5651 3190 5707 Infra
3217 5653 3374 5707 titulo
3390 5655 3544 5720 carni-

1957 5731 2048 5785 tali
2085 5731 2171 5792 12,
2205 5745 2270 5782 ex
2303 5728 2495 5782 eodem
2537 5727 2726 5781 codice
2769 5735 2822 5777 et
2862 5739 2893 5778 e
2933 5725 3158 5779 Lemov.
3209 5725 3542 5780 restituimus

1954 5805 2039 5871 qui
2068 5803 2202 5856 duos
2227 5801 2438 5863 dicunt,
2473 5799 2563 5853 ubi
2600 5797 2752 5871 male
2798 5805 2916 5871 erat
2963 5795 3188 5871 quinos
3229 5796 3443 5863 dicunt;
3486 5805 3542 5853 et

1963 5867 2199 5946 capitulo
2228 5871 2476 5943 sequenti
2505 5869 2726 5924 verbum
2758 5867 2918 5922 credit
2947 5869 3313 5939 ascripsimus.
