4074 6204
472 267 612 328 1119

1728 274 2049 334 ΖΔΟΟΙΙᾹΞΙ
2087 275 2482 336 CHRISTIANI

3627 283 3784 342 “20

475 387 674 460 fateri,
722 391 841 462 ipso
869 393 924 449 in
953 393 1263 468 Evangeliis
1291 394 1370 452 sic
1399 404 1776 468 protestante:
1810 396 1932 452 Non
1957 400 2071 453 veni
2098 403 2150 462 Α
2173 414 2417 470 maguum
2449 415 2552 454 non
2594 401 2842 455 sustineo.
2887 400 3159 474 Jeju‘nium
3206 411 3254 458 et
3286 402 3416 472 dies
3463 405 3627 473 festos
3668 402 3793 455 odit

479 479 642 552 legem
666 483 882 554 solvere,
928 486 1020 542 sed
1061 487 1347 561 adimplere
1389 487 1608 554 (Matth.
1663 505 1718 558 v,
1770 489 1881 563 17).
1933 488 2075 546 Olim

481 573 626 629 enim
654 577 986 647 evangelica:
1012 578 1419 649 praedicationis
1449 581 1720 651 promissa
1749 582 1837 637 lex
1868 582 2076 650 iuerat,

485 665 598 722 Deo
627 683 724 738 per
753 669 968 725 Esaiam
1001 672 1082 726 sic
1111 672 1370 744 loquente
1395 691 1409 728 :
1445 672 1558 728 Lee:
1584 689 1650 729 ea:
1680 673 1810 728 Sion
1841 674 2042 742 prodiet
2064 715 2079 739 ,

485 767 534 814 et
559 762 769 815 verbum
800 759 1013 817 Domini
1040 780 1104 818 ea:
1136 763 1471 820 Hierusalem
1500 764 1637 831 (lsa.
1679 780 1736 834 tt,
1779 765 1855 836 5).
1884 765 1940 820 1d
1973 774 2080 832 est,

483 864 861 908 consummata
879 854 1108 924 iustitiae
1136 857 1372 927 ﬁdeique
1394 857 1647 914 doctrina
1672 873 1770 928 per
1784 857 2079 924 Christum,

488 943 544 998 in
575 944 818 1001 Ecclesia
845 947 1216 1019 dignoscetur.
1244 950 1314 1006 Et
1339 952 1536 1007 iterum
1568 951 1827 1008 Michaeas
1848 971 1862 1007 :
1887 953 1994 1007 Lex
2022 969 2086 1008 ex

491 1036 622 1094 Sion
672 1041 894 1110 prodiel,
943 1054 992 1096 et
1038 1060 1204 1099 sermo
1240 1045 1454 1101 Domini
1499 1047 1563 1100 ab
1611 1047 1947 1105 Hierusalem
1981 1065 1999 1102 :
2041 1057 2085 1102 et

480 1130 743 1204 judicabit
771 1135 906 1189 inter
935 1138 1186 1207 plurimos
1217 1141 1459 1210 pOpulos,
1487 1148 1535 1194 et
1566 1143 1788 1195 revincet
1813 1150 1859 1194 et
1890 1142 2086 1211 deteget

491 1227 690 1282 validas
718 1230 950 1284 nationes
982 1231 1170 1302 (Mich.
1201 1248 1279 1301 tv,
1303 1233 1360 1299 2,
1389 1233 1466 1305 '5).
1491 1232 1750 1304 Alioquin
1773 1233 1945 1290 veteri
1970 1233 2090 1305 lege

485 1322 597 1394 jam
629 1324 851 1393 tradita,
884 1342 1006 1397 quae
1029 1328 1137 1383 alia
1165 1328 1265 1383 nisi
1292 1329 1717 1400 Evangeliorum
1739 1329 2092 1384 nuntiabatur

493 1418 778 1474 addenda?
807 1420 884 1475 De
914 1437 1020 1491 qua
1055 1437 1150 1492 per
1177 1423 1512 1479 Hieremiam
1545 1423 1802 1479 similiter
1824 1433 1909 1478 est
1940 1423 2093 1476 locu-

497 1520 585 1567 tus
609 1530 621 1566 :
657 1511 792 1568 Ecce
813 1514 926 1569 dies
949 1514 1178 1585 veniunt,
1211 1524 1260 1570 et
1288 1516 1658 1571 consummabo
1693 1533 1856 1586 supra
1883 1516 2093 1570 domum

498 1604 668 1662 Israel
694 1617 742 1663 et
770 1608 981 1662 dontum
997 1607 1029 1663 .l
1038 1613 1140 1663 uda
1162 1619 1520 1665 testamentum
1545 1627 1752 1666 novum.
1773 1610 1893 1664 Non
1915 1626 2096 1663 secun-

497 1701 622 1754 dum
649 1711 1005 1756 testamentum
1033 1703 1173 1773 quod
1208 1703 1441 1775 disposui
1480 1703 1709 1769 patribus
1749 1719 1948 1770 eorum,
1981 1718 2096 1755 cum

2177 495 2354 548 anima
2381 511 2512 548 mea.
2554 492 2707 549 Facti
2755 496 2881 551 estis
2928 496 3055 550 mihi
3102 497 3154 550 in
3201 496 3599 552 abundantiam.
3658 493 3796 550 Non

2179 587 2439 641 dimittam
2465 597 2675 660 peccata
2705 597 2869 642 vestra
2900 587 3034 659 (Isa.
3067 605 3108 658 ι,
3140 591 3228 655 11,
3263 588 3376 661 15).
3410 589 3464 644 ld
3491 599 3578 645 est
3605 629 3622 654 ,
3673 604 3794 643 non

2182 677 2268 733 his
2295 678 2521 749 piaculis
2551 679 2778 734 crimina
2822 690 3002 735 vestra
3039 681 3315 752 purganda
3342 691 3504 746 sunt;
3528 680 3626 736 sed
3657 679 3801 750 quid

2183 783 2330 827 esset
2388 773 2439 827 in
2489 783 2677 828 nostro
2731 773 3054 842 baptismate
3101 773 3496 844 puriﬁcationis
3538 774 3803 828 futurum

2186 863 2503 935 prophetiae
2556 865 2951 920 demonstravit
3000 865 3224 921 dicens:
3270 865 3564 929 Lavamini,
3600 865 3810 918 mundi

2186 965 2347 1010 estote
2377 954 2564 1030 (Ibid.,
2601 957 2714 1027 16).
2743 957 2798 1013 ld
2826 966 2930 1022 est,
2961 972 3084 1013 cum
3111 958 3256 1013 illius
3285 958 3623 1012 visitationis
3651 966 3812 1012 tem-

2189 1064 2290 1119 pus
2339 1049 2641 1114 advenerit,
2696 1050 2958 1119 spiritalis
3000 1051 3196 1106 lavacri
3229 1060 3570 1107 sacramenta
3600 1061 3808 1107 secta-

2191 1142 2362 1200 mini:
2394 1142 2459 1195 Et
2487 1143 2531 1197 si
2555 1143 2751 1212 fuerint
2791 1142 2980 1197 delicta
3027 1151 3193 1198 vestra
3241 1153 3297 1197 ut
3337 1143 3681 1214 phmuicium,
3742 1152 3810 1195 ut

2191 1236 2630 1291 nivemdealbabo
2675 1253 2768 1303 ea;
2815 1239 2860 1291 si
2909 1246 3079 1290 autent
3128 1246 3184 1291 ut
3228 1254 3458 1303 coccum,
3508 1246 3562 1290 ut
3615 1238 3814 1291 lanam

2193 1331 2471 1384 candidam
2493 1331 2719 1403 efﬁciam
2741 1329 2909 1399 (Ibid.
2929 1373 2944 1397 ,
2973 1330 3088 1402 16).
3115 1331 3170 1385 In
3191 1330 3470 1402 pltmnicio
3487 1330 3811 1385 obscuritas

2195 1434 2566 1495 peccatorum,
2621 1424 2677 1479 in
2735 1439 2900 1480 cocco
2957 1442 3113 1482 mens
3165 1435 3392 1482 cruenta
3454 1425 3812 1496 designatur.

2197 1516 2421 1572 Talibus
2457 1531 2588 1586 ergo
2641 1533 2737 1587 per
2779 1516 3054 1573 Christum
3101 1518 3417 1573 denuntiata
3467 1517 3706 1572 mutatio
3756 1517 3815 1572 in

2199 1611 2392 1666 melius
2423 1624 2576 1665 versa
2607 1619 2712 1676 est,
2771 1626 2834 1666 ac
2885 1627 2985 1680 pro
3034 1612 3296 1666 obsoletis
3327 1611 3590 1679 pecudum
3637 1621 3818 1680 atque

2201 1705 2391 1760 alitum
2423 1705 2662 1760 victimis
2691 1706 2916 1761 caeleste
2947 1704 3191 1761 ﬁdelium
3234 1719 3432 1760 munus
3465 1719 3599 1774 pura
3645 1704 3815 1758 obla—

499 1793 822 1866 apprehendi
846 1812 1030 1851 ηιαπαδ
1067 1812 1265 1864 eorum.
1317 1806 1373 1852 υτ
1411 1791 1680 1852 educerent
1726 1813 1812 1852 €08
1857 1796 1920 1853 de
1959 1805 2097 1850 lefra
2131 1797 2175 1857 B
2203 1798 2349 1854 tione
2375 1798 2704 1867 celebratur,
2734 1807 2788 1853 et
2812 1807 3000 1853 contra
3026 1813 3216 1852 omnes
3241 1793 3817 1851 insidiasinfeSIantis

501 1884 727 1958 Egypti
753 1886 970 1960 (Jerem.
1004 1905 1159 1957 xxxi,
1186 1889 1300 1960 52).
1326 1889 1383 1945 Id
1412 1899 1498 1945 est
1527 1890 1801 1946 mitiorem
1836 1890 1890 1944 in
1917 1889 2099 1945 Evan-

501 1979 660 2050 geliis
691 1981 991 2049 ordinabo,
1028 1983 1234 2054 illaque
1263 1984 1589 2051 cessabunt,
1626 1985 1695 2041 de
1726 1986 1924 2056 quibus
1967 1988 2102 2040 scri-

504 2081 653 2144 ptum
685 2084 802 2130 est:
826 2074 961 2130 Dedi
988 2076 1098 2132 illis
1126 2090 1385 2149 praecepta
1408 2096 1510 2134 non
1541 2081 1695 2150 bona,
1721 2081 1776 2135 in
1799 2081 1982 2152 quibus
2001 2097 2102 2134 non

495 2167 927 2237 justi/icabuntur
949 2171 1005 2225 in
1025 2171 1100 2225 eis
1123 2170 1340 2241 (Ezech.
1368 2189 1463 2238 xx,
1495 2173 1620 2241 25);
1664 2173 1754 2227 sed
1798 2175 1888 2240 qui
1931 2173 2104 2244 fecerit

503 2273 587 2324 ea,
620 2259 749 2312 vivet
771 2260 826 2314 in
851 2260 957 2316 illis
1000 2261 1147 2333 (Gal.
1174 2278 1257 2329 tu,
1290 2262 1402 2333 12).
1436 2263 1698 2331 Quaedam
1739 2278 1872 2334 ergo
1906 2264 1961 2319 in
1989 2264 2107 2336 lego

509 2351 714 2408 idcirco
755 2356 1005 2412 severius
1035 2366 1164 2412 sunt
1192 2367 1416 2426 statuta,
1456 2368 1513 2414 ut
1551 2351 2104 2432 rebellempOpulum

509 2454 673 2517 atque
696 2457 916 2503 assueta
933 2450 1240 2520 gentilitate
1255 2453 1514 2508 lascivum
1530 2454 1714 2525 potius
1732 2453 2104 2523 humiliareut,

509 2553 672 2610 quam
711 2548 738 2576 ³
765 2540 939 2595 attolli
984 2541 1351 2610 justiﬁcatura
1392 2544 1817 2615 permitterent;
1863 2555 1920 2601 et
1962 2548 2110 2602 velut

511 2631 743 2701 quadam
777 2632 1022 2688 custodia
1054 2634 1357 2706 disciplina:
1389 2638 1674 2706 praesentis
1704 2653 1876 2707 pmnm
1899 2646 2110 2694 terrore

510 2725 856 2792 cohiberent,
871 2741 1010 2796 quos
1030 2726 1210 2783 adhuc
1238 2728 1397 2798 longe
1418 2744 1447 2783 a
1471 2730 1660 2784 szeculi
1684 2728 1792 2784 ﬁne
1823 2730 2109 2799 degentes,

511 2829 734 2873 servare
768 2818 962 2887 judicii
1003 2819 1382 2877 iuterminatio
1419 2823 1570 2877 tarda
1600 2838 1705 2877 non
1739 2833 1942 2893 posset.
1979 2823 2114 2878 Hinc

517 2911 649 2966 illud
678 2920 795 2968 est:
825 2912 1050 2969 Oculum
1079 2931 1174 2986 pro
1205 2917 1382 2983 oculo,
1415 2917 1618 2970 dentem
1651 2934 1745 2988 pro
1775 2917 1923 2972 dente
1965 2916 2110 2988 (Leo.

514 3019 660 3071 xxtv,
690 3005 821 3076 20):
859 3005 944 3060 Ne
974 3008 1435 3076 manducaveritis,
1486 3025 1548 3063 ne
1594 3010 1912 3082 contigeritis
1964 3008 2110 3080 (Leu.

516 3112 606 3163 ιι,
656 3098 735 3170 8).
784 3097 922 3155 Hinc
952 3101 1219 3156 mensium
1254 3103 1567 3158 observatio
1594 3103 1815 3158 deﬁnita
1838 3146 1852 3170 ,
1886 3119 2114 3160 neome-

2202 1892 2408 1947 inimici
2439 1891 2702 1962 spiritalis
2742 1890 2998 1947 sacriﬁcii
3033 1889 3370 1945 admixtione
3400 1891 3718 1945 munimur:
3755 1895 3816 1942 et

2203 1986 2333 2042 illud
2379 1986 2432 2041 in
2481 1992 2822 2056 assumptum
2856 1985 3131 2040 hominem
3164 1983 3259 2038 Dei
3286 1982 3468 2037 Patris
3497 1980 3819 2051 completur

2204 2080 2441 2136 edictum
2469 2098 2480 2133 :
2513 2078 2591 2132 Tu
2622 2095 2674 2133 es
2706 2078 2964 2135 Sacerdos
2993 2079 3046 2132 in
3074 2086 3327 2133 mternum
3352 2074 3634 2130 secundum
3665 2075 3816 2128 οηίἱι

2205 2189 2318 2226 nem
2349 2171 2729 2226 Melchisedech
2753 2171 2870 2240 (Ps.
2904 2187 3022 2239 etx,
3059 2172 3142 2241 4).
3177 2169 3276 2226 Ubi
3317 2183 3448 2240 ergo
3478 2168 3820 2238 Evangelia-

2206 2279 2326 2318 runt
2361 2271 2574 2335 tempus
2599 2264 2800 2329 illuxit,
2831 2263 2994 2318 solvit
3024 2263 3284 2318 continuo
3310 2262 3480 2334 gratia
3509 2275 3647 2332 quos
3675 2260 3817 2329 legis

2208 2359 2443 2414 servitus
2474 2358 2770 2424 retinebat,
2790 2373 3055 2429 sacroque
3085 2356 3298 2412 Domini
3324 2371 3421 2411 ore
3453 2355 3814 2425 praedicatum

2208 2459 2330 2506 est:
2362 2451 2546 2505 Venite
2574 2451 2642 2504 ad
2669 2468 2748 2504 me
2773 2466 2944 2504 omnes
2970 2450 3058 2519 qui
3082 2449 3333 2503 laboratis
3362 2458 3409 2502 et
3441 2447 3644 2500 onerati
3668 2447 3816 2512 estis,

2209 2553 2257 2598 et
2287 2545 2548 2598 invenietis
2577 2543 2802 2614 requiem
2829 2544 3102 2597 animabus
3140 2542 3340 2596 vestris.
3391 2539 3578 2594 Tollite
3618 2543 3821 2611 jugum

2211 2653 2383 2691 meum
2421 2654 2577 2705 super
2622 2653 2735 2702 vos,
2793 2647 2838 2692 et
2888 2636 3073 2690 discite
3111 2651 3142 2689 a
3183 2651 3262 2690 nte
3292 2635 3415 2703 quia
3447 2634 3590 2687 mitis
3621 2650 3743 2687 sum
3773 2641 3823 2685 et

2212 2727 2424 2783 humilis
2447 2731 2601 2785 corde
2625 2747 2643 2784 :
2661 2733 2850 2802 jugum
2876 2729 3012 2783 enim
3039 2744 3207 2782 meum
3243 2743 3398 2782 suave
3443 2735 3539 2793 est,
3593 2735 3642 2778 et
3688 2742 3822 2779 onus

2214 2837 2384 2875 meum
2416 2821 2751 2894 leve(Muttlt.
2778 2837 2853 2888 χι,
2878 2821 2970 2878 28.
2988 2821 3102 2891 50).
3119 2819 3193 2874 Ne
3217 2826 3398 2874 autem
3424 2817 3823 2889 prtedictarum

2215 2915 2574 2970 vindictarum
2633 2915 2779 2983 rigor
2822 2923 3099 2983 maneret,
3140 2920 3196 2967 et
3238 2910 3508 2967 medelam
3561 2908 3826 2965 salutatis

2218 3009 2556 3078 poenitentia:
2602 3007 2924 3063 incumbens
2976 3005 3149 3062 reatui
3196 3007 3376 3060 exitus
3423 3013 3672 3074 raperet,
3731 3017 3824 3056 se-

2217 3103 2488 3172 questrari
2516 3100 2724 3171 judicio
2755 3099 3037 3172 plcetenda
3066 3097 3374 3161 constituit,
3418 3097 3471 3151 in
3517 3095 3825 3164 Evangelia

519 3192 843 3263 niarumque
874 3192 1179 3250 festivitas:
1211 3195 1337 3249 hinc
1364 3205 1625 3250 statutum
1665 3196 1873 3251 sabbati
1903 3196 2024 3262 iter,
2055 3213 2118 3252 ac
2145 3178 2190 3242 (ἶ
2224 3194 2494 3249 Dominus
2539 3195 2610 3248 ita
2660 3193 2995 3264 przedicaus:
3030 3190 3168 3246 Mihi
3200 3191 3505 3255 vindictam,
3537 3199 3585 3242 et
3619 3204 3714 3259 ego
3745 3204 3828 3241 re-

516 3299 656 3354 pene
689 3287 816 3341 totis
846 3286 1210 3341 humanorum
1238 3301 1454 3341 aetuum
1481 3287 1648 3342 rebus
1677 3288 1790 3343 otio
1826 3288 2120 3343 interclusa

519 3377 767 3434 libertas.
801 3377 1017 3435 Sacrari
1063 3396 1192 3435 vero
1242 3381 1508 3448 pecudum
1542 3391 1707 3452 atque
1733 3382 1925 3437 alitum
1956 3383 2118 3439 victi-

521 3486 639 3526 mas
684 3472 860 3543 prima
907 3474 1052 3528 ratio
1095 3483 1376 3530 consueta:
1424 3475 1848 3531 abominationis
1898 3476 2118 3546 exegit;

521 3567 650 3638 quia
681 3567 854 3621 arceri
889 3567 958 3622 ab
989 3566 1183 3624 iisdem
1213 3579 1441 3640 repente
1483 3584 1592 3624 non
1642 3578 1927 3640 poterant,
1986 3585 2120 3624 con-

526 3660 722 3716 sultius
754 3660 856 3716 fuit
878 3661 1136 3732 paulatim
1162 3663 1430 3718 abolenda
1459 3677 1734 3734 respuere,
1753 3678 1915 3735 quam
1941 3663 2122 3718 statim

527 3752 821 3810 inhibenda
854 3755 1068 3826 punire.

600 3845 729 3901 lltec
761 3855 942 3901 autem
969 3847 1077 3902 alia
1107 3858 1158 3903 et
1178 3847 1404 3903 evidens
1458 3847 1600 3903 ratio
1650 3857 1754 3916 est,
1805 3848 1950 3918 quod
1998 3847 2128 3904 licet

526 3940 809 4010 gentilium
845 3942 953 3995 ritu
988 3941 1193 3995 hostias
1221 3941 1598 4008 immolabant,
1627 3943 1736 3998 Deo
1758 3951 1936 3997 tamen
1965 3941 2128 3996 doce-

529 4032 732 4089 bantur
758 4033 978 4101 offerre,
1012 4036 1155 4104 quod
1188 4045 1451 4105 praestare
1479 4036 1642 4092 idolis
1672 4046 1800 4091 ante
1826 4051 2125 4092 consueve-

526 4135 670 4193 rant,
713 4137 769 4181 et
809 4126 1126 4198 multiplicis
1167 4128 1417 4183 sacriﬁcii
1465 4128 1680 4184 actibus
1732 4129 2010 4198 occupatis
2057 4145 2127 4184 nc

532 4221 778 4290 cogitare
827 4219 1047 4291 quidem
1118 4218 1187 4274 de
1251 4220 1688 4291 transgressione
1742 4221 1974 4290 spatium
2042 4232 2134 4274 aut

534 4310 564 4350 ι)
593 4314 810 4368 occasio
853 4313 1230 4382 praebebatur;
1264 4329 1387 4369 cum
1417 4325 1469 4369 et
1501 4314 1646 4383 quod
1673 4313 1986 4370 desiderare
2009 4327 2135 4384 pos-

537 4412 691 4469 sent,
747 4417 857 4457 non
887 4402 1261 4470 auferebatur,
1299 4419 1628 4474 semperque
1662 4413 1953 4474 supererat
1990 4406 2134 4475 quod

537 4495 756 4565 explere
782 4495 1096 4566 devotionis
1119 4495 1350 4551 intentio
1374 4511 1480 4550 non
1504 4496 1728 4552 valeret.
1749 4496 1992 4568 Denique
2010 4513 2134 4553 mox

2223 3288 2446 3342 tribuam
2490 3288 2667 3360 (Rom.
2700 3303 2797 3353 xtt,
2831 3284 2934 3358 19)
2972 3305 2984 3340 :
3040 3285 3298 3355 quoniam
3358 3284 3464 3338 nisi
3513 3280 3826 3336 emendatio

2219 3382 2364 3453 justa
2396 3380 2748 3446 successerit,
2779 3394 2941 3435 nemo
2982 3376 3186 3433 rectius
3215 3374 3483 3440 vindicat,
3531 3388 3691 3444 quam
3722 3371 3828 3442 ζῳιί

2225 3473 2278 3529 itt
2307 3473 2532 3528 admissi
2563 3471 2886 3544 probatione
2917 3486 3022 3526 nou
3054 3469 3283 3524 fallitur.

2296 3567 2386 3624 Sic
2418 3568 2601 3636 itaque
2630 3578 2685 3620 et
2716 3565 2925 3620 sabbati
2959 3563 3197 3618 abolitus
3226 3570 3418 3631 torpor
3445 3568 3563 3625 est,
3603 3569 3769 3627 atque
3799 3571 3832 3611 a

2227 3658 2372 3714 bono
2400 3674 2567 3729 opere
2595 3657 2802 3713 nullum
2835 3655 3091 3712 ﬁdelibus
3125 3665 3335 3726 tempus
3366 3653 3684 3717 exclusum;
3709 3651 3834 3719 ipso

2229 3753 2282 3806 in
2314 3752 2627 3822 Evangeliis
2657 3752 2737 3806 sic
2763 3751 3060 3820 loquente:
3110 3749 3248 3815 Quia
3287 3748 3403 3802 licet
3440 3746 3668 3801 sabbatis
3704 3746 3836 3800 bene

2229 3847 2398 3916 facere
2453 3843 2672 3916 (Matth.
2729 3859 2834 3908 xu,
2899 3842 3010 3913 12).
3061 3842 3156 3908 Et,
3207 3841 3330 3913 quia
3378 3837 3557 3894 Filius
3608 3840 3836 3893 hominis

2231 3937 2489 3993 Dominus
2512 3937 2710 3992 sabbati
2739 3947 2810 3991 est
2837 3933 3029 4007 (Ibid.,
3063 3935 3144 4006 8).
3174 3933 3382 3989 Edendi
3413 3941 3682 4003 praeterea
3710 3946 3836 4000 quae

2232 4030 2583 4096 conveniant,
2621 4030 2848 4083 facultas
2879 4036 2964 4082 est
2995 4026 3297 4094 attributa;
3323 4025 3605 4094 quoniam;
3638 4034 3696 4077 ut
3718 4025 3838 4092 ipse

2235 4130 2464 4176 testatus
2490 4128 2577 4176 est
2615 4138 2627 4174 :
2676 4119 2795 4173 Non
2843 4119 3179 4188 coinquinant
3223 4117 3486 4170 hominem
3529 4132 3645 4184 qute
3685 4116 3736 4167 in
3783 4131 3840 4169 as

2233 4214 2632 4288 ingrediuntur:
2654 4212 2744 4268 sed
2761 4229 2821 4268 ea
2842 4227 2957 4280 quos
2986 4211 3051 4265 de
3077 4226 3165 4264 ore
3186 4219 3374 4265 exeunt
3391 4207 3586 4277 (lbid.,
3608 4209 3699 4274 15,
3720 4207 3840 4276 11).

2238 4311 2318 4366 Ita
2368 4310 2485 4364 haec
2523 4308 2706 4362 omnia
2750 4321 2872 4377 quae
2909 4303 3176 4360 cruciatui
3206 4301 3510 4357 rebellibus
3534 4309 3726 4364 erant,
3761 4300 3847 4352 in—

2238 4404 2390 4460 dulta
2419 4419 2517 4474 per
2555 4401 2835 4457 Christum
2877 4399 3132 4454 libertate
3175 4396 3493 4461 solvuntur;
3550 4393 3850 4464 paucisque

2251 4506 2274 4534 ο
2306 4512 2335 4549 a
2365 4493 2756 4564 superstitione
2802 4491 3179 4556 cessantibus,
3230 4503 3353 4559 qua:
3396 4501 3525 4542 vere
3574 4486 3848 4555 justitiam

537 4589 765 4646 audiunt
796 4589 1152 4661 prophetam:
1191 4589 1307 4658 Quo
1350 4589 1479 4644 mihi
1508 4591 1895 4645 multitudinem
1936 4593 2140 4661 sacriﬁ-
2165 4569 2216 4630 D
2245 4594 2528 4643 merentur
2558 4584 2770 4655 adjecta
2803 4593 2930 4638 sunt
2957 4599 2970 4636 :
3004 4589 3167 4651 atque
3212 4579 3339 4634 ideo
3368 4579 3510 4633 inter
3539 4576 3764 4631 exordia
3795 4584 3853 4630 et

539 4684 737 4738 ciorum
764 4692 1069 4753 uestrorum,
1113 4682 1240 4738 dicit
1271 4681 1566 4739 Dominus?
1593 4681 1776 4753 plenus
1803 4701 1937 4739 sum.
1965 4682 2138 4739 Holo-

539 4788 834 4832 cautomata
862 4780 1104 4848 arietum,
1131 4790 1180 4833 et
1205 4780 1412 4849 adipem
1440 4794 1694 4849 agnorunt
1714 4821 1729 4845 ,
1761 4789 1808 4832 et
1832 4779 2139 4850 sanguinem

540 4870 806 4926 ltircorunt
845 4882 894 4926 et
946 4883 1216 4929 taurorum
1272 4875 1395 4928 nolo
1426 4889 1446 4928 :
1493 4889 1584 4929 nec
1633 4875 1706 4930 sic
1752 4875 1969 4928 veniatis
2025 4885 2144 4928 ante

543 4973 873 5034 conspectum
903 4982 1092 5020 meum.
1132 4966 1262 5032 Quis
1289 4968 1425 5020 enim
1453 4968 1726 5039 exquisivi!
1774 4968 1875 5022 ista
1918 4967 1984 5021 de
2027 4984 2141 5021 nta-

547 5055 697 5110 nibus
723 5058 940 5110 vestris?
968 5055 1186 5113 Calcare
1214 5062 1412 5133 regiam
1438 5077 1605 5114 nteant
1631 5076 1734 5113 non
1758 5062 2050 5132 apponett's.
2081 5058 2145 5114 Si

550 5147 833 5202 attuleritis
863 5149 1233 5220 similaginem,
1261 5168 1449 5206 vanum
1475 5161 1549 5206 est
1570 5169 1588 5206 :
1619 5153 1905 5217 incensum,
1951 5152 2150 5206 abomi-

551 5241 695 5296 natio
720 5251 796 5296 est
824 5240 969 5297 mihi.
1017 5240 1331 5298 Neomenias
1370 5255 1561 5300 vestras
1591 5254 1637 5298 et
1669 5245 1880 5300 sabbata
1925 5253 1973 5298 et
2013 5247 2150 5298 diem

624 5395 651 5423 ει
683 5383 772 5441 Sic
802 5384 925 5441 cod.
958 5383 1122 5440 Vind.
1178 5391 1234 5436 ct
1260 5383 1396 5436 alius
1424 5398 1585 5450 quem
1613 5381 1824 5437 viderat
1853 5381 2116 5437 Acherius
2140 5422 2155 5446 ,

555 5474 584 5514 a
613 5474 721 5526 quo
753 5465 934 5513 tamen
967 5455 1172 5514 editum
1203 5463 1290 5510 est
1315 5454 1680 5526 jttsti/icatuti.
1731 5453 1932 5526 Supra,
1983 5453 2038 5505 id
2086 5462 2158 5506 est

555 5525 814 5584 mitiorem
860 5531 940 5596 in,
987 5527 1238 5583 nonnihil
1283 5526 1463 5592 deest,
1513 5525 1659 5595 quod
1707 5525 1809 5579 nisi
1866 5538 1999 5578 mss.
2052 5538 2158 5592 ope

556 5601 824 5657 resarcire
856 5617 961 5656 non
991 5613 1300 5670 possumus.

630 5671 657 5710 δ
689 5671 762 5743 Ita
795 5664 1099 5743 reperimus
1124 5672 1180 5727 in
1206 5671 1327 5726 cod.
1373 5667 1537 5743 Vind.
1571 5682 1778 5743 exque
1820 5665 1985 5743 etiam
2017 5664 2157 5721 infra

556 5736 874 5808 scripsimus
903 5743 1120 5796 intentio
1148 5758 1251 5796 non
1276 5742 1488 5798 valeret.
1519 5740 1578 5798 ln
1605 5736 1766 5796 editis
1797 5736 2153 5809 prabeatur...

558 5811 890 5869 intentionem
915 5812 1126 5881 valeret,
1151 5813 1310 5869 male.

2243 4678 2637 4751 plenitudinem
2676 4674 2798 4730 ﬁdei
2845 4673 2937 4730 lex
2985 4672 3163 4728 media
3209 4670 3508 4741 subrepsit,
3538 4684 3659 4740 quae
3701 4667 3850 4724 feras

2244 4773 2555 4830 Judazorum
2619 4779 2836 4826 mentes
2892 4767 3079 4823 talium
3130 4767 3472 4822 sanctionum
3526 4762 3852 4819 difﬁcultate

2245 4864 2632 4935 confringeret,
2660 4873 2716 4919 et
2741 4872 2984 4917 ventura:
3007 4859 3364 4928 indulgentia:
3384 4856 3615 4928 gratiam
3642 4857 3853 4925 suscipi

2246 4959 2461 5015 facilius
2487 4957 2864 5029 persuaderet,
2889 4971 3048 5027 quam
3075 4955 3349 5009 diuturnae
3375 4951 3650 5008 absolutio
3676 4951 3856 5006 servi-

2249 5055 2384 5110 tutis
2427 5062 2484 5109 et
2516 5061 2768 5123 exoptata
2816 5052 2943 5106 olim
2981 5049 3224 5121 libertas
3261 5047 3637 5104 amabiliorem
3685 5047 3853 5102 etiam

2247 5149 2551 5207 incredulis
2580 5145 2934 5204 reddidisset.

2338 5391 2361 5419 ο
2394 5379 2499 5434 Vix
2519 5378 2759 5433 adducor
2790 5378 2862 5432 ita
2889 5377 3152 5446 scriptum
3183 5390 3304 5432 esse
3331 5391 3359 5431 a
3392 5375 3684 5437 Zacchaao;
3733 5388 3855 5428 cum

2261 5453 2407 5507 enim
2435 5451 2620 5506 dicere
2657 5449 2897 5503 voluerit
2929 5464 3099 5516 pauca
3132 5449 3381 5519 quaedam
3414 5463 3538 5502 esse
3565 5446 3854 5516 abrogata.

2263 5524 2316 5577 in
2346 5523 2543 5592 quibus
2569 5520 2818 5575 nonnihil
2845 5529 2993 5592 esset
3022 5519 3452 5592 superstitionis,
3485 5534 3604 5573 eam
3633 5530 3859 5592 semetr-

2263 5589 2390 5649 tiam
2421 5609 2526 5648 non
2555 5593 2694 5646 male
2719 5591 2950 5657 exprimi
2969 5591 3205 5644 arbitror
3225 5594 3269 5645 si
3290 5592 3499 5646 scribas
3519 5592 3581 5644 ob
3609 5589 3863 5657 supersti-

2264 5667 2494 5721 tionem:
2516 5665 2611 5719 sed
2630 5663 2879 5718 eamdem
2900 5663 2952 5716 in
2973 5663 3184 5733 vulgata
3217 5663 3451 5717 lectione
3476 5678 3542 5715 an
3570 5661 3858 5733 quisquam

2262 5750 2559 5807 agnoscere
2590 5736 2784 5802 possit,
2819 5733 2967 5807 haud
2989 5729 3123 5807 satis
3149 5733 3288 5807 scio.
3322 5733 3377 5787 lu
3411 5729 3635 5807 Lemov.
3660 5729 3860 5786 deinde

2262 5803 2478 5878 legitur,
2509 5820 2620 5875 qua!
2651 5821 2819 5858 verum
2834 5804 3116 5873 justitiam,
3152 5803 3386 5862 fortasse
3417 5803 3629 5860 melius.
