4092 6176
262 308 366 364 Hii

822 416 1048 475 CAPUT
1092 417 1225 473 Vlll.

434 509 559 575 Qum
584 509 650 563 sit
676 507 875 563 Iudaeis
898 510 951 562 in
974 509 1364 564 circumcisione
1383 510 1614 582 justitia.

325 601 501 656 Arcu.
535 630 605 641 —
632 600 748 655 Non
791 601 1064 657 immerito
1093 601 1148 656 in
1179 601 1339 671 hujus
1368 617 1547 659 causa:
1591 603 1825 659 interro-

268 693 448 764 gatione
492 708 881 764 prospexeram
938 694 1156 763 aliquod
1213 695 1413 750 divina:
1463 694 1825 765 providentiae

269 783 408 841 fuisse
433 786 750 852 consilium,
781 794 844 842 ut
874 786 990 843 btec
1019 787 1173 842 rudis
1208 788 1391 857 populi
1417 788 1681 858 permissa
1716 787 1829 857 pri-

267 877 460 933 mordiis
488 879 635 934 velut
666 878 947 947 profutura
988 895 1051 935 ac
1095 880 1295 950 placita
1330 879 1674 951 juberentur,
1705 894 1828 949 quas

268 971 440 1026 aboleri
471 972 819 1041 postmodum
858 973 1195 1028 conveniret.
1229 972 1399 1041 Quid,
1422 988 1579 1043 rogo,
1621 974 1673 1027 in
1722 973 1830 1028 cir-

267 1063 569 1121 cumcisione
602 1063 811 1119 hisdem
835 1064 1038 1120 Judaeis
1066 1064 1517 1120 sanctilicationis
1537 1074 1631 1119 aut
1654 1063 1833 1119 meriti

268 1170 358 1227 est,
384 1160 523 1230 quod
545 1175 609 1216 ea
639 1159 742 1216 sibi
774 1161 940 1216 etiam
982 1176 1125 1217 nunc
1169 1160 1221 1214 in
1274 1159 1450 1215 vicem
1490 1157 1833 1228 baptismatis

267 1254 611 1323 blandiuntur,
664 1270 827 1324 quam
879 1257 932 1309 in
980 1254 1317 1326 signaculum
1372 1263 1582 1309 tantum
1646 1254 1833 1309 electae

265 1347 443 1402 sobolis
472 1346 826 1403 constitutam
861 1348 1223 1419 princedentis
1245 1346 1413 1402 libelli
1439 1356 1629 1403 tenore
1657 1347 1837 1417 signa-

265 1440 434 1497 veras?
463 1441 529 1496 Et
559 1440 750 1509 procul
781 1440 951 1496 dubio
980 1441 1186 1496 clarum
1217 1450 1302 1497 est
1324 1455 1419 1496 eos
1443 1440 1667 1510 jusﬁtiae
1701 1454 1838 1509 prae-

267 1532 375 1588 miis
402 1534 684 1601 carituros,
735 1532 781 1587 si
833 1534 884 1587 in
928 1532 1029 1587 hac
1066 1540 1270 1588 tantum
1302 1532 1548 1603 corporis
1580 1532 1836 1587 imminu-

270 1627 399 1683 tione
429 1628 680 1692 ﬁdentes,
715 1628 880 1683 totius
932 1627 1047 1698 spei
1097 1628 1424 1683 documenta
1473 1634 1835 1697 componant,

268 1737 403 1792 quos,
435 1722 637 1793 rejecta
653 1723 835 1777 carnis
854 1721 1071 1791 injuria,
1087 1721 1327 1793 gaudere
1344 1721 1521 1791 potius
1538 1718 1841 1775 incruentis

268 1815 422 1870 sancti
448 1815 685 1885 Spiritus
709 1815 1029 1872 muneribus
1059 1815 1372 1885 oportebat.

332 1906 521 1965 Zaccn.
555 1938 627 1949 —
654 1908 820 1963 Recte
854 1908 1055 1964 recolis
1089 1907 1291 1979 primis
1324 1906 1496 1963 libelli
1533 1904 1841 1973 hnjusmodi

268 2004 644 2073 expositionem
675 2003 866 2069 fuisse,
901 2003 954 2057 in
985 2002 1402 2059 circumcisione
1432 2001 1637 2057 carnali
1663 2000 1846 2071 signa-

268 2095 430 2151 culum
475 2095 620 2161 ﬁdei,
661 2110 768 2149 non
815 2096 1011 2150 statum
1058 2094 1225 2150 fuisse
1268 2094 1516 2163 justitiie,
1565 2093 1845 2160 Scriptura

270 2198 629 2245 memorante:
665 2187 731 2242 Et
755 2188 889 2243 dixit
919 2186 1061 2242 Deus
1088 2188 1157 2241 ad
1190 2187 1456 2241 Abraham
1479 2203 1497 2240 :
1544 2184 1661 2239 Hoc
1688 2192 1848 2237 testa-

269 2292 479 2336 mentum
528 2298 695 2336 nteum
738 2280 960 2334 servabis
1004 2280 1137 2334 inter
1184 2295 1264 2334 me
1294 2288 1339 2332 et
1370 2294 1490 2343 vos;
1522 2286 1575 2330 tu
1600 2285 1647 2331 et
1677 2291 1849 2329 semen

272 2386 402 2430 tuum
425 2387 614 2430 tecum.
635 2374 1043 2427 Circumcidetur
1070 2388 1219 2425 omne
1234 2380 1459 2424 vestrum
1479 2370 1847 2437 masculinum,

273 2465 703 2522 etcircumcidetis
750 2480 958 2518 carnem
1015 2464 1262 2535 prteputii
1310 2464 1486 2516 vestri.
1537 2460 1607 2514 Et
1658 2462 1752 2515 erit
1798 2460 1853 2514 in

274 2559 467 2629 signqu
497 2556 791 2611 testamenti
819 2555 952 2609 inter
983 2570 1061 2607 me
1088 2564 1135 2607 et
1164 2568 1250 2607 vos
1285 2550 1441 2625 (Gen.
1470 2567 1598 2619 xvn,
1626 2551 1714 2617 10,
1743 2549 1851 2619 li).

274 2650 412 2705 Hanc
458 2664 627 2721 usque
674 2648 739 2703 ad
792 2647 1068 2703 Christum
1113 2656 1136 2682 η
1187 2644 1478 2700 carnaliter
1527 2640 1856 2698 custoditam

274 2743 393 2800 Jcsu
423 2742 567 2798 Nave
592 2752 747 2798 actus
775 2741 1111 2810 subsequens
1132 2737 1361 2810 probat,
1401 2737 1491 2807 qui
1522 2745 1646 2805 post
1670 2748 1859 2789 exces-

274 2852 387 2894 sum
425 2837 591 2894 eremi
623 2838 676 2891 in
703 2852 805 2907 qua
835 2834 998 2891 iidem
1021 2833 1194 2891 Judzei
1226 2830 1581 2903 quadraginta
1613 2832 1861 2885 vixerant

276 2929 444 2997 annis,
479 2944 580 2985 nec
604 2931 894 3001 quisquam
927 2926 1056 2983 huic
1085 2925 1263 2982 fuerat
1298 2924 1575 2995 subjectus
1613 2922 1825 2993 injuria:
1846 2962 1859 2988 ,

275 3024 394 3095 quia
428 3024 479 3077 in
509 3020 805 3078 solitudine
856 3020 1146 3092 permixtio
1188 3030 1569 3075 extraneorum
1609 3032 1715 3071 non
1745 3021 1864 3071 erat

276 3116 620 3187 p0pulorum,
645 3114 855 3185 plebem
879 3114 1098 3184 signare
1119 3111 1452 3183 prmcipitur,
1477 3117 1638 3180 atque
1658 3108 1865 3164 indicto

276 3210 515 3281 patribus
562 3224 746 3275 more,
779 3208 1078 3264 Jordanem
1128 3205 1440 3262 transituris
1500 3204 1863 3275 cognitionem

274 3305 432 3360 avita:
452 3304 789 3360 credulitatis
814 3305 1115 3374 imponere,
1134 3302 1413 3369 Scriptura
1430 3299 1679 3355 dicente:
1713 3296 1779 3351 Et
1795 3296 1867 3351 ait

276 3396 533 3452 Dominus
560 3396 628 3451 ad
656 3394 836 3451 Iesum
871 3395 1056 3449 Nave:
1089 3392 1202 3446 Fac
1235 3392 1325 3446 tibi
1351 3392 1585 3445 cultellos
1615 3391 1865 3462 petrinos,

275 3500 323 3546 et
349 3491 528 3545 sedens
558 3491 891 3547 circumcides
921 3489 1145 3545 secundo
1172 3487 1310 3557 ﬁlios
1333 3485 1503 3540 Israel
1533 3484 1670 3556 (los.
1702 3502 1755 3552 v,
1783 3484 1863 3556 2).

274 3582 423 3639 Istud
452 3584 670 3655 quidem
701 3594 756 3640 et
793 3582 1091 3641 secundum
1122 3581 1357 3636 litteram
1390 3578 1654 3648 contigit:
1688 3576 1783 3632 sed
1816 3578 1868 3631 in

276 3690 377 3732 nos
406 3678 576 3749 magis
602 3676 921 3747 prophetica
950 3671 1403 3744 interpretatione
1426 3680 1732 3740 porrectum
1763 3677 1867 3725 est.

275 3768 438 3827 Jesus
488 3772 630 3827 enim
692 3771 807 3836 ille,
855 3769 951 3825 sed
997 3768 1262 3825 vocabulo
1311 3774 1550 3831 tantum,
1602 3772 1789 3820 noster
1819 3770 1873 3818 et

274 3864 445 3930 facto,
487 3864 694 3934 Angelo
726 3862 794 3918 ad
824 3862 1078 3917 Pastores
1115 3860 1167 3915 in
1201 3858 1515 3928 Evangeliis
1544 3856 1830 3911 nuntiante
1857 3872 1870 3909 :

276 3959 456 4014 Natus
485 3969 579 4027 est,
610 3958 805 4029 inquit,
833 3956 973 4012 vobis
1000 3956 1153 4010 hodie
1180 3954 1425 4011 Salvator
1472 3952 1623 4023 (Luc.
1652 3967 1725 4017 ιι,
1761 3947 1870 4019 ll),

271 4068 429 4123 quem
456 4052 703 4106 rocabitis
733 4049 767 4104 J
775 4066 920 4105 esum
944 4066 963 4104 :
992 4050 1104 4119 ipse
1129 4048 1266 4102 enim
1292 4047 1490 4102 salvum
1521 4045 1678 4115 faciet
1711 4058 1877 4115 popu-

272 4145 390 4200 lum
416 4162 574 4200 suum
603 4162 635 4199 a
664 4145 887 4216 peccatis
915 4158 1093 4199 eorum
1120 4141 1336 4214 (Matth.
1369 4157 1418 4204 ι,
1449 4136 1567 4210 ‘21).
1594 4140 1651 4194 In
1682 4153 1877 4195 secun-

271 4236 363 4293 dis
397 4248 584 4294 antem
617 4236 740 4292 ﬁliis
770 4235 1011 4307 gentium
1043 4235 1368 4304 intelligitur
1417 4232 1667 4303 populus,
1715 4239 1772 4286 et
1824 4231 1878 4284 in

271 4330 690 4388 abscisionibus
716 4331 949 4403 petrinis
997 4329 1327 4400 evangelica:
1366 4326 1699 4383 conveniunt
1722 4323 1883 4379 disci-

273 4422 469 4494 plinat.
489 4421 642 4478 Unde
658 4423 872 4493 Moyses
894 4425 1127 4494 primum
1152 4422 1276 4476 talia
1302 4417 1643 4490 prophetavit
1663 4416 1877 4472 dicens:

271 4515 349 4572 In
386 4517 683 4572 novissimis
712 4516 890 4572 diebus
936 4515 1269 4572 circumcidet
1316 4514 1454 4569 Deus
1490 4526 1595 4568 'cor
1638 4519 1881 4577 vestrum,

271 4621 327 4667 et
360 4626 457 4665 cor
481 4609 508 4649 δ
540 4610 726 4665 similis
755 4610 935 4682 populi
965 4610 1037 4663 tui
1066 4610 1132 4663 ad
1163 4607 1444 4662 amandum
1474 4605 1643 4660 Deum
1666 4614 1889 4659 vestrum

274 4700 473 4775 (Deut.
519 4720 652 4771 xxx,
699 4702 777 4776 6).
814 4701 1115 4758 Hieremias
1144 4701 1373 4772 perinde
1402 4713 1511 4754 non
1535 4712 1754 4753 carnem
1783 4697 1890 4751 cir-

269 4794 729 4861 Cumcidendam,
763 4794 861 4850 sed
889 4793 1056 4850 corda
1080 4792 1364 4849 denuntiat
1393 4790 1583 4847 dicens
1609 4805 1624 4845 :
1658 4788 1893 4844 Circum-

268 4890 447 4945 cidite
475 4905 561 4944 vos
592 4887 702 4943 Deo
724 4897 890 4942 vestro
907 4905 926 4954 ;
976 4888 1067 4941 sed
1104 4896 1154 4942 et
1200 4885 1554 4940 circumcidite
1583 4884 1893 4955 prteputium

268 4981 470 5035 cordis
500 4981 655 5036 vestri
683 4978 899 5052 (Jerem.
934 4995 1008 5046 Iv,
1041 4976 1119 5049 4).

1841 418 1895 479 Α

361 5133 393 5162 α
424 5124 485 5178 In
504 5123 625 5179 cod.
646 5120 811 5176 Vind.
833 5131 889 5177 et
908 5120 1133 5177 Lemov.
1152 5116 1533 5173 rationabiliter
1564 5114 1899 5169 custoditum.

270 5192 456 5253 llaud
483 5194 553 5249 ita
582 5194 753 5249 multo
784 5203 904 5263 post
932 5196 983 5247 in
1017 5192 1177 5247 Vind.
1206 5200 1261 5246 et
1294 5189 1485 5263 inalio
1513 5188 1700 5263 codice
1739 5200 1898 5255 quem

270 5267 575 5325 Actierius
628 5260 843 5320 viderat
882 5263 1080 5321 :Jesus
1121 5265 1256 5318 enim
1307 5260 1397 5315 ille
1446 5260 1596 5313 rerbo
1640 5266 1813 5313 noster
1854 5265 1904 5311 et

302 5352 463 5396 'acto.

272 5345 493 5469 [again
522 5411 632 5467 alio
657 5409 845 5468 codice
871 5410 1080 5465 seminis
1105 5407 1285 5480 populi
1311 5406 1407 5461 tui.
1436 5402 1577 5480 lnl'ra
1609 5416 1689 5480 es
1715 5397 1903 5480 codice

272 5484 471 5539 Vind.
495 5484 837 5555 scripsimus,
870 5498 1017 5537 antea
1048 5471 1302 5547 dico'tibi,
1332 5492 1453 5533 cum
1484 5476 1539 5530 in
1561 5473 1724 5530 editis
1752 5471 1900 5541 lege-

270 5567 460 5611 retur
489 5557 647 5610 vobis.
1095 5622 1104 5624 ᾼ
1364 5621 1373 5624 _
1561 5618 1572 5624 ,
1610 5618 1620 5624 ,
1725 5614 1740 5624 .
1782 5614 1792 5624 .

371 5638 397 5663 ο
443 5624 532 5681 Sic
588 5627 761 5683 codex
794 5624 980 5691 Vind.;
1012 5622 1108 5679 sed
1166 5637 1269 5676 vox
1328 5618 1665 5691 circumcisio
1708 5611 1906 5670 deinde

269 5698 559 5753 addenda
590 5707 675 5753 est
696 5700 796 5761 sic.
820 5706 878 5753 ut
908 5690 1117 5768 legatur
1144 5711 1249 5749 non
1278 5709 1414 5747 nunc
1443 5692 1597 5768 etiam
1625 5690 1754 5768 sicut
1785 5694 1904 5767 ante

271 5770 639 5824 circumcisio
663 5786 681 5823 :
715 5768 767 5823 in
786 5757 989 5835 editis:
1016 5780 1423 5839 nonnumquam,
1456 5762 1617 5839 male.
1637 5757 1904 5839 Αυιιςιιιιβ

267 5841 574 5913 COIIjecit,
609 5857 709 5896 non
740 5829 1001 5911 umquam.
1038 5838 1091 5895 In
1118 5829 1416 5907 linc,'quod'
1438 5834 1727 5904 manifestis
1754 5829 1898 5899 ﬁdei,

1421 296 2061 391 CONSULTATIONUM
2101 294 2231 356 LIB.
2276 294 2338 355 ιι.

3373 298 3515 357 1122

1995 415 2253 470 Dominus
2284 421 2466 470 autem
2509 412 2564 469 in
2597 412 2899 484 Evangelio
2930 413 3157 485 principi
3202 414 3512 473 Iudaeorum

1923 506 2331 563 evidentissima
2378 515 2734 577 protestatur,
2786 505 2994 561 nullum
3040 508 3257 578 penitus
3285 510 3405 564 sine
3432 510 3516 563 la-

1922 619 2087 660 vacro
2103 604 2365 671 spiritalis
2387 618 2541 676 aqum
2567 618 2727 673 posse
2750 603 2973 669 salvari,
3000 612 3095 658 aut
3117 604 3518 672 possessionem

1925 697 2077 768 regni
2108 697 2251 752 illius
2282 697 2637 768 adepturum;
2670 696 2747 751 ait
2777 696 2919 751 enim
2952 713 2965 751 :
3000 696 3194 763 Amen,
3226 714 3373 751 amen
3403 698 3520 752 dico

1929 790 2018 843 tibi
2043 806 2061 844 :
2086 788 2209 844 Nisi
2230 790 2345 859 quis
2370 800 2577 844 renatus
2599 790 2756 861 fuerit
2776 804 2840 844 ex
2858 805 2996 861 aqua
3020 799 3068 843 et
3086 789 3295 860 Spiritu
3315 799 3517 857 sancto,

1930 897 2034 936 non
2057 881 2245 935 videbit
2276 897 2490 953 regnum
2519 880 2613 935 Dei
2644 878 2824 951 (Joan.
2855 896 2941 946 III,
2982 880 3060 950 5).
3101 880 3178 935 De
3207 895 3313 950 quo
3342 889 3524 938 tamen

1934 988 2029 1044 per
2072 972 2288 1028 Esaiam
2323 983 2448 1029 ante
2482 973 2810 1043 praedixerat
2843 992 2856 1027 :
2921 972 3099 1028 Nolite
3140 976 3317 1043 priora
3346 975 3527 1028 memi-

1934 1068 2090 1133 nisse,
2118 1077 2163 1122 et
2190 1069 2404 1138 antiqua
2430 1069 2590 1122 nolite
2611 1068 2891 1123 recordari.
2920 1068 3055 1124 Ecce
3079 1086 3208 1124 nova
3232 1071 3388 1141 facio,
3414 1085 3530 1141 quo:

1936 1180 2071 1218 nunc
2111 1165 2381 1218 orientur:
2412 1172 2459 1217 et
2488 1165 2804 1234 cognoscetis
2830 1180 2923 1230 ea;
2949 1172 2996 1217 et
3029 1164 3220 1234 faciam
3248 1165 3302 1219 in
3331 1164 3531 1219 deserto

1936 1257 2103 1323 viam,
2155 1265 2203 1309 et
2251 1255 2469 1325 [lumina
2516 1256 2570 1309 in
2622 1256 2733 1309 loco
2776 1256 3052 1326 inaquoso,
3086 1257 3349 1327 adaquare
3377 1272 3532 1327 genus

1941 1366 2105 1405 meum
2138 1350 2373 1413 electum,
2428 1358 2474 1403 et
2528 1350 2723 1421 plebem
2762 1365 2928 1404 meam
2973 1366 3128 1421 quant
3173 1351 3444 1421 acquisiui,
3478 1359 3534 1405 ut

1938 1444 2149 1496 uirtutes
2176 1457 2312 1495 meas
2342 1448 2614 1510 exponeret
2640 1439 2777 1511 (Isa.
2803 1456 2953 1507 XLIII,
2980 1442 3192 1511 18-21).
3218 1442 3289 1497 Et
3308 1442 3534 1497 iterum:

1944 1532 2005 1589 Si
2022 1533 2240 1587 sitierint
2266 1548 2358 1602 per
2381 1533 2657 1599 desertum,
2691 1532 2913 1587 adducet
2934 1532 3038 1586 illis
3060 1550 3249 1604 aquam
3271 1533 3336 1588 de
3353 1538 3536 1605 petra;

1942 1626 2168 1695 [indetur
2205 1634 2350 1695 petra
2379 1638 2427 1680 et
2452 1630 2576 1697 ﬂuet
2605 1646 2764 1699 aqua,
2794 1638 2842 1699 et
2875 1630 3006 1684 bibet
3036 1630 3176 1699 plebs
3210 1646 3321 1684 mea
3344 1629 3535 1701 (Num.

1945 1736 2044 1783 xx,
2076 1719 2153 1789 8).
2180 1719 2250 1775 Et
2271 1721 2469 1776 tertio:
2497 1720 2745 1777 Flumina
2772 1722 2836 1777 de
2867 1732 3039 1777 ventre
3066 1726 3177 1796 ejus
3207 1726 3372 1793 [luent
3392 1739 3540 1788 aqua:

1948 1813 2069 1866 vitae
2098 1811 2282 1883 (Joan.
2317 1828 2415 1878 vtI,
2461 1810 2578 1883 58).
2628 1812 2813 1884 Itaque
2852 1814 3155 1869 secundum
3186 1815 3539 1884 Apostolum,

1947 1904 2279 1961 Circumcisio
2331 1907 2465 1960 nihil
2516 1917 2610 1973 est,
2666 1917 2712 1961 et
2766 1910 3075 1979 prteputium
3122 1910 3254 1964 nihil
3308 1918 3403 1977 est,
3454 1910 3543 1964 sed

1949 1999 2234 2053 observatio
2264 2000 2626 2055 mandatorum
2659 1999 2752 2055 Dei
2781 2000 2835 2073 (l
2864 2001 2985 2057 Cor.
3021 2018 3114 2068 vn,
3147 2003 3277 2073 '29).
3322 2003 3457 2072 Quas
3487 2004 3544 2059 in

1949 2093 2057 2150 ﬁde
2091 2095 2420 2166 evangelica:
2461 2095 2800 2151 credulitatis
2851 2097 3105 2169 impleta;
3140 2098 3421 2169 gratiaque
3450 2098 3547 2152 ha-

1952 2190 2244 2258 ptismatis.
2284 2201 2303 2225 ί·
2337 2205 2444 2243 non
2478 2204 2621 2244 nunc
2647 2190 2809 2243 etiam
2840 2190 2986 2245 sicut
3013 2199 3140 2245 ante
3168 2200 3260 2246 aut
3287 2191 3568 2262 p0pulum'

1952 2280 2129 2350 signat
2152 2288 2245 2334 aut
2264 2294 2488 2336 sexum:
2516 2279 2611 2336 sed
2638 2280 2894 2350 injuriam
2919 2282 3101 2337 carnis
3131 2283 3184 2337 in
3213 2284 3549 2353 signaculum

1952 2374 2194 2443 spiritale
2215 2384 2570 2441 convertens,
2596 2389 2696 2429 nec
2724 2390 2919 2431 sexum
2942 2376 3177 2446 excipit',
3210 2393 3308 2432 nec
3332 2386 3549 2449 gentem

1954 2467 2223 2530 secernit;
2259 2476 2420 2536 atque
2451 2468 2504 2521 in
2536 2481 2597 2521 se
2622 2481 2813 2523 omnes
2844 2468 3131 2536 aequaliter
3160 2469 3381 2525 salvans
3410 2486 3553 2537 pra:-

1957 2558 2164 2626 putium
2198 2557 2251 2611 in
2277 2558 2424 2613 vitiis
2454 2565 2691 2627 reputat,
2725 2566 2781 2613 et
2807 2559 3278 2616 circumcisionem
3314 2560 3475 2617 tradit
3502 2562 3555 2619 in

1959 2648 2231 2713 moribus;
2278 2649 2404 2720 quia
2438 2648 2491 2704 id
2518 2649 2663 2719 quod
2692 2665 2837 2705 vera:
2863 2650 3319 2708 sanctiﬁcationis
3345 2661 3453 2721 est,
3500 2654 3557 2711 in

1962 2740 2066 2797 ﬁde
2117 2742 2489 2812 dignoscitur;
2541 2742 2684 2813 quod
2738 2742 3041 2801 manifestae
3090 2744 3237 2813 ﬁdei,
3298 2746 3559 2818 operibus

1956 2834 2186 2905 justitiae
2213 2850 2319 2891 non
2352 2835 2565 2906 injuriae
2593 2838 2842 2908 corporis
2871 2836 3184 2910 deputatur.

2643 2974 2875 3033 CAPUT
2913 2975 3009 3032 IX.

2038 3089 2144 3145 Cur
2174 3090 2485 3163 patriarchis
2514 3090 2664 3145 licuit
2719 3091 2904 3147 habere
2931 3092 2987 3147 in
3016 3093 3262 3165 conjugio
3291 3093 3486 3165 plures.

2041 3204 2248 3261 APOLL.
2268 3235 2339 3246 -—
2361 3205 2533 3274 Hujus
2557 3220 2774 3276 quoque
2799 3204 3224 3277 dispensationis
3245 3207 3387 3264 sicut
3405 3223 3565 3265 acce-

1972 3314 2157 3370 peram
2187 3310 2335 3355 certa
2361 3300 2611 3368 probatio
2658 3309 2763 3363 est,
2808 3308 2863 3354 et
2910 3299 3221 3355 Judaeorum
3262 3316 3400 3356 vana
3430 3317 3570 3369 prae-

1971 3392 2231 3461 sumptio,
2264 3392 2352 3462 qni
2412 3392 2771 3461 reputandum
2826 3391 2929 3447 sibi
2960 3408 3063 3463 pro
3104 3409 3331 3451 munere
3362 3394 3572 3464 baptis-

1975 3486 2138 3540 matis
2174 3483 2457 3551 credunt,
2508 3485 2651 3556 quod
2710 3499 2809 3554 pro
2863 3486 3126 3556 temporis
3175 3487 3391 3545 ratione
3435 3503 3575 3559 prte-

1972 3586 2212 3647 ceptum,
2242 3577 2400 3633 dnon
2451 3587 2651 3632 statum
2698 3577 2844 3645 ﬁdei,
2900 3579 2997 3634 sed
3056 3581 3306 3636 notitiam
3349 3581 3571 3652 generis

1973 3669 2291 3725 custodivit.
2319 3670 2460 3738 Quid
2484 3671 2811 3741 patriarchis
2831 3671 3061 3741 iustitia:
3091 3675 3285 3730 merita
3316 3678 3573 3731 retinen-

1979 3762 2144 3828 tibus,
2176 3778 2338 3833 quam
2363 3762 2434 3817 ob
2463 3777 2682 3817 causam
2716 3762 2920 3818 habere
2961 3765 3014 3819 in
3055 3766 3312 3836 conjugio
3336 3783 3577 3825 conven-

1982 3864 2147 3926 tuque
2211 3854 2394 3926 plures
2446 3855 2644 3911 licuit?
2714 3856 2822 3911 Nec
2890 3856 2943 3910 in
3006 3869 3330 3927 peccatum,
3387 3870 3410 3898 ο
3462 3861 3574 3917 Deo

1980 3949 2170 4020 utique
2196 3951 2438 4016 sciente,
2484 3957 2794 4019 reputatum
2835 3957 2940 4015 est,
2988 3950 3132 4021 quod
3165 3966 3310 4006 nunc
3339 3951 3410 4007 ita
3440 3952 3583 4009 inhi-

1982 4043 2143 4099 betur
2170 4053 2223 4097 et
2250 4041 2522 4113 plectitur,
2549 4050 2609 4096 ut
2638 4057 2748 4097 non
2770 4041 2946 4098 solum
2970 4041 3065 4097 Dei
3092 4042 3313 4114 dignum
3341 4044 3555 4101 testime

1984 4145 2072 4192 tur
2101 4136 2330 4202 oﬂ‘ensa,
2356 4134 2453 4191 sed
2484 4135 2693 4191 ultione
2721 4134 3002 4191 hominum
3036 4134 3408 4206 aequissimum
3436 4138 3584 4208 judi-

1985 4241 2157 4289 cetur.
3497 4218 3571 4233 ’“⁴”

2059 4324 2261 4381 ΖΑεοιι.
2289 4354 2362 4365 -
2388 4322 2670 4395 Multiplex
2700 4322 2923 4394 quidem
2953 4324 3095 4394 apud
3142 4326 3329 4397 plures
3352 4327 3585 4385 licentia:

1990 4419 2152 4475 istius
2174 4433 2338 4474 causa
2360 4426 2468 4484 est,
2510 4418 2605 4473 sed
2640 4418 2756 4471 haec
2783 4416 3056 4489 praecipua
3082 4418 3250 4475 fuisse
3270 4420 3544 4478 credenda
3570 4438 3584 4488 ;

1994 4520 2053 4567 ut
2091 4512 2442 4583 perfectionis
2464 4512 2661 4567 ordine
2681 4521 3052 4581 sequestrate,
3085 4512 3179 4569 Dei
3210 4516 3445 4583 primum
3476 4532 3591 4573 cre-

1993 4607 2194 4663 dulitas
2250 4605 2695 4670 fundaretur;et
2746 4604 2906 4659 ﬁdem
2948 4604 3133 4675 potius
3181 4606 3431 4663 stabtlire
3460 4622 3590 4663 con-

1996 4699 2230 4755 tendens
2253 4696 2339 4752 lex
2373 4697 2524 4751 illata
2567 4711 2673 4749 non
2700 4695 2936 4759 tolleret,
2964 4695 3108 4766 quod
3140 4696 3253 4750 ﬁeri
3304 4698 3453 4754 velut
3505 4702 3587 4755 in-

1996 4791 2224 4848 noxium
2246 4788 2546 4859 reperissct
2566 4801 2740 4858 eaque
2769 4795 2978 4842 tantum
3001 4785 3349 4857 signarentur
3376 4790 3586 4863 illicita,

1995 4900 2117 4955 qua:
2145 4896 2276 4939 vere
2317 4880 2565 4937 mortalia
2596 4879 2985 4935 credebantur.
3012 4880 3146 4937 Inde
3196 4882 3427 4940 Abrahae
3457 4885 3592 4943 ﬁdes

1998 4990 2097 5047 pro
2118 4975 2327 5047 justitia
2359 4982 2612 5045 reputata
2633 4979 2744 5042 est,
2764 4982 2821 5029 et
2847 4973 3070 5029 devotio
3096 4975 3265 5032 cessit
3285 4976 3354 5033 ad
3376 4979 3593 5050 merita,

2003 5114 2203 5184 Optima
2238 5112 2402 5169 lectio
2431 5108 2645 5184 codicis
2675 5110 2861 5184 Vindx,
2893 5120 3108 5184 contra,
3140 5112 3341 5184 prioris
3396 5116 3593 5174 editio~

2006 5182 2108 5249 nis,
2143 5187 2266 5253 quia
2294 5185 2580 5253 manifesta:
2608 5182 2755 5253 ﬁdei,
2796 5183 3055 5252 pessima.

2076 5256 2102 5293 ά
2132 5258 2225 5314 Sic
2253 5256 2424 5311 codex
2458 5254 2620 5310 Vind.
2653 5267 2704 5309 et
2736 5255 2877 5309 alius
2932 5271 3093 5324 quem
3144 5257 3415 5313 Acherius
3445 5259 3595 5317 vide—

2004 5337 2112 5394 rat,
2145 5330 2435 5383 emendate
2469 5345 2480 5379 :
2516 5327 2567 5381 in
2600 5336 2747 5382 textu
2780 5327 2976 5395 prioris
3005 5326 3262 5384 editionis
3292 5346 3397 5383 non
3423 5339 3593 5385 statu-

2006 5410 2113 5482 tum
2142 5401 2336 5484 ﬁdei...
2367 5401 2687 5484 custodiunt,
2739 5411 3022 5484 corrupte.
3057 5398 3336 5484 Superiori
3392 5404 3595 5473 capite,

2004 5470 2332 5543 signaculum
2355 5471 2500 5539 ﬁdei,
2528 5486 2631 5523 non
2661 5481 2848 5523 statum
2878 5470 3039 5539 fuisse
3056 5471 3303 5541 justitiw.
3462 5470 3473 5473 ⁷

2083 5553 2105 5581 ε
2135 5544 2229 5598 llic
2285 5542 2489 5597 sciendi
2541 5541 2781 5614 Verbum
2823 5543 2985 5614 aliter
3035 5542 3299 5614 accipitur
3343 5556 3407 5597 ac
3434 5546 3598 5614 vulgo

2007 5614 2164 5682 solet,
2193 5614 2448 5669 nimirum
2478 5624 2535 5669 ut
2556 5614 2741 5667 scitum
2771 5612 2822 5665 in
2858 5612 3108 5685 illa_voce
3136 5613 3480 5685 plebiscitum.
3516 5612 3600 5672 In-

2006 5686 2087 5741 fra
2125 5729 2139 5752 ,
2187 5688 2382 5741 ultione
2432 5685 2701 5740 hominum
2755 5683 3348 5753 tequissimum,'ultima
3377 5701 3483 5742 vox
3509 5688 3606 5744 ad-

2006 5758 2213 5831 scripta
2243 5774 2275 5815 e
2300 5758 2490 5815 codice
2520 5754 2684 5811 Vind.
2716 5763 2773 5811 et
2802 5753 3029 5810 Lemov.
