4092 6176
573 322 714 386 H85

572 547 736 593 latum
767 545 838 590 est
863 535 941 590 illi
966 535 1034 587 ad
1050 533 1317 605 justitiam
1349 531 1527 604 (Rom.
1555 545 1628 597 tv,
1661 526 1740 599 5).
1775 526 1979 582 Deinde
2018 523 2160 592 quod

571 631 786 701 plebem
806 630 1056 698 exiguam
1084 624 1568 688 Divinitasfovens,
1591 621 1825 692 gaudere
1848 618 2016 673 voluit
2039 632 2161 671 suc-

567 724 913 780 cessionibus
935 723 1268 782 numerosis,
1301 728 1358 774 ut
1408 735 1518 788 pra:
1567 717 1830 772 caeterisa
1871 721 2162 783 augeretur

565 833 726 888 quam
782 831 890 886 prte
919 815 1134 871 caeteris
1187 813 1484 884 diligebat,
1533 822 1590 866 et
1647 811 1994 866 maledictum
2028 808 2162 877 legis

566 912 855 983 eﬂ‘ugoret,
884 910 975 981 qui
1007 924 1192 965 semen
1227 908 1283 962 in
1314 905 1502 962 sobole
1553 904 1908 959 substitisset.
1939 902 2043 958 Sed
2070 917 2160 953 ex-

561 1009 776 1064 cusatio
795 1006 1009 1061 cunctis
1036 1007 1138 1073 ista
1168 1004 1474 1058 communis
1500 1013 1605 1067 est,
1641 1011 1693 1056 et
1726 1017 1832 1054 tton
1869 1009 2159 1068 paucorntn

562 1117 749 1166 causa,
772 1099 866 1155 sed
898 1098 1112 1168 populi;
1139 1095 1468 1166 patriarcltis
1498 1111 1628 1150 vero
1648 1095 1994 1148 extrinsecus
2016 1094 2165 1146 msti-

565 1205 782 1258 matur;
839 1208 960 1246 nam
1012 1190 1436 1260 promissumex
1489 1187 1698 1242 semine
1751 1202 1851 1242 suo
1883 1185 2159 1241 Christum

559 1289 688 1345 dum
717 1290 823 1344 sibi
868 1289 1100 1358 quisque
1153 1287 1409 1342 crederet
1440 1293 1858 1356 proventurum,
1893 1292 1950 1336 et
1978 1281 2164 1336 oriun-

563 1383 690 1440 dum
717 1383 896 1438 adbuc
940 1382 1145 1452 absque
1190 1381 1404 1434 semine
1434 1393 1542 1433 nou
1569 1378 1850 1447 legissent,
1880 1384 2046 1429 tanta:
2075 1389 2164 1428 su-

562 1476 704 1530 bolis
735 1489 926 1528 umore
950 1473 1230 1528 ferventes
1255 1470 1505 1540 conjugis
1531 1470 1715 1523 adiere
1738 1469 2051 1531 multarum,-
2083 1467 2164 1519 itt-

561 1567 937 1623 tirtuissimum
1009 1566 1321 1636 judicautes
1376 1567 1468 1618 uni
1527 1575 1734 1616 tantum
1807 1559 2162 1614 matrimOuio

559 1669 712 1730 spem
756 1657 1137 1715 sublimissimi
1175 1658 1437 1728 germinis
1461 1655 1747 1725 deputare.
1774 1655 1870 1708 llis
1891 1654 2036 1708 enim
2068 1653 2160 1707 Dei

561 1755 744 1810 verbis
773 1753 1010 1809 Abrahae
1057 1754 1292 1822 primum
1348 1751 1468 1821 ejus
1517 1750 1658 1806 facta
1714 1749 2001 1818 promissio
2029 1755 2157 1801 est:

562 1847 629 1902 In
661 1847 852 1902 semine
875 1859 962 1900 tuo
992 1845 1354 1900 benedicentur
1402 1857 1575 1897 omnes
1618 1850 1789 1912 gentos
1820 1839 1978 1908 (Gen.
2023 1854 2160 1904 xxu,
2198 1821 2239 1888 Β
2271 1822 2409 1912 ξῗθίξίο

565 1939 680 2008 18).
717 1937 842 1992 Pari
875 1936 1270 2008 propemodum
1304 1932 1611 2004 patriarcha
1670 1932 1837 1987 Jacob
1868 1931 2166 1986 honoratur

560 2034 805 2102 eloquio,
835 2031 1068 2087 Domino
1095 2035 1162 2085 ad
1217 2045 1340 2085 eum
1373 2031 1631 2100 loquente
1663 2044 1680 2082 τ
1713 2027 1823 2097 Ego
1868 2041 1980 2082 sum
2029 2024 2165 2077 Deus

563 2137 682 2180 tuus
707 2142 724 2179 :
757 2141 926 2180 cresce
945 2134 994 2180 et
1017 2124 1158 2195 reple
1183 2132 1378 2194 gentes,
1409 2131 1453 2174 et
1484 2120 1737 2174 Ecclesite
1761 2121 1992 2192 gentium
2014 2125 2166 2172 erant

562 2220 626 2274 de
649 2230 699 2275 ts
726 2236 745 2274 :
777 2235 922 2291 reges
963 2218 1027 2272 de
1075 2220 1248 2272 lumbo
1279 2227 1367 2270 tuo
1393 2215 1636 2270 (saltibunt
1668 2231 1687 2280 ;
1716 2225 1762 2267 et
1792 2223 1978 2267 terram
2009 2226 2166 2282 quam

561 2314 679 2366 dedi
711 2311 932 2366 Abrahae
951 2320 996 2364 et
1029 2310 1205 2374 Isaac,
1240 2311 1331 2363 tibi
1353 2308 1487 2362 dabo
1527 2323 1641 2361 eam
1661 2318 1706 2360 et
1735 2307 1918 2361 sumini
1938 2316 2026 2359 tuo
2051 2313 2167 2372 post

564 2415 614 2460 te
635 2403 786 2476 (Gen.
805 2420 968 2471 xxxv,
1000 2403 1210 2474 ΝΛΞ).
1244 2403 1408 2456 David
1436 2411 1618 2455 autem
1652 2401 1703 2454 in
1728 2399 1921 2469 spiritu
1952 2397 2165 2469 planius

557 2497 662 2552 sibi
696 2497 813 2551 haec
841 2497 1111 2565 promissa
1143 2503 1540 2550 commemorat
1563 2494 1786 2548 dicens:
1819 2491 2026 2545 Iuravit
2055 2491 2161 2543 Do-

564 2589 734 2642 minus
765 2586 958 2653 David,
988 2597 1036 2640 et
1062 2602 1165 2639 non
1194 2585 1453 2657 pmnitebit
1499 2601 1614 2638 eum
1643 2601 1662 2650 ;
1690 2583 1755 2636 de
1785 2583 1954 2653 fructu
1977 2581 2165 2635 ventris

563 2680 639 2732 tsi
667 2694 860 2747 ponam
881 2693 1039 2749 super
1066 2679 1238 2732 sedem
1266 2689 1407 2731 tuam
1435 2676 1555 2747 (Ps.
1583 2691 1776 2744 cxxxt,
1813 2674 1926 2747 Η).
1959 2674 2165 2730 Similis

563 2787 660 2841 per
691 2774 903 2826 Esaiam
937 2773 1326 2841 promissionis
1380 2770 1536 2826 istius
1581 2770 1717 2826 ordo
1764 2780 2011 2824 servatus
2041 2776 2161 2833 est;

563 2866 640 2918 ait
667 2866 810 2919 enim
845 2881 858 2917 :
890 2861 1045 2916 Exiet
1075 2866 1222 2934 virga
1251 2862 1316 2916 de
1343 2864 1518 2917 radice
1543 2861 1709 2925 Iesse,
1759 2872 1804 2916 et
1840 2863 1937 2931 ﬂos
1985 2863 2047 2914 de
2080 2877 2166 2914 ra-

565 2956 678 3010 dice
717 2958 829 3027 ejus
864 2955 1106 3008 ascendet
1145 2953 1249 3026 (Is.
1292 2970 1368 3020 XI,
1416 2955 1492 3025 i),
1543 2957 1596 3008 in
1627 2956 1741 3024 ipso
1771 2966 1942 3024 gentes
1987 2969 2163 3023 spera-

563 3050 687 3104 bant
710 3049 877 3120 (Ibid.
910 3050 1021 3122 i0).
1056 3049 1112 3103 In
1141 3052 1290 3120 virga
1321 3049 1510 3104 Mariae
1537 3048 1862 3104 venerabilis
1887 3058 2161 3102 monstra-

566 3155 653 3198 tur
676 3143 996 3214 integritas;
1028 3143 1080 3196 in
1112 3141 1285 3197 odore
1329 3141 1480 3196 ﬂoris
1506 3150 1560 3196 et
1584 3141 1758 3211 gratia
1809 3141 2052 3210 signatus
2081 3149 2163 3193 est

561 3235 838 3304 Christus,
869 3237 990 3305 ipso
1018 3235 1072 3289 in
1101 3235 1454 3291 Canticorum
1481 3232 1720 3294 Cauticis
1764 3233 1864 3288 hoc
1889 3234 2117 3287 docente
2146 3249 2158 3285 :

564 3327 680 3399 Ego
724 3344 840 3383 sum
873 3329 972 3398 ﬂos
1001 3329 1194 3398 campi,
1226 3338 1272 3381 et
1325 3327 1492 3380 lilium
1533 3326 1845 3380 convallium
1889 3325 2060 3394 (Cant.
2099 3339 2159 3390 tt,

565 3422 642 3493 i).
681 3423 822 3494 Ergo
850 3421 967 3476 haec
1018 3422 1304 3476 avidorum
1331 3431 1452 3474 vota
1484 3420 1778 3488 simplicia,
1811 3417 2040 3474 Domino
2069 3432 2164 3487 per

565 3517 783 3573 Esaiam
827 3518 1106 3586 loquente,
1141 3515 1350 3570 mollita
1371 3523 1520 3578 sunt,
1549 3513 1677 3568 dum
1723 3514 1776 3567 in
1809 3513 2037 3567 salutem
2066 3511 2164 3565 hu-

561 3611 706 3665 mani
745 3609 961 3681 generis
984 3625 1081 3678 per
1103 3609 1448 3662 occasionem
1479 3605 1620 3677 signi
1649 3605 1932 3676 virginalis
1981 3614 2164 3674 partus

557 3703 886 3767 ostenditur,
907 3704 1170 3771 propheta
1194 3701 1260 3754 ad
1279 3699 1460 3754 Acha:
1479 3700 1893 3767 promissionem
1921 3697 2162 3751 muneris

559 3796 718 3852 istius
772 3799 852 3851 sic
900 3797 1199 3865 loquente:
1264 3792 1396 3847 Ecce
1444 3793 1590 3846 dabit
1642 3789 1898 3845 Dominus
1931 3791 2159 3861 signum.

572 3888 732 3962 Virgo
761 3888 1013 3959 concipiet
1041 3885 1069 3926 δ
1101 3897 1148 3941 et
1177 3887 1345 3956 pariet
1375 3885 1541 3954 filium
1582 3881 1684 3955 (is.
1735 3897 1826 3951 vn,
1861 3883 1974 3950 14).
2023 3883 2164 3937 Ecce

566 3981 747 4036 tertia.

636 4073 816 4128 Prima
844 4088 977 4142 ergo
1006 4082 1299 4135 estcausa,
1327 4069 1470 4140 quod
1495 4086 1601 4126 non
1625 4070 1810 4125 vetitis
1838 4068 2164 4140 simpliciter

563 4173 694 4221 sunt
720 4163 896 4228 abusi,
930 4163 1220 4232 missisque
1272 4162 1324 4216 in
1373 4176 1720 4216 numerosam
1765 4161 2006 4215 sobolem
2047 4172 2162 4215 stu-

564 4257 671 4312 diis
695 4267 717 4295 c
746 4255 930 4326 augeri
980 4257 1333 4326 insipientem
1375 4256 1633 4326 populum
1670 4254 1936 4310 Diviuitas
1968 4255 2159 4310 voluit.

525 4347 534 4352 “
567 4349 696 4403 Hice
719 4349 954 4418 denique
1009 4352 1236 4418 insaper
1274 4351 1480 4417 juncta,
1513 4351 1657 4420 quod
1711 4365 1776 4406 ex
1829 4366 2035 4421 genere
2063 4366 2162 4406 suo

560 4439 837 4495 Christum
871 4443 1202 4509 promissum
1239 4443 1442 4494 tamdiu
1474 4443 1576 4498 sibi
1608 4455 1934 4498 eventurum
1978 4461 2163 4501 arces-

563 4533 720 4588 sione
748 4531 1058 4602 multiplicis
1088 4533 1418 4587 matrimonii
1467 4535 1681 4588 incauta
1727 4547 2034 4592 sanctorum
2067 4541 2159 4594 de-

563 4627 758 4685 sideria
813 4635 1179 4700 putaverunt,

565 4722 881 4795 praedicatio
907 4723 1260 4778 continentiae
1276 4722 1390 4793 jam
1416 4723 1591 4778 vicina
1615 4723 1903 4791 revelaret,
1936 4736 1991 4781 et
2015 4726 2158 4782 idem

561 4819 767 4873 sensim
811 4819 1001 4874 salutis
1053 4826 1259 4873 nostra
1315 4827 1597 4888 reparator
1625 4829 1681 4874 et
1737 4820 1985 4874 conditor
2037 4834 2159 4876 cre-

563 4921 753 4966 scente
793 4912 999 4981 iustitia
1028 4911 1355 4982 impleturus
1378 4911 1597 4967 afferret
1625 4913 1766 4982 quod
1806 4914 1934 4968 olim
1959 4927 2054 4983 per
2078 4914 2158 4968 di-

564 5007 973 5079 spensationem
1003 5006 1277 5064 immaturi
1306 5008 1562 5078 temporis
1589 5007 1915 5064 distulisset.

1180 5258 1515 5271 ...ξ-αι...-

628 5544 652 5572 ¹¹
687 5531 779 5589 H:c
804 5539 965 5588 voCes
995 5533 1233 5603 quatuor
1255 5527 1457 5603 additae
1486 5542 1517 5603 ς
1546 5528 1734 5603 Codice
1758 5521 1918 5603 Vind.
1952 5519 2008 5603 in
2043 5525 2148 5580 Lc-

557 5587 933 5663 tnovicmtera
955 5587 1194 5673 qtiidem,
1218 5615 1274 5657 ιιι
1297 5603 1349 5655 in
1379 5589 1563 5664 Vind.,
1588 5587 1683 5654 sed
1719 5601 1770 5653 in
1794 5605 1861 5655 eo
1895 5597 2146 5665 habetur,

557 5693 670 5728 ante
698 5687 804 5728 orm
826 5678 1022 5728 caneris
1053 5667 1387 5728 diliaebatur.

554 5693 670 5750 qua:
698 5687 804 5744 prd:
826 5678 1022 5731 caeteris
1053 5676 1387 5746 diligebatur.

623 5748 652 5785 ιι
686 5748 1020 5801 Postremum
1056 5747 1306 5816 vocatam
1350 5739 1681 5816 a'tldidimus,
1715 5741 1884 5816 sc‘cdli
1911 5739 2152 5816 auctori-

558 5827 724 5871 tatem
753 5818 961 5872 codicis
993 5813 1148 5868 Vind.
1191 5812 1361 5877 Infra,
1400 5817 1449 5869 in
1482 5815 1674 5886 eodem
1725 5813 1887 5886 ptiriet
1915 5811 2082 5886 ﬁliitnt
2105 5820 2151 5864 et

554 5887 910 5941 cwtera:8ed
969 5894 1171 5954 quanto
1233 5887 1428 5942 melius
1476 5885 1651 5943 codex
1714 5881 1966 5953 t'.emov.,
2018 5881 2152 5937 Ecce

1822 309 2150 374 ZACCHIEI
2181 313 2573 372 ειιιιιετιΑΝι

576 445 856 514 Scriptura
897 441 1114 496 dicente
1141 454 1154 493 :
1205 438 1437 493 Credidit
1482 437 1744 490 Abraham
1778 432 1906 502 Deo,
1939 441 1984 486 et
2016 447 2167 496 repu-
2193 439 2240 494 Α

3724 311 3867 379 list

2911 427 3140 486 CAPUT
3182 431 3252 486 Χ.

2271 521 2400 590 Qua:
2437 523 2664 593 gentium
2694 429 3348 590 οἶειιεωῗζῖἳῖιὶιείε,
3379 522 3563 592 quibus
3588 525 3732 592 prius
3758 523 3868 580 Lex

2339 616 2462 668 data
2485 624 2578 682 est,
2611 615 2848 688 objectis,
2879 623 3053 684 gentes
3080 613 3311 684 quotidie
3336 613 3672 682 amplectitur
3704 613 3866 682 Deus,

2335 709 2530 763 edocet.

2338 781 2540 835 APOLL.
2564 811 2632 821 —
2659 781 2929 848 Quantum
2971 795 3118 846 reor,
3141 791 3195 835 et
3228 790 3412 850 patere
3435 781 3680 836 omnium
3710 782 3871 838 intel-

2264 873 2496 927 lectibus
2538 874 2726 939 credo,
2780 889 2808 926 a
2858 873 3072 928 cunctis
3121 875 3360 927 sanioris
3409 873 3870 943 concupiscentia

2265 968 2668 1036 suspicionibus
2720 978 3029 1023 sanctorum
3081 968 3397 1037 simplicitas
3443 968 3690 1024 absoluta
3735 983 3864 1035 esr;

2268 1060 2543 1128 praecipue
2571 1075 2692 1114 cum
2729 1062 3040 1129 explorator
3071 1061 3338 1116 mentium
3374 1061 3519 1116 Deus
3553 1063 3870 1132 νιωηςῃςιιί-

2267 1168 2384 1207 vam
2404 1154 2625 1224 iustitia}
2661 1155 2858 1209 talibus
2882 1173 2985 1210 non
3016 1156 3281 1224 dedisset,
3309 1159 3353 1209 ιι
3375 1157 3424 1211 id
3452 1157 3594 1226 quod
3624 1158 3871 1226 prohibi-

2268 1254 2379 1299 ttnn
2413 1263 2508 1314 pro
2534 1247 2942 1316 dispensatione
2975 1264 3081 1302 non
3125 1249 3344 1315 fuerat.
3362 1262 3760 1319 prmsumptum
3792 1251 3869 1303 in-

2261 1336 2404 1406 jutia
2452 1339 2884 1407 cnmpt'oltasset.
2945 1339 3049 1396 Sed
3095 1341 3321 1406 exactis,
3365 1349 3423 1394 ut
3465 1340 3578 1410 jam
3624 1341 3864 1410 videtur,

2267 1430 2463 1495 causis,
2500 1432 2860 1502 interrogatio
2881 1433 3098 1500 inopina
3119 1435 3383 1503 subrepit,
3401 1449 3523 1502 qtae
3547 1433 3716 1488 fuerit
3741 1449 3870 1504 gen-

2270 1528 2398 1580 tium
2420 1528 2673 1594 Specialis
2701 1526 2929 1592 oli‘onsa,
2957 1544 3077 1599 qua}
3105 1537 3184 1582 tot
3211 1527 3424 1583 stcculis
3441 1543 3506 1581 ac
3531 1530 3868 1598 temporibus

2265 1619 2505 1687 abiectas
2537 1635 2566 1673 a
2601 1620 2689 1674 Dei
2750 1619 3132 1675 informatione
3185 1620 3467 1690 rcpulerit,
3501 1631 3554 1674 et
3599 1634 3748 1676 nunc
3769 1635 3862 1691 spe

2266 1724 2596 1769 :rternorum
2632 1730 2917 1770 munerum
2948 1726 3273 1784 provocatas
3293 1714 3648 1784 amplectatur
3681 1732 3747 1770 ac
3774 1716 3868 1770 do-

2441 1810 2644 1865 Jtttlmis‘
2699 1810 2914 1880 penitus
2940 1826 2967 1862 a
2997 1810 3170 1880 gratia
3225 1810 3316 1864 ltei
3349 1809 3537 1880 pulsis,
3571 1808 3770 1880 quibus
3817 1820 3867 1864 et

2270 1901 2322 1956 in
2354 1903 2482 1972 legis
2506 1904 2853 1972 susceptione
2876 1919 3006 1958 usus
3027 1904 3286 1971 anterior,
3302 1912 3353 1958 et
3371 1903 3422 1957 iu
3454 1903 3726 1958 electione
3748 1917 3867 1959 sors

2271 1995 2436 2065 prima
2467 2005 2570 2050 est.

2341 2089 2539 2144 Zacca.
2563 2120 2634 2128 —
2663 2089 2875 2143 Nullum
2901 2104 2928 2143 ιι
2965 2089 3231 2159 principio
3251 2088 3586 2144 credentium
3612 2089 3755 2145 Deus
3784 2107 3866 2146 re-

2269 2181 2428 2252 pulit,
2483 2196 2582 2236 nec
2635 2181 2784 2250 prius
2828 2181 3064 2235 creatori
3106 2194 3204 2233 suo
3262 2179 3588 2250 displicuere
3638 2192 3861 2252 gentes,

2267 2289 2426 2344 quam
2463 2272 2850 2327 beneﬁciorum
2883 2273 3029 2326 illius
3076 2282 3131 2326 et
3161 2287 3276 2326 sum
3307 2272 3633 2328 conditionis
3676 2273 3864 2328 oblitae

2272 2383 2368 2435 pro
2400 2369 2516 2433 ejus
2571 2366 2876 2420 reverentia
2908 2364 2990 2419 vel
3017 2364 3223 2419 honore
3251 2363 3593 2418 insensibiles
3619 2365 3864 2420 colerent

2266 2469 2546 2512 creaturas
2574 2501 2587 2524 ,
2626 2475 2689 2512 ac
2739 2459 3024 2512 simulacra
3083 2456 3359 2511 hominum
3393 2466 3448 2511 et
3480 2458 3744 2525 pecudum
3775 2473 3862 2512 ve-

2268 2561 2542 2620 nerantes,
2580 2552 2663 2607 bis
2717 2554 2912 2606 merito
2942 2551 3158 2606 sitniles‘
3180 2551 3560 2615 redderentur,
3593 2567 3713 2620 qum
3739 2551 3861 2617 sibi,

2267 2663 2387 2700 cum
2417 2646 2655 2714 potiores
2681 2659 2708 2698 a
2737 2645 2847 2700 Deo
2897 2643 3024 2699 lacti
3057 2655 3265 2706 essent.
3295 2644 3654 2714 praetulerunt
3681 2661 3694 2707 ;
3719 2642 3865 2698 Scri—

2269 2752 2428 2810 ptura
2480 2747 2818 2794 memorante
2861 2754 2872 2790 :
2947 2737 3242 2794 Simttlacra
3289 2737 3536 2810 gentium,
3595 2747 3863 2806 argentum

2267 2841 2313 2883 et
2359 2847 2566 2896 aurum,
2619 2847 2779 2898 opera
2826 2845 3072 2883 manuum
3126 2827 3396 2882 hominum
3454 2827 3570 2899 (Ps.
3600 2844 3759 2891 exul,
3789 2829 3860 2895 4).

2271 2926 2480 2980 Similes
2530 2927 2602 2978 eis
2645 2925 2772 2994 ﬁant
2811 2925 2899 2991 qui
2938 2925 3142 2994 faciunt
3181 2940 3265 2990 ea,
3307 2933 3353 2976 et
3393 2939 3569 2977 omnes
3606 2925 3696 2994 qui
3749 2940 3866 2976 con-

2267 3018 2436 3086 ﬁdunt
2457 3020 2508 3072 in
2531 3019 2608 3073 eis
2636 3017 2830 3087 (Ibid.,
2868 3019 2947 3086 8).
2979 3017 3242 3072 Similiter
3265 3026 3319 3072 et
3350 3016 3609 3074 Salomon
3645 3035 3658 3070 τ
3693 3017 3864 3071 Ποπιο

2270 3113 2389 3183 fecit
2420 3129 2526 3177 eos,
2571 3121 2619 3167 et
2657 3113 2746 3184 qui
2793 3113 3038 3180 spiritum
3069 3121 3336 3165 mutuatus
3373 3121 3470 3176 est,
3528 3111 3682 3180 ﬁnxit
3724 3112 3862 3164 illos.

2147 3249 2158 3283 ε
2191 3217 2236 3283 C
2273 3204 2436 3259 Nemo
2467 3215 2634 3258 autem
2665 3204 2931 3258 hominum
2957 3205 3181 3258 similem
3225 3203 3325 3258 sibi
3365 3206 3546 3275 poterit
3570 3203 3742 3257 Deum
3769 3204 3864 3270 [in-

2268 3314 2387 3368 gere
2418 3314 2435 3361 ;
2463 3313 2578 3351 cum
2610 3297 2677 3350 sit
2706 3298 2961 3364 mortalis,
2991 3307 3256 3350 mortuum
3293 3296 3444 3368 ﬁngit
3475 3296 3715 3350 inanibus
3772 3295 3868 3348 ini-

2267 3393 2382 3460 quis
2412 3391 2632 3445 :mclior
2657 3399 2732 3445 est
2762 3391 2870 3463 ipse
2921 3390 3001 3444 his
3031 3406 3159 3461 quos
3180 3390 3305 3444 colit
3339 3406 3357 3455 ;
3387 3390 3634 3458 quoniam
3661 3390 3778 3457 ipse
3797 3388 3868 3442 ri-

2266 3488 2364 3555 :cit,
2390 3485 2469 3541 illi
2494 3502 2612 3541 vero
2646 3501 2927 3557 numquam
2953 3484 3114 3557 (Sap.
3142 3500 3231 3550 xv,
3263 3483 3351 3552 16,
3386 3483 3496 3554 Π).
3526 3482 3593 3537 Et
3622 3483 3824 3537 iterum
3851 3497 3865 3535 :

2268 3583 2599 3636 Attendentes
2630 3597 2812 3652 opera,
2864 3596 2967 3634 non
3017 3587 3271 3633 nouerunt
3294 3579 3407 3650 quis
3451 3586 3582 3632 esset
3627 3578 3868 3646 artifex;

2267 3675 2357 3728 sed
2384 3684 2475 3727 aut
2518 3675 2710 3744 ignem,
2767 3682 2857 3727 aut
2911 3674 3176 3744 spiritum,
3206 3680 3296 3724 aut
3323 3687 3514 3738 aerem,
3563 3679 3869 3742 autgyrum

2267 3767 2555 3831 stella-rum,
2581 3778 2669 3821 aut
2717 3768 2930 3821 nimiam
2979 3783 3191 3839 aquam,
3235 3775 3324 3820 aut
3352 3765 3532 3831 solem,
3565 3772 3658 3816 aut
3688 3761 3870 3815 lunam

2266 3872 2495 3916 rectores
2542 3860 2680 3915 orbis
2711 3869 2971 3914 terrarum
2998 3861 3122 3913 deos
3155 3865 3461 3928 putauerunt
3481 3854 3637 3926 (Sap.
3661 3869 3792 3918 xm,
3818 3854 3865 3920 Ι,

2265 3952 2345 4021 2).
2375 3952 2509 4007 Cum
2533 3967 2665 4023 ergo
2718 3951 2882 4006 totius
2937 3950 3054 4021 spei
3104 3948 3381 4015 ﬁduciam,
3415 3947 3661 4017 neglecto
3707 3946 3872 4000 Crea-

2267 4053 2412 4110 tore,
2437 4045 2488 4098 in
2514 4045 2716 4098 talibus
2743 4044 3126 4108 collocassent,
3159 4041 3466 4098 mercedem
3496 4038 3710 4110 proprii
3737 4053 3869 4109 ope-

2267 4138 2342 4192 ris
2370 4148 2754 4207 perceperunt,
2785 4147 2844 4194 ut
2869 4153 2962 4192 sua
2994 4148 3189 4207 sponte
3212 4137 3263 4190 in
3293 4149 3454 4190 omne
3494 4132 3871 4186 immunditia-

2269 4245 2386 4284 runt
2421 4244 2596 4299 genus
2627 4240 2850 4285 ruentes
2879 4229 3070 4284 aliena:
3115 4229 3184 4283 ab
3213 4226 3591 4281 informatione
3628 4223 3738 4278 Dei
3772 4225 3868 4279 lie-

2268 4333 2410 4390 rent,
2437 4338 2556 4394 qum
2588 4322 2719 4378 solis
2746 4324 2888 4379 vitiis
2913 4321 3245 4387 serviebant,
3289 4321 3661 4389 demersaque
3685 4318 3874 4372 crimi-

2268 4417 2424 4473 nibus
2481 4431 2585 4470 non
2621 4416 2770 4486 prius
2820 4405 2960 4471 viam
3014 4413 3375 4485 adipiscenda:
3437 4413 3873 4468 immortalitatis

2266 4517 2647 4578 agnoscerent,
2684 4524 2843 4577 quam
2894 4506 3182 4562 mediatori
3229 4505 3321 4562 Dei
3349 4515 3405 4561 et
3431 4505 3723 4560 hominum
3756 4519 3876 4559 cre-

1222 4628 1396 4684 donec
1448 4645 1514 4685 εκ
1568 4630 1771 4701 “sine
1827 4631 2160 4688 nascimmm
2189 4615 2242 4677 Ῑ)
2267 4599 2737 4655 didisscntzunde
2766 4599 2818 4653 in
2854 4597 3277 4654 Deuterouomio
3321 4595 3584 4667 scriptum
3631 4605 3750 4662 est,
3775 4595 3878 4666 Sy

2271 4708 2490 4763 nagogte
2527 4691 2820 4747 Ecclesium
2864 4705 2929 4746 ex
2955 4689 3210 4762 gentibus
3259 4687 3656 4758 prtelerendam
3697 4705 3713 4741 :
3755 4687 3881 4741 Eri-

2267 4786 2354 4853 lis,
2382 4785 2575 4856 inquit,
2605 4795 2779 4858 gentes
2803 4785 2854 4837 in.
2883 4793 3038 4855 caput
3071 4799 3089 4836 :
3116 4781 3415 4836 incredulus
3436 4790 3610 4835 autem
3635 4781 3876 4852 populus

2266 4879 2318 4931 in
2346 4877 2565 4930 caudam
2597 4875 2780 4946 (Deut.
2808 4891 2996 4940 xxvm,
3028 4872 3145 4946 44).

2336 4955 2538 5024 Judu‘is
2564 4979 2741 5022 autem
2765 4965 3020 5036 quamdiu
3052 4965 3188 5019 ﬁdes
3215 4962 3496 5034 etjustitia
3528 4963 3738 5032 viguit,
3777 4961 3873 5018 Dei

2264 5076 2481 5133 quoque
2510 5059 2580 5114 ab
2607 5059 2690 5114 bis
2713 5059 2930 5114 dilectio
2955 5073 3059 5112 non
3091 5056 3345 5122 recessit,
3372 5056 3490 5120 ipso
3513 5068 3610 5124 per
3642 5053 3876 5109 Esaiam

2266 5154 2316 5207 in
2344 5152 2586 5208 Canticis
2618 5159 2955 5221 proteStante
2985 5169 2997 5204 :
3031 5148 3260 5204 Cantabo
3289 5159 3425 5201 nunc
3455 5147 3647 5201 (liter-to
3701 5149 3877 5202 tanti-

2258 5261 2374 5301 cum
2400 5246 2604 5301 dilecta:
2623 5246 2782 5301 vinea?
2809 5251 2935 5300 mea:
2959 5241 3063 5315 (1s.
3092 5259 3144 5312 v,
3163 5241 3241 5316 9).
3265 5227 3493 5311 Querella
3520 5239 3574 5296 iit
3602 5240 3871 5309 Cantica,

2259 5341 2488 5396 dilectus
2517 5340 2569 5395 in
2600 5338 2822 5395 Christo
2849 5348 2972 5394 est:
3013 5338 3190 5416 vinea.
3223 5349 3500 5407 synagoga
3529 5351 3544 5388 :
3579 5333 3688 5390 hoc
3722 5336 3878 5391 enin

2255 5521 2425 5590 tertia,
2455 5521 2709 5577 nimirum
2740 5537 2905 5578 causa
2934 5537 3032 5577 cur
3071 5517 3417 5593 patriarchis
3437 5517 3628 5593 plures
3662 5533 3878 5593 [uxores

2254 5595 2458 5649 ducere
2483 5595 2719 5650 licuerit.
2756 5595 2850 5650 Hae
2880 5595 3000 5650 dua:
3022 5590 3184 5649 voces
3210 5594 3261 5647 in
3291 5591 3453 5647 editis
3477 5590 3711 5644 omnino
3736 5592 3878 5647 dces

2255 5675 2400 5720 rant.

2331 5745 2351 5775 δ
2391 5737 2540 5792 llunc
2561 5738 2738 5794 locum
2762 5739 2829 5792 ab
2853 5739 3040 5793 errore
3071 5736 3366 5792 immunem
3393 5739 3512 5788 esse
3536 5732 3628 5785 Vix
3660 5735 3869 5790 credo.

2258 5806 2420 5894 intra,
2455 5809 3097 5894 accessionemuit’iplicis
3148 5807 3347 5890 habent
3389 5801 3551 5860 codd.
3605 5801 3785 5859 Vind.
3822 5814 3880 5862 et

2260 5877 2507 5946 Lemma;
2541 5881 2628 5936 tibi
2664 5885 2811 5953 prior
2835 5877 3026 5950 editio,
3059 5881 3378 5936 accersionc.
