4074 6204
266 339 404 404 itas

1427 338 2066 409 CONBULTATIONUM
2105 347 2241 409 LIB.
2279 342 2350 408 ll.

3432 345 3572 409 illd

262 461 396 516 etin
424 461 883 532 consequentibus
904 461 1007 515 ait:
1036 460 1102 515 Et
1125 477 1259 515 nunc
1299 462 1455 516 homo
1493 461 1659 530 Iuda,
1689 473 1737 517 et
1763 462 1852 532 qui
1883 465 1932 523 Α
1961 462 2082 528 tati,
2109 465 2210 519 sed
2262 463 2474 518 meritis
2516 463 2641 518 ﬁdei
2688 463 2841 518 salus
2899 475 3093 533 magna
3148 461 3416 532 promissa
3460 472 3568 529 est,

264 553 567 607 inhabitatis
598 552 951 621 Hierusalem,
975 555 1216 626 judicate
1270 555 1405 607 inter
1459 570 1540 608 me
1589 565 1634 608 et
1665 555 1865 608 vineam

268 661 433 700 meant
465 663 484 700 :
521 647 644 717 quid
679 647 874 717 faciant
912 650 1074 700 rinete
1108 662 1234 700 metu
1270 646 1408 716 quod
1448 645 1621 700 adhuc
1660 661 1762 699 non
1792 649 1869 716 fe-

267 743 424 796 cerim
468 740 706 814 ei(lbid.
732 741 920 812 5,0?
968 741 1131 796 Vinea
1181 742 1320 794 enim
1367 740 1580 794 Domini
1625 738 1866 805 sabaotlt,

268 835 452 888 domus
484 831 652 888 Israel
675 844 746 888 est
784 834 974 904 (Ibid.-,
1020 836 1096 904 7).
1133 834 1302 888 llomo
1327 833 1488 899 Juda,
1539 834 1785 886 Salvator
1814 840 1873 887 ut

267 943 432 998 supra
463 947 475 982 :
501 928 555 981 hi
585 939 766 983 autem
791 930 883 998 qui
915 929 1158 982 habitant
1181 927 1545 992 Hierusalem,
1581 938 1605 964 η
1637 941 1868 998 quorum

272 1035 364 1090 pes
394 1020 446 1074 in
470 1020 734 1075 Ecclesia:
768 1021 874 1075 ﬁde
903 1021 1093 1075 currit.
1128 1020 1314 1090 Itaque
1339 1021 1483 1075 inter
1515 1036 1573 1075 se
1619 1035 1680 1073 ac
1710 1033 1872 1088 popu-

270 1112 377 1166 lum
408 1111 716 1166 Judzeorum
772 1112 922 1167 velut
955 1114 1070 1180 pari
1103 1113 1417 1166 conditione
1447 1112 1707 1166 Dominus
1740 1110 1870 1165 hor-

273 1213 416 1258 tatur
469 1207 716 1275 agnosci.
750 1204 889 1272 Quid
921 1205 972 1259 ei
995 1205 1170 1260 adhuc
1219 1205 1543 1260 mirabilium
1573 1220 1633 1259 ac
1664 1205 1870 1260 beneﬁ-

269 1298 477 1352 ciorum
527 1304 787 1365 prteslare
819 1300 1009 1368 possit,
1042 1299 1187 1370 quod
1234 1311 1360 1354 ante
1390 1314 1500 1355 non
1532 1299 1730 1355 factum
1759 1300 1829 1356 sit
1855 1316 1868 1355 :

269 1393 354 1448 eui
399 1408 463 1447 ex
519 1391 753 1464 {Egypto
798 1393 1134 1463 gravissima:
1179 1393 1427 1449 liberatio
1483 1393 1784 1462 servitutis,
1819 1403 1874 1448 et

272 1483 536 1539 absolutae
578 1501 607 1538 a
658 1485 896 1555 cophino
953 1500 1146 1538 manus
1178 1500 1192 1549 ;
1227 1486 1312 1539 cui
1345 1485 1629 1539 innumera
1653 1485 1702 1538 in
1735 1484 1874 1539 Pha-

271 1591 494 1631 raonem
537 1585 701 1647 atque
729 1591 922 1632 omnes
973 1576 1264 1648 Egyptios
1298 1578 1474 1648 signa,
1508 1579 1644 1632 sicut
1699 1579 1750 1632 in
1780 1593 1872 1632 co-

273 1669 454 1724 lumna
481 1669 636 1724 nubis
665 1680 718 1723 et
747 1669 963 1724 luminis
991 1670 1078 1724 die
1106 1685 1169 1724 ac
1220 1682 1380 1725 nocte
1407 1670 1620 1725 visibile
1661 1670 1873 1739 praevia:

272 1761 567 1816 divinitatis
595 1763 878 1828 auxilium,
905 1770 961 1818 et
989 1778 1016 1816 a
1071 1764 1513 1833 persequentium
1543 1764 1873 1830 impenetra-

1972 552 2200 610 Domino
2233 554 2313 610 sic
2342 554 2578 610 docente
2641 569 2768 608 cum
2800 569 2860 609 se
2906 553 3072 608 iidem
3114 553 3289 609 Juda-i
3351 570 3450 621 pro
3479 567 3577 624 pou

1973 648 2078 701 tius
2127 647 2255 703 ﬁdei
2301 649 2626 718 probatione
2667 647 2901 703 Abrahae
2931 648 3070 702 ﬁlios
3102 663 3227 704 esse
3251 650 3520 718 jactarent
3555 665 3567 704 ι

1983 735 2106 805 Vos,
2136 738 2334 809 inquit,
2365 740 2428 793 de
2459 740 2668 794 diabolo
2693 752 2840 811 patre
2857 742 2968 794 nati
2995 742 3133 808 estis,
3168 751 3215 794 et
3245 755 3404 811 opera
3428 743 3572 797 illius

1974 830 2148 899 facitis
2182 831 2364 903 (Joan.
2400 850 2517 898 vnt,
2575 833 2687 904 M).
2717 836 2779 890 Si
2829 837 2963 889 enim
2996 835 3214 890 Abrahae
3251 835 3350 906 ﬁlii
3377 838 3570 905 essetis,

1976 943 2133 999 opera
2155 928 2300 982 illius
2329 928 2756 1002 faceretis(lbid.
2788 928 2881 1000 59)
2907 946 2920 994 ;
2955 929 3008 985 id
3031 941 3137 996 est,
3169 929 3306 985 ﬁdes
3337 933 3388 985 in
3421 931 3575 986 vobis

1974 1019 2174 1074 similis
2204 1029 2528 1089 appareret:
2558 1028 2615 1075 et
2637 1021 2777 1076 sicut
2803 1022 2896 1076 ille
2920 1021 2975 1075 in
3007 1023 3158 1076 omni
3182 1020 3433 1076 humana:
3465 1022 3576 1076 Inet-

1975 1112 2251 1167 sitationis
2279 1111 2608 1169 difﬁcultate
2637 1112 2768 1168 mihi
2799 1112 3058 1177 credidit,
3086 1115 3200 1183 pari
3222 1126 3276 1168 et
3307 1129 3405 1169 vos
3423 1129 3577 1168 man-

1976 1205 2269 1261 suetudine
2313 1207 2641 1262 crederetis.
2673 1207 2822 1262 Hanc
2845 1214 3024 1260 tamen
3053 1221 3240 1260 eorum
3269 1206 3452 1262 cordis
3475 1208 3577 1261 du-

1979 1297 2154 1350 ritiam
2186 1313 2410 1353 manere
2440 1298 2661 1368 quidem
2693 1313 2790 1368 pro
2821 1298 2907 1354 sui
2937 1298 3290 1354 miseratione
3312 1298 3577 1354 Divinitas

1979 1403 2086 1442 non
2113 1389 2251 1454 vult,
2276 1390 2371 1444 sed
2403 1391 2640 1459 existere
2670 1407 2766 1458 pro
2801 1406 2989 1445 eorum
3039 1391 3423 1446 incredulitate
3459 1408 3581 1462 per~

1981 1484 2147 1552 misit,
2179 1499 2244 1538 ac
2269 1485 2570 1540 secundum
2628 1484 2955 1554 Apostolum
2991 1502 3002 1538 :
3029 1483 3113 1538 Es:
3159 1495 3307 1552 parte
3329 1487 3382 1539 in
3413 1484 3579 1540 Israel

1977 1577 2184 1631 (recitas
2228 1579 2468 1650 contigit,
2498 1587 2552 1632 ut
2591 1578 2722 1648 ﬁdes
2770 1579 3004 1651 gentium
3032 1578 3369 1632 subintroiret
3393 1577 3573 1650 (liam.

1979 1685 2053 1734 ιιι,
2081 1669 2196 1737 9.5).
2236 1669 2421 1739 Itaque
2451 1671 2517 1723 ad
2555 1671 2852 1725 obtinenda
2900 1672 3234 1726 aeternitatis
3280 1671 3421 1726 bona
3477 1687 3579 1728 nec

1976 1761 2178 1816 Judaeis
2195 1764 2549 1834 praerogativa
2564 1765 2781 1832 generis
2799 1763 3022 1828 sufﬁcit,
3039 1765 3142 1819 nisi
3163 1774 3214 1818 et
3238 1763 3372 1819 ﬁdes
3389 1765 3583 1834 origini

273 1854 394 1910 bilis
424 1856 681 1911 discretio
711 1857 1104 1911 tenebrarum?
1138 1857 1379 1912 luaudita
1410 1866 1670 1925 prmlcrca
1702 1858 1872 1927 pelagi
1910 1862 1953 1923 Β
1979 1854 2346 1924 suffragetur;
2383 1872 2593 1926 nosque
2615 1872 2838 1910 rursum
2887 1859 3005 1909 sola
3045 1873 3234 1912 eorum
3271 1873 3378 1912 non
3410 1861 3586 1912 salvat

273 1946 399 2017 fuga
433 1985 447 2012 ,
508 1959 562 2003 et
605 1959 795 2003 contra
844 1949 1210 2004 insistentium
1270 1949 1586 2004 violentiam
1627 1949 1879 2004 defensio

276 2041 572 2111 prtuliantis
618 2042 874 2097 elementi
905 2058 920 2106 ;
955 2057 1151 2096 manna
1182 2043 1234 2096 in
1286 2058 1496 2108 eremo,
1529 2052 1584 2097 et
1613 2044 1733 2098 sine
1785 2044 1881 2099 de-

274 2137 419 2190 coris
465 2151 529 2191 ac
565 2138 802 2191 vestiutn
853 2136 1477 2190 detritnetttodiuturnze
1502 2150 1630 2190 usus
1658 2137 1830 2190 aetatis
1864 2153 1877 2190 :

276 2230 526 2298 expulsio
551 2230 779 2299 perinde
808 2229 1049 2298 gentium
1083 2229 1136 2281 vi
1163 2243 1227 2284 ac
1257 2245 1480 2286 numero
1508 2228 1536 2266 δ
1584 2228 1880 2299 imparibus

281 2320 544 2388 praestita,
596 2329 760 2389 atque
814 2319 866 2374 in
928 2320 1332 2388 possessionem
1385 2319 1660 2376 alﬁuentis
1718 2332 1882 2376 terra:

279 2409 570 2466 haereditas
591 2413 912 2464 constituta.
938 2409 1078 2478 Quid
1103 2410 1411 2478 objurgatio
1432 2425 1576 2480 saepe
1601 2412 1881 2466 incruenta

283 2504 650 2573 peccantibus,
705 2515 758 2557 et
813 2502 1009 2556 abolita
1046 2517 1337 2570 paucorum
1396 2503 1879 2558 animadversimtc

283 2596 679 2668 transgressio,
736 2595 976 2651 remissae
1036 2598 1373 2664 poccnntium
1427 2609 1610 2661 neces,
1649 2609 1712 2648 ac
1745 2610 1884 2663 pene

285 2691 339 2746 in
382 2691 704 2747 abusionem
734 2690 988 2744 donantis
1023 2689 1241 2744 redacta
1283 2689 1575 2744 aSsiduitas
1606 2687 1884 2744 lenitatis?

357 2782 550 2836 Tantis
581 2781 739 2850 igitur
767 2779 1153 2836 debacchantis
1181 2781 1420 2849 perﬁdiae
1451 2780 1605 2834 malis
1630 2779 1756 2851 quid
1786 2781 1883 2833 ad-

279 2874 376 2944 jici
409 2884 431 2911 ο
459 2873 641 2944 p0tius
666 2875 840 2942 potuit
868 2874 920 2927 in
951 2872 1243 2941 medelam,
1268 2889 1429 2942 quam
1461 2882 1522 2927 ut
1551 2874 1604 2928 in
1650 2873 1886 2928 remedia

288 2968 630 3035 pereuntium
674 2982 738 3019 ex
774 2967 1058 3036 utriusque
1106 2973 1161 3020 et
1189 2966 1364 3020 sancti
1404 2965 1641 3035 Spiritus
1698 2966 1890 3020 volun-

291 3071 398 3116 tate
446 3061 540 3117 Dei
597 3061 766 3115 Filius
826 3061 1153 3127 mitteretur,
1207 3061 1298 3130 qui
1330 3059 1642 3131 fragilitatis
1684 3067 1889 3114 nostrre

292 3155 575 3212 materiam
634 3154 891 3225 dignatus
960 3169 1239 3210 assumere
1305 3162 1476 3221 totum
1535 3155 1588 3208 in
1638 3155 1747 3208 Deo
1797 3170 1891 3208 su-

291 3249 526 3318 sciperet
559 3248 857 3315 hominem,
913 3258 966 3301 ιιι
1014 3257 1066 3303 et
1099 3259 1268 3302 totum
1324 3249 1369 3303 si
1399 3249 1682 3314 crederet,
1711 3249 1764 3302 in
1793 3263 1888 3303 sua
1920 3243 1964 3305 C

292 3342 590 3410 ad0ptione
621 3343 858 3397 salvaret
881 3343 904 3394 ‘t
931 3341 1038 3397 Sed
1071 3343 1312 3396 restabat
1363 3344 1659 3399 incredulis
1682 3385 1698 3411 ,
1751 3353 1811 3398 ut
1837 3343 1890 3398 in

296 3434 414 3488 illos
435 3449 731 3504 eorumque
756 3449 901 3488 nunc
929 3445 1176 3502 posteros
1200 3436 1466 3489 sententia
1490 3436 1854 3505 complerelur
1879 3453 1892 3489 :

299 3524 480 3578 Oculis
531 3525 739 3580 videant
771 3536 821 3579 et
862 3542 969 3580 non
1019 3527 1224 3580 videant
1274 3544 1291 3580 :
1343 3529 1498 3581 corde
1526 3529 1823 3601 intelligant
1847 3538 1896 3583 et

296 3637 400 3674 non
430 3619 723 3691 intelligant
749 3638 767 3687 ;
809 3623 1026 3675 auribus
1064 3622 1282 3675 audiant
1333 3633 1380 3675 et
1411 3638 1512 3675 non
1543 3623 1760 3676 audiant
1786 3640 1803 3688 ;
1835 3641 1898 3677 ne

296 3714 502 3786 quando
532 3723 921 3776 convertantur,
955 3723 1002 3767 et
1056 3730 1236 3768 sanem
1289 3713 1432 3780 illos,
1468 3715 1590 3767 dicit
1642 3713 1897 3768 Dominus

299 3804 436 3879 (Isa.
470 3822 541 3872 vt,
576 3805 690 3876 10).
729 3805 795 3859 Et
829 3807 1020 3860 iterum
1052 3823 1066 3859 :
1096 3804 1182 3859 Vae
1202 3806 1342 3876 genti
1375 3806 1670 3871 peccatrici,
1705 3805 1898 3875 p0pulo

301 3898 454 3968 pleno
485 3901 729 3968 peccatis,
759 3896 886 3966 ﬁliis
908 3896 1135 3951 scelestis
1167 3895 1436 3969 (Isa.t,4).
1470 3897 1536 3950 Et
1562 3898 1721 3951 tertio
1753 3916 1762 3950 :
1795 3897 1899 3950 De-

301 3990 620 4062 relinquetur
644 3991 760 4059 ﬁlia
791 3991 918 4046 Sion
948 4001 1002 4044 ut
1053 3991 1444 4044 tabernaculum
1472 3991 1525 4043 in
1558 3993 1722 4058 vinea,
1754 4000 1802 4044 et
1830 3992 1901 4045 si-

302 4093 387 4137 cut
416 4101 536 4137 casa
590 4082 910 4136 custodiaria
946 4083 998 4136 in
1044 4084 1423 4146 cucumerario,
1457 4091 1504 4135 et
1533 4083 1666 4136 sicut
1721 4083 1899 4135 civitas

301 4192 416 4244 qua:
443 4187 772 4247 expugnatur
807 4174 968 4245 (Ibid.
989 4174 1065 4244 8).
1094 4174 1222 4241 Qua:
1255 4190 1282 4228 a
1308 4190 1368 4230 se
1387 4175 1514 4228 olim
1544 4188 1640 4244 per
1669 4175 1903 4244 pr0phe-

305 4280 413 4325 tam
439 4271 580 4324 dicta
619 4270 978 4335 conﬁrmans,
1008 4271 1060 4324 in
1086 4269 1382 4340 Evangelio
1405 4270 1672 4324 Dominus
1705 4283 1904 4339 appro-

304 4364 452 4418 bavit
496 4363 685 4418 dicens
718 4380 731 4415 :
769 4362 1118 4431 Hierusalem,
1173 4361 1524 4429 Hierusalem,
1559 4378 1674 4434 qua:
1713 4361 1904 4416 occidis

307 4459 610 4532 praphetas,
640 4468 687 4514 et
712 4459 917 4530 lapidas
947 4459 1134 4512 missos
1160 4458 1228 4510 ad
1253 4467 1337 4522 te;
1361 4457 1558 4526 quoties
1601 4458 1735 4510 volui
1775 4473 1900 4510 con-

306 4569 521 4626 gregare
551 4553 688 4621 ﬁlios
721 4567 837 4607 tuos
867 4555 1000 4607 sicut
1047 4553 1244 4623 gallina
1273 4560 1548 4626 congregat
1577 4551 1748 4620 pullos
1781 4567 1903 4605 suos

1981 1944 2212 2010 offensa,
2240 1947 2342 2000 nisi
2369 1948 2575 2016 pra-lati
2624 1947 3036 2002 humiliatorum
3072 1948 3270 2017 pariter
3295 1962 3584 2004 vereamur

1983 2041 2294 2108 exemplum
2327 2056 2342 2106 ;
2373 2050 2427 2094 et
2459 2056 2619 2096 unam
2684 2044 2737 2096 in
2766 2041 2987 2097 Christo
3036 2054 3199 2113 atque
3254 2043 3583 2098 indubitabi-

1983 2131 2088 2187 lem
2115 2135 2254 2186 viam
2303 2135 2522 2204 utrique
2557 2135 2758 2204 populo
2793 2147 2984 2206 patere
3016 2137 3325 2203 credentes,
3361 2139 3584 2194 inteme-

1987 2238 2102 2279 rata
2133 2225 2260 2280 ﬁdei
2293 2226 2436 2280 dona
2491 2235 2828 2293 teneamus;
2861 2229 3010 2283 sicut
3036 2232 3087 2283 in
3142 2230 3442 2299 Evangelio
3470 2233 3587 2300 ipse

1987 2333 2086 2372 nos
2125 2317 2313 2374 docuit
2342 2319 2532 2374 dicens
2569 2338 2581 2372 :
2610 2318 2728 2391 Ego
2774 2337 2886 2374 sum
2925 2323 3028 2388 via,
3055 2331 3107 2376 et
3144 2323 3350 2388 veritas,
3381 2334 3427 2376 et
3456 2325 3584 2377 vita.

1988 2410 2153 2466 Nemo
2170 2413 2313 2466 vadit
2337 2414 2404 2466 ad
2435 2411 2650 2468 Patrem
2681 2415 2783 2468 nisi
2813 2431 3004 2484 penne
3032 2413 3217 2486 (Joan.
3240 2417 3446 2482 xv1,6).
3477 2419 3539 2470 lit
3569 2434 3584 2471 :

1989 2501 2092 2567 Qui
2113 2502 2396 2557 crediderit
2428 2505 2480 2556 in
2509 2519 2610 2567 me,
2644 2505 2724 2558 hic
2752 2505 2926 2558 salvus
2948 2507 3045 2559 erit
3073 2506 3260 2575 (Joan.
3295 2523 3367 2573 vr,
3395 2506 3511 2578 47).
3538 2507 3593 2562 Id

1983 2604 2089 2657 est,
2123 2601 2182 2647 ut
2228 2593 2373 2649 sicut
2418 2611 2556 2648 unus
2594 2595 2757 2658 Deus,
2808 2596 2881 2648 ita
2936 2613 3075 2650 unus
3124 2597 3463 2652 credentium
3495 2615 3590 2669 p0-

1989 2687 2144 2755 pulus
2173 2683 2452 2741 Creatoris
2485 2689 2536 2740 in
2571 2699 2892 2756 perpetuum
2923 2687 3128 2743 serviat
3158 2689 3451 2745 voluntati:
3473 2693 3590 2747 cul-

1990 2788 2210 2848 tumque
2256 2793 2361 2834 non
2418 2778 2673 2849 respuit,
2733 2780 2862 2834 dum
2924 2791 3174 2836 neutram
3228 2795 3434 2852 partem
3495 2783 3590 2839 Dei

1985 2871 2199 2941 justitia
2255 2871 2594 2940 deprimens,
2625 2872 2834 2927 absolvi
2885 2873 3100 2927 lmtatur
3157 2873 3208 2927 in
3240 2873 3590 2931 confessione

1991 2963 2302 3029 credentes,
2335 2979 2474 3034 quos
2506 2965 2862 3020 incredulitas
2895 2967 2947 3020 in
2979 2966 3295 3022 auctoribus
3325 2968 3592 3038 pra-dam-

1994 3058 2162 3110 navit.

2603 3151 2832 3207 CAPUT
2887 3150 2977 3205 XI.

2245 3245 2376 3311 Quae
2406 3245 2764 3300 haereticorum
2793 3261 2980 3316 genera
3011 3245 3088 3299 vel
3121 3260 3341 3301 errores.

2070 3345 2270 3399 APOLL.
2307 3373 2377 3382 —-
2407 3341 2574 3396 Multa
2605 3348 2689 3396 est
2717 3340 3034 3396 Judarorum
3069 3340 3323 3395 vecordia
3347 3383 3361 3407 ,
3396 3341 3440 3396 si
3489 3350 3599 3398 tam

2001 3435 2286 3506 pchpicua
2321 3436 2603 3498 nesciunt;
2635 3433 3002 3488 damnabilior
3029 3435 3372 3488 contumacia
3393 3475 3409 3500 ,
3442 3433 3488 3488 si
3516 3433 3599 3489 in-

2001 3529 2216 3583 tellecta
2249 3536 2604 3581 contemnunt
2635 3544 2647 3579 :
2680 3527 2776 3581 sed
2805 3527 2922 3582 sive
2957 3529 3212 3598 ignorent
3257 3542 3351 3582 seu
3390 3527 3598 3583 intelli-

1997 3628 2128 3690 gant
2149 3627 2206 3673 et
2232 3627 2487 3674 recusent
2512 3659 2526 3683 ,
2554 3617 2718 3672 alieni
2751 3633 2778 3670 a
2814 3617 3046 3673 crimine
3069 3634 3190 3674 esse
3214 3634 3320 3674 non
3347 3627 3599 3690 possunt,

2001 3715 2199 3784 quibus
2227 3723 2312 3766 aut
2375 3711 2723 3782 negligentiae
2771 3712 3146 3781 pra-judicium
3183 3713 3237 3767 in
3289 3714 3597 3782 abusione,

2000 3819 2094 3862 aut
2122 3819 2306 3860 reatus
2339 3807 2391 3858 in
2416 3803 2802 3859 incredulitate
2822 3804 3142 3858 subeundus
3167 3817 3270 3858 esu
3297 3805 3405 3858 llos
3435 3805 3600 3874 igitur

2004 3897 2298 3971 perditioni
2325 3913 2462 3965 suas,
2488 3898 2532 3950 si
2565 3898 2665 3951 hoc
2696 3905 2875 3950 tamen
2912 3895 3146 3966 eligunt,
3192 3895 3602 3968 derelinquens,

2006 3994 2387 4046 haereticorum
2411 3987 2437 4026 ἀ
2483 4005 2685 4061 genera
2715 3990 3194 4060 pmprictatesque
3227 3991 3360 4044 mihi
3399 3991 3601 4061 pande,

2007 4093 2066 4139 ut
2096 4084 2147 4138 in
2173 4082 2277 4138 fide
2301 4092 2574 4153 tamquam
2601 4082 2653 4137 in
2686 4082 2954 4137 itttmobili
2981 4098 3118 4154 rupe
3143 4083 3448 4150 sistcntcm,
3479 4100 3601 4139 cum

2008 4177 2273 4232 infestare
2303 4176 2504 4232 ﬂuctus
2535 4176 2774 4246 perﬁdiae
2806 4176 3097 4246 coeperint,
3133 4178 3450 4248 pra'coguiti
3480 4187 3605 4234 ante

2008 4286 2115 4326 non
2157 4279 2432 4324 mou-ant.
2464 4269 2597 4324 Nam
2636 4270 2762 4324 licet
2802 4268 3070 4340 simplicis
3120 4271 3286 4324 animi
3317 4269 3436 4326 fore
3487 4285 3606 4328 cre-

2007 4365 2131 4420 dam
2188 4363 2378 4419 horum
2439 4363 2740 4433 pravitates
2771 4378 3103 4434 erroresque
3132 4364 3346 4419 nescire
3377 4403 3394 4431 ,
3427 4353 3608 4420 muni-

2011 4460 2167 4514 tioris
2202 4470 2382 4513 tamen
2408 4457 2533 4514 ﬁdei
2571 4469 2654 4512 est
2689 4474 2789 4527 pro
2819 4459 3072 4513 cautione
3102 4474 3459 4530 cognoscere.

2083 4554 2282 4609 ZACCH.
2308 4582 2379 4593 —
2409 4551 2595 4607 Tantte
2641 4551 3026 4607 haereticorum
3061 4567 3124 4606 ac
3154 4561 3260 4605 tam
3305 4553 3607 4608 innumera:

309 4646 404 4701 sub
452 4648 566 4702 alas
593 4665 734 4713 suas,
762 4657 808 4701 et
833 4647 1088 4700 noluisti?
1117 4646 1250 4700 Ecce
1297 4645 1615 4716 relinquetur
1642 4646 1778 4700 vobis
1806 4645 1904 4698 do-
1937 4637 1984 4696 ι)
2012 4659 2198 4720 pestes
2226 4659 2352 4703 sunt
2378 4689 2391 4711 ,
2423 4657 2478 4701 ut
2504 4661 2600 4701 eos
2634 4662 2740 4700 non
2777 4645 2954 4700 solum
2988 4660 3316 4699 enumerare
3346 4645 3568 4701 difﬁcile
3592 4684 3608 4710 ,

311 4757 424 4794 ntus
452 4750 614 4795 vestra
645 4740 846 4794 deserta
878 4737 1094 4810 (Matth.
1123 4753 1275 4803 χχιιι,
1305 4738 1398 4802 57,
1429 4737 1537 4808 58).
1578 4736 1630 4790 Id
1675 4749 1753 4790 est
1787 4751 1906 4805 qua:

314 4831 407 4886 Dei
439 4841 556 4886 erat
579 4831 849 4884 habitatio
892 4843 1040 4894 ante,
1102 4844 1247 4884 nunc
1286 4828 1598 4883 daemonum
1633 4839 1712 4882 est
1746 4828 1906 4898 :quia

311 4923 574 4995 quidquid
607 4924 799 4993 religio
828 4938 952 4977 vera
987 4915 1658 4992 deseruerit,superstitio
1683 4921 1907 4992 profana

313 5016 415 5070 sibi
448 5013 712 5069 vindicat.

387 5107 487 5162 Ubi
519 5122 651 5178 ergo
691 5106 1006 5162 Judzeorutn
1067 5107 1302 5176 perditio
1353 5105 1408 5160 in
1440 5103 1643 5160 Christi
1678 5107 1918 5162 interne-

316 5204 477 5259 cione
507 5204 780 5274 completa
809 5213 913 5265 cst,
943 5202 1255 5258 crcdulitati
1303 5203 1552 5272 gentium
1587 5200 1719 5256 ﬁdes
1746 5203 1920 5270 patuit

316 5298 716 5370 promissurum
749 5314 760 5349 :
792 5305 848 5351 et
874 5297 1014 5352 sicut
1059 5296 1127 5350 ab
1167 5295 1324 5350 initio
1350 5305 1455 5349 no’n
1485 5295 1707 5364 generis
1745 5294 1918 5366 digni-

393 5471 419 5498 ³
450 5461 541 5517 Sic
568 5459 744 5514 codex
774 5455 961 5517 νικά..
1015 5451 1338 5519 emendate;
1370 5454 1518 5522 prior
1568 5451 1758 5518 editio,
1792 5469 1923 5520 quo-

321 5549 437 5586 rum
467 5549 604 5598 spes,
637 5539 913 5598 corrupte.
969 5527 1107 5581 Intra
1158 5527 1298 5578 idem
1358 5524 1527 5598 codex
1579 5532 1632 5577 et
1667 5522 1916 5591 Lemov.,

324 5603 458 5672 quod
490 5596 609 5655 ante
665 5619 770 5656 non
798 5596 819 5665 ξ
850 5611 1010 5654 antea
1048 5599 1360 5672 legebantur
1390 5596 1691 5672 quadrerte
1723 5611 1845 5672 n_on.

396 5673 422 5710 ι’
455 5675 613 5726 Edita
642 5675 692 5726 in
721 5664 980 5743 patribus,
1007 5664 1241 5743 pessime
1267 5685 1291 5743 ;Δ
1313 5664 1717 5743 c_odd.Vind._et
1741 5664 1921 5730 Lcm.,

327 5745 380 5798 in
413 5744 646 5810 paribus,
669 5737 732 5797 et'
757 5745 873 5815 ipsi
930 5737 1294 5815 maletbaud
1318 5737 1539 5815 dubium
1573 5738 1702 5815 quin
1731 5753 1923 5815 veram

329 5807 617 5870 lectionem
645 5807 1054 5868 exhi'inerimus
1083 5811 1195 5876 hic,
1225 5809 1452 5878 perinde
1476 5818 1638 5879 atque
1669 5807 1806 5863 intra
1831 5809 1922 5865 ubi

331 5886 535 5943 editum
563 5896 700 5954 erat,
738 5901 798 5939 ac
829 5901 954 5956 pene
982 5885 1034 5939 in
1063 5883 1386 5940 abusionem.

2016 4756 2200 4793 verum
2223 4739 2390 4794 etiam
2425 4739 2711 4792 nominare
2738 4738 2986 4793 deforme
3017 4737 3106 4800 sit;
3136 4738 3208 4788 ita
3239 4737 3468 4790 miseros
3499 4735 3613 4792 evi-

2015 4832 2262 4887 dentium
2294 4831 2620 4901 pravitatum
2647 4829 2966 4884 detestanda
2996 4827 3219 4882 traditio
3248 4843 3277 4881 a
3305 4827 3409 4882 ﬁde
3449 4831 3612 4885 aver-

2019 4923 2183 4978 tendo
2214 4923 2438 4978 caecavit
2463 4964 2478 4986 ,
2503 4974 2512 4980 ,
2535 4921 2615 4975 sic
2671 4921 2905 4990 denique
2953 4921 3004 4974 in
3037 4935 3231 4975 sensus
3267 4921 3610 4989 pereuntium

2019 5015 2296 5072 subtilitas
2327 5029 2387 5070 se
2419 5013 2703 5069 diabolicae
2753 5011 2955 5066 fraudis
2991 5012 3261 5067 immersit
3283 5057 3296 5080 ,
3358 5027 3416 5068 ut
3449 5016 3613 5071 etiam

2021 5111 2264 5166 hmretici
2292 5109 2584 5165 haereticos
2613 5107 2812 5163 habere
2835 5122 2895 5161 se
2923 5108 3168 5162 credant.
3196 5095 3258 5162 lli
3288 5109 3488 5178 itaque,
3510 5119 3619 5164 tra-

2021 5205 2284 5260 ditionem
2315 5200 2674 5272 apostolicam
2708 5200 3104 5271 rclinquentes,
3142 5200 3432 5271 magistros
3461 5199 3593 5270 perii

2021 5296 2130 5352 diae
2158 5305 2287 5351 sunt
2317 5295 2514 5363 secuti,
2546 5303 2602 5350 et
2632 5307 2833 5349 nomen
2865 5293 3151 5365 religionis
3179 5300 3464 5348 mutavere
3485 5302 3615 5350 eum

2057 5527 2067 5538 ι
2102 5465 2123 5492 ο
2150 5453 2431 5538 Siccndd.
2468 5451 2624 5510 Vind.
2658 5459 2710 5510 et
2766 5454 3018 5521 Lemov.;
3052 5456 3200 5524 'prinr
3231 5449 3400 5509 editio
3423 5455 3620 5524 pretio.

2053 5535 2067 5568 ἱ
2111 5567 2118 5577 ,
2316 5535 2322 5536 ⁷
2353 5566 2364 5576 .

2027 5543 2132 5633 tu;
2155 5535 2444 5652 Slignc‘bldex
2477 5587 2671 5662 Vind;
2705 5597 2834 5651 editi
2855 5641 2867 5662 ,
2901 5611 3086 5665 genera
3117 5603 3433 5665 erroresque.
3466 5596 3621 5657 Hand

2030 5671 2100 5722 ita
2141 5669 2311 5723 multo
2341 5679 2459 5737 post
2492 5669 2579 5723 ubi
2627 5669 2898 5737 lt-giturrut
2921 5669 3070 5719 etiam
3101 5668 3356 5727 lueretici.
3389 5671 3529 5734 'elc.;
3567 5673 3622 5728 in

2029 5736 2542 5816 eodemeodiceLut
2562 5736 2796 5816 jantnec
2822 5736 2998 5791 haberi
3023 5739 3285 5793 haereticos
3309 5739 3363 5794 se
3383 5743 3622 5816 credant,

2034 5811 2207 5866 minus
2227 5813 2399 5868 reete.
2436 5809 2577 5866 Vide
2597 5810 2808 5866 initium
2833 5817 2953 5880 cap.
2992 5823 3103 5880 seq.
