  <div class='ocr_page' id='page_1' title='image "/cluster/home/n/w/nwhite01/storage/ocr_20150623/20/hvd.32044096580469/569.png"; bbox 0 0 4092 6176; ppageno 0'>
   <div class='ocr_carea' id='block_1_1' title="bbox 576 310 713 369">
    <p class='ocr_par' dir='ltr' id='par_1_1' title="bbox 576 310 713 369">
     <span class='ocr_line' id='line_1_1' title="bbox 576 310 713 369; baseline -0.015 0"><span class='ocrx_word' id='word_1_1' title='bbox 576 310 713 369; x_wconf 71' lang='grc'><strong>1127</strong></span> 
     </span>
    </p>
   </div>
   <div class='ocr_carea' id='block_1_2' title="bbox 1844 318 2595 386">
    <p class='ocr_par' dir='ltr' id='par_1_2' title="bbox 1844 318 2595 386">
     <span class='ocr_line' id='line_1_2' title="bbox 1844 318 2595 386; baseline 0.009 -9"><span class='ocrx_word' id='word_1_2' title='bbox 1844 318 2165 381; x_wconf 72' lang='grc' dir='ltr'><strong>ΖΛΟΟΗᾹΞΙ</strong></span> <span class='ocrx_word' id='word_1_3' title='bbox 2204 322 2595 386; x_wconf 80' lang='lat' dir='ltr'><strong>CHRISTIANI</strong></span> 
     </span>
    </p>
   </div>
   <div class='ocr_carea' id='block_1_3' title="bbox 3742 340 3880 400">
    <p class='ocr_par' dir='ltr' id='par_1_3' title="bbox 3742 340 3880 400">
     <span class='ocr_line' id='line_1_3' title="bbox 3742 340 3880 400; baseline 0.007 -1"><span class='ocrx_word' id='word_1_4' title='bbox 3742 340 3880 400; x_wconf 72' lang='lat'><strong>“28</strong></span> 
     </span>
    </p>
   </div>
   <div class='ocr_carea' id='block_1_4' title="bbox 570 428 3881 521">
    <p class='ocr_par' dir='ltr' id='par_1_4' title="bbox 570 428 3881 521">
     <span class='ocr_line' id='line_1_4' title="bbox 570 428 3881 521; baseline 0.009 -39"><span class='ocrx_word' id='word_1_5' title='bbox 570 442 755 483; x_wconf 89' lang='lat' dir='ltr'><strong>sensu.</strong></span> <span class='ocrx_word' id='word_1_6' title='bbox 784 428 950 483; x_wconf 87' lang='lat' dir='ltr'><strong>Pront</strong></span> <span class='ocrx_word' id='word_1_7' title='bbox 973 428 1116 485; x_wconf 89' lang='lat' dir='ltr'><strong>enim</strong></span> <span class='ocrx_word' id='word_1_8' title='bbox 1144 430 1340 502; x_wconf 84' lang='lat' dir='ltr'><strong>cuique</strong></span> <span class='ocrx_word' id='word_1_9' title='bbox 1373 431 1532 489; x_wconf 86' lang='lat' dir='ltr'><strong>libuit</strong></span> <span class='ocrx_word' id='word_1_10' title='bbox 1563 434 1782 505; x_wconf 87' lang='lat' dir='ltr'><strong>plebem</strong></span> <span class='ocrx_word' id='word_1_11' title='bbox 1818 437 2045 494; x_wconf 84' lang='lat' dir='ltr'><strong>insciam</strong></span> <span class='ocrx_word' id='word_1_12' title='bbox 2082 440 2174 495; x_wconf 64' lang='grc' dir='ltr'><strong>[διο</strong></span> <span class='ocrx_word' id='word_1_13' title='bbox 2201 444 2250 504; x_wconf 84' lang='grc' dir='ltr'><strong>Α</strong></span> <span class='ocrx_word' id='word_1_14' title='bbox 2281 453 2433 501; x_wconf 89' lang='lat' dir='ltr'><strong>turus</strong></span> <span class='ocrx_word' id='word_1_15' title='bbox 2459 446 2523 501; x_wconf 87' lang='lat' dir='ltr'><strong>ad</strong></span> <span class='ocrx_word' id='word_1_16' title='bbox 2550 447 2657 502; x_wconf 91' lang='lat' dir='ltr'><strong>ima</strong></span> <span class='ocrx_word' id='word_1_17' title='bbox 2682 488 2696 515; x_wconf 93' lang='lat'><strong>,</strong></span> <span class='ocrx_word' id='word_1_18' title='bbox 2730 457 2789 505; x_wconf 91' lang='lat' dir='ltr'><strong>et</strong></span> <span class='ocrx_word' id='word_1_19' title='bbox 2812 447 3136 506; x_wconf 76' lang='lat' dir='ltr'><strong>Trinitatem</strong></span> <span class='ocrx_word' id='word_1_20' title='bbox 3171 450 3223 507; x_wconf 94' lang='lat' dir='ltr'><strong>in</strong></span> <span class='ocrx_word' id='word_1_21' title='bbox 3252 454 3504 521; x_wconf 84' lang='lat' dir='ltr'><strong>personis</strong></span> <span class='ocrx_word' id='word_1_22' title='bbox 3535 467 3597 510; x_wconf 91' lang='lat' dir='ltr'><strong>ac</strong></span> <span class='ocrx_word' id='word_1_23' title='bbox 3636 459 3881 513; x_wconf 82' lang='lat' dir='ltr'><strong>nomini-</strong></span> 
     </span>
    </p>
   </div>
   <div class='ocr_carea' id='block_1_5' title="bbox 569 518 2167 600">
    <p class='ocr_par' dir='ltr' id='par_1_5' title="bbox 569 518 2167 600">
     <span class='ocr_line' id='line_1_5' title="bbox 569 518 2167 600; baseline 0.009 -27"><span class='ocrx_word' id='word_1_24' title='bbox 569 518 731 575; x_wconf 92' lang='lat' dir='ltr'><strong>lendo</strong></span> <span class='ocrx_word' id='word_1_25' title='bbox 755 522 1036 589; x_wconf 85' lang='lat' dir='ltr'><strong>seducere,</strong></span> <span class='ocrx_word' id='word_1_26' title='bbox 1067 538 1130 579; x_wconf 88' lang='lat' dir='ltr'><strong>ac</strong></span> <span class='ocrx_word' id='word_1_27' title='bbox 1157 526 1257 580; x_wconf 89' lang='lat' dir='ltr'><strong>sibi</strong></span> <span class='ocrx_word' id='word_1_28' title='bbox 1294 525 1562 583; x_wconf 86' lang='lat' dir='ltr'><strong>honorem</strong></span> <span class='ocrx_word' id='word_1_29' title='bbox 1596 544 1793 600; x_wconf 90' lang='lat' dir='ltr'><strong>parare</strong></span> <span class='ocrx_word' id='word_1_30' title='bbox 1825 530 1893 587; x_wconf 90' lang='lat' dir='ltr'><strong>de</strong></span> <span class='ocrx_word' id='word_1_31' title='bbox 1916 533 2167 597; x_wconf 77' lang='lat' dir='ltr'><strong>crimine;</strong></span> 
     </span>
    </p>
   </div>
   <div class='ocr_carea' id='block_1_6' title="bbox 564 612 2170 697">
    <p class='ocr_par' dir='ltr' id='par_1_6' title="bbox 564 612 2170 697">
     <span class='ocr_line' id='line_1_6' title="bbox 564 612 2170 697; baseline 0.01 -30"><span class='ocrx_word' id='word_1_32' title='bbox 564 612 733 669; x_wconf 90' lang='lat' dir='ltr'><strong>Deum</strong></span> <span class='ocrx_word' id='word_1_33' title='bbox 776 625 867 670; x_wconf 85' lang='lat' dir='ltr'><strong>aut</strong></span> <span class='ocrx_word' id='word_1_34' title='bbox 892 632 963 671; x_wconf 84' lang='lat' dir='ltr'><strong>ex</strong></span> <span class='ocrx_word' id='word_1_35' title='bbox 1001 628 1154 687; x_wconf 89' lang='lat' dir='ltr'><strong>parte</strong></span> <span class='ocrx_word' id='word_1_36' title='bbox 1190 621 1525 677; x_wconf 86' lang='lat' dir='ltr'><strong>credendum</strong></span> <span class='ocrx_word' id='word_1_37' title='bbox 1554 623 1744 679; x_wconf 80' lang='lat' dir='ltr'><strong>docuit</strong></span> <span class='ocrx_word' id='word_1_38' title='bbox 1769 667 1783 691; x_wconf 94' lang='lat'><strong>,</strong></span> <span class='ocrx_word' id='word_1_39' title='bbox 1818 636 1912 681; x_wconf 89' lang='lat' dir='ltr'><strong>aut</strong></span> <span class='ocrx_word' id='word_1_40' title='bbox 1950 629 2170 697; x_wconf 90' lang='lat' dir='ltr'><strong>penitus</strong></span> 
     </span>
    </p>
   </div>
   <div class='ocr_carea' id='block_1_7' title="bbox 569 706 2165 789">
    <p class='ocr_par' dir='ltr' id='par_1_7' title="bbox 569 706 2165 789">
     <span class='ocr_line' id='line_1_7' title="bbox 569 706 2165 789; baseline 0.011 -28"><span class='ocrx_word' id='word_1_41' title='bbox 569 706 946 778; x_wconf 89' lang='lat' dir='ltr'><strong>almegandum</strong></span> <span class='ocrx_word' id='word_1_42' title='bbox 983 730 994 764; x_wconf 89' lang='lat'>:</span> <span class='ocrx_word' id='word_1_43' title='bbox 1033 713 1296 770; x_wconf 87' lang='lat' dir='ltr'><strong>habentes</strong></span> <span class='ocrx_word' id='word_1_44' title='bbox 1354 726 1618 786; x_wconf 67' lang='lat' dir='ltr'><strong>prmterea</strong></span> <span class='ocrx_word' id='word_1_45' title='bbox 1667 716 1871 776; x_wconf 84' lang='lat' dir='ltr'><strong>Christi</strong></span> <span class='ocrx_word' id='word_1_46' title='bbox 1924 738 2123 778; x_wconf 87' lang='lat' dir='ltr'><strong>nomen</strong></span> <span class='ocrx_word' id='word_1_47' title='bbox 2149 763 2165 789; x_wconf 91' lang='lat'><strong>,</strong></span> 
     </span>
    </p>
   </div>
   <div class='ocr_carea' id='block_1_8' title="bbox 572 804 2170 885">
    <p class='ocr_par' dir='ltr' id='par_1_8' title="bbox 572 804 2170 885">
     <span class='ocr_line' id='line_1_8' title="bbox 572 804 2170 885; baseline 0.013 -30"><span class='ocrx_word' id='word_1_48' title='bbox 572 809 599 837; x_wconf 76' lang='grc' dir='ltr'>ι</span> <span class='ocrx_word' id='word_1_49' title='bbox 630 804 853 874; x_wconf 87' lang='lat' dir='ltr'><strong>proprio</strong></span> <span class='ocrx_word' id='word_1_50' title='bbox 884 819 1306 877; x_wconf 76' lang='lat' dir='ltr'><strong>nuncuparunt,</strong></span> <span class='ocrx_word' id='word_1_51' title='bbox 1342 820 1400 867; x_wconf 89' lang='lat' dir='ltr'><strong>ttt</strong></span> <span class='ocrx_word' id='word_1_52' title='bbox 1426 829 1647 885; x_wconf 90' lang='lat' dir='ltr'><strong>quoquo</strong></span> <span class='ocrx_word' id='word_1_53' title='bbox 1678 826 1838 884; x_wconf 89' lang='lat' dir='ltr'><strong>pacto</strong></span> <span class='ocrx_word' id='word_1_54' title='bbox 1870 834 1898 871; x_wconf 89' lang='lat' dir='ltr'><strong>a</strong></span> <span class='ocrx_word' id='word_1_55' title='bbox 1941 820 2170 875; x_wconf 89' lang='lat' dir='ltr'><strong>sacrile-</strong></span> 
     </span>
    </p>
   </div>
   <div class='ocr_carea' id='block_1_9' title="bbox 566 896 2168 977">
    <p class='ocr_par' dir='ltr' id='par_1_9' title="bbox 566 896 2168 977">
     <span class='ocr_line' id='line_1_9' title="bbox 566 896 2168 977; baseline 0.012 -28"><span class='ocrx_word' id='word_1_56' title='bbox 566 896 657 966; x_wconf 88' lang='lat' dir='ltr'><strong>gio</strong></span> <span class='ocrx_word' id='word_1_57' title='bbox 686 912 792 951; x_wconf 93' lang='lat' dir='ltr'><strong>non</strong></span> <span class='ocrx_word' id='word_1_58' title='bbox 824 899 1099 969; x_wconf 89' lang='lat' dir='ltr'><strong>abessent,</strong></span> <span class='ocrx_word' id='word_1_59' title='bbox 1131 905 1245 974; x_wconf 92' lang='lat' dir='ltr'><strong>qui,</strong></span> <span class='ocrx_word' id='word_1_60' title='bbox 1281 905 1482 961; x_wconf 87' lang='lat' dir='ltr'><strong>Christi</strong></span> <span class='ocrx_word' id='word_1_61' title='bbox 1515 910 1739 965; x_wconf 90' lang='lat' dir='ltr'><strong>nomine</strong></span> <span class='ocrx_word' id='word_1_62' title='bbox 1762 910 2048 977; x_wconf 90' lang='lat' dir='ltr'><strong>derelicto,</strong></span> <span class='ocrx_word' id='word_1_63' title='bbox 2081 928 2168 969; x_wconf 87' lang='lat' dir='ltr'><strong>re-</strong></span> 
     </span>
    </p>
   </div>
   <div class='ocr_carea' id='block_1_10' title="bbox 565 986 2166 1074">
    <p class='ocr_par' dir='ltr' id='par_1_10' title="bbox 565 986 2166 1074">
     <span class='ocr_line' id='line_1_10' title="bbox 565 986 2166 1074; baseline 0.012 -32"><span class='ocrx_word' id='word_1_64' title='bbox 565 986 782 1059; x_wconf 89' lang='lat' dir='ltr'><strong>ligionis</strong></span> <span class='ocrx_word' id='word_1_65' title='bbox 834 994 1155 1050; x_wconf 80' lang='lat' dir='ltr'><strong>vocabulum</strong></span> <span class='ocrx_word' id='word_1_66' title='bbox 1212 1013 1277 1052; x_wconf 81' lang='lat' dir='ltr'><strong>ex</strong></span> <span class='ocrx_word' id='word_1_67' title='bbox 1330 998 1555 1057; x_wconf 89' lang='lat' dir='ltr'><strong>homine</strong></span> <span class='ocrx_word' id='word_1_68' title='bbox 1586 1004 1977 1074; x_wconf 82' lang='lat' dir='ltr'><strong>sumpsissent.</strong></span> <span class='ocrx_word' id='word_1_69' title='bbox 2022 1007 2166 1073; x_wconf 83' lang='lat' dir='ltr'><strong>Quid</strong></span> 
     </span>
    </p>
   </div>
   <div class='ocr_carea' id='block_1_11' title="bbox 567 1082 2167 1155">
    <p class='ocr_par' dir='ltr' id='par_1_11' title="bbox 567 1082 2167 1155">
     <span class='ocr_line' id='line_1_11' title="bbox 567 1082 2167 1155; baseline 0.012 -19"><span class='ocrx_word' id='word_1_70' title='bbox 567 1082 715 1136; x_wconf 89' lang='lat' dir='ltr'><strong>enim</strong></span> <span class='ocrx_word' id='word_1_71' title='bbox 745 1083 976 1141; x_wconf 89' lang='lat' dir='ltr'><strong>interest</strong></span> <span class='ocrx_word' id='word_1_72' title='bbox 998 1088 1065 1142; x_wconf 88' lang='lat' dir='ltr'><strong>ab</strong></span> <span class='ocrx_word' id='word_1_73' title='bbox 1095 1088 1243 1145; x_wconf 93' lang='lat' dir='ltr'><strong>idolo</strong></span> <span class='ocrx_word' id='word_1_74' title='bbox 1272 1106 1341 1146; x_wconf 91' lang='lat' dir='ltr'><strong>an</strong></span> <span class='ocrx_word' id='word_1_75' title='bbox 1373 1093 1440 1146; x_wconf 91' lang='lat' dir='ltr'><strong>ab</strong></span> <span class='ocrx_word' id='word_1_76' title='bbox 1463 1093 1687 1151; x_wconf 91' lang='lat' dir='ltr'><strong>homine</strong></span> <span class='ocrx_word' id='word_1_77' title='bbox 1716 1098 2044 1154; x_wconf 90' lang='lat' dir='ltr'><strong>vocabulum</strong></span> <span class='ocrx_word' id='word_1_78' title='bbox 2078 1115 2167 1155; x_wconf 83' lang='lat' dir='ltr'><strong>ac-</strong></span> 
     </span>
    </p>
   </div>
   <div class='ocr_carea' id='block_1_12' title="bbox 562 1175 2166 1262">
    <p class='ocr_par' dir='ltr' id='par_1_12' title="bbox 562 1175 2166 1262">
     <span class='ocr_line' id='line_1_12' title="bbox 562 1175 2166 1262; baseline 0.011 -32"><span class='ocrx_word' id='word_1_79' title='bbox 562 1175 752 1245; x_wconf 85' lang='lat' dir='ltr'><strong>cipiat,</strong></span> <span class='ocrx_word' id='word_1_80' title='bbox 784 1179 873 1249; x_wconf 93' lang='lat' dir='ltr'><strong>qui</strong></span> <span class='ocrx_word' id='word_1_81' title='bbox 904 1180 1091 1235; x_wconf 90' lang='lat' dir='ltr'><strong>vocari</strong></span> <span class='ocrx_word' id='word_1_82' title='bbox 1121 1182 1461 1241; x_wconf 88' lang='lat' dir='ltr'><strong>Christianus</strong></span> <span class='ocrx_word' id='word_1_83' title='bbox 1491 1186 1744 1243; x_wconf 83' lang='lat' dir='ltr'><strong>desistit?</strong></span> <span class='ocrx_word' id='word_1_84' title='bbox 1774 1190 1849 1244; x_wconf 79' lang='lat' dir='ltr'><strong>Ex</strong></span> <span class='ocrx_word' id='word_1_85' title='bbox 1874 1190 1971 1246; x_wconf 90' lang='lat' dir='ltr'><strong>illo</strong></span> <span class='ocrx_word' id='word_1_86' title='bbox 2002 1192 2166 1262; x_wconf 81' lang='lat' dir='ltr'><strong>igitur</strong></span> 
     </span>
    </p>
   </div>
   <div class='ocr_carea' id='block_1_13' title="bbox 564 1271 2164 1353">
    <p class='ocr_par' dir='ltr' id='par_1_13' title="bbox 564 1271 2164 1353">
     <span class='ocr_line' id='line_1_13' title="bbox 564 1271 2164 1353; baseline 0.011 -28"><span class='ocrx_word' id='word_1_87' title='bbox 564 1271 791 1329; x_wconf 72' lang='lat' dir='ltr'><strong>litcresis</strong></span> <span class='ocrx_word' id='word_1_88' title='bbox 813 1292 1152 1349; x_wconf 69' lang='lat' dir='ltr'><strong>unaquaeque</strong></span> <span class='ocrx_word' id='word_1_89' title='bbox 1179 1295 1321 1337; x_wconf 92' lang='lat' dir='ltr'><strong>nunc</strong></span> <span class='ocrx_word' id='word_1_90' title='bbox 1345 1280 1571 1349; x_wconf 91' lang='lat' dir='ltr'><strong>dicitur,</strong></span> <span class='ocrx_word' id='word_1_91' title='bbox 1598 1300 1707 1353; x_wconf 90' lang='lat' dir='ltr'><strong>quo</strong></span> <span class='ocrx_word' id='word_1_92' title='bbox 1733 1296 1961 1341; x_wconf 89' lang='lat' dir='ltr'><strong>auctore</strong></span> <span class='ocrx_word' id='word_1_93' title='bbox 1988 1298 2164 1343; x_wconf 87' lang='lat' dir='ltr'><strong>trans-</strong></span> 
     </span>
    </p>
   </div>
   <div class='ocr_carea' id='block_1_14' title="bbox 562 1370 2161 1445">
    <p class='ocr_par' dir='ltr' id='par_1_14' title="bbox 562 1370 2161 1445">
     <span class='ocr_line' id='line_1_14' title="bbox 562 1370 2161 1445; baseline 0.009 -27"><span class='ocrx_word' id='word_1_94' title='bbox 562 1378 751 1434; x_wconf 86' lang='lat' dir='ltr'><strong>gressa</strong></span> <span class='ocrx_word' id='word_1_95' title='bbox 782 1377 866 1421; x_wconf 85' lang='lat' dir='ltr'><strong>est</strong></span> <span class='ocrx_word' id='word_1_96' title='bbox 892 1407 906 1429; x_wconf 88' lang='lat'><strong>,</strong></span> <span class='ocrx_word' id='word_1_97' title='bbox 940 1378 994 1423; x_wconf 89' lang='lat' dir='ltr'><strong>et</strong></span> <span class='ocrx_word' id='word_1_98' title='bbox 1049 1370 1103 1424; x_wconf 92' lang='lat' dir='ltr'><strong>in</strong></span> <span class='ocrx_word' id='word_1_99' title='bbox 1146 1381 1354 1426; x_wconf 90' lang='lat' dir='ltr'><strong>tantum</strong></span> <span class='ocrx_word' id='word_1_100' title='bbox 1387 1374 1728 1445; x_wconf 86' lang='lat' dir='ltr'><strong>proprietate</strong></span> <span class='ocrx_word' id='word_1_101' title='bbox 1770 1378 2021 1432; x_wconf 89' lang='lat' dir='ltr'><strong>criminis</strong></span> <span class='ocrx_word' id='word_1_102' title='bbox 2063 1378 2161 1433; x_wconf 87' lang='lat' dir='ltr'><strong>de-</strong></span> 
     </span>
    </p>
   </div>
   <div class='ocr_carea' id='block_1_15' title="bbox 563 1457 2163 1541">
    <p class='ocr_par' dir='ltr' id='par_1_15' title="bbox 563 1457 2163 1541">
     <span class='ocr_line' id='line_1_15' title="bbox 563 1457 2163 1541; baseline 0.01 -28"><span class='ocrx_word' id='word_1_103' title='bbox 563 1457 840 1517; x_wconf 88' lang='lat' dir='ltr'><strong>lectantur</strong></span> <span class='ocrx_word' id='word_1_104' title='bbox 864 1504 879 1529; x_wconf 93' lang='lat'><strong>,</strong></span> <span class='ocrx_word' id='word_1_105' title='bbox 917 1473 973 1516; x_wconf 94' lang='lat' dir='ltr'><strong>ut</strong></span> <span class='ocrx_word' id='word_1_106' title='bbox 1032 1479 1133 1519; x_wconf 92' lang='lat' dir='ltr'><strong>nec</strong></span> <span class='ocrx_word' id='word_1_107' title='bbox 1164 1466 1245 1521; x_wconf 92' lang='lat' dir='ltr'><strong>sic</strong></span> <span class='ocrx_word' id='word_1_108' title='bbox 1275 1468 1497 1538; x_wconf 91' lang='lat' dir='ltr'><strong>quidem</strong></span> <span class='ocrx_word' id='word_1_109' title='bbox 1527 1471 1835 1541; x_wconf 83' lang='lat' dir='ltr'><strong>intelligant</strong></span> <span class='ocrx_word' id='word_1_110' title='bbox 1865 1488 1926 1528; x_wconf 91' lang='lat' dir='ltr'><strong>se</strong></span> <span class='ocrx_word' id='word_1_111' title='bbox 1952 1474 2019 1527; x_wconf 93' lang='lat' dir='ltr'><strong>ab</strong></span> <span class='ocrx_word' id='word_1_112' title='bbox 2046 1475 2163 1529; x_wconf 86' lang='lat' dir='ltr'><strong>uni-</strong></span> 
     </span>
    </p>
   </div>
   <div class='ocr_carea' id='block_1_16' title="bbox 564 1554 2160 1633">
    <p class='ocr_par' dir='ltr' id='par_1_16' title="bbox 564 1554 2160 1633">
     <span class='ocr_line' id='line_1_16' title="bbox 564 1554 2160 1633; baseline 0.012 -28"><span class='ocrx_word' id='word_1_113' title='bbox 564 1560 678 1608; x_wconf 87' lang='lat' dir='ltr'><strong>tate</strong></span> <span class='ocrx_word' id='word_1_114' title='bbox 710 1554 999 1625; x_wconf 80' lang='lat' dir='ltr'><strong>religionis</strong></span> <span class='ocrx_word' id='word_1_115' title='bbox 1045 1558 1320 1615; x_wconf 83' lang='lat' dir='ltr'><strong>abscissos</strong></span> <span class='ocrx_word' id='word_1_116' title='bbox 1343 1604 1357 1628; x_wconf 92' lang='lat'><strong>,</strong></span> <span class='ocrx_word' id='word_1_117' title='bbox 1391 1563 1533 1633; x_wconf 92' lang='lat' dir='ltr'><strong>quod</strong></span> <span class='ocrx_word' id='word_1_118' title='bbox 1584 1562 1749 1620; x_wconf 85' lang='lat' dir='ltr'><strong>ﬁdem</strong></span> <span class='ocrx_word' id='word_1_119' title='bbox 1782 1566 1945 1622; x_wconf 86' lang='lat' dir='ltr'><strong>etiam</strong></span> <span class='ocrx_word' id='word_1_120' title='bbox 1978 1568 2029 1623; x_wconf 92' lang='lat' dir='ltr'><strong>in</strong></span> <span class='ocrx_word' id='word_1_121' title='bbox 2062 1584 2160 1624; x_wconf 90' lang='lat' dir='ltr'><strong>no-</strong></span> 
     </span>
    </p>
   </div>
   <div class='ocr_carea' id='block_1_17' title="bbox 561 1647 1126 1717">
    <p class='ocr_par' dir='ltr' id='par_1_17' title="bbox 561 1647 1126 1717">
     <span class='ocr_line' id='line_1_17' title="bbox 561 1647 1126 1717; baseline 0.011 -16"><span class='ocrx_word' id='word_1_122' title='bbox 561 1647 711 1703; x_wconf 85' lang='lat' dir='ltr'><strong>mine</strong></span> <span class='ocrx_word' id='word_1_123' title='bbox 744 1649 1126 1717; x_wconf 88' lang='lat' dir='ltr'><strong>perdiderunt.</strong></span> 
     </span>
    </p>
   </div>
   <div class='ocr_carea' id='block_1_18' title="bbox 632 1741 2158 1816">
    <p class='ocr_par' dir='ltr' id='par_1_18' title="bbox 632 1741 2158 1816">
     <span class='ocr_line' id='line_1_18' title="bbox 632 1741 2158 1816; baseline 0.008 -20"><span class='ocrx_word' id='word_1_124' title='bbox 632 1741 713 1797; x_wconf 79' lang='lat' dir='ltr'><strong>Ex</strong></span> <span class='ocrx_word' id='word_1_125' title='bbox 755 1742 966 1798; x_wconf 85' lang='lat' dir='ltr'><strong>Mauete</strong></span> <span class='ocrx_word' id='word_1_126' title='bbox 1000 1747 1179 1816; x_wconf 89' lang='lat' dir='ltr'><strong>itaque</strong></span> <span class='ocrx_word' id='word_1_127' title='bbox 1213 1746 1493 1804; x_wconf 81' lang='lat' dir='ltr'><strong>Manichaei</strong></span> <span class='ocrx_word' id='word_1_128' title='bbox 1539 1790 1553 1813; x_wconf 88' lang='lat'><strong>,</strong></span> <span class='ocrx_word' id='word_1_129' title='bbox 1584 1766 1652 1807; x_wconf 84' lang='lat' dir='ltr'><strong>ex</strong></span> <span class='ocrx_word' id='word_1_130' title='bbox 1688 1751 1961 1810; x_wconf 83' lang='lat' dir='ltr'><strong>Marcione</strong></span> <span class='ocrx_word' id='word_1_131' title='bbox 2006 1754 2158 1809; x_wconf 90' lang='lat' dir='ltr'><strong>simi-</strong></span> 
     </span>
    </p>
   </div>
   <div class='ocr_carea' id='block_1_19' title="bbox 2278 537 3878 613">
    <p class='ocr_par' dir='ltr' id='par_1_19' title="bbox 2278 537 3878 613">
     <span class='ocr_line' id='line_1_19' title="bbox 2278 537 3878 613; baseline 0.009 -23"><span class='ocrx_word' id='word_1_132' title='bbox 2278 537 2377 592; x_wconf 93' lang='lat' dir='ltr'><strong>bus</strong></span> <span class='ocrx_word' id='word_1_133' title='bbox 2430 540 2757 606; x_wconf 80' lang='lat' dir='ltr'><strong>conﬁtetur,</strong></span> <span class='ocrx_word' id='word_1_134' title='bbox 2790 543 2883 597; x_wconf 90' lang='lat' dir='ltr'><strong>sed</strong></span> <span class='ocrx_word' id='word_1_135' title='bbox 2937 544 3201 601; x_wconf 88' lang='lat' dir='ltr'><strong>unitatem</strong></span> <span class='ocrx_word' id='word_1_136' title='bbox 3248 546 3553 604; x_wconf 82' lang='lat' dir='ltr'><strong>divinitatis</strong></span> <span class='ocrx_word' id='word_1_137' title='bbox 3600 551 3878 613; x_wconf 75' lang='lat' dir='ltr'><strong>excludit;</strong></span> 
     </span>
    </p>
   </div>
   <div class='ocr_carea' id='block_1_20' title="bbox 2276 628 3880 705">
    <p class='ocr_par' dir='ltr' id='par_1_20' title="bbox 2276 628 3880 705">
     <span class='ocr_line' id='line_1_20' title="bbox 2276 628 3880 705; baseline 0.01 -22"><span class='ocrx_word' id='word_1_138' title='bbox 2276 628 2373 685; x_wconf 92' lang='lat' dir='ltr'><strong>Dci</strong></span> <span class='ocrx_word' id='word_1_139' title='bbox 2410 630 2603 687; x_wconf 84' lang='lat' dir='ltr'><strong>Filium</strong></span> <span class='ocrx_word' id='word_1_140' title='bbox 2640 649 2737 703; x_wconf 92' lang='lat' dir='ltr'><strong>per</strong></span> <span class='ocrx_word' id='word_1_141' title='bbox 2763 650 2924 704; x_wconf 89' lang='lat' dir='ltr'><strong>quem</strong></span> <span class='ocrx_word' id='word_1_142' title='bbox 2950 637 3132 691; x_wconf 85' lang='lat' dir='ltr'><strong>omnia</strong></span> <span class='ocrx_word' id='word_1_143' title='bbox 3160 649 3288 693; x_wconf 90' lang='lat' dir='ltr'><strong>sunt</strong></span> <span class='ocrx_word' id='word_1_144' title='bbox 3309 651 3493 696; x_wconf 88' lang='lat' dir='ltr'><strong>creata</strong></span> <span class='ocrx_word' id='word_1_145' title='bbox 3516 683 3530 705; x_wconf 90' lang='lat'><strong>,</strong></span> <span class='ocrx_word' id='word_1_146' title='bbox 3564 654 3880 699; x_wconf 84' lang='lat' dir='ltr'><strong>creaturam</strong></span> 
     </span>
    </p>
   </div>
   <div class='ocr_carea' id='block_1_21' title="bbox 2273 729 3879 803">
    <p class='ocr_par' dir='ltr' id='par_1_21' title="bbox 2273 729 3879 803">
     <span class='ocr_line' id='line_1_21' title="bbox 2273 729 3879 803; baseline 0.011 -30"><span class='ocrx_word' id='word_1_147' title='bbox 2273 729 2522 778; x_wconf 89' lang='lat' dir='ltr'><strong>statuens</strong></span> <span class='ocrx_word' id='word_1_148' title='bbox 2554 739 2659 779; x_wconf 89' lang='lat' dir='ltr'><strong>non</strong></span> <span class='ocrx_word' id='word_1_149' title='bbox 2688 736 2994 781; x_wconf 80' lang='lat' dir='ltr'><strong>creatorem</strong></span> <span class='ocrx_word' id='word_1_150' title='bbox 3031 744 3045 781; x_wconf 90' lang='lat'><strong>:</strong></span> <span class='ocrx_word' id='word_1_151' title='bbox 3077 729 3434 799; x_wconf 85' lang='lat' dir='ltr'><strong>appellationi</strong></span> <span class='ocrx_word' id='word_1_152' title='bbox 3469 741 3739 803; x_wconf 64' lang='lat' dir='ltr'><strong>prmterea</strong></span> <span class='ocrx_word' id='word_1_153' title='bbox 3770 750 3879 790; x_wconf 91' lang='lat' dir='ltr'><strong>no-</strong></span> 
     </span>
    </p>
   </div>
   <div class='ocr_carea' id='block_1_22' title="bbox 2273 813 3876 891">
    <p class='ocr_par' dir='ltr' id='par_1_22' title="bbox 2273 813 3876 891">
     <span class='ocr_line' id='line_1_22' title="bbox 2273 813 3876 891; baseline 0.011 -26"><span class='ocrx_word' id='word_1_154' title='bbox 2273 813 2481 867; x_wconf 92' lang='lat' dir='ltr'><strong>minum</strong></span> <span class='ocrx_word' id='word_1_155' title='bbox 2510 813 2535 851; x_wconf 77' lang='lat' dir='ltr'><strong>d</strong></span> <span class='ocrx_word' id='word_1_156' title='bbox 2559 816 2760 882; x_wconf 83' lang='lat' dir='ltr'><strong>gradus</strong></span> <span class='ocrx_word' id='word_1_157' title='bbox 2792 818 2979 888; x_wconf 82' lang='lat' dir='ltr'><strong>adjicit</strong></span> <span class='ocrx_word' id='word_1_158' title='bbox 3009 818 3335 891; x_wconf 81' lang='lat' dir='ltr'><strong>dignitatum</strong></span> <span class='ocrx_word' id='word_1_159' title='bbox 3360 866 3374 889; x_wconf 92' lang='lat'><strong>,</strong></span> <span class='ocrx_word' id='word_1_160' title='bbox 3409 823 3760 882; x_wconf 86' lang='lat' dir='ltr'><strong>humiliorem</strong></span> <span class='ocrx_word' id='word_1_161' title='bbox 3796 827 3876 882; x_wconf 82' lang='lat' dir='ltr'><strong>fa-</strong></span> 
     </span>
    </p>
   </div>
   <div class='ocr_carea' id='block_1_23' title="bbox 2271 904 3878 987">
    <p class='ocr_par' dir='ltr' id='par_1_23' title="bbox 2271 904 3878 987">
     <span class='ocr_line' id='line_1_23' title="bbox 2271 904 3878 987; baseline 0.011 -28"><span class='ocrx_word' id='word_1_162' title='bbox 2271 904 2422 962; x_wconf 90' lang='lat' dir='ltr'><strong>ciens</strong></span> <span class='ocrx_word' id='word_1_163' title='bbox 2476 908 2531 963; x_wconf 91' lang='lat' dir='ltr'><strong>in</strong></span> <span class='ocrx_word' id='word_1_164' title='bbox 2567 910 2815 979; x_wconf 90' lang='lat' dir='ltr'><strong>honore,</strong></span> <span class='ocrx_word' id='word_1_165' title='bbox 2849 928 3009 981; x_wconf 88' lang='lat' dir='ltr'><strong>quem</strong></span> <span class='ocrx_word' id='word_1_166' title='bbox 3045 916 3318 985; x_wconf 88' lang='lat' dir='ltr'><strong>posterius</strong></span> <span class='ocrx_word' id='word_1_167' title='bbox 3365 916 3621 987; x_wconf 87' lang='lat' dir='ltr'><strong>loquatur</strong></span> <span class='ocrx_word' id='word_1_168' title='bbox 3674 922 3728 976; x_wconf 89' lang='lat' dir='ltr'><strong>in</strong></span> <span class='ocrx_word' id='word_1_169' title='bbox 3772 934 3878 975; x_wconf 87' lang='lat' dir='ltr'><strong>no-</strong></span> 
     </span>
    </p>
   </div>
   <div class='ocr_carea' id='block_1_24' title="bbox 2271 997 2436 1052">
    <p class='ocr_par' dir='ltr' id='par_1_24' title="bbox 2271 997 2436 1052">
     <span class='ocr_line' id='line_1_24' title="bbox 2271 997 2436 1052; baseline 0.006 -2"><span class='ocrx_word' id='word_1_170' title='bbox 2271 997 2436 1052; x_wconf 89' lang='lat' dir='ltr'><strong>mine.</strong></span> 
     </span>
    </p>
   </div>
   <div class='ocr_carea' id='block_1_25' title="bbox 2344 1090 3877 1172">
    <p class='ocr_par' dir='ltr' id='par_1_25' title="bbox 2344 1090 3877 1172">
     <span class='ocr_line' id='line_1_25' title="bbox 2344 1090 3877 1172; baseline 0.011 -28"><span class='ocrx_word' id='word_1_171' title='bbox 2344 1090 2465 1146; x_wconf 75' lang='lat' dir='ltr'><strong>Ista:</strong></span> <span class='ocrx_word' id='word_1_172' title='bbox 2495 1102 2624 1148; x_wconf 92' lang='lat' dir='ltr'><strong>sunt</strong></span> <span class='ocrx_word' id='word_1_173' title='bbox 2649 1096 2979 1167; x_wconf 87' lang='lat' dir='ltr'><strong>principales</strong></span> <span class='ocrx_word' id='word_1_174' title='bbox 3007 1098 3392 1157; x_wconf 61' lang='lat' dir='ltr'><strong>haereticorum</strong></span> <span class='ocrx_word' id='word_1_175' title='bbox 3422 1115 3590 1161; x_wconf 69' lang='lat' dir='ltr'><strong>sectae</strong></span> <span class='ocrx_word' id='word_1_176' title='bbox 3609 1148 3623 1172; x_wconf 91' lang='lat'><strong>,</strong></span> <span class='ocrx_word' id='word_1_177' title='bbox 3657 1113 3714 1161; x_wconf 90' lang='lat' dir='ltr'><strong>et</strong></span> <span class='ocrx_word' id='word_1_178' title='bbox 3756 1114 3877 1161; x_wconf 87' lang='lat' dir='ltr'><strong>tam</strong></span> 
     </span>
    </p>
   </div>
   <div class='ocr_carea' id='block_1_26' title="bbox 2270 1180 3877 1265">
    <p class='ocr_par' dir='ltr' id='par_1_26' title="bbox 2270 1180 3877 1265">
     <span class='ocr_line' id='line_1_26' title="bbox 2270 1180 3877 1265; baseline 0.012 -32"><span class='ocrx_word' id='word_1_179' title='bbox 2270 1180 2495 1237; x_wconf 78' lang='lat' dir='ltr'><strong>funestae</strong></span> <span class='ocrx_word' id='word_1_180' title='bbox 2519 1182 2803 1242; x_wconf 88' lang='lat' dir='ltr'><strong>hominum</strong></span> <span class='ocrx_word' id='word_1_181' title='bbox 2836 1191 3225 1258; x_wconf 87' lang='lat' dir='ltr'><strong>persuasiones</strong></span> <span class='ocrx_word' id='word_1_182' title='bbox 3269 1193 3322 1247; x_wconf 92' lang='lat' dir='ltr'><strong>in</strong></span> <span class='ocrx_word' id='word_1_183' title='bbox 3368 1194 3616 1265; x_wconf 83' lang='lat' dir='ltr'><strong>dogmata</strong></span> <span class='ocrx_word' id='word_1_184' title='bbox 3648 1195 3877 1252; x_wconf 88' lang='lat' dir='ltr'><strong>diversa</strong></span> 
     </span>
    </p>
   </div>
   <div class='ocr_carea' id='block_1_27' title="bbox 2268 1274 3877 1343">
    <p class='ocr_par' dir='ltr' id='par_1_27' title="bbox 2268 1274 3877 1343">
     <span class='ocr_line' id='line_1_27' title="bbox 2268 1274 3877 1343; baseline 0.011 -18"><span class='ocrx_word' id='word_1_185' title='bbox 2268 1274 2582 1343; x_wconf 90' lang='lat' dir='ltr'><strong>rapiuntur,</strong></span> <span class='ocrx_word' id='word_1_186' title='bbox 2617 1285 2676 1331; x_wconf 91' lang='lat' dir='ltr'><strong>ut</strong></span> <span class='ocrx_word' id='word_1_187' title='bbox 2721 1278 3082 1336; x_wconf 83' lang='lat' dir='ltr'><strong>substantiam</strong></span> <span class='ocrx_word' id='word_1_188' title='bbox 3143 1282 3567 1342; x_wconf 90' lang='lat' dir='ltr'><strong>indissociabilis</strong></span> <span class='ocrx_word' id='word_1_189' title='bbox 3597 1287 3689 1342; x_wconf 90' lang='lat' dir='ltr'><strong>Dei</strong></span> <span class='ocrx_word' id='word_1_190' title='bbox 3738 1288 3877 1342; x_wconf 85' lang='lat' dir='ltr'><strong>sim-</strong></span> 
     </span>
    </p>
   </div>
   <div class='ocr_carea' id='block_1_28' title="bbox 2267 1364 3870 1448">
    <p class='ocr_par' dir='ltr' id='par_1_28' title="bbox 2267 1364 3870 1448">
     <span class='ocr_line' id='line_1_28' title="bbox 2267 1364 3870 1448; baseline 0.012 -31"><span class='ocrx_word' id='word_1_191' title='bbox 2267 1364 2462 1433; x_wconf 90' lang='lat' dir='ltr'><strong>plicem</strong></span> <span class='ocrx_word' id='word_1_192' title='bbox 2502 1376 2557 1422; x_wconf 93' lang='lat' dir='ltr'><strong>et</strong></span> <span class='ocrx_word' id='word_1_193' title='bbox 2586 1368 2890 1426; x_wconf 81' lang='lat' dir='ltr'><strong>divinitatis</strong></span> <span class='ocrx_word' id='word_1_194' title='bbox 2942 1372 3235 1430; x_wconf 78' lang='lat' dir='ltr'><strong>inelfabilis</strong></span> <span class='ocrx_word' id='word_1_195' title='bbox 3269 1378 3615 1448; x_wconf 85' lang='lat' dir='ltr'><strong>majestatem</strong></span> <span class='ocrx_word' id='word_1_196' title='bbox 3645 1391 3740 1435; x_wconf 88' lang='lat' dir='ltr'><strong>aut</strong></span> <span class='ocrx_word' id='word_1_197' title='bbox 3792 1382 3870 1436; x_wconf 90' lang='lat' dir='ltr'><strong>in-</strong></span> 
     </span>
    </p>
   </div>
   <div class='ocr_carea' id='block_1_29' title="bbox 2267 1462 3867 1545">
    <p class='ocr_par' dir='ltr' id='par_1_29' title="bbox 2267 1462 3867 1545">
     <span class='ocr_line' id='line_1_29' title="bbox 2267 1462 3867 1545; baseline 0.013 -31"><span class='ocrx_word' id='word_1_198' title='bbox 2267 1462 2762 1529; x_wconf 85' lang='lat' dir='ltr'><strong>terpretationibus</strong></span> <span class='ocrx_word' id='word_1_199' title='bbox 2791 1466 3059 1535; x_wconf 82' lang='lat' dir='ltr'><strong>dividant,</strong></span> <span class='ocrx_word' id='word_1_200' title='bbox 3093 1480 3186 1526; x_wconf 89' lang='lat' dir='ltr'><strong>aut</strong></span> <span class='ocrx_word' id='word_1_201' title='bbox 3206 1473 3468 1542; x_wconf 88' lang='lat' dir='ltr'><strong>gradibus</strong></span> <span class='ocrx_word' id='word_1_202' title='bbox 3490 1475 3867 1545; x_wconf 84' lang='lat' dir='ltr'><strong>exhonorent,</strong></span> 
     </span>
    </p>
   </div>
   <div class='ocr_carea' id='block_1_30' title="bbox 2265 1558 3867 1643">
    <p class='ocr_par' dir='ltr' id='par_1_30' title="bbox 2265 1558 3867 1643">
     <span class='ocr_line' id='line_1_30' title="bbox 2265 1558 3867 1643; baseline 0.012 -36"><span class='ocrx_word' id='word_1_203' title='bbox 2265 1568 2388 1607; x_wconf 91' lang='lat' dir='ltr'><strong>cum</strong></span> <span class='ocrx_word' id='word_1_204' title='bbox 2415 1564 2470 1610; x_wconf 91' lang='lat' dir='ltr'><strong>et</strong></span> <span class='ocrx_word' id='word_1_205' title='bbox 2500 1571 2624 1626; x_wconf 70' lang='lat' dir='ltr'><strong>qua:</strong></span> <span class='ocrx_word' id='word_1_206' title='bbox 2669 1558 2886 1630; x_wconf 85' lang='lat' dir='ltr'><strong>indigna</strong></span> <span class='ocrx_word' id='word_1_207' title='bbox 2917 1572 3044 1617; x_wconf 92' lang='lat' dir='ltr'><strong>sunt</strong></span> <span class='ocrx_word' id='word_1_208' title='bbox 3065 1563 3135 1619; x_wconf 93' lang='lat' dir='ltr'><strong>de</strong></span> <span class='ocrx_word' id='word_1_209' title='bbox 3168 1566 3279 1621; x_wconf 91' lang='lat' dir='ltr'><strong>Deo</strong></span> <span class='ocrx_word' id='word_1_210' title='bbox 3307 1568 3548 1639; x_wconf 90' lang='lat' dir='ltr'><strong>ﬁngunt,</strong></span> <span class='ocrx_word' id='word_1_211' title='bbox 3576 1581 3634 1626; x_wconf 93' lang='lat' dir='ltr'><strong>et</strong></span> <span class='ocrx_word' id='word_1_212' title='bbox 3663 1588 3791 1643; x_wconf 67' lang='lat' dir='ltr'><strong>quae</strong></span> <span class='ocrx_word' id='word_1_213' title='bbox 3822 1575 3867 1629; x_wconf 85' lang='lat' dir='ltr'><strong>ei</strong></span> 
     </span>
    </p>
   </div>
   <div class='ocr_carea' id='block_1_31' title="bbox 2263 1648 3358 1725">
    <p class='ocr_par' dir='ltr' id='par_1_31' title="bbox 2263 1648 3358 1725">
     <span class='ocr_line' id='line_1_31' title="bbox 2263 1648 3358 1725; baseline 0.016 -26"><span class='ocrx_word' id='word_1_214' title='bbox 2263 1648 2591 1718; x_wconf 86' lang='lat' dir='ltr'><strong>sempiterna</strong></span> <span class='ocrx_word' id='word_1_215' title='bbox 2622 1652 2706 1708; x_wconf 92' lang='lat' dir='ltr'><strong>vel</strong></span> <span class='ocrx_word' id='word_1_216' title='bbox 2734 1660 2955 1725; x_wconf 87' lang='lat' dir='ltr'><strong>propria</strong></span> <span class='ocrx_word' id='word_1_217' title='bbox 2978 1699 2991 1720; x_wconf 93' lang='lat'><strong>,</strong></span> <span class='ocrx_word' id='word_1_218' title='bbox 3025 1658 3358 1716; x_wconf 87' lang='lat' dir='ltr'><strong>difﬁtentur.</strong></span> 
     </span>
    </p>
   </div>
   <div class='ocr_carea' id='block_1_32' title="bbox 2872 1748 3245 1808">
    <p class='ocr_par' dir='ltr' id='par_1_32' title="bbox 2872 1748 3245 1808">
     <span class='ocr_line' id='line_1_32' title="bbox 2872 1748 3245 1808; baseline 0.008 -5"><span class='ocrx_word' id='word_1_219' title='bbox 2872 1748 3101 1807; x_wconf 84' lang='lat' dir='ltr'><strong>CAPUT</strong></span> <span class='ocrx_word' id='word_1_220' title='bbox 3129 1751 3245 1808; x_wconf 78' lang='lat' dir='ltr'><strong>XII.</strong></span> 
     </span>
    </p>
   </div>
   <div class='ocr_carea' id='block_1_33' title="bbox 559 1834 2140 1919">
    <p class='ocr_par' dir='ltr' id='par_1_33' title="bbox 559 1834 2140 1907">
     <span class='ocr_line' id='line_1_33' title="bbox 559 1834 2140 1907; baseline 0.008 -18"><span class='ocrx_word' id='word_1_221' title='bbox 559 1834 688 1891; x_wconf 85' lang='lat' dir='ltr'><strong>liter</strong></span> <span class='ocrx_word' id='word_1_222' title='bbox 738 1835 957 1890; x_wconf 90' lang='lat' dir='ltr'><strong>alumna</strong></span> <span class='ocrx_word' id='word_1_223' title='bbox 989 1837 1144 1907; x_wconf 91' lang='lat' dir='ltr'><strong>plebs</strong></span> <span class='ocrx_word' id='word_1_224' title='bbox 1173 1841 1411 1897; x_wconf 89' lang='lat' dir='ltr'><strong>nominis</strong></span> <span class='ocrx_word' id='word_1_225' title='bbox 1448 1859 1461 1896; x_wconf 87' lang='lat'><strong>:</strong></span> <span class='ocrx_word' id='word_1_226' title='bbox 1500 1842 1765 1900; x_wconf 85' lang='lat' dir='ltr'><strong>Photinus</strong></span> <span class='ocrx_word' id='word_1_227' title='bbox 1806 1861 1934 1901; x_wconf 91' lang='lat' dir='ltr'><strong>suos</strong></span> <span class='ocrx_word' id='word_1_228' title='bbox 1991 1849 2140 1903; x_wconf 83' lang='lat' dir='ltr'><strong>etiau</strong></span> 
     </span>
    </p>
   </div>
   <div class='ocr_carea' id='block_1_34' title="bbox 2244 1834 3865 1919">
    <p class='ocr_par' dir='ltr' id='par_1_34' title="bbox 2263 1834 3865 1919">
     <span class='ocr_line' id='line_1_34' title="bbox 2263 1834 3865 1919; baseline 0.014 -31"><span class='ocrx_word' id='word_1_229' title='bbox 2263 1834 2455 1890; x_wconf 86' lang='lat' dir='ltr'><strong>Contra</strong></span> <span class='ocrx_word' id='word_1_230' title='bbox 2487 1839 2803 1896; x_wconf 77' lang='lat' dir='ltr'><strong>Maniclueos</strong></span> <span class='ocrx_word' id='word_1_231' title='bbox 2828 1884 2842 1909; x_wconf 94' lang='lat'><strong>,</strong></span> <span class='ocrx_word' id='word_1_232' title='bbox 2894 1846 2982 1914; x_wconf 85' lang='lat' dir='ltr'><strong>qui</strong></span> <span class='ocrx_word' id='word_1_233' title='bbox 3010 1846 3143 1901; x_wconf 80' lang='lat' dir='ltr'><strong>duos</strong></span> <span class='ocrx_word' id='word_1_234' title='bbox 3184 1848 3363 1902; x_wconf 86' lang='lat' dir='ltr'><strong>dicunt</strong></span> <span class='ocrx_word' id='word_1_235' title='bbox 3404 1866 3512 1905; x_wconf 79' lang='lat' dir='ltr'><strong>esse</strong></span> <span class='ocrx_word' id='word_1_236' title='bbox 3557 1851 3657 1908; x_wconf 86' lang='lat' dir='ltr'><strong>Dei</strong></span> <span class='ocrx_word' id='word_1_237' title='bbox 3704 1856 3865 1919; x_wconf 77' lang='lat' dir='ltr'><strong>ﬁlios.</strong></span> 
     </span>
    </p>
   </div>
   <div class='ocr_carea' id='block_1_35' title="bbox 558 1927 2153 2007">
    <p class='ocr_par' dir='ltr' id='par_1_35' title="bbox 558 1927 2153 2007">
     <span class='ocr_line' id='line_1_35' title="bbox 558 1927 2153 2007; baseline 0.011 -27"><span class='ocrx_word' id='word_1_238' title='bbox 558 1927 823 1982; x_wconf 86' lang='lat' dir='ltr'><strong>vocabulo</strong></span> <span class='ocrx_word' id='word_1_239' title='bbox 849 1928 1078 1985; x_wconf 90' lang='lat' dir='ltr'><strong>dividit:</strong></span> <span class='ocrx_word' id='word_1_240' title='bbox 1106 1932 1382 1989; x_wconf 82' lang='lat' dir='ltr'><strong>Sabellius</strong></span> <span class='ocrx_word' id='word_1_241' title='bbox 1414 1936 1641 2005; x_wconf 84' lang='lat' dir='ltr'><strong>perinde</strong></span> <span class='ocrx_word' id='word_1_242' title='bbox 1677 1940 1941 2007; x_wconf 84' lang='lat' dir='ltr'><strong>appellari</strong></span> <span class='ocrx_word' id='word_1_243' title='bbox 1991 1955 2058 1994; x_wconf 87' lang='lat' dir='ltr'><strong>ex</strong></span> <span class='ocrx_word' id='word_1_244' title='bbox 2093 1956 2153 1997; x_wconf 90' lang='lat' dir='ltr'><strong>se</strong></span> 
     </span>
    </p>
   </div>
   <div class='ocr_carea' id='block_1_36' title="bbox 553 2022 2153 2098">
    <p class='ocr_par' dir='ltr' id='par_1_36' title="bbox 553 2022 2153 2098">
     <span class='ocr_line' id='line_1_36' title="bbox 553 2022 2153 2098; baseline 0.008 -22"><span class='ocrx_word' id='word_1_245' title='bbox 553 2030 853 2076; x_wconf 86' lang='lat' dir='ltr'><strong>conventus</strong></span> <span class='ocrx_word' id='word_1_246' title='bbox 881 2022 963 2078; x_wconf 91' lang='lat' dir='ltr'><strong>sui</strong></span> <span class='ocrx_word' id='word_1_247' title='bbox 1012 2024 1186 2095; x_wconf 79' lang='lat' dir='ltr'><strong>exigit</strong></span> <span class='ocrx_word' id='word_1_248' title='bbox 1216 2034 1427 2096; x_wconf 87' lang='lat' dir='ltr'><strong>partem</strong></span> <span class='ocrx_word' id='word_1_249' title='bbox 1464 2046 1476 2079; x_wconf 89' lang='lat'><strong>:</strong></span> <span class='ocrx_word' id='word_1_250' title='bbox 1521 2028 1942 2098; x_wconf 85' lang='lat' dir='ltr'><strong>Patripassianis</strong></span> <span class='ocrx_word' id='word_1_251' title='bbox 1998 2030 2153 2088; x_wconf 87' lang='lat' dir='ltr'><strong>error</strong></span> 
     </span>
    </p>
   </div>
   <div class='ocr_carea' id='block_1_37' title="bbox 557 2116 2151 2187">
    <p class='ocr_par' dir='ltr' id='par_1_37' title="bbox 557 2116 2151 2187">
     <span class='ocr_line' id='line_1_37' title="bbox 557 2116 2151 2187; baseline 0.009 -19"><span class='ocrx_word' id='word_1_252' title='bbox 557 2128 758 2169; x_wconf 91' lang='lat' dir='ltr'><strong>nomen</strong></span> <span class='ocrx_word' id='word_1_253' title='bbox 795 2116 1096 2187; x_wconf 85' lang='lat' dir='ltr'><strong>imposuit;</strong></span> <span class='ocrx_word' id='word_1_254' title='bbox 1143 2128 1198 2174; x_wconf 91' lang='lat' dir='ltr'><strong>et</strong></span> <span class='ocrx_word' id='word_1_255' title='bbox 1239 2120 1289 2174; x_wconf 91' lang='lat' dir='ltr'><strong>in</strong></span> <span class='ocrx_word' id='word_1_256' title='bbox 1344 2120 1553 2176; x_wconf 89' lang='lat' dir='ltr'><strong>diaboli</strong></span> <span class='ocrx_word' id='word_1_257' title='bbox 1612 2123 1918 2181; x_wconf 87' lang='lat' dir='ltr'><strong>hereditate</strong></span> <span class='ocrx_word' id='word_1_258' title='bbox 1972 2142 2151 2183; x_wconf 89' lang='lat' dir='ltr'><strong>arcem</strong></span> 
     </span>
    </p>
   </div>
   <div class='ocr_carea' id='block_1_38' title="bbox 554 2210 2147 2289">
    <p class='ocr_par' dir='ltr' id='par_1_38' title="bbox 554 2210 2147 2289">
     <span class='ocr_line' id='line_1_38' title="bbox 554 2210 2147 2289; baseline 0.007 -24"><span class='ocrx_word' id='word_1_259' title='bbox 554 2210 721 2267; x_wconf 81' lang='lat' dir='ltr'><strong>Arius</strong></span> <span class='ocrx_word' id='word_1_260' title='bbox 775 2220 969 2267; x_wconf 90' lang='lat' dir='ltr'><strong>tenens</strong></span> <span class='ocrx_word' id='word_1_261' title='bbox 1000 2228 1067 2267; x_wconf 86' lang='lat' dir='ltr'><strong>ex</strong></span> <span class='ocrx_word' id='word_1_262' title='bbox 1096 2228 1157 2269; x_wconf 90' lang='lat' dir='ltr'><strong>se</strong></span> <span class='ocrx_word' id='word_1_263' title='bbox 1184 2230 1411 2285; x_wconf 83' lang='lat' dir='ltr'><strong>gregem</strong></span> <span class='ocrx_word' id='word_1_264' title='bbox 1461 2228 1741 2289; x_wconf 86' lang='lat' dir='ltr'><strong>nuncupat</strong></span> <span class='ocrx_word' id='word_1_265' title='bbox 1788 2221 2147 2289; x_wconf 88' lang='lat' dir='ltr'><strong>perditorum.</strong></span> 
     </span>
    </p>
   </div>
   <div class='ocr_carea' id='block_1_39' title="bbox 552 2302 2154 2381">
    <p class='ocr_par' dir='ltr' id='par_1_39' title="bbox 552 2302 2154 2381">
     <span class='ocr_line' id='line_1_39' title="bbox 552 2302 2154 2381; baseline 0.007 -23"><span class='ocrx_word' id='word_1_266' title='bbox 552 2302 842 2359; x_wconf 86' lang='lat' dir='ltr'><strong>lnnumera</strong></span> <span class='ocrx_word' id='word_1_267' title='bbox 868 2315 1136 2376; x_wconf 70' lang='lat' dir='ltr'><strong>praeterea</strong></span> <span class='ocrx_word' id='word_1_268' title='bbox 1162 2308 1349 2362; x_wconf 90' lang='lat' dir='ltr'><strong>talium</strong></span> <span class='ocrx_word' id='word_1_269' title='bbox 1384 2310 1760 2381; x_wconf 88' lang='lat' dir='ltr'><strong>prodigiorum</strong></span> <span class='ocrx_word' id='word_1_270' title='bbox 1790 2323 2041 2380; x_wconf 89' lang='lat' dir='ltr'><strong>portenta</strong></span> <span class='ocrx_word' id='word_1_271' title='bbox 2071 2316 2154 2370; x_wconf 90' lang='lat' dir='ltr'><strong>di-</strong></span> 
     </span>
    </p>
   </div>
   <div class='ocr_carea' id='block_1_40' title="bbox 552 2399 2152 2475">
    <p class='ocr_par' dir='ltr' id='par_1_40' title="bbox 552 2399 2152 2475">
     <span class='ocr_line' id='line_1_40' title="bbox 552 2399 2152 2475; baseline 0.008 -24"><span class='ocrx_word' id='word_1_272' title='bbox 552 2406 779 2467; x_wconf 88' lang='lat' dir='ltr'><strong>cuntur,</strong></span> <span class='ocrx_word' id='word_1_273' title='bbox 820 2414 941 2470; x_wconf 66' lang='lat' dir='ltr'><strong>qua:</strong></span> <span class='ocrx_word' id='word_1_274' title='bbox 972 2399 1220 2455; x_wconf 81' lang='lat' dir='ltr'><strong>stultitiae</strong></span> <span class='ocrx_word' id='word_1_275' title='bbox 1260 2402 1443 2457; x_wconf 82' lang='lat' dir='ltr'><strong>vilitas</strong></span> <span class='ocrx_word' id='word_1_276' title='bbox 1492 2407 1657 2458; x_wconf 91' lang='lat' dir='ltr'><strong>etiam</strong></span> <span class='ocrx_word' id='word_1_277' title='bbox 1721 2406 2152 2475; x_wconf 91' lang='lat' dir='ltr'><strong>reprehensione</strong></span> 
     </span>
    </p>
   </div>
   <div class='ocr_carea' id='block_1_41' title="bbox 551 2491 2152 2568">
    <p class='ocr_par' dir='ltr' id='par_1_41' title="bbox 551 2491 2152 2568">
     <span class='ocr_line' id='line_1_41' title="bbox 551 2491 2152 2568; baseline 0.009 -23"><span class='ocrx_word' id='word_1_278' title='bbox 551 2491 807 2563; x_wconf 88' lang='lat' dir='ltr'><strong>indignos</strong></span> <span class='ocrx_word' id='word_1_279' title='bbox 840 2492 1007 2547; x_wconf 83' lang='lat' dir='ltr'><strong>facit:</strong></span> <span class='ocrx_word' id='word_1_280' title='bbox 1038 2493 1425 2563; x_wconf 63' lang='lat' dir='ltr'><strong>praedictorum</strong></span> <span class='ocrx_word' id='word_1_281' title='bbox 1457 2506 1643 2553; x_wconf 89' lang='lat' dir='ltr'><strong>tamen</strong></span> <span class='ocrx_word' id='word_1_282' title='bbox 1696 2500 1961 2568; x_wconf 87' lang='lat' dir='ltr'><strong>impietati</strong></span> <span class='ocrx_word' id='word_1_283' title='bbox 2005 2504 2152 2559; x_wconf 91' lang='lat' dir='ltr'><strong>velut</strong></span> 
     </span>
    </p>
   </div>
   <div class='ocr_carea' id='block_1_42' title="bbox 550 2584 2151 2664">
    <p class='ocr_par' dir='ltr' id='par_1_42' title="bbox 550 2584 2151 2664">
     <span class='ocr_line' id='line_1_42' title="bbox 550 2584 2151 2664; baseline 0.009 -23"><span class='ocrx_word' id='word_1_284' title='bbox 550 2584 603 2641; x_wconf 91' lang='lat' dir='ltr'><strong>in</strong></span> <span class='ocrx_word' id='word_1_285' title='bbox 627 2587 983 2657; x_wconf 86' lang='lat' dir='ltr'><strong>appendicem</strong></span> <span class='ocrx_word' id='word_1_286' title='bbox 1004 2591 1265 2657; x_wconf 79' lang='lat' dir='ltr'><strong>connexi,</strong></span> <span class='ocrx_word' id='word_1_287' title='bbox 1294 2590 1621 2664; x_wconf 87' lang='lat' dir='ltr'><strong>impugnare</strong></span> <span class='ocrx_word' id='word_1_288' title='bbox 1661 2595 1963 2653; x_wconf 77' lang='lat' dir='ltr'><strong>Ecclesium</strong></span> <span class='ocrx_word' id='word_1_289' title='bbox 1995 2597 2151 2655; x_wconf 88' lang='lat' dir='ltr'><strong>Chri-</strong></span> 
     </span>
    </p>
   </div>
   <div class='ocr_carea' id='block_1_43' title="bbox 549 2682 2151 2759">
    <p class='ocr_par' dir='ltr' id='par_1_43' title="bbox 549 2682 2151 2759">
     <span class='ocr_line' id='line_1_43' title="bbox 549 2682 2151 2759; baseline 0.009 -25"><span class='ocrx_word' id='word_1_290' title='bbox 549 2690 809 2751; x_wconf 89' lang='lat' dir='ltr'><strong>stumque</strong></span> <span class='ocrx_word' id='word_1_291' title='bbox 840 2699 946 2737; x_wconf 91' lang='lat' dir='ltr'><strong>non</strong></span> <span class='ocrx_word' id='word_1_292' title='bbox 977 2682 1260 2740; x_wconf 90' lang='lat' dir='ltr'><strong>desinunt.</strong></span> <span class='ocrx_word' id='word_1_293' title='bbox 1295 2684 1406 2741; x_wconf 91' lang='lat' dir='ltr'><strong>Sed</strong></span> <span class='ocrx_word' id='word_1_294' title='bbox 1441 2689 1567 2757; x_wconf 83' lang='lat' dir='ltr'><strong>quia</strong></span> <span class='ocrx_word' id='word_1_295' title='bbox 1620 2703 1839 2759; x_wconf 85' lang='lat' dir='ltr'><strong>semper</strong></span> <span class='ocrx_word' id='word_1_296' title='bbox 1886 2692 2019 2748; x_wconf 88' lang='lat' dir='ltr'><strong>nihil</strong></span> <span class='ocrx_word' id='word_1_297' title='bbox 2067 2704 2151 2749; x_wconf 86' lang='lat' dir='ltr'><strong>est</strong></span> 
     </span>
    </p>
   </div>
   <div class='ocr_carea' id='block_1_44' title="bbox 549 2773 2148 2859">
    <p class='ocr_par' dir='ltr' id='par_1_44' title="bbox 549 2773 2148 2859">
     <span class='ocr_line' id='line_1_44' title="bbox 549 2773 2148 2859; baseline 0.011 -32"><span class='ocrx_word' id='word_1_298' title='bbox 549 2773 780 2830; x_wconf 87' lang='lat' dir='ltr'><strong>validius</strong></span> <span class='ocrx_word' id='word_1_299' title='bbox 826 2775 1078 2845; x_wconf 88' lang='lat' dir='ltr'><strong>veritate,</strong></span> <span class='ocrx_word' id='word_1_300' title='bbox 1115 2778 1265 2833; x_wconf 91' lang='lat' dir='ltr'><strong>elisis</strong></span> <span class='ocrx_word' id='word_1_301' title='bbox 1316 2780 1558 2852; x_wconf 91' lang='lat' dir='ltr'><strong>undique</strong></span> <span class='ocrx_word' id='word_1_302' title='bbox 1586 2782 1892 2853; x_wconf 70' lang='lat' dir='ltr'><strong>(fluctibus,</strong></span> <span class='ocrx_word' id='word_1_303' title='bbox 1939 2802 2148 2859; x_wconf 61' lang='lat' dir='ltr'><strong>magna</strong></span> 
     </span>
    </p>
   </div>
   <div class='ocr_carea' id='block_1_45' title="bbox 546 2867 2148 2948">
    <p class='ocr_par' dir='ltr' id='par_1_45' title="bbox 546 2867 2148 2948">
     <span class='ocr_line' id='line_1_45' title="bbox 546 2867 2148 2948; baseline 0.009 -26"><span class='ocrx_word' id='word_1_304' title='bbox 546 2867 709 2922; x_wconf 91' lang='lat' dir='ltr'><strong>molis</strong></span> <span class='ocrx_word' id='word_1_305' title='bbox 740 2868 950 2938; x_wconf 88' lang='lat' dir='ltr'><strong>pondus</strong></span> <span class='ocrx_word' id='word_1_306' title='bbox 981 2870 1264 2928; x_wconf 90' lang='lat' dir='ltr'><strong>immobile</strong></span> <span class='ocrx_word' id='word_1_307' title='bbox 1287 2882 1403 2941; x_wconf 89' lang='lat' dir='ltr'><strong>est,</strong></span> <span class='ocrx_word' id='word_1_308' title='bbox 1447 2884 1501 2931; x_wconf 90' lang='lat' dir='ltr'><strong>et</strong></span> <span class='ocrx_word' id='word_1_309' title='bbox 1532 2875 1731 2933; x_wconf 84' lang='lat' dir='ltr'><strong>ictibus</strong></span> <span class='ocrx_word' id='word_1_310' title='bbox 1780 2880 2018 2948; x_wconf 88' lang='lat' dir='ltr'><strong>pr0priis</strong></span> <span class='ocrx_word' id='word_1_311' title='bbox 2064 2883 2148 2937; x_wconf 91' lang='lat' dir='ltr'><strong>in-</strong></span> 
     </span>
    </p>
   </div>
   <div class='ocr_carea' id='block_1_46' title="bbox 542 2958 2143 3043">
    <p class='ocr_par' dir='ltr' id='par_1_46' title="bbox 542 2958 2143 3043">
     <span class='ocr_line' id='line_1_46' title="bbox 542 2958 2143 3043; baseline 0.011 -29"><span class='ocrx_word' id='word_1_312' title='bbox 542 2958 679 3017; x_wconf 83' lang='lat' dir='ltr'><strong>festa</strong></span> <span class='ocrx_word' id='word_1_313' title='bbox 726 2961 1065 3034; x_wconf 89' lang='lat' dir='ltr'><strong>franguntur,</strong></span> <span class='ocrx_word' id='word_1_314' title='bbox 1111 2966 1239 3021; x_wconf 92' lang='lat' dir='ltr'><strong>dum</strong></span> <span class='ocrx_word' id='word_1_315' title='bbox 1282 2967 1350 3022; x_wconf 90' lang='lat' dir='ltr'><strong>ad</strong></span> <span class='ocrx_word' id='word_1_316' title='bbox 1404 2968 1507 3025; x_wconf 93' lang='lat' dir='ltr'><strong>hoc</strong></span> <span class='ocrx_word' id='word_1_317' title='bbox 1550 2980 1758 3027; x_wconf 89' lang='lat' dir='ltr'><strong>tantum</strong></span> <span class='ocrx_word' id='word_1_318' title='bbox 1808 2974 2143 3043; x_wconf 88' lang='lat' dir='ltr'><strong>perﬁdorum</strong></span> 
     </span>
    </p>
   </div>
   <div class='ocr_carea' id='block_1_47' title="bbox 542 3056 2138 3138">
    <p class='ocr_par' dir='ltr' id='par_1_47' title="bbox 542 3056 2138 3138">
     <span class='ocr_line' id='line_1_47' title="bbox 542 3056 2138 3138; baseline 0.009 -29"><span class='ocrx_word' id='word_1_319' title='bbox 542 3056 821 3127; x_wconf 88' lang='lat' dir='ltr'><strong>consurgit</strong></span> <span class='ocrx_word' id='word_1_320' title='bbox 852 3056 1120 3126; x_wconf 86' lang='lat' dir='ltr'><strong>intentio,</strong></span> <span class='ocrx_word' id='word_1_321' title='bbox 1179 3069 1236 3114; x_wconf 93' lang='lat' dir='ltr'><strong>ut</strong></span> <span class='ocrx_word' id='word_1_322' title='bbox 1271 3075 1302 3115; x_wconf 90' lang='lat' dir='ltr'><strong>a</strong></span> <span class='ocrx_word' id='word_1_323' title='bbox 1332 3076 1395 3116; x_wconf 88' lang='lat' dir='ltr'><strong>se</strong></span> <span class='ocrx_word' id='word_1_324' title='bbox 1439 3062 1671 3119; x_wconf 88' lang='lat' dir='ltr'><strong>invicem</strong></span> <span class='ocrx_word' id='word_1_325' title='bbox 1714 3065 2095 3137; x_wconf 88' lang='lat' dir='ltr'><strong>discrepantes</strong></span> <span class='ocrx_word' id='word_1_326' title='bbox 2124 3113 2138 3138; x_wconf 91' lang='lat'><strong>,</strong></span> 
     </span>
    </p>
   </div>
   <div class='ocr_carea' id='block_1_48' title="bbox 542 3148 2135 3228">
    <p class='ocr_par' dir='ltr' id='par_1_48' title="bbox 542 3148 2135 3228">
     <span class='ocr_line' id='line_1_48' title="bbox 542 3148 2135 3228; baseline 0.007 -25"><span class='ocrx_word' id='word_1_327' title='bbox 542 3148 703 3204; x_wconf 89' lang='lat' dir='ltr'><strong>ﬁdem</strong></span> <span class='ocrx_word' id='word_1_328' title='bbox 767 3159 1010 3205; x_wconf 81' lang='lat' dir='ltr'><strong>nostram</strong></span> <span class='ocrx_word' id='word_1_329' title='bbox 1074 3150 1201 3207; x_wconf 91' lang='lat' dir='ltr'><strong>dum</strong></span> <span class='ocrx_word' id='word_1_330' title='bbox 1268 3152 1559 3211; x_wconf 86' lang='lat' dir='ltr'><strong>destruere</strong></span> <span class='ocrx_word' id='word_1_331' title='bbox 1620 3157 1824 3228; x_wconf 89' lang='lat' dir='ltr'><strong>singuli</strong></span> <span class='ocrx_word' id='word_1_332' title='bbox 1880 3160 2135 3228; x_wconf 88' lang='lat' dir='ltr'><strong>cupiunt,</strong></span> 
     </span>
    </p>
   </div>
   <div class='ocr_carea' id='block_1_49' title="bbox 540 3243 1082 3299">
    <p class='ocr_par' dir='ltr' id='par_1_49' title="bbox 540 3243 1082 3299">
     <span class='ocr_line' id='line_1_49' title="bbox 540 3243 1082 3299; baseline 0.007 -4"><span class='ocrx_word' id='word_1_333' title='bbox 540 3250 787 3298; x_wconf 88' lang='lat' dir='ltr'><strong>astruant</strong></span> <span class='ocrx_word' id='word_1_334' title='bbox 813 3243 1082 3299; x_wconf 90' lang='lat' dir='ltr'><strong>universi.</strong></span> 
     </span>
    </p>
   </div>
   <div class='ocr_carea' id='block_1_50' title="bbox 611 3346 2137 3422">
    <p class='ocr_par' dir='ltr' id='par_1_50' title="bbox 611 3346 2137 3422">
     <span class='ocr_line' id='line_1_50' title="bbox 611 3346 2137 3422; baseline 0.005 -23"><span class='ocrx_word' id='word_1_335' title='bbox 611 3346 940 3402; x_wconf 83' lang='lat' dir='ltr'><strong>Manichacus</strong></span> <span class='ocrx_word' id='word_1_336' title='bbox 969 3348 1115 3402; x_wconf 93' lang='lat' dir='ltr'><strong>enim</strong></span> <span class='ocrx_word' id='word_1_337' title='bbox 1147 3346 1285 3403; x_wconf 88' lang='lat' dir='ltr'><strong>duos</strong></span> <span class='ocrx_word' id='word_1_338' title='bbox 1309 3362 1432 3404; x_wconf 91' lang='lat' dir='ltr'><strong>esse</strong></span> <span class='ocrx_word' id='word_1_339' title='bbox 1464 3350 1663 3405; x_wconf 90' lang='lat' dir='ltr'><strong>astruit</strong></span> <span class='ocrx_word' id='word_1_340' title='bbox 1710 3349 1874 3418; x_wconf 89' lang='lat' dir='ltr'><strong>deos,</strong></span> <span class='ocrx_word' id='word_1_341' title='bbox 1922 3350 2137 3422; x_wconf 90' lang='lat' dir='ltr'><strong>duoque</strong></span> 
     </span>
    </p>
   </div>
   <div class='ocr_carea' id='block_1_51' title="bbox 500 3438 2138 3510">
    <p class='ocr_par' dir='ltr' id='par_1_51' title="bbox 500 3438 2138 3510">
     <span class='ocr_line' id='line_1_51' title="bbox 500 3438 2138 3510; baseline 0.004 -18"><span class='ocrx_word' id='word_1_342' title='bbox 500 3450 506 3455; x_wconf 81' lang='lat'><strong>‘</strong></span> <span class='ocrx_word' id='word_1_343' title='bbox 538 3438 802 3510; x_wconf 88' lang='lat' dir='ltr'><strong>principia</strong></span> <span class='ocrx_word' id='word_1_344' title='bbox 824 3482 838 3505; x_wconf 92' lang='lat'><strong>,</strong></span> <span class='ocrx_word' id='word_1_345' title='bbox 869 3454 1101 3509; x_wconf 90' lang='lat' dir='ltr'><strong>quorum</strong></span> <span class='ocrx_word' id='word_1_346' title='bbox 1127 3441 1358 3495; x_wconf 89' lang='lat' dir='ltr'><strong>alterum</strong></span> <span class='ocrx_word' id='word_1_347' title='bbox 1387 3442 1595 3497; x_wconf 92' lang='lat' dir='ltr'><strong>bonum</strong></span> <span class='ocrx_word' id='word_1_348' title='bbox 1616 3485 1629 3509; x_wconf 94' lang='lat'><strong>,</strong></span> <span class='ocrx_word' id='word_1_349' title='bbox 1656 3443 1856 3498; x_wconf 91' lang='lat' dir='ltr'><strong>malum</strong></span> <span class='ocrx_word' id='word_1_350' title='bbox 1885 3443 2036 3499; x_wconf 91' lang='lat' dir='ltr'><strong>credi</strong></span> <span class='ocrx_word' id='word_1_351' title='bbox 2059 3445 2138 3498; x_wconf 80' lang='lat' dir='ltr'><strong>al-</strong></span> 
     </span>
    </p>
   </div>
   <div class='ocr_carea' id='block_1_52' title="bbox 539 3531 2139 3604">
    <p class='ocr_par' dir='ltr' id='par_1_52' title="bbox 539 3531 2139 3604">
     <span class='ocr_line' id='line_1_52' title="bbox 539 3531 2139 3604; baseline 0.004 -19"><span class='ocrx_word' id='word_1_352' title='bbox 539 3538 717 3587; x_wconf 92' lang='lat' dir='ltr'><strong>terum</strong></span> <span class='ocrx_word' id='word_1_353' title='bbox 750 3531 911 3597; x_wconf 90' lang='lat' dir='ltr'><strong>velit;</strong></span> <span class='ocrx_word' id='word_1_354' title='bbox 947 3532 1150 3588; x_wconf 85' lang='lat' dir='ltr'><strong>bonum</strong></span> <span class='ocrx_word' id='word_1_355' title='bbox 1202 3534 1444 3601; x_wconf 79' lang='lat' dir='ltr'><strong>scilicet,</strong></span> <span class='ocrx_word' id='word_1_356' title='bbox 1491 3534 1583 3604; x_wconf 91' lang='lat' dir='ltr'><strong>qui</strong></span> <span class='ocrx_word' id='word_1_357' title='bbox 1648 3534 1936 3590; x_wconf 90' lang='lat' dir='ltr'><strong>veritatem</strong></span> <span class='ocrx_word' id='word_1_358' title='bbox 1986 3545 2139 3591; x_wconf 83' lang='lat' dir='ltr'><strong>vete-</strong></span> 
     </span>
    </p>
   </div>
   <div class='ocr_carea' id='block_1_53' title="bbox 531 3628 2133 3699">
    <p class='ocr_par' dir='ltr' id='par_1_53' title="bbox 531 3628 2133 3699">
     <span class='ocr_line' id='line_1_53' title="bbox 531 3628 2133 3699; baseline 0 -16"><span class='ocrx_word' id='word_1_359' title='bbox 531 3643 653 3683; x_wconf 89' lang='lat' dir='ltr'><strong>rum</strong></span> <span class='ocrx_word' id='word_1_360' title='bbox 719 3636 1115 3696; x_wconf 63' lang='lat' dir='ltr'><strong>praeceptorum</strong></span> <span class='ocrx_word' id='word_1_361' title='bbox 1161 3628 1443 3699; x_wconf 87' lang='lat' dir='ltr'><strong>Evangelii</strong></span> <span class='ocrx_word' id='word_1_362' title='bbox 1492 3628 1736 3684; x_wconf 91' lang='lat' dir='ltr'><strong>editione</strong></span> <span class='ocrx_word' id='word_1_363' title='bbox 1794 3629 2133 3684; x_wconf 88' lang='lat' dir='ltr'><strong>molliverit:</strong></span> 
     </span>
    </p>
   </div>
   <div class='ocr_carea' id='block_1_54' title="bbox 531 3702 2135 3793">
    <p class='ocr_par' dir='ltr' id='par_1_54' title="bbox 531 3702 2135 3793">
     <span class='ocr_line' id='line_1_54' title="bbox 531 3702 2135 3793; baseline 0 -16"><span class='ocrx_word' id='word_1_364' title='bbox 531 3721 768 3788; x_wconf 88' lang='lat' dir='ltr'><strong>malum,</strong></span> <span class='ocrx_word' id='word_1_365' title='bbox 822 3702 924 3792; x_wconf 81' lang='lat' dir='ltr'><strong>qui</strong></span> <span class='ocrx_word' id='word_1_366' title='bbox 950 3722 1091 3777; x_wconf 89' lang='lat' dir='ltr'><strong>hunc</strong></span> <span class='ocrx_word' id='word_1_367' title='bbox 1124 3721 1315 3777; x_wconf 81' lang='lat' dir='ltr'><strong>fecerit</strong></span> <span class='ocrx_word' id='word_1_368' title='bbox 1347 3722 1607 3778; x_wconf 91' lang='lat' dir='ltr'><strong>mundum</strong></span> <span class='ocrx_word' id='word_1_369' title='bbox 1636 3764 1650 3789; x_wconf 94' lang='lat'><strong>,</strong></span> <span class='ocrx_word' id='word_1_370' title='bbox 1694 3730 1751 3777; x_wconf 91' lang='lat' dir='ltr'><strong>et</strong></span> <span class='ocrx_word' id='word_1_371' title='bbox 1785 3737 1882 3791; x_wconf 90' lang='lat' dir='ltr'><strong>per</strong></span> <span class='ocrx_word' id='word_1_372' title='bbox 1911 3723 2135 3793; x_wconf 82' lang='lat' dir='ltr'><strong>Moysen</strong></span> 
     </span>
    </p>
   </div>
   <div class='ocr_carea' id='block_1_55' title="bbox 532 3812 2132 3886">
    <p class='ocr_par' dir='ltr' id='par_1_55' title="bbox 532 3812 2132 3886">
     <span class='ocr_line' id='line_1_55' title="bbox 532 3812 2132 3886; baseline 0.001 -18"><span class='ocrx_word' id='word_1_373' title='bbox 532 3828 596 3870; x_wconf 88' lang='lat' dir='ltr'><strong>ac</strong></span> <span class='ocrx_word' id='word_1_374' title='bbox 616 3830 715 3886; x_wconf 88' lang='lat' dir='ltr'><strong>per</strong></span> <span class='ocrx_word' id='word_1_375' title='bbox 743 3815 1040 3884; x_wconf 86' lang='lat' dir='ltr'><strong>prophetas</strong></span> <span class='ocrx_word' id='word_1_376' title='bbox 1065 3823 1298 3869; x_wconf 62' lang='lat' dir='ltr'><strong>caeteros</strong></span> <span class='ocrx_word' id='word_1_377' title='bbox 1325 3812 1401 3870; x_wconf 89' lang='lat' dir='ltr'><strong>sit</strong></span> <span class='ocrx_word' id='word_1_378' title='bbox 1431 3813 1670 3869; x_wconf 88' lang='lat' dir='ltr'><strong>locutus.</strong></span> <span class='ocrx_word' id='word_1_379' title='bbox 1704 3814 1933 3869; x_wconf 91' lang='lat' dir='ltr'><strong>llumani</strong></span> <span class='ocrx_word' id='word_1_380' title='bbox 1965 3829 2132 3885; x_wconf 87' lang='lat' dir='ltr'><strong>gene-</strong></span> 
     </span>
    </p>
   </div>
   <div class='ocr_carea' id='block_1_56' title="bbox 529 3906 2134 3978">
    <p class='ocr_par' dir='ltr' id='par_1_56' title="bbox 529 3906 2134 3978">
     <span class='ocr_line' id='line_1_56' title="bbox 529 3906 2134 3978; baseline -0.001 -16"><span class='ocrx_word' id='word_1_381' title='bbox 529 3907 608 3962; x_wconf 91' lang='lat' dir='ltr'><strong>ris</strong></span> <span class='ocrx_word' id='word_1_382' title='bbox 642 3907 868 3978; x_wconf 92' lang='lat' dir='ltr'><strong>insuper</strong></span> <span class='ocrx_word' id='word_1_383' title='bbox 927 3906 1349 3978; x_wconf 82' lang='lat' dir='ltr'><strong>Redemptorem</strong></span> <span class='ocrx_word' id='word_1_384' title='bbox 1401 3922 1509 3963; x_wconf 91' lang='lat' dir='ltr'><strong>non</strong></span> <span class='ocrx_word' id='word_1_385' title='bbox 1536 3907 1825 3963; x_wconf 88' lang='lat' dir='ltr'><strong>veritatem</strong></span> <span class='ocrx_word' id='word_1_386' title='bbox 1880 3914 2134 3963; x_wconf 88' lang='lat' dir='ltr'><strong>asserunt</strong></span> 
     </span>
    </p>
   </div>
   <div class='ocr_carea' id='block_1_57' title="bbox 530 4000 1452 4070">
    <p class='ocr_par' dir='ltr' id='par_1_57' title="bbox 530 4000 1452 4070">
     <span class='ocr_line' id='line_1_57' title="bbox 530 4000 1452 4070; baseline -0.001 -14"><span class='ocrx_word' id='word_1_387' title='bbox 530 4000 716 4056; x_wconf 90' lang='lat' dir='ltr'><strong>carnis</strong></span> <span class='ocrx_word' id='word_1_388' title='bbox 752 4002 1035 4067; x_wconf 90' lang='lat' dir='ltr'><strong>habuisse,</strong></span> <span class='ocrx_word' id='word_1_389' title='bbox 1063 4000 1160 4056; x_wconf 91' lang='lat' dir='ltr'><strong>sed</strong></span> <span class='ocrx_word' id='word_1_390' title='bbox 1189 4001 1452 4070; x_wconf 88' lang='lat' dir='ltr'><strong>speciem.</strong></span> 
     </span>
    </p>
   </div>
   <div class='ocr_carea' id='block_1_58' title="bbox 601 4094 2128 4151">
    <p class='ocr_par' dir='ltr' id='par_1_58' title="bbox 601 4094 2128 4151">
     <span class='ocr_line' id='line_1_58' title="bbox 601 4094 2128 4151; baseline 0 -1"><span class='ocrx_word' id='word_1_391' title='bbox 601 4095 841 4150; x_wconf 85' lang='lat' dir='ltr'><strong>Marcion</strong></span> <span class='ocrx_word' id='word_1_392' title='bbox 876 4110 1005 4151; x_wconf 90' lang='lat' dir='ltr'><strong>vero</strong></span> <span class='ocrx_word' id='word_1_393' title='bbox 1059 4094 1362 4151; x_wconf 90' lang='lat' dir='ltr'><strong>secundum</strong></span> <span class='ocrx_word' id='word_1_394' title='bbox 1414 4094 1759 4150; x_wconf 87' lang='lat' dir='ltr'><strong>divinitatem</strong></span> <span class='ocrx_word' id='word_1_395' title='bbox 1790 4094 1887 4150; x_wconf 92' lang='lat' dir='ltr'><strong>Dei</strong></span> <span class='ocrx_word' id='word_1_396' title='bbox 1931 4094 2128 4150; x_wconf 88' lang='lat' dir='ltr'><strong>Filium</strong></span> 
     </span>
    </p>
   </div>
   <div class='ocr_carea' id='block_1_59' title="bbox 527 4188 2126 4259">
    <p class='ocr_par' dir='ltr' id='par_1_59' title="bbox 527 4188 2126 4259">
     <span class='ocr_line' id='line_1_59' title="bbox 527 4188 2126 4259; baseline -0.002 -12"><span class='ocrx_word' id='word_1_397' title='bbox 527 4190 822 4247; x_wconf 86' lang='lat' dir='ltr'><strong>confitetur</strong></span> <span class='ocrx_word' id='word_1_398' title='bbox 844 4232 859 4258; x_wconf 93' lang='lat'><strong>,</strong></span> <span class='ocrx_word' id='word_1_399' title='bbox 889 4189 1192 4245; x_wconf 91' lang='lat' dir='ltr'><strong>secundum</strong></span> <span class='ocrx_word' id='word_1_400' title='bbox 1238 4188 1517 4245; x_wconf 91' lang='lat' dir='ltr'><strong>hominem</strong></span> <span class='ocrx_word' id='word_1_401' title='bbox 1554 4198 1735 4259; x_wconf 77' lang='lat' dir='ltr'><strong>negat.</strong></span> <span class='ocrx_word' id='word_1_402' title='bbox 1788 4188 1957 4244; x_wconf 88' lang='lat' dir='ltr'><strong>Porro</strong></span> <span class='ocrx_word' id='word_1_403' title='bbox 1982 4188 2126 4244; x_wconf 84' lang='lat' dir='ltr'><strong>Pho-</strong></span> 
     </span>
    </p>
   </div>
   <div class='ocr_carea' id='block_1_60' title="bbox 528 4280 2128 4353">
    <p class='ocr_par' dir='ltr' id='par_1_60' title="bbox 528 4280 2128 4353">
     <span class='ocr_line' id='line_1_60' title="bbox 528 4280 2128 4353; baseline 0.001 -17"><span class='ocrx_word' id='word_1_404' title='bbox 528 4284 679 4339; x_wconf 89' lang='lat' dir='ltr'><strong>tinus</strong></span> <span class='ocrx_word' id='word_1_405' title='bbox 704 4299 769 4337; x_wconf 85' lang='lat' dir='ltr'><strong>ex</strong></span> <span class='ocrx_word' id='word_1_406' title='bbox 802 4292 1050 4352; x_wconf 92' lang='lat' dir='ltr'><strong>tempore</strong></span> <span class='ocrx_word' id='word_1_407' title='bbox 1098 4282 1363 4353; x_wconf 90' lang='lat' dir='ltr'><strong>assumpti</strong></span> <span class='ocrx_word' id='word_1_408' title='bbox 1395 4282 1463 4337; x_wconf 91' lang='lat' dir='ltr'><strong>de</strong></span> <span class='ocrx_word' id='word_1_409' title='bbox 1490 4280 1653 4336; x_wconf 83' lang='lat' dir='ltr'><strong>Maria</strong></span> <span class='ocrx_word' id='word_1_410' title='bbox 1683 4281 1925 4336; x_wconf 90' lang='lat' dir='ltr'><strong>hominis</strong></span> <span class='ocrx_word' id='word_1_411' title='bbox 1957 4281 2128 4337; x_wconf 89' lang='lat' dir='ltr'><strong>ﬁlium</strong></span> 
     </span>
    </p>
   </div>
   <div class='ocr_carea' id='block_1_61' title="bbox 526 4375 2129 4446">
    <p class='ocr_par' dir='ltr' id='par_1_61' title="bbox 526 4375 2129 4446">
     <span class='ocr_line' id='line_1_61' title="bbox 526 4375 2129 4446; baseline -0.001 -15"><span class='ocrx_word' id='word_1_412' title='bbox 526 4376 623 4432; x_wconf 89' lang='lat' dir='ltr'><strong>Dei</strong></span> <span class='ocrx_word' id='word_1_413' title='bbox 658 4377 836 4443; x_wconf 89' lang='lat' dir='ltr'><strong>dicit,</strong></span> <span class='ocrx_word' id='word_1_414' title='bbox 880 4386 1006 4431; x_wconf 90' lang='lat' dir='ltr'><strong>ante</strong></span> <span class='ocrx_word' id='word_1_415' title='bbox 1056 4385 1307 4446; x_wconf 89' lang='lat' dir='ltr'><strong>tempora</strong></span> <span class='ocrx_word' id='word_1_416' title='bbox 1353 4391 1464 4431; x_wconf 91' lang='lat' dir='ltr'><strong>non</strong></span> <span class='ocrx_word' id='word_1_417' title='bbox 1503 4391 1626 4429; x_wconf 87' lang='lat' dir='ltr'><strong>esse</strong></span> <span class='ocrx_word' id='word_1_418' title='bbox 1674 4377 1982 4430; x_wconf 89' lang='lat' dir='ltr'><strong>confirmat.</strong></span> <span class='ocrx_word' id='word_1_419' title='bbox 2030 4375 2129 4432; x_wconf 90' lang='lat' dir='ltr'><strong>Sa-</strong></span> 
     </span>
    </p>
   </div>
   <div class='ocr_carea' id='block_1_62' title="bbox 523 4468 2127 4538">
    <p class='ocr_par' dir='ltr' id='par_1_62' title="bbox 523 4468 2127 4538">
     <span class='ocr_line' id='line_1_62' title="bbox 523 4468 2127 4538; baseline -0.001 -13"><span class='ocrx_word' id='word_1_420' title='bbox 523 4469 724 4526; x_wconf 88' lang='lat' dir='ltr'><strong>bellius</strong></span> <span class='ocrx_word' id='word_1_421' title='bbox 756 4484 879 4523; x_wconf 92' lang='lat' dir='ltr'><strong>cum</strong></span> <span class='ocrx_word' id='word_1_422' title='bbox 913 4468 1139 4536; x_wconf 87' lang='lat' dir='ltr'><strong>perﬁdia</strong></span> <span class='ocrx_word' id='word_1_423' title='bbox 1172 4484 1274 4538; x_wconf 89' lang='lat' dir='ltr'><strong>qua</strong></span> <span class='ocrx_word' id='word_1_424' title='bbox 1308 4469 1362 4522; x_wconf 93' lang='lat' dir='ltr'><strong>in</strong></span> <span class='ocrx_word' id='word_1_425' title='bbox 1394 4468 1489 4523; x_wconf 92' lang='lat' dir='ltr'><strong>Dei</strong></span> <span class='ocrx_word' id='word_1_426' title='bbox 1532 4468 1731 4523; x_wconf 90' lang='lat' dir='ltr'><strong>Filium</strong></span> <span class='ocrx_word' id='word_1_427' title='bbox 1779 4468 2127 4538; x_wconf 75' lang='lat' dir='ltr'><strong>blasphemat</strong></span> 
     </span>
    </p>
   </div>
   <div class='ocr_carea' id='block_1_63' title="bbox 522 4560 2124 4629">
    <p class='ocr_par' dir='ltr' id='par_1_63' title="bbox 522 4560 2124 4629">
     <span class='ocr_line' id='line_1_63' title="bbox 522 4560 2124 4629; baseline -0.002 -9"><span class='ocrx_word' id='word_1_428' title='bbox 522 4574 580 4620; x_wconf 90' lang='lat' dir='ltr'><strong>ut</strong></span> <span class='ocrx_word' id='word_1_429' title='bbox 612 4562 797 4620; x_wconf 63' lang='lat' dir='ltr'><strong>caeteri</strong></span> <span class='ocrx_word' id='word_1_430' title='bbox 819 4604 832 4628; x_wconf 92' lang='lat'><strong>,</strong></span> <span class='ocrx_word' id='word_1_431' title='bbox 886 4561 1050 4616; x_wconf 89' lang='lat' dir='ltr'><strong>etiam</strong></span> <span class='ocrx_word' id='word_1_432' title='bbox 1079 4570 1329 4615; x_wconf 91' lang='lat' dir='ltr'><strong>sanctum</strong></span> <span class='ocrx_word' id='word_1_433' title='bbox 1360 4560 1625 4629; x_wconf 91' lang='lat' dir='ltr'><strong>Spiritum</strong></span> <span class='ocrx_word' id='word_1_434' title='bbox 1660 4560 1948 4629; x_wconf 84' lang='lat' dir='ltr'><strong>difﬁtetur,</strong></span> <span class='ocrx_word' id='word_1_435' title='bbox 1984 4572 2041 4616; x_wconf 90' lang='lat' dir='ltr'><strong>et</strong></span> <span class='ocrx_word' id='word_1_436' title='bbox 2071 4564 2124 4616; x_wconf 93' lang='lat' dir='ltr'><strong>in</strong></span> 
     </span>
    </p>
   </div>
   <div class='ocr_carea' id='block_1_64' title="bbox 2329 1929 3863 2017">
    <p class='ocr_par' dir='ltr' id='par_1_64' title="bbox 2329 1929 3863 2017">
     <span class='ocr_line' id='line_1_64' title="bbox 2329 1929 3863 2017; baseline 0.014 -35"><span class='ocrx_word' id='word_1_437' title='bbox 2329 1929 2935 1989; x_wconf 63' lang='lat' dir='ltr'><strong>Aront..—Estimari</strong></span> <span class='ocrx_word' id='word_1_438' title='bbox 2990 1936 3059 1991; x_wconf 88' lang='lat' dir='ltr'><strong>ab</strong></span> <span class='ocrx_word' id='word_1_439' title='bbox 3114 1938 3197 1994; x_wconf 88' lang='lat' dir='ltr'><strong>his</strong></span> <span class='ocrx_word' id='word_1_440' title='bbox 3253 1939 3394 1996; x_wconf 86' lang='lat' dir='ltr'><strong>haud</strong></span> <span class='ocrx_word' id='word_1_441' title='bbox 3425 1943 3589 2000; x_wconf 90' lang='lat' dir='ltr'><strong>dubie</strong></span> <span class='ocrx_word' id='word_1_442' title='bbox 3645 1958 3863 2017; x_wconf 82' lang='lat' dir='ltr'><strong>potest,</strong></span> 
     </span>
    </p>
   </div>
   <div class='ocr_carea' id='block_1_65' title="bbox 2257 2024 3865 2107">
    <p class='ocr_par' dir='ltr' id='par_1_65' title="bbox 2257 2024 3865 2107">
     <span class='ocr_line' id='line_1_65' title="bbox 2257 2024 3865 2107; baseline 0.014 -32"><span class='ocrx_word' id='word_1_443' title='bbox 2257 2036 2391 2091; x_wconf 89' lang='lat' dir='ltr'><strong>quas</strong></span> <span class='ocrx_word' id='word_1_444' title='bbox 2424 2024 2610 2080; x_wconf 86' lang='lat' dir='ltr'><strong>haberi</strong></span> <span class='ocrx_word' id='word_1_445' title='bbox 2643 2028 2887 2099; x_wconf 91' lang='lat' dir='ltr'><strong>principe</strong></span> <span class='ocrx_word' id='word_1_446' title='bbox 2914 2031 3034 2088; x_wconf 89' lang='lat' dir='ltr'><strong>loco</strong></span> <span class='ocrx_word' id='word_1_447' title='bbox 3060 2032 3202 2089; x_wconf 91' lang='lat' dir='ltr'><strong>dicis</strong></span> <span class='ocrx_word' id='word_1_448' title='bbox 3228 2078 3241 2101; x_wconf 93' lang='lat'><strong>,</strong></span> <span class='ocrx_word' id='word_1_449' title='bbox 3272 2039 3461 2107; x_wconf 89' lang='lat' dir='ltr'><strong>quales</strong></span> <span class='ocrx_word' id='word_1_450' title='bbox 3493 2040 3603 2095; x_wconf 73' lang='lat' dir='ltr'><strong>illa:</strong></span> <span class='ocrx_word' id='word_1_451' title='bbox 3653 2044 3865 2098; x_wconf 87' lang='lat' dir='ltr'><strong>hereti-</strong></span> 
     </span>
    </p>
   </div>
   <div class='ocr_carea' id='block_1_66' title="bbox 2257 2121 3865 2195">
    <p class='ocr_par' dir='ltr' id='par_1_66' title="bbox 2257 2121 3865 2195">
     <span class='ocr_line' id='line_1_66' title="bbox 2257 2121 3865 2195; baseline 0.015 -29"><span class='ocrx_word' id='word_1_452' title='bbox 2257 2129 2444 2170; x_wconf 83' lang='lat' dir='ltr'><strong>corum</strong></span> <span class='ocrx_word' id='word_1_453' title='bbox 2497 2126 2666 2175; x_wconf 75' lang='lat' dir='ltr'><strong>sectze</strong></span> <span class='ocrx_word' id='word_1_454' title='bbox 2690 2121 2800 2175; x_wconf 91' lang='lat' dir='ltr'><strong>sint</strong></span> <span class='ocrx_word' id='word_1_455' title='bbox 2824 2164 2838 2186; x_wconf 92' lang='lat'><strong>,</strong></span> <span class='ocrx_word' id='word_1_456' title='bbox 2867 2138 2988 2195; x_wconf 63' lang='lat' dir='ltr'><strong>quae</strong></span> <span class='ocrx_word' id='word_1_457' title='bbox 3018 2127 3374 2184; x_wconf 90' lang='lat' dir='ltr'><strong>condemnari</strong></span> <span class='ocrx_word' id='word_1_458' title='bbox 3404 2132 3566 2186; x_wconf 90' lang='lat' dir='ltr'><strong>etiam</strong></span> <span class='ocrx_word' id='word_1_459' title='bbox 3595 2148 3625 2187; x_wconf 87' lang='lat' dir='ltr'><strong>a</strong></span> <span class='ocrx_word' id='word_1_460' title='bbox 3666 2136 3865 2191; x_wconf 89' lang='lat' dir='ltr'><strong>talibus</strong></span> 
     </span>
    </p>
   </div>
   <div class='ocr_carea' id='block_1_67' title="bbox 2257 2212 3866 2298">
    <p class='ocr_par' dir='ltr' id='par_1_67' title="bbox 2257 2212 3866 2298">
     <span class='ocr_line' id='line_1_67' title="bbox 2257 2212 3866 2298; baseline 0.017 -38"><span class='ocrx_word' id='word_1_461' title='bbox 2257 2221 2505 2277; x_wconf 89' lang='lat' dir='ltr'><strong>possunt.</strong></span> <span class='ocrx_word' id='word_1_462' title='bbox 2537 2212 2737 2269; x_wconf 83' lang='lat' dir='ltr'><strong>Verum</strong></span> <span class='ocrx_word' id='word_1_463' title='bbox 2765 2218 3022 2286; x_wconf 89' lang='lat' dir='ltr'><strong>quoniam</strong></span> <span class='ocrx_word' id='word_1_464' title='bbox 3074 2222 3124 2275; x_wconf 94' lang='lat' dir='ltr'><strong>in</strong></span> <span class='ocrx_word' id='word_1_465' title='bbox 3168 2226 3468 2292; x_wconf 86' lang='lat' dir='ltr'><strong>sponsione</strong></span> <span class='ocrx_word' id='word_1_466' title='bbox 3491 2230 3753 2298; x_wconf 87' lang='lat' dir='ltr'><strong>propositi</strong></span> <span class='ocrx_word' id='word_1_467' title='bbox 3782 2242 3866 2287; x_wconf 86' lang='lat' dir='ltr'><strong>est</strong></span> 
     </span>
    </p>
   </div>
   <div class='ocr_carea' id='block_1_68' title="bbox 2255 2305 3861 2391">
    <p class='ocr_par' dir='ltr' id='par_1_68' title="bbox 2255 2305 3861 2391">
     <span class='ocr_line' id='line_1_68' title="bbox 2255 2305 3861 2391; baseline 0.014 -34"><span class='ocrx_word' id='word_1_468' title='bbox 2255 2305 2520 2374; x_wconf 76' lang='lat' dir='ltr'><strong>exemplis</strong></span> <span class='ocrx_word' id='word_1_469' title='bbox 2549 2320 2742 2363; x_wconf 88' lang='lat' dir='ltr'><strong>cuneta</strong></span> <span class='ocrx_word' id='word_1_470' title='bbox 2792 2312 3026 2379; x_wconf 88' lang='lat' dir='ltr'><strong>firmari,</strong></span> <span class='ocrx_word' id='word_1_471' title='bbox 3061 2315 3260 2385; x_wconf 91' lang='lat' dir='ltr'><strong>quibus</strong></span> <span class='ocrx_word' id='word_1_472' title='bbox 3301 2319 3520 2374; x_wconf 86' lang='lat' dir='ltr'><strong>tandem</strong></span> <span class='ocrx_word' id='word_1_473' title='bbox 3558 2322 3861 2391; x_wconf 83' lang='lat' dir='ltr'><strong>Scripturis</strong></span> 
     </span>
    </p>
   </div>
   <div class='ocr_carea' id='block_1_69' title="bbox 2257 2396 3858 2486">
    <p class='ocr_par' dir='ltr' id='par_1_69' title="bbox 2257 2396 3858 2486">
     <span class='ocr_line' id='line_1_69' title="bbox 2257 2396 3858 2486; baseline 0.015 -37"><span class='ocrx_word' id='word_1_474' title='bbox 2257 2396 2612 2467; x_wconf 75' lang='lat' dir='ltr'><strong>hasperﬁdite</strong></span> <span class='ocrx_word' id='word_1_475' title='bbox 2630 2402 2936 2459; x_wconf 91' lang='lat' dir='ltr'><strong>divisiones</strong></span> <span class='ocrx_word' id='word_1_476' title='bbox 2958 2407 3653 2479; x_wconf 86' lang='lat' dir='ltr'><strong>gradusquecondiderint,</strong></span> <span class='ocrx_word' id='word_1_477' title='bbox 3679 2432 3858 2486; x_wconf 89' lang='lat' dir='ltr'><strong>quove</strong></span> 
     </span>
    </p>
   </div>
   <div class='ocr_carea' id='block_1_70' title="bbox 2255 2488 3862 2578">
    <p class='ocr_par' dir='ltr' id='par_1_70' title="bbox 2255 2488 3862 2578">
     <span class='ocr_line' id='line_1_70' title="bbox 2255 2488 3862 2578; baseline 0.014 -36"><span class='ocrx_word' id='word_1_478' title='bbox 2255 2488 2535 2546; x_wconf 90' lang='lat' dir='ltr'><strong>intellectu</strong></span> <span class='ocrx_word' id='word_1_479' title='bbox 2585 2495 2653 2547; x_wconf 90' lang='lat' dir='ltr'><strong>ad</strong></span> <span class='ocrx_word' id='word_1_480' title='bbox 2686 2494 2804 2551; x_wconf 67' lang='lat' dir='ltr'><strong>hmc</strong></span> <span class='ocrx_word' id='word_1_481' title='bbox 2836 2498 3134 2569; x_wconf 72' lang='lat' dir='ltr'><strong>prtccipitia</strong></span> <span class='ocrx_word' id='word_1_482' title='bbox 3167 2503 3278 2557; x_wconf 93' lang='lat' dir='ltr'><strong>sint</strong></span> <span class='ocrx_word' id='word_1_483' title='bbox 3305 2503 3557 2572; x_wconf 90' lang='lat' dir='ltr'><strong>deducti,</strong></span> <span class='ocrx_word' id='word_1_484' title='bbox 3590 2508 3862 2578; x_wconf 85' lang='lat' dir='ltr'><strong>interpre-</strong></span> 
     </span>
    </p>
   </div>
   <div class='ocr_carea' id='block_1_71' title="bbox 2254 2583 3855 2665">
    <p class='ocr_par' dir='ltr' id='par_1_71' title="bbox 2254 2583 3855 2665">
     <span class='ocr_line' id='line_1_71' title="bbox 2254 2583 3855 2665; baseline 0.013 -28"><span class='ocrx_word' id='word_1_485' title='bbox 2254 2583 2517 2639; x_wconf 90' lang='lat' dir='ltr'><strong>tationum</strong></span> <span class='ocrx_word' id='word_1_486' title='bbox 2544 2588 2894 2651; x_wconf 85' lang='lat' dir='ltr'><strong>qualitatibus</strong></span> <span class='ocrx_word' id='word_1_487' title='bbox 2922 2593 3118 2661; x_wconf 85' lang='lat' dir='ltr'><strong>pande.</strong></span> <span class='ocrx_word' id='word_1_488' title='bbox 3142 2594 3257 2665; x_wconf 86' lang='lat' dir='ltr'><strong>Ego</strong></span> <span class='ocrx_word' id='word_1_489' title='bbox 3280 2597 3425 2651; x_wconf 90' lang='lat' dir='ltr'><strong>enim</strong></span> <span class='ocrx_word' id='word_1_490' title='bbox 3458 2599 3583 2654; x_wconf 91' lang='lat' dir='ltr'><strong>licet</strong></span> <span class='ocrx_word' id='word_1_491' title='bbox 3615 2602 3855 2664; x_wconf 79' lang='lat' dir='ltr'><strong>nondum</strong></span> 
     </span>
    </p>
   </div>
   <div class='ocr_carea' id='block_1_72' title="bbox 2252 2678 3860 2754">
    <p class='ocr_par' dir='ltr' id='par_1_72' title="bbox 2252 2678 3860 2754">
     <span class='ocr_line' id='line_1_72' title="bbox 2252 2678 3860 2754; baseline 0.012 -25"><span class='ocrx_word' id='word_1_492' title='bbox 2252 2678 2379 2747; x_wconf 93' lang='lat' dir='ltr'><strong>quid</strong></span> <span class='ocrx_word' id='word_1_493' title='bbox 2409 2678 2478 2732; x_wconf 91' lang='lat' dir='ltr'><strong>ab</strong></span> <span class='ocrx_word' id='word_1_494' title='bbox 2508 2678 2592 2735; x_wconf 90' lang='lat' dir='ltr'><strong>his</strong></span> <span class='ocrx_word' id='word_1_495' title='bbox 2619 2682 2951 2739; x_wconf 86' lang='lat' dir='ltr'><strong>obtendatur</strong></span> <span class='ocrx_word' id='word_1_496' title='bbox 2978 2686 3247 2742; x_wconf 88' lang='lat' dir='ltr'><strong>audierim</strong></span> <span class='ocrx_word' id='word_1_497' title='bbox 3271 2729 3285 2754; x_wconf 94' lang='lat'><strong>,</strong></span> <span class='ocrx_word' id='word_1_498' title='bbox 3317 2705 3506 2745; x_wconf 89' lang='lat' dir='ltr'><strong>errare</strong></span> <span class='ocrx_word' id='word_1_499' title='bbox 3540 2701 3723 2747; x_wconf 88' lang='lat' dir='ltr'><strong>tamen</strong></span> <span class='ocrx_word' id='word_1_500' title='bbox 3763 2694 3860 2749; x_wconf 57' lang='lat' dir='ltr'><strong>mi.</strong></span> 
     </span>
    </p>
   </div>
   <div class='ocr_carea' id='block_1_73' title="bbox 2250 2772 3858 2845">
    <p class='ocr_par' dir='ltr' id='par_1_73' title="bbox 2250 2772 3858 2845">
     <span class='ocr_line' id='line_1_73' title="bbox 2250 2772 3858 2845; baseline 0.011 -19"><span class='ocrx_word' id='word_1_501' title='bbox 2250 2786 2403 2826; x_wconf 85' lang='lat' dir='ltr'><strong>seros</strong></span> <span class='ocrx_word' id='word_1_502' title='bbox 2436 2772 2817 2831; x_wconf 86' lang='lat' dir='ltr'><strong>incunctanter</strong></span> <span class='ocrx_word' id='word_1_503' title='bbox 2843 2777 3087 2845; x_wconf 85' lang='lat' dir='ltr'><strong>adverto,</strong></span> <span class='ocrx_word' id='word_1_504' title='bbox 3122 2792 3175 2836; x_wconf 90' lang='lat' dir='ltr'><strong>et</strong></span> <span class='ocrx_word' id='word_1_505' title='bbox 3201 2782 3376 2836; x_wconf 90' lang='lat' dir='ltr'><strong>solam</strong></span> <span class='ocrx_word' id='word_1_506' title='bbox 3406 2784 3698 2839; x_wconf 72' lang='lat' dir='ltr'><strong>catholicae</strong></span> <span class='ocrx_word' id='word_1_507' title='bbox 3730 2786 3858 2843; x_wconf 86' lang='lat' dir='ltr'><strong>ﬁdei</strong></span> 
     </span>
    </p>
   </div>
   <div class='ocr_carea' id='block_1_74' title="bbox 2250 2866 3858 2945">
    <p class='ocr_par' dir='ltr' id='par_1_74' title="bbox 2250 2866 3858 2945">
     <span class='ocr_line' id='line_1_74' title="bbox 2250 2866 3858 2945; baseline 0.009 -25"><span class='ocrx_word' id='word_1_508' title='bbox 2250 2866 2615 2938; x_wconf 90' lang='lat' dir='ltr'><strong>integritatem</strong></span> <span class='ocrx_word' id='word_1_509' title='bbox 2656 2886 2909 2937; x_wconf 88' lang='lat' dir='ltr'><strong>manere;</strong></span> <span class='ocrx_word' id='word_1_510' title='bbox 2965 2873 3093 2927; x_wconf 91' lang='lat' dir='ltr'><strong>dum</strong></span> <span class='ocrx_word' id='word_1_511' title='bbox 3135 2874 3528 2945; x_wconf 89' lang='lat' dir='ltr'><strong>plenitudinem</strong></span> <span class='ocrx_word' id='word_1_512' title='bbox 3569 2878 3858 2935; x_wconf 87' lang='lat' dir='ltr'><strong>Trinitatis</strong></span> 
     </span>
    </p>
   </div>
   <div class='ocr_carea' id='block_1_75' title="bbox 2247 2962 3855 3040">
    <p class='ocr_par' dir='ltr' id='par_1_75' title="bbox 2247 2962 3855 3040">
     <span class='ocr_line' id='line_1_75' title="bbox 2247 2962 3855 3040; baseline 0.012 -28"><span class='ocrx_word' id='word_1_513' title='bbox 2247 2971 2408 3031; x_wconf 89' lang='lat' dir='ltr'><strong>atque</strong></span> <span class='ocrx_word' id='word_1_514' title='bbox 2439 2962 2555 3031; x_wconf 82' lang='lat' dir='ltr'><strong>ejus</strong></span> <span class='ocrx_word' id='word_1_515' title='bbox 2588 2965 2858 3030; x_wconf 78' lang='lat' dir='ltr'><strong>Spiritalia</strong></span> <span class='ocrx_word' id='word_1_516' title='bbox 2891 2969 3186 3023; x_wconf 88' lang='lat' dir='ltr'><strong>constituta</strong></span> <span class='ocrx_word' id='word_1_517' title='bbox 3214 3010 3229 3037; x_wconf 93' lang='lat'><strong>,</strong></span> <span class='ocrx_word' id='word_1_518' title='bbox 3258 2978 3315 3025; x_wconf 90' lang='lat' dir='ltr'><strong>et</strong></span> <span class='ocrx_word' id='word_1_519' title='bbox 3358 2971 3583 3040; x_wconf 86' lang='lat' dir='ltr'><strong>probata</strong></span> <span class='ocrx_word' id='word_1_520' title='bbox 3620 2989 3729 3027; x_wconf 92' lang='lat' dir='ltr'><strong>non</strong></span> <span class='ocrx_word' id='word_1_521' title='bbox 3766 2991 3855 3031; x_wconf 84' lang='lat' dir='ltr'><strong>re-</strong></span> 
     </span>
    </p>
   </div>
   <div class='ocr_carea' id='block_1_76' title="bbox 2248 3054 3076 3126">
    <p class='ocr_par' dir='ltr' id='par_1_76' title="bbox 2248 3054 3076 3126">
     <span class='ocr_line' id='line_1_76' title="bbox 2248 3054 3076 3126; baseline 0.01 -20"><span class='ocrx_word' id='word_1_522' title='bbox 2248 3054 2362 3107; x_wconf 91' lang='lat' dir='ltr'><strong>nuit</strong></span> <span class='ocrx_word' id='word_1_523' title='bbox 2390 3096 2404 3118; x_wconf 91' lang='lat'><strong>,</strong></span> <span class='ocrx_word' id='word_1_524' title='bbox 2446 3064 2502 3109; x_wconf 87' lang='lat' dir='ltr'><strong>et</strong></span> <span class='ocrx_word' id='word_1_525' title='bbox 2532 3065 2781 3126; x_wconf 89' lang='lat' dir='ltr'><strong>suscepta</strong></span> <span class='ocrx_word' id='word_1_526' title='bbox 2815 3060 3076 3114; x_wconf 90' lang='lat' dir='ltr'><strong>custodit.</strong></span> 
     </span>
    </p>
   </div>
   <div class='ocr_carea' id='block_1_77' title="bbox 2317 3146 3849 3229">
    <p class='ocr_par' dir='ltr' id='par_1_77' title="bbox 2317 3146 3849 3229">
     <span class='ocr_line' id='line_1_77' title="bbox 2317 3146 3849 3229; baseline 0.009 -30"><span class='ocrx_word' id='word_1_527' title='bbox 2317 3146 2517 3203; x_wconf 69' lang='lat' dir='ltr'><strong>Zxccu.</strong></span> <span class='ocrx_word' id='word_1_528' title='bbox 2547 3179 2615 3188; x_wconf 96' lang='lat'><strong>—</strong></span> <span class='ocrx_word' id='word_1_529' title='bbox 2635 3149 2689 3205; x_wconf 92' lang='lat' dir='ltr'><strong>Si</strong></span> <span class='ocrx_word' id='word_1_530' title='bbox 2720 3162 2868 3206; x_wconf 91' lang='lat' dir='ltr'><strong>recte</strong></span> <span class='ocrx_word' id='word_1_531' title='bbox 2896 3152 2965 3208; x_wconf 92' lang='lat' dir='ltr'><strong>de</strong></span> <span class='ocrx_word' id='word_1_532' title='bbox 2996 3153 3155 3209; x_wconf 90' lang='lat' dir='ltr'><strong>malis</strong></span> <span class='ocrx_word' id='word_1_533' title='bbox 3186 3155 3413 3209; x_wconf 91' lang='lat' dir='ltr'><strong>meliora</strong></span> <span class='ocrx_word' id='word_1_534' title='bbox 3460 3158 3566 3213; x_wconf 93' lang='lat' dir='ltr'><strong>dici</strong></span> <span class='ocrx_word' id='word_1_535' title='bbox 3613 3160 3849 3229; x_wconf 89' lang='lat' dir='ltr'><strong>possint,</strong></span> 
     </span>
    </p>
   </div>
   <div class='ocr_carea' id='block_1_78' title="bbox 2167 3235 3849 3325">
    <p class='ocr_par' dir='ltr' id='par_1_78' title="bbox 2167 3235 3849 3325">
     <span class='ocr_line' id='line_1_78' title="bbox 2167 3235 3849 3325; baseline 0.007 -27"><span class='ocrx_word' id='word_1_536' title='bbox 2167 3235 2212 3298; x_wconf 91' lang='lat' dir='ltr'>C</span> <span class='ocrx_word' id='word_1_537' title='bbox 2248 3241 2489 3308; x_wconf 79' lang='lat' dir='ltr'><strong>profecto</strong></span> <span class='ocrx_word' id='word_1_538' title='bbox 2522 3246 2846 3301; x_wconf 89' lang='lat' dir='ltr'><strong>veniabilins</strong></span> <span class='ocrx_word' id='word_1_539' title='bbox 2870 3247 3149 3303; x_wconf 90' lang='lat' dir='ltr'><strong>videretur</strong></span> <span class='ocrx_word' id='word_1_540' title='bbox 3182 3252 3399 3305; x_wconf 90' lang='lat' dir='ltr'><strong>nescire</strong></span> <span class='ocrx_word' id='word_1_541' title='bbox 3426 3252 3598 3307; x_wconf 90' lang='lat' dir='ltr'><strong>Deum</strong></span> <span class='ocrx_word' id='word_1_542' title='bbox 3621 3294 3639 3321; x_wconf 91' lang='lat'><strong>,</strong></span> <span class='ocrx_word' id='word_1_543' title='bbox 3682 3270 3849 3325; x_wconf 89' lang='lat' dir='ltr'><strong>quam</strong></span> 
     </span>
    </p>
   </div>
   <div class='ocr_carea' id='block_1_79' title="bbox 2241 3332 3845 3413">
    <p class='ocr_par' dir='ltr' id='par_1_79' title="bbox 2241 3332 3845 3413">
     <span class='ocr_line' id='line_1_79' title="bbox 2241 3332 3845 3413; baseline 0.01 -27"><span class='ocrx_word' id='word_1_544' title='bbox 2241 3332 2406 3402; x_wconf 90' lang='lat' dir='ltr'><strong>impie</strong></span> <span class='ocrx_word' id='word_1_545' title='bbox 2426 3337 2677 3391; x_wconf 89' lang='lat' dir='ltr'><strong>confiteri</strong></span> <span class='ocrx_word' id='word_1_546' title='bbox 2711 3355 2725 3393; x_wconf 88' lang='lat'>:</span> <span class='ocrx_word' id='word_1_547' title='bbox 2756 3339 2850 3393; x_wconf 91' lang='lat' dir='ltr'><strong>sed</strong></span> <span class='ocrx_word' id='word_1_548' title='bbox 2878 3342 3134 3410; x_wconf 86' lang='lat' dir='ltr'><strong>quoniam</strong></span> <span class='ocrx_word' id='word_1_549' title='bbox 3182 3340 3234 3396; x_wconf 88' lang='lat' dir='ltr'><strong>hi</strong></span> <span class='ocrx_word' id='word_1_550' title='bbox 3264 3358 3481 3413; x_wconf 91' lang='lat' dir='ltr'><strong>quoque</strong></span> <span class='ocrx_word' id='word_1_551' title='bbox 3513 3355 3845 3402; x_wconf 90' lang='lat' dir='ltr'><strong>statutorum</strong></span> 
     </span>
    </p>
   </div>
   <div class='ocr_carea' id='block_1_80' title="bbox 2241 3425 3848 3508">
    <p class='ocr_par' dir='ltr' id='par_1_80' title="bbox 2241 3425 3848 3508">
     <span class='ocr_line' id='line_1_80' title="bbox 2241 3425 3848 3508; baseline 0.008 -28"><span class='ocrx_word' id='word_1_552' title='bbox 2241 3425 2547 3481; x_wconf 66' lang='lat' dir='ltr'><strong>caelestium</strong></span> <span class='ocrx_word' id='word_1_553' title='bbox 2581 3428 2914 3484; x_wconf 87' lang='lat' dir='ltr'><strong>damnantur</strong></span> <span class='ocrx_word' id='word_1_554' title='bbox 2943 3432 3136 3487; x_wconf 88' lang='lat' dir='ltr'><strong>edictis</strong></span> <span class='ocrx_word' id='word_1_555' title='bbox 3159 3474 3175 3499; x_wconf 94' lang='lat'><strong>,</strong></span> <span class='ocrx_word' id='word_1_556' title='bbox 3205 3433 3297 3502; x_wconf 87' lang='lat' dir='ltr'><strong>qui</strong></span> <span class='ocrx_word' id='word_1_557' title='bbox 3330 3434 3499 3490; x_wconf 92' lang='lat' dir='ltr'><strong>Deum</strong></span> <span class='ocrx_word' id='word_1_558' title='bbox 3536 3454 3634 3505; x_wconf 85' lang='lat' dir='ltr'><strong>per</strong></span> <span class='ocrx_word' id='word_1_559' title='bbox 3670 3438 3848 3508; x_wconf 80' lang='lat' dir='ltr'><strong>legem</strong></span> 
     </span>
    </p>
   </div>
   <div class='ocr_carea' id='block_1_81' title="bbox 2240 3518 3849 3595">
    <p class='ocr_par' dir='ltr' id='par_1_81' title="bbox 2240 3518 3849 3595">
     <span class='ocr_line' id='line_1_81' title="bbox 2240 3518 3849 3595; baseline 0.011 -23"><span class='ocrx_word' id='word_1_560' title='bbox 2240 3518 2380 3574; x_wconf 90' lang='lat' dir='ltr'><strong>scire</strong></span> <span class='ocrx_word' id='word_1_561' title='bbox 2410 3521 2791 3591; x_wconf 83' lang='lat' dir='ltr'><strong>neglexerint;</strong></span> <span class='ocrx_word' id='word_1_562' title='bbox 2844 3524 3035 3579; x_wconf 86' lang='lat' dir='ltr'><strong>eadem</strong></span> <span class='ocrx_word' id='word_1_563' title='bbox 3082 3525 3322 3595; x_wconf 87' lang='lat' dir='ltr'><strong>perfidus</strong></span> <span class='ocrx_word' id='word_1_564' title='bbox 3380 3530 3611 3585; x_wconf 88' lang='lat' dir='ltr'><strong>credere</strong></span> <span class='ocrx_word' id='word_1_565' title='bbox 3657 3531 3849 3588; x_wconf 87' lang='lat' dir='ltr'><strong>detre-</strong></span> 
     </span>
    </p>
   </div>
   <div class='ocr_carea' id='block_1_82' title="bbox 2239 3617 3845 3695">
    <p class='ocr_par' dir='ltr' id='par_1_82' title="bbox 2239 3617 3845 3695">
     <span class='ocr_line' id='line_1_82' title="bbox 2239 3617 3845 3695; baseline 0.007 -26"><span class='ocrx_word' id='word_1_566' title='bbox 2239 3622 2449 3671; x_wconf 85' lang='lat' dir='ltr'><strong>ctantes</strong></span> <span class='ocrx_word' id='word_1_567' title='bbox 2479 3617 2743 3672; x_wconf 90' lang='lat' dir='ltr'><strong>malorum</strong></span> <span class='ocrx_word' id='word_1_568' title='bbox 2773 3622 3095 3689; x_wconf 91' lang='lat' dir='ltr'><strong>perennium</strong></span> <span class='ocrx_word' id='word_1_569' title='bbox 3125 3622 3443 3692; x_wconf 79' lang='lat' dir='ltr'><strong>amplexura</strong></span> <span class='ocrx_word' id='word_1_570' title='bbox 3470 3625 3717 3682; x_wconf 90' lang='lat' dir='ltr'><strong>conditio</strong></span> <span class='ocrx_word' id='word_1_571' title='bbox 3740 3637 3845 3695; x_wconf 89' lang='lat' dir='ltr'><strong>est,</strong></span> 
     </span>
    </p>
   </div>
   <div class='ocr_carea' id='block_1_83' title="bbox 2238 3715 3844 3796">
    <p class='ocr_par' dir='ltr' id='par_1_83' title="bbox 2238 3715 3844 3796">
     <span class='ocr_line' id='line_1_83' title="bbox 2238 3715 3844 3796; baseline 0.007 -27"><span class='ocrx_word' id='word_1_572' title='bbox 2238 3715 2518 3784; x_wconf 88' lang='lat' dir='ltr'><strong>Scriptura</strong></span> <span class='ocrx_word' id='word_1_573' title='bbox 2544 3728 2909 3774; x_wconf 88' lang='lat' dir='ltr'><strong>memorante:</strong></span> <span class='ocrx_word' id='word_1_574' title='bbox 2938 3719 3037 3786; x_wconf 85' lang='lat' dir='ltr'><strong>Qui</strong></span> <span class='ocrx_word' id='word_1_575' title='bbox 3060 3722 3289 3791; x_wconf 82' lang='lat' dir='ltr'><strong>ignorat,</strong></span> <span class='ocrx_word' id='word_1_576' title='bbox 3310 3724 3637 3796; x_wconf 86' lang='lat' dir='ltr'><strong>ignorabitur</strong></span> <span class='ocrx_word' id='word_1_577' title='bbox 3655 3725 3701 3791; x_wconf 86' lang='grc' dir='ltr'><strong>(ῐ</strong></span> <span class='ocrx_word' id='word_1_578' title='bbox 3719 3726 3844 3781; x_wconf 84' lang='lat' dir='ltr'><strong>Cor.</strong></span> 
     </span>
    </p>
   </div>
   <div class='ocr_carea' id='block_1_84' title="bbox 2237 3809 3845 3888">
    <p class='ocr_par' dir='ltr' id='par_1_84' title="bbox 2237 3809 3845 3888">
     <span class='ocr_line' id='line_1_84' title="bbox 2237 3809 3845 3888; baseline 0.007 -26"><span class='ocrx_word' id='word_1_579' title='bbox 2237 3824 2325 3862; x_wconf 80' lang='lat' dir='ltr'><strong>xw</strong></span> <span class='ocrx_word' id='word_1_580' title='bbox 2350 3851 2364 3876; x_wconf 92' lang='lat'><strong>,</strong></span> <span class='ocrx_word' id='word_1_581' title='bbox 2395 3811 2462 3865; x_wconf 74' lang='lat'><strong>58</strong></span> <span class='ocrx_word' id='word_1_582' title='bbox 2486 3809 2525 3879; x_wconf 91' lang='lat'><strong>).</strong></span> <span class='ocrx_word' id='word_1_583' title='bbox 2584 3811 2686 3878; x_wconf 82' lang='lat' dir='ltr'><strong>Qui</strong></span> <span class='ocrx_word' id='word_1_584' title='bbox 2716 3812 2825 3865; x_wconf 76' lang='lat' dir='ltr'><strong>sine</strong></span> <span class='ocrx_word' id='word_1_585' title='bbox 2854 3814 2965 3887; x_wconf 81' lang='lat' dir='ltr'><strong>lege</strong></span> <span class='ocrx_word' id='word_1_586' title='bbox 2993 3826 3330 3884; x_wconf 75' lang='lat' dir='ltr'><strong>peccaverunt</strong></span> <span class='ocrx_word' id='word_1_587' title='bbox 3355 3859 3368 3882; x_wconf 88' lang='lat'><strong>,</strong></span> <span class='ocrx_word' id='word_1_588' title='bbox 3405 3818 3515 3873; x_wconf 78' lang='lat' dir='ltr'><strong>sine</strong></span> <span class='ocrx_word' id='word_1_589' title='bbox 3559 3818 3670 3888; x_wconf 84' lang='lat' dir='ltr'><strong>lege</strong></span> <span class='ocrx_word' id='word_1_590' title='bbox 3700 3822 3845 3888; x_wconf 80' lang='lat' dir='ltr'><strong>peri-</strong></span> 
     </span>
    </p>
   </div>
   <div class='ocr_carea' id='block_1_85' title="bbox 2236 3902 3846 3973">
    <p class='ocr_par' dir='ltr' id='par_1_85' title="bbox 2236 3902 3846 3973">
     <span class='ocr_line' id='line_1_85' title="bbox 2236 3902 3846 3973; baseline 0.007 -18"><span class='ocrx_word' id='word_1_591' title='bbox 2236 3903 2359 3956; x_wconf 85' lang='lat' dir='ltr'><strong>bunt</strong></span> <span class='ocrx_word' id='word_1_592' title='bbox 2388 3902 2563 3973; x_wconf 85' lang='lat' dir='ltr'><strong>(Rom.</strong></span> <span class='ocrx_word' id='word_1_593' title='bbox 2599 3919 2637 3958; x_wconf 86' lang='lat' dir='ltr'><strong>ll</strong></span> <span class='ocrx_word' id='word_1_594' title='bbox 2662 3948 2675 3971; x_wconf 90' lang='lat'><strong>,</strong></span> <span class='ocrx_word' id='word_1_595' title='bbox 2713 3905 2835 3973; x_wconf 75' lang='grc'><strong>12).</strong></span> <span class='ocrx_word' id='word_1_596' title='bbox 2864 3905 3056 3961; x_wconf 81' lang='lat' dir='ltr'><strong>Merito</strong></span> <span class='ocrx_word' id='word_1_597' title='bbox 3085 3907 3187 3961; x_wconf 92' lang='lat' dir='ltr'><strong>hos</strong></span> <span class='ocrx_word' id='word_1_598' title='bbox 3216 3908 3439 3963; x_wconf 89' lang='lat' dir='ltr'><strong>eosdem</strong></span> <span class='ocrx_word' id='word_1_599' title='bbox 3470 3910 3846 3967; x_wconf 84' lang='lat' dir='ltr'><strong>Autichristos</strong></span> 
     </span>
    </p>
   </div>
   <div class='ocr_carea' id='block_1_86' title="bbox 2239 3996 3846 4071">
    <p class='ocr_par' dir='ltr' id='par_1_86' title="bbox 2239 3996 3846 4071">
     <span class='ocr_line' id='line_1_86' title="bbox 2239 3996 3846 4071; baseline 0.007 -22"><span class='ocrx_word' id='word_1_600' title='bbox 2239 4004 2261 4031; x_wconf 77' lang='grc' dir='ltr'><strong>ο</strong></span> <span class='ocrx_word' id='word_1_601' title='bbox 2289 4010 2495 4050; x_wconf 89' lang='lat' dir='ltr'><strong>vocans</strong></span> <span class='ocrx_word' id='word_1_602' title='bbox 2521 4038 2534 4061; x_wconf 91' lang='lat'><strong>,</strong></span> <span class='ocrx_word' id='word_1_603' title='bbox 2568 3996 2659 4067; x_wconf 90' lang='lat' dir='ltr'><strong>qni</strong></span> <span class='ocrx_word' id='word_1_604' title='bbox 2691 4014 2873 4053; x_wconf 90' lang='lat' dir='ltr'><strong>veram</strong></span> <span class='ocrx_word' id='word_1_605' title='bbox 2916 3999 3234 4070; x_wconf 88' lang='lat' dir='ltr'><strong>religionem</strong></span> <span class='ocrx_word' id='word_1_606' title='bbox 3261 4001 3446 4057; x_wconf 88' lang='lat' dir='ltr'><strong>latenti</strong></span> <span class='ocrx_word' id='word_1_607' title='bbox 3483 4002 3711 4071; x_wconf 89' lang='lat' dir='ltr'><strong>perﬁdia</strong></span> <span class='ocrx_word' id='word_1_608' title='bbox 3747 4005 3846 4060; x_wconf 83' lang='lat' dir='ltr'><strong>de-</strong></span> 
     </span>
    </p>
   </div>
   <div class='ocr_carea' id='block_1_87' title="bbox 2233 4091 3842 4164">
    <p class='ocr_par' dir='ltr' id='par_1_87' title="bbox 2233 4091 3842 4164">
     <span class='ocr_line' id='line_1_87' title="bbox 2233 4091 3842 4164; baseline 0.006 -21"><span class='ocrx_word' id='word_1_609' title='bbox 2233 4098 2503 4145; x_wconf 89' lang='lat' dir='ltr'><strong>struentcs</strong></span> <span class='ocrx_word' id='word_1_610' title='bbox 2523 4132 2536 4156; x_wconf 95' lang='lat'><strong>,</strong></span> <span class='ocrx_word' id='word_1_611' title='bbox 2571 4098 2630 4145; x_wconf 90' lang='lat' dir='ltr'><strong>ut</strong></span> <span class='ocrx_word' id='word_1_612' title='bbox 2651 4091 2812 4147; x_wconf 88' lang='lat' dir='ltr'><strong>ﬁdem</strong></span> <span class='ocrx_word' id='word_1_613' title='bbox 2840 4092 3053 4149; x_wconf 88' lang='lat' dir='ltr'><strong>facilius</strong></span> <span class='ocrx_word' id='word_1_614' title='bbox 3078 4095 3343 4164; x_wconf 90' lang='lat' dir='ltr'><strong>impctant</strong></span> <span class='ocrx_word' id='word_1_615' title='bbox 3363 4138 3377 4161; x_wconf 93' lang='lat'><strong>,</strong></span> <span class='ocrx_word' id='word_1_616' title='bbox 3414 4095 3581 4151; x_wconf 89' lang='lat' dir='ltr'><strong>Deum</strong></span> <span class='ocrx_word' id='word_1_617' title='bbox 3605 4098 3842 4154; x_wconf 89' lang='lat' dir='ltr'><strong>credere</strong></span> 
     </span>
    </p>
   </div>
   <div class='ocr_carea' id='block_1_88' title="bbox 2234 4183 3839 4257">
    <p class='ocr_par' dir='ltr' id='par_1_88' title="bbox 2234 4183 3839 4257">
     <span class='ocr_line' id='line_1_88' title="bbox 2234 4183 3839 4257; baseline 0.005 -20"><span class='ocrx_word' id='word_1_618' title='bbox 2234 4199 2296 4238; x_wconf 89' lang='lat' dir='ltr'><strong>ac</strong></span> <span class='ocrx_word' id='word_1_619' title='bbox 2326 4183 2621 4253; x_wconf 73' lang='lat' dir='ltr'><strong>prtedicare</strong></span> <span class='ocrx_word' id='word_1_620' title='bbox 2644 4200 2703 4240; x_wconf 91' lang='lat' dir='ltr'><strong>se</strong></span> <span class='ocrx_word' id='word_1_621' title='bbox 2722 4186 3002 4241; x_wconf 91' lang='lat' dir='ltr'><strong>simulant.</strong></span> <span class='ocrx_word' id='word_1_622' title='bbox 3022 4188 3256 4257; x_wconf 81' lang='lat' dir='ltr'><strong>Jamque</strong></span> <span class='ocrx_word' id='word_1_623' title='bbox 3273 4188 3483 4256; x_wconf 91' lang='lat' dir='ltr'><strong>primus</strong></span> <span class='ocrx_word' id='word_1_624' title='bbox 3498 4189 3839 4245; x_wconf 74' lang='lat' dir='ltr'><strong>Maniclueus</strong></span> 
     </span>
    </p>
   </div>
   <div class='ocr_carea' id='block_1_89' title="bbox 2222 4279 3841 4351">
    <p class='ocr_par' dir='ltr' id='par_1_89' title="bbox 2222 4279 3841 4351">
     <span class='ocr_line' id='line_1_89' title="bbox 2222 4279 3841 4351; baseline 0.003 -19"><span class='ocrx_word' id='word_1_625' title='bbox 2222 4279 2382 4333; x_wconf 76' lang='lat' dir='ltr'><strong>‘nefas</strong></span> <span class='ocrx_word' id='word_1_626' title='bbox 2414 4279 2647 4349; x_wconf 80' lang='lat' dir='ltr'><strong>propriae</strong></span> <span class='ocrx_word' id='word_1_627' title='bbox 2670 4279 2976 4334; x_wconf 87' lang='lat' dir='ltr'><strong>traditionis</strong></span> <span class='ocrx_word' id='word_1_628' title='bbox 3000 4280 3305 4351; x_wconf 87' lang='lat' dir='ltr'><strong>ingressus,</strong></span> <span class='ocrx_word' id='word_1_629' title='bbox 3345 4292 3402 4336; x_wconf 92' lang='lat' dir='ltr'><strong>ut</strong></span> <span class='ocrx_word' id='word_1_630' title='bbox 3446 4282 3583 4335; x_wconf 92' lang='lat' dir='ltr'><strong>duos</strong></span> <span class='ocrx_word' id='word_1_631' title='bbox 3618 4292 3841 4337; x_wconf 89' lang='lat' dir='ltr'><strong>astruat</strong></span> 
     </span>
    </p>
   </div>
   <div class='ocr_carea' id='block_1_90' title="bbox 2230 4372 3839 4445">
    <p class='ocr_par' dir='ltr' id='par_1_90' title="bbox 2230 4372 3839 4445">
     <span class='ocr_line' id='line_1_90' title="bbox 2230 4372 3839 4445; baseline 0.003 -19"><span class='ocrx_word' id='word_1_632' title='bbox 2230 4372 2360 4427; x_wconf 88' lang='lat' dir='ltr'><strong>deos</strong></span> <span class='ocrx_word' id='word_1_633' title='bbox 2408 4372 2625 4443; x_wconf 90' lang='lat' dir='ltr'><strong>duoque</strong></span> <span class='ocrx_word' id='word_1_634' title='bbox 2653 4372 2915 4443; x_wconf 88' lang='lat' dir='ltr'><strong>principia</strong></span> <span class='ocrx_word' id='word_1_635' title='bbox 2944 4416 2958 4439; x_wconf 92' lang='lat'><strong>,</strong></span> <span class='ocrx_word' id='word_1_636' title='bbox 3015 4389 3081 4429; x_wconf 81' lang='lat' dir='ltr'><strong>ex</strong></span> <span class='ocrx_word' id='word_1_637' title='bbox 3112 4375 3413 4445; x_wconf 89' lang='lat' dir='ltr'><strong>Scripturis</strong></span> <span class='ocrx_word' id='word_1_638' title='bbox 3451 4374 3713 4431; x_wconf 85' lang='lat' dir='ltr'><strong>fidelibus</strong></span> <span class='ocrx_word' id='word_1_639' title='bbox 3740 4392 3839 4431; x_wconf 85' lang='lat' dir='ltr'><strong>au-</strong></span> 
     </span>
    </p>
   </div>
   <div class='ocr_carea' id='block_1_91' title="bbox 2230 4465 3841 4531">
    <p class='ocr_par' dir='ltr' id='par_1_91' title="bbox 2230 4465 3841 4531">
     <span class='ocr_line' id='line_1_91' title="bbox 2230 4465 3841 4531; baseline 0.002 -12"><span class='ocrx_word' id='word_1_640' title='bbox 2230 4466 2512 4519; x_wconf 86' lang='lat' dir='ltr'><strong>ctoritates</strong></span> <span class='ocrx_word' id='word_1_641' title='bbox 2542 4465 3026 4531; x_wconf 85' lang='lat' dir='ltr'><strong>etl‘ecitinfideles,</strong></span> <span class='ocrx_word' id='word_1_642' title='bbox 3066 4466 3379 4521; x_wconf 85' lang='lat' dir='ltr'><strong>Davidicnm</strong></span> <span class='ocrx_word' id='word_1_643' title='bbox 3427 4468 3664 4522; x_wconf 77' lang='lat' dir='ltr'><strong>maxime</strong></span> <span class='ocrx_word' id='word_1_644' title='bbox 3697 4469 3841 4523; x_wconf 87' lang='lat' dir='ltr'><strong>illud</strong></span> 
     </span>
    </p>
   </div>
   <div class='ocr_carea' id='block_1_92' title="bbox 2229 4558 3837 4632">
    <p class='ocr_par' dir='ltr' id='par_1_92' title="bbox 2229 4558 3837 4632">
     <span class='ocr_line' id='line_1_92' title="bbox 2229 4558 3837 4632; baseline 0.003 -21"><span class='ocrx_word' id='word_1_645' title='bbox 2229 4574 2515 4613; x_wconf 79' lang='lat' dir='ltr'><strong>assumens</strong></span> <span class='ocrx_word' id='word_1_646' title='bbox 2536 4602 2550 4624; x_wconf 93' lang='lat'><strong>,</strong></span> <span class='ocrx_word' id='word_1_647' title='bbox 2584 4574 2691 4629; x_wconf 87' lang='lat' dir='ltr'><strong>quo</strong></span> <span class='ocrx_word' id='word_1_648' title='bbox 2718 4561 2793 4613; x_wconf 88' lang='lat' dir='ltr'><strong>ait</strong></span> <span class='ocrx_word' id='word_1_649' title='bbox 2822 4576 2835 4613; x_wconf 86' lang='lat'><strong>:</strong></span> <span class='ocrx_word' id='word_1_650' title='bbox 2869 4558 3056 4614; x_wconf 85' lang='lat' dir='ltr'><strong>Tecum</strong></span> <span class='ocrx_word' id='word_1_651' title='bbox 3090 4561 3399 4632; x_wconf 82' lang='lat' dir='ltr'><strong>principium</strong></span> <span class='ocrx_word' id='word_1_652' title='bbox 3426 4562 3481 4615; x_wconf 85' lang='lat' dir='ltr'><strong>in</strong></span> <span class='ocrx_word' id='word_1_653' title='bbox 3508 4561 3592 4616; x_wconf 85' lang='lat' dir='ltr'><strong>die</strong></span> <span class='ocrx_word' id='word_1_654' title='bbox 3620 4563 3837 4617; x_wconf 69' lang='lat' dir='ltr'><strong>virtutis</strong></span> 
     </span>
    </p>
   </div>
   <div class='ocr_carea' id='block_1_93' title="bbox 518 4626 3838 4724">
    <p class='ocr_par' dir='ltr' id='par_1_93' title="bbox 518 4626 3838 4724">
     <span class='ocr_line' id='line_1_93' title="bbox 518 4626 3838 4724; baseline -0.001 -9"><span class='ocrx_word' id='word_1_655' title='bbox 518 4658 682 4715; x_wconf 84' lang='lat' dir='ltr'><strong>Patre</strong></span> <span class='ocrx_word' id='word_1_656' title='bbox 710 4656 739 4697; x_wconf 71' lang='grc' dir='ltr'><strong>ι’</strong></span> <span class='ocrx_word' id='word_1_657' title='bbox 774 4626 981 4712; x_wconf 81' lang='lat' dir='ltr'><strong>tantum</strong></span> <span class='ocrx_word' id='word_1_658' title='bbox 1042 4654 1327 4710; x_wconf 90' lang='lat' dir='ltr'><strong>veritatem</strong></span> <span class='ocrx_word' id='word_1_659' title='bbox 1386 4626 1607 4709; x_wconf 91' lang='lat' dir='ltr'><strong>deitatis</strong></span> <span class='ocrx_word' id='word_1_660' title='bbox 1653 4653 1905 4708; x_wconf 86' lang='lat' dir='ltr'><strong>assumit.</strong></span> <span class='ocrx_word' id='word_1_661' title='bbox 1940 4652 2117 4709; x_wconf 82' lang='lat' dir='ltr'><strong>Patri-</strong></span> <span class='ocrx_word' id='word_1_662' title='bbox 2148 4626 2201 4686; x_wconf 84' lang='grc' dir='ltr'><strong>Ῑ)</strong></span> <span class='ocrx_word' id='word_1_663' title='bbox 2228 4661 2329 4707; x_wconf 71' lang='lat' dir='ltr'><strong>tua:</strong></span> <span class='ocrx_word' id='word_1_664' title='bbox 2372 4652 2507 4723; x_wconf 78' lang='lat' dir='ltr'><strong>(Ps.</strong></span> <span class='ocrx_word' id='word_1_665' title='bbox 2542 4668 2666 4721; x_wconf 86' lang='lat' dir='ltr'><strong>etx,</strong></span> <span class='ocrx_word' id='word_1_666' title='bbox 2699 4654 2799 4724; x_wconf 84' lang='lat'><strong>5).</strong></span> <span class='ocrx_word' id='word_1_667' title='bbox 2854 4654 2969 4709; x_wconf 84' lang='lat' dir='ltr'><strong>Non</strong></span> <span class='ocrx_word' id='word_1_668' title='bbox 3009 4655 3319 4724; x_wconf 92' lang='lat' dir='ltr'><strong>intelligens</strong></span> <span class='ocrx_word' id='word_1_669' title='bbox 3376 4656 3426 4710; x_wconf 91' lang='lat' dir='ltr'><strong>iu</strong></span> <span class='ocrx_word' id='word_1_670' title='bbox 3475 4655 3658 4711; x_wconf 85' lang='lat' dir='ltr'><strong>Verbo</strong></span> <span class='ocrx_word' id='word_1_671' title='bbox 3705 4673 3838 4713; x_wconf 86' lang='lat' dir='ltr'><strong>esse</strong></span> 
     </span>
    </p>
   </div>
   <div class='ocr_carea' id='block_1_94' title="bbox 516 4746 2117 4822">
    <p class='ocr_par' dir='ltr' id='par_1_94' title="bbox 516 4746 2117 4822">
     <span class='ocr_line' id='line_1_94' title="bbox 516 4746 2117 4822; baseline -0.002 -17"><span class='ocrx_word' id='word_1_672' title='bbox 516 4752 805 4822; x_wconf 89' lang='lat' dir='ltr'><strong>passianus</strong></span> <span class='ocrx_word' id='word_1_673' title='bbox 835 4764 957 4805; x_wconf 91' lang='lat' dir='ltr'><strong>esse</strong></span> <span class='ocrx_word' id='word_1_674' title='bbox 993 4747 1210 4817; x_wconf 90' lang='lat' dir='ltr'><strong>quidem</strong></span> <span class='ocrx_word' id='word_1_675' title='bbox 1256 4746 1454 4801; x_wconf 91' lang='lat' dir='ltr'><strong>astruit</strong></span> <span class='ocrx_word' id='word_1_676' title='bbox 1500 4746 1754 4815; x_wconf 85' lang='lat' dir='ltr'><strong>Patrem,</strong></span> <span class='ocrx_word' id='word_1_677' title='bbox 1792 4747 1886 4802; x_wconf 89' lang='lat' dir='ltr'><strong>sed</strong></span> <span class='ocrx_word' id='word_1_678' title='bbox 1939 4746 2117 4816; x_wconf 91' lang='lat' dir='ltr'><strong>ipsum</strong></span> 
     </span>
    </p>
   </div>
   <div class='ocr_carea' id='block_1_95' title="bbox 519 4841 2114 4913">
    <p class='ocr_par' dir='ltr' id='par_1_95' title="bbox 519 4841 2114 4913">
     <span class='ocr_line' id='line_1_95' title="bbox 519 4841 2114 4913; baseline -0.003 -13"><span class='ocrx_word' id='word_1_679' title='bbox 519 4861 647 4900; x_wconf 83' lang='lat' dir='ltr'><strong>mox</strong></span> <span class='ocrx_word' id='word_1_680' title='bbox 677 4860 799 4901; x_wconf 90' lang='lat' dir='ltr'><strong>esse</strong></span> <span class='ocrx_word' id='word_1_681' title='bbox 831 4844 938 4899; x_wconf 92' lang='lat' dir='ltr'><strong>sibi</strong></span> <span class='ocrx_word' id='word_1_682' title='bbox 972 4842 1171 4899; x_wconf 83' lang='lat' dir='ltr'><strong>Filium</strong></span> <span class='ocrx_word' id='word_1_683' title='bbox 1200 4884 1215 4908; x_wconf 92' lang='lat'><strong>,</strong></span> <span class='ocrx_word' id='word_1_684' title='bbox 1276 4852 1443 4913; x_wconf 88' lang='lat' dir='ltr'><strong>atque</strong></span> <span class='ocrx_word' id='word_1_685' title='bbox 1494 4842 1749 4897; x_wconf 88' lang='lat' dir='ltr'><strong>eumdem</strong></span> <span class='ocrx_word' id='word_1_686' title='bbox 1776 4851 1797 4879; x_wconf 75' lang='grc' dir='ltr'><strong><em>ο</em></strong></span> <span class='ocrx_word' id='word_1_687' title='bbox 1831 4841 1898 4896; x_wconf 91' lang='lat' dir='ltr'><strong>ab</strong></span> <span class='ocrx_word' id='word_1_688' title='bbox 1931 4841 2114 4896; x_wconf 91' lang='lat' dir='ltr'><strong>innata</strong></span> 
     </span>
    </p>
   </div>
   <div class='ocr_carea' id='block_1_96' title="bbox 518 4932 2112 5005">
    <p class='ocr_par' dir='ltr' id='par_1_96' title="bbox 518 4932 2112 5005">
     <span class='ocr_line' id='line_1_96' title="bbox 518 4932 2112 5005; baseline -0.003 -12"><span class='ocrx_word' id='word_1_689' title='bbox 518 4936 826 4993; x_wconf 86' lang='lat' dir='ltr'><strong>substantia</strong></span> <span class='ocrx_word' id='word_1_690' title='bbox 855 4936 908 4989; x_wconf 92' lang='lat' dir='ltr'><strong>in</strong></span> <span class='ocrx_word' id='word_1_691' title='bbox 933 4936 1282 4991; x_wconf 87' lang='lat' dir='ltr'><strong>nativitatem</strong></span> <span class='ocrx_word' id='word_1_692' title='bbox 1305 4936 1727 5005; x_wconf 88' lang='lat' dir='ltr'><strong>passionemque</strong></span> <span class='ocrx_word' id='word_1_693' title='bbox 1750 4932 2112 4999; x_wconf 85' lang='lat' dir='ltr'><strong>descendere;</strong></span> 
     </span>
    </p>
   </div>
   <div class='ocr_carea' id='block_1_97' title="bbox 516 5028 2116 5099">
    <p class='ocr_par' dir='ltr' id='par_1_97' title="bbox 516 5028 2116 5099">
     <span class='ocr_line' id='line_1_97' title="bbox 516 5028 2116 5099; baseline -0.001 -16"><span class='ocrx_word' id='word_1_694' title='bbox 516 5036 769 5084; x_wconf 91' lang='lat' dir='ltr'><strong>sanctum</strong></span> <span class='ocrx_word' id='word_1_695' title='bbox 821 5029 1053 5098; x_wconf 91' lang='lat' dir='ltr'><strong>perinde</strong></span> <span class='ocrx_word' id='word_1_696' title='bbox 1081 5029 1344 5099; x_wconf 90' lang='lat' dir='ltr'><strong>Spiritum</strong></span> <span class='ocrx_word' id='word_1_697' title='bbox 1393 5028 1559 5084; x_wconf 89' lang='lat' dir='ltr'><strong>etiam</strong></span> <span class='ocrx_word' id='word_1_698' title='bbox 1612 5028 1664 5082; x_wconf 91' lang='lat' dir='ltr'><strong>in</strong></span> <span class='ocrx_word' id='word_1_699' title='bbox 1701 5041 1931 5097; x_wconf 89' lang='lat' dir='ltr'><strong>persona</strong></span> <span class='ocrx_word' id='word_1_700' title='bbox 1961 5042 2116 5082; x_wconf 87' lang='lat' dir='ltr'><strong>eum-</strong></span> 
     </span>
    </p>
   </div>
   <div class='ocr_carea' id='block_1_98' title="bbox 513 5120 2115 5189">
    <p class='ocr_par' dir='ltr' id='par_1_98' title="bbox 513 5120 2115 5189">
     <span class='ocr_line' id='line_1_98' title="bbox 513 5120 2115 5189; baseline -0.002 -10"><span class='ocrx_word' id='word_1_701' title='bbox 513 5120 637 5179; x_wconf 90' lang='lat' dir='ltr'><strong>dem</strong></span> <span class='ocrx_word' id='word_1_702' title='bbox 664 5135 812 5189; x_wconf 89' lang='lat' dir='ltr'><strong>esse,</strong></span> <span class='ocrx_word' id='word_1_703' title='bbox 841 5134 951 5176; x_wconf 92' lang='lat' dir='ltr'><strong>non</strong></span> <span class='ocrx_word' id='word_1_704' title='bbox 993 5121 1236 5176; x_wconf 91' lang='lat' dir='ltr'><strong>tertium.</strong></span> <span class='ocrx_word' id='word_1_705' title='bbox 1270 5120 1500 5176; x_wconf 89' lang='lat' dir='ltr'><strong>Scandit</strong></span> <span class='ocrx_word' id='word_1_706' title='bbox 1523 5121 1688 5176; x_wconf 83' lang='lat' dir='ltr'><strong>Arius</strong></span> <span class='ocrx_word' id='word_1_707' title='bbox 1721 5121 1974 5176; x_wconf 90' lang='lat' dir='ltr'><strong>sublimia</strong></span> <span class='ocrx_word' id='word_1_708' title='bbox 2004 5122 2115 5176; x_wconf 89' lang='lat' dir='ltr'><strong>rui-</strong></span> 
     </span>
    </p>
   </div>
   <div class='ocr_carea' id='block_1_99' title="bbox 590 5254 2102 5324">
    <p class='ocr_par' dir='ltr' id='par_1_99' title="bbox 590 5254 2102 5324">
     <span class='ocr_line' id='line_1_99' title="bbox 590 5254 2102 5324; baseline -0.003 -9"><span class='ocrx_word' id='word_1_709' title='bbox 590 5269 618 5299; x_wconf 74' lang='grc'><strong><em>⁸</em></strong></span> <span class='ocrx_word' id='word_1_710' title='bbox 638 5258 819 5315; x_wconf 75' lang='lat' dir='ltr'><strong>Codex</strong></span> <span class='ocrx_word' id='word_1_711' title='bbox 846 5255 1035 5322; x_wconf 77' lang='lat' dir='ltr'><strong>Vind.,</strong></span> <span class='ocrx_word' id='word_1_712' title='bbox 1066 5256 1297 5323; x_wconf 86' lang='lat' dir='ltr'><strong>proprio,</strong></span> <span class='ocrx_word' id='word_1_713' title='bbox 1327 5265 1380 5309; x_wconf 90' lang='lat' dir='ltr'><strong>ut</strong></span> <span class='ocrx_word' id='word_1_714' title='bbox 1404 5265 1478 5311; x_wconf 86' lang='lat' dir='ltr'><strong>est</strong></span> <span class='ocrx_word' id='word_1_715' title='bbox 1501 5254 1646 5322; x_wconf 87' lang='lat' dir='ltr'><strong>Ario,</strong></span> <span class='ocrx_word' id='word_1_716' title='bbox 1671 5273 1899 5324; x_wconf 86' lang='lat' dir='ltr'><strong>nuncup.</strong></span> <span class='ocrx_word' id='word_1_717' title='bbox 1924 5254 2102 5320; x_wconf 90' lang='lat' dir='ltr'><strong>Lem.,</strong></span> 
     </span>
    </p>
   </div>
   <div class='ocr_carea' id='block_1_100' title="bbox 516 5326 2103 5398">
    <p class='ocr_par' dir='ltr' id='par_1_100' title="bbox 516 5326 2103 5398">
     <span class='ocr_line' id='line_1_100' title="bbox 516 5326 2103 5398; baseline -0.004 -10"><span class='ocrx_word' id='word_1_718' title='bbox 516 5333 573 5388; x_wconf 82' lang='lat' dir='ltr'><strong>id</strong></span> <span class='ocrx_word' id='word_1_719' title='bbox 600 5342 673 5388; x_wconf 76' lang='lat' dir='ltr'><strong>est</strong></span> <span class='ocrx_word' id='word_1_720' title='bbox 702 5332 827 5385; x_wconf 84' lang='lat' dir='ltr'><strong>Aria</strong></span> <span class='ocrx_word' id='word_1_721' title='bbox 860 5345 878 5384; x_wconf 91' lang='lat'><strong><em>:</em></strong></span> <span class='ocrx_word' id='word_1_722' title='bbox 906 5326 1001 5384; x_wconf 90' lang='lat' dir='ltr'><strong>sed</strong></span> <span class='ocrx_word' id='word_1_723' title='bbox 1034 5327 1139 5382; x_wconf 90' lang='lat' dir='ltr'><strong>hoc</strong></span> <span class='ocrx_word' id='word_1_724' title='bbox 1170 5329 1298 5382; x_wconf 85' lang='lat' dir='ltr'><strong>mihi</strong></span> <span class='ocrx_word' id='word_1_725' title='bbox 1324 5330 1593 5398; x_wconf 89' lang='lat' dir='ltr'><strong>glossema</strong></span> <span class='ocrx_word' id='word_1_726' title='bbox 1640 5328 1848 5382; x_wconf 85' lang='lat' dir='ltr'><strong>videtur</strong></span> <span class='ocrx_word' id='word_1_727' title='bbox 1887 5326 2032 5398; x_wconf 91' lang='lat' dir='ltr'><strong>quod</strong></span> <span class='ocrx_word' id='word_1_728' title='bbox 2073 5342 2103 5381; x_wconf 91' lang='lat' dir='ltr'><strong>e</strong></span> 
     </span>
    </p>
   </div>
   <div class='ocr_carea' id='block_1_101' title="bbox 515 5399 2103 5474">
    <p class='ocr_par' dir='ltr' id='par_1_101' title="bbox 515 5399 2103 5474">
     <span class='ocr_line' id='line_1_101' title="bbox 515 5399 2103 5474; baseline -0.006 -13"><span class='ocrx_word' id='word_1_729' title='bbox 515 5405 760 5474; x_wconf 87' lang='lat' dir='ltr'><strong>margine</strong></span> <span class='ocrx_word' id='word_1_730' title='bbox 786 5404 838 5474; x_wconf 83' lang='lat' dir='ltr'><strong>in</strong></span> <span class='ocrx_word' id='word_1_731' title='bbox 868 5399 1343 5474; x_wconf 70' lang='lat' dir='ltr'><strong>textumirrepsit.</strong></span> <span class='ocrx_word' id='word_1_732' title='bbox 1391 5400 1583 5474; x_wconf 76' lang='lat' dir='ltr'><strong>Statim</strong></span> <span class='ocrx_word' id='word_1_733' title='bbox 1615 5416 1645 5474; x_wconf 59' lang='grc' dir='ltr'><strong>(ς</strong></span> <span class='ocrx_word' id='word_1_734' title='bbox 1675 5400 1948 5474; x_wconf 72' lang='lat' dir='ltr'><strong>sacrilegio</strong></span> <span class='ocrx_word' id='word_1_735' title='bbox 1999 5416 2103 5474; x_wconf 71' lang='lat' dir='ltr'><strong>non</strong></span> 
     </span>
    </p>
   </div>
   <div class='ocr_carea' id='block_1_102' title="bbox 515 5469 2101 5544">
    <p class='ocr_par' dir='ltr' id='par_1_102' title="bbox 515 5469 2101 5544">
     <span class='ocr_line' id='line_1_102' title="bbox 515 5469 2101 5544; baseline -0.004 -13"><span class='ocrx_word' id='word_1_736' title='bbox 515 5469 747 5530; x_wconf 66' lang='lat' dir='ltr'><strong>abessent</strong></span> <span class='ocrx_word' id='word_1_737' title='bbox 764 5518 780 5544; x_wconf 83' lang='lat'><strong>,</strong></span> <span class='ocrx_word' id='word_1_738' title='bbox 812 5472 1189 5544; x_wconf 69' lang='lat' dir='ltr'><strong>benequidem</strong></span> <span class='ocrx_word' id='word_1_739' title='bbox 1213 5513 1228 5537; x_wconf 91' lang='lat'><strong>,</strong></span> <span class='ocrx_word' id='word_1_740' title='bbox 1251 5471 1347 5526; x_wconf 87' lang='lat' dir='ltr'><strong>sed</strong></span> <span class='ocrx_word' id='word_1_741' title='bbox 1374 5486 1441 5525; x_wconf 92' lang='lat' dir='ltr'><strong>ne</strong></span> <span class='ocrx_word' id='word_1_742' title='bbox 1467 5470 1520 5544; x_wconf 81' lang='lat' dir='ltr'><strong>id</strong></span> <span class='ocrx_word' id='word_1_743' title='bbox 1542 5470 1768 5544; x_wconf 80' lang='lat' dir='ltr'><strong>quidem</strong></span> <span class='ocrx_word' id='word_1_744' title='bbox 1794 5471 1935 5524; x_wconf 85' lang='lat' dir='ltr'><strong>male</strong></span> <span class='ocrx_word' id='word_1_745' title='bbox 1954 5469 2101 5539; x_wconf 87' lang='lat' dir='ltr'><strong>quod</strong></span> 
     </span>
    </p>
   </div>
   <div class='ocr_carea' id='block_1_103' title="bbox 514 5542 1933 5611">
    <p class='ocr_par' dir='ltr' id='par_1_103' title="bbox 514 5542 1933 5611">
     <span class='ocr_line' id='line_1_103' title="bbox 514 5542 1933 5611; baseline -0.007 -7"><span class='ocrx_word' id='word_1_746' title='bbox 514 5557 601 5604; x_wconf 91' lang='lat' dir='ltr'><strong>est</strong></span> <span class='ocrx_word' id='word_1_747' title='bbox 630 5549 685 5601; x_wconf 90' lang='lat' dir='ltr'><strong>in</strong></span> <span class='ocrx_word' id='word_1_748' title='bbox 715 5542 905 5601; x_wconf 77' lang='lat' dir='ltr'><strong>codice</strong></span> <span class='ocrx_word' id='word_1_749' title='bbox 936 5542 1095 5598; x_wconf 78' lang='lat' dir='ltr'><strong>Vind.</strong></span> <span class='ocrx_word' id='word_1_750' title='bbox 1118 5586 1133 5611; x_wconf 89' lang='lat'><strong>,</strong></span> <span class='ocrx_word' id='word_1_751' title='bbox 1165 5560 1197 5595; x_wconf 90' lang='lat' dir='ltr'><strong>a</strong></span> <span class='ocrx_word' id='word_1_752' title='bbox 1223 5558 1371 5597; x_wconf 77' lang='lat' dir='ltr'><strong>sacra</strong></span> <span class='ocrx_word' id='word_1_753' title='bbox 1402 5543 1650 5611; x_wconf 81' lang='lat' dir='ltr'><strong>religione</strong></span> <span class='ocrx_word' id='word_1_754' title='bbox 1678 5547 1933 5595; x_wconf 79' lang='lat' dir='ltr'><strong>abessent.</strong></span> 
     </span>
    </p>
   </div>
   <div class='ocr_carea' id='block_1_104' title="bbox 585 5611 2102 5683">
    <p class='ocr_par' dir='ltr' id='par_1_104' title="bbox 585 5611 2102 5683">
     <span class='ocr_line' id='line_1_104' title="bbox 585 5611 2102 5683; baseline -0.005 -9"><span class='ocrx_word' id='word_1_755' title='bbox 585 5617 613 5656; x_wconf 70' lang='grc' dir='ltr'>δ</span> <span class='ocrx_word' id='word_1_756' title='bbox 638 5617 729 5675; x_wconf 89' lang='lat' dir='ltr'><strong>Sic</strong></span> <span class='ocrx_word' id='word_1_757' title='bbox 768 5615 943 5673; x_wconf 82' lang='lat' dir='ltr'><strong>codex</strong></span> <span class='ocrx_word' id='word_1_758' title='bbox 969 5615 1127 5671; x_wconf 90' lang='lat' dir='ltr'><strong>Vind.</strong></span> <span class='ocrx_word' id='word_1_759' title='bbox 1172 5623 1227 5669; x_wconf 91' lang='lat' dir='ltr'><strong>et</strong></span> <span class='ocrx_word' id='word_1_760' title='bbox 1273 5611 1490 5683; x_wconf 78' lang='lat' dir='ltr'><strong>quide</strong></span> <span class='ocrx_word' id='word_1_761' title='bbox 1521 5613 1659 5665; x_wconf 89' lang='lat' dir='ltr'><strong>haud</strong></span> <span class='ocrx_word' id='word_1_762' title='bbox 1710 5612 1875 5683; x_wconf 91' lang='lat' dir='ltr'><strong>paulo</strong></span> <span class='ocrx_word' id='word_1_763' title='bbox 1908 5613 2102 5667; x_wconf 91' lang='lat' dir='ltr'><strong>melius</strong></span> 
     </span>
    </p>
   </div>
   <div class='ocr_carea' id='block_1_105' title="bbox 551 5680 2112 5759">
    <p class='ocr_par' dir='ltr' id='par_1_105' title="bbox 551 5680 2112 5759">
     <span class='ocr_line' id='line_1_105' title="bbox 551 5680 2112 5759; baseline -0.005 -14"><span class='ocrx_word' id='word_1_764' title='bbox 551 5705 671 5745; x_wconf 83' lang='lat' dir='ltr'><strong>nam</strong></span> <span class='ocrx_word' id='word_1_765' title='bbox 702 5691 850 5759; x_wconf 83' lang='lat' dir='ltr'><strong>prior</strong></span> <span class='ocrx_word' id='word_1_766' title='bbox 876 5687 1074 5759; x_wconf 84' lang='lat' dir='ltr'><strong>editio,</strong></span> <span class='ocrx_word' id='word_1_767' title='bbox 1098 5680 1377 5759; x_wconf 49' lang='lat' dir='ltr'><strong>gntunt&#39;ac</strong></span> <span class='ocrx_word' id='word_1_768' title='bbox 1406 5680 1547 5738; x_wconf 87' lang='lat' dir='ltr'><strong>Filio</strong></span> <span class='ocrx_word' id='word_1_769' title='bbox 1572 5680 1951 5737; x_wconf 44' lang='lat' dir='ltr'><strong>sacra—mentum</strong></span> <span class='ocrx_word' id='word_1_770' title='bbox 1978 5699 2112 5737; x_wconf 78' lang='lat' dir='ltr'><strong>rem:</strong></span> 
     </span>
    </p>
   </div>
   <div class='ocr_carea' id='block_1_106' title="bbox 511 5706 2111 5825">
    <p class='ocr_par' dir='ltr' id='par_1_106' title="bbox 511 5706 2111 5825">
     <span class='ocr_line' id='line_1_106' title="bbox 551 5706 2111 5759; baseline -0.005 -14"><span class='ocrx_word' id='word_1_771' title='bbox 551 5706 671 5745; x_wconf 84' lang='lat' dir='ltr'><strong>nam</strong></span> <span class='ocrx_word' id='word_1_772' title='bbox 702 5706 850 5759; x_wconf 80' lang='lat' dir='ltr'><strong>prior</strong></span> <span class='ocrx_word' id='word_1_773' title='bbox 876 5706 1074 5752; x_wconf 86' lang='lat' dir='ltr'><strong>eutuo,</strong></span> <span class='ocrx_word' id='word_1_774' title='bbox 1098 5706 1297 5739; x_wconf 84' lang='lat' dir='ltr'><strong>tantum</strong></span> <span class='ocrx_word' id='word_1_775' title='bbox 1316 5706 1377 5736; x_wconf 79' lang='lat' dir='ltr'><strong>at;</strong></span> <span class='ocrx_word' id='word_1_776' title='bbox 1406 5706 1439 5735; x_wconf 79' lang='grc' dir='ltr'><strong>ι’</strong></span> <span class='ocrx_word' id='word_1_777' title='bbox 1457 5706 1547 5738; x_wconf 88' lang='lat' dir='ltr'><strong>uw</strong></span> <span class='ocrx_word' id='word_1_778' title='bbox 1572 5706 1951 5737; x_wconf 67' lang='lat' dir='ltr'><strong>sacramentum</strong></span> <span class='ocrx_word' id='word_1_779' title='bbox 1978 5706 2111 5737; x_wconf 74' lang='lat' dir='ltr'><strong>vera:</strong></span> 
     </span>
     <span class='ocr_line' id='line_1_107' title="bbox 511 5706 2111 5825; baseline -0.004 -9"><span class='ocrx_word' id='word_1_780' title='bbox 511 5706 790 5817; x_wconf 47' lang='grc' dir='ltr'><strong>θ’τίηίιαιίι</strong></span> <span class='ocrx_word' id='word_1_781' title='bbox 810 5778 829 5824; x_wconf 87' lang='lat'><strong>;</strong></span> <span class='ocrx_word' id='word_1_782' title='bbox 851 5772 974 5813; x_wconf 89' lang='lat' dir='ltr'><strong>cum</strong></span> <span class='ocrx_word' id='word_1_783' title='bbox 1003 5758 1076 5812; x_wconf 90' lang='lat' dir='ltr'><strong>ibi</strong></span> <span class='ocrx_word' id='word_1_784' title='bbox 1104 5756 1432 5811; x_wconf 89' lang='lat' dir='ltr'><strong>Trinitatem</strong></span> <span class='ocrx_word' id='word_1_785' title='bbox 1460 5769 1759 5825; x_wconf 86' lang='lat' dir='ltr'><strong>agnoscere</strong></span> <span class='ocrx_word' id='word_1_786' title='bbox 1784 5770 1890 5809; x_wconf 87' lang='lat' dir='ltr'><strong>non</strong></span> <span class='ocrx_word' id='word_1_787' title='bbox 1922 5764 2111 5824; x_wconf 86' lang='lat' dir='ltr'><strong>potue-</strong></span> 
     </span>
    </p>
   </div>
   <div class='ocr_carea' id='block_1_107' title="bbox 511 5827 2109 5900">
    <p class='ocr_par' dir='ltr' id='par_1_107' title="bbox 511 5827 2109 5900">
     <span class='ocr_line' id='line_1_108' title="bbox 511 5827 2109 5900; baseline -0.004 -12"><span class='ocrx_word' id='word_1_788' title='bbox 511 5831 584 5888; x_wconf 88' lang='lat' dir='ltr'><strong>rit</strong></span> <span class='ocrx_word' id='word_1_789' title='bbox 615 5832 919 5896; x_wconf 86' lang='lat' dir='ltr'><strong>Sabeltius,</strong></span> <span class='ocrx_word' id='word_1_790' title='bbox 952 5827 1044 5884; x_wconf 90' lang='lat' dir='ltr'><strong>ubi</strong></span> <span class='ocrx_word' id='word_1_791' title='bbox 1072 5827 1209 5884; x_wconf 88' lang='lat' dir='ltr'><strong>duas</strong></span> <span class='ocrx_word' id='word_1_792' title='bbox 1235 5827 1515 5884; x_wconf 86' lang='lat' dir='ltr'><strong>dumtaxat</strong></span> <span class='ocrx_word' id='word_1_793' title='bbox 1543 5842 1665 5883; x_wconf 88' lang='lat' dir='ltr'><strong>esse</strong></span> <span class='ocrx_word' id='word_1_794' title='bbox 1694 5840 1956 5900; x_wconf 81' lang='lat' dir='ltr'><strong>personas</strong></span> <span class='ocrx_word' id='word_1_795' title='bbox 1979 5840 2109 5882; x_wconf 88' lang='lat' dir='ltr'><strong>con-</strong></span> 
     </span>
    </p>
   </div>
   <div class='ocr_carea' id='block_1_108' title="bbox 510 5900 787 5958">
    <p class='ocr_par' dir='ltr' id='par_1_108' title="bbox 510 5900 787 5958">
     <span class='ocr_line' id='line_1_109' title="bbox 510 5900 787 5958; baseline -0.014 0"><span class='ocrx_word' id='word_1_796' title='bbox 510 5900 787 5958; x_wconf 85' lang='lat' dir='ltr'><strong>tendebat.</strong></span> 
     </span>
    </p>
   </div>
   <div class='ocr_carea' id='block_1_109' title="bbox 2227 4746 3832 4818">
    <p class='ocr_par' dir='ltr' id='par_1_109' title="bbox 2227 4746 3832 4818">
     <span class='ocr_line' id='line_1_110' title="bbox 2227 4746 3832 4818; baseline 0.002 -17"><span class='ocrx_word' id='word_1_797' title='bbox 2227 4747 2552 4816; x_wconf 88' lang='lat' dir='ltr'><strong>principium</strong></span> <span class='ocrx_word' id='word_1_798' title='bbox 2577 4746 2718 4815; x_wconf 89' lang='lat' dir='ltr'><strong>quod</strong></span> <span class='ocrx_word' id='word_1_799' title='bbox 2744 4762 2871 4803; x_wconf 88' lang='lat' dir='ltr'><strong>vere</strong></span> <span class='ocrx_word' id='word_1_800' title='bbox 2895 4764 3122 4804; x_wconf 88' lang='lat' dir='ltr'><strong>manens</strong></span> <span class='ocrx_word' id='word_1_801' title='bbox 3147 4748 3477 4818; x_wconf 73' lang='lat' dir='ltr'><strong>prmdicatur</strong></span> <span class='ocrx_word' id='word_1_802' title='bbox 3496 4749 3547 4803; x_wconf 91' lang='lat' dir='ltr'><strong>in</strong></span> <span class='ocrx_word' id='word_1_803' title='bbox 3565 4748 3832 4804; x_wconf 75' lang='lat' dir='ltr'><strong>Christo:</strong></span> 
     </span>
    </p>
   </div>
   <div class='ocr_carea' id='block_1_110' title="bbox 2226 4838 3836 4915">
    <p class='ocr_par' dir='ltr' id='par_1_110' title="bbox 2226 4838 3836 4915">
     <span class='ocr_line' id='line_1_111' title="bbox 2226 4838 3836 4915; baseline 0.004 -22"><span class='ocrx_word' id='word_1_804' title='bbox 2226 4839 2368 4893; x_wconf 90' lang='lat' dir='ltr'><strong>diem</strong></span> <span class='ocrx_word' id='word_1_805' title='bbox 2413 4838 2682 4907; x_wconf 90' lang='lat' dir='ltr'><strong>passionis</strong></span> <span class='ocrx_word' id='word_1_806' title='bbox 2731 4850 2787 4895; x_wconf 91' lang='lat' dir='ltr'><strong>et</strong></span> <span class='ocrx_word' id='word_1_807' title='bbox 2835 4840 3023 4910; x_wconf 88' lang='lat' dir='ltr'><strong>judicii</strong></span> <span class='ocrx_word' id='word_1_808' title='bbox 3066 4856 3190 4895; x_wconf 85' lang='lat' dir='ltr'><strong>mox</strong></span> <span class='ocrx_word' id='word_1_809' title='bbox 3241 4840 3448 4908; x_wconf 85' lang='lat' dir='ltr'><strong>futuri,</strong></span> <span class='ocrx_word' id='word_1_810' title='bbox 3496 4857 3836 4915; x_wconf 86' lang='lat' dir='ltr'><strong>omnemque</strong></span> 
     </span>
    </p>
   </div>
   <div class='ocr_carea' id='block_1_111' title="bbox 2225 4930 3837 4999">
    <p class='ocr_par' dir='ltr' id='par_1_111' title="bbox 2225 4930 3837 4999">
     <span class='ocr_line' id='line_1_112' title="bbox 2225 4930 3837 4999; baseline 0.006 -15"><span class='ocrx_word' id='word_1_811' title='bbox 2225 4930 2561 4986; x_wconf 87' lang='lat' dir='ltr'><strong>divinitatem</strong></span> <span class='ocrx_word' id='word_1_812' title='bbox 2610 4946 2715 4986; x_wconf 90' lang='lat' dir='ltr'><strong>non</strong></span> <span class='ocrx_word' id='word_1_813' title='bbox 2750 4933 2802 4986; x_wconf 92' lang='lat' dir='ltr'><strong>in</strong></span> <span class='ocrx_word' id='word_1_814' title='bbox 2834 4933 3085 4999; x_wconf 90' lang='lat' dir='ltr'><strong>duobus,</strong></span> <span class='ocrx_word' id='word_1_815' title='bbox 3119 4934 3213 4989; x_wconf 90' lang='lat' dir='ltr'><strong>sed</strong></span> <span class='ocrx_word' id='word_1_816' title='bbox 3268 4934 3323 4991; x_wconf 93' lang='lat' dir='ltr'><strong>in</strong></span> <span class='ocrx_word' id='word_1_817' title='bbox 3367 4935 3634 4992; x_wconf 80' lang='lat' dir='ltr'><strong>Trinitate</strong></span> <span class='ocrx_word' id='word_1_818' title='bbox 3667 4952 3837 4993; x_wconf 70' lang='grc' dir='ltr'><strong>ρεπιι-</strong></span> 
     </span>
    </p>
   </div>
   <div class='ocr_carea' id='block_1_112' title="bbox 2226 5025 3835 5100">
    <p class='ocr_par' dir='ltr' id='par_1_112' title="bbox 2226 5025 3835 5100">
     <span class='ocr_line' id='line_1_113' title="bbox 2226 5025 3835 5100; baseline 0.004 -21"><span class='ocrx_word' id='word_1_819' title='bbox 2226 5025 2384 5095; x_wconf 88' lang='lat' dir='ltr'><strong>pleri.</strong></span> <span class='ocrx_word' id='word_1_820' title='bbox 2419 5026 2587 5079; x_wconf 85' lang='lat' dir='ltr'><strong>Aiunt</strong></span> <span class='ocrx_word' id='word_1_821' title='bbox 2638 5036 2902 5096; x_wconf 55' lang='lat' dir='ltr'><strong>praeterea</strong></span> <span class='ocrx_word' id='word_1_822' title='bbox 2935 5028 3136 5082; x_wconf 89' lang='lat' dir='ltr'><strong>malum</strong></span> <span class='ocrx_word' id='word_1_823' title='bbox 3170 5043 3293 5083; x_wconf 90' lang='lat' dir='ltr'><strong>esse</strong></span> <span class='ocrx_word' id='word_1_824' title='bbox 3323 5029 3415 5100; x_wconf 92' lang='lat' dir='ltr'><strong>qui</strong></span> <span class='ocrx_word' id='word_1_825' title='bbox 3447 5028 3591 5084; x_wconf 92' lang='lat' dir='ltr'><strong>hunc</strong></span> <span class='ocrx_word' id='word_1_826' title='bbox 3622 5028 3835 5085; x_wconf 85' lang='lat' dir='ltr'><strong>fecerit</strong></span> 
     </span>
    </p>
   </div>
   <div class='ocr_carea' id='block_1_113' title="bbox 2224 5118 3831 5194">
    <p class='ocr_par' dir='ltr' id='par_1_113' title="bbox 2224 5118 3831 5194">
     <span class='ocr_line' id='line_1_114' title="bbox 2224 5118 3831 5194; baseline 0.001 -20"><span class='ocrx_word' id='word_1_827' title='bbox 2224 5119 2523 5184; x_wconf 91' lang='lat' dir='ltr'><strong>mundum,</strong></span> <span class='ocrx_word' id='word_1_828' title='bbox 2575 5118 2701 5189; x_wconf 89' lang='lat' dir='ltr'><strong>quia</strong></span> <span class='ocrx_word' id='word_1_829' title='bbox 2732 5119 2996 5189; x_wconf 89' lang='lat' dir='ltr'><strong>scriptum</strong></span> <span class='ocrx_word' id='word_1_830' title='bbox 3029 5120 3102 5175; x_wconf 90' lang='lat' dir='ltr'><strong>sit</strong></span> <span class='ocrx_word' id='word_1_831' title='bbox 3145 5138 3158 5175; x_wconf 93' lang='lat'><strong>:</strong></span> <span class='ocrx_word' id='word_1_832' title='bbox 3210 5119 3442 5175; x_wconf 77' lang='lat' dir='ltr'><strong>Mundus</strong></span> <span class='ocrx_word' id='word_1_833' title='bbox 3484 5121 3539 5175; x_wconf 84' lang='lat' dir='ltr'><strong>in</strong></span> <span class='ocrx_word' id='word_1_834' title='bbox 3586 5122 3831 5194; x_wconf 84' lang='lat' dir='ltr'><strong>maligno</strong></span> 
     </span>
    </p>
   </div>
   <div class='ocr_carea' id='block_1_114' title="bbox 2291 5254 3826 5325">
    <p class='ocr_par' dir='ltr' id='par_1_114' title="bbox 2291 5254 3826 5325">
     <span class='ocr_line' id='line_1_115' title="bbox 2291 5254 3826 5325; baseline 0.002 -14"><span class='ocrx_word' id='word_1_835' title='bbox 2291 5267 2310 5294; x_wconf 74' lang='grc' dir='ltr'><strong>ο</strong></span> <span class='ocrx_word' id='word_1_836' title='bbox 2335 5256 2425 5311; x_wconf 90' lang='lat' dir='ltr'><strong>Sic</strong></span> <span class='ocrx_word' id='word_1_837' title='bbox 2451 5255 2624 5311; x_wconf 87' lang='lat' dir='ltr'><strong>codex</strong></span> <span class='ocrx_word' id='word_1_838' title='bbox 2660 5254 2819 5310; x_wconf 88' lang='lat' dir='ltr'><strong>Vind.</strong></span> <span class='ocrx_word' id='word_1_839' title='bbox 2839 5298 2853 5322; x_wconf 94' lang='lat'><strong>,</strong></span> <span class='ocrx_word' id='word_1_840' title='bbox 2882 5256 3173 5312; x_wconf 89' lang='lat' dir='ltr'><strong>emendate</strong></span> <span class='ocrx_word' id='word_1_841' title='bbox 3203 5276 3213 5311; x_wconf 93' lang='lat'>:</span> <span class='ocrx_word' id='word_1_842' title='bbox 3246 5257 3300 5312; x_wconf 94' lang='lat' dir='ltr'><strong>in</strong></span> <span class='ocrx_word' id='word_1_843' title='bbox 3330 5257 3496 5313; x_wconf 91' lang='lat' dir='ltr'><strong>editis</strong></span> <span class='ocrx_word' id='word_1_844' title='bbox 3516 5304 3529 5325; x_wconf 84' lang='lat'><strong>,</strong></span> <span class='ocrx_word' id='word_1_845' title='bbox 3565 5261 3629 5313; x_wconf 86' lang='lat' dir='ltr'><strong>ob</strong></span> <span class='ocrx_word' id='word_1_846' title='bbox 3654 5261 3826 5325; x_wconf 80' lang='lat' dir='ltr'><strong>inita,</strong></span> 
     </span>
    </p>
   </div>
   <div class='ocr_carea' id='block_1_115' title="bbox 2212 5328 3823 5394">
    <p class='ocr_par' dir='ltr' id='par_1_115' title="bbox 2212 5328 3823 5394">
     <span class='ocr_line' id='line_1_116' title="bbox 2212 5328 3823 5394; baseline 0.004 -12"><span class='ocrx_word' id='word_1_847' title='bbox 2212 5339 2502 5394; x_wconf 86' lang='lat' dir='ltr'><strong>corrupte;</strong></span> <span class='ocrx_word' id='word_1_848' title='bbox 2538 5343 2638 5381; x_wconf 89' lang='lat' dir='ltr'><strong>nec</strong></span> <span class='ocrx_word' id='word_1_849' title='bbox 2685 5328 2881 5382; x_wconf 88' lang='lat' dir='ltr'><strong>melius</strong></span> <span class='ocrx_word' id='word_1_850' title='bbox 2941 5330 2991 5381; x_wconf 92' lang='lat' dir='ltr'><strong>in</strong></span> <span class='ocrx_word' id='word_1_851' title='bbox 3043 5330 3236 5384; x_wconf 87' lang='lat' dir='ltr'><strong>codice</strong></span> <span class='ocrx_word' id='word_1_852' title='bbox 3264 5330 3490 5385; x_wconf 87' lang='lat' dir='ltr'><strong>Lemov.</strong></span> <span class='ocrx_word' id='word_1_853' title='bbox 3521 5329 3587 5383; x_wconf 82' lang='lat' dir='ltr'><strong>ab</strong></span> <span class='ocrx_word' id='word_1_854' title='bbox 3639 5334 3823 5389; x_wconf 82' lang='lat' dir='ltr'><strong>unila.</strong></span> 
     </span>
    </p>
   </div>
   <div class='ocr_carea' id='block_1_116' title="bbox 2213 5400 3823 5473">
    <p class='ocr_par' dir='ltr' id='par_1_116' title="bbox 2213 5400 3823 5473">
     <span class='ocr_line' id='line_1_117' title="bbox 2213 5400 3823 5473; baseline 0.002 -19"><span class='ocrx_word' id='word_1_855' title='bbox 2213 5400 2489 5473; x_wconf 42' lang='lat' dir='ltr'><strong>{tenerius</strong></span> <span class='ocrx_word' id='word_1_856' title='bbox 2516 5400 2568 5453; x_wconf 93' lang='lat' dir='ltr'><strong>in</strong></span> <span class='ocrx_word' id='word_1_857' title='bbox 2597 5400 2838 5469; x_wconf 75' lang='lat' dir='ltr'><strong>margine</strong></span> <span class='ocrx_word' id='word_1_858' title='bbox 2869 5402 3168 5473; x_wconf 84' lang='lat' dir='ltr'><strong>scripserat</strong></span> <span class='ocrx_word' id='word_1_859' title='bbox 3196 5400 3259 5473; x_wconf 64' lang='lat' dir='ltr'><strong>ac</strong></span> <span class='ocrx_word' id='word_1_860' title='bbox 3301 5401 3567 5473; x_wconf 85' lang='lat' dir='ltr'><strong>ingenita,</strong></span> <span class='ocrx_word' id='word_1_861' title='bbox 3600 5416 3668 5457; x_wconf 78' lang='lat' dir='ltr'><strong>ex</strong></span> <span class='ocrx_word' id='word_1_862' title='bbox 3712 5419 3823 5458; x_wconf 84' lang='lat' dir='ltr'><strong>co-</strong></span> 
     </span>
    </p>
   </div>
   <div class='ocr_carea' id='block_1_117' title="bbox 2211 5470 3824 5552">
    <p class='ocr_par' dir='ltr' id='par_1_117' title="bbox 2211 5470 3824 5552">
     <span class='ocr_line' id='line_1_118' title="bbox 2211 5470 3824 5552; baseline 0.002 -27"><span class='ocrx_word' id='word_1_863' title='bbox 2211 5470 2328 5525; x_wconf 91' lang='lat' dir='ltr'><strong>dice</strong></span> <span class='ocrx_word' id='word_1_864' title='bbox 2356 5470 2586 5552; x_wconf 77' lang='lat' dir='ltr'><strong>qnmlam</strong></span> <span class='ocrx_word' id='word_1_865' title='bbox 2618 5487 2630 5523; x_wconf 94' lang='lat'>:</span> <span class='ocrx_word' id='word_1_866' title='bbox 2665 5486 2731 5523; x_wconf 87' lang='lat' dir='ltr'><strong>an</strong></span> <span class='ocrx_word' id='word_1_867' title='bbox 2764 5471 2906 5552; x_wconf 84' lang='lat' dir='ltr'><strong>quod</strong></span> <span class='ocrx_word' id='word_1_868' title='bbox 2939 5475 3018 5552; x_wconf 71' lang='lat' dir='ltr'><strong>sic</strong></span> <span class='ocrx_word' id='word_1_869' title='bbox 3065 5470 3376 5552; x_wconf 61' lang='lat' dir='ltr'><strong>legendnm&#39;</strong></span> <span class='ocrx_word' id='word_1_870' title='bbox 3399 5486 3523 5552; x_wconf 79' lang='lat' dir='ltr'><strong>esse</strong></span> <span class='ocrx_word' id='word_1_871' title='bbox 3552 5474 3824 5552; x_wconf 69' lang='lat' dir='ltr'><strong>coniece-</strong></span> 
     </span>
    </p>
   </div>
   <div class='ocr_carea' id='block_1_118' title="bbox 2211 5542 3826 5613">
    <p class='ocr_par' dir='ltr' id='par_1_118' title="bbox 2211 5542 3826 5613">
     <span class='ocr_line' id='line_1_119' title="bbox 2211 5542 3826 5613; baseline 0.002 -16"><span class='ocrx_word' id='word_1_872' title='bbox 2211 5544 2332 5597; x_wconf 89' lang='lat' dir='ltr'><strong>rat?</strong></span> <span class='ocrx_word' id='word_1_873' title='bbox 2367 5543 2511 5597; x_wconf 90' lang='lat' dir='ltr'><strong>Idem</strong></span> <span class='ocrx_word' id='word_1_874' title='bbox 2546 5551 2731 5596; x_wconf 89' lang='lat' dir='ltr'><strong>monet</strong></span> <span class='ocrx_word' id='word_1_875' title='bbox 2780 5542 2832 5597; x_wconf 93' lang='lat' dir='ltr'><strong>in</strong></span> <span class='ocrx_word' id='word_1_876' title='bbox 2866 5543 3054 5598; x_wconf 89' lang='lat' dir='ltr'><strong>codice</strong></span> <span class='ocrx_word' id='word_1_877' title='bbox 3082 5542 3141 5599; x_wconf 89' lang='lat' dir='ltr'><strong>S.</strong></span> <span class='ocrx_word' id='word_1_878' title='bbox 3182 5546 3315 5599; x_wconf 81' lang='lat' dir='ltr'><strong>Arn.</strong></span> <span class='ocrx_word' id='word_1_879' title='bbox 3352 5544 3614 5613; x_wconf 90' lang='lat' dir='ltr'><strong>scriptum</strong></span> <span class='ocrx_word' id='word_1_880' title='bbox 3637 5547 3826 5599; x_wconf 76' lang='lat' dir='ltr'><strong>subsi-</strong></span> 
     </span>
    </p>
   </div>
   <div class='ocr_carea' id='block_1_119' title="bbox 2209 5612 2962 5684">
    <p class='ocr_par' dir='ltr' id='par_1_119' title="bbox 2209 5612 2962 5684">
     <span class='ocr_line' id='line_1_120' title="bbox 2209 5612 2962 5684; baseline -0.001 -16"><span class='ocrx_word' id='word_1_881' title='bbox 2209 5616 2395 5668; x_wconf 79' lang='lat' dir='ltr'><strong>stentia</strong></span> <span class='ocrx_word' id='word_1_882' title='bbox 2414 5655 2428 5677; x_wconf 91' lang='lat'><strong>,</strong></span> <span class='ocrx_word' id='word_1_883' title='bbox 2460 5612 2603 5684; x_wconf 91' lang='lat' dir='ltr'><strong>quod</strong></span> <span class='ocrx_word' id='word_1_884' title='bbox 2636 5629 2741 5668; x_wconf 92' lang='lat' dir='ltr'><strong>non</strong></span> <span class='ocrx_word' id='word_1_885' title='bbox 2770 5615 2962 5683; x_wconf 88' lang='lat' dir='ltr'><strong>placet.</strong></span> 
     </span>
    </p>
   </div>
   <div class='ocr_carea' id='block_1_120' title="bbox 2280 5685 3820 5756">
    <p class='ocr_par' dir='ltr' id='par_1_120' title="bbox 2280 5685 3820 5756">
     <span class='ocr_line' id='line_1_121' title="bbox 2280 5685 3820 5756; baseline 0.005 -17"><span class='ocrx_word' id='word_1_886' title='bbox 2280 5686 2305 5723; x_wconf 75' lang='grc' dir='ltr'>ἀ</span> <span class='ocrx_word' id='word_1_887' title='bbox 2335 5689 2406 5741; x_wconf 89' lang='lat' dir='ltr'><strong>Ita</strong></span> <span class='ocrx_word' id='word_1_888' title='bbox 2436 5687 2696 5754; x_wconf 80' lang='lat' dir='ltr'><strong>SCripttltn</strong></span> <span class='ocrx_word' id='word_1_889' title='bbox 2747 5686 2803 5741; x_wconf 92' lang='lat' dir='ltr'><strong>in</strong></span> <span class='ocrx_word' id='word_1_890' title='bbox 2857 5694 3089 5756; x_wconf 90' lang='lat' dir='ltr'><strong>utroque</strong></span> <span class='ocrx_word' id='word_1_891' title='bbox 3131 5685 3253 5740; x_wconf 88' lang='lat' dir='ltr'><strong>eod.</strong></span> <span class='ocrx_word' id='word_1_892' title='bbox 3306 5685 3459 5741; x_wconf 87' lang='lat' dir='ltr'><strong>Lem.</strong></span> <span class='ocrx_word' id='word_1_893' title='bbox 3512 5696 3568 5744; x_wconf 91' lang='lat' dir='ltr'><strong>et</strong></span> <span class='ocrx_word' id='word_1_894' title='bbox 3604 5686 3776 5746; x_wconf 88' lang='lat' dir='ltr'><strong>Vind.</strong></span> <span class='ocrx_word' id='word_1_895' title='bbox 3803 5733 3820 5754; x_wconf 82' lang='lat'><strong>,</strong></span> 
     </span>
    </p>
   </div>
   <div class='ocr_carea' id='block_1_121' title="bbox 2212 5756 3443 5832">
    <p class='ocr_par' dir='ltr' id='par_1_121' title="bbox 2212 5756 3443 5832">
     <span class='ocr_line' id='line_1_122' title="bbox 2212 5756 3443 5832; baseline 0.002 -22"><span class='ocrx_word' id='word_1_896' title='bbox 2212 5758 2381 5832; x_wconf 85' lang='lat' dir='ltr'><strong>male_;</strong></span> <span class='ocrx_word' id='word_1_897' title='bbox 2412 5759 2465 5812; x_wconf 90' lang='lat' dir='ltr'><strong>in</strong></span> <span class='ocrx_word' id='word_1_898' title='bbox 2497 5756 2660 5832; x_wconf 84' lang='lat' dir='ltr'><strong>editis</strong></span> <span class='ocrx_word' id='word_1_899' title='bbox 2681 5757 2873 5832; x_wconf 60' lang='lat' dir='ltr'><strong>gradus</strong></span> <span class='ocrx_word' id='word_1_900' title='bbox 2904 5758 3085 5832; x_wconf 71' lang='lat' dir='ltr'><strong>adjicit</strong></span> <span class='ocrx_word' id='word_1_901' title='bbox 3111 5757 3443 5832; x_wconf 69' lang='lat' dir='ltr'><strong>dignitatem.</strong></span> 
     </span>
    </p>
   </div>
   <div class='ocr_carea' id='block_1_122' title="bbox 2283 5828 3816 5903">
    <p class='ocr_par' dir='ltr' id='par_1_122' title="bbox 2283 5828 3816 5903">
     <span class='ocr_line' id='line_1_123' title="bbox 2283 5828 3816 5903; baseline 0.003 -21"><span class='ocrx_word' id='word_1_902' title='bbox 2283 5840 2305 5865; x_wconf 79' lang='grc' dir='ltr'>υ</span> <span class='ocrx_word' id='word_1_903' title='bbox 2332 5829 2369 5903; x_wconf 69' lang='grc' dir='ltr'>Ε</span> <span class='ocrx_word' id='word_1_904' title='bbox 2374 5840 2493 5903; x_wconf 88' lang='lat' dir='ltr'><strong>orte</strong></span> <span class='ocrx_word' id='word_1_905' title='bbox 2522 5830 2624 5903; x_wconf 49' lang='lat' dir='ltr'><strong>leg:</strong></span> <span class='ocrx_word' id='word_1_906' title='bbox 2652 5828 2816 5903; x_wconf 57' lang='lat' dir='ltr'><strong>vocat,</strong></span> <span class='ocrx_word' id='word_1_907' title='bbox 2839 5828 3126 5903; x_wconf 67' lang='lat' dir='ltr'><strong>Scriptura</strong></span> <span class='ocrx_word' id='word_1_908' title='bbox 3146 5829 3359 5887; x_wconf 88' lang='lat' dir='ltr'><strong>scilicet</strong></span> <span class='ocrx_word' id='word_1_909' title='bbox 3387 5849 3398 5883; x_wconf 92' lang='lat'>:</span> <span class='ocrx_word' id='word_1_910' title='bbox 3431 5839 3491 5888; x_wconf 88' lang='lat' dir='ltr'><strong>ut</strong></span> <span class='ocrx_word' id='word_1_911' title='bbox 3510 5830 3532 5886; x_wconf 85' lang='grc' dir='ltr'>Ι</span> <span class='ocrx_word' id='word_1_912' title='bbox 3551 5828 3709 5886; x_wconf 66' lang='grc' dir='ltr'><em>Ιοαπζ</em></span> <span class='ocrx_word' id='word_1_913' title='bbox 3740 5848 3816 5903; x_wconf 81' lang='lat' dir='ltr'><strong>rt,</strong></span> 
     </span>
    </p>
   </div>
   <div class='ocr_carea' id='block_1_123' title="bbox 2208 5898 3072 5970">
    <p class='ocr_par' dir='ltr' id='par_1_123' title="bbox 2208 5898 3072 5970">
     <span class='ocr_line' id='line_1_124' title="bbox 2208 5898 3072 5970; baseline 0 -17"><span class='ocrx_word' id='word_1_914' title='bbox 2208 5898 2308 5967; x_wconf 80' lang='grc'><strong>18,</strong></span> <span class='ocrx_word' id='word_1_915' title='bbox 2340 5900 2447 5969; x_wconf 71' lang='lat'><strong>‘22;</strong></span> <span class='ocrx_word' id='word_1_916' title='bbox 2479 5902 2629 5967; x_wconf 80' lang='lat' dir='ltr'><strong>tv,5</strong></span> <span class='ocrx_word' id='word_1_917' title='bbox 2664 5918 2677 5953; x_wconf 87' lang='lat'><strong>:</strong></span> <span class='ocrx_word' id='word_1_918' title='bbox 2713 5901 2756 5956; x_wconf 89' lang='lat' dir='ltr'><strong>II</strong></span> <span class='ocrx_word' id='word_1_919' title='bbox 2781 5900 2938 5958; x_wconf 45' lang='lat' dir='ltr'><strong>Joan.</strong></span> <span class='ocrx_word' id='word_1_920' title='bbox 2970 5898 2984 5970; x_wconf 86' lang='lat'><strong>,</strong></span> <span class='ocrx_word' id='word_1_921' title='bbox 3020 5900 3072 5953; x_wconf 91' lang='lat'><strong>7.</strong></span> 
     </span>
    </p>
   </div>
  </div>
