4074 6204
271 267 410 325 “:19

265 485 444 530 menta
466 489 587 530 sunt
606 477 790 542 noxia,
813 473 1265 544 autmalialiquid
1289 473 1375 527 vel
1394 474 1618 541 gignere
1645 475 1729 528 vel
1764 475 1860 528 ha-

263 567 395 624 bere
408 569 674 624 credenda
692 579 812 623 sunt
827 610 842 636 ,
859 583 984 637 qum
1005 566 1097 620 Dei
1118 567 1734 636 operationedisposita,
1753 566 1864 619 val-

264 660 486 724 de,cum
501 661 637 715 facta
650 669 794 720 sunt,
814 660 1157 727 placuerunt,
1172 658 1458 728 Scriptura
1477 658 1688 712 dicente
1704 678 1716 710 ;
1733 657 1868 714 Ecce

267 752 440 805 omnia
464 752 596 806 bona
618 752 767 806 valde
789 752 805 820 (
824 750 954 805 Gen.
989 767 1041 818 t,
1077 752 1178 816 51;
1203 749 1354 804 Eccl.
1379 767 1540 805 xxxix
1563 793 1575 814 ,
1601 750 1728 822 21).
1760 750 1869 807 Sed

265 845 321 901 in
359 848 684 918 malignitate
709 846 970 917 iniquitas
996 856 1179 900 nostra
1206 887 1222 910 ,
1263 845 1318 899 in
1347 847 1542 898 mundo
1567 858 1741 912 genus
1771 845 1870 898 de—

266 941 510 1010 signatur
544 941 839 995 humanum
861 981 875 1007 ,
907 939 1119 995 Joitnne
1141 938 1269 993 dum
1303 938 1373 993 de
1399 939 1638 993 adventu
1670 938 1874 993 Salva-

266 1033 400 1087 toris
449 1033 706 1101 pra-dicat
733 1075 748 1098 ,
785 1033 888 1086 hoc
941 1031 1183 1086 docente
1219 1049 1232 1085 :
1276 1032 1355 1085 ait
1383 1032 1531 1086 enim
1578 1050 1591 1085 :
1644 1030 1710 1084 In
1739 1032 1877 1085 hunc

265 1125 517 1178 mundum
542 1125 698 1191 venit,
720 1136 768 1180 et
792 1126 1019 1178 mundus
1049 1140 1165 1178 eum
1196 1140 1299 1178 non
1328 1125 1562 1195 cognovit
1590 1121 1780 1190 (Joan.
1812 1140 1830 1179 ι
1857 1167 1871 1191 ,

269 1215 337 1271 10
363 1219 402 1285 ).
428 1225 453 1252 τι
494 1216 554 1272 Si
586 1217 862 1272 diversum
899 1217 1319 1287 Evttngeliorum
1347 1234 1409 1272 ac
1437 1218 1597 1288 chis
1624 1227 1878 1273 asserunt

265 1310 647 1376 conditorem,
701 1314 959 1381 quoniam
1019 1313 1073 1365 in
1125 1311 1269 1380 Lege
1310 1312 1443 1366 ultio
1494 1326 1767 1380 przcscns,
1820 1312 1877 1366 in

266 1402 582 1472 Evangeliis
624 1403 798 1458 veniat
842 1405 998 1458 locus
1043 1404 1246 1458 datur:
1284 1405 1394 1459 Lex
1440 1405 1659 1474 quidem
1707 1406 1879 1460 vicem

275 1493 453 1564 poscit
478 1495 722 1562 injurize,
757 1504 814 1548 et
847 1510 1031 1563 parem
1065 1495 1438 1550 conditionem
1467 1497 1644 1551 sancit
1671 1497 1878 1567 amissi;

268 1586 410 1643 Deus
457 1596 637 1642 tamen
663 1605 766 1642 non
795 1589 1023 1642 vindicat
1053 1587 1128 1641 bis
1163 1588 1213 1641 in
1247 1589 1302 1642 id
1333 1589 1503 1658 ipsum
1530 1587 1806 1656 (Nahum.
1838 1605 1877 1647 ι,

271 1679 329 1750 9)
361 1699 371 1734 :
398 1690 453 1734 et
481 1696 719 1750 expensa
748 1681 801 1736 in
830 1698 1059 1751 corpore
1084 1697 1182 1752 pro
1208 1683 1432 1737 admissi
1465 1684 1728 1752 qualitate
1750 1699 1883 1752 sup-

1460 259 2089 322 CONSUL’I‘ATIONU)!
2133 260 2262 316 LlB.
2301 261 2366 318 il.

267 382 459 452 positus
479 381 785 454 est(|Joan.
813 396 868 447 v,
896 379 1006 448 l9).
1026 379 1142 435 Non
1165 379 1284 434 haec
1321 395 1441 449 quae
1463 382 1741 436 cernimus
1757 381 1870 436 cle-
1898 374 1951 436 Α
1977 378 2152 430 Vectio
2179 421 2192 443 ,
2254 375 2571 446 EV’atlgcliis
2621 375 2702 431 sic
2734 377 3159 445 protestantihus
3192 394 3204 429 :

3431 265 3569 321 1150

3259 377 3572 448 Proﬁcicbat

1967 465 2122 522 Iesus
2149 478 2300 523 (etate
2323 479 2373 523 et
2399 469 2658 537 sapientia
2688 479 2734 524 et
2766 473 2937 542 gratia
2960 470 3099 539 apud
3134 468 3299 524 Deum
3327 481 3372 524 et
3403 473 3573 525 homi-

1970 579 2057 617 nes
2087 563 2236 635 (Luc
2264 580 2301 618 ll
2323 607 2338 632 ,
2373 565 2443 619 52
2467 565 2507 633 ).
2538 563 2732 618 Meruit
2771 581 2902 633 ergo
2929 580 3053 620 esse
3085 565 3227 634 quod
3258 575 3416 618 natus
3447 575 3525 620 est
3553 608 3569 634 ,

1971 657 2063 726 qui
2088 656 2298 724 justitia
2323 666 2382 710 et
2414 657 2537 711 vitae
2579 656 2814 726 puritate
2844 657 2959 712 Deo
2991 658 3220 727 placuit,
3254 669 3573 715 mansuetu-

1974 747 2098 802 dine
2127 757 2181 802 et
2211 747 2522 804 humilitate
2544 750 2912 804 consortibus.
2948 749 3104 805 Adde
3129 767 3283 804 usum
3328 754 3576 820 corporis

1975 840 2244 896 manifesti
2271 858 2284 906 ;
2320 850 2376 897 et
2402 841 2529 897 licet
2568 852 2624 896 et
2653 843 2764 896 vita
2790 853 2810 880 ο
2837 841 3176 897 inimitabilis
3226 843 3534 898 sanctitatis
3560 885 3576 910 ,

1978 933 2229 989 humana:
2261 944 2441 989 tamen
2475 934 2810 990 inﬁrmitatis
2844 944 3034 990 natura
3076 938 3329 1005 prtrsidio
3378 936 3584 1006 indiget

1976 1028 2247 1093 vestium;
2282 1028 2453 1084 esurit
2476 1072 2489 1094 ,
2536 1030 2674 1096 sitit,
2707 1039 2930 1096 niteret,
2973 1032 3206 1100 quiescit
3229 1072 3244 1092 .
3276 1030 3429 1086 dolet
3461 1047 3586 1100 pero

1977 1119 2102 1176 inde
2132 1133 2294 1192 atque
2347 1123 2398 1176 in
2421 1122 2606 1177 ﬁctum
2651 1132 2921 1187 movetur,
2952 1138 3128 1192 neque
3158 1124 3322 1178 ullum
3354 1125 3584 1180 ulterius

1980 1228 2161 1273 aetum
2189 1226 2283 1272 aut
2311 1218 2520 1288 spernit
2548 1229 2639 1272 aut
2679 1219 2924 1288 prartcrit
2950 1233 2965 1283 ;
3017 1219 3147 1288 quin
3173 1219 3335 1273 etiam
3363 1219 3585 1289 spirita-

1981 1311 2129 1366 libus
2157 1311 2299 1366 dolis
2347 1320 2593 1366 tentatur
2619 1321 2672 1366 et
2705 1312 2871 1368 vincit
2894 1356 2908 1378 ,
2953 1323 3006 1368 et
3051 1313 3226 1367 hostis
3258 1315 3338 1366 sui
3375 1313 3586 1382 profes-

1984 1404 2137 1459 sione
2168 1444 2181 1468 ,
2215 1421 2283 1459 an
2336 1405 2406 1460 sit
2438 1406 2583 1460 idem
2628 1405 2723 1460 Dei
2756 1405 2924 1461 Filius
2977 1407 3313 1475 exploratur.
3350 1406 3486 1460 l-luic
3534 1407 3588 1461 in
3621 1447 3624 1450 ι

1986 1502 2422 1554 exhortationem
2455 1500 2699 1556 victricis
2735 1501 3057 1554 constantia:
3087 1501 3278 1570 Angeli
3314 1501 3593 1554 ministra-

1987 1603 2218 1657 verunt;
2252 1593 2339 1646 hic
2393 1593 2620 1646 traditus
2649 1592 2841 1647 osculo
2868 1633 2882 1658 ,
2920 1600 3100 1646 tentus
3127 1607 3188 1644 ac
3232 1605 3424 1660 passus
3455 1600 3542 1645 est
3577 1608 3590 1643 :

1989 1698 2045 1743 et
2075 1688 2120 1741 si
2155 1688 2368 1756 probari
2408 1703 2598 1743 verum
2646 1686 2922 1740 hominem
2978 1686 3164 1741 infelix
3211 1686 3436 1755 perﬁdia
3493 1685 3597 1742 sibi

268 1772 414 1842 plicii
447 1774 679 1828 mitioris
699 1816 714 1839 ,
751 1785 808 1829 ut
840 1775 1114 1830 credimus
1145 1818 1158 1841 ,
1188 1774 1379 1844 jndicii
1408 1785 1555 1830 sorte
1598 1777 1874 1844 pensanda
1908 1770 1954 1829 B
1982 1780 2150 1845 velit,
2185 1781 2510 1835 clamantem
2535 1779 2605 1835 de
2631 1795 2795 1835 cruce
2825 1779 3136 1850 priusquam
3164 1791 3473 1834 moreretur
3494 1795 3592 1833 au-

267 1876 414 1924 sunt.
451 1867 619 1924 lsthic
647 1879 827 1925 autem
856 1870 1230 1926 satisfaciendi
1275 1871 1491 1942 quidem
1530 1881 1744 1942 tempus
1771 1873 1866 1928 ad-

269 1963 508 2016 mittitur
532 1981 546 2016 :
571 1963 665 2018 sed
687 1963 792 2018 nisi
816 1964 1013 2033 digus
1037 1967 1374 2034 pmuiteutia:
1396 1968 1602 2022 fruetus
1629 1975 1688 2023 et
1708 1983 1875 2038 opera

269 2054 705 2124 subsequantur,
738 2063 981 2111 mter-nus
1013 2057 1153 2128 ignis
1202 2066 1286 2112 est
1313 2060 1626 2127 vermisque
1677 2075 1874 2128 perpe-

271 2157 429 2214 tuus;
485 2151 716 2204 Domino
773 2151 984 2206 hisdem
1021 2153 1074 2205 in
1125 2152 1436 2220 Evangeliis
1486 2163 1876 2222 protcslante:

276 2243 510 2310 Quorum
538 2243 720 2296 vermis
760 2260 862 2298 non
893 2245 1140 2298 morietur
1166 2285 1180 2308 ,
1214 2261 1308 2298 nec
1356 2245 1489 2315 ignis
1547 2247 1878 2317 extinguetur

273 2335 485 2408 (Marc.
514 2352 565 2391 ιχ
585 2382 601 2408 ,
631 2337 724 2401 45,
749 2339 818 2392 45
838 2376 855 2405 ,
889 2338 988 2403 47;
1023 2337 1133 2392 lsa.
1159 2355 1303 2401 vat,
1331 2339 1460 2408 24).
1496 2338 1579 2393 lbi
1603 2343 1702 2393 erit
1727 2344 1880 2411 [lctus

271 2439 322 2483 et
347 2429 540 2482 stridor
569 2430 798 2483 dentium
825 2431 842 2498 (
873 2429 1063 2482 Matth.
1099 2446 1216 2496 vut,
1254 2431 1314 2485 l2
1337 2433 1378 2501 ).
1413 2429 1529 2486 Non
1556 2447 1689 2502 ergo
1741 2434 1880 2488 alius

273 2520 327 2576 in
368 2521 588 2575 Christo
623 2521 801 2585 Deus,
860 2521 1121 2591 aliudque
1167 2521 1536 2592 principium;
1589 2521 1686 2576 sed
1741 2522 1882 2577 idem

273 2611 401 2667 lata:
431 2612 562 2667 olim
589 2622 643 2666 et
666 2628 810 2668 nunc
843 2613 1078 2683 implet-.e
1102 2621 1295 2669 auctor
1322 2621 1407 2669 est
1435 2613 1570 2685 legis
1602 2631 1614 2668 :
1643 2629 1742 2670 nec
1768 2630 1886 2668 ma-

273 2704 358 2760 lus
389 2707 442 2759 in
465 2705 732 2762 'l‘rinitate
758 2709 1048 2776 quisquam
1072 2749 1087 2773 ,
1119 2705 1242 2777 quia
1275 2724 1414 2762 unus
1434 2707 1634 2763 dicitur
1660 2709 1838 2766 bonus
1869 2725 1884 2772 :

275 2803 370 2857 sed
398 2819 522 2858 cum
553 2804 606 2857 in
650 2817 758 2858 uno
805 2804 916 2858 Deo
941 2803 1242 2858 divinitatis
1284 2804 1464 2858 unitas
1504 2802 1881 2872 exprimatur,

276 2895 466 2951 eadem
522 2909 748 2951 necesse
799 2907 883 2950 cst
934 2895 1192 2950 bonitatis
1238 2895 1570 2963 unitatisque
1599 2893 1880 2964 inqualitas

279 2987 565 3042 intimatur
599 3006 611 3041 :
643 3003 764 3044 cum
797 2998 853 3042 et
884 2988 937 3042 in
969 2987 1087 3058 lege
1115 2987 1548 3056 custosjuStitiae
1582 2986 1849 3042 seVeritas
1871 3027 1887 3054 ,

279 3095 386 3134 non
414 3080 620 3135 malitia
650 3081 721 3136 sit
748 3080 982 3148 putanda
1010 3097 1025 3145 ;
1059 3089 1116 3135 et
1141 3081 1194 3135 in
1217 3079 1524 3150 Evangeliis
1551 3078 1757 3150 absque
1781 3079 1893 3149 ius-

281 3174 398 3229 titia
423 3175 635 3229 bonitas
661 3190 766 3229 non
789 3174 1084 3230 credenda.

353 3266 449 3321 llis
473 3277 736 3335 praeterea
767 3266 896 3321 illud
927 3266 1209 3335 adjiciunt,
1239 3281 1345 3320 non
1377 3281 1560 3320 veram
1593 3265 1644 3319 in
1676 3264 1892 3320 Christo

280 3377 500 3419 carnem
536 3361 705 3416 fuisse
727 3403 742 3428 ,
804 3362 900 3416 sed
927 3361 953 3399 δ
988 3378 1056 3415 ex
1109 3363 1294 3417 nescio
1321 3377 1425 3432 qua
1471 3379 1530 3416 re
1574 3364 1658 3416 vel
1689 3360 1892 3417 ﬂuento

284 3452 538 3507 frivolam
594 3452 832 3521 speciem
863 3469 960 3522 pro
993 3451 1216 3508 homine
1244 3453 1696 3508 demonstratam.
1751 3454 1892 3520 Quid

283 3562 414 3618 ergo
445 3546 697 3601 universa
732 3545 1044 3616 praidicatio
1091 3546 1478 3616 prophetarum
1507 3547 1576 3599 de
1620 3547 1890 3615 corporali

283 3640 401 3709 ejus
437 3641 719 3694 nativitate
745 3637 1104 3707 prtemonuit?
1128 3638 1266 3706 Quid
1290 3638 1522 3693 diversis
1552 3639 1760 3694 vicibus
1783 3643 1893 3693 An-

283 3733 388 3803 geli
419 3743 547 3786 sunt
576 3733 740 3787 locuti
766 3731 789 3784 'l
817 3731 1057 3786 Joannes
1085 3729 1283 3786 deinde
1307 3730 1537 3786 fortasse
1561 3748 1665 3786 non
1692 3731 1892 3787 missus

284 3833 400 3889 est,
455 3836 548 3878 aut
601 3825 686 3879 illa
717 3824 785 3878 ad
827 3825 1080 3880 eumdem
1117 3822 1212 3878 Dei
1245 3823 1421 3877 Patris
1449 3824 1578 3877 falsa
1620 3825 1890 3880 sententia

285 3929 373 3975 est
399 3937 410 3972 :
441 3917 580 3972 Ecce
635 3920 783 3972 mitto
815 3917 1068 3990 Angelum
1116 3935 1286 3971 meum
1327 3928 1446 3971 ante
1497 3918 1685 3988 faciem
1709 3930 1849 3972 tuam
1876 3960 1891 3984 ,

290 4013 379 4079 qui
405 4011 720 4083 prteparabit
751 4011 886 4064 viam
908 4021 1048 4063 tuam
1087 4009 1348 4079 (Malach.
1383 4025 1439 4063 ut
1460 4049 1473 4073 ,
1510 4009 1534 4062 1
1563 4009 1604 4079 ).
1635 4010 1771 4078 Quid
1801 4010 1896 4065 de-

289 4103 452 4174 nique
474 4104 613 4158 intra
638 4102 1013 4159 beatissimam
1041 4101 1316 4172 Virginem
1341 4101 1542 4156 inlusio
1567 4105 1741 4158 sancti
1764 4103 1890 4173 Spi-

286 4201 427 4252 ritus
451 4197 625 4254 fecit?
659 4197 770 4251 Cur
803 4212 909 4252 non
945 4197 997 4251 in
1025 4197 1381 4252 abolitionem
1413 4198 1713 4252 secundum
1748 4214 1890 4266 prte-

288 4291 464 4346 dictos
497 4291 756 4344 tumentis
787 4291 927 4344 uteri
958 4300 1172 4360 tempus
1193 4298 1480 4359 exceptum
1505 4291 1631 4346 est?
1677 4290 1775 4346 Ubi
1806 4292 1890 4346 in-

291 4391 436 4452 tegra
462 4383 634 4436 felicis
664 4383 934 4452 puerperii
964 4383 1151 4451 signa,
1177 4391 1231 4435 et
1263 4390 1448 4451 partus
1497 4393 1731 4436 matrum
1777 4399 1892 4437 om-

290 4477 438 4530 nium
468 4476 1164 4532 Conditione-sublimior?
1227 4476 1407 4532 lnl‘ans
1463 4478 1515 4532 in
1557 4480 1891 4549 praisepibus

1979 1874 2091 1928 diat
2123 1891 2135 1926 :
2172 1872 2315 1928 Deus
2339 1915 2352 1937 ,
2388 1873 2529 1928 Deus
2577 1890 2721 1927 meus
2747 1915 2762 1938 ,
2792 1889 2952 1944 quare
2999 1890 3077 1926 me
3105 1874 3424 1943 dereliquisti
3456 1879 3473 1940 (
3500 1870 3593 1927 Ps.

1985 1984 2075 2024 xxI
2105 2010 2118 2034 ,
2153 1967 2266 2039 l)?
2297 1968 2401 2024 Ubi
2449 1967 2596 2023 enim
2645 1967 2924 2021 humilitas
2951 1977 3007 2020 et
3039 1967 3239 2036 injuria
3269 1977 3384 2035 est,
3421 1966 3598 2022 bomio

1987 2077 2111 2115 nem
2147 2061 2424 2130 intelligas
2456 2079 2467 2113 :
2500 2061 2590 2114 ubi
2622 2061 2795 2114 virtus
2841 2069 2895 2113 et
2943 2057 3234 2126 diVlDililS,
3277 2060 3447 2114 Deum
3479 2073 3598 2114 cre-

1988 2153 2118 2218 das,
2190 2153 2455 2222 Apostolo
2508 2153 2586 2207 sic
2643 2153 2876 2208 docente
2916 2169 2928 2205 :
2965 2151 3108 2205 Deus
3157 2153 3344 2205 eratin
3395 2151 3600 2207 Christo

1989 2247 2239 2300 mundum
2270 2246 2616 2300 reconcilians
2636 2245 2732 2299 sibi
2767 2244 2834 2315 (Il
2865 2244 2988 2298 Cor.
3017 2261 3049 2297 v
3073 2285 3086 2309 ,
3121 2244 3234 2313 19).

2056 2339 2195 2392 Ecce
2227 2338 2374 2393 enim
2401 2337 2650 2391 inﬁrmus
2678 2353 2740 2390 ac
2773 2337 3026 2390 subditus
3051 2347 3258 2391 statuto
3319 2338 3602 2406 Apostolis

1983 2429 2104 2483 loco
2131 2429 2276 2484 sicut
2313 2429 2643 2499 prazdixerat
2667 2471 2681 2493 ,
2716 2431 2875 2482 tertia
2907 2428 2996 2481 die
3022 2444 3322 2498 resurgens
3357 2430 3442 2484 vix
3473 2447 3598 2486 cre-

1983 2521 2194 2576 dendus
2223 2521 2570 2592 stupentibus
2599 2518 2772 2585 redit,
2805 2519 3101 2588 fractisque
3127 2520 3287 2574 inferi
3317 2521 3588 2588 faucibus,

1987 2615 2124 2668 cado
2150 2613 2336 2668 sedem
2367 2614 2642 2667 locaturus
2665 2611 2934 2682 apparuit.
2965 2613 3178 2666 Gratias
3202 2614 3321 2681 tibi,
3353 2613 3584 2678 Thema,

1988 2707 2080 2777 qui
2111 2721 2253 2760 unus
2306 2723 2371 2761 ex
2413 2705 2666 2761 omnibus
2701 2706 2910 2760 tardius
2950 2706 3270 2773 credidisti,
3302 2709 3392 2778 qui
3417 2709 3600 2764 clavo-

1995 2819 2112 2857 rum
2139 2804 2257 2858 loca
2283 2802 2509 2872 palpans
2531 2811 2587 2857 et
2611 2802 2779 2856 totius
2804 2801 3075 2870 passionis
3101 2801 3301 2857 indicia
3326 2803 3596 2873 ﬂagitans,

1996 2896 2217 2967 probari
2250 2897 2344 2951 tibi
2382 2895 2711 2950 conﬁtenter
2739 2895 3089 2966 expostulas,
3125 2895 3268 2964 quod
3292 2908 3407 2950 erat
3433 2913 3605 2967 quan-

1996 2992 2177 3063 doque
2203 3008 2232 3046 a
2276 2991 2499 3061 perﬁdis
2543 2990 2944 3060 denegandum.
2997 2988 3250 3045 Profecto
3281 2989 3495 3045 facilius
3527 2995 3608 3047 in-

1997 3102 2321 3158 corporeum
2355 3084 2584 3139 rediisse
2610 3085 3007 3138 contenderent
3039 3100 3196 3150 quem
3221 3084 3339 3139 sine
3373 3100 3605 3153 corpore

1919 3149 1965 3213 Ο
1997 3180 2200 3235 vixisse
2248 3180 2570 3248 confingunt
2594 3219 2608 3242 ,
2656 3193 2723 3231 ex
2769 3177 2870 3231 hoc
2903 3177 3131 3232 fallacia:
3160 3178 3466 3247 superioris
3498 3178 3612 3233 suf-

1993 3272 2169 3343 fragia
2198 3272 2554 3342 colligentes,
2598 3270 2740 3340 quod
2765 3285 2912 3323 mare
2964 3269 3191 3338 pedibus
3221 3283 3611 3340 supergressus

1995 3367 2084 3431 sit,
2103 3368 2244 3437 quod
2270 3365 2541 3419 manentia
2567 3363 2906 3432 improvidus
2923 3362 3156 3416 claustra
3187 3362 3510 3432 penetrarit,
3531 3371 3614 3415 at-

1997 3475 2102 3527 que
2129 3468 2396 3524 exceptus
2421 3456 2564 3510 nube
2592 3453 2820 3523 fulgenti
2867 3462 3150 3516 paternum
3175 3453 3372 3508 solium
3413 3452 3609 3507 iterum

1995 3562 2258 3607 venturus
2286 3547 2640 3603 inseanderit.
2665 3547 2766 3612 Qui
2786 3545 3030 3607 Petrum,
3050 3545 3276 3614 jubente
3304 3545 3519 3605 eodem.
3546 3547 3600 3600 in

1996 3642 2249 3698 fluctibus
2266 3640 2575 3695 ambulasse
2591 3653 2697 3692 non
2715 3639 2981 3701 nesciant,
2999 3646 3054 3692 ct
3074 3637 3397 3692 eadentibus
3416 3647 3609 3706 sponte

1995 3736 2226 3793 vinculis
2249 3735 2508 3790 emissum
2539 3731 2786 3787 custodia
2809 3731 3045 3784 carceris
3077 3745 3176 3798 per
3207 3731 3472 3799 Angelum
3497 3746 3605 3784 non

1996 3831 2287 3900 ignorent:
2323 3827 2547 3881 Paulum
2573 3840 2706 3879 vero
2738 3834 2794 3876 ut
2825 3821 3084 3877 invidiam
3117 3822 3375 3876 vanitatis
3403 3822 3605 3893 elfuge-

1996 3933 2116 3988 ret,
2167 3921 2483 3986 incorpore
2531 3933 2598 3970 an
2649 3927 2804 3970 extra
2853 3930 3091 3982 corpus,
3143 3914 3245 3968 sub
3293 3914 3385 3968 Dei
3423 3926 3604 3971 tamen

1998 4015 2230 4070 scientia
2263 4028 2435 4084 usque
2488 4011 2554 4066 ad
2614 4010 2813 4065 ccelum
2849 4009 3066 4064 tertium
3125 4011 3232 4064 isse
3286 4008 3602 4066 fateantur:

1999 4107 2207 4162 Heliam
2234 4105 2472 4173 denique
2495 4117 2660 4157 curru
2693 4102 2850 4170 igneo
2878 4099 3047 4154 fuisse
3088 4100 3361 4155 sublatum
3385 4143 3400 4168 ,
3435 4112 3488 4157 et
3517 4116 3604 4156 as-

2000 4203 2267 4273 picientes
2308 4200 2707 4268 relinquentem
2732 4193 3026 4266 prophetas
3059 4194 3363 4249 inauditum
3397 4196 3605 4251 homini

1999 4295 2106 4350 iter
2144 4292 2378 4347 subiisse
2430 4299 2885 4344 commemorent.
2921 4287 3023 4354 Qui
3049 4302 3193 4341 nunc
3241 4287 3294 4340 in
3324 4287 3422 4341 Dei
3456 4287 3600 4342 Filio

1998 4393 2232 4443 virtutes
2269 4383 2575 4454 hujusmodi
2608 4397 2714 4436 ttou
2765 4378 3090 4441 credentes,
3125 4378 3251 4432 dtnn
3285 4395 3601 4436 sacramen-

1997 4491 2112 4536 tum
2146 4496 2288 4535 νει-ιιι
2344 4474 2736 4532 incarnationis
2765 4473 3056 4542 abjurant,
3089 4481 3382 4541 actumque
3430 4473 3596 4526 dissi-

291 4569 530 4639 vagieus,
561 4577 718 4625 :ctate
747 4578 801 4624 et
826 4571 1091 4639 sapientia
1127 4585 1264 4639 puer
1291 4585 1579 4636 crescens,
1611 4582 1773 4640 atque
1807 4573 1886 4626 in-
1916 4544 1969 4605 D
1997 4575 2207 4629 mulant
2233 4614 2246 4638 ,
2294 4583 2349 4625 ct
2401 4568 2676 4624 hominem
2729 4567 2926 4620 uolunt
2957 4565 3159 4618 habere
3195 4564 3337 4633 quod
3363 4567 3592 4632 meruit,

295 4672 375 4718 ter
398 4662 606 4717 electos
633 4663 910 4716 seniorum
940 4671 1117 4716 caelus
1156 4662 1463 4716 divinorum
1510 4663 1882 4718 iutellectuum

292 4758 637 4828 disputator?
675 4757 813 4824 Quid
851 4773 980 4826 rogo
1020 4756 1272 4825 impietas
1303 4755 1564 4824 flagitiosa
1595 4771 1703 4810 non
1744 4756 1892 4812 dice-

294 4861 406 4914 ret,
438 4853 481 4903 si
526 4850 641 4903 Ittcc
693 4850 946 4902 fundator
977 4849 1172 4903 salutis
1202 4851 1445 4904 omnium
1493 4865 1600 4906 noo
1641 4852 1842 4921 egisset
1875 4870 1888 4905 :

294 4946 338 4999 si
358 4944 662 5010 desiiiciens
691 4941 1100 5011 prs-dicantcm,
1131 4948 1186 4994 et
1212 4942 1523 5009 opinionem
1553 4953 1760 4996 tantum
1784 4944 1893 4998 ori-

295 5040 468 5111 ginis,
501 5054 605 5091 non
640 5039 953 5107 mysterium
990 5051 1131 5091 vera:
1161 5037 1454 5090 nativitatis
1479 5036 1784 5108 intelligens
1812 5041 1892 5094 in-

297 5132 514 5187 credula
541 5129 850 5184 Juda-orum
882 5130 1034 5183 turba
1056 5127 1296 5182 siluisset
1323 5127 1510 5182 dicens
1553 5146 1565 5181 :
1598 5130 1788 5182 Nonne
1815 5132 1898 5185 hic

297 5239 369 5282 est
401 5226 539 5296 ﬁlius
563 5223 759 5287 Ioseph
788 5223 954 5293 fabri,
991 5233 1037 5276 et
1069 5232 1230 5276 mater
1258 5231 1303 5276 et
1346 5224 1534 5294 fratres
1562 5224 1674 5292 ejus
1722 5226 1896 5279 nobis—

299 5336 413 5374 cum
440 5325 559 5371 sunt
585 5317 602 5390 (
630 5315 820 5370 Matth.
857 5331 988 5379 xttt,
1020 5315 1090 5370 55
1116 5314 1170 5383 )?
1207 5315 1330 5370 Veri
1357 5331 1485 5386 ergo
1509 5317 1743 5373 hominis
1772 5334 1897 5390 gra-

301 5411 400 5465 dus
457 5410 542 5464 isti
573 5417 734 5473 sunt,
788 5417 843 5463 et
870 5422 1138 5462 annorum
1173 5410 1542 5463 communium
1589 5425 1739 5465 certa
1772 5428 1896 5480 pro-

376 5540 399 5566 ο
425 5530 496 5582 lia
521 5528 788 5582 edidimus
817 5541 848 5582 e
877 5525 1063 5579 codice
1094 5525 1257 5579 Vind.
1287 5542 1301 5591 ;
1335 5525 1387 5579 in
1413 5526 1574 5580 editis
1602 5527 1676 5580 sic
1717 5529 1888 5584 direr—

304 5619 436 5658 sunt.
481 5600 628 5653 llaud
661 5601 730 5652 ita
761 5598 930 5651 multo
962 5607 1084 5664 post
1113 5598 1201 5649 tibi
1233 5614 1298 5650 ex
1341 5598 1532 5652 eodem
1565 5600 1888 5668 scripsimus

305 5670 550 5740 qualitate
577 5671 855 5740 supplicii,
890 5679 1046 5722 antea
1082 5668 1358 5740 legebatur
1388 5669 1673 5738 supplicia,
1708 5673 1789 5726 sic
1834 5681 1892 5726 ut

308 5736 368 5800 ea
399 5759 500 5795 vox
532 5736 827 5794 referretur
853 5740 916 5793 ad
943 5736 1180 5808 expensa
1201 5781 1213 5802 ,
1248 5736 1618 5796 fortast'e'non
1653 5745 1816 5798 male.

386 5813 411 5852 b
435 5811 524 5869 Sic
547 5821 775 5881 uterque
818 5812 985 5864 codex
1016 5812 1168 5865 Lem.
1200 5820 1252 5864 ct
1286 5810 1479 5874 Vind.;
1516 5813 1663 5883 prior
1692 5814 1890 5884 editio,

667 5907 938 5967 PATROI.
991 5906 1138 5968 XX.

1996 4677 2051 4722 et
2083 4669 2250 4721 Dettm
2277 4679 2384 4718 non
2416 4662 2650 4717 credunt
2681 4661 2922 4727 potuisse
2962 4656 3106 4725 quod
3138 4658 3282 4710 fecit.

2591 4751 2822 4807 CAPUT
2874 4749 3015 4804 Xlll.

1998 4854 2187 4909 Contra
2215 4850 2554 4906 Marcionitas
2576 4856 2622 4900 et
2658 4844 3003 4898 Pltottnianos
3027 4883 3040 4901 ,
3072 4857 3291 4911 quorum
3323 4859 3460 4897 unus
3487 4841 3590 4898 Dei

2075 4946 2268 5000 Filium
2297 4945 2454 5014 fuisse
2481 4937 2800 5010 corporalem
2828 4941 3038 5005 refutat,
3074 4935 3209 4987 alius
3241 4952 3333 5003 pro
3366 4946 3593 5007 tempore

2070 5039 2230 5108 fuisse
2257 5048 2588 5105 corporeum,
2631 5037 2935 5097 perpetuum
2962 5044 3068 5080 esse.
3099 5045 3201 5080 non
3229 5045 3377 5097 posse
3406 5033 3588 5084 credit.

2069 5131 2270 5184 APOLL.
2291 5154 2363 5166 --
2387 5122 2566 5178 Patuit
2595 5136 2759 5176 sectae
2793 5121 2954 5188 huius
3000 5120 3250 5188 impietas
3273 5166 3285 5189 ,
3335 5132 3391 5176 et
3421 5125 3593 5177 niani-

1996 5221 2134 5276 feste
2164 5215 2526 5274 exsecrabilis
2565 5213 2873 5268 damnanda
2900 5214 3185 5281 persuasio
3209 5255 3224 5278 ,
3257 5213 3502 5283 quamvis
3531 5214 3589 5270 in

1995 5315 2240 5372 exordiis
2271 5309 2602 5366 narrationis
2626 5309 2864 5377 itiSpecta
2907 5307 3006 5371 sit,
3037 5307 3110 5359 de
3139 5310 3373 5375 propriis
3407 5319 3588 5362 tamen

1993 5419 2078 5469 est
2105 5410 2244 5464 facta
2271 5405 2539 5482 signatior
2564 5422 2577 5458 :
2606 5417 2954 5471 consequens
2978 5416 3121 5455 nunc
3139 5407 3255 5465 est,
3283 5409 3340 5452 ut
3368 5415 3491 5468 qua:
3519 5401 3589 5456 sit

1998 5547 2060 5587 ex
2090 5525 2258 5582 nescio
2287 5540 2387 5594 quo
2411 5537 2582 5594 αθνεοη
2668 5591 2678 5594 _
2744 5589 2755 5594 _
2834 5589 2842 5594 _
2995 5587 3004 5594 .
3142 5585 3151 5594 .

2074 5612 2096 5639 ο
2129 5598 2226 5652 Hic
2247 5583 2517 5651 iu'codice
2545 5591 2704 5646 Vind.
2743 5589 2960 5652 legitur,
2990 5583 3360 5639 inaestimabilis
3400 5585 3594 5638 sancti-

2000 5673 2140 5729 tatis.
2188 5669 2325 5722 lufra
2356 5708 2370 5730 ,
2402 5666 2489 5719 ubi
2515 5663 2733 5718 audiat:
2768 5657 2903 5712 Deus
2924 5698 2939 5723 ,
2971 5667 3128 5711 antea
3173 5655 3459 5724 legebatur
3491 5672 3586 5708 au-

2000 5746 2150 5799 direl.

3037 5885 3114 5948 3G
