4092 6176
593 253 728 310 1131

1856 240 2174 300 ZACCHAL'I
2210 238 2600 300 CHRISTIANI

3682 246 3787 306 H3!

587 368 817 421 aliarum
850 364 904 418 in
928 377 1022 418 sua
1048 360 1338 416 traditione
1367 359 1700 429 perversitas
1729 401 1745 426 ,
1774 359 1864 416 vel
1891 375 2056 431 quam
2079 358 2179 414 de-
2210 363 2265 425 Α
2290 360 2503 415 ramine
2556 355 2824 426 genitoris
2875 368 3030 409 usum
3083 351 3203 408 vitae
3253 357 3533 413 communis
3575 362 3789 433 accipiat:

589 457 899 514 fensionem
947 453 1173 524 objiciat
1202 452 1542 522 singularum
1612 451 1834 506 modum
1870 463 2191 508 servaturus

590 551 890 613 edisseras;
917 548 1039 619 quia
1070 545 1354 617 speciatim
1383 545 1633 601 ordinata
1683 545 1966 601 distinctio
1992 544 2191 601 confu-

588 647 798 701 sionem
828 641 1205 698 intellectibus
1243 639 1531 711 derogabit
1554 679 1568 704 ,
1622 638 1749 694 dum
1782 640 2188 710 expositionum

585 739 708 795 luce
752 736 826 793 sit
862 736 1098 800 clarius,
1144 734 1291 805 quod
1322 748 1572 789 errorum
1603 733 1846 789 tenebris
1879 733 2186 788 involutum

582 831 766 887 lumen
798 843 1018 899 semper
1049 825 1247 898 refugit
1268 826 1540 882 veritatis.

658 924 858 979 Zaccn.
893 953 951 964 -
979 921 1289 976 lntimatum
1321 925 1409 976 est
1438 918 1697 990 superius
1729 918 2076 975 Marcionitas
2105 931 2195 972 se-

585 1015 826 1074 cundum
857 1013 1205 1070 divinitatem
1236 1012 1333 1066 Dei
1363 1011 1565 1067 Filium
1596 1012 1856 1077 credere,
1891 1010 2191 1066 secundum

581 1109 862 1165 hominem
895 1107 1131 1162 refutare
1159 1124 1170 1160 :
1199 1105 1556 1161 Photiniauos
1581 1122 1610 1160 e
1633 1106 1932 1180 contrario,
1957 1119 2023 1158 ex
2057 1112 2194 1159 tem-

581 1214 718 1271 pore
755 1209 990 1254 terrente
1046 1196 1349 1251 nativitatis
1401 1195 1496 1250 Dei
1543 1194 1737 1249 Filium
1784 1195 2005 1257 dicere,
2066 1201 2196 1248 ante

585 1303 834 1362 tempora
857 1290 1100 1346 difﬁteri.
1123 1287 1260 1344 Vide
1289 1286 1726 1343 concertantium
1757 1288 2108 1356 perlidiarum
2143 1290 2194 1342 in

583 1400 690 1440 una
739 1383 1030 1439 collatione
1077 1382 1366 1435 veritatem
1414 1397 1425 1433 :
1465 1380 1625 1435 simul
1666 1379 1812 1449 quod
1858 1381 1910 1434 in
1957 1390 2069 1435 toto
2111 1389 2196 1434 est

583 1486 782 1532 neuter
809 1475 1125 1539 conﬁtetur,
1164 1483 1219 1528 et
1248 1472 1393 1543 quod
1423 1473 1591 1529 simul
1623 1474 1676 1527 in
1709 1481 1822 1528 toto
1849 1483 1935 1527 est
1967 1481 2196 1540 uterque

585 1585 694 1626 non
727 1568 928 1623 renuit.
962 1566 1056 1622 Dei
1099 1565 1246 1621 enim
1279 1565 1453 1621 Filius
1484 1567 1537 1620 in
1578 1565 1760 1622 Verbo
1790 1575 1916 1621 ante
1947 1567 2192 1621 omnium

583 1662 913 1717 saeculorum
954 1659 1296 1714 creationem
1341 1671 1503 1714 natus
1552 1676 1618 1714 ex
1653 1659 1848 1726 Patre,
1891 1659 1960 1714 de
1990 1661 2196 1730 sempi-

2295 451 2441 508 unde
2480 450 2506 489 δ
2543 451 2660 506 haec
2709 451 2762 504 in
2813 447 3157 505 Salvatorem
3205 448 3475 505 suscitatio
3512 467 3789 524 comparata,

2295 545 2495 600 merito
2531 542 2763 614 subjecit
2789 559 2800 594 :
2833 539 2966 609 Quis
2995 539 3262 594 suscitabit
3292 541 3435 594 eunt?
3476 541 3625 599 Nemo
3651 547 3794 617 utique

2296 635 2401 690 nisi
2425 635 2608 691 Pater.
2642 634 2915 688 Adoratus
2939 645 3076 687 vero
3097 629 3262 686 ludas
3283 645 3312 686 a
3336 631 3571 690 fratribus
3594 639 3688 692 suis
3713 654 3792 694 non

2295 727 2540 784 eStzsed
2580 727 2709 798 quia
2756 742 2824 781 es
2876 725 3066 781 eadem
3117 725 3260 779 tribu
3306 738 3492 795 corpus
3534 733 3798 799 assumpsit,

2297 820 2632 892 propheticus
2658 818 3057 875 benedictionis
3097 816 3330 886 eloquiis
3351 816 3580 874 Salvator
3603 822 3646 876 in
3666 821 3796 891 Juda,

2295 915 2590 971 credentes
2619 924 2802 969 autem
2839 919 3230 981 computantur
3273 911 3322 965 in
3353 910 3617 977 fratribus;
3643 913 3737 983 ipso
3761 917 3800 969 in

2299 1008 2611 1079 Evangeliis
2644 1008 2721 1062 sic
2750 1014 3093 1077 protestante
3127 1021 3138 1057 :
3167 1002 3240 1057 Hi
3270 1013 3384 1058 sunt
3410 1005 3580 1073 fratres
3605 1008 3707 1072 mei,
3733 1009 3802 1076 qui

2297 1102 2496 1168 [aciunt
2520 1102 2842 1155 voluntatem
2873 1096 3053 1152 Patris
3081 1097 3181 1151 mei
3208 1097 3294 1166 qui
3317 1106 3390 1151 est
3418 1097 3470 1150 in
3490 1099 3610 1152 cretis
3632 1097 3804 1169 (Matth.

2296 1210 2390 1263 ιιι,
2424 1194 2538 1266 50).
2571 1195 2761 1248 Esaias
2792 1191 3022 1262 perinde
3052 1192 3129 1246 ait
3156 1211 3166 1244 :
3202 1187 3493 1260 Confortate
3515 1207 3670 1245 uiantis
3693 1209 3801 1245 reso-

2294 1290 2469 1354 lutas,
2524 1297 2572 1340 et
2619 1303 2785 1360 genua
2828 1286 3019 1339 debilia
3068 1285 3306 1338 roborata
3351 1297 3369 1338 :
3414 1283 3640 1338 Dominus
3676 1296 3811 1338 noster

2288 1381 2556 1452 judicium
2604 1380 2838 1434 retribuit
2872 1394 2890 1432 :
2920 1380 3029 1449 ipse
3073 1379 3235 1431 ueniet
3278 1385 3324 1430 et
3367 1377 3525 1430 salvos
3565 1377 3693 1446 faciet
3721 1394 3805 1431 nos.

2301 1472 2444 1528 Tunc
2487 1473 2794 1543 aperientur
2834 1472 2970 1525 oculi
3003 1485 3290 1536 ctrcorum,
3330 1480 3377 1524 ct
3421 1484 3560 1522 aures
3595 1469 3813 1523 sardoniis

2296 1571 2508 1624 audient
2551 1585 2568 1622 :
2609 1579 2733 1622 tunc
2775 1568 2927 1622 saliet
2978 1566 3202 1620 claudus
3245 1567 3375 1619 sicut
3409 1564 3812 1632 remanentium

2295 1665 2392 1719 erit
2425 1664 2608 1736 lingua
2637 1671 2895 1716 titulorum
2923 1661 2941 1731 (
2965 1660 3078 1714 Isa.
3111 1673 3284 1728 xxxv,
3315 1657 3464 1728 4-6).

582 1763 740 1810 terno
773 1752 1178 1822 sempiternus,
1213 1767 1376 1806 verus
1406 1768 1470 1807 ex
1503 1767 1632 1808 vero
1663 1762 1766 1808 est.
1808 1751 1995 1822 Neque
2037 1754 2091 1808 in
2121 1769 2189 1820 eo
2221 1755 2266 1818 Β
2364 1756 2485 1812 lam
2516 1755 2738 1825 quidem
2780 1757 2884 1809 hoc
2930 1754 2982 1808 in
3019 1753 3324 1822 Evangelio
3360 1752 3594 1807 novimus
3619 1749 3813 1805 factum:

584 1847 733 1902 aliud
782 1856 963 1916 potest
1009 1861 1134 1901 esse
1181 1860 1345 1915 quam
1399 1845 1450 1899 id
1500 1843 1647 1914 quod
1696 1858 1917 1915 semper
1945 1847 2000 1900 in
2032 1847 2194 1900 Patre

577 1951 664 1995 est
685 1979 698 2004 ,
743 1940 867 2008 ipso
914 1939 966 1992 in
999 1936 1321 2008 Evangeliis
1352 1938 1455 1992 hoc
1481 1936 1724 1992 docente
1761 1953 1774 1990 :
1825 1937 2019 1992 Omnia
2047 1954 2193 2008 quee—

575 2049 792 2101 cumque
842 2031 994 2085 habet
1023 2029 1218 2095 Pater,
1272 2046 1388 2085 mea
1416 2038 1536 2084 sunt
1569 2027 1774 2101 (Joan.
1807 2046 1920 2097 xvs,
1955 2032 2090 2100 15).
2125 2032 2193 2086 Et

581 2135 766 2181 tamen
797 2141 906 2181 non
955 2126 1029 2180 ita
1059 2126 1127 2179 ab
1156 2139 1226 2180 eo
1254 2125 1402 2179 velut
1431 2125 1535 2178 soli
1567 2124 1788 2193 propria
1817 2124 2186 2192 vindicantur,

583 2220 679 2274 sed
712 2221 784 2272 ita
814 2217 1126 2272 communia
1153 2257 1168 2282 ,
1201 2226 1256 2270 nt
1285 2216 1339 2269 in
1373 2216 1605 2286 singulis
1633 2216 1813 2285 plena.
1849 2217 1921 2271 Et
1947 2218 2146 2272 iterum
2175 2237 2186 2274 :

582 2312 849 2367 Abraham
890 2311 1011 2363 vidit
1042 2311 1179 2362 diem
1208 2324 1400 2375 meum,
1434 2318 1480 2361 et
1512 2307 1718 2362 [tutatus
1746 2319 1819 2362 est
1848 2309 2033 2379 (Joan.
2069 2325 2186 2373 vrtt,

578 2404 704 2475 l6).
741 2405 840 2468 Et,
870 2403 1001 2456 Ante
1028 2400 1290 2454 Abraham
1319 2418 1413 2470 ego
1441 2417 1558 2454 sum
1583 2399 1777 2468 (Ibid,
1813 2403 1938 2472 58).
1973 2403 2188 2459 Dicitur

586 2497 817 2569 perinde
848 2497 915 2552 ad
965 2494 1334 2566 patriarcbam
1357 2494 1529 2550 Jacob
1565 2512 1579 2548 :
1611 2493 1724 2550 Fac
1749 2497 1832 2551 illi
1860 2494 1972 2551 Deo
1999 2499 2188 2563 altare,

578 2594 667 2663 qui
695 2592 784 2646 tibi
829 2592 1079 2660 apparuit
1109 2606 1225 2644 cum
1256 2591 1458 2659 fugeres
1489 2605 1520 2642 a
1566 2591 1701 2657 facie
1725 2591 1902 2659 fratris
1941 2594 2016 2645 tui
2045 2591 2190 2649 Esau

578 2685 744 2757 (Gen.
778 2701 941 2751 xxxv,
976 2684 1066 2752 1).
1096 2686 1238 2754 (Ipse
1281 2685 1477 2739 iterum
1513 2683 1565 2738 in
1596 2683 1896 2755 Evangelio
1925 2687 2006 2741 sic
2033 2687 2182 2743 lucu-

576 2788 666 2834 tus
695 2777 760 2832 ad
785 2777 1001 2832 Patrem
1025 2787 1108 2831 est
1133 2795 1144 2830 :
1171 2776 1418 2847 Clariﬁca
1443 2793 1543 2844 me,
1569 2775 1752 2843 Pater,
1773 2778 2008 2834 claritate
2029 2797 2185 2849 quam

577 2867 737 2922 habui
761 2868 902 2937 apud
933 2877 1003 2936 te,
1035 2869 1180 2936 prius
1209 2884 1370 2939 quam
1399 2869 1623 2922 mundus
1653 2867 1796 2937 ﬁeret
1827 2867 2015 2939 (Icari.
2050 2887 2182 2935 xvn,

581 2962 660 3031 5).
694 2963 800 3016 Iste
825 2971 909 3016 est
938 2962 1026 3031 qui
1059 2961 1320 3030 p0pulum
1344 2960 1413 3015 de
1436 2958 1678 3032 [Egypto
1705 2963 2016 3018 venientem
2046 2979 2184 3033 pm-

578 3056 748 3110 cessit
778 3055 830 3108 in
863 3055 1028 3108 nube.
1079 3054 1239 3108 lllutn
1283 3054 1475 3108 Esaias
1525 3055 1821 3111 manifesto
1850 3073 1880 3111 a
1913 3074 1972 3112 se
2002 3061 2182 3112 visum

580 3156 812 3204 testatur
859 3155 1108 3217 aspectu.
1159 3147 1254 3202 Ille
1287 3157 1310 3183 ίι
1343 3147 1578 3217 denique
1622 3163 1683 3201 se
1724 3149 2034 3218 principem
2074 3165 2181 3206 θαι·
2213 3152 2259 3217 C
2290 3154 2506 3224 gemina
2537 3152 2719 3207 Patris
2749 3167 2883 3207 voce
2912 3151 3187 3205 ﬁrmatum
3235 3159 3331 3204 est
3377 3166 3390 3202 :

578 3243 736 3298 lestis
770 3243 978 3296 i‘nilitizn
1022 3241 1140 3296 fore
1174 3242 1224 3294 in
1265 3243 1384 3295 acie
1415 3255 1442 3292 a
1475 3241 1608 3295 Jesu
1638 3240 1787 3297 Nave
1815 3243 2190 3312 interrogatus

579 3337 788 3392 edixit:
819 3334 988 3389 Nemo
1017 3336 1156 3388 enim
1197 3349 1447 3403 umquam
1476 3335 1614 3388 novit
1643 3333 1856 3390 Patrem
1879 3338 1984 3391 nisi
2016 3335 2189 3392 Filius

586 3428 772 3500 (sicut
796 3429 1063 3497 scriptum
1096 3438 1180 3482 cst
1204 3425 1245 3496 ),
1277 3436 1323 3479 et
1353 3428 1437 3480 cui
1465 3428 1685 3482 voluerit
1718 3427 1898 3483 Filius
1924 3429 2196 3486 ostendere

583 3521 808 3593 (Matth.
841 3537 917 3591 ιι,
949 3521 1074 3587 27).
1119 3520 1214 3575 llle
1247 3535 1307 3576 se
1337 3535 1558 3591 semper
1587 3521 1843 3576 humanis
1873 3524 2190 3593 aspectibus

587 3615 761 3682 dedit,
794 3615 945 3684 quia,
979 3614 1267 3670 caelestem
1299 3615 1626 3670 societatem
1673 3615 1956 3684 fragilitati
1989 3627 2192 3671 nostra:

583 3708 957 3764 admiratur-us
988 3707 1134 3778 (sic),
1163 3707 1214 3762 in
1249 3707 1474 3764 homine
1497 3709 1642 3779 quod
1663 3718 1782 3764 erat
1809 3710 2044 3777 futurus,
2079 3711 2188 3780 jam

584 3798 964 3855 meditabatur
988 3798 1249 3868 intelligi.
1265 3798 1395 3853 Haec
1420 3798 1607 3869 itaque
1630 3799 1967 3855 Mamionitis
1989 3816 2190 3856 secun-

593 3896 723 3951 dum
753 3895 1098 3950 divinitatem
1128 3893 1273 3949 dicta
1302 3894 1598 3949 sufﬁciant.

660 3988 996 4059 Corpoream
1056 3987 1399 4041 nativitatem
1448 3987 1775 4042 Photiniana
1807 3989 2048 4043 vicissim
2081 3988 2191 4044 bte-

589 4085 731 4140 resis
763 4089 1044 4154 agnoscat.
1075 4080 1166 4135 Ait
1190 4081 1453 4135 Dominus
1481 4081 1550 4135 ad
1575 4080 1790 4135 Nathan
1827 4082 2148 4151 prophetam
2176 4099 2190 4136 :

596 4178 764 4241 Vade,
798 4179 882 4231 dic
908 4192 1058 4230 servo
1100 4191 1210 4228 meo
1255 4173 1427 4228 David
1453 4192 1471 4228 .'
1517 4173 1641 4228 Non
1671 4186 1726 4228 tu
1752 4175 2035 4244 aedi/icabis
2065 4175 2194 4229 mihi

591 4271 840 4337 templum
870 4269 947 4340 (ll
993 4267 1120 4334 Reg.
1156 4283 1248 4330 vlt,
1284 4267 1384 4336 5),
1415 4269 1506 4323 sed
1535 4268 1796 4322 suscitabo
1837 4285 2011 4322 semen
2045 4278 2195 4321 tuum

593 4370 706 4433 post
737 4371 806 4423 te,
837 4373 884 4414 et
913 4359 1107 4430 parabo
1137 4377 1356 4430 regnum
1387 4362 1498 4427 ejus
1526 4376 1542 4412 :
1571 4360 1655 4414 hic
1677 4361 1960 4430 ludiﬁcabit
1979 4362 2193 4414 domum

592 4451 791 4506 nomini
819 4465 951 4515 tneo,
982 4462 1028 4502 et
1059 4450 1255 4517 erigam
1283 4451 1526 4502 thronum
1555 4453 1666 4519 ejus
1697 4454 1750 4505 in
1777 4453 1996 4519 stecula,
2024 4466 2070 4506 et
2099 4470 2194 4523 ego

2294 1852 2392 1907 sed
2422 1850 2734 1904 faciundum
2767 1848 2983 1918 plenius
3015 1847 3067 1901 in
3099 1844 3504 1901 resurrectione
3537 1842 3816 1907 conﬁdimus,

2293 1960 2418 2000 cum
2448 1943 2706 1999 innovate
2755 1943 2919 1996 siccis
2966 1940 3188 1996 ossibus
3215 1939 3461 1995 membra
3490 1937 3758 2007 iungentur,
3781 1944 3820 1990 et

2294 2049 2418 2108 post
2473 2047 2887 2106 assuuiptorum
2944 2047 3242 2102 corporum
3293 2029 3570 2102 pulverem
3611 2027 3821 2098 spiritalis

2290 2131 2480 2186 formae
2511 2129 2833 2185 muneribus
2863 2129 3184 2192 induemur;
3223 2125 3494 2194 Apostolo
3518 2124 3589 2177 sic
3610 2122 3818 2177 docente:

2296 2223 2508 2295 Oportet
2537 2224 2757 2277 mortale
2793 2224 2894 2275 hoc
2935 2221 3151 2274 induere
3187 2219 3653 2279 immortalitatem,
3678 2225 3716 2268 et
3736 2228 3824 2267 cor-

2292 2315 2542 2385 ruptibile
2568 2315 2667 2368 hoc
2694 2314 2908 2368 induere
2944 2314 3402 2384 incorruptionem
3431 2311 3477 2384 (Ι
3501 2308 3612 2364 Cor.
3635 2323 3710 2369 xv,
3731 2306 3820 2374 53).

2291 2406 2362 2464 Ut
2410 2409 2580 2462 simus
2606 2405 2924 2462 conformes
2955 2405 3144 2461 forma:
3171 2406 3433 2474 corporis
3466 2402 3683 2466 Christi,
3705 2413 3823 2466 quem

2292 2502 2597 2557 Hieremias
2631 2514 2921 2557 venturum
2956 2500 3010 2554 in
3056 2514 3300 2570 corpore
3337 2498 3633 2570 praedicans
3657 2495 3750 2548 ait:
3779 2491 3825 2544 Et

2291 2597 2445 2650 homo
2467 2605 2561 2661 est,
2588 2605 2634 2650 et
2665 2597 2782 2666 quis
2810 2603 3083 2665 cognoscet
3115 2609 3232 2646 eum
3268 2593 3289 2662 (
3313 2589 3504 2645 Jcrem.
3540 2604 3658 2654 xvn,
3683 2585 3728 2651 9,
3751 2599 3824 2637 ιτ.

2289 2687 2493 2758 LXX)?
2520 2687 2640 2743 Non
2664 2689 2811 2743 enim
2835 2687 3009 2741 fuerat
3035 2685 3426 2741 necessarium
3445 2697 3564 2738 cum
3585 2677 3828 2749 adjectione

2291 2782 2536 2836 hominis
2561 2781 2634 2836 de
2662 2781 2775 2836 Deo
2807 2781 2982 2849 loqui,
3019 2781 3123 2834 nisi
3157 2789 3217 2833 ut
3262 2780 3315 2834 in
3347 2779 3463 2833 Deo
3495 2779 3651 2830 homo
3675 2770 3828 2843 pariter

2290 2883 2709 2928 monstraretur.
2746 2873 2914 2927 David
2940 2882 3123 2927 autem
3145 2871 3254 2925 sub
3279 2871 3467 2927 verbis
3488 2868 3686 2923 Domini
3708 2863 3832 2932 ipsius

2289 2967 2364 3020 ait
2384 2983 2396 3018 :
2424 2964 2680 3019 Dominus
2699 2966 2832 3019 dixit
2853 2966 2922 3018 ad
2945 2981 3024 3019 me
3045 2981 3062 3018 :
3086 2962 3265 3018 Filius
3288 2980 3436 3017 meus
3451 2978 3502 3016 es
3525 2972 3607 3024 tu;
3629 2974 3706 3031 ego
3721 2953 3831 3007 hodie

2287 3061 2441 3130 genui
2467 3068 2518 3114 te
2543 3059 2667 3130 (Ps.
2695 3073 2757 3123 It,
2793 3059 2870 3129 7).
2900 3059 3060 3126 Quod
3083 3057 3485 3113 testimonium
3513 3055 3566 3110 in
3600 3048 3833 3118 Evangelia

3437 3147 3664 3217 primum
3690 3154 3786 3196 cum
3812 3151 3832 3190 ι

2290 3245 2501 3300 Joanne
2547 3244 2883 3313 baptizatum
2916 3255 2936 3280 ι’
2980 3241 3244 3298 Jordanis
3276 3241 3566 3295 emitteret
3605 3255 3617 3291 :
3655 3230 3836 3291 secundo

2289 3354 2412 3395 cum
2461 3339 2512 3392 in
2563 3347 2749 3392 monte
2778 3337 2980 3391 futurm
3011 3335 3286 3391 claritatis
3317 3332 3615 3404 splendore
3637 3327 3837 3400 perlusus

2291 3432 2507 3487 medius
2537 3432 2682 3487 inter
2714 3432 2937 3502 Moysen
2968 3430 3296 3500 Italiamque
3325 3427 3602 3484 consedit.
3645 3424 3751 3478 Haec
3773 3420 3843 3471 ita-

2291 3542 2399 3595 que
2425 3527 2492 3581 de
2517 3526 2710 3583 eodem
2749 3526 2845 3581 Dei
2891 3525 3069 3580 Patris
3102 3535 3349 3593 utroque
3377 3525 3434 3577 in
3466 3530 3702 3587 tempore
3721 3511 3842 3567 verba

2293 3629 2596 3676 tenuerunt
2622 3639 2633 3674 :
2659 3618 2765 3674 Hic
2796 3629 2871 3673 est
2901 3619 3044 3687 [ilius
3071 3633 3216 3671 meus
3247 3616 3486 3672 dilectus
3506 3656 3521 3682 ,
3559 3615 3613 3666 in
3646 3625 3734 3678 quo
3762 3606 3850 3658 bear

2293 3712 2585 3783 complacui
2623 3727 2641 3766 :
2681 3713 2857 3781 ipsum
2897 3711 3076 3764 audite
3106 3709 3349 3783 (Matth.
3403 3723 3546 3774 xvst,
3581 3703 3669 3774 5).
3694 3700 3741 3756 ιρι
3765 3706 3849 3759 est.

2289 3801 2402 3872 ja
2433 3815 2540 3855 non
2575 3801 2796 3872 Moysen
2837 3800 2930 3869 qui
2969 3809 3093 3854 tunc
3139 3801 3404 3869 speciem
3449 3797 3593 3868 legis
3633 3788 3851 3849 exhibuit.

2294 3901 2389 3947 aut
2437 3893 2644 3948 Heliam
2691 3893 2786 3962 qui
2839 3892 3068 3963 ﬁguram
3102 3891 3302 3946 intulit
3333 3892 3755 3961 Prophetarum;
3786 3877 3854 3934 δαί

2295 3973 2441 4041 hunc
2485 3985 2708 4052 audite,
2742 3986 2830 4040 cui
2877 3997 2930 4040 et
2961 3999 3141 4040 sermo
3169 3984 3224 4040 in
3261 3993 3558 4054 potestate
3603 3989 3709 4042 est,
3747 3986 3791 4027 et
3822 3971 3859 4022 in

2295 4077 2494 4133 virtute
2541 4079 2632 4133 lex
2677 4079 2889 4148 gratim.
2920 4078 3010 4134 Sic
3045 4079 3196 4133 etiitn
3229 4078 3308 4133 de
3338 4092 3410 4132 eo
3444 4077 3722 4144 Scriptura
3759 4079 3860 4134 P‘T'

2296 4173 2510 4227 dixerat
2548 4190 2561 4225 :
2605 4171 2819 4227 Orictur
2847 4172 2990 4226 vobis
3019 4170 3097 4225 sol
3118 4172 3394 4243 justitiw,
3430 4180 3481 4223 et
3509 4172 3567 4223 in
3603 4163 3766 4237 pennis
3787 4160 3864 4227 ejus

2295 4268 2495 4322 sanitas
2540 4268 2559 4337 (
2586 4267 2818 4321 Malach.
2850 4282 2925 4336 tv,
2957 4267 2993 4320 ‘2
3019 4265 3058 4337 ).
3091 4266 3301 4320 Paulus
3333 4277 3570 4335 quinque
3616 4255 3863 4329 praedicans

2297 4361 2373 4413 ait
2397 4377 2412 4414 :
2441 4361 2504 4412 At
2535 4359 2622 4412 ubi
2649 4360 2787 4412 uertit
2812 4356 3120 4429 adimpletio
3156 4358 3425 4425 temporis
3445 4400 3460 4420 ,
3491 4355 3632 4408 misit
3657 4348 3779 4403 Deus
3802 4339 3870 4393 Ην

2301 4453 2427 4505 lium
2457 4468 2606 4505 suum
2634 4452 2652 4522 (
2679 4451 2858 4505 Galat.
2893 4467 2968 4517 tv,
2992 4451 3063 4522 4)
3091 4452 3179 4521 qui
3213 4450 3405 4519 factus
3435 4460 3516 4503 est
3555 4448 3604 4500 ei
3638 4437 3868 4498 scentulum

590 4557 677 4596 ero
702 4542 749 4595 ei
777 4542 829 4594 in
858 4548 1078 4611 patrem,
1107 4549 1155 4592 et
1179 4540 1287 4610 ipse
1313 4540 1411 4592 erit
1441 4539 1566 4593 inihi
1597 4541 1650 4594 in
1675 4540 1844 4609 ﬁlium
1877 4543 1891 4611 (
1916 4541 2188 4607 lbid.,12,
2219 4535 2274 4597 D
2297 4562 2503 4599 carnem
2535 4546 2730 4618 (Rom.
2753 4563 2792 4610 ι,
2817 4547 2905 4618 5).
2949 4547 3189 4601 Joannes
3227 4546 3513 4601 similiter
3543 4563 3556 4597 :
3583 4541 3782 4600 Omnis,
3817 4533 3877 4584 in-

593 4633 719 4703 15).
752 4631 1020 4687 Similiter
1048 4630 1100 4684 in
1128 4630 1330 4686 Genesi
1355 4630 1675 4700 patriarcha
1703 4631 1872 4688 Jacob
1899 4632 1968 4688 de
1992 4635 2190 4688 eodem

590 4733 716 4778 ante
749 4725 1170 4793 prophetaverat
1216 4737 1231 4776 :
1271 4721 1436 4786 Juda,
1468 4734 1515 4776 te
1544 4721 1833 4776 laudabunt
1859 4726 2048 4794 fratres
2076 4725 2152 4778 tui
2177 4741 2198 4779 :

594 4834 777 4871 manus
806 4827 906 4871 tua:
931 4833 1086 4887 super
1117 4817 1325 4869 dorsum
1360 4817 1692 4870 inimicorum
1721 4827 1930 4871 tuorum
1956 4835 1973 4872 .'
1996 4819 2160 4872 adora
2178 4853 2190 4861 -

593 4911 715 4964 bunt
747 4917 794 4961 te
825 4909 921 4975 ﬁlii
967 4908 1127 4974 patris
1159 4909 1250 4960 tui.
1286 4906 1509 4962 Catulus
1541 4910 1705 4963 leonis
1734 4911 1881 4963 Juda
1923 4928 1940 4964 :
1985 4912 2050 4965 de
2075 4929 2194 4984 ger.

591 5001 726 5053 mine
755 5001 896 5067 ﬁlius
926 5001 1053 5052 mihi
1098 5000 1380 5054 uacent/isti
1422 5018 1440 5054 :
1487 5002 1738 5058 recubans
1771 5004 2010 5057 dormisti
2056 5007 2192 5061 sicut

589 5094 670 5148 leo
699 5103 745 5146 et
772 5093 902 5146 sicut
935 5092 1139 5145 catulus
1170 5091 1333 5146 leonis
1375 5109 1393 5147 :
1431 5095 1547 5164 quis
1575 5096 1848 5151 suscitabit
1875 5113 1990 5150 cum
2021 5096 2185 5170 (Gen.

585 5201 733 5248 xux,
761 5189 814 5252 8,
844 5185 936 5251 9)?
969 5184 1130 5239 Foi-te
1163 5203 1269 5239 non
1304 5186 1466 5240 lateat
1497 5188 1859 5244 nobilissimae
1884 5189 2016 5246 fera:
2047 5192 2186 5247 hanc

584 5293 705 5333 esse
737 5286 1021 5345 naturain,
1077 5284 1134 5330 ut
1182 5276 1268 5329 leo
1317 5280 1436 5332 sine
1479 5279 1675 5346 spiritu
1709 5280 1919 5350 integra
1972 5290 2180 5339 tantum

581 5370 830 5438 corporis
868 5370 1038 5424 forma
1072 5377 1347 5432 nascatur,
1377 5370 1678 5440 jacensqne
1704 5372 1784 5426 sic
1813 5372 2036 5428 biduqu
2071 5375 2181 5444 spi—

654 5506 787 5581 f‘lta
844 5505 1039 5577 legitur
1104 5503 1391 5581 in__c_odi(_:e
1427 5502 1613 5581 Vind:
1661 5504 1714 5558 in
1759 5506 1921 5581 editis
1961 5509 2182 5581 denique

969 5617 981 5628 .
1027 5591 1093 5651 se
1123 5575 1286 5628 dixit.
1329 5573 1613 5651 _I-laud_ita
1668 5577 1840 5631 multo
1891 5590 2016 5648 post
2055 5573 2181 5651 quia

583 5644 836 5698 caelestem
881 5662 947 5700 ex
994 5647 1188 5700 eodem
1238 5644 1366 5698 cod.
1419 5645 1770 5714 scripsimus,
1803 5644 1924 5703 cum
1970 5644 2178 5706 editum

590 5727 743 5782 esset
763 5717 850 5782 qui
884 5718 1156 5782 cwlestem.

660 5779 901 5842 bcodex
947 5781 1112 5840 Vind.
1162 5783 1604 5859 haestttratori.
1655 5785 2176 5866 lnfraﬂinlsemov.

2294 4641 2432 4710 quit,
2467 4640 2684 4710 spiritus
2705 4645 2793 4709 qui
2815 4641 3092 4710 conﬁtetur
3112 4639 3396 4694 Christum
3425 4642 3484 4692 in
3516 4651 3676 4692 carne
3697 4630 3872 4685 renisu.

2295 4732 2358 4785 de
2389 4731 2500 4785 Deo
2533 4742 2610 4785 est
2655 4748 2673 4785 :
2713 4735 2803 4799 qui
2834 4741 3006 4784 autem
3035 4741 3222 4801 negat,
3263 4730 3342 4784 de
3386 4727 3510 4784 Deo
3551 4744 3659 4782 non
3695 4732 3788 4788 est,
3813 4712 3879 4772 εεδ

2294 4823 2630 4877 antichristus
2654 4834 2733 4876 est
2766 4823 2820 4894 (l
2846 4821 3010 4877 Joan.
3043 4838 3113 4885 tv,
3145 4821 3243 4891 2).

2369 4915 2530 4971 Vides
2581 4931 2714 4985 ergo
2766 4915 3025 4985 perfacile
3071 4914 3588 4981 Pbotinianorum,
3636 4901 3884 4967 Marcioni-

2293 5015 2582 5077 tarnmque
2633 5010 2920 5062 doctrinas
2971 5022 3132 5076 posse
3168 5007 3490 5071 convinci;
3543 5005 3645 5060 sed
3695 4999 3884 5056 imbutas

2292 5100 2524 5156 funestis
2575 5099 2858 5155 fraudibus
2903 5109 3116 5156 utentes
3166 5101 3456 5168 antiquus
3513 5111 3748 5167 serpens
3789 5085 3889 5144 dit’b'

2291 5195 2520 5250 nexibus
2551 5195 2801 5266 illigavit,
2834 5205 2896 5250 ut
2919 5205 3084 5251 secta:
3116 5195 3556 5264 inexplicabilis
3581 5193 3761 5248 labens
3783 5195 3886 5252 qua-

2289 5288 2413 5343 dam
2425 5292 2757 5344 constantiae
2773 5289 3206 5359 praesumptione
3225 5297 3412 5343 mean
3425 5301 3546 5344 tur.
3559 5277 3894 5343 Nihilominus

2286 5389 2469 5438 tamen
2500 5398 2599 5452 per
2626 5386 2910 5454 utriusque
2929 5383 3350 5440 confessionem
3376 5382 3610 5439 veritas
3633 5374 3892 5435 anilestz:

2287 5518 2439 5585 plena
2467 5519 2562 5572 erit
2592 5520 2788 5590 lingua.
3698 5587 3710 5590 Α
3777 5584 3788 5590 _
3857 5576 3882 5590 ..

2363 5600 2384 5627 ε’
2417 5592 2592 5645 Antea
2640 5578 2920 5660 lcgebatnr
2966 5590 3191 5644 Jordani
3231 5605 3292 5644 se
3345 5594 3636 5658 mitteret,
3689 5584 3822 5660 foedo
3857 5578 3899 5631 ὶί·

2286 5659 2450 5734 btarii
2495 5659 2708 5718 errore.
2733 5663 2883 5734 infra
2934 5663 3022 5716 ubi
3047 5663 3134 5730 qui
3175 5677 3326 5716 nunc
3358 5663 3638 5734 speciem,
3665 5659 3780 5717 vitii
3801 5666 3904 5710 non-

2288 5731 2420 5787 nihil
2445 5746 2567 5790 esse
2597 5731 2866 5806 suspicor.
