4092 6176
293 279 432 340 ίιδδ

1501 281 2123 347 CONSULTATIONUM
2165 281 2293 344 LIB.
2335 282 2400 338 ll.

3450 290 3592 347 1154

289 391 590 449 divinitatis
656 391 871 459 elucet,
925 394 1054 453 dum
1119 396 1503 457 altercantium
1575 401 1885 472 malignitas
1913 399 1966 465 Α
1993 398 2227 468 Spiritus
2257 398 2325 453 ad
2369 397 2679 470 Philippum
2710 414 2728 453 .·
2753 398 2955 455 Accede
3003 400 3072 454 ad
3109 417 3325 456 currum
3367 405 3594 459 eunuchi

287 485 503 544 discors
533 485 808 558 hebesque
840 487 1068 558 perﬁdia
1094 499 1304 561 partem
1336 494 1590 566 negantis
1625 494 1884 564 afﬁrmat,

288 591 411 634 cum
441 587 652 648 partem
685 581 968 651 negaverit
997 581 1334 640 conﬁtentis.

883 671 1117 730 CAPUT
1160 672 1298 730 XIV.

291 761 486 818 Contra
539 761 902 832 Sabellianos,
956 767 1046 835 qui
1095 765 1353 839 Spiritum
1407 777 1646 824 sanctum
1701 779 1891 842 negant

328 852 528 921 Deum,
562 855 880 911 credendum
908 857 1104 913 donum
1134 860 1308 930 potius
1338 876 1496 930 quam
1524 861 1851 917 donatorem.

367 947 814 1005 Arou..——Plana
845 959 930 1007 est
958 953 1122 1008 etiam
1171 952 1226 1008 in
1277 953 1361 1008 bis
1404 967 1640 1024 sperata:
1669 955 1892 1027 exposi-

294 1039 455 1096 tionis
505 1041 868 1112 iuspecuttio,
918 1051 973 1100 et
1027 1045 1316 1115 utriusque
1368 1056 1535 1101 sectte
1587 1047 1890 1103 indubitata

293 1134 634 1207 perversitas
653 1135 954 1194 infelicium
985 1140 1318 1208 pravitatum
1360 1152 1670 1198 commenta
1721 1141 1890 1206 nuda-

292 1229 402 1284 vit.
469 1229 618 1288 Ordo
675 1246 816 1287 nunc
876 1231 1117 1290 luereses
1169 1241 1360 1304 pergat
1410 1233 1463 1289 in
1513 1244 1775 1301 caeteras,
1839 1243 1895 1290 et

295 1334 612 1382 cunctarum
642 1325 1008 1400 vulgationetn
1047 1327 1221 1384 series
1260 1340 1437 1397 coepta
1470 1339 1781 1401 percurrat,
1836 1337 1893 1383 ut

295 1422 571 1488 tamquam
618 1425 1011 1477 venenatorum
1058 1420 1319 1490 anguium
1370 1421 1510 1476 intra
1543 1430 1570 1458 ιι
1615 1421 1889 1477 volumina

291 1518 574 1581 pectorum
591 1507 846 1567 conditos
869 1509 1021 1569 sinus
1045 1511 1191 1567 illata
1216 1512 1342 1568 lidei
1364 1512 1455 1568 lux
1478 1513 1756 1580 revolvat;
1784 1529 1890 1569 non

290 1602 417 1672 quia
450 1605 585 1661 tales
611 1615 926 1662 mereantur
953 1607 1197 1680 agnosci,
1226 1607 1322 1665 sed
1354 1624 1422 1664 ne
1450 1608 1741 1666 dubiorum
1767 1626 1893 1667 sen-

292 1695 446 1750 sibus
492 1697 756 1756 nocitura:
786 1699 1031 1768 facilius,
1061 1700 1187 1756 dum
1223 1701 1563 1772 ignorantur,
1598 1703 1890 1775 obrepunt.

1993 491 2133 562 (Act.
2185 507 2297 556 vm,
2329 491 2411 562 2).
2443 491 2510 545 Et
2541 491 2736 547 iterum
2781 510 2795 549 :
2827 491 3083 564 Separate
3111 493 3239 548 mihi
3269 493 3499 549 Paulum
3544 508 3596 551 et

1991 582 2293 639 Barnabam
2321 586 2373 639 in
2402 601 2529 657 opus
2555 586 2607 638 in
2636 602 2740 656 quo
2770 587 3030 656 assumpsi
3064 603 3153 641 eos
3187 586 3324 658 (Act.
3357 604 3478 657 xm,
3507 589 3590 662 2).

1996 678 2260 734 Dominus
2306 687 2486 734 autem
2520 679 2573 732 in
2606 678 2906 750 Evangelio
2953 679 3128 736 sancti
3163 678 3404 751 Spiritus
3436 697 3598 740 reve-

1993 772 2225 826 rentiam
2278 787 2401 827 cum
2455 772 2909 830 iuterminatioue
2960 773 3312 830 commendat
3361 774 3592 832 dicens:

1996 862 2103 928 Qui
2133 864 2566 930 blasphemaverit
2609 866 2663 920 in
2692 866 2955 936 Spiritum
2984 879 3256 935 sanctum,
3286 884 3388 921 non
3418 871 3596 924 remit-

1994 965 2130 1013 tetur
2161 958 2208 1010 ei
2233 972 2396 1028 neque
2419 956 2527 1024 hic,
2559 973 2722 1028 neque
2749 959 2804 1012 in
2833 958 3070 1028 futurum
3095 958 3314 1030 (Matth.
3349 975 3445 1028 xu,
3477 961 3592 1032 5'2).

2069 1049 2166 1103 llic
2196 1048 2437 1106 ﬁdelium
2480 1049 2645 1108 corda
2676 1050 3020 1117 sanctificat,
3067 1060 3231 1122 atque
3261 1053 3328 1106 ad
3373 1068 3595 1110 omnem

1995 1140 2235 1195 caelestis
2283 1141 2476 1212 gratiae
2529 1142 2922 1212 perfectionem
2963 1145 3220 1200 informat
3269 1157 3320 1199 et
3371 1144 3596 1216 dirigit,

1993 1231 2229 1287 Domino
2278 1234 2612 1304 praedicante
2659 1254 2670 1289 ε
2714 1233 2840 1291 Cum
2874 1249 3045 1292 autem
3073 1239 3268 1292 venerit
3294 1237 3596 1294 Paraclitus

1994 1321 2084 1377 ille
2113 1341 2267 1394 quem
2306 1342 2401 1396 ego
2435 1327 2634 1381 mittam
2665 1328 2808 1383 vobis
2835 1345 2866 1381 ιι
2901 1329 3060 1386 Patre
3101 1346 3214 1385 meo
3259 1328 3458 1401 (Joan.
3493 1347 3594 1398 xv,

1992 1413 2065 1470 ‘26
2088 1415 2125 1486 ),
2163 1417 2273 1489 ipse
2301 1433 2386 1472 vos
2416 1418 2630 1492 diriget,
2663 1430 2710 1473 et
2753 1423 2865 1491 ipse
2905 1433 3088 1493 arguet
3118 1421 3372 1476 mundum
3407 1439 3438 1476 a
3480 1441 3598 1494 pec-

1996 1510 2125 1564 catis
2153 1526 2330 1566 eorum
2357 1510 2538 1585 (Joan.
2573 1529 2688 1580 xu,
2719 1515 2774 1579 8,
2811 1515 2925 1587 l5).
2953 1515 3071 1572 Non
3104 1525 3192 1572 est
3218 1531 3349 1587 ergo
3376 1533 3596 1585 munus,

1995 1605 2092 1661 sed
2125 1616 2470 1676 muneratur;
2526 1625 2631 1665 nec
2676 1611 2881 1666 donum
2927 1610 3178 1680 aliquod,
3225 1612 3320 1666 sed
3371 1611 3600 1682 largitor

1995 1699 2265 1756 donorum
2313 1719 2323 1755 :
2371 1717 2476 1756 non
2527 1703 2928 1768 sanctiﬁcatur,
2979 1703 3075 1759 sed
3110 1704 3227 1772 ipse
3257 1703 3597 1772 sanctificat;

366 1788 819 1850 mecm—Credo
853 1803 1039 1850 teneas
1073 1795 1124 1852 in
1159 1796 1508 1866 praecedente
1545 1799 1704 1854 titulo
1749 1816 1888 1870 ρι-ω.
1918 1792 1967 1856 Β
1994 1806 2287 1863 numquam
2321 1794 2464 1850 inter
2491 1804 2795 1862 creaturas,
2827 1795 2922 1851 sed
2948 1810 3172 1866 semper
3203 1797 3254 1850 iu
3288 1797 3596 1852 substantia

294 1891 562 1953 notatum,
596 1901 625 1942 a
655 1886 983 1945 Sabellianis
1022 1890 1298 1961 prieripue
1341 1903 1589 1949 sanctum
1621 1893 1891 1964 Spiritum

293 1975 588 2049 denegari,
626 1988 682 2033 et
727 1979 931 2036 donum
987 1983 1171 2051 potius
1218 1999 1378 2053 quam
1423 1983 1748 2040 denatorem
1793 1987 1895 2040 im-

295 2069 509 2140 piorum
551 2073 944 2130 traditionibus
975 2075 1115 2140 dici;
1152 2077 1392 2147 malique
1439 2077 1602 2148 hujus
1651 2081 1892 2134 auctori-

295 2172 462 2220 tatem
495 2165 666 2222 sacris
693 2166 776 2221 vel
809 2168 1054 2224 maxime
1086 2168 1413 2224 testimoniis
1444 2171 1733 2240 usurpari,
1765 2174 1892 2242 quia

296 2264 352 2310 ct
375 2255 494 2312 dari
522 2257 734 2327 legatur
757 2267 810 2314 et
839 2259 1046 2330 accipi;
1081 2259 1363 2316 Salvatore
1392 2261 1457 2316 ad
1486 2261 1780 2330 Apostolos
1811 2263 1892 2320 sic

294 2347 552 2420 loquente
593 2367 607 2404 :
654 2349 720 2404 Et
749 2353 1032 2423 insufﬂans
1064 2353 1135 2406 eis
1174 2354 1304 2408 dixit
1328 2370 1346 2407 :
1381 2355 1611 2423 Accipite
1633 2355 1892 2427 Spiritum

293 2450 530 2498 sanctum
554 2440 736 2514 (Joan.
773 2459 866 2511 xx,
897 2444 1016 2516 22!).
1050 2445 1276 2514 Quidam
1300 2447 1466 2501 etiam
1495 2446 1890 2518 discipulorum

297 2549 327 2589 a
363 2534 532 2591 Paulo
561 2535 913 2606 interrogati,
949 2536 1029 2592 An
1060 2539 1334 2608 accepistis
1367 2539 1627 2612 Spiritum
1657 2552 1894 2596 sanctum

295 2625 452 2701 (Act.
489 2643 611 2696 xtx,
635 2627 671 2682 2
693 2629 748 2700 )?
780 2644 954 2701 neque
976 2629 1258 2698 accepisse
1279 2670 1294 2696 ,
1351 2646 1450 2686 nec
1483 2632 1530 2686 si
1562 2643 1710 2688 esset
1751 2633 1895 2688 scire

295 2735 356 2778 se
409 2720 685 2777 dixerunt.
716 2720 959 2788 Quorum
994 2722 1374 2778 intellecturum
1423 2724 1564 2779 ratio
1613 2724 1735 2780 talis
1785 2733 1890 2782 est.

296 2811 468 2870 Datur
497 2813 750 2882 quidem,
802 2829 910 2870 non
943 2815 1068 2886 quia
1099 2829 1158 2870 se
1210 2815 1326 2886 ipse
1360 2830 1466 2870 non
1502 2826 1762 2884 praestet,
1797 2815 1894 2871 sed

298 2915 356 2958 ut
387 2904 438 2959 in
469 2919 534 2960 eo
563 2905 654 2975 qui
689 2905 881 2962 tribuit
908 2951 921 2974 ,
958 2906 1142 2961 inesse
1173 2916 1511 2962 monstretur
1537 2924 1550 2959 :
1578 2907 1722 2962 sicut
1747 2907 1894 2961 enim

296 2993 458 3051 Pater
507 2997 562 3051 in
593 2996 756 3064 Filio,
792 3008 846 3052 et
877 2996 1047 3054 Filius
1079 2998 1132 3054 in
1170 2999 1360 3068 Patre,
1408 2999 1478 3053 ita
1526 3011 1747 3054 sanctus
1773 2997 1898 3067 Spi-

297 3087 438 3142 ritus
467 3085 492 3124 b
537 3088 591 3142 in
636 3098 902 3158 utroque,
933 3103 998 3144 ac
1044 3104 1236 3146 rursus
1267 3091 1321 3144 in
1373 3089 1493 3158 ipso
1541 3101 1626 3143 est
1668 3100 1896 3159 uterque

1998 1884 2280 1942 Trinitatis
2310 1902 2604 1958 apparens,
2639 1890 2905 1960 Aposnolo
2933 1890 3015 1945 sic
3047 1889 3285 1946 docente
3317 1907 3330 1945 :
3363 1889 3595 1946 Divisio-

1996 1993 2084 2032 nes
2105 1980 2395 2050 gratiarum
2425 1991 2565 2048 sunt,
2590 1981 2726 2036 idem
2751 1991 2928 2036 autent
2951 1981 3183 2053 Spiritus
3208 1998 3227 2036 :
3247 1993 3293 2036 et
3324 1983 3602 2038 divisiones

1997 2070 2446 2141 ministeriorum,
2496 2073 2636 2126 idem
2677 2085 2852 2128 autem
2887 2073 3142 2129 Dominus
3186 2089 3204 2129 :
3241 2083 3289 2129 et
3319 2075 3598 2131 divisiones

1998 2164 2390 2232 operationum,
2441 2164 2579 2219 idem
2608 2173 2781 2218 autem
2811 2162 2972 2218 Deus.
3021 2164 3156 2221 Ηωσ
3204 2176 3378 2220 autem
3421 2170 3598 2222 omnia

1995 2264 2241 2325 operatur
2262 2271 2396 2309 unus
2418 2265 2570 2325 atque
2593 2256 2727 2309 idem
2756 2255 2992 2324 Spiritus
3018 2256 3059 2329 (Ι
3081 2257 3203 2311 Cor.
3230 2273 3328 2322 xu,
3352 2259 3594 2330 4-6,“).

2068 2348 2188 2404 Jam
2222 2363 2356 2405 vero
2383 2349 2514 2406 illud
2545 2349 2826 2406 afﬁrmare
2855 2350 3176 2420 perslultum
3209 2361 3314 2418 est,
3347 2351 3600 2408 eumdem

1994 2438 2264 2508 Angelum
2317 2449 2414 2495 aut
2454 2441 2692 2510 aliquem
2737 2441 2806 2495 de
2853 2443 3112 2509 supernis
3154 2439 3180 2478 ά
3222 2443 3602 2512 potestatibus

1995 2531 2292 2598 aestimari,
2328 2547 2451 2586 cum
2486 2530 2698 2587 infundi
2729 2531 2784 2585 in
2812 2531 2996 2600 plures
3017 2532 3211 2602 Angeli
3235 2549 3344 2588 non
3369 2546 3597 2606 queant,

1995 2623 2140 2690 quod
2167 2622 2297 2678 huic
2327 2623 2397 2678 de
2425 2623 2645 2693 propria
2677 2622 2970 2678 divinitate
2999 2623 3266 2692 possibile
3297 2634 3402 2678 est.
3437 2625 3596 2681 lllum

1998 2714 2228 2784 perinde
2255 2714 2453 2785 Angeli
2485 2724 2692 2770 tantum
2721 2713 2974 2770 obtinent
3019 2715 3197 2770 locum
3225 2759 3240 2783 ,
3276 2717 3343 2771 ad
3373 2733 3536 2788 quem
3569 2735 3599 2773 a

2000 2807 2112 2862 Deo
2141 2817 2235 2862 aut
2267 2809 2562 2868 mittuntur
2593 2815 2685 2863 aut
2713 2807 2944 2864 redeunt
2971 2823 2984 2861 :
3016 2809 3104 2864 hic
3136 2809 3212 2863 ita
3237 2809 3440 2890 alicubi
3473 2821 3560 2866 est
3584 2852 3599 2878 ,

1999 2908 2144 2955 utet
2185 2900 2393 2971 ubique
2435 2901 2507 2956 sit
2559 2913 2801 2970 semper,
2853 2899 3140 2954 Psalmista
3167 2899 3390 2956 dicente
3432 2920 3443 2955 :
3487 2902 3602 2968 Quo

1997 2991 2151 3046 abibo
2177 3008 2210 3044 a
2239 2992 2446 3060 Spiritu
2479 3001 2567 3046 tuo
2597 2992 2614 3063 (
2641 2989 2738 3044 Ps.
2769 3005 3032 3057 cxxsvut,
3064 2992 3094 3046 7
3124 2990 3164 3060 ),
3201 3003 3310 3047 etc.
3363 2992 3602 3062 Angelos

1999 3083 2142 3138 idem
2177 3085 2450 3154 pr0plteta
2476 3085 2553 3140 ita
2584 3084 2790 3139 indicat
2817 3083 2994 3140 factos
3022 3102 3034 3138 :
3067 3084 3169 3152 Qui
3201 3086 3354 3156 facis,
3392 3088 3589 3158 inquit,

297 3183 652 3253 conspicuus.
685 3181 801 3238 Hae
847 3184 1012 3252 igitur
1040 3185 1254 3240 ratione
1295 3193 1416 3254 post
1453 3199 1742 3239 ascensum
1777 3184 1894 3245 Sal-
1923 3166 1970 3232 C
2002 3178 2232 3250 Angelos
2260 3188 2376 3232 tuos
2407 3179 2642 3250 spiritus,
2669 3187 2718 3232 et
2743 3179 3008 3234 ministros
3035 3188 3152 3234 tuos
3174 3181 3346 3250 ignem
3370 3191 3602 3234 urentem

298 3273 508 3328 vatoris
542 3283 803 3332 venturus
833 3275 1036 3331 dicitur
1066 3275 1160 3346 qui
1187 3275 1257 3331 ab
1287 3275 1482 3331 eodem
1514 3277 1667 3346 prius
1698 3277 1895 3342 datur;

301 3376 355 3422 et
382 3382 543 3437 quem
575 3381 606 3421 a
634 3383 695 3423 se
725 3376 914 3436 postea
937 3369 1265 3424 mittendum
1295 3369 1584 3440 promittit,
1617 3370 1667 3424 in
1697 3384 1758 3426 se
1783 3369 1895 3442 jam

300 3471 424 3513 esse
448 3458 829 3527 demonstrat;
853 3475 1022 3530 seque
1043 3461 1295 3516 similiter
1314 3471 1436 3532 post
1461 3461 1578 3532 ejus
1601 3461 1896 3517 adventum

301 3564 570 3622 suumque
619 3567 984 3608 conscensum
1036 3554 1328 3610 nobiscum
1378 3567 1549 3623 usque
1593 3552 1658 3608 ad
1711 3554 1896 3609 mundi

302 3648 836 3702 consummationem
887 3646 1128 3704 futurum
1177 3647 1503 3720 promittens
1544 3645 1687 3702 idem
1722 3647 1902 3702 Domi-

305 3751 429 3806 nus,
461 3737 537 3794 ait
563 3755 576 3792 :
604 3737 668 3793 Et
698 3755 811 3806 ero,
847 3740 1046 3809 inquit,
1081 3740 1343 3795 vobiscum
1375 3756 1535 3810 usque
1563 3739 1631 3792 ad
1661 3753 1899 3793 consum-

303 3829 582 3884 mationem
621 3829 801 3884 mundi
847 3829 1078 3901 (Matth.
1125 3845 1327 3896 xxvut,
1360 3829 1492 3901 20).
1543 3829 1611 3885 Et
1660 3830 1895 3883 iterum:

305 3919 429 3977 Nisi
457 3937 551 3994 ego
581 3921 722 3990 iero,
754 3919 1062 3976 Paraclitus
1092 3921 1181 3977 ille
1212 3938 1314 3975 non
1358 3923 1523 3977 veniet
1556 3920 1750 3993 (Joan.
1785 3937 1898 3990 xvr,

303 4012 390 4082 Ἰ).
440 4013 593 4068 Adeo
639 4027 886 4068 connexa
936 4023 992 4069 et
1027 4013 1452 4069 indissociabilis
1484 4013 1635 4070 datio
1667 4015 1718 4070 in
1751 4012 1900 4068 infu-

303 4105 458 4163 sione
511 4104 925 4162 indubitabilem
958 4105 1055 4160 Dei
1108 4115 1232 4162 actu
1263 4106 1422 4161 aliam
1467 4108 1660 4178 probat
1706 4108 1758 4161 in
1805 4122 1900 4163 ex-

299 4198 638 4269 spectatione
671 4211 986 4268 personam,
1006 4197 1132 4254 dum
1163 4207 1217 4255 et
1247 4198 1550 4256 ascendens
1581 4199 1649 4254 ad
1677 4199 1899 4254 Patrem

305 4290 662 4348 nihilominus
711 4301 797 4348 est
843 4290 1166 4359 nobiscum,
1222 4300 1276 4347 et
1329 4291 1470 4347 bene
1498 4293 1565 4347 ab
1605 4305 1902 4347 ascensuro

306 4384 553 4440 creditur
583 4386 741 4439 datus
787 4385 878 4454 qui
931 4383 1268 4455 promittitur
1294 4383 1600 4440 adfuturus.
1644 4384 1902 4452 Quamvis

305 4479 453 4536 enim
503 4477 751 4548 Apustoli
800 4490 928 4533 ante
978 4492 1268 4534 ascensum
1322 4476 1664 4542 Salvatoris,
1727 4476 1902 4532 sancti

308 4571 546 4642 Spiritus
576 4570 780 4626 donum
828 4569 1034 4627 fuerint
1082 4572 1397 4641 consecuti,
1444 4571 1498 4626 in
1549 4572 1668 4642 ipso
1719 4581 1900 4628 tamen

309 4673 497 4738 postea
529 4663 924 4737 plenitudinem
972 4674 1354 4740 perceperant,
1386 4666 1528 4722 libro
1561 4667 1793 4722 Actuum
1823 4664 1903 4720 sic

307 4759 542 4815 docente
568 4776 582 4812 :
605 4757 673 4812 Et
698 4763 864 4828 {actus
891 4769 969 4814 est
997 4759 1168 4815 subito
1199 4760 1263 4816 de
1284 4758 1413 4814 caelo
1443 4775 1605 4814 sonus
1637 4768 1902 4830 tamquam

310 4851 529 4922 spiritus
561 4851 721 4904 validi
767 4850 1118 4918 advenientis;
1149 4862 1197 4905 et
1226 4850 1457 4922 implevit
1501 4851 1716 4906 domum
1744 4861 1903 4906 totam

307 4947 362 5002 in
396 4962 499 5014 qua
543 4955 692 5000 erant
739 4944 972 5000 sedentes
1015 4960 1035 4998 :
1077 4955 1124 5000 et
1169 4956 1529 5015 apparuerunt
1578 4943 1685 4999 illis
1718 4945 1909 5017 linguae

313 5048 336 5077 ο
369 5037 599 5092 dividua:
632 5053 650 5092 :
681 5037 915 5109 seditque
947 5038 1080 5093 sicut
1111 5038 1248 5108 ignis
1275 5053 1435 5108 super
1466 5036 1704 5106 singulos
1735 5054 1913 5092 eorum

316 5129 480 5202 (Act.
516 5144 574 5200 ιι,
604 5129 660 5196 2,
692 5128 785 5200 5).
841 5128 1082 5199 Spiritus
1139 5129 1269 5200 quin
1321 5130 1490 5185 etiam
1547 5137 1602 5183 et
1657 5142 1915 5185 sermone

311 5222 635 5281 manifestus
664 5232 772 5291 est,
798 5223 995 5281 eadem
1020 5223 1307 5295 Scriptura
1339 5230 1680 5280 memorante
1708 5241 1720 5277 :
1753 5222 1820 5278 Et
1841 5227 1914 5280 ait

383 5389 408 5461 εξ
440 5378 528 5434 Sic
551 5377 718 5461 code;
746 5378 906 5435 Vind.
933 5379 1147 5461 elatius
1173 5395 1334 5461 quem
1361 5379 1576 5461 viderat
1606 5378 1872 5436 Acberius
1891 5421 1906 5448 ,

311 5450 408 5524 qui
436 5461 614 5509 tamen
645 5451 812 5508 cdere
843 5450 1039 5506 maluit
1062 5450 1329 5507 volumina
1359 5460 1716 5522 peccatorum.

385 5522 410 5560 δ
444 5521 544 5576 Hic
592 5537 624 5576 θ
675 5521 835 5580 codd.
869 5519 1034 5578 Vind.
1064 5532 1120 5578 et
1147 5522 1299 5578 Letn.
1330 5522 1724 5579 resarcivimus
1764 5522 1913 5577 lacu-

385 5557 404 5560 -ν
445 5557 543 5576 μιν
592 5557 624 5576 υ
675 5557 835 5580 υυυιυ..
884 5557 1034 5578 ..ι-ι..
1064 5557 1120 5578 υι
1147 5557 1299 5578 μω...
1331 5557 1724 5579 “summa.”
1765 5557 1908 5577 ιον..-

313 5606 440 5676 nam
471 5593 672 5676 prioris
697 5593 1063 5676 editionis,_in
1092 5611 1196 5665 qua
1227 5596 1333 5650 ltoc
1363 5605 1582 5676 tantum
1600 5593 1908 5676 legebatur,

315 5665 390 5720 ita
436 5674 647 5739 sanctus
703 5665 936 5739 Spiritus
983 5665 1037 5721 in
1087 5677 1305 5738 utroque
1355 5666 1697 5736 conspicitur,
1745 5675 1800 5722 ct
1857 5665 1911 5719 itt

317 5735 567 5807 margine
597 5735 926 5807 conspicuus.

391 5815 413 5842 ο
467 5803 523 5859 In
577 5803 769 5864 codice
822 5806 1011 5877 Vind.,
1063 5807 1348 5881 dispertita
1396 5823 1411 5862 :
1463 5809 1701 5880 seditque
1747 5807 1905 5879 ignis.

2004 3269 2140 3340 (Ps.
2192 3287 2320 3337 cut,
2353 3269 2388 3324 4
2411 3274 2452 3344 ).
2501 3271 2764 3328 Sanctum
2810 3287 2946 3328 vero
2977 3272 3242 3343 Spiritum
3276 3274 3448 3330 Deum
3483 3290 3609 3332 esse

2001 3363 2288 3432 Scriptura
2311 3365 2602 3419 evidenter
2633 3363 2906 3432 ostendit,
2937 3366 3162 3420 dicens:
3193 3366 3452 3434 Quoniam
3483 3368 3611 3438 Spi-

2001 3456 2132 3509 ritus
2165 3454 2306 3510 Deus
2335 3467 2408 3509 est
2444 3456 2646 3527 (Joan.
2677 3472 2754 3521 tv,
2783 3455 2855 3510 24
2879 3469 2923 3526 ).
2957 3457 3014 3512 In
3059 3458 3406 3527 largitatibus
3441 3459 3604 3529 liber,

2004 3547 2057 3601 in
2107 3547 2398 3618 utajestate
2428 3548 2659 3616 simplex
2685 3589 2700 3614 ,
2752 3558 2807 3603 et
2851 3551 3214 3605 consentiens
3242 3549 3306 3604 iu
3333 3549 3514 3606 Patris
3545 3566 3610 3607 ac

2004 3639 2128 3694 Filii
2159 3641 2473 3706 voluntate,
2511 3654 2618 3696 nOn
2653 3641 2938 3706 subditus,
2979 3641 3251 3712 Apostolo
3286 3641 3368 3698 sic
3395 3653 3612 3715 protes-

2005 3740 2155 3788 taute
2195 3751 2208 3785 :
2257 3731 2461 3786 Tribuit
2489 3733 2726 3802 Spiritus
2756 3736 3036 3805 unicuique
3063 3745 3218 3806 prout
3246 3735 3357 3790 vult
3386 3737 3448 3808 (Ι
3478 3735 3603 3794 Cor.

2008 3838 2115 3889 xu,
2169 3823 2298 3894 ll).
2350 3821 2541 3892 Implet
2594 3823 2777 3879 omnia
2827 3839 2930 3879 nec
2981 3825 3284 3891 minuitur;
3328 3841 3358 3880 a
3396 3827 3608 3883 cunctis

2006 3919 2292 3986 recipitur,
2326 3927 2384 3972 et
2414 3917 2532 3988 ipse
2565 3919 2641 3972 uil
2685 3917 2917 3989 recipit;
2963 3926 3236 3990 temperat
3263 3931 3459 3976 sancto
3488 3935 3605 3975 mo-

2005 4010 2295 4065 deratuine
2342 4010 2459 4080 pias
2503 4017 2752 4076 mentes,
2787 4021 2840 4066 et
2867 4010 3076 4066 nullius
3109 4011 3363 4082 indigens
3391 4013 3604 4068 inveni-

2008 4114 2096 4158 tur
2144 4119 2156 4157 :
2205 4101 2258 4156 iu
2303 4102 2516 4172 judicio
2554 4103 2736 4172 justus
2786 4112 2890 4168 est,
2944 4115 3235 4174 promptus
3268 4106 3318 4160 iu
3361 4121 3610 4162 munere.

2005 4193 2254 4264 Namque
2285 4203 2340 4248 et
2374 4195 2588 4264 justum
2635 4195 2862 4250 Ananiae
2892 4194 3073 4252 exitus
3101 4197 3344 4263 monuit;
3395 4207 3450 4253 et
3498 4215 3606 4254 non

2008 4285 2247 4340 inaniter
2299 4286 2467 4341 Deum
2520 4286 2672 4342 credi
2717 4296 2846 4342 ante
2898 4286 3312 4344 invocationem
3361 4290 3614 4348 docentis

2007 4380 2154 4436 Petri
2186 4382 2478 4437 Cornelius
2526 4383 2858 4454 approbavit
2903 4401 2916 4439 :
2957 4385 3056 4442 sed
3105 4396 3285 4443 tamen
3335 4405 3446 4444 non
3493 4391 3612 4448 hanc

2011 4488 2217 4532 tantum
2251 4477 2645 4535 subsistentem
2687 4480 2806 4549 ejus
2846 4481 2900 4536 in
2932 4479 3137 4536 deitate
3169 4497 3458 4552 personam
3493 4493 3609 4541 tes-

2013 4582 2195 4628 tantur
2238 4581 2336 4629 aut
2381 4574 2772 4643 comprobant.
2807 4574 3054 4631 Viventis
3093 4575 3191 4631 Dei
3233 4578 3357 4632 viva
3396 4581 3613 4648 species

2012 4667 2063 4721 iu
2098 4667 2352 4723 columba
2383 4683 2415 4723 e
2446 4669 2703 4737 supernis
2734 4669 3002 4726 castorum
3052 4669 3278 4726 sedibus
3321 4673 3504 4738 venit,
3555 4682 3611 4728 et

2010 4763 2079 4818 ab
2135 4763 2253 4831 ipso
2313 4770 2370 4816 ut
2420 4761 2757 4832 Redemptor
2809 4762 2995 4818 mundi
3059 4773 3209 4819 esset
3265 4775 3428 4834 atque
3477 4766 3609 4822 ado-

2013 4862 2228 4908 raretur
2265 4851 2334 4906 ab
2369 4853 2629 4924 Angelis,
2689 4863 2884 4910 unctus
2933 4863 2989 4908 et
3032 4853 3319 4922 Christus,
3378 4858 3497 4926 ipso
3542 4859 3610 4915 de

2012 4944 2148 5005 lsaia
2196 4947 2247 5000 in
2297 4944 2605 5013 Evangeliis
2659 4945 2737 4999 sie
2797 4953 3119 5003 recensente
3163 4963 3176 5000 :
3227 4947 3460 5016 Spiritus
3511 4949 3614 5006 Dei

2013 5055 2169 5105 super
2222 5053 2322 5104 me,
2365 5047 2640 5107 prapterea
2684 5039 2823 5108 quod
2873 5036 3024 5092 unxit
3069 5053 3152 5091 me
3190 5037 3356 5110 (Luc.
3401 5043 3607 5109 Iv,18;

2016 5129 2126 5186 lsa.
2159 5144 2270 5197 ut,
2301 5129 2394 5199 1),
2424 5137 2534 5184 etc.

2088 5225 2230 5294 Ergo
2253 5221 2338 5277 bis
2366 5220 2707 5277 testimoniis
2736 5220 3162 5294 iunumerisque
3193 5233 3460 5296 praeterea
3490 5242 3612 5298 per-

2019 5377 2377 5455 Acheriusin
2408 5391 2517 5455 uno
2545 5391 2576 5433 e
2602 5377 2720 5455 suis
2763 5378 3046 5455 codicibus
3081 5379 3292 5455 legerat
3313 5383 3476 5455 etiam
3510 5387 3618 5442 dis-

2019 5451 2253 5521 pertita:
2299 5450 2350 5504 iu
2399 5449 2539 5514 alio,
2586 5446 2789 5503 divisse.
2818 5451 3012 5506 Statim
3039 5446 3229 5507 vocent
3261 5453 3489 5524 Spiritus
3518 5458 3614 5513 ad-

2021 5523 2343 5577 scripsimus
2368 5536 2399 5576 e
2422 5518 2546 5577 cod.
2581 5517 2743 5574 Vind.

2021 5536 2343 5592 scripsimus
2368 5536 2399 5576 e
2422 5535 2546 5577 eoa.
2587 5535 2743 5574 una.

2094 5591 2121 5631 ά
2150 5595 2241 5649 Sic
2286 5593 2457 5647 codex
2495 5589 2680 5663 \_'ind._;
2711 5589 2766 5644 in
2797 5590 2958 5646 editis
2983 5593 3262 5650 wstimare.
3313 5594 3455 5652 Infra
3477 5640 3492 5663 ,
3537 5614 3607 5655 ex

2023 5666 2214 5740 eodem
2247 5665 2471 5740 codice,
2502 5661 2556 5716 in
2584 5661 2772 5715 deitate
2802 5679 3076 5732 personam
3097 5705 3111 5732 ,
3141 5661 3494 5740 scripsimus,
3521 5670 3614 5725 ubi

2027 5744 2146 5794 erat
2169 5738 2224 5792 in
2253 5735 2498 5792 deitatem
2521 5745 2812 5803 personam.
