4092 6176
507 309 652 367 1155

1783 293 2106 350 ΖΑΟΟΙΙᾹΞΙ
2143 291 2534 350 CHRISTIANI

3669 290 3817 348 H56

502 428 648 482 ditus
675 421 1112 481 Sabellianorum
1163 431 1320 472 error
1347 413 1681 474 ostenditur,
1712 413 1804 482 qui
1843 423 2092 467 sanctum
2122 417 2176 475 Α
2200 411 2446 481 demptio
2478 409 2815 480 proveniret,
2859 407 2964 463 nisi
2997 406 3128 463 illud
3163 408 3387 478 sanguis
3445 408 3563 462 veri
3609 408 3812 464 iterum

511 520 778 591 Spiritum
807 513 1123 586 specialiter
1151 510 1477 575 refutantes,
1507 508 1896 577 plenitudinem
1925 505 2114 561 solida:

512 610 816 683 maiestatis
860 607 1128 677 sacrilega
1179 605 1476 660 tradilione
1525 604 1944 666 contaminant;
2003 616 2111 654 non

510 708 788 762 intuentes
819 702 971 757 illum
1015 711 1071 755 ut
1120 713 1298 754 caus-1e
1333 711 1534 753 nostra:
1582 696 1786 750 utilitas
1834 695 2110 764 exegerit,

509 809 602 852 aut
655 797 706 850 in
744 796 902 848 l'atre
953 803 1045 847 aut
1089 793 1140 846 in
1189 791 1354 856 Filio,
1405 797 1499 844 aut
1544 805 1764 842 rursum
1817 787 2010 840 iisdem
2059 785 2113 839 in

511 904 572 943 se
597 888 944 943 manentibus
975 883 1377 939 demonstrari:
1405 882 1533 952 quia
1563 882 1695 935 licet
1725 881 1880 947 plena
1913 888 2112 932 nostrae

506 982 846 1040 credulitatis
893 979 1044 1034 salus
1093 979 1195 1043 sit,
1251 993 1417 1030 unum
1467 991 1560 1045 per
1610 976 1792 1030 omnia
1841 974 1982 1028 sicut
2029 979 2114 1025 est

508 1078 682 1134 Deum
712 1073 943 1130 credere
977 1084 1032 1128 et
1063 1072 1352 1139 eonﬁteri,
1399 1069 1594 1124 abesse
1627 1079 1808 1123 tamen
1842 1067 1968 1122 ﬁdei
2002 1081 2112 1120 non

512 1180 724 1241 petest,
755 1167 1079 1222 Trinitatem
1106 1181 1213 1220 non
1245 1179 1371 1218 esse
1400 1164 1516 1217 sine
1551 1162 1735 1217 tertio.
2006 1169 2017 1178 ’

1122 1257 1350 1314 CAPUT
1399 1257 1517 1312 XV.

509 1355 704 1413 Contra
777 1353 1236 1424 Patripassiunos,
1298 1351 1389 1421 qui
1459 1349 1670 1402 Patrem
1734 1365 1944 1417 passum
2003 1363 2114 1402 esse

1151 1445 1472 1499 existimant.

579 1542 1120 1598 Aror.t..——Diversus
1153 1539 1376 1608 quidem
1415 1555 1444 1591 a
1491 1536 1809 1591 memoratis
1842 1533 2111 1592 Sabellia-

508 1651 702 1689 norum
730 1649 887 1689 error
918 1644 972 1689 et
1015 1647 1180 1686 causa
1213 1642 1328 1698 est;
1381 1629 1508 1695 sed,
1552 1639 1610 1683 ut
1640 1629 1830 1694 credo,
1869 1627 2112 1695 perﬁdia:

506 1729 692 1782 exitus
724 1725 925 1779 similis
965 1740 1029 1777 ac
1082 1723 1374 1778 retributio
1404 1723 1843 1792 pnecedentihus
1893 1734 2116 1788 compa-

2219 507 2460 560 liominis
2514 503 2835 575 expiasset?
2881 500 3047 572 Cujus
3077 512 3305 557 mortem
3345 502 3468 556 licet
3492 501 3602 572 jam
3660 505 3819 556 testi-

2216 600 2396 654 monia
2429 598 2581 669 plura
2607 597 2935 663 docuerunt,
2970 611 3039 650 ne
3069 605 3251 650 tamen
3285 595 3548 650 adversus
3576 610 3636 650 se
3671 610 3818 664 prin-

2217 693 2358 749 dicta
2420 693 2644 747 haeresis
2695 693 2936 745 adstrnat
2973 691 3102 744 nihil
3134 690 3430 759 prolatum,
3465 689 3532 745 ile
3587 691 3817 760 cepiosa

2216 788 2598 855 exemplorum
2635 785 2988 838 multitudine
3021 798 3190 853 pauc.i
3225 799 3527 838 sumemus.

2292 879 2460 933 David
2516 880 2698 948 itaque
2749 878 2852 932 sub
2909 877 3087 932 verbis
3138 877 3351 931 Domini
3414 877 3586 946 ipsius
3633 877 3816 933 dicit:

2221 984 2242 1012 ο
2280 971 2534 1027 Obediens
2566 977 2733 1044 [artus
2762 989 2876 1026 sum
2906 988 3066 1042 usque
3103 973 3171 1024 ad
3209 980 3424 1024 mortem
3454 975 3472 1040 (
3506 969 3650 1026 Psul.
3684 989 3816 1038 xxx,

2217 1065 2461 1135 Philipp,
2508 1083 2566 1131 ll,
2601 1066 2690 1136 8).
2749 1066 2813 1120 Et
2848 1065 3046 1120 iterum
3078 1079 3091 1119 :
3127 1063 3426 1120 Posueiunt
3457 1083 3536 1119 me
3555 1067 3608 1118 in
3635 1067 3822 1136 sepul-

2217 1163 2317 1215 cris
2343 1164 2475 1215 sic-ut
2497 1172 2725 1214 mortuos
2747 1159 2925 1213 sceculi
2952 1158 3072 1228 (Ps.
3097 1174 3225 1224 cu,
3251 1158 3328 1227 5).
3357 1158 3420 1211 Et
3447 1159 3608 1212 tertio
3633 1175 3648 1212 :
3676 1156 3822 1211 Fac-

2217 1265 2296 1308 tus
2327 1271 2442 1308 sum
2493 1255 2626 1306 sicut
2650 1251 2802 1306 homo
2831 1252 2941 1305 sine
2972 1251 3260 1322 adjutorio,
3303 1251 3434 1302 inter
3463 1264 3688 1304 mortuas
3748 1251 3816 1304 li-

2215 1346 2300 1399 ber
2345 1344 2471 1419 (Ps.
2500 1361 2734 1409 Lxxxvn,
2770 1345 2868 1412 5).
2897 1343 2942 1397 Ο
2973 1341 3366 1397 ἰηςιιδιίιιιιιιιὶιίε
3397 1342 3493 1396 Dei
3536 1343 3725 1408 virtus,
3760 1352 3820 1398 et

2217 1439 2590 1494 inscrutahilis
2621 1439 2713 1492 Dei
2747 1435 3046 1505 sapientia!
3098 1434 3255 1491 Unde
3279 1434 3367 1488 hic
3405 1436 3568 1506 paulo
3590 1448 3713 1489 ante
3735 1435 3818 1488 si-

2217 1545 2306 1589 cut
2334 1545 2568 1588 mortuos
2598 1533 2800 1597 swculi,
2855 1547 3001 1586 nunc
3023 1532 3134 1584 sine
3172 1531 3436 1600 adjutorio
3487 1530 3620 1583 inter
3673 1546 3818 1584 mor-

2219 1640 2333 1683 tuos
2364 1630 2490 1682 liber
2517 1630 2631 1681 est?
2667 1628 2771 1680 nisi
2803 1627 2949 1696 quia,
2981 1635 3040 1680 ut
3080 1626 3198 1693 ipse
3232 1624 3564 1694 prmdiserat
3598 1643 3611 1678 :
3649 1624 3823 1692 Opor-

2219 1721 2353 1774 tebat
2387 1719 2588 1774 Filium
2620 1720 2843 1773 hominis
2873 1720 2983 1790 pati
3005 1727 3051 1770 et
3079 1718 3366 1786 crncifigia
3395 1718 3576 1770 scribis
3596 1728 3646 1770 et
3674 1719 3821 1787 prin-

506 1820 708 1883 randa;
755 1836 875 1873 cum
925 1828 1174 1872 sauctmn
1225 1815 1492 1885 Spiritum
1544 1815 1595 1868 in
1649 1815 1743 1868 Dei
1795 1814 1994 1868 virtute
2046 1826 2109 1866 ac
2144 1809 2413 1878 Bcipibns
2467 1812 2809 1876 sacerrimum,
2855 1820 2900 1863 et
2933 1810 3187 1864 debellata
3239 1820 3397 1862 morte
3417 1809 3502 1863 die
3554 1810 3703 1862 tertia
3753 1809 3817 1861 ab

505 1913 815 1966 substantia
878 1922 1292 1980 permanentem
1335 1917 1360 1945 ⁸
1423 1910 1492 1962 ab
1551 1907 1779 1960 unitatis
1835 1905 2112 1974 excipiunt

509 2002 820 2069 Trinitate,
855 2014 910 2056 et
953 2001 1252 2068 Ser-ipturis
1293 1999 1548 2054 omnibus
1581 1999 1914 2062 renitentes,
1949 1996 2110 2049 fidem

511 2095 799 2150 Trinitatis
830 2095 1171 2164 impugnant.
1210 2091 1408 2146 Verum
1439 2090 1524 2144 his
1551 2106 1772 2160 quoque
1799 2090 1850 2143 in
1887 2101 2114 2142 numero

514 2187 872 2258 profanorum
903 2188 1110 2241 relictis
1134 2227 1148 2250 ,
1179 2185 1526 2239 residuorum
1561 2183 1893 2251 perversitas
1919 2182 2113 2235 contu-

511 2289 680 2346 tetur,
718 2294 785 2332 ne
835 2278 884 2331 id
917 2278 1063 2346 quod
1101 2286 1370 2331 retectum
1403 2274 1747 2344 espositione
1779 2289 1884 2327 non
1919 2275 2112 2337 fuerit,

511 2385 871 2440 suppressum
909 2370 1094 2438 potius
1123 2368 1400 2422 a~stiment
1429 2382 1590 2434 quam
1625 2365 1912 2431 relictum,
1961 2375 2016 2420 et
2061 2365 2112 2420 in

506 2464 800 2534 quemdam
853 2464 1033 2533 ignem
1080 2461 1269 2514 lavilla
1316 2459 1578 2514 deficiens
1627 2460 2013 2524 convalescat,
2068 2459 2113 2514 si

514 2561 740 2625 quando
788 2553 1102 2623 quiesituris
1154 2553 1362 2606 mentio
1401 2550 1540 2605 facta
1596 2562 1915 2620 prmtcrcnt,
1971 2549 2114 2620 quod

509 2647 916 2718 Scripturarum
949 2649 1246 2700 auctoritas
1272 2643 1504 2700 fortasse
1532 2660 1640 2698 non
1674 2645 1883 2700 reticet.

582 2738 782 2794 Zaccu.
816 2738 1348 2793 -—Pracmonueram
1408 2739 1596 2804 prima:
1667 2735 2119 2804 interrogationis

513 2833 753 2890 exordiis
785 2833 1178 2903 plenitudinem
1207 2830 1496 2886 inetfabilis
1531 2830 1836 2900 maiestatis
1899 2840 2117 2885 utcum-

505 2943 614 2997 que
644 2927 874 2996 intelligi
910 2926 1013 2980 [ide
1044 2939 1225 2993 posse,
1261 2925 1442 2978 verbis
1475 2936 1531 2978 ut
1555 2925 1776 2991 dignum
1802 2932 1889 2978 est
1926 2931 2116 2994 patere

503 3037 611 3076 non
657 3035 834 3090 posse;
861 3018 1134 3089 siquidem
1163 3035 1284 3074 cum
1321 3018 1439 3088 ipsa
1484 3020 1765 3072 uoarinum
1822 3033 1884 3073 ac
1927 3033 2115 3088 perso-

520 3129 715 3169 narum
766 3113 1183 3168 distinctionem
1227 3113 1518 3168 eftii-ieniia
1572 3113 1843 3180 veritatis,
1875 3128 1980 3168 non
2010 3125 2121 3168 sta-

2218 1905 2398 1976 inferis
2444 1920 2672 1958 remeare
2731 1901 3088 1973 ("aN/LXVI,
3145 1901 3285 1972 21);
3343 1910 3402 1955 tit
3450 1901 3504 1955 in
3563 1901 3815 1956 eﬂ'ectum

2215 2010 2415 2053 nostra:
2461 1996 2797 2060 salvationis,
2852 1999 3092 2049 vivorum
3135 1995 3298 2048 simul
3349 2010 3412 2048 ac
3461 2005 3805 2050 mortuorum

2217 2093 2491 2160 aetripleret
2516 2092 2872 2153 dominatum;
2907 2087 3107 2143 etillud
3133 2087 3540 2141 sublimissimae
3571 2087 3809 2141 cliarita-

2220 2185 2289 2237 tis
2308 2191 2641 2236 statueretur
2673 2183 3005 2251 exemplum,
3027 2191 3083 2235 ut
3103 2191 3318 2234 nosmet
3344 2197 3440 2249 pro
3461 2197 3526 2236 eo
3541 2181 3811 2250 passionis

2219 2275 2446 2330 calici-m
2501 2274 2842 2336 biberemus,
2888 2291 3049 2345 quem
3089 2289 3196 2328 non
3233 2286 3520 2342 respuerat
3569 2274 3658 2328 ille
3709 2289 3814 2344 pro

2217 2370 2456 2424 cunctis.
2507 2369 2789 2423 Manifesta
2822 2385 2952 2439 ergo
2982 2371 3033 2423 in
3080 2369 3330 2438 personis
3382 2385 3445 2426 ac
3503 2371 3816 2428 nominibus

2220 2463 2604 2528 Trinitas,sed
2657 2464 2918 2518 divinitas
2969 2481 3071 2518 una
3097 2475 3208 2528 est;
3267 2480 3369 2520 nec
3420 2464 3817 2533 Patripassiani

2220 2559 2519 2627 recipimus
2551 2559 2829 2623 unionem,
2857 2559 2952 2613 sed
2981 2557 3308 2613 catholicam
3333 2557 3386 2613 in
3419 2558 3528 2613 Deo
3578 2557 3818 2627 amplec-

2221 2652 2388 2703 timur
2419 2651 2709 2705 unitatem.
2758 2651 2838 2705 Ab
2889 2650 2989 2704 hac
3019 2650 3203 2720 itaque
3226 2652 3511 2704 memorati
3542 2653 3820 2715 interpre-

2221 2741 2428 2796 tatione
2459 2742 2812 2807 dissentiunt,
2841 2750 2895 2795 et
2921 2740 3051 2795 falsa
3083 2743 3365 2810 imponere
3393 2741 3694 2794 moliuntur
3719 2755 3820 2794 oc-

2221 2835 2414 2899 cultis;
2455 2835 2580 2888 dum
2611 2835 2753 2905 quod
2809 2849 2872 2887 ex
2904 2833 3066 2888 Patre
3094 2843 3200 2893 est.
3225 2847 3330 2887 non
3383 2833 3486 2886 nisi
3514 2831 3567 2886 in
3597 2847 3664 2887 eo
3693 2843 3820 2885 tan-

2221 2936 2333 2982 tum
2376 2942 2498 2982 esse
2545 2928 2893 2989 continuant,
2923 2927 3066 2996 quod
3094 2925 3408 2996 specialiter
3443 2940 3510 2982 ex
3544 2924 3776 2982 homine
3799 2966 3817 2992 ,

2221 3019 2432 3089 injuria:
2462 3019 2761 3074 divinitatis
2794 3019 3099 3074 ascribunt.

2811 3111 3041 3168 CAPUT
3083 3110 3222 3166 XVI.

515 3220 608 3260 tus
638 3206 801 3261 faciat
832 3207 1157 3261 substantia:
1207 3206 1512 3261 ditfercntis
1550 3226 1562 3261 :
1597 3208 1854 3278 quoniatn
1905 3208 1972 3262 ad
2021 3208 2108 3262 in—
2136 3203 2181 3267 C
2215 3205 2405 3259 Contra
2458 3204 2703 3268 Arianos,
2746 3205 2835 3276 qui
2892 3203 3092 3258 Filium
3126 3214 3172 3258 et
3237 3203 3494 3260 Sanctum
3545 3204 3818 3274 Spiritum

512 3298 768 3354 tuendam
802 3298 1141 3354 divinitatem
1171 3313 1293 3353 cum
1329 3300 1494 3352 etiarn
1527 3314 1722 3354 sensus
1765 3301 1942 3370 impar
1998 3303 2066 3354 sit
2098 3319 2112 3367 ;

518 3390 655 3444 nulli
683 3390 907 3444 dubium
933 3400 1018 3445 est
1051 3390 1463 3444 imbecilliorem
1498 3390 1666 3444 multo
1690 3394 1959 3446 sermonis
1991 3393 2119 3447 sub-

525 3483 787 3537 stantiam
821 3496 943 3538 esse
1000 3499 1162 3552 quam
1195 3482 1416 3537 mentis.
1446 3485 1595 3540 llanc
1637 3488 1817 3555 itaque
1865 3486 2116 3540 humana:

519 3574 860 3630 intirniitatis
936 3575 1320 3633 ditticultatem
1403 3587 1656 3634 auctores
1736 3580 2115 3634 universorum

515 3671 922 3740 amplectuntur
973 3685 1245 3725 errorum.
1317 3671 1356 3726 E
1412 3674 1612 3742 quibus
1679 3672 2116 3742 Patripassianus

511 3779 632 3819 eam
656 3762 757 3818 sibi
789 3773 995 3833 partem
1031 3764 1326 3834 impietatis
1365 3765 1552 3834 elegit,
1583 3773 1640 3818 ut
1670 3766 1794 3834 quia
1824 3781 1890 3820 ex
1946 3765 2112 3820 Patre

506 3857 900 3928 priinogeuitus
937 3856 1124 3920 Filius,
1158 3869 1210 3911 et
1242 3855 1311 3912 ab
1341 3857 1456 3926 ipso
1479 3857 1714 3925 Spiritus
1745 3866 1967 3912 sanctus
1995 3873 2118 3926 pro-

513 3951 749 4016 cedens;
801 3950 945 4005 idem
981 3950 1137 4005 Pater
1169 3962 1223 4005 et
1265 3949 1500 4006 Verbum
1556 3952 1648 4018 sit,
1682 3961 1844 4022 atque
1874 3952 1942 4005 ah
1994 3951 2114 4020 ipso

509 4053 582 4097 et-
620 4057 748 4097 caro
774 4051 1030 4112 suscepta
1061 4041 1308 4097 videatur
1339 4052 1394 4096 et
1430 4045 1610 4112 passio
1643 4060 1654 4095 :
1684 4044 1826 4099 idem
1877 4043 2110 4114 perinde

515 4147 570 4191 et
599 4135 834 4204 Spiritus
867 4144 1112 4189 sanctus.
1148 4133 1258 4188 Nec
1285 4143 1476 4188 auctor
1505 4137 1554 4188 in
1587 4135 1879 4200 Triuitate,
1910 4135 2005 4190 sed
2028 4150 2117 4190 so-

520 4229 606 4284 lus
637 4232 687 4284 in
738 4229 1065 4285 divisionem
1099 4229 1409 4286 divinitatis
1439 4230 1504 4284 ad
1534 4229 1561 4268 δ
1595 4230 1942 4302 dispendium
1978 4247 2117 4302 pric-

513 4325 745 4389 dicatur,
781 4325 880 4378 nisi
914 4325 964 4378 in
995 4325 1439 4379 communionem
1469 4324 1715 4380 Trinitas
1738 4325 1962 4380 redacta
1997 4341 2117 4381 ere-

502 4415 665 4470 d.itur
699 4433 708 4467 :
742 4415 809 4468 de
833 4431 960 4484 qua.
992 4427 1047 4468 ut
1077 4417 1422 4469 creberrime
1479 4417 1730 4480 memini,
1758 4419 1904 4487 quod
1950 4433 2113 4472 sensu

509 4506 719 4578 percipi
773 4523 879 4560 non
911 4515 1111 4575 potest,
1146 4506 1520 4561 inenarrabile
1552 4511 1732 4577 potius
1772 4526 1932 4579 quam
1993 4511 2141 4574 nul-,

2611 3315 2720 3351 esse
2751 3298 2972 3350 minores
3019 3297 3176 3352 Patre
3205 3299 3408 3352 dicunt.

2292 3390 2491 3446 Αιιοιι.
2547 3420 2616 3432 -
2644 3391 2819 3457 Quam
2848 3391 3017 3446 metui
3047 3408 3116 3444 ne
3147 3391 3291 3461 quod
3323 3392 3554 3447 validius
3598 3401 3688 3446 aut
3722 3393 3824 3447 ab-

2218 3489 2455 3536 strusius
2485 3483 2688 3537 malum
2723 3482 2866 3537 intra
2893 3484 3108 3538 occulta
3144 3483 3385 3554 perﬁdiae
3415 3485 3573 3539 istius
3603 3483 3824 3539 vi~cera

2219 3577 2518 3632 resideret!
2548 3578 2788 3646 Namque
2837 3577 2904 3631 ad
2939 3578 3164 3646 primam
3193 3578 3474 3632 relationis
3531 3587 3640 3632 tua:
3670 3578 3828 3632 fron-

2221 3680 2326 3726 tem
2378 3681 2623 3725 nontam
2657 3671 2937 3740 perspicua
2983 3671 3105 3724 fidei
3157 3681 3357 3725 nostra:
3398 3671 3640 3726 membra
3695 3687 3829 3726 cer-

2219 3763 2435 3826 nebam,
2491 3770 2549 3816 et
2589 3763 2976 3817 obscuritatem
3011 3761 3296 3817 noxiorum
3330 3763 3613 3818 fraudibus
3659 3763 3827 3818 invo-

2217 3856 2386 3910 lutam
2427 3857 2750 3927 ignorantiae
2806 3858 2985 3926 potius
3020 3873 3179 3928 quam
3209 3856 3429 3912 malitiae
3459 3855 3826 3923 deputabam.

2220 3948 2407 4019 Itaque
2434 3948 2729 4018 probabilis
2753 3947 3015 4002 doctrina:
3050 3958 3155 4002 tua:
3193 3948 3326 4003 ordo
3379 3948 3618 4003 aueloris
3675 3947 3833 4003 lace-

2220 4056 2334 4096 ram
2379 4041 2584 4096 rabiem
2637 4041 2922 4112 perditioni
2955 4041 3169 4096 misciiit
3216 4051 3270 4095 et
3320 4039 3612 4095 clientelae.
3676 4040 3830 4107 Quid

2219 4150 2362 4189 nunc
2394 4133 2493 4188 sibi
2520 4131 2710 4188 Ariani
2735 4144 2925 4187 contra
2954 4135 3240 4188 veritatem
3275 4142 3480 4187 nostra:
3519 4131 3834 4187 credulita-

2219 4228 2288 4283 tis
2336 4237 2636 4294 aSsumaut,
2678 4230 2842 4284 simili
2893 4211 3054 4284 modo
3084 4229 3287 4299 pande;
3343 4230 3469 4282 utsi
3517 4229 3603 4283 vel
3652 4228 3835 4298 ‘ejus-

2219 4321 2341 4377 dem
2380 4319 2406 4359 ἀ
2437 4322 2522 4376 vel
2553 4321 2794 4376 tectiOris
2827 4322 3087 4392 nequitiae
3123 4323 3495 4384 docebuntur,
3526 4323 3678 4392 gregi
3719 4325 3839 4375 lia:-

2217 4426 2375 4471 reaut
2429 4417 2834 4485 prtedictorum,
2867 4431 2971 4469 non
3001 4417 3278 4470 immerito
3306 4416 3678 4469 exsecrabiles
3744 4415 3843 4485 jn-

2220 4508 2456 4571 dicandi.
2501 4509 2546 4562 si
2606 4508 2986 4562 traditionibus
3030 4508 3272 4562 subdolis
3319 4507 3621 4578 derogant,
3672 4509 3842 4578 quod

510 4599 624 4654 lum
677 4607 761 4653 est
810 4598 1215 4653 temimandum.
1279 4599 1394 4652 Non
1421 4599 1595 4654 solum
1627 4608 1806 4654 autem
1869 4617 1897 4653 a
1956 4601 2117 4656 Patre
2147 4587 2194 4645 Ῑ)
2227 4600 2586 4671 professionis
2618 4601 2772 4655 titulo
2805 4617 2908 4657 nou
2940 4613 3214 4656 recusant.

511 4693 710 4748 abesse
759 4692 1012 4759 iniuriam
1062 4689 1351 4760 paSsiouis,
1407 4709 1592 4747 verum
1642 4695 1807 4748 etiam
1866 4710 1892 4746 a
1935 4692 2116 4748 Verbo

515 4786 888 4851 multipliciter
937 4786 1274 4856 agnoscitur.
1341 4785 1450 4842 Nec
1489 4789 1635 4842 enim
1700 4788 2116 4858 incorporaliilis

519 4879 800 4945 divinitas,
850 4879 944 4935 sed
977 4895 1178 4950 eorpus
1207 4881 1426 4935 affixam
1471 4890 1588 4946 est;
1641 4893 1693 4937 et
1729 4881 1985 4953 quidquid
2028 4883 2114 4936 in-

514 4971 596 5026 fra
627 4973 885 5028 honorem
915 4975 1160 5029 caelestis
1190 4975 1446 5044 p0teutiae
1483 4975 1576 5029 Dei
1625 4974 1799 5029 Filius
1847 4977 2075 5046 pPl‘tlliil
2099 5017 2113 5040 ,

520 5080 630 5120 non
687 5065 883 5133 Verbo,
935 5068 1028 5121 sed
1057 5069 1262 5123 homini
1297 5079 1583 5140 reputatur
1603 5082 1901 5140 assumpto.
1951 5072 2108 5126 Curu-

521 5176 628 5230 qne
660 5169 939 5229 peccatum
971 5161 1022 5212 in
1059 5162 1234 5227 primo
1259 5163 1481 5218 homine
1513 5162 1699 5228 fuerit,
1752 5163 2113 5234 quemadmo-

519 5251 647 5309 dum
697 5252 1178 5308 denuntiataatot
1207 5257 1423 5312 saeculis
1481 5258 1722 5312 humano
1789 5259 1978 5328 generi
2029 5273 2116 5315 re-

586 5397 612 5425 ἰ
639 5389 734 5464 _Sic
765 5400 992 5464 uterque
1021 5388 1372 5464 codex_Lem.
1405 5403 1461 5464 et
1489 5393 1673 5456 Vinil..
1706 5393 1808 5448 nisi
1836 5396 1976 5464 quod
2008 5395 2099 5450 hic

515 5460 808 5526 paenitentes
866 5463 1055 5525 habet,
1117 5461 1278 5514 male.
1329 5461 1488 5517 Prior
1543 5465 1740 5527 cd-tio,
1789 5460 1865 5519 ab'
1905 5470 2100 5520 unitate

2295 4693 2494 4749 Zaccn.
2530 4723 2597 4737 --
2628 4693 2745 4749 Dixi
2769 4694 2975 4748 dudum
2999 4696 3228 4748 Ariauos
3259 4710 3440 4749 arcem
3471 4704 3664 4749 tenere
3706 4711 3848 4764 per-

2226 4788 2387 4850 fidiae,
2433 4800 2486 4842 et
2511 4788 2612 4842 hoc
2639 4790 2808 4842 ruina:
2841 4788 3064 4858 majoris
3094 4787 3383 4858 putandos,
3424 4803 3530 4857 quo
3583 4787 3847 4846 celsiora

2225 4881 2543 4951 proﬁtentes
2573 4884 2718 4937 velut
2741 4881 3010 4951 integram
3063 4883 3220 4936 fidem
3251 4882 3571 4953 praeferunt,
3605 4885 3708 4951 qui
3774 4887 3846 4939 ti-

2226 4973 2312 5028 dei
2340 4976 2707 5045 integritatem
2734 4988 2985 5031 ri-CIisant
3014 4993 3028 5030 :
3056 4992 3163 5030 non
3190 4977 3334 5030 enim
3359 4985 3588 5030 creatori
3611 4991 3697 5042 m,
3738 4979 3844 5034 sed

2217 5075 2522 5123 creaturam
2579 5068 2670 5122 Dei
2700 5068 2893 5124 Filium
2925 5070 3130 5134 dicunt,
3189 5080 3241 5124 et.
3279 5072 3491 5124 ca-teris
3545 5069 3655 5124 hoc
3707 5085 3842 5128 tan-

2221 5161 2502 5217 tummodo
2545 5178 2668 5219 esse
2711 5165 3000 5233 potiorem.
3031 5165 3173 5232 quod
3201 5164 3374 5221 factus
3419 5165 3574 5234 prius
3595 5181 3668 5219 ex
3721 5168 3847 5223 Deo

2217 5254 2399 5322 Patre,
2432 5272 2536 5310 non
2567 5257 2784 5328 genitus
2812 5259 2882 5313 sit
2916 5279 2928 5312 :
2960 5259 3192 5329 tempori
3243 5259 3470 5330 perinde
3514 5260 3845 5318 obnoxium

2204 5398 2257 5452 in
2291 5406 2440 5477 testu
2463 5399 2685 5477 legatur
2715 5405 2946 5477 agnosci.

2283 5480 2302 5506 ο
2340 5471 2420 5525 Ad
2461 5474 2604 5528 hunc
2638 5471 2811 5527 loen'm
2840 5477 3053 5532 monuit
3083 5477 3367 5543 Acherius,
3405 5487 3698 5534 auctorem
3736 5481 3843 5538 vel

2206 5543 2524 5613 memoriter
2567 5545 2842 5613 praefatum
2877 5563 3022 5611 esse,
3057 5551 3136 5602 vel
3165 5549 3409 5604 alludere
3429 5553 3495 5605 ad
3529 5551 3844 5609 Psaltnum

2208 5629 2322 5690 ut,
2354 5612 2410 5690 in
2440 5612 2763 5690 quotamen
2817 5618 2957 5675 nihil
3008 5620 3317 5689 hujusniodi
3366 5623 3569 5690 reperi.

2280 5682 2307 5755 ti
2350 5686 2404 5738 lii
2437 5682 2627 5743 codice
2669 5689 2729 5745 S.
2766 5690 2924 5755 Arn.,
2955 5691 3036 5745 vel
3062 5682 3282 5746 (clrioris
3305 5709 3321 5746 :
3347 5682 3533 5750 statim
3581 5697 3852 5752 heremi!

2211 5753 2380 5812 codex
2418 5756 2602 5823 Vind;
2640 5761 2788 5831 prior
2818 5753 3006 5831 editio,
3050 5763 3398 5819 adnisurum”

514 5532 739 5607 proprim
771 5531 1053 5584 divinitatis
1082 5533 1366 5604 excipiunt,
1397 5544 1444 5586 et
1476 5534 1778 5588 Trinitatem
1811 5537 2101 5607 Scripturis

517 5601 750 5654 erunibus
775 5613 1108 5656 recensentes.

588 5669 613 5745 ιζ
657 5675 709 5724 In
750 5673 923 5745 codd.
965 5673 1116 5728 Vind.
1144 5682 1200 5728 et
1254 5675 1405 5730 Lem.
1437 5717 1450 5737 ,
1487 5676 1846 5745 prwrlicantis.
1907 5679 2102 5735 Statim

512 5739 707 5815 codex.
834 5742 1077 5820 Arn.,_in
1109 5746 1374 5820 unionem.
1396 5739 1542 5820 intra
1575 5750 1877 5820 agnoscitur
1931 5752 2105 5819 scrip-

510 5813 683 5862 Simus
709 5813 809 5877 sic,
834 5821 894 5864 ut
927 5813 1190 5870 Acherius
1212 5815 1502 5887 legendum
1535 5813 1658 5875 esse
1688 5820 1919 5890 monuit,
1978 5813 2102 5878 cum
