4092 6176
305 281 442 340 H57

1509 279 2137 340 CONSULTATIONUM
2176 281 2307 340 LIB.
2349 283 2412 338 ll.

3459 284 3597 343 “58

302 417 427 459 esse
455 402 582 474 quia
613 410 770 458 natus
793 412 899 458 est.
934 403 1106 470 Quam
1158 399 1493 471 lmpietatem
1530 398 1655 453 talis
1675 408 1897 453 seuten-
1923 401 1978 462 Α
2001 397 2071 453 do
2105 399 2196 453 Dei
2224 413 2320 465 es;
2372 407 2532 453 terrze
2579 399 2799 469 insuper
2835 414 3009 470 preces
3038 400 3106 457 de
3133 416 3234 470 qua
3286 408 3598 469 assumptus

303 496 391 552 tia:
434 496 732 552 calliditate
780 497 1110 552 confirmant
1175 511 1188 547 :
1259 491 1432 559 Erat,
1497 491 1898 560 inquit,quan-

301 589 370 642 do
426 605 528 642 non
551 597 678 642 erat.
713 588 757 642 0
817 603 958 642 saeva
991 587 1278 657 impiorum
1312 585 1648 656 malignitas!
1685 583 1899 638 Deusue

301 684 478 752 potuit
533 681 824 750 aliquando
889 695 997 735 non
1060 679 1228 753 essem.
1287 689 1378 735 aut
1437 681 1894 751 quemadmodum

303 784 329 813 ⁸
358 776 650 846 genitus,si
674 787 723 829 et
752 774 1050 829 secundmn
1079 774 1414 830 divinitatem
1473 775 1650 830 faetus
1704 775 1900 828 astrui-

301 870 424 926 tur?
450 869 581 922 Nam
608 885 732 923 cum
761 869 870 923 Deo
894 869 1134 938 Speciale
1188 868 1287 922 soli
1321 870 1386 920 sit
1421 883 1639 935 semper
1694 866 1893 933 fuisse,

301 976 366 1016 ex
425 962 543 1030 ipso
575 971 739 1028 atque
770 961 907 1015 intra
953 962 1127 1028 ipsum
1162 976 1394 1014 nascens
1439 960 1568 1030 quid
1597 961 1740 1015 aliud
1799 976 1891 1028 po-

304 1063 408 1108 test
437 1069 558 1108 esse
583 1071 743 1122 quam
794 1054 954 1108 Pater
980 1055 1102 1108 est?
1135 1059 1244 1108 Aut
1286 1055 1378 1109 ille
1431 1055 1895 1124 quemadmodum

299 1144 483 1213 Pater,
517 1146 561 1200 si
592 1147 642 1200 in
671 1146 847 1201 Verbo
897 1146 1196 1216 assumptio
1227 1146 1427 1217 aliqua,
1479 1162 1585 1201 non
1641 1148 1896 1200 nativitas

299 1255 427 1294 vera
456 1238 576 1293 est?
632 1240 786 1306 Quod
832 1239 878 1293 si
907 1255 1072 1295 verus
1095 1240 1288 1307 Pater,
1315 1256 1478 1294 verus
1510 1252 1564 1296 et
1604 1240 1808 1306 Filius;
1844 1249 1898 1295 et

300 1329 345 1384 si
373 1329 425 1384 iu
457 1331 605 1385 nullo
638 1330 946 1395 dissimilis,
978 1341 1090 1384 tttttt
1132 1331 1355 1386 demum
1410 1341 1561 1387 certa
1603 1332 1785 1403 imago
1805 1348 1898 1403 ge-

301 1424 512 1479 nitoris.
537 1427 718 1495 Atque
767 1425 904 1479 illttd
927 1426 1280 1480 consentiens
1309 1427 1361 1480 in
1398 1427 1667 1496 pt-Opheta
1697 1446 1711 1482 :
1759 1426 1896 1482 Eru—

302 1521 457 1573 ctavit
507 1536 598 1573 cor
647 1536 816 1573 meum
864 1521 1073 1574 verbum
1127 1521 1464 1590 bonum(Ps.
1498 1537 1643 1587 XLIV,
1676 1524 1697 1575 1
1731 1522 1772 1593 ).
1834 1522 1903 1576 Et

301 1611 497 1666 iterum
534 1613 708 1665 :Ante
764 1612 1043 1683 luciferum
1085 1614 1238 1682 genui
1295 1622 1346 1668 te
1377 1612 1496 1685 (Ps.
1530 1629 1641 1680 etx,
1666 1611 1744 1685 5).
1789 1613 1896 1669 Sed

301 1702 385 1757 his
406 1700 696 1756 confestim
735 1701 825 1756 illa
868 1703 1205 1758 substituunt
1235 1720 1356 1774 quae
1400 1705 1503 1759 sub
1557 1706 1769 1760 Domini
1817 1706 1899 1776 ip-

2001 506 2098 566 es;
2135 491 2490 545 validioribus
2522 492 2788 546 infirmior
2831 493 3152 560 dominaris,
3181 492 3450 561 profunda
3480 507 3599 544 mo-

2001 583 2141 637 dicis
2170 583 2414 638 trabibus
2437 596 2619 637 vectus
2649 584 2971 656 ingrederis,
3005 595 3056 639 et
3081 584 3330 652 subjecto
3353 583 3602 638 serviunt

2001 678 2312 742 elementa,
2361 693 2465 730 non
2518 687 2804 747 ιιι-Μυκη
2844 678 2935 731 tibi
2963 678 3232 740 anniaut
3283 687 3450 746 grata:
3507 685 3602 729 aut

2004 756 2165 825 utiles
2196 770 2345 824 vices
2378 779 2675 835 mutantur,
2713 785 3004 839 rerumque
3031 768 3267 823 varietas
3295 768 3596 837 dispositos

2002 864 2384 918 ttniverSurum
2417 863 2722 933 germinum
2767 862 2951 917 educit
2989 862 3145 917 fructi
3171 877 3196 916 s
3231 881 3241 912 :
3279 863 3373 915 tibi
3423 875 3598 915 aerea:

2001 971 2130 1010 aves
2157 955 2441 1020 decidunt,
2499 964 2554 1009 et
2605 955 2759 1024 aquis
2799 955 3076 1009 ttaSt-ettlia
3127 954 3347 1008 aluntur
3402 968 3465 1008 ac
3520 954 3600 1008 vi-

2002 1057 2154 1101 vunt.
2189 1047 2368 1101 Taceo
2398 1047 2539 1116 quod
2568 1047 2813 1117 generali
2839 1055 3124 1117 exemptus
3158 1047 3310 1100 ruina
3347 1046 3397 1099 itt
3445 1060 3600 1114 spem

1999 1158 2159 1212 quam
2195 1143 2458 1195 amiseras
2500 1140 2804 1210 reparatis;
2833 1141 2974 1212 quod
3008 1156 3106 1210 per
3138 1149 3190 1195 le
3215 1154 3442 1194 munere
3496 1139 3599 1191 itit-

2001 1235 2348 1291 mortalitatis
2395 1243 2620 1300 exutus,
2653 1251 2749 1304 per
2805 1237 2954 1289 illtttn
2998 1245 3273 1304 tamquam
3323 1249 3353 1288 a
3397 1232 3596 1302 princi-

2003 1330 2090 1399 pio
2138 1328 2334 1397 dignus
2367 1327 2644 1392 indueris;
2678 1341 2731 1382 et
2761 1329 2908 1381 velut
2938 1328 3128 1397 exigua
3163 1326 3234 1381 sit
3264 1326 3366 1379 ista
3399 1325 3598 1378 libera-

2003 1422 2147 1488 litas,
2172 1423 2368 1477 coelum
2404 1423 2623 1489 insuper
2649 1423 2693 1474 si
2720 1436 2963 1474 mereare
2985 1418 3322 1475 conscendcs
3345 1435 3358 1471 :
3385 1418 3602 1484 situque

2001 1517 2244 1570 materiae
2269 1529 2373 1570 IU‘JB
2403 1517 2631 1570 llllt‘l‘lllS
2662 1531 2768 1569 non
2801 1515 3110 1585 gravandus
3136 1560 3148 1582 ,
3182 1513 3367 1568 choris
3398 1514 3599 1566 misce—

2002 1608 2524 1675 berisAngelorutn.
2559 1625 2622 1664 ac
2654 1618 2730 1662 tot
2773 1609 2990 1663 saeculis
3036 1607 3362 1661 invisibilettt
3417 1606 3589 1660 Deum

2000 1702 2252 1770 perennis
2283 1702 2484 1755 lmtitiae
2517 1716 2798 1770 possessor
2825 1701 3077 1770 aspicies.
3112 1698 3252 1765 Quid
3287 1698 3436 1768 plttra
3465 1697 3488 1750 ?
3537 1696 3596 1751 Si

299 1795 414 1849 sius
447 1796 630 1851 verbis
663 1797 714 1850 in
742 1811 978 1866 persona
1007 1797 1274 1863 assumpti
1325 1797 1564 1850 hominis
1611 1799 1892 1867 prol'erun-
1925 1787 1971 1846 B
2001 1794 2312 1863 adeptionis
2343 1794 2625 1850 catholica!
2651 1794 2810 1848 fidem
2857 1809 3063 1858 serves,
3112 1792 3286 1846 haeres
3335 1790 3453 1857 Dei,
3506 1804 3601 1844 co-

303 1898 389 1943 tur
414 1907 426 1942 :
450 1888 633 1955 Pater,
661 1889 857 1960 inquit,
905 1891 1073 1958 major
1105 1907 1182 1943 me
1207 1899 1281 1943 est
1313 1889 1497 1959 (Jama.
1529 1890 1768 1962 x1v,28).
1808 1892 1893 1957 Et,

303 1981 428 2036 Non
484 1983 595 2037 veni
651 1983 966 2037 voluntatem
1023 1999 1189 2036 meum
1235 1983 1426 2053 facere,
1456 1984 1545 2036 sed
1585 1980 1899 2036 voluntatem

299 2079 414 2146 ejus
439 2075 527 2145 qui
554 2075 696 2128 misit
724 2091 803 2128 me
832 2073 1012 2128 Patris
1049 2073 1233 2145 (Joatt.
1275 2090 1348 2140 vt,
1381 2074 1495 2145 58).
1529 2074 1752 2128 Altioris
1797 2074 1895 2128 de-

301 2169 467 2238 nique
504 2183 700 2223 sensus
743 2182 813 2222 ex
865 2167 1071 2234 verbis,
1104 2166 1415 2221 Salomonis
1471 2166 1675 2235 scripta
1725 2166 1902 2220 corri—

306 2259 458 2329 piunt
495 2277 508 2313 :
539 2258 718 2325 Prior,
771 2259 978 2329 inquit,
1013 2259 1244 2311 omnium
1281 2270 1452 2312 creata
1506 2269 1578 2312 est
1628 2259 1902 2330 Sapientia

305 2351 494 2422 (Eccli.
538 2367 576 2417 ι,
607 2353 690 2420 4).
727 2352 812 2417 Ει,
865 2349 1124 2405 Dominus
1151 2352 1206 2404 in
1235 2352 1387 2405 initio
1437 2353 1636 2404 uiarum
1686 2369 1900 2405 suarum

305 2445 498 2498 creavit
531 2461 608 2497 n:e
637 2442 833 2512 (Prov.
866 2459 980 2507 vttt,
1007 2444 1126 2512 2'2).
1161 2445 1292 2510 Qua:
1317 2443 1362 2497 si
1410 2444 1460 2496 in
1523 2445 1896 2512 przescientia,

307 2539 448 2594 sicut
475 2539 608 2602 disi,
641 2538 708 2592 de
739 2548 966 2592 auctore
992 2538 1386 2606 redemptionis
1419 2547 1618 2591 nostrae
1646 2538 1900 2606 praedicta

308 2647 414 2687 ιιοιι
460 2641 709 2696 censent,
740 2630 769 2669 δ
827 2639 879 2684 et
935 2629 1288 2686 Salomont-tn
1352 2630 1405 2684 in
1455 2632 1646 2684 eodem
1696 2629 1900 2700 Spiritu

307 2723 453 2778 aliud
481 2734 668 2791 putant
715 2725 955 2776 sensisse
983 2739 1144 2792 quatn
1173 2733 1434 2788 etetrros;
1469 2723 1691 2777 audiant
1718 2739 1901 2794 requa-

310 2819 515 2874 litatem
545 2817 861 2872 substantite
888 2826 941 2871 et
963 2817 1260 2871 divinitatis
1284 2818 1462 2879 unius,
1488 2817 1810 2887 Patremque
1840 2832 1903 2871 ac

309 2911 506 2969 Filium
550 2913 677 2966 liet-t
729 2910 782 2964 in
840 2911 1091 2980 personis
1141 2925 1203 2964 ac
1257 2910 1564 2964 nominibus
1619 2926 1722 2964 nott
1755 2927 1906 2965 emn-

308 3006 454 3072 dem,
486 3021 650 3060 unum
680 3013 859 3059 tamen
885 3005 934 3057 itt
962 3004 1246 3072 majestate
1268 3014 1597 3074 cognoscant
1623 3022 1636 3058 ι
1662 3004 1795 3075 Ego,
1824 3005 1906 3059 in-

310 3098 445 3168 quit,
479 3107 528 3153 et
573 3095 733 3151 Pater
781 3113 922 3152 meus
952 3112 1112 3150 unum
1142 3114 1318 3152 sumus
1351 3097 1548 3166 (Joan.
1591 3114 1644 3166 χ,
1679 3097 1802 3166 ΞΟ).
1839 3098 1907 3152 Ει

2005 1888 2181 1942 haeres
2210 1901 2389 1942 autem
2420 1887 2621 1942 Christi
2651 1896 2915 1956 perpetuo
2947 1883 3312 1955 permanebis.

2077 1978 2182 2034 Sed
2218 1981 2302 2034 his
2332 1995 2395 2033 ac
2445 1979 2647 2034 talibus
2677 1978 2815 2048 pulsi
2850 1977 3059 2031 lurrere
3088 1973 3443 2030 nihilominus
3487 1988 3602 2028 ma-

2006 2074 2168 2144 lignis
2220 2073 2586 2127 intelleetibus
2628 2071 2867 2134 student,
2903 2069 3032 2124 illud
3063 2084 3131 2124 ex
3167 2066 3475 2138 Evangeliis
3504 2081 3592 2121 as—

2003 2176 2304 2231 sumentes,
2360 2165 2501 2234 quod
2559 2165 2747 2217 horam
2797 2163 3063 2216 adventus
3085 2161 3167 2216 sui
3197 2160 3450 2228 diemque
3504 2175 3600 2213 nc-

2004 2257 2212 2313 scierit.
2268 2255 2339 2311 Ut
2395 2257 2505 2310 illis
2565 2255 2668 2309 hoc
2715 2255 3040 2320 dimittatur,
3100 2263 3441 2320 assumptum
3501 2251 3603 2304 ho-

2006 2353 2210 2406 minem
2239 2361 2362 2404 ante
2390 2349 2629 2403 nescisse
2659 2364 2820 2417 quam
2848 2345 3187 2402 terrestrium
3222 2355 3274 2400 et
3297 2344 3602 2399 cu‘lestium

2008 2452 2332 2514 potestatem
2367 2445 2420 2497 in
2447 2443 2538 2497 Dei
2569 2443 2741 2512 gloria
2794 2450 3045 2511 receptus
3075 2442 3384 2511 acciperet;
3448 2456 3606 2496 num-

2007 2538 2135 2603 quid
2185 2536 2350 2590 etiam
2405 2535 2562 2589 Verbi
2596 2535 2851 2587 divinitas
2883 2535 3186 2604 ignorabat,
3222 2543 3312 2586 aut
3346 2547 3472 2587 cum
3531 2533 3604 2587 sit

2008 2631 2181 2687 Filius
2211 2646 2430 2694 semper
2485 2630 2539 2684 iu
2575 2629 2758 2694 Patre,
2785 2637 2945 2698 atque
2975 2628 3027 2680 iu
3061 2625 3198 2680 Filio
3231 2626 3407 2692 Pater,
3468 2631 3607 2681 sciet

2007 2723 2212 2792 aliquid
2247 2739 2384 2776 urus
2414 2720 2522 2775 alio
2571 2719 2893 2775 nesciente?
2950 2718 3016 2773 Et
3047 2717 3344 2789 quamlibet
3393 2733 3461 2773 ex
3511 2731 3608 2772 vo-

2011 2819 2219 2873 luntate
2268 2817 2447 2870 Patris
2477 2834 2503 2867 :t
2531 2830 2590 2869 se
2623 2824 2802 2869 tamen
2837 2813 3088 2867 faciunda
3115 2815 3328 2880 penitus
3380 2813 3602 2882 ignora-

2012 2911 2128 2964 hil?
2177 2925 2299 2964 cum
2345 2909 2397 2963 in
2444 2909 2562 2978 ipsa
2611 2918 2850 2975 paterna:
2901 2905 3202 2960 voluntatis
3231 2908 3438 2960 ratione
3496 2922 3602 2960 non

2010 3003 2296 3071 subiectio.
2331 3003 2424 3056 sed
2456 3015 2756 3056 consensus
2804 3008 2923 3063 est;
2975 2999 3143 3053 David
3175 2999 3225 3052 in
3252 2998 3456 3066 Spirittt
3502 2999 3604 3053 sub

2010 3098 2191 3152 verbis
2225 3097 2393 3166 ipsius
2423 3095 2503 3150 sic
2550 3094 2822 3149 docente:
2885 3092 2950 3148 Ut
2993 3094 3214 3160 facerem
3281 3090 3604 3146 voluntatem

313 3191 506 3245 iterum
543 3206 556 3243 :
591 3189 860 3258 Philippe,
893 3200 1035 3243 tanto
1089 3200 1315 3260 tetnpore
1361 3191 1617 3244 vobiscum
1666 3208 1800 3255 sum,
1857 3202 1907 3246 et
1937 3179 1978 3238 (Σ
2016 3201 2178 3251 tuam.
2233 3189 2373 3244 Deus
2424 3205 2590 3256 meus,
2649 3188 2788 3241 uolui
2822 3185 2962 3258 (Ps.
2993 3202 3185 3254 χχχιχ,
3220 3186 3318 3256 9).
3350 3185 3467 3241 Non
3524 3194 3608 3240 est

312 3285 546 3338 nondum
577 3301 657 3338 me
687 3285 847 3338 nostis
893 3283 1091 3353 (Joan.
1137 3299 1247 3348 χιν,
1286 3282 1399 3354 9)?
1436 3283 1535 3348 Qui
1593 3300 1673 3338 me
1731 3284 1904 3350 uidet,

311 3376 446 3429 videt
475 3387 520 3430 et
563 3375 795 3430 Patrem.
829 3375 896 3430 Et
921 3377 1082 3429 tertio
1115 3393 1126 3430 :
1159 3375 1347 3429 Omnia
1385 3392 1716 3445 quiscumque
1755 3377 1912 3431 habet

314 3468 496 3534 Pater,
551 3485 663 3523 mea
701 3478 820 3524 sunt
851 3468 1033 3541 (Joau.
1066 3485 1176 3533 χνι,
1206 3471 1294 3540 15)
1323 3485 1335 3533 ;
1369 3482 1415 3523 et
1446 3477 1561 3540 qua:
1605 3475 1707 3525 vult
1741 3471 1913 3527 Filius

313 3565 494 3618 eadem
543 3564 649 3617 rult
693 3574 739 3616 et
768 3561 959 3628 Pater;
988 3572 1043 3617 et
1077 3581 1087 3614 :
1116 3562 1262 3617 Sicut
1283 3574 1530 3634 operatur
1554 3563 1736 3629 Pater,
1786 3581 1911 3632 ape-

317 3669 469 3713 ratur
523 3668 573 3713 et
619 3655 793 3712 Filius
851 3653 1012 3727 (Joan
1041 3657 1248 3723 v,l9).
1304 3657 1569 3710 Similiter
1621 3659 1908 3712 clarilicari

317 3751 540 3822 perinde
567 3766 596 3804 a
627 3750 784 3804 Patre
811 3765 869 3804 se
895 3751 1157 3819 posuilat;
1185 3750 1276 3805 sed
1311 3767 1524 3804 rursum
1556 3751 1768 3806 Patrem
1799 3769 1826 3806 a
1850 3768 1910 3809 se

315 3844 668 3899 elariﬁcatutn
698 3858 879 3897 coram
915 3844 1225 3897 hominibus
1257 3853 1610 3912 protestatur.
1635 3845 1756 3912 Quo
1809 3862 1908 3901 au-

321 3950 427 3995 tent
470 3952 627 4008 pacto
671 3938 872 3994 includi
904 3938 1150 4007 qualibet
1206 3939 1556 4008 protensiune
1607 3951 1908 4010 temporum

319 4044 520 4105 potest,
555 4048 581 4085 a
606 4048 714 4101 quo
747 4041 987 4100 tempora
1017 4041 1145 4084 sunt
1174 4040 1353 4085 creata
1379 4032 1402 4085 ?
1448 4030 1538 4086 Vel
1560 4033 1703 4102 quod
1730 4036 1777 4087 ei
1809 4033 1910 4087 ini.

321 4131 453 4184 tium
487 4139 570 4182 est
600 4126 1017 4182 adscribendum
1056 4169 1070 4191 ,
1125 4143 1218 4195 per
1259 4142 1418 4196 quem
1465 4129 1703 4182 omnium
1760 4128 1910 4183 initia

321 4224 659 4294 prodierunt.

390 4315 606 4370 Intuere
652 4314 837 4369 Ariani
881 4330 1079 4370 caream
1123 4315 1550 4384 persuasionem,
1601 4322 1658 4370 et
1693 4329 1910 4369 sensum

322 4408 485 4463 totius
514 4407 806 4475 impietatis
838 4409 1104 4462 terminos
1136 4407 1516 4462 excedentem.
1569 4405 1740 4477 Finge
1767 4407 1911 4477 quod

323 4501 629 4573 transgredi
677 4518 854 4556 rerum
888 4503 1037 4557 initia
1067 4501 1322 4573 opinione
1353 4515 1446 4554 sua
1481 4503 1678 4571 possit,
1717 4512 1774 4557 et
1822 4517 1912 4556 so-

2012 3299 2144 3353 crgo
2177 3284 2248 3336 ila
2294 3284 2700 3352 obtemperans,
2733 3280 2885 3348 quasi
2913 3279 3184 3344 subditus,
3219 3280 3318 3335 sed
3356 3279 3606 3334 volunta-

2015 3388 2120 3433 tetn
2166 3377 2346 3431 Patris
2384 3376 2436 3429 in
2485 3390 2579 3430 sua
2629 3373 2835 3428 faciens
2885 3374 3208 3426 voluntate:
3243 3372 3381 3426 mitti
3423 3383 3604 3426 autem

2011 3472 2233 3528 dicitur.
2268 3469 2362 3524 sed
2394 3477 2454 3522 ut
2483 3468 2622 3522 alter
2643 3465 2996 3537 intelligatur.
3029 3464 3298 3535 Novitque
3327 3466 3490 3519 etiam
3523 3478 3610 3520 se-

2012 3566 2250 3620 cundum
2284 3563 2560 3618 hominem
2592 3563 2813 3628 omnia;
2849 3576 2968 3629 quas
2992 3560 3169 3614 futura
3201 3559 3281 3614 sic
3314 3565 3607 3624 prmtiotat,

2015 3667 2071 3711 ut
2123 3659 2175 3711 in
2206 3665 2397 3726 aperto
2424 3655 2492 3708 sit
2524 3653 3010 3708 consummationis
3035 3653 3178 3707 diem
3213 3652 3370 3706 nobis
3418 3651 3600 3718 potius

2013 3767 2313 3820 congruum
2349 3749 2518 3802 fuisse
2552 3748 2782 3808 nescire,
2817 3761 2977 3816 qttam
3011 3746 3160 3798 illum
3193 3746 3411 3814 penitus
3452 3745 3609 3815 igno-

2014 3862 2185 3901 rasse.
2240 3845 2484 3914 Denique
2517 3843 2643 3897 hinc
2673 3852 2727 3896 et
2756 3844 2882 3895 vitm
2916 3841 3146 3910 proprias
3178 3839 3284 3894 line
3324 3841 3567 3894 celatnur
3591 3881 3608 3906 ,

2015 3950 2073 3993 ut
2101 3937 2426 3992 attentiores
2455 3936 2520 3990 ad
2565 3935 2832 4004 justitiam
2865 3933 3053 3988 incerti
3085 3933 3268 3985 exitus
3299 3931 3613 3986 sollicitudo

2015 4031 2284 4100 perficiat,
2329 4040 2384 4084 et
2413 4029 2515 4083 sub
2563 4025 2711 4081 omni
2745 4035 3093 4095 peccatorum
3125 4024 3414 4078 occasione
3457 4039 3613 4080 emn-

2016 4123 2178 4194 poSiti
2212 4131 2440 4176 mortem
2496 4118 2708 4174 facilius
2761 4119 3052 4184 evitemus,
3083 4116 3128 4171 si
3159 4117 3350 4170 mortis
3405 4116 3615 4171 adven-

2016 4225 2128 4269 tum
2159 4213 2402 4283 quntidie
2435 4213 2754 4275 timeamus;
2789 4211 2891 4264 hoc
2920 4211 3064 4264 enim
3113 4210 3441 4279 generaliter
3488 4223 3616 4277 pro-

2017 4310 2209 4363 videns
2232 4307 2509 4373 Scriptura
2537 4303 2859 4375 pra-monuit
2891 4303 3079 4358 dicens
3103 4321 3113 4355 :
3146 4301 3338 4369 Stulte,
3363 4300 3463 4354 huc
3491 4317 3614 4354 noc-

2017 4415 2064 4459 te
2091 4400 2503 4475 ea‘postulabitur
2551 4400 2727 4452 anima
2748 4409 2838 4451 tua
2862 4414 2880 4452 :
2902 4414 2961 4451 ea
2987 4413 3103 4468 qua:
3137 4395 3464 4468 prwparasti,
3517 4410 3613 4448 cu-

2009 4503 2100 4573 jus
2127 4506 2277 4551 erunt
2311 4495 2466 4565 (Luc.
2498 4509 2572 4548 χιι
2595 4535 2610 4558 ,
2641 4489 2770 4562 l0)?
2802 4491 3067 4545 Similiter
3096 4487 3344 4558 Apostoli
3377 4501 3609 4556 pra-mo-

321 4596 446 4651 lidze
475 4597 746 4666 majestati
770 4595 1148 4667 przejutliciutn
1169 4609 1510 4665 comparare.
1545 4593 1736 4650 Nonne
1762 4610 1911 4663 apcr-
1939 4564 1994 4623 Β
2021 4607 2236 4663 nentur,
2268 4595 2549 4649 Salvatore
2593 4591 2807 4645 dicente
2840 4605 2857 4642 :
2892 4587 3052 4641 Orate
3096 4587 3207 4639 sine
3231 4584 3614 4639 intermissione

323 4700 388 4746 tat
417 4692 644 4746 insaniae
685 4701 790 4755 est,
833 4690 944 4745 Deo
969 4690 1055 4744 cui
1081 4690 1265 4742 omnia
1303 4688 1522 4753 debeas,
1554 4705 1752 4743 nomen
1786 4689 1914 4742 sub-

321 4787 536 4841 stantia-
567 4785 856 4840 deterioris
884 4783 1178 4850 ascribere,
1232 4797 1294 4836 ac
1333 4783 1400 4836 de
1453 4781 1722 4836 immenso
1759 4780 1915 4850 quasi

323 4879 504 4951 possis
552 4879 744 4946 exigua
785 4876 1056 4930 deﬁnire?
1105 4875 1240 4940 Quid
1275 4877 1326 4929 in
1359 4886 1432 4938 te.
1473 4889 1506 4927 ο
1536 4890 1768 4942 nequam
1815 4874 1915 4928 ho-

325 4989 434 5039 tno,
501 4980 706 5025 tantmn
757 4969 846 5022 ille
891 4969 1226 5036 promeruit:
1286 4968 1454 5021 immo
1481 4967 1608 5037 quid
1638 4984 1744 5021 nun
1803 4985 1915 5038 prae

322 5067 560 5131 caeteris,
589 5079 710 5120 cum
752 5072 802 5117 te
833 5069 954 5125 post
1006 5061 1186 5116 omnia
1230 5060 1494 5114 forinaret
1547 5059 1804 5124 indulsit,
1859 5069 1918 5114 ut

326 5161 482 5215 bonis
510 5158 647 5212 tnala
681 5160 909 5219 referas,
935 5163 993 5208 ut
1047 5154 1252 5208 zizania
1305 5167 1429 5208 esse
1461 5167 1622 5224 quam
1676 5153 1919 5207 triticum

329 5251 491 5308 malis
519 5249 543 5303 ?
567 5247 791 5303 Cunctis
824 5245 1288 5316 posteriortaettts
1329 5245 1599 5299 creaturis
1643 5259 1741 5314 per
1795 5258 1922 5298 eum

330 5345 509 5418 potior
554 5343 727 5398 factus
771 5355 850 5405 es,
881 5356 1041 5411 quem
1072 5356 1182 5395 ase
1239 5339 1396 5394 factis
1443 5339 1668 5408 profane
1723 5341 1926 5410 permi-

330 5455 486 5496 scere
529 5437 738 5492 studes.
769 5435 847 5489 Tu
875 5434 943 5488 de
990 5433 1259 5495 calcabili.
1289 5444 1348 5488 ut
1392 5434 1510 5500 ipse
1537 5450 1644 5488 non
1701 5436 1922 5502 renuis,

329 5533 481 5600 limo,
513 5547 700 5597 sensu,
725 5529 906 5599 specie
937 5543 1001 5583 ac
1046 5534 1319 5598 potestate
1360 5527 1538 5597 imago
1567 5541 1630 5582 ac
1668 5527 1928 5582 similitu-

403 5699 429 5728 ι
469 5689 682 5756 Optima
721 5688 888 5742 lectio
923 5686 1125 5740 codicis
1153 5684 1308 5740 Lem.
1334 5685 1489 5754 Quod
1520 5694 1678 5741 antea
1711 5685 1928 5754 legeba-

340 5769 429 5819 tur
496 5761 664 5813 enitus
694 5760 782 5826 sit,
807 5768 853 5812 et
877 5761 1180 5823 secundum,
1218 5757 1445 5826 intelligi
1477 5775 1586 5812 non
1618 5767 1854 5829 poterat.

403 5833 432 5871 ι’
459 5779 696 5887 $riores
719 5832 840 5886 dua:
868 5845 1033 5886 voces
1081 5845 1112 5885 e
1165 5828 1353 5887 codice
1407 5829 1568 5886 Vind.
1591 5877 1604 5887 .
1662 5830 1862 5887 posteri

403 5833 432 5871 ι’
460 5828 696 5887 Priores
719 5832 840 5886 dua:
868 5845 1033 5886 voces
1081 5845 1112 5885 e
1165 5828 1353 5892 codice
1407 5829 1568 5886 Vind.
1591 5828 1632 5901 ,ί
1662 5830 1930 5900 ριιειριίο-

2020 4691 2071 4756 (l
2100 4688 2283 4741 Thess.
2309 4701 2364 4751 v,
2409 4685 2472 4737 l7
2501 4682 2520 4752 )
2547 4699 2560 4746 ;
2593 4683 2715 4751 quia
2743 4680 2948 4733 nescitis
2979 4677 3190 4746 quando
3239 4673 3414 4727 Filius
3443 4673 3614 4726 homi-

2019 4782 2100 4834 nis
2126 4787 2374 4833 venturus
2406 4778 2468 4829 sit
2499 4773 2715 4844 (Matth.
2743 4785 2887 4827 xxiv.
2915 4767 3035 4837 49.).
3069 4766 3123 4820 ld
3157 4773 3278 4820 est:
3313 4765 3487 4819 Metus
3519 4779 3614 4821 vo-

2022 4875 2104 4927 bis
2133 4882 2188 4927 et
2221 4868 2558 4937 exspectatio
2591 4867 2794 4920 incerta
2826 4860 3126 4916 consultior
3155 4868 3257 4926 est,
3291 4873 3358 4912 ne
3387 4871 3616 4914 securos

2023 4965 2216 5019 liducia
2248 4961 2499 5024 subruat,
2531 4967 2584 5011 et
2631 4957 2935 5010 futurorum
2983 4952 3209 5006 scientia
3254 4950 3491 5021 decipiat
3538 4949 3618 5005 nil

2028 5059 2316 5121 timentes;
2339 5071 2464 5110 cum
2494 5051 2664 5123 magis
2684 5064 2782 5115 spe
2813 5048 3181 5103 diuturnitatis
3210 5047 3421 5118 abjecta
3452 5045 3620 5102 aude-

2025 5170 2084 5209 re
2115 5149 2414 5208 salubriter
2446 5150 2660 5214 timeas,
2711 5144 2856 5216 quod
2904 5143 3104 5214 corrigi
3146 5143 3202 5198 in
3241 5145 3418 5212 spatio
3459 5155 3622 5212 posse

2023 5265 2134 5305 non
2165 5246 2378 5302 credas.

2100 5342 2385 5398 Universae
2415 5347 2595 5393 tamen
2620 5336 3002 5391 haereticorum
3027 5331 3270 5404 perfidiae
3298 5330 3366 5386 de
3388 5341 3624 5400 utraque

2031 5434 2236 5490 Christi
2293 5433 2576 5490 nativitate
2625 5431 2835 5487 duobus
2864 5429 2949 5485 vel
3006 5428 3241 5482 maxime
3295 5423 3624 5480 testimoniis

2030 5531 2402 5592 subruuntur,
2452 5526 2677 5582 Joannis
2726 5521 3019 5593 Evangelio
3062 5521 3142 5575 sic
3184 5515 3624 5602 intonantesin

3431 5590 3604 5610 -.QK.'D.

2033 5703 2120 5743 res
2137 5688 2255 5742 dum
2283 5704 2314 5743 e
2365 5688 2592 5770 Lemov.
2615 5686 2905 5757 descripta:
2934 5694 3078 5742 sunt.
3110 5683 3168 5740 in
3190 5683 3374 5751 editis,
3399 5682 3621 5754 quasi...

2030 5777 2132 5816 non
2161 5771 2346 5825 essent,
2400 5774 2660 5832 pessunc.
