4092 6176
508 291 649 353 “739

1777 291 2096 354 ZACCHAEI
2128 285 2520 354 CHRISTIAHI

3669 288 3815 355 tuo

510 418 770 488 principio
797 424 910 472 erat
950 417 1191 486 Verbum,
1216 425 1263 473 et
1323 415 1543 472 Verbum
1569 424 1679 472 erat
1710 417 1856 488 apud
1907 416 2106 484 Deum:
2137 411 2183 480 Α
2213 413 2614 487 etiamjustitlrc
2641 415 3162 487 privi'egiumtriltui
3197 417 3342 473 Deus
3371 415 3490 488 ipse
3516 416 3596 472 sic
3625 417 3811 488 loqui-

509 517 559 564 et
622 509 762 564 Deus
791 519 902 564 erat
951 507 1192 566 Verbum.
1247 510 1363 565 Hoc
1400 519 1511 566 erat
1554 513 1607 564 in
1656 513 1916 581 principio
1965 510 2106 583 apud

512 599 698 653 Deum.
763 599 954 654 Omnia
1009 615 1100 674 per
1135 604 1305 674 ipsum
1347 603 1488 672 facta
1539 611 1692 667 sunt,
1743 607 1790 656 et
1835 603 1946 657 sine
1993 603 2107 671 ipso

513 696 709 765 factum
737 701 810 747 est
838 693 974 748 nihil
1005 692 1198 766 (Joau.
1229 711 1266 760 ι,
1301 695 1391 750 1-3
1411 693 1453 765 ).
1504 695 1572 750 Ει
1599 695 1793 750 iterum
1831 713 1844 749 :
1873 693 1939 747 Et
1974 693 2108 747 Ver-

513 784 629 838 bum
657 801 780 840 caro
807 786 1006 855 factum
1034 793 1129 854 est,
1184 794 1232 840 et
1283 787 1531 841 habitavit
1562 787 1612 839 in
1645 785 1833 841 nobis:
1864 794 1912 842 et
1975 784 2109 839 uidi—

511 893 630 931 mus
667 877 890 948 gloriam
921 882 1068 951 ejus,
1107 879 1328 950 gloriam
1378 880 1526 949 quasi
1555 879 1862 952 unigenilia
1908 878 2068 933 Patre
2091 920 2108 946 ,

513 970 724 1040 plenum
762 971 945 1041 gratim
1000 979 1050 1024 et
1096 972 1323 1025 veritatis
1357 969 1549 1042 (Ibid.,
1585 970 1709 1042 14).
1764 969 1926 1026 Vides
1979 984 2111 1040 ergo

515 1063 722 1118 nullum
754 1064 973 1118 Arianis
1015 1063 1192 1120 locum
1230 1064 1503 1129 relictum,
1535 1079 1643 1135 quo
1685 1064 1878 1118 nterito
1907 1081 1933 1115 a
1987 1063 2110 1118 fidei

519 1167 720 1212 nostra:
754 1158 1064 1228 integritate
1089 1158 1457 1214 dissentiant:
1491 1173 1610 1212 cunt
1643 1157 1786 1212 idem
1820 1156 1914 1211 Dei
1948 1155 2116 1210 Filius

517 1261 643 1306 ante
670 1249 870 1305 saecula
910 1251 1243 1322 unigenitus,
1275 1260 1329 1306 et
1357 1265 1502 1305 nunc
1547 1250 1938 1319 primogenitus
1969 1263 2112 1319 prte-

515 1343 724 1399 dicetur
751 1359 764 1408 ;
796 1343 995 1398 terreni
1027 1342 1274 1414 corporis
1299 1342 1551 1398 obtinens
1577 1341 1885 1408 veritatem,
1916 1350 1969 1394 et
1999 1353 2112 1394 cut-

517 1436 714 1493 lestem
747 1437 1045 1504 potentiam
1103 1453 1210 1492 non
1257 1436 1510 1491 amittens
1565 1433 1765 1508 [Forte
1791 1432 2115 1504 amittens],

518 1536 748 1598 utraque
783 1528 1088 1582 inativitate
1143 1529 1459 1598 complexus
1487 1537 1570 1584 est
1626 1527 1766 1598 quod
1800 1543 1896 1598 per
1945 1527 2116 1582 solam

523 1621 869 1676 divinitatem
899 1630 1057 1677 antea
1088 1621 1422 1692 possidebat.

1087 1711 1321 1768 CAPUT
1358 1710 1525 1766 XVII.

2224 519 2330 576 tur,
2365 525 2464 579 per
2507 509 2720 564 Esaiam
2750 509 3034 564 conversis
3063 509 3160 563 ista
3209 508 3542 564 denuntians
3573 527 3586 561 :
3618 507 3721 563 Dic.
3758 516 3816 566 tu

2213 601 2503 671 injustitias
2535 607 2650 655 tuas
2694 601 2864 672 prius,
2923 610 2976 652 ut
3000 601 3310 673 justiﬁceris
3341 597 3478 671 (Isai
3507 615 3657 668 thtt,
3689 600 3810 672 20).

2212 693 2431 750 intuere
2474 709 2594 748 eum
2627 697 2782 750 venia
2812 695 3126 764 praemium,
3161 703 3214 746 et
3257 693 3539 762 cujusdam
3588 696 3817 752 honoris

2214 791 2266 845 in
2295 790 2527 861 simplici
2558 789 2910 844 confessione
2942 785 3251 844 mercedem
3281 804 3294 840 :
3337 787 3482 844 Deus
3529 789 3606 844 illi
3646 789 3815 860 justi-

2216 883 2304 937 tiae
2350 882 2583 936 fructum
2635 881 2927 953 promittit,
2990 880 3043 935 in
3101 894 3261 950 quem
3301 879 3634 938 Horatianus
3679 883 3816 939 dura

2213 974 2558 1045 pronuntiat;
2592 981 2646 1029 et
2677 972 2892 1028 absolvi
2922 985 3084 1042 posse
3117 985 3244 1027 cum
3273 972 3447 1044 gratia
3496 973 3811 1044 pollicetur,

2214 1083 2374 1140 quem
2409 1067 2502 1122 ille
2546 1082 2616 1124 ne
2645 1068 2910 1136 salvetur,
2937 1066 3186 1136 expellit.

2289 1159 2384 1214 llis
2415 1167 2596 1215 tamen
2629 1175 2734 1214 non
2779 1159 3056 1229 legitimus
3101 1159 3398 1215 sacerdotii
3451 1159 3815 1231 principatus,

2218 1267 2540 1322 summaque
2571 1252 2623 1306 in
2655 1251 2936 1322 pontificio
2963 1265 3070 1307 non
3117 1251 3220 1307 fuit
3263 1251 3447 1315 sedes.
3480 1251 3576 1308 sed
3603 1267 3698 1323 per
3716 1253 3820 1309 ob-

2218 1345 2522 1415 reptionem
2545 1345 2694 1400 velut
2727 1345 2780 1399 in
2807 1346 3039 1416 quadam
3067 1345 3359 1418 tyrannide
3380 1345 3653 1401 discordia
3683 1348 3820 1402 cott-

2222 1437 2507 1492 valescens
2534 1437 2853 1506 praedictum
2883 1437 3201 1492 schismatis
3239 1445 3488 1492 sectatur
3515 1444 3816 1504 auctorem,

2218 1535 2273 1584 et
2297 1544 2324 1583 a
2354 1530 2636 1586 consortio
2685 1531 2786 1599 piae
2813 1537 2837 1566 ιι
2860 1531 3268 1585 communionis
3306 1531 3515 1586 exclusi
3550 1530 3685 1587 tradi
3710 1530 3816 1589 Sa-

2219 1632 2364 1677 tante
2404 1630 2672 1692 perpetuo
2703 1622 2940 1691 malunt,
2975 1637 3136 1694 quam
3179 1623 3294 1679 Deo
3331 1623 3596 1693 Spiritslis
3631 1624 3825 1694 gratia

2224 1718 2606 1773 exhortatione
2636 1718 2918 1784 revocari;
2951 1719 3202 1789 recipere
3233 1719 3520 1774 innumera
3565 1717 3826 1788 Scriptu-

525 1803 719 1858 Coutra
760 1805 1121 1870 Novatiauos,
1172 1809 1260 1875 qui
1304 1806 1554 1859 unitatem
1598 1806 1927 1869 dissentiunt,
1953 1812 2001 1857 et
2039 1819 2119 1857 se-
2149 1805 2195 1869 B
2226 1823 2413 1864 rarum
2444 1809 2694 1879 exempla
2726 1809 2995 1876 nolentes,
3025 1811 3221 1880 quibus
3263 1809 3404 1864 haud
3450 1809 3615 1865 dubia
3658 1811 3828 1866 inter-

709 1899 810 1950 mel
837 1897 1039 1967 lapsum
1066 1897 1353 1950 restaurari
1385 1911 1538 1965 posse
1568 1912 1671 1950 nou
1698 1896 1932 1949 credunt.

594 1992 797 2048 Arcu.
825 2021 896 2033 —
923 1992 1173 2048 Omnium
1205 1991 1424 2063 quidem
1451 1999 1720 2047 sectarum
1743 2005 1897 2046 error
1923 1997 1977 2046 et
2000 2003 2124 2060 pra-

525 2085 668 2140 vitas
699 2085 748 2139 iu
778 2085 950 2154 prima
995 2085 1178 2139 statim
1221 2084 1567 2154 expositione
1595 2084 1896 2148 claruerat;
1923 2081 2018 2137 sed
2064 2089 2126 2135 ut

526 2181 828 2250 promptius
856 2177 1133 2249 .‘elueeret,
1167 2180 1477 2236 necessario
1502 2181 1727 2234 ilrmitas
1752 2178 2014 2233 doctrinm
2041 2188 2127 2230 se-

529 2273 746 2343 quentis
773 2273 1024 2337 accessit,
1057 2275 1113 2328 ct
1141 2287 1366 2327 currens
1392 2285 1489 2341 per
1527 2271 1736 2342 singula
1768 2269 2126 2324 moduseom-

530 2376 784 2434 petenter
813 2367 1021 2421 detexit
1067 2365 1327 2436 quidquid
1359 2366 1579 2422 traditio
1627 2365 1908 2420 scelerata:
1956 2363 2126 2417 inter-

531 2458 858 2529 pretationis
899 2458 1220 2514 obduxerat.
1252 2457 1409 2514 Unde
1465 2472 1606 2512 nunc
1644 2461 1703 2511 ttt
1749 2457 1893 2511 nulla
1943 2456 2127 2510 animo

534 2551 674 2605 desit
728 2551 1016 2605 instructio
1042 2593 1055 2616 ,
1088 2550 1287 2620 pande,
1318 2565 1526 2620 qumso,
1562 2565 1680 2620 qua:
1712 2548 2042 2603 Novatlanos
2095 2561 2127 2600 a

533 2643 688 2696 nobis
743 2655 903 2696 causa
952 2642 1380 2706 determineLut
1427 2658 1456 2697 a
1517 2642 1844 2698 credulitate
1898 2638 2129 2695 catholi-

528 2749 590 2789 ca
640 2734 1008 2800 discedentes,
1068 2749 1173 2788 non
1227 2733 1403 2791 solum
1434 2743 1732 2790 conventus
1761 2743 1919 2788 extra
1939 2732 2129 2788 Eccle-

535 2829 672 2881 siam
725 2829 1085 2896 contrahant,
1141 2829 1237 2884 sed
1258 2871 1273 2894 ,
1306 2837 1366 2884 ut
1416 2829 1584 2884 credo
1605 2871 1619 2894 ,
1652 2829 1816 2885 etiam
1848 2827 2006 2882 ﬁdem
2063 2825 2128 2881 il-

535 2919 643 2975 lius
692 2921 974 2991 impetant,
1031 2936 1059 2976 a
1117 2923 1272 2992 cujus
1318 2938 1452 2994 pace
1503 2924 1725 2979 unitatis
1783 2923 1910 2978 odio
1947 2935 2130 2977 reces-

532 3023 745 3068 serunt.

605 3105 805 3162 ZACCII.
840 3138 910 3150 ——
941 3108 1105 3164 Iteete
1147 3107 1403 3176 intelligis
1461 3105 1582 3162 tidei
1631 3107 1892 3162 unitatem
1959 3119 2129 3177 penes

533 3212 630 3253 eos
660 3215 787 3255 esse
819 3216 926 3256 non
959 3215 1137 3269 posse,
1171 3215 1199 3254 a
1229 3201 1424 3269 quibus
1455 3199 1711 3255 Ecclesia:
1739 3200 1917 3254 unitas
1947 3200 2018 3254 sit
2040 3213 2128 3254 re-

535 3291 693 3358 licta;
725 3295 848 3363 quia
883 3311 987 3350 nort
1036 3295 1270 3350 interest
1312 3292 1773 3361 quemadmodum
1813 3291 1938 3361 quis
1973 3305 2131 3346 rece-

537 3385 652 3450 dat,
683 3387 728 3441 si
770 3387 838 3442 ab
870 3387 990 3457 ejus
1035 3399 1268 3456 corpore
1316 3389 1510 3455 sponte
1531 3399 1590 3438 se
1639 3383 1856 3450 dividit,
1903 3382 2133 3439 Domino

533 3475 593 3530 in
629 3477 934 3548 Evangeliis
970 3478 1071 3534 hoc
1101 3479 1393 3548 loquente:
1417 3475 1522 3540 Qui
1549 3489 1748 3530 mecum
1781 3491 1883 3528 non
1907 3482 2004 3542 est,
2038 3475 2133 3528 ad-

535 3585 710 3623 versus
759 3585 838 3624 me
881 3578 1072 3626 est:et
1129 3571 1218 3640 qui
1267 3585 1465 3624 mecum
1515 3584 1617 3622 non
1667 3569 1887 3638 colligit,
1933 3569 2132 3640 spargit

538 3663 707 3733 (Luc.
740 3679 811 3731 xr,
843 3663 970 3736 23).
1007 3663 1247 3720 Fuerunt
1304 3665 1357 3718 lti
1412 3665 1554 3719 enim
1606 3663 1902 3731 aliquando
1946 3663 2133 3717 nobis-

538 3770 687 3821 cum,
721 3757 814 3811 sed
841 3758 1076 3828 quodam
1109 3758 1317 3812 Novato
1333 3769 1553 3812 auctore
1573 3756 1803 3825 disrupti
1835 3765 1992 3820 sunt;
2022 3769 2130 3810 non

539 3859 724 3904 tamen
760 3851 1036 3906 haereticis
1061 3849 1406 3920 cotequandi,
1441 3849 1565 3919 quia
1593 3863 1702 3902 non
1735 3862 1764 3901 tt
1787 3846 2132 3903 confessione

537 3943 829 4010 catholica,
885 3942 979 3998 sed
1011 3958 1039 3996 a
1071 3942 1337 3998 charitate
1364 3942 1712 4009 dissentiunt,
1759 3949 1927 4010 atque
1961 3941 2011 3995 in
2043 3955 2133 3995 so-

540 4033 649 4088 lam
686 4035 948 4103 pietatem
983 4035 1214 4090 rebelles
1259 4034 1353 4088 Dei
1383 4033 1777 4089 misericordis:
1807 4032 2133 4088 subtrahunt

531 4143 668 4198 quos
701 4128 870 4183 semel
895 4127 1097 4183 inimici
1127 4126 1337 4197 laqueis
1363 4126 1609 4181 irrctitos
1635 4125 1847 4180 restitui
1879 4139 1986 4179 non
2033 4123 2130 4178 ad-

535 4221 780 4278 mittunt.
806 4221 1037 4276 Mundos
1060 4233 1122 4276 se
1153 4228 1337 4290 atque,
1388 4229 1447 4274 ut
1473 4219 1716 4288 ipsorum
1759 4217 1926 4272 verbo
1982 4226 2125 4285 utar,

535 4315 806 4369 Catbaros
836 4321 1056 4378 vocant,
1105 4312 1305 4367 divina:
1345 4311 1735 4367 admonitionis
1776 4326 1996 4381 semper
2027 4314 2131 4366 im-

536 4420 834 4472 memores,
875 4420 980 4475 qua
1019 4405 1257 4474 primum
1287 4404 1340 4457 in
1381 4403 1485 4458 iob
1513 4404 1753 4472 Spiritus
1787 4403 1922 4457 dicit
1956 4420 1968 4455 :
2001 4402 2132 4467 Quis

536 4500 671 4554 enim
702 4499 930 4552 mundus
957 4509 989 4551 α
1018 4496 1281 4562 sordibus,
1312 4511 1406 4549 nec
1428 4496 1472 4548 si
1503 4496 1659 4548 unius
1688 4495 1794 4548 diei
1819 4496 1886 4548 sit
1913 4496 2029 4565 ejus
2055 4495 2132 4547 vi-

2225 1903 2531 1972 pretationc
2576 1903 2930 1972 cognoscitur
2968 1911 3025 1958 et
3056 1902 3341 1972 provocari
3367 1901 3550 1970 lapsos
3597 1901 3824 1969 debere,

2221 2004 2276 2049 et
2299 1995 2504 2064 suscipi
2532 2001 2893 2062 revertentes,
2923 1995 3262 2049 Psalmorum
3296 1994 3436 2049 libro
3465 1995 3545 2048 sic
3573 1991 3831 2048 inchoan-

2224 2097 2278 2142 te
2313 2105 2324 2140 :
2359 2084 2548 2140 Beatus
2577 2087 2654 2140 vir
2681 2087 2768 2154 qui
2807 2102 2912 2139 non
2948 2086 3073 2139 abiit
3105 2086 3161 2139 in
3207 2085 3428 2140 consilio
3456 2085 3759 2155 impiorum,
3786 2093 3830 2138 et

2223 2180 2278 2233 in
2304 2181 2387 2234 via
2416 2189 2744 2250 peccatorum
2775 2197 2878 2234 non
2905 2180 3041 2234 stetit
3078 2177 3256 2252 (Psal.
3283 2195 3323 2244 ι,
3358 2179 3433 2248 1).
3465 2179 3664 2233 Beatus
3689 2191 3829 2247 ergo

2227 2282 2310 2329 est
2339 2275 2433 2345 qui
2466 2289 2572 2329 non
2610 2275 2680 2328 ita
2710 2273 2846 2329 abiit
2876 2282 2934 2328 ut
2959 2273 3140 2330 redire
3168 2280 3577 2336 contemneret,
3609 2284 3659 2328 et
3706 2281 3832 2341 pro-

2229 2365 2430 2420 iectum
2483 2365 2697 2421 consilii
2749 2364 2996 2420 melioris
3055 2364 3338 2433 accipiens
3381 2364 3601 2419 misceri
3658 2361 3836 2432 impiis

2228 2459 2460 2524 destitit,
2490 2469 2773 2530 postquam
2821 2457 3023 2529 corrigi
3061 2459 3244 2526 potius
3295 2455 3583 2513 intellexit.
3633 2456 3833 2511 Beatus

2231 2551 2459 2620 perinde
2496 2560 2579 2604 est
2622 2551 2714 2620 qui
2745 2550 2796 2604 in
2841 2553 2923 2603 via
2955 2563 3063 2604 non
3117 2549 3268 2603 stetit
3297 2557 3701 2619 peccatorum,
3747 2547 3836 2601 ille

2232 2641 2418 2712 utique
2444 2641 2535 2711 qui
2582 2641 2858 2710 ingressus
2903 2639 3031 2694 vitia
3065 2654 3174 2694 non
3226 2640 3533 2710 permansit
3580 2638 3635 2693 in
3664 2637 3833 2702 vitiis,

2230 2734 2348 2803 ipso
2381 2735 2432 2788 in
2469 2733 2933 2804 consequentibus
2966 2732 3073 2803 hoc
3099 2731 3355 2795 docente,
3388 2743 3514 2786 cum
3559 2732 3835 2800 obrepen-

2232 2829 2362 2882 tium
2390 2827 2713 2882 delictorum
2736 2825 3154 2882 excusationem
3188 2827 3551 2896 praemittens,
3585 2826 3838 2880 conscius

2231 2919 2768 2988 nostrtciragilitatis
2815 2920 2929 2973 haec
2976 2918 3196 2988 posuit:
3231 2916 3439 2972 Delicta
3477 2917 3594 2988 quis
3643 2913 3839 2970 intelli-

2232 3017 2306 3087 git
2353 3014 2526 3086 (Psal.
2559 3030 2712 3078 xvttt,
2744 3014 2860 3082 13)?
2887 3013 2939 3068 Id
2991 3023 3096 3076 est,
3131 3013 3345 3067 admitti
3381 3013 3601 3066 facilius
3652 3024 3839 3081 posse,

2232 3123 2392 3179 quam
2427 3108 2601 3162 nosci.
2635 3107 2799 3161 Addit
2827 3107 2878 3161 in
2908 3107 3185 3176 precibus,
3213 3117 3270 3159 ut
3297 3116 3352 3162 et
3379 3106 3450 3159 alt
3468 3106 3666 3161 alienis
3689 3114 3744 3159 et
3769 3105 3839 3160 sit

2153 3190 2197 3252 C
2233 3200 2463 3255 occultis
2497 3200 2731 3271 propriis
2763 3199 3124 3264 emundetur,
3168 3197 3578 3252 immaculatum
3623 3211 3687 3252 se
3720 3195 3840 3251 fore

2235 3294 2574 3348 confidenter
2601 3292 2903 3354 afﬁrmans,
2937 3293 2980 3346 si
3013 3307 3075 3346 ea
3097 3290 3200 3345 sibi
3230 3303 3338 3346 non
3377 3289 3738 3345 dominentur
3781 3287 3838 3342 in

2235 3385 2432 3458 quibus
2478 3394 2604 3441 ante
2649 3393 2990 3454 peccaverat.
3025 3385 3166 3440 Ecce
3207 3384 3372 3439 etiam
3402 3399 3430 3437 ο
3465 3383 3715 3438 maxime
3745 3381 3841 3435 tle-

2235 3480 2364 3534 iiclo
2397 3494 2563 3548 purus
2586 3477 2843 3539 efﬁcitur,
2875 3477 2967 3547 qui
2998 3478 3136 3532 inse
3167 3475 3394 3532 crimina
3435 3488 3546 3529 non
3589 3475 3840 3529 reditura

2235 3571 2596 3635 condemnat;
2650 3579 2708 3624 et
2764 3570 3096 3624 immaculati
3155 3569 3362 3624 honore
3415 3568 3707 3638 gloriatur,
3745 3567 3845 3634 qui

2235 3664 2403 3732 elegit
2446 3662 2551 3716 hoc
2595 3677 2720 3717 esse
2760 3660 2902 3730 quod
2955 3662 3149 3726 noluit,
3191 3660 3322 3716 dum
3370 3661 3578 3729 perfrui
3630 3658 3847 3726 respuit

2233 3753 2376 3824 quod
2419 3753 2640 3807 dilexit.
2665 3752 2869 3808 Similis
2908 3767 3003 3822 per
3040 3752 3382 3807 Ezechielem
3429 3751 3708 3806 sententis
3737 3749 3848 3804 Dei

2233 3856 2337 3914 est,
2361 3846 2477 3901 haec
2497 3846 2772 3901 dicentis:
2804 3844 2874 3900 Ut
2902 3846 3030 3915 quid
3053 3845 3367 3912 moriemini,
3394 3845 3494 3914 ﬁlii
3514 3844 3796 3899 honustum
3813 3842 3851 3902 Ϋ

2233 3941 2592 3994 εοηυίτιίηιὶηί
2645 3940 2746 3993 αά·
2777 3956 2895 4007 me,
2939 3948 2987 3993 et
3031 3949 3300 3994 conrertar
3346 3939 3416 3994 ad
3453 3947 3563 4006 μοι
3613 3940 3846 4012 (Eneti.

2234 4049 2425 4096 sum,
2464 4034 2576 4102 ii).
2610 4033 2665 4087 Id
2693 4043 2777 4088 est
2811 4051 2822 4086 :
2860 4031 3063 4087 inferni
3087 4043 3173 4088 est
3197 4031 3280 4086 via
3312 4034 3412 4085 ista
3434 4048 3604 4101 quam
3649 4035 3847 4106 pergi-

2234 4129 2324 4193 tis,
2355 4136 2412 4182 et
2442 4128 2494 4180 in
2524 4125 2702 4180 venite
2750 4126 3135 4194 desperatione
3165 4139 3316 4180 mors
3359 4139 3486 4180 vera
3516 4144 3527 4179 :
3559 4142 3675 4182 non
3715 4144 3848 4184 sunt

2231 4237 2335 4292 ego
2363 4220 2586 4275 crimina
2611 4235 2807 4273 avarus
2827 4219 3077 4282 abolere,
3106 4220 3198 4289 qui
3247 4231 3354 4273 tant
3387 4220 3587 4274 leniter
3613 4236 3686 4276 ne
3729 4224 3850 4293 jam

2233 4314 2595 4367 admittantur
2629 4311 2921 4377 admoneo,
2953 4312 3046 4380 qui
3081 4311 3269 4380 judicii
3303 4312 3411 4366 mei
3460 4311 3851 4370 inviolabilem

2233 4406 2464 4463 formant
2500 4406 2583 4460 itis
2629 4405 2974 4460 sermonibus
3013 4403 3402 4475 pando:Nolo
3449 4415 3678 4461 mortem
3726 4425 3850 4463 suss-

2231 4500 2449 4564 rientis;
2479 4507 2680 4552 tantum
2701 4506 2987 4551 revertatur
3011 4505 3057 4550 et
3085 4497 3220 4550 vivat
3245 4493 3460 4564 (ηὸτι).
3495 4495 3589 4561 Et,
3625 4497 3688 4553 Si
3737 4500 3852 4553 issi.

533 4603 585 4647 ια
615 4593 668 4646 in
702 4599 838 4647 terra
865 4591 1024 4662 (Job.
1059 4603 1174 4654 xiv,
1202 4587 1260 4654 4,
1287 4589 1342 4652 5,
1369 4603 1474 4642 sec.
1495 4585 1696 4659 LXX)?
1722 4587 1876 4642 Unde
1897 4596 1955 4642 et
1978 4587 2126 4642 Psal-
2155 4581 2204 4640 D
2231 4611 2360 4664 quus
2382 4601 2643 4646 convertat
2681 4606 2735 4645 se
2778 4590 2843 4643 ab
2882 4589 3243 4658 iniquitatibus
3283 4590 3393 4643 suis
3429 4605 3561 4659 quas
3611 4592 3771 4659 fecit,
3803 4603 3852 4645 et

531 4687 694 4739 mista
726 4683 979 4740 similiter
1013 4682 1284 4748 sentiens,
1314 4679 1389 4734 ait
1419 4697 1438 4734 .-
1463 4678 1530 4734 in
1561 4680 1782 4749 peccatis
1816 4681 2011 4752 peperit
2048 4696 2127 4735 me

527 4790 694 4833 mater
719 4795 833 4832 mea
863 4776 982 4848 (Ps.
1015 4789 1070 4844 ι,
1103 4774 1181 4847 7).
1214 4776 1284 4829 Et
1309 4776 1549 4829 Joannes
1601 4775 1654 4828 in
1688 4773 1935 4843 Epistula
1975 4789 2070 4827 sua
2111 4790 2124 4827 :

535 4871 598 4926 Si
627 4873 910 4926 dixerimus
954 4873 1078 4941 quia
1117 4881 1380 4941 peccatum
1412 4887 1514 4924 non
1541 4869 1811 4938 habemus,
1837 4885 1932 4922 nos
1983 4871 2125 4937 ipsos

533 4964 856 5033 decipimus;
886 4973 933 5018 et
975 4969 1162 5018 ueritas
1191 4966 1245 5017 in
1273 4963 1421 5017 nobis
1450 4978 1554 5016 non
1579 4972 1654 5016 est
1676 4961 1720 5034 (l
1761 4961 1920 5015 Joan.
1953 4961 1973 5016 i
1991 4995 2005 5026 ο
2040 4960 2121 5031 8).

533 5055 917 5112 Severiorihus
947 5057 1130 5127 itaque
1165 5054 1387 5126 iudiciis
1411 5053 1699 5126 plectentia
1725 5069 1834 5108 non
1863 5053 2122 5120 credunt,

529 5163 651 5222 quae
674 5161 966 5219 numquam
997 5151 1050 5204 in
1099 5151 1498 5206 confessionem
1532 5150 1794 5215 deducta,
1841 5149 1992 5203 velut
2041 5149 2123 5202 ls-

529 5254 648 5300 tere
678 5252 950 5315 perpetuo
977 5244 1202 5312 possint,
1259 5244 1614 5298 callidissime
1668 5244 2119 5315 supprimuntur.

527 5337 929 5394 Proittentibus
981 5351 1112 5394 vero
1140 5352 1262 5392 cunt
1314 5338 1666 5408 precantium
1735 5337 2124 5394 emendatione

531 5433 811 5504 praeterita
853 5447 960 5489 non
1010 5432 1187 5489 solum
1237 5432 1454 5487 veniam
1508 5447 1618 5488 non
1669 5433 1878 5503 negari,
1928 5447 2121 5488 verum

597 5645 621 5673 τι
654 5634 745 5691 Sic
775 5650 806 5690 e
837 5634 998 5690 codd.
1043 5633 1204 5690 Vind.
1239 5643 1292 5688 et
1329 5629 1483 5687 Lem.
1535 5629 1702 5684 edere
1753 5627 1947 5693 libuit,
1999 5642 2124 5684 cum

528 5714 687 5762 antea
720 5707 994 5774 legeretur
1034 5705 1290 5761 exclusos.
1319 5701 1459 5774 Infra
1501 5702 1729 5774 eosdem
1777 5697 1997 5774 codices
2041 5711 2126 5752 se-

532 5778 664 5846 cuti,
690 5769 1223 5846 scripsimusipotius
1259 5773 1514 5846 intellexit
1541 5815 1553 5839 ,
1595 5773 1684 5826 ubi
1715 5769 1858 5825 male
1885 5778 2004 5846 erat
2030 5785 2125 5840 po-

528 5839 685 5896 suisse
709 5839 984 5896 itttélleozit.
1013 5839 1219 5899 Cietera
1260 5862 1380 5914 quae
1411 5845 1615 5900 leviora
1655 5851 1808 5908 sunt,
1845 5839 2122 5897 ascribere

2225 4684 2482 4740 custodiat
2513 4686 2688 4738 omnia
2729 4683 2980 4735 mandata
3028 4697 3161 4749 mea,
3190 4690 3238 4735 et
3281 4680 3441 4751 faciat
3486 4682 3776 4751 justitiam
3803 4695 3851 4736 et

2217 4778 2516 4848 judicium;
2551 4776 2656 4830 vita
2695 4776 2824 4829 vivet
2851 4783 2898 4828 et
2928 4789 3032 4827 non
3079 4773 3346 4828 morietur.
3397 4770 3596 4828 Omnia
3642 4774 3848 4830 delicta

2225 4872 2340 4940 ejus
2353 4883 2686 4939 quacumque
2703 4869 2844 4937 fecit,
2863 4883 2965 4921 non
2976 4865 3534 4937 commemorabunturi
3541 4865 3569 4920 Ι
3577 4866 3667 4920 bid
3674 4908 3690 4918 .
3701 4867 3842 4938 ,H).

2299 4964 2408 5019 Sed
2443 4973 2622 5018 tamen
2649 4962 2744 5017 Dei
2780 4976 2979 5015 munus
3007 4969 3063 5015 et
3087 4959 3467 5030 dignissimum
3495 4960 3606 5027 pia:
3636 4961 3842 5015 remis-

2227 5059 2398 5114 sionis
2439 5057 2678 5112 edictum
2725 5071 2832 5109 non
2877 5054 3054 5110 solum
3082 5051 3108 5094 δ
3141 5053 3194 5107 in
3222 5053 3524 5108 abolitione
3570 5053 3841 5110 Navalis-

2227 5166 2332 5206 nus
2357 5149 2511 5205 reddi
2541 5147 2814 5218 prohibet,
2847 5147 2943 5202 sed
2985 5147 3344 5216 pertinaciter
3370 5145 3439 5200 ad
3470 5148 3699 5203 veniam
3735 5163 3839 5203 non

2224 5243 2348 5298 sinit
2377 5241 2675 5312 pertinere.
2701 5241 2776 5294 Ne
2806 5254 2939 5294 sane
2968 5239 3038 5294 ab
3069 5237 3154 5293 his
3205 5240 3510 5308 horumque
3559 5238 3836 5296 similibus

2224 5335 2441 5405 penitus
2471 5331 2722 5401 excedat,
2759 5331 3032 5387 levissima
3062 5344 3292 5400 qumque
3321 5338 3376 5384 et
3422 5343 3598 5400 pauca
3647 5332 3834 5387 dimit-

2226 5437 2368 5493 tens,
2398 5426 2452 5481 in
2485 5424 2742 5496 qualibet
2793 5423 3138 5479 correctione
3187 5431 3424 5476 exsertae
3473 5421 3835 5492 indulgenti:

2225 5634 2404 5750 Ρίξθίὲ
2890 5692 2901 5704 .
3110 5693 3120 5705 .
3153 5693 3164 5706 .
3525 5693 3535 5702 .
3580 5693 3590 5704 .
3645 5711 3660 5724 _

2393 5695 2551 5751 .odex
2603 5693 2831 5749 Lemov.
2881 5708 2937 5746 ιη
2983 5691 3387 5765 abolitionem...
3423 5693 3590 5765 redigt
3638 5736 3654 5748 .
3693 5697 3829 5764 quod

2225 5768 2470 5822 ultimum
2499 5767 2723 5835 verbum
2749 5765 2993 5835 agnoscit
3023 5764 3194 5820 codex
3220 5764 3386 5820 Vind.
3422 5764 3660 5835 uterque
3685 5768 3828 5822 deiu-

2223 5840 2291 5895 dc
2317 5847 2532 5893 excreta
2556 5833 2920 5906 indulgentia.
