4074 6204
321 280 454 338 ΜΗ

1525 278 2154 339 ςοκευιτΑτιοΝωι
2197 279 2322 339 LIB.
2366 281 2431 338 ll.

3480 287 3620 347 ειη

318 397 425 451 vim
467 396 676 466 repellit
712 414 725 453 :
759 412 881 454 cum
925 398 1177 456 Salvator
1205 400 1277 469 [in
1311 395 1620 471 Evangelii:
1669 400 1916 457 mundari
1948 404 1993 464 Α
2025 402 2161 456 diem
2189 401 2317 457 Iesu
2364 402 2555 457 Christi
2590 401 2797 456 Domini
2830 406 2995 457 nostri
3026 404 3071 474 (ι
3095 404 3248 459 Thes.
3280 420 3339 469 v,
3367 404 3483 475 25).
3516 406 3623 461 Sed

318 506 416 561 per
470 492 876 563 eleemosynam
926 502 1118 550 cuncta
1170 503 1587 559 commemoret,
1643 509 1727 559 ac,
1786 494 1918 549 sicut

316 599 450 651 aqua
478 584 760 655 exstinguit
793 586 986 657 ignem,
1014 588 1088 641 sic
1118 586 1444 657 elecmosyna
1468 588 1762 657 ;ea:ttinguit
1796 603 1915 652 pec-

316 690 488 728 catum
532 676 722 745 (Ecclt'.
750 694 826 744 tu,
862 679 978 750 35).
1026 679 1237 735 Relicto
1276 681 1511 751 denique
1565 691 1679 734 toto
1730 681 1919 735 admo-

316 767 443 822 dum
470 784 654 839 grege.
691 786 851 826 unam
894 788 1050 828 ovem
1084 774 1210 827 fidei
1246 785 1433 843 pastor
1476 774 1723 843 inquirit,
1754 783 1808 828 et
1839 775 1920 828 in-

318 871 535 917 ventam
568 864 809 920 humeris
832 882 1211 937 superponens
1244 868 1366 938 plus
1406 868 1592 938 gaudii
1621 869 1673 922 in
1702 868 1918 924 amissaa

316 960 738 1026 recuperatione
784 963 1091 1027 constituit,
1130 979 1290 1031 quam
1333 963 1570 1019 habebat
1625 966 1677 1019 in
1727 964 1917 1020 salvis.

314 1048 607 1117 Apostolus
630 1062 813 1106 autem
845 1054 1066 1109 formari
1100 1056 1245 1123 inse
1279 1071 1497 1111 rursum
1546 1072 1697 1112 more
1734 1069 1919 1127 partus

312 1140 537 1197 Galatas
568 1144 663 1207 ait,
694 1161 831 1211 quos
886 1149 1351 1206 revalescentibus
1381 1152 1531 1206 vitiis
1577 1152 1776 1206 frttstra
1812 1154 1921 1221 pri-

314 1249 460 1286 mum
516 1237 566 1289 itt
617 1239 1037 1304 regeneratioue
1083 1244 1282 1296 mentis
1337 1244 1606 1299 ediderat.
1663 1244 1815 1300 Unde
1864 1254 1922 1301 et

309 1338 478 1394 opere
529 1326 810 1384 charitatis
858 1330 1057 1387 effecto
1107 1346 1459 1403 peccatorum
1514 1337 1919 1392 multitudinem

309 1420 444 1487 regi,
488 1419 685 1474 Petrus
732 1431 787 1477 et
846 1422 1084 1479 Jacobus
1135 1426 1351 1481 Domini
1402 1428 1572 1483 frater
1618 1430 1916 1495 affirmant,

311 1511 497 1567 verbis
526 1513 799 1569 similibus
832 1527 1201 1585 protestantes
1229 1537 1241 1573 :
1266 1520 1527 1587 Charitas,
1570 1522 1767 1592 inquit,
1798 1524 1919 1593 tegit

308 1606 694 1661 multitudinem
742 1619 1070 1678 peccatorum
1103 1612 1145 1684 (l
1187 1613 1303 1668 Pet.
1338 1631 1410 1681 tv,
1452 1615 1517 1680 8;
1550 1614 1670 1669 Jac.
1720 1632 1771 1680 ν,
1802 1614 1915 1686 30).

307 1700 405 1765 Ita,
432 1700 515 1755 his
535 1702 820 1758 evidenter
840 1706 1121 1775 inspectis,
1148 1708 1406 1779 intelligis
1428 1710 1760 1764 Novatianos
1778 1719 1921 1765 atro-

2022 495 2158 549 alios
2206 496 2437 550 incautae
2490 496 2793 564 ignorantia
2836 496 3160 564 iuventutis,
3208 498 3345 551 alios
3394 506 3625 552 terrena:

2020 588 2200 643 fervor
2231 588 2527 653 illccebrw,
2554 590 2619 643 ad
2650 589 2945 659 proclivem
2988 590 3312 645 delictorum
3356 590 3496 645 viam
3525 590 3626 645 du-

2018 682 2124 745 cit;
2154 681 2255 734 sub
2286 680 2465 735 verbis
2513 682 2748 749 propriae
2780 681 3154 736 excusationis
3189 681 3353 735 David
3398 682 3450 735 in
3500 682 3625 751 Spi-

2020 774 2126 827 ritu
2160 773 2303 827 istud
2352 773 2608 842 loquente
2641 791 2650 825 :
2690 772 2893 826 Delicta
2912 775 3202 845 juventutis
3229 789 3356 827 mea:
3396 781 3443 826 et
3473 773 3623 844 igno-

2019 869 2217 920 rantia:
2245 884 2386 922 meas
2425 885 2487 922 ne
2526 868 2851 935 memineris,
2886 868 3106 921 Domine
3129 867 3303 939 (Psal.
3359 882 3504 932 xxiv,
3541 866 3619 937 7).

2017 960 2295 1017 Justarum
2349 963 2546 1032 quippe
2575 963 2825 1034 allegatio
2876 978 3096 1029 precum
3146 972 3251 1031 est,
3280 964 3437 1018 annis
3467 963 3621 1018 infir-

2023 1055 2288 1109 mioribus
2318 1065 2629 1125 perpetrata
2659 1055 2831 1109 forma
2861 1056 3204 1110 remissionis
3248 1056 3547 1124 reccnseri,
3574 1064 3630 1111 et

2019 1165 2143 1204 cum
2175 1151 2350 1204 mtatis
2395 1150 2678 1219 privilegio
2722 1165 3010 1219 perperam
3057 1158 3208 1220 gesta
3241 1149 3468 1213 dimitti;
3498 1149 3626 1219 quia

2022 1242 2075 1295 in
2109 1241 2211 1296 hoc
2240 1242 2434 1297 eodem
2461 1242 2781 1297 testimonio
2815 1256 2921 1294 non
2954 1243 3130 1296 otiosa
3164 1257 3261 1309 per
3300 1240 3623 1311 prophetam

2021 1334 2257 1390 refertur
2289 1334 2551 1398 historia;
2589 1335 2681 1388 sed
2709 1335 2887 1388 :etatis
2918 1334 2985 1387 ad
3023 1348 3209 1387 casum
3260 1333 3497 1389 facilitas
3540 1333 3627 1388 in-

2021 1434 2238 1485 cautior
2266 1431 2569 1484 intimatur.
2595 1428 2650 1483 ln
2678 1444 2786 1498 quo
2817 1444 3087 1483 annorum
3115 1428 3288 1498 gradu
3319 1439 3339 1465 ο
3366 1444 3434 1482 ne
3479 1428 3629 1482 velut

2022 1524 2313 1592 specialem
2336 1523 2619 1577 Novatiani
2649 1524 2824 1577 locum
2852 1532 3095 1589 teneant,
3123 1522 3346 1577 audiant
3376 1521 3627 1576 Salomo-

2022 1633 2145 1673 nem
2193 1620 2313 1673 sine
2358 1620 2687 1686 exceptione
2727 1627 3034 1685 temporum
3070 1615 3270 1669 similia
3324 1614 3629 1685 praedican-

2024 1719 2132 1765 tem
2162 1728 2174 1767 ;
2205 1710 2335 1778 Quis
2366 1709 2676 1781 gloriabitur
2724 1719 2922 1762 castum
2945 1726 2997 1761 se
3026 1707 3214 1762 habere
3253 1723 3361 1771 cor,
3394 1716 3441 1759 et
3470 1722 3623 1760 mun—

304 1793 354 1846 ci
402 1793 777 1850 obstinatione
823 1809 1076 1864 caecatos,
1116 1802 1340 1855 malitia:
1382 1802 1562 1871 potius
1594 1818 1708 1857 sua:
1753 1819 1913 1874 quam
1948 1792 1991 1851 Β
2022 1804 2145 1857 dum
2196 1819 2248 1858 se
2298 1818 2409 1857 esse
2452 1818 2485 1855 a
2529 1811 2739 1871 peccato
2776 1800 2960 1871 (Prov.
2992 1816 3082 1864 xx,
3126 1799 3209 1866 9)?
3267 1798 3503 1853 Exclusa
3540 1808 3627 1852 est

308 1886 402 1939 Dei
429 1884 754 1942 satisfacere
784 1889 1053 1945 thlﬂltlali
1079 1907 1093 1956 ;
1118 1892 1249 1946 dum
1299 1894 1351 1947 in
1393 1894 1673 1963 proximos
1713 1905 1768 1949 et
1794 1903 1919 1965 post

303 1982 781 2049 compunctionem
812 1985 1239 2052 praeteritorum,
1268 1986 1399 2055 ipsis
1421 1988 1512 2057 qui
1536 1988 1783 2057 judicant
1810 1988 1919 2042 for-

306 2078 450 2124 tasse
476 2072 757 2139 meliores,
789 2084 846 2129 et
886 2076 1136 2131 confessa
1178 2078 1569 2145 condemnant,
1615 2092 1669 2134 et
1698 2080 1915 2148 expiata

308 2175 413 2214 non
449 2162 700 2227 solvunt;
732 2179 854 2233 qua:
883 2174 940 2220 et
971 2166 1167 2221 donari
1219 2177 1472 2236 possunt,
1503 2178 1555 2222 et
1581 2168 1760 2224 occuli
1809 2184 1915 2223 non

309 2262 549 2323 Oportet.

880 2348 1111 2405 CAPUT
1153 2348 1337 2405 XVI“.

605 2440 733 2507 ρωω
766 2440 1077 2495 Novatianis
1108 2442 1471 2512 respondendo
1500 2444 1623 2497 sint.

383 2534 581 2587 APOLL.
612 2562 684 2573 ——
710 2531 998 2588 Manifesta
1030 2541 1084 2589 et
1122 2534 1344 2589 evidens
1379 2536 1516 2588 ratio
1538 2544 1643 2602 est,
1675 2552 1781 2590 non
1834 2535 1915 2591 di—

312 2640 429 2678 ram
458 2625 573 2693 Dei,
608 2640 776 2694 penes
814 2642 975 2696 quem
1020 2627 1415 2684 misericordiae
1447 2644 1657 2682 summa
1697 2638 1801 2695 est,
1828 2644 1918 2684 ve-

314 2732 431 2771 rum
473 2719 638 2772 etiam
676 2718 947 2787 justorutn
984 2719 1261 2774 hominum
1311 2720 1518 2790 judicio
1544 2730 1567 2756 η
1602 2721 1918 2777 irremedia-

316 2809 452 2864 biles
481 2808 640 2880 (non)
669 2811 814 2878 duci,
840 2811 929 2880 qui
965 2812 1222 2866 vitiorum
1274 2812 1541 2881 pravitate
1586 2812 1795 2866 calcata
1848 2812 1915 2868 ad

314 2904 537 2958 meliora
566 2918 627 2959 se
648 2905 957 2971 conferunt,
984 2913 1038 2959 et
1064 2914 1224 2960 antea
1256 2907 1341 2960 vel
1388 2907 1566 2960 :etatis
1615 2906 1917 2976 ignorantia

316 2996 673 3065 negligentes,
707 2997 790 3051 vel
818 3012 1043 3052 casuum
1073 2998 1420 3055 diversorum
1443 2999 1727 3055 erroribus
1754 3014 1917 3055 occu-

314 3092 448 3160 pati,
480 3090 586 3145 iter
617 3090 739 3146 fidei
787 3103 1063 3161 repetunt,
1100 3102 1263 3163 atque
1287 3094 1525 3163 abiecta,
1571 3108 1732 3162 quam
1766 3094 1916 3162 prius

2019 1910 2150 1965 ergo
2180 1895 2393 1949 vanitas
2421 1894 2599 1947 tacita:
2630 1892 2882 1948 falsitatis
2915 1909 2926 1943 :
2951 1890 3251 1961 quamlibet
3297 1905 3465 1959 purus
3495 1904 3625 1945 ocu-

2021 1990 2088 2044 lis
2119 1988 2367 2043 videatur
2396 1985 2668 2052 humanis,
2697 1999 2803 2039 non
2837 1993 3020 2039 tamen
3043 1982 3169 2038 ideo
3192 1996 3319 2037 reus
3360 1997 3468 2037 non
3515 1990 3621 2047 est,

2018 2081 2165 2151 quod
2195 2096 2309 2135 sua:
2332 2080 2421 2135 ille
2447 2079 2801 2134 conscientia:
2832 2079 3052 2147 Deoque
3081 2076 3324 2145 pollutus
3348 2085 3454 2131 est.

2095 2176 2241 2228 lianc
2264 2175 2427 2243 igitur
2458 2181 2661 2227 nostra:
2689 2171 3000 2241 fragilitatis
3054 2170 3429 2225 infirmitatem
3482 2168 3625 2223 trino

2020 2266 2374 2337 indulgentiae
2415 2266 2583 2335 gradu
2630 2264 2854 2334 purgari
2893 2265 3065 2332 pietas
3114 2263 3302 2317 divina
3336 2262 3623 2331 permisit,

2018 2359 2230 2413 donans
2261 2355 2523 2426 principio
2548 2364 2743 2410 cuncta
2771 2370 2870 2426 per
2891 2354 3220 2423 baptismum
3249 2370 3263 2417 ;
3305 2353 3626 2422 obrepentia

2021 2462 2207 2520 postea
2259 2447 2577 2517 pmtiitentia
2629 2456 2849 2516 tegens,
2892 2444 3137 2513 reputari
3196 2445 3413 2513 penitus
3477 2444 3625 2498 nulla

2018 2544 2324 2610 constituit,
2358 2541 2404 2596 si
2432 2543 2500 2595 ab
2524 2542 2670 2595 omni
2696 2538 2943 2607 corporis
2967 2538 3088 2592 labe
3129 2538 3377 2608 martyrii
3431 2553 3627 2606 quem—

2021 2638 2168 2706 piam
2201 2634 2384 2688 fervor
2414 2631 2686 2696 absolvat,
2717 2628 3003 2685 Psalmista
3033 2628 3249 2682 dicente
3276 2644 3287 2680 :
3315 2626 3464 2681 Beati
3491 2644 3623 2696 quo-

2020 2747 2136 2784 rum
2182 2727 2411 2781 remissa:
2444 2734 2575 2779 'sunt
2608 2723 2949 2793 iniquitates;
2987 2730 3034 2774 et
3064 2737 3283 2790 quorum
3317 2728 3449 2773 tecta
3504 2728 3623 2773 sunt

2022 2829 2249 2890 peccata.
2282 2816 2475 2870 Beatus
2516 2817 2589 2868 vir
2617 2815 2698 2867 cui
2749 2829 2851 2866 non
2888 2811 3162 2881 intputobit
3212 2810 3468 2864 Dominus
3508 2826 3625 2879 pec-

2020 2922 2193 2968 catum
2225 2909 2398 2983 (Prol.
2440 2923 2595 2974 xxxi,
2624 2905 2701 2975 l).
2732 2904 3105 2961 Remittuntur
3145 2918 3277 2973 ergo
3327 2904 3382 2959 in
3421 2904 3629 2973 baptisn

2022 3015 2166 3060 male
2212 3003 2426 3065 omnia,
2474 3000 2727 3070 quoniam
2781 2996 2872 3051 illa
2923 3006 3130 3051 tantum
3175 3011 3298 3065 qua:
3338 3003 3621 3050 contracta

2023 3108 2143 3169 post
2194 3096 2415 3163 fuerint,
2471 3093 2819 3149 ascribuntur
2876 3111 2888 3146 :
2938 3101 3195 3160 teguntur
3241 3090 3295 3144 in
3356 3090 3624 3159 poeniten—

316 3184 688 3252 prtetulerant,
723 3185 901 3238 carnis
934 3185 1214 3249 illecebra,
1250 3201 1505 3255 superna:
1548 3186 1917 3241 conversatio—
1942 3169 1987 3232 Ο
2023 3192 2118 3257 tia,
2161 3205 2283 3260 quae
2331 3188 2377 3243 si
2412 3186 2615 3242 fuerint
2670 3186 2900 3254 repetita
2956 3182 3315 3238 reviviscunt.
3359 3181 3619 3251 Imputari

314 3275 396 3329 nis
419 3275 631 3329 actibus
656 3276 876 3330 diluunt
900 3276 1163 3346 quidquid
1196 3287 1322 3332 ante
1347 3288 1688 3333 terrenorum
1728 3292 1917 3333 amore

316 3369 642 3436 polluerant.
678 3369 785 3424 Sed
838 3370 981 3424 forte
1016 3379 1141 3424 ante
1191 3370 1524 3425 inlusionem
1571 3370 1914 3440 baptismatis

314 3460 413 3537 ista
438 3475 700 3516 concessa
730 3460 861 3525 sint,
894 3470 949 3516 et
980 3461 1161 3528 aliqua
1186 3461 1511 3519 Novatianis
1540 3463 1681 3517 adsit
1719 3470 1913 3517 aucto-

313 3556 469 3622 ritas,
504 3570 606 3625 qua
642 3564 765 3624 post
797 3554 1075 3609 lavacrum
1119 3556 1367 3625 spiritale
1406 3556 1646 3625 pollutos
1693 3557 1913 3625 purgari

313 3664 419 3703 non
470 3664 628 3719 posse
658 3651 1010 3716 contendant,
1053 3660 1107 3705 et
1138 3651 1474 3706 inviolabilis
1522 3652 1697 3706 sancti
1728 3650 1913 3720 Spiri-

313 3756 398 3801 tus
429 3762 624 3802 munus
656 3747 794 3801 tradi
824 3763 919 3817 per
949 3748 1202 3802 homines
1229 3749 1399 3803 semel
1435 3760 1615 3816 posse,
1652 3748 1912 3803 amissum

314 3838 525 3893 restitui
575 3855 681 3893 non
728 3853 892 3909 posse
929 3840 1255 3895 confirment
1290 3858 1302 3892 :
1334 3840 1626 3895 assertioni
1664 3841 1911 3909 ipsorum

312 3930 404 3983 illo
428 3929 652 3985 forsitan
676 3932 1019 3985 extrinsecus
1048 3931 1400 4001 suffragante,
1424 3932 1567 4002 quod
1600 3947 1628 3985 a
1672 3947 1732 3986 se
1762 3932 1913 3990 locus

313 4026 652 4093 pmnitentim
700 4039 807 4080 non
858 4037 1105 4096 negetur,
1139 4026 1232 4082 sed
1262 4044 1290 4080 a
1321 4027 1435 4083 Deo
1476 4027 1632 4081 venia
1665 4027 1737 4081 sit
1783 4043 1911 4099 spe-

312 4116 510 4181 randa;
544 4127 598 4171 et
619 4116 920 4173 satisfactio
948 4118 1216 4187 explenda
1248 4134 1344 4189 pro
1385 4119 1564 4186 factis,
1598 4135 1706 4175 non
1755 4136 1915 4193 repu-

312 4211 468 4263 fanda
492 4227 589 4280 pro
620 4214 851 4267 meritis.
878 4212 1015 4279 Quid
1038 4228 1168 4281 ergo
1197 4214 1248 4269 in
1273 4213 1583 4283 hujusmodi
1610 4216 1913 4273 intentione

310 4303 631 4358 durantibus
660 4305 850 4359 referri
875 4305 1072 4360 debeat
1100 4306 1181 4360 vel
1213 4307 1461 4376 probari,
1492 4322 1643 4361 more
1680 4323 1913 4365 consuc-

310 4404 379 4450 ta:
408 4398 764 4465 expositionis
796 4398 1005 4453 insinua
1043 4419 1054 4453 :
1084 4408 1145 4454 ut
1169 4401 1633 4471 sermonisfnostri
1664 4404 1910 4459 occasio-

313 4504 380 4543 ne
407 4496 463 4544 et
507 4490 691 4559 pravis
720 4493 1008 4560 correctio,
1034 4500 1090 4547 et
1116 4494 1272 4547 venia
1313 4493 1607 4549 suadeatur
1658 4496 1903 4560 afflictis;

2017 3295 2198 3339 autem
2254 3283 2306 3338 in
2354 3280 2613 3351 martyrio
2658 3280 2803 3333 nulla
2854 3287 3103 3349 possunt,
3147 3278 3273 3348 quia
3300 3285 3353 3333 et
3384 3278 3618 3346 primum

2020 3378 2256 3447 pretiosa
2305 3374 2584 3444 sanguinis
2629 3371 2898 3428 effusione
2938 3371 3208 3437 delentur,
3239 3380 3292 3425 et
3322 3370 3373 3424 in
3417 3370 3617 3439 praeju-

2017 3472 2217 3526 dicitttu
2269 3470 2524 3524 exstincti
2571 3468 2807 3523 feliciter
2851 3468 3105 3534 corporis
3149 3482 3256 3520 non
3304 3474 3615 3521 recurrunt.

2016 3564 2122 3619 Sed
2152 3562 2453 3633 quamlibet
2479 3561 2814 3630 astipulante
2844 3560 3165 3629 paenitentia
3192 3559 3471 3614 dimittere
3495 3572 3618 3627 gra-

2016 3659 2099 3711 via
2142 3672 2253 3710 sua:
2283 3654 2570 3725 potestatis
2603 3653 2896 3723 negabunt,
2948 3668 3069 3708 cum
3114 3654 3317 3721 pariter
3363 3650 3523 3707 ofﬁcii
3555 3664 3621 3706 ac

2019 3749 2374 3819 professionis
2402 3765 2513 3802 sua:
2568 3762 2689 3801 esse
2736 3755 3063 3815 cognoscant
3092 3788 3104 3809 ,
3152 3757 3243 3799 aut
3274 3745 3447 3814 ligare
3500 3758 3621 3812 quae

2016 3844 2151 3898 dura
2176 3854 2327 3908 sctut,
2358 3851 2450 3897 aut
2498 3842 2711 3910 expiata
2743 3838 3083 3903 dissolvere;
3116 3838 3205 3892 illa
3248 3838 3316 3892 ad
3376 3837 3616 3900 Petrum,

2014 3939 2067 3991 in
2109 3937 2267 4004 cujus
2311 3949 2598 4005 personam
2648 3942 2892 4002 potestas
2935 3931 3177 3985 omnium
3223 3929 3483 3983 convenit
3529 3943 3618 3983 sa—

2012 4030 2319 4091 cerdotuut,
2377 4026 2676 4082 Salvatoris
2732 4023 3003 4080 sententia
3045 4021 3415 4091 perdocente:
3456 4020 3615 4087 Qua:-

2014 4139 2229 4192 cumque
2268 4120 2549 4191 ligaveritis
2596 4120 2647 4172 in
2687 4119 2852 4186 terris,
2898 4118 3061 4187 ligata
3091 4126 3245 4170 erant
3277 4124 3323 4169 et
3352 4116 3405 4168 in
3437 4113 3575 4167 caelis
3598 4128 3619 4167 .'

2015 4225 2062 4267 et
2094 4230 2427 4283 quwcumque
2455 4212 2711 4266 solveritis
2747 4226 2906 4277 super
2940 4219 3151 4272 terram,
3188 4207 3358 4262 soluta
3387 4215 3535 4260 erunt
3568 4215 3617 4258 et

2014 4308 2065 4359 in
2100 4307 2239 4359 cmlis
2270 4304 2486 4376 (Matth.
2522 4318 2632 4367 th,
2670 4303 2781 4372 l9).
2811 4300 3008 4356 [lonari
3044 4303 3227 4370 itaque
3264 4300 3467 4354 delicta
3494 4298 3614 4355 sine

2014 4398 2334 4466 exceptione
2368 4395 2690 4463 permissum
2723 4404 2827 4457 est,
2863 4394 2907 4447 si
2939 4403 3148 4447 tantum
3180 4394 3231 4446 in
3255 4392 3611 4448 abolitionem

2014 4490 2173 4544 missa
2207 4504 2313 4544 non
2364 4486 2623 4553 redeant;
2659 4501 2760 4543 nec
2785 4486 2929 4541 sicut
2979 4486 3244 4555 scriptum
3303 4494 3387 4539 est
3413 4484 3613 4539 horto—

308 4580 435 4636 tlum
492 4582 917 4652 irreligiosorum
975 4586 1274 4653 pertinacia
1330 4587 1587 4653 panditur
1637 4590 1903 4659 quidquid
1937 4566 2126 4638 Dretu
2179 4583 2384 4653 proprii
2433 4582 2670 4636 vomitus
2733 4581 2885 4634 canis
2918 4579 3229 4649 repetat(ll
3259 4577 3375 4633 Pet.
3410 4594 3467 4644 ll,
3496 4574 3615 4646 Ἡ),

306 4674 422 4743 spei
448 4674 860 4743 desperantium
893 4677 1308 4746 comprobatur.

381 4768 581 4823 Zxcca.
604 4798 674 4810 -—
702 4769 934 4824 Felicius
959 4770 1178 4839 quidem
1203 4780 1285 4825 est
1317 4771 1641 4827 intemerata
1691 4774 1912 4843 spirita-

310 4859 375 4914 lis
405 4861 592 4928 gratiae
620 4860 761 4915 dona
792 4876 1037 4924 servare,
1063 4873 1116 4916 et
1144 4864 1518 4930 incorruptum
1545 4865 1790 4921 cmlestis
1822 4866 1906 4920 in-

308 4952 603 5021 diligentia:
633 4968 830 5007 munus
852 4952 878 4990 δ
908 4952 1091 5008 futuro
1119 4953 1336 5009 deferre
1360 4955 1584 5022 judicio,
1613 4957 1783 5012 David
1809 4958 1912 5012 hoc

311 5045 638 5114 perdoeente
671 5063 683 5099 :
710 5044 861 5101 Beati
887 5047 1209 5101 immaculati
1243 5048 1297 5100 in
1322 5050 1405 5102 via
1427 5047 1806 5117 (Pral.cxvm,
1827 5050 1902 5120 l).

310 5136 603 5207 Apostolus
626 5137 772 5192 simil
800 5147 918 5192 ter:
955 5137 1021 5193 Ut
1054 5140 1334 5208 possimus,
1356 5140 1552 5207 inquit,
1582 5144 1787 5211 fratres,
1824 5143 1907 5196 in-

312 5246 493 5301 ραι-ατη
549 5239 596 5280 et
638 5230 867 5284 animant
916 5238 963 5283 et
993 5247 1179 5301 corpus
1232 5239 1279 5284 et
1310 5232 1553 5301 spiritum
1595 5249 1799 5288 servare
1848 5236 1903 5290 in

382 5397 405 5425 ⁸
438 5387 493 5443 1η
520 5388 683 5445 editis
706 5388 1050 5445 irremeabiles
1072 5391 1213 5459 duci,
1246 5389 1322 5443 si:
1356 5398 1531 5445 tamen
1566 5399 1621 5444 ut
1642 5391 1904 5447 Acherius

309 5459 372 5513 ad
408 5463 702 5528 marginem
747 5464 1015 5514 monuerit
1076 5463 1395 5528 particulam
1432 5463 1737 5531 negationis
1779 5479 1900 5517 esse

310 5531 667 5612 adjiciendum
701 5548 713 5581 :
750 5545 937 5585 vocem
994 5532 1399 5586 irremediabiles
1430 5548 1459 5587 e
1488 5533 1689 5601 ,Codicc
1739 5534 1897 5588 Vind.

310 5618 664 5667 smnpsunus.
1005 5639 1009 5643 ι

384 5672 409 5709 ιι
438 5672 525 5726 Sic
552 5674 721 5727 codex
745 5672 803 5728 S.
831 5674 967 5730 Arn.
1001 5689 1161 5743 quem
1195 5689 1316 5728 cum
1349 5674 1619 5729 Acherius
1639 5675 1903 5743 'vidisset,

311 5744 906 5817 edeiegtamenmaluit
933 5761 1062 5815 puro
1092 5746 1293 5817 drferre
1317 5746 1540 5816 judicio.
1578 5745 1715 5800 Infra
1762 5758 1906 5817 gesta

312 5814 518 5882 dimitti,
567 5814 708 5884 quod
746 5826 827 5871 est
884 5814 939 5871 in
981 5814 1167 5874 codice
1222 5814 1382 5872 Vind.
1413 5818 1699 5873 maluimus
1744 5814 1904 5887 quam

2009 4689 2173 4743 atque
2201 4676 2419 4729 ablutas
2452 4674 2557 4742 piis
2584 4673 2863 4727 laboribus
2892 4670 3084 4727 sordes
3106 4685 3202 4723 sus
3233 4670 3284 4722 in
3312 4668 3615 4723 volutabris

2012 4765 2357 4835 dtnergenda
2398 4764 2697 4828 desideret,
2743 4764 2863 4831 plus
2914 4772 3035 4830 post
3082 4760 3325 4816 remedia
3385 4774 3610 4828 passura

2008 4859 2360 4923 discriminis,
2391 4873 2551 4927 quam
2588 4855 2970 4910 inchoantibus
3002 4854 3160 4908 malis
3185 4854 3402 4923 lapsura
3426 4863 3615 4924 pertu-

2012 4954 2173 5017 lerat,
2208 4950 2443 5005 Domino
2472 4951 2524 5004 in
2556 4947 2866 5017 Evangeliis
2910 4949 2991 5002 sic
3017 4955 3281 5001 monente
3310 4963 3322 4998 :
3357 4944 3492 4999 Ecce
3520 4963 3611 4999 sa-

2015 5066 2111 5101 nus
2145 5050 2312 5117 factus
2342 5061 2413 5110 es,
2443 5046 2553 5113 jam
2584 5042 2691 5096 noli
2720 5057 2962 5113 peccare;
2991 5058 3056 5095 ne
3097 5039 3222 5111 quid
3259 5039 3352 5093 tibi
3382 5039 3610 5095 deterius

2005 5142 2270 5210 contingat
2318 5136 2499 5207 (Joan.
2548 5152 2603 5200 v,
2648 5134 2763 5204 56).
2813 5132 2949 5188 Nolo
2996 5132 3212 5187 dubites
3266 5149 3279 5186 :
3322 5127 3611 5201 praesentia

2008 5249 2247 5304 semper,
2281 5246 2388 5286 non
2435 5230 2708 5300 prmterita
2746 5228 2886 5283 Deus
2915 5235 3138 5291 censet;
3175 5226 3277 5279 hoc
3300 5227 3442 5279 enim
3484 5223 3560 5275 ait
3593 5238 3607 5275 :

2012 5392 2159 5465 quod
2188 5392 2380 5465 eratin
2417 5391 2589 5465 priori
2614 5389 2851 5465 editione
2878 5398 3019 5465 gesta
3047 5386 3316 5465 committi.

2084 5478 2103 5501 θ
2141 5463 2231 5518 Sic
2261 5455 2429 5516 codd:
2454 5460 2612 5515 Vind.
2646 5473 2700 5515 et
2748 5455 2968 5514 Lemov.
3004 5458 3056 5511 in
3088 5455 3254 5510 editis
3286 5473 3347 5509 ne
3385 5458 3463 5510 rel
3494 5473 3608 5526 spe-

2006 5536 2190 5589 cialem
2224 5551 2241 5587 :
2272 5534 2431 5587 iidem
2458 5534 2592 5586 infra
2624 5534 2793 5586 tacitw
2823 5531 3089 5599 falsitatis,
3128 5528 3285 5591 bene,
3323 5528 3410 5581 ubi
3460 5532 3609 5597 prior

2007 5608 2175 5662 editio
2206 5616 2361 5659 tantm
2390 5606 2658 5676 falsitatis,
2686 5604 2864 5676 malc__:
2902 5610 3174 5668 postremo
3209 5616 3239 5651 ις
3291 5601 3481 5676 codice
3508 5601 3608 5655 Le-

2008 5694 2152 5733 mov.
2196 5671 2465 5731 edttliuius
2496 5677 2631 5745 quod
2662 5690 2767 5727 tua?
2798 5673 2906 5736 ille,
2960 5686 3082 5723 cum
3128 5678 3285 5724 antea
3333 5671 3607 5740 legeretur

2010 5750 2311 5875 qugdr‘iii's
2348 5820 2435 5873 hic
2464 5820 2615 5873 locus
2645 5815 2788 5871 foede
2818 5822 3131 5883 corruptus.
3165 5813 3237 5867 Ita
3273 5813 3507 5883 legerem
3561 5814 3608 5869 si
