4092 6176
532 269 677 330 ηις

1785 273 2108 331 ῑΑΟΟΗιΕΙ
2142 269 2533 331 CHRISTIANI

3698 277 3838 337 1144

537 391 606 446 1η
633 408 736 461 qua
759 393 841 446 via
868 400 916 445 te
937 394 1193 455 invenero,
1218 392 1271 445 in
1309 406 1367 445 ea
1399 400 1445 445 te
1472 392 1746 461 judicabo,
1780 393 1905 448 dicit
1955 392 2133 447 Domi-
2166 393 2211 451 A
2242 391 2407 461 Cujus
2438 402 2618 447 tamen
2649 393 2851 461 gradus
2890 393 3144 448 omnibus
3165 394 3471 450 relicturus
3499 395 3837 465 exemplum,

540 502 637 539 nus
668 484 880 553 (Ezech.
906 484 997 551 33,
1024 484 1140 554 20).

616 575 769 643 Quod
801 574 845 628 si
890 585 1013 643 post
1064 575 1354 641 baptisma.
1390 574 1442 628 id
1474 585 1580 641 est,
1615 585 1739 645 post
1783 577 1960 632 saneti
2016 576 2138 646 Spi-

541 669 676 722 ritus
707 666 1136 735 susceptionem,
1172 668 1613 737 redintegrandtr
1646 670 1803 723 nobis
1840 670 2029 739 gratia!
2053 672 2137 725 lu-

538 774 636 814 cus
669 775 776 813 non
810 772 925 823 eSt;
958 761 1417 831 quemadmodum
1449 765 1652 827 Aaron,
1695 764 1883 833 utique
1909 764 2019 831 jam
2049 780 2137 818 sa-

542 852 756 919 cerdos,
799 855 947 922 gravi
990 865 1283 924 exemptus
1314 855 1541 910 otl‘ensa:
1582 858 1845 911 amissum
1880 859 2138 926 pontiﬁcii

539 946 765 1015 gradum
799 946 1027 1013 recepit,
1058 957 1111 999 et
1146 958 1265 1007 post
1299 949 1463 1017 lepra:
1506 950 1835 1005 inlu~ioncm
1890 954 2139 1009 mundari

538 1037 703 1092 Maria
734 1040 950 1094 caelitus
983 1042 1201 1104 meruit,
1237 1059 1358 1111 qua:
1388 1059 1453 1096 ne
1483 1060 1810 1112 quemquam
1844 1048 2136 1115 pollueret,

534 1130 713 1185 fuerat
741 1132 1060 1201 segregata?
1092 1150 1211 1189 nam
1250 1136 1302 1188 in
1347 1138 1545 1191 castris
1574 1142 1925 1209 congregatio
1976 1144 2139 1211 spiri-

540 1226 667 1277 talis
698 1225 947 1294 signatur
974 1228 1265 1291 licclesiaz;
1314 1230 1461 1297 lepra
1496 1247 1625 1285 vero
1676 1233 1863 1287 delicti
1898 1236 2141 1291 mortalis

539 1318 750 1387 efﬁgies
777 1320 1334 1375 demonstratur.Cur
1367 1325 1675 1391 patriarcha
1709 1326 1877 1380 David
1911 1330 2144 1396 geminis

538 1413 899 1480 sanguinihus
929 1414 1256 1483 expiandus,
1290 1417 1539 1471 innovari
1564 1418 1615 1472 in
1648 1434 1707 1472 se
1735 1420 1934 1488 prioris
1956 1424 2143 1489 gratia:

540 1504 802 1574 Spiritum
862 1509 1017 1576 petit,
1053 1509 1291 1564 evidenti
1344 1512 1540 1565 ﬁducia
1593 1513 1701 1567 Deo
1733 1515 2033 1583 pollicens,
2089 1528 2146 1571 ttt

538 1595 848 1660 iniquorum
875 1600 1164 1654 conversio
1196 1602 1367 1656 venia:
1417 1619 1529 1656 sum
1578 1616 1908 1671 provocetur
1952 1624 2142 1661 exent-

539 1691 672 1759 plo:
708 1702 894 1759 patere
950 1693 1171 1763 insuper
1200 1696 1304 1750 sibi
1342 1698 1395 1751 in
1451 1698 1543 1751 Dei
1599 1698 1848 1755 laudibus
1881 1702 2137 1771 loquendi

2240 499 2406 554 agens
2441 485 2491 538 in
2522 500 2754 551 corpore
2784 486 2904 555 ipse
2934 484 3207 541 lustravit.
3235 485 3289 541 In
3324 486 3564 542 Jordane
3586 488 3843 556 baptiza-

2242 587 2327 633 tus
2380 588 2495 644 est;
2533 580 2871 646 paenitentia:
2918 580 3154 650 speciem
3204 580 3430 649 pertulit
3479 583 3531 633 itt
3560 580 3843 635 deserto:

2239 671 2381 741 quod
2410 681 2594 725 autem
2641 686 2866 725 summm
2910 671 3305 741 puriﬁcationis
3334 682 3474 736 erat,
3504 671 3553 726 in
3581 675 3845 741 passione

2241 765 2558 827 complevit.
3774 838 3787 843 ’

2314 856 2467 910 Unde
2511 856 2770 922 advertis,
2800 855 3129 912 Novatianos
3164 857 3265 912 sub
3292 858 3435 911 omni
3469 839 3848 926 peccatorum

2240 950 2531 1004 occasione
2554 950 2813 1017 tlegetttes
2846 948 3134 1003 adversum
3171 964 3228 1002 se
3259 950 3583 1003 Slullissillle
3615 964 3852 1004 recusa-

2243 1058 2324 1107 re,
2373 1042 2517 1111 quod
2565 1043 2727 1096 Deum
2777 1058 2875 1111 pro
2916 1056 2975 1097 se
3029 1042 3336 1111 intelligant
3365 1042 3719 1112 praestitisse;
3761 1059 3851 1097 so-

2245 1137 2458 1207 lati-que
2490 1136 2815 1200 Ecclesiam,
2842 1144 2901 1191 ut
2932 1136 3057 1201 tide,
3088 1140 3160 1188 ita
3184 1146 3238 1191 et
3267 1135 3495 1205 pietate,
3521 1137 3629 1191 Deo
3652 1138 3853 1206 proxi-

2245 1244 2411 1287 mam.
2438 1244 2602 1297 supra
2642 1230 2801 1283 vilem
2853 1228 3280 1283 concuhinarum
3331 1244 3571 1299 gregem,
3598 1228 3851 1298 reginam

2245 1322 2441 1377 merito
2489 1323 2811 1391 nuncupari,
2846 1337 2965 1389 qua:
2996 1322 3203 1375 dexme
3244 1323 3415 1390 partis
3459 1322 3723 1376 obtinens
3778 1324 3857 1376 lo-

2245 1429 2389 1478 cum,
2425 1414 2661 1467 sinistrte
2693 1414 2837 1469 ﬁlios
2865 1414 3010 1469 celsa
3042 1414 3399 1479 condemnat;
3432 1416 3499 1468 ad
3529 1431 3592 1469 se
3624 1417 3855 1471 venien-

2248 1508 2392 1561 tibus
2421 1508 2682 1577 intt-gram
2731 1507 2891 1562 tidem
2930 1508 3176 1572 tradens,
3211 1509 3522 1563 revertendi
3548 1510 3618 1563 ad
3666 1526 3735 1565 se
3765 1526 3859 1565 cu-

2250 1603 2526 1673 pientibus
2546 1602 2753 1655 aditum
2778 1618 2885 1656 non
2918 1602 3290 1669 praecludens;
3339 1603 3464 1656 dum
3508 1613 3561 1657 et
3595 1602 3860 1657 manifes-

2254 1705 2365 1747 tam
2416 1693 2755 1748 divinitatem
2809 1692 3058 1748 lidelibus
3109 1693 3392 1763 praedicat,
3418 1702 3474 1747 et
3527 1709 3627 1762 spe
3681 1695 3859 1747 venia

538 1789 751 1854 copiam
794 1787 1146 1857 deprecatus,
1182 1793 1562 1849 auctoritatem
1610 1796 2015 1863 prmdicationis
2042 1801 2139 1853 ob-
2172 1771 2214 1829 Β
2246 1788 2595 1859 promptioris
2629 1787 2837 1841 mavult
2870 1801 3135 1841 revocare
3182 1798 3507 1855 pereuntes,
3538 1801 3712 1856 quam
3744 1801 3861 1840 cor-

540 1880 725 1945 tinuit,
773 1880 963 1936 dicens
998 1901 1009 1935 :
1046 1882 1208 1938 Labia
1256 1902 1370 1939 mea
1393 1890 1614 1955 aperiet,
1646 1900 1693 1944 et
1716 1908 1801 1944 eos
1846 1910 2011 1947 meum
2040 1913 2137 1949 an-

541 1973 799 2026 nuntiabit
830 1974 1039 2028 laudem
1065 1987 1207 2031 tuam
1237 1978 1411 2050 (Psal.
1446 1998 1499 2044 ι,
1528 1982 1635 2048 17).
1674 1982 1941 2039 Peccatori
1969 1999 2141 2043 autem

542 2065 671 2119 dixit
701 2064 841 2121 Deus
869 2084 887 2121 :
922 2068 1094 2134 Quare
1122 2081 1177 2124 tu
1220 2090 1431 2127 enarras
1452 2075 1690 2144 justitias
1721 2094 1878 2141 meas,
1905 2091 1953 2133 et
1979 2086 2141 2137 sumis

539 2166 902 2214 testamentum
944 2180 1113 2216 meum
1143 2182 1235 2235 per
1261 2182 1316 2219 os
1340 2166 1671 2236 tuum(Psal.
1707 2186 1849 2236 ttth,
1879 2173 1999 2240 l6)?
2029 2175 2139 2229 Nisi

544 2249 687 2303 forte
712 2252 764 2304 in
790 2253 1074 2320 prophetis
1099 2254 1265 2308 alium
1285 2256 1555 2323 spiritum,
1574 2274 1736 2327 quam
1763 2277 1909 2315 nunc
1934 2264 2141 2334 accipi-

546 2358 692 2408 mus,
715 2344 883 2399 fuisse
901 2348 1260 2415 contendunt,
1282 2360 1378 2403 aut.
1407 2352 1624 2420 penitus
1641 2369 1748 2407 non
1768 2355 1960 2423 fuisse,
1978 2370 2143 2430 atque

542 2434 895 2490 immitiorem
929 2442 1028 2491 sub
1058 2442 1237 2509 gratia
1265 2442 1682 2509 Evangeliorutn
1704 2447 1873 2503 Deum
1899 2468 2061 2518 quam
2087 2454 2142 2508 in

539 2526 659 2594 lege
683 2531 1051 2595 constituunt;
1076 2533 1167 2601 qui
1194 2533 1438 2603 Petrum,
1467 2537 1516 2590 id
1544 2548 1649 2601 est,
1677 2541 1854 2609 ipsum
1884 2543 2144 2601 Ecclesitc

540 2618 977 2688 fundamentum,
996 2625 1210 2679 tatnet~i
1229 2627 1278 2679 in
1294 2629 1525 2683 crimine
1540 2646 1643 2684 non
1666 2637 1959 2701 mansisse,
1976 2636 2145 2693 fuisse

537 2721 719 2769 tamen
752 2717 801 2769 itt
832 2716 1065 2771 crimine
1095 2718 1437 2785 fatebuntur;
1462 2732 1516 2776 ct
1538 2724 1933 2781 admonitionis
1962 2728 2147 2782 Domi-

544 2811 685 2862 nica:
704 2810 1112 2875 reccirdantctn,
1136 2829 1242 2865 noti
1271 2814 1653 2884 perliditc,sed
1675 2818 2146 2887 inlirtnitatisirea-

539 2910 652 2953 tum
697 2903 1066 2958 amaritudine
1095 2905 1324 2960 diluisse
1354 2908 1665 2976 intelligant
1699 2921 1723 2947 ἰ
1755 2912 2144 2983 lacrytnarum.

541 2993 689 3050 Talis
709 2998 939 3065 perinde
968 2999 1232 3053 luxuriosi
1258 3000 1404 3056 illius
1433 3003 1483 3055 in
1506 3002 1802 3074 Evangelio
1824 3006 2037 3061 reditus
2055 3007 2149 3061 ab-

534 3091 768 3156 sumptis
808 3089 1002 3158 opibts
1055 3091 1379 3147 substantia:
1416 3095 1706 3162 spiritalis,
1740 3107 1903 3167 atque
1942 3114 1970 3150 a
2003 3112 2064 3153 se
2089 3100 2139 3152 in

537 3180 739 3236 coelum
772 3192 1053 3249 peccatum
1085 3181 1327 3246 fatentis,
1362 3200 1466 3238 non
1515 3188 1760 3241 renuitur
1792 3198 1851 3242 ut
1874 3189 2135 3259 pollutus,

538 3288 639 3327 nec
664 3272 934 3327 refutatur
956 3283 1017 3328 ut
1047 3276 1325 3344 prodigus,
1360 3276 1454 3331 sed
1481 3276 1847 3333 incumbentis
1885 3282 1936 3335 in
1966 3284 2142 3336 cervi-

539 3382 658 3421 cem
690 3372 843 3421 suatn
874 3367 1043 3436 pattis
1066 3368 1290 3435 osculis,
1316 3369 1363 3421 id
1389 3379 1498 3433 est,
1524 3372 1793 3426 catholica
1824 3389 1986 3441 pace,
2021 3390 2139 3429 sus-

537 3459 773 3528 cipitur;
806 3460 894 3528 qui
918 3460 1104 3529 utique
1142 3461 1242 3513 nisi
1277 3476 1373 3530 per
1420 3462 1767 3531 adoptionem
1797 3466 2140 3536 baptismatis

539 3552 692 3621 prius
746 3550 890 3605 lilius
917 3566 1040 3606 esse
1074 3566 1184 3605 non
1228 3554 1425 3621 potttit.
1460 3556 1632 3624 Magni
1691 3558 1853 3612 etiam
1906 3562 2139 3615 convivii

536 3646 753 3699 laetatus
794 3655 877 3699 est
928 3656 1211 3715 apparatu,
1250 3647 1299 3700 id
1330 3660 1443 3713 est,
1488 3651 1891 3706 communionis
1939 3653 2140 3710 divina:

539 3738 748 3793 honore
781 3740 1015 3793 donatus
1054 3751 1133 3793 eSt
1164 3757 1177 3805 ;
1213 3740 1264 3794 in
1298 3744 1500 3797 annulo
1538 3744 1697 3799 tidem
1754 3748 2048 3815 rgcipiens,
2086 3750 2136 3802 in

536 3832 678 3884 stola
725 3833 915 3900 gratiae
956 3835 1336 3886 vestimentum
1378 3852 1390 3884 ε
1425 3849 1591 3889 carne
1640 3836 1863 3903 insuper
1900 3840 2141 3907 pascitur

536 3926 796 3986 vituli,id
839 3936 945 3992 est,
995 3934 1214 3979 a~tcrn:e
1262 3926 1642 3993 haereditatis,
1702 3932 1845 3984 S-‘ICt‘i
1892 3935 2138 3998 corporis

533 4020 935 4085 asStnnptione,
970 4021 1024 4072 lit
1056 4022 1371 4090 particeps;
1409 4022 1569 4092 plena
1599 4023 1929 4092 Apostolicze
1964 4028 2139 4097 digni-

534 4114 660 4168 tatis
690 4121 1011 4167 ornamenta
1047 4113 1297 4167 sortitus.

604 4206 1076 4261 Postretnoetiant
1106 4205 1504 4272 blasphemiam
1549 4223 1670 4277 qua:
1695 4218 1892 4263 cuncta
1938 4226 2133 4279 super-

530 4300 775 4369 greditur
803 4300 1059 4365 crimina,
1113 4302 1315 4354 remitti
1350 4317 1510 4369 posse
1558 4303 1809 4358 Salvator
1856 4306 2130 4375 insinuat,

532 4390 848 4456 abolerique
883 4393 936 4441 in
975 4406 1034 4443 se
1064 4393 1357 4445 commissa
1383 4409 1489 4445 non
1518 4396 1717 4461 renuit,
1746 4396 1789 4450 si
1831 4413 1978 4453 verae
2001 4414 2132 4454 con-

528 4482 799 4537 versionis
844 4483 1028 4536 labore
1085 4498 1395 4537 mereamur
1427 4494 1483 4537 ut
1535 4488 1635 4538 sub
1678 4488 1792 4555 ejus
1858 4501 2134 4561 przecepto

522 4577 721 4631 ccelum
784 4575 1095 4630 consentiat
1144 4589 1265 4629 cum
1326 4575 1534 4645 judicio
1583 4579 1970 4647 sacerdotum;
2025 4601 2125 4652 qua

525 4670 726 4724 liducia
776 4667 1076 4723 Salvatoris
1115 4666 1280 4723 edicti
1314 4682 1431 4733 eos,
1479 4669 1571 4738 qui
1622 4685 1718 4739 per
1765 4671 1924 4726 ﬁdem
1981 4675 2129 4730 vitiis

522 4761 911 4826 emundantur,
946 4774 1053 4813 non
1108 4767 1314 4813 tantum
1344 4759 1410 4813 ad
1445 4760 1659 4815 veniam
1710 4762 1805 4816 sed
1861 4763 2122 4821 honorem

523 4857 766 4925 gentium
798 4855 1004 4910 Doctor
1030 4856 1224 4910 invitat
1251 4855 1442 4909 dicens
1474 4875 1485 4909 :
1521 4859 1624 4924 Qui
1648 4869 1818 4912 autent
1842 4878 1896 4915 se
1926 4878 2123 4918 emun—

526 4948 720 4999 daverit
775 4948 837 4999 ab
882 4949 1017 5012 istis,
1049 4950 1144 5001 erit
1192 4965 1281 5001 vas
1328 4949 1715 5017 sanctiﬁcatum
1742 4950 1767 4988 ἱ)
1803 4954 1853 5004 in
1906 4956 2119 5021 honore,

522 5040 649 5093 utile
678 5037 927 5106 Domino,
952 5040 1017 5091 ad
1046 5057 1193 5093 omne
1219 5057 1349 5109 Opus
1381 5042 1568 5096 bonum
1624 5054 1862 5111 paratum
1886 5046 1952 5114 (ll
1984 5046 2117 5105 Tim.

516 5146 579 5196 tt,
604 5130 718 5200 2i).
750 5129 937 5199 Itaque
971 5139 1028 5183 ut
1059 5132 1112 5185 in
1161 5136 1366 5188 unitate
1398 5136 1706 5191 divinitatis
1737 5149 1819 5191 est
1857 5138 2117 5205 Trinitas,

519 5226 592 5279 ita
619 5226 670 5277 in
703 5239 813 5278 uno
836 5223 1179 5292 baptismatis
1206 5226 1422 5281 nomine
1456 5229 1592 5281 trina
1624 5233 1907 5299 purgatio;
1937 5231 2121 5287 Domi-

519 5319 681 5371 no‘ad
714 5318 1012 5386 Apostolus
1039 5318 1117 5372 sic
1154 5318 1449 5387 loquente:
1483 5321 1687 5388 Adhuc,
1720 5324 1911 5393 inquit.
1958 5326 2121 5380 habeo

516 5411 771 5480 baptizari
804 5410 1114 5480 baptismate
1141 5411 1279 5480 quod
1332 5426 1417 5463 vos
1449 5414 1655 5467 nescitis
1688 5414 1821 5483 (Luc
1870 5433 1965 5483 xu,
2001 5419 2115 5489 50).

510 5612 599 5652 res
628 5596 730 5719 meti
763 5594 973 5651 arbitrii
1005 5605 1170 5661 esset,
1201 5595 1477 5669 mergendo
1503 5612 1557 5651 se
1585 5596 1907 5655 desideret...
1931 5619 2115 5673 passu-

510 5684 669 5719 rus...
723 5684 905 5719 anstts.

510 5684 669 5721 rus...
702 5684 905 5735 lapsus.

582 5746 606 5771 ιι
637 5740 726 5789 Sic
776 5752 1003 5804 uterque
1035 5740 1204 5794 codex
1255 5741 1404 5795 Lem.
1453 5750 1509 5795 et
1556 5740 1718 5796 Vind.
1770 5745 2104 5802 emendate:

506 5805 653 5868 prior
683 5806 873 5871 editio,
904 5809 1035 5861 dilui
1067 5808 1384 5882 intelligant,
1426 5824 1705 5883 corrupte.

2242 1884 2502 1953 rigeudos
2534 1881 2757 1935 forsitan
2786 1880 3169 1949 deSperatione
3196 1879 3548 1935 confundere.

2840 1975 3067 2031 CAPUT
3108 1975 3250 2031 XIX.

2304 2068 2433 2135 ρυω
2461 2069 2527 2121 sit
2557 2068 2916 2137 mysteriorum
2942 2069 3239 2121 divinorum
3270 2068 3473 2137 integra
3510 2070 3807 2135 plenitudo.

2322 2169 2521 2219 APOLL.
2568 2194 2625 2205 -—
2655 2163 2712 2218 ln
2739 2173 2930 2231 aperto
2960 2173 3039 2218 est
3065 2162 3396 2218 Novatianos
3427 2163 3596 2218 stulte
3642 2166 3852 2234 ignosci

2248 2260 2393 2314 nolle
2425 2260 2685 2327 peccatis,
2718 2266 2774 2313 et
2803 2272 2915 2313 sua:
2940 2256 3253 2328 fragilitatis
3285 2258 3636 2311 immemores
3669 2258 3856 2326 lapso.

2247 2368 2365 2406 rum
2399 2352 2575 2421 magis
2606 2350 2978 2415 damnatione,
3012 2366 3169 2419 quam
3221 2365 3611 2403 conversorum
3669 2366 3856 2404 emcn-

2246 2444 2465 2499 datione
2542 2444 2713 2498 lauari
2756 2461 2768 2496 :
2816 2443 2912 2497 sed
2972 2443 3073 2497 nisi
3128 2444 3501 2511 evpostulatio
3564 2442 3858 2512 multiplex

2250 2538 2469 2592 tardiutn
2527 2538 2719 2607 gignit,
2778 2552 2937 2590 ttn-tm
2995 2536 3131 2589 hanc
3181 2535 3597 2589 consummandi
3672 2537 3857 2602 aperis

2248 2632 2421 2701 adjice
2463 2630 2798 2694 lirmitatem,
2826 2642 2884 2683 ut
2917 2630 3087 2683 t0tius
3126 2628 3466 2683 credulitatis
3503 2644 3715 2697 corpus
3747 2644 3857 2682 am-

2252 2725 2521 2793 plectens,
2556 2732 3022 2777 sacramentorum
3066 2736 3358 2776 enumeres
3405 2723 3613 2791 fastigia
3647 2722 3859 2777 divino-

2250 2832 2393 2883 rum,
2425 2826 2481 2869 et
2508 2814 2789 2869 memoria:
2816 2814 3120 2868 mandanda
3150 2816 3477 2878 constituas,
3510 2830 3635 2883 quae
3668 2829 3857 2883 pererr-

2253 2911 2339 2963 nis
2370 2908 2483 2977 spei
2510 2907 2881 2962 intellectibus
2932 2905 3241 2975 prodidiSti,
3270 2914 3325 2959 ttt
3364 2907 3624 2959 concluso
3672 2908 3858 2976 paucis

2252 3002 2505 3057 sensibus
2529 3001 2697 3055 verbo
2720 3000 2963 3054 recolere
2983 3000 3153 3068 possit
3173 2999 3362 3053 crebra
3386 2998 3693 3061 confessio,
3716 2998 3855 3068 quod

2254 3094 2308 3147 in
2342 3092 2570 3147 formam
2599 3091 2883 3147 catholica:
2914 3074 3199 3145 brevitatis
3230 3090 3525 3144 insinuatio
3548 3090 3733 3145 ﬁdelis
3757 3106 3853 3160 ag-

2249 3188 2462 3243 taverit.

2313 3280 2512 3334 ZACCB.
2566 3308 2633 3318 —
2680 3278 2945 3335 Sullicere
2984 3276 3205 3346 quidem
3255 3284 3470 3345 poterat
3514 3275 3761 3329 decursa
3801 3277 3851 3329 in

2242 3373 2421 3427 causis
2471 3372 2698 3441 singulis
2728 3373 2883 3435 ratio,
2939 3380 2994 3425 et
3032 3370 3275 3423 omnium
3322 3370 3842 3437 interpretationum

2244 3474 2432 3519 textus
2463 3466 2684 3519 elucens
2713 3482 2725 3518 :
2754 3463 2848 3518 sed
2884 3477 2950 3517 ne
2973 3462 3168 3531 aliquis
3200 3478 3262 3515 cx
3293 3463 3560 3515 varietate
3587 3478 3853 3518 sensuum

2242 3559 2555 3627 scrupulus,
2590 3573 2774 3628 nequa
2800 3574 2865 3611 ex
2891 3556 3305 3626 responsionum
3334 3555 3656 3623 pluralitate
3688 3556 3855 3611 ambi-

2243 3656 2420 3723 guilas
2447 3652 2714 3706 excitetur
2739 3667 2752 3715 ;
2777 3654 2940 3704 totius
2960 3650 3083 3703 lidei
3107 3664 3321 3703 sacrum
3344 3648 3600 3703 ordinem
3631 3659 3850 3713 tenens,

2242 3760 2459 3814 semper
2487 3746 2601 3799 haec
2634 3745 2861 3798 recoles.
2894 3742 3042 3797 Unus
3069 3750 3152 3796 est
3193 3741 3335 3795 Deus
3364 3740 3547 3803 Pater,
3579 3744 3682 3811 qui
3711 3758 3856 3797 sem-

2243 3856 2341 3910 per
2383 3841 2485 3894 ltoc
2537 3839 2725 3894 habuit
2772 3839 3011 3907 speciale
3042 3838 3184 3906 quod
3221 3838 3379 3891 Pater
3409 3844 3517 3898 est,
3549 3853 3665 3890 non
3717 3842 3858 3892 reci-

2241 3936 2398 4005 piens
2428 3934 2557 3999 ulla,
2606 3934 2700 3988 sed
2750 3949 2775 3985 a
2824 3948 2883 3987 se
2930 3933 3216 4002 proferens
3247 3933 3468 3993 omnia;
3516 3934 3854 3987 ineanverti-

2242 4030 2389 4093 bilis,
2441 4027 2757 4092 invisibilis,
2793 4025 3218 4087 iturstimahilis,
3252 4037 3513 4080 :cternus.
3557 4025 3662 4079 Est
3694 4028 3853 4096 igitur

2241 4130 2293 4175 et
2328 4120 2498 4174 Filius
2529 4119 2755 4173 nomine
2802 4130 2971 4188 atque
3004 4132 3257 4187 persona,
3299 4133 3405 4170 non
3450 4118 3790 4181 substantia,
3822 4136 3849 4171 a

2241 4214 2405 4269 Patre
2443 4212 2756 4278 distinctus,
2794 4212 2969 4280 plena:
3004 4211 3307 4279 tnajcSIatis
3337 4220 3394 4263 ut
3430 4214 3676 4277 genitor,
3727 4228 3848 4279 pero

2239 4307 2414 4360 lectus
2444 4306 2670 4374 perinde
2700 4315 2751 4358 et
2777 4303 3143 4371 sempiternus
3174 4320 3186 4365 ;
3225 4317 3322 4356 nec
3349 4301 3652 4355 secundum
3689 4308 3848 4370 perli-

2239 4399 2431 4452 dorutn
2462 4399 2752 4466 Opiniones
2777 4412 2804 4449 a
2833 4396 3403 4460 temporecredendns
3422 4406 3507 4449 est
3534 4396 3664 4465 quia
3694 4406 3855 4451 natus

2238 4504 2321 4547 est
2355 4509 2369 4554 ;
2400 4490 2497 4545 sed
2530 4506 2652 4544 cum
2686 4490 2849 4544 Patre
2877 4500 3004 4543 ante
3037 4498 3279 4558 tempora
3311 4504 3563 4553 manens,
3597 4491 3763 4544 nobis
3788 4507 3855 4545 ex

2240 4595 2485 4652 tempore
2516 4584 2780 4653 assumpti
2826 4582 3125 4639 Salvatoris
3156 4595 3452 4638 ostensus:
3504 4599 3649 4636 unus
3703 4600 3853 4639 nunc

2232 4681 2485 4749 idemque
2518 4690 2809 4731 mansurus
2843 4687 2897 4730 et
2928 4675 3235 4730 credendus
3266 4686 3349 4729 est
3374 4685 3427 4729 et
3455 4675 3854 4746 conﬂtendus;

2228 4774 2485 4845 quoniam
2506 4768 2798 4824 manifesta
2828 4768 2946 4837 ejus
2972 4768 3227 4821 divinitas
3251 4782 3357 4821 non
3389 4766 3631 4821 admittit
3651 4779 3721 4822 ut
3753 4772 3857 4825 ali-

2229 4863 2448 4935 quando
2476 4877 2584 4915 non
2616 4862 2777 4915 fuerit
2802 4878 2816 4925 ;
2850 4875 2951 4913 nec
2974 4859 3365 4926 rnrsumzverae
3394 4859 3582 4913 carnis
3596 4874 3857 4933 assump-

2234 4958 2311 5011 tio
2336 4957 2562 5021 patitur,
2590 4962 2651 5007 ut
2670 4954 2844 5007 sancti
2869 4953 3101 5022 Spiritus
3126 4953 3368 5007 cretione
3389 4964 3651 5008 cessante
3683 4966 3855 5012 natus

2232 5065 2296 5103 ex
2328 5048 2549 5117 Virgine
2580 5061 2684 5100 non
2711 5045 2985 5099 credatur.
3024 5044 3120 5098 Est
3142 5053 3198 5098 et
3226 5044 3464 5112 Spiritus
3494 5055 3738 5101 sanctus
3777 5062 3797 5088 τ
3828 5065 3855 5102 a

2232 5145 2391 5199 Patre
2422 5143 2679 5197 similiter
2724 5156 2786 5196 ac
2818 5141 2980 5205 Filio,
3017 5156 3246 5209 persona
3280 5150 3482 5194 tantum
3510 5152 3567 5195 et
3596 5145 3847 5204 nomine.

2233 5255 2339 5293 non
2374 5237 2656 5305 majestate
2687 5245 2780 5289 aut
2802 5236 3104 5289 subSIantia
3134 5236 3274 5289 alius
3298 5236 3659 5290 :rsﬁmandus
3692 5256 3708 5301 ;
3744 5256 3849 5295 non

2229 5332 2449 5403 genitus
2482 5340 2541 5384 ttt
2586 5329 2778 5396 Filius,
2814 5328 2909 5383 sed
2948 5344 2975 5380 a
3012 5328 3174 5382 Patre
3226 5328 3551 5396 procedens,
3600 5331 3847 5393 virtutis,

2230 5424 2557 5489 divinitatis,
2603 5422 2828 5476 honoris
2872 5420 3099 5491 perinde
3128 5434 3190 5474 ac
3236 5420 3536 5474 voluntatis
3565 5423 3845 5491 ejusdem,

2289 5608 2316 5647 ι’
2339 5607 2523 5663 Codex
2570 5604 2755 5668 Vind.,
2793 5606 2846 5657 in
2877 5604 3145 5662 honorem.
3178 5604 3307 5656 utile
3354 5601 3486 5659 Deo.
3519 5603 3711 5673 Supra
3766 5611 3847 5663 at-

2220 5689 2332 5735 tera
2369 5680 2562 5747 pagina
2598 5678 2687 5730 uhi
2748 5677 2944 5745 legitur
2975 5676 3111 5729 sacri
3156 5677 3391 5745 corporis
3451 5681 3843 5742 assuntption,

2213 5751 2268 5805 in
2302 5763 2532 5820 utroque
2564 5750 2754 5820 codice
2785 5764 2892 5820 vox
2923 5749 3056 5820 sacri
3077 5747 3254 5820 deest.

2287 5834 2308 5862 ε
2350 5818 2641 5878 δὶὰεοαοχ
2676 5819 2837 5874 Vind.
2873 5818 3015 5873 haud
3056 5818 3215 5888 paulo
3248 5818 3447 5875 melius
3478 5835 3646 5890 quam
3684 5823 3845 5891 prior
