4074 6204
323 299 466 358 1145

1485 285 2115 349 CONSULTATIONUM
2158 287 2290 345 LIB.
2333 287 2424 342 lli.

3490 275 3628 333 1H6

323 390 465 472 idem
487 430 708 486 semper
731 413 872 487 quod
896 413 1057 469 Pater
1073 425 1136 466 ac
1167 409 1345 467 Filius
1366 408 1572 466 faciens
1597 417 1757 480 atque
1780 407 1920 462 idem
1949 408 1999 468 Α
2027 418 2133 474 que
2185 403 2238 456 in
2281 399 2543 472 judicium
2593 396 2996 468 resurgentium
3046 407 3362 467 corporum,
3411 400 3466 448 et
3504 407 3626 447 cum

323 520 590 581 priestans
622 528 634 564 :
669 511 992 566 informator
1022 508 1328 578 sapientiai,
1383 506 1505 561 ﬁdei
1539 505 1719 574 dator,
1755 502 1918 574 largi-

323 609 409 658 tor
437 618 749 671 munerum,
773 601 1218 656 sanctiﬁcationis
1243 598 1504 662 indultor,
1530 598 1792 653 retnissor
1815 595 1921 652 cri-

320 696 552 762 minum,
583 696 876 766 gratiarum
909 694 1134 760 divisor,
1168 692 1423 762 Patrique
1450 706 1666 760 semper
1689 706 1752 744 ac
1783 689 1922 744 Filio

319 788 468 843 omni
513 803 740 858 cperunt
785 787 1024 841 bonitate
1067 787 1412 856 permixtus;
1446 798 1549 838 nec
1578 793 1795 838 creatus
1822 785 1917 836 ali-

319 881 564 953 quando,
592 881 690 937 sed
720 895 914 936 creans
944 895 1180 950 semper.
1213 879 1366 934 Hune
1398 885 1659 946 perpetuo
1687 875 1834 931 credi
1865 887 1920 932 et

320 973 595 1040 confiteri,
631 974 868 1040 adorari,
903 974 1120 1041 colique
1150 985 1213 1026 ac
1244 970 1415 1026 metui
1444 971 1740 1034 convenit;
1771 985 1918 1023 sum-

321 1081 515 1136 maque
545 1066 728 1122 cordis
769 1067 1000 1136 puritate
1049 1067 1130 1119 sic
1171 1064 1320 1132 diligi
1347 1105 1360 1126 ,
1411 1071 1469 1116 ut
1515 1065 1657 1117 sicut
1688 1062 1827 1116 idem
1864 1063 1915 1115 itt

319 1160 480 1216 Patre
508 1176 726 1230 semper
754 1176 818 1214 ac
867 1160 1005 1215 Filio
1049 1167 1153 1227 est,
1187 1159 1262 1214 ita
1292 1157 1347 1213 in
1386 1171 1454 1214 eo
1499 1157 1672 1213 Patris
1705 1172 1768 1212 ac
1794 1155 1917 1211 Filii

319 1253 602 1324 plenitudo
629 1254 908 1308 credatur.

389 1348 566 1404 Habes
577 1349 926 1420 quaesitorum
943 1349 1316 1404 intellectuum
1335 1364 1518 1402 veram
1535 1363 1599 1404 ac
1612 1347 1912 1417 simplicem

313 1442 600 1510 rationem,
625 1445 1020 1514 brevitatisque
1036 1448 1281 1513 responsi
1306 1444 1547 1498 scientim
1565 1444 1916 1508 congruentis

309 1534 560 1591 aﬁ'ectttm
587 1551 605 1590 :
641 1545 912 1604 superest,
941 1546 1003 1590 ut
1033 1537 1174 1592 sicut
1211 1535 1530 1606 praedictum
1563 1535 1615 1592 itt
1650 1535 1914 1605 principio

309 1627 624 1693 meministi,
664 1625 1042 1681 rt-fertioribus
1075 1627 1339 1696 majorum
1375 1627 1736 1682 voluminibus
1769 1637 1908 1682 stre~

307 1734 447 1773 nuus
476 1722 647 1776 lector
676 1721 945 1792 invigiles,
967 1730 1022 1776 et
1044 1722 1094 1776 in
1119 1721 1222 1776 hoc
1247 1721 1333 1777 vel
1357 1721 1470 1776 sola
1494 1722 1757 1777 brevitate
1780 1737 1881 1777 con
1899 1753 1912 1762 -

2024 497 2217 552 electis
2241 506 2500 566 perpetuo
2525 505 2902 564 regnaturum.
2927 492 3052 546 llaec
3073 489 3396 544 ﬁdttcialiter
3415 488 3628 553 credes,

2026 590 2141 645 haec
2166 589 2344 644 futura
2367 587 2652 660 proﬁtt-bet
2669 587 2736 652 is,
2763 595 2823 641 ut
2846 593 3160 640 sanctorum
3184 581 3418 636 cratibus
3439 594 3634 651 aggre-

2023 694 2179 754 gatus
2227 696 2447 737 (eterna:
2498 681 2620 736 vita:
2675 679 2883 734 honore
2935 676 3287 732 ltlautlissimo
3331 685 3387 728 et
3431 672 3626 727 donari

2023 777 2197 845 possis
2223 786 2276 830 et
2313 774 2535 842 perfrui.
2569 772 2596 811 δ
2624 774 2713 828 Sic
2741 775 2881 827 inter
2912 770 3099 825 (ιιινίςις
3126 778 3472 838 peccatmum
3503 779 3627 832 pro-

2020 870 2186 924 cellas
2217 879 2379 936 atque
2428 879 2594 922 arstus
2637 866 2823 920 saeculi
2865 861 3187 918 collahentis
3213 859 3439 930 justitite
3473 872 3626 926 regu-

2020 961 2126 1016 lam
2177 974 2424 1025 servans,
2468 958 2590 1014 ﬁdei
2642 956 2958 1028 Specialiter
3006 955 3322 1026 integritate
3366 949 3634 1028 merearis,

2019 1071 2138 1126 quae
2171 1063 2297 1109 sunt
2326 1065 2588 1125 perpetuo
2619 1068 2870 1106 mansura
2904 1061 3024 1120 post
3055 1048 3338 1105 ser-culum.

2621 1145 2850 1203 CAPUT
2892 1144 3009 1200 XX.

2524 1240 2796 1312 Confessio
2820 1239 2889 1291 ad
2923 1237 3110 1292 Deum.

2089 1339 2286 1392 APOLL.
2323 1366 2394 1376 —
2424 1335 2613 1406 Magna
2645 1346 2726 1387 est
2757 1333 2975 1404 quidem
3010 1329 3178 1384 libelli
3206 1327 3406 1399 prioris
3431 1326 3622 1395 editio,

2015 1464 2080 1504 ac
2112 1461 2133 1487 ο
2167 1449 2468 1519 perspicuis
2512 1447 2880 1502 intellectibus
2927 1458 3124 1499 sensus
3154 1456 3339 1497 rerqu
3371 1440 3621 1496 nctitiam

2017 1540 2288 1610 fidemque
2319 1540 2626 1595 docuerunt
2655 1555 2668 1601 ;
2713 1537 2808 1590 sed
2843 1551 2949 1590 non
2995 1536 3171 1588 minus
3203 1531 3491 1603 prmsetttis
3521 1531 3626 1584 uti-

2014 1632 2173 1693 litati,
2207 1646 2366 1700 quam
2415 1630 2604 1699 gratite
2651 1627 3034 1683 ascrihendutu
3087 1637 3170 1681 est
3217 1623 3620 1696 pra-cedentis:

2011 1725 2135 1792 quia
2187 1725 2312 1779 licet
2358 1741 2386 1778 a
2420 1725 2629 1788 multis,
2684 1733 2738 1776 ut
2788 1726 2902 1792 ipse
2947 1720 3226 1791 professus
3275 1735 3356 1784 es,
3390 1719 3622 1773 decursa

306 1817 508 1872 tentus,
541 1814 795 1868 celsioris
823 1814 1087 1868 doctrinm
1121 1814 1309 1868 notitia
1341 1813 1594 1884 glorieris
1621 1815 1916 1868 :volutttati-
1949 1808 1995 1868 B
2023 1818 2364 1881 lustraveris,
2399 1817 2580 1871 intulit
2611 1827 2789 1870 tamen
2820 1814 3060 1870 brevitas
3100 1812 3444 1869 commodum
3475 1809 3620 1883 quod

301 1904 481 1973 potius
501 1907 752 1976 privatim
774 1915 1051 1977 tumquam
1065 1904 1291 1961 editioni
1310 1906 1536 1975 publica:
1557 1905 1904 1975 respondisse

300 2009 402 2050 nos
428 1996 677 2052 credens.
712 1999 779 2054 Et
809 2004 940 2054 sane
965 1998 1191 2054 ulterius
1227 2013 1452 2068 pergere
1483 1998 1789 2053 caelestium
1818 2014 1905 2053 se-

296 2099 572 2144 cretorum
603 2099 754 2146 arcet
779 2092 1137 2155 immensitas,
1168 2106 1232 2146 ac
1256 2100 1468 2146 retusos
1490 2093 1708 2161 propria
1738 2093 1902 2148 imbe-

296 2180 521 2236 cillitate
551 2196 744 2236 sensus
768 2183 1156 2236 inenarrabilis
1187 2183 1486 2252 majestatis
1509 2183 1764 2250 prohibet
1791 2199 1902 2238 ma-

294 2271 518 2341 gnitudo
544 2272 795 2343 :jamque
818 2273 970 2328 horis
993 2275 1046 2328 itt
1071 2288 1322 2328 occasum
1347 2275 1698 2344 vergentibus
1724 2276 1899 2331 vicina

295 2365 533 2419 tenebris
582 2366 775 2420 umbra
821 2366 1168 2432 diffunditur,
1212 2376 1375 2436 atque
1423 2377 1665 2422 attentos
1706 2368 1900 2422 crebra

294 2456 749 2527 interpretatione
797 2473 996 2514 sensus
1025 2468 1082 2514 et
1127 2457 1360 2514 refoveri
1405 2458 1676 2525 convenit,
1713 2468 1770 2514 et
1815 2477 1897 2514 re-

293 2549 459 2604 solvi.
495 2551 574 2604 Tu
602 2561 785 2605 autem
835 2551 951 2604 lucc
982 2559 1096 2606 toto
1128 2551 1324 2605 mentis
1355 2559 1408 2605 et
1438 2551 1686 2618 corporis
1717 2551 1899 2606 labore

291 2642 631 2709 custodiens,
656 2659 950 2712 numquam
985 2644 1167 2707 fidem.
1199 2658 1495 2713 numquam
1521 2644 1745 2698 deseras
1769 2659 1899 2699 con-

291 2733 588 2791 fessionem
621 2755 633 2790 :
666 2753 735 2791 ne
767 2737 932 2792 licitis
962 2737 1198 2791 excedas
1230 2737 1358 2791 dum
1390 2740 1618 2792 sectaris
1667 2738 1857 2792 illicita
1884 2756 1897 2804 ;

294 2838 347 2882 et
391 2827 748 2898 impossibilia
805 2830 1070 2898 cupiens,
1123 2844 1329 2884 esuare
1379 2829 1737 2893 salutaribus,
1791 2829 1899 2882 Deo

296 2921 475 2977 taliter
497 2934 872 2990 praemonente
903 2940 916 2976 :
950 2922 1153 2977 Atticm
1173 2932 1200 2962 η
1222 2933 1321 2976 ate
1343 2939 1407 2976 ne
1430 2923 1696 2994 quasieris
1716 2932 1764 2976 et
1790 2924 1899 2993 [or-

294 3015 429 3069 tt'ora
457 3033 489 3070 a
519 3025 566 3070 te
599 3033 662 3070 ne
693 3025 951 3070 scrutatus
992 3017 1154 3088 fueris
1183 3013 1388 3089 (Ereti.
1421 3031 1502 3080 ιιι,
1533 3015 1660 3086 1-2).
1709 3015 1763 3069 ld
1792 3023 1894 3079 est,

291 3122 413 3178 quae
443 3107 538 3164 tibi
571 3094 783 3179 prodita
815 3109 884 3165 de
928 3109 1241 3166 coelestibus
1269 3109 1354 3163 vel
1388 3108 1617 3163 infernis
1668 3109 1788 3177 lege
1815 3108 1895 3180 ip-

2009 1926 2134 1965 raro
2163 1918 2473 1965 mereantur
2503 1909 2714 1980 eloquia
2753 1907 3094 1978 prolixorum
3127 1921 3141 1970 ;
3171 1905 3486 1976 fructusque
3512 1919 3620 1960 non

2009 2018 2209 2073 parvus
2242 2010 2344 2057 est.
2379 2001 2560 2056 Tritia:
2591 2002 2822 2070 primum
2856 1998 3077 2053 unitatis
3103 1997 3438 2052 divinitatem
3470 1998 3618 2050 clara

2007 2095 2350 2164 expositione
2396 2107 2754 2164 cognoscere,
2799 2103 2912 2146 tum
2961 2088 3270 2145 .ludtrcrun't
3301 2089 3353 2142 in
3389 2087 3619 2157 perﬁdia

2005 2203 2101 2242 sua
2129 2205 2337 2255 casum,
2369 2201 2425 2244 et
2461 2192 2514 2246 itt
2552 2191 2828 2245 ltzrreticis
2857 2190 3232 2244 universarum
3278 2186 3615 2256 impietatum

2005 2284 2250 2347 ruinam;
2278 2299 2388 2338 tum
2413 2285 2647 2354 denique
2673 2284 2724 2338 in
2749 2283 2980 2338 stultitia
3002 2291 3114 2338 tua.
3139 2280 3462 2345 Novatiane,
3486 2294 3618 2334 con-

2004 2379 2202 2446 victus,
2237 2388 2496 2447 quantum
2533 2378 2630 2432 tibi
2678 2394 2744 2432 ex
2783 2377 2876 2431 Dei
2930 2375 3262 2446 indulgentia
3311 2373 3615 2443 derogaris,

2003 2472 2345 2528 evidentibus
2368 2472 2772 2538 Scripturartttn
2797 2469 3128 2524 testimoniis
3151 2466 3410 2522 didicisti.
3427 2464 3615 2520 Brevis

2001 2563 2226 2634 insuper
2277 2563 2400 2617 ﬁdei
2445 2562 2660 2632 adjecta
2710 2560 2986 2616 conclusio
3019 2570 3122 2626 est,
3168 2559 3429 2626 c0tdique
3479 2559 3616 2612 atleo

2000 2669 2192 2714 cuncta
2221 2656 2500 2719 sederunt,
2534 2670 2588 2709 ut
2621 2656 2671 2710 in
2722 2656 2804 2710 his
2834 2669 2956 2724 quae
2982 2653 3231 2708 secunda-
3255 2661 3384 2706 sunt
3411 2652 3613 2722 degere

1999 2764 2184 2808 votum
2215 2754 2306 2818 sit,
2341 2752 2392 2806 itt
2427 2751 2510 2805 his
2534 2764 2920 2805 consummare
2943 2746 3281 2802 desiderium
3315 2765 3327 2798 :
3362 2746 3524 2799 modo
3555 2752 3613 2800 ιιι

1998 2846 2116 2901 haec
2145 2862 2330 2900 rerum
2362 2845 2601 2899 omnium
2625 2853 2844 2900 creator
2868 2841 3144 2912 ingenitus
3167 2856 3264 2910 per
3294 2855 3416 2894 eum
3447 2854 3610 2907 quem

1999 2955 2064 2996 ex
2097 2955 2157 2994 se
2200 2948 2360 3008 atque
2407 2939 2550 2992 intra
2581 2953 2639 2991 se
2670 2936 2859 3006 genuit
2891 2934 3087 2996 Deum,
3138 2940 3195 2986 et
3227 2947 3372 2986 nunc
3419 2931 3608 2986 ﬁorcm

1998 3033 2205 3101 sumpti
2256 3030 2501 3101 corporis
2541 3029 2876 3084 habitantem
2924 3027 2975 3080 in
3015 3033 3245 3094 utraque
3295 3038 3608 3078 mansurum

2000 3128 2277 3183 nativitate
2305 3126 2712 3196 eomplectitttr,
2743 3139 2840 3193 per
2868 3129 3120 3176 sanctum
3153 3119 3376 3190 perinde
3421 3119 3600 3188 Spiri-

291 3203 406 3258 sius
434 3221 539 3259 non
570 3213 720 3271 sunt,
751 3205 862 3260 noli
895 3208 1109 3275 penitus
1138 3205 1332 3259 audire
1355 3205 1439 3259 vel
1466 3205 1728 3268 credere;
1761 3220 1896 3274 qtto-

2007 3229 2111 3276 lum
2141 3219 2468 3288 impleturus
2494 3216 2743 3273 eitattdiat
2772 3231 2786 3280 ;
2815 3224 2867 3268 et
2898 3215 3138 3269 alumna:
3171 3210 3501 3279 precationis
3533 3209 3615 3265 ef-

291 3297 436 3351 uiam
471 3312 606 3366 quos
635 3297 888 3366 decipere
910 3299 1090 3353 carnis
1122 3299 1266 3352 vitiis
1289 3298 1539 3353 diabolus
1563 3314 1668 3352 non
1695 3307 1890 3367 potest,

293 3390 384 3444 tali
419 3390 600 3445 studio
623 3399 677 3444 et
698 3391 946 3446 vanitate
970 3392 1286 3460 supplantat
1311 3409 1323 3457 ;
1349 3393 1687 3462 occulta-que
1709 3393 1890 3448 scien-

292 3481 382 3537 tia:
414 3483 648 3538 arbitros
678 3490 944 3549 statuens,
995 3484 1228 3554 lapidem
1267 3485 1369 3540 sub
1420 3485 1598 3556 lapide
1630 3487 1778 3556 cogit
1808 3487 1887 3539 in-

288 3577 529 3647 quirere,
556 3587 615 3632 ut
639 3577 917 3634 inveniant
939 3586 1270 3649 serpentem.
1302 3579 1448 3650 Ergo
1469 3580 1704 3634 sufﬁciat
1730 3596 1894 3636 cano-

288 3669 425 3724 nicis
459 3669 727 3725 inliterere
765 3671 1031 3726 doctrinis
1079 3679 1134 3726 et
1181 3670 1486 3726 divinarum
1543 3672 1889 3728 historiarum

289 3761 535 3816 notitiam
571 3763 931 3833 perquirenti,
977 3777 1042 3819 ea
1093 3773 1299 3817 tantum
1333 3780 1436 3818 non
1473 3765 1723 3830 ignorare
1767 3782 1891 3836 qum

289 3854 497 3921 scripta
528 3864 674 3915 sunt.
702 3871 1021 3926 summaque
1054 3857 1339 3926 diligentia
1367 3857 1644 3911 conditum
1675 3859 1890 3915 assidue

288 3948 566 4003 recordari
583 3948 862 4004 Christum
894 3950 1178 4006 Dominum
1204 3952 1545 4019 crucifixum,
1571 3963 1890 4009 venturum-

288 4084 459 4141 editio
489 4084 709 4158 a_Patre
735 4088 892 4158 simul
916 4104 977 4140 ac
1009 4106 1019 4140 :
1053 4104 1175 4142 nam
1208 4089 1258 4141 in
1293 4089 1508 4158 vulgata
1543 4092 1780 4147 lectione
1813 4093 1896 4148 ha)

287 4171 451 4211 voces
471 4173 503 4210 a
524 4156 685 4212 Patre
709 4175 769 4211 ac
794 4157 955 4222 Filio,
979 4159 1043 4211 ad
1069 4161 1289 4214 verbum
1312 4156 1407 4224 est,
1431 4162 1621 4217 referri
1647 4179 1898 4219 necessa-

287 4228 372 4282 rio
401 4228 601 4310 debent
630 4229 744 4310 :‘in
797 4229 1215 4299 Vindociueusi,
1248 4233 1315 4287 ad
1345 4247 1534 4287 vocem
1575 4236 1732 4306 alius,
1777 4253 1896 4305 qua:

287 4305 554 4364 sequitur,
589 4305 918 4357 referuntur.

371 4379 395 4405 ⁸
437 4371 512 4423 Ita
547 4372 688 4424 hunc
734 4373 908 4428 locum
941 4373 1161 4428 exhibet
1193 4373 1362 4428 codex
1411 4375 1574 4428 Vind.
1607 4376 1806 4430 Altiora
1850 4388 1897 4432 te

291 4455 356 4492 ne
375 4441 638 4522 qttresiert's
665 4451 717 4522 et
763 4446 1008 4522 inferiora
1039 4455 1088 4497 te
1136 4462 1217 4511 ne,
1261 4445 1573 4522 ete._Supra
1603 4462 1669 4500 ex
1701 4453 1894 4503 eodem

286 4512 476 4567 codice
521 4512 841 4583 scripsimus
885 4512 1537 4589 ﬁdem...;t_confessionem
1567 4535 1688 4573 t-ttnt
1735 4531 1892 4576 antea

1997 3311 2144 3368 fectu
2201 3310 2460 3366 conferre
2512 3324 2618 3364 non
2668 3308 2902 3371 abnuat,
2950 3320 3070 3375 qttrc
3118 3302 3374 3374 pra-stitit
3423 3303 3604 3366 velle;

1995 3414 2414 3475 reptantemque
2448 3404 2591 3457 inter
2640 3411 2909 3472 praecepta
2958 3415 3052 3453 sua
3102 3399 3284 3468 parvis
3329 3396 3608 3467 gressibus

1995 3497 2258 3551 famulum
2288 3495 2536 3566 placidus
2574 3503 2789 3549 tueatur
2834 3503 2889 3548 et
2920 3491 3148 3561 dirigit,
3195 3488 3519 3544 Trinitatem
3552 3485 3606 3542 itt

1998 3591 2248 3660 personis
2279 3603 2342 3644 ac
2375 3588 2716 3650 nominibus,
2755 3588 2920 3641 Deum
2949 3585 3002 3640 in
3037 3585 3321 3653 majestate
3349 3599 3412 3637 ac
3439 3581 3606 3636 subs-

1996 3683 2163 3738 tantia
2193 3683 2544 3738 conﬁtentem
2571 3698 2586 3746 ;
2617 3691 2908 3749 utrumque
2941 3691 3115 3733 tamen
3150 3694 3262 3732 sua:
3303 3677 3611 3732 miseratio-

1993 3776 2076 3830 nis
2125 3775 2406 3830 beneﬁciis
2452 3776 2740 3839 relaturus,
2793 3775 2837 3825 si
2888 3779 2943 3825 et
2993 3769 3223 3824 vivendo
3269 3768 3604 3821 voluntatem

1992 3869 2162 3937 ipsius
2213 3869 2496 3936 impleam,
2539 3876 2594 3921 et
2641 3873 2912 3920 servatam
2969 3875 3179 3930 tatrttm
3214 3859 3606 3915 traditionibus

1992 3961 2174 4025 ﬁdem,
2211 3961 2408 4016 futurae
2435 3960 2857 4016 resurrectionis
2880 3955 3091 4028 gaudiis
3109 3964 3527 4026 repraesentem.

2005 4098 2273 4167 legeretur
2303 4100 2473 4167 ﬁde...
2502 4099 2839 4169 confessione.

2075 4171 2102 4208 ι’
2140 4170 2214 4226 Ita
2265 4165 2428 4225 cdt-re
2461 4165 2765 4234 tttaltt'itnus,
2801 4183 2960 4237 quam
3007 4182 3096 4238 qut
3119 4165 3156 4220 d
3188 4175 3307 4221 erat
3347 4165 3400 4220 in
3433 4165 3603 4235 priori

2003 4241 2240 4295 editione
2263 4244 2306 4295 si
2340 4245 2472 4294 inter
2497 4241 2690 4294 obvias.

2078 4324 2098 4348 θ
2145 4316 2234 4368 Sic
2267 4325 2492 4378 Illel'flllt'.
2541 4313 2710 4365 codex
2761 4310 2981 4364 Lcutov.
3032 4321 3083 4362 et
3127 4307 3317 4374 Vitttl.;
3361 4309 3413 4361 in
3442 4306 3603 4361 editis

2003 4385 2259 4454 perspicui
2303 4383 2660 4436 intellectibtts.
2702 4383 2812 4454 Sub
2843 4385 3002 4435 linem
3034 4380 3125 4434 ubi
3156 4380 3381 4434 alumna:
3418 4393 3602 4451 prem-

2003 4450 2157 4508 tt'onis
2184 4453 2388 4521 e/fecttt,
2422 4455 2698 4524 legebatur
2727 4450 2958 4519 effectus.

291 4629 3544 4652 ————_—_——__—_—___—____—__——___—

1453 4737 1804 4821 LIBER
1881 4737 2428 4820 TERTIUS.

886 4988 1280 5045 PREFATIO.

355 5083 598 5137 Tertiqu
631 5083 774 5137 hunc
797 5082 908 5152 jam
948 5083 1282 5136 instruentes
1325 5082 1564 5138 libellum
1597 5097 1890 5138 conversa-

283 5174 446 5230 tionis
466 5173 751 5229 catltolica:
774 5171 1005 5227 formam
1037 5173 1350 5244 loquemur,
1375 5189 1476 5244 qua
1505 5175 1699 5229 instrui
1726 5175 1884 5241 alios,

285 5284 391 5322 non
423 5283 525 5337 qua
554 5265 656 5336 ipsi
704 5265 936 5321 velimus
963 5264 1145 5320 efferri
1177 5285 1189 5322 :
1237 5267 1355 5322 haec
1383 5267 1660 5336 dispositis
1690 5266 1884 5321 obser-

287 5361 482 5415 vantiae
532 5357 792 5428 gradibus
845 5358 972 5427 quid
1023 5357 1164 5412 efﬁci
1213 5359 1281 5412 ab
1315 5359 1535 5413 homine
1579 5359 1749 5426 possit
1789 5368 1881 5412 aut

285 5453 480 5518 soleat,
525 5451 723 5506 divinis
768 5459 828 5505 ut
875 5449 1074 5506 exinde
1125 5451 1412 5505 sententiis
1460 5451 1878 5517 demonstrabit,

284 5547 498 5616 exiguis
548 5561 612 5600 ac
658 5543 1026 5600 mediocribus
1075 5558 1290 5597 summa
1321 5545 1398 5598 sic
1437 5551 1772 5613 temperans,
1828 5554 1884 5596 ut

283 5653 625 5709 nequaquam
659 5637 1036 5694 humilioribus
1069 5637 1312 5708 deroget,
1353 5637 1495 5709 quod
1521 5639 1592 5693 sit
1621 5639 1883 5693 collatura

359 5776 379 5795 ⁸
428 5774 485 5830 In
537 5775 696 5830 codd.
736 5776 896 5831 Vind.
948 5784 1007 5831 et
1062 5775 1243 5839 Lem.,
1298 5777 1593 5829 aestimaret.
1628 5773 1766 5829 Infra
1816 5789 1884 5828 ex

288 5846 477 5906 iisdem
498 5848 822 5918 scripsimus
847 5848 1023 5903 dirina
1052 5848 1412 5919 promissione,
1446 5847 1540 5904 ubi
1562 5854 1681 5904 erat
1711 5846 1887 5901 divina

1915 4995 1970 5055 1)
1998 4989 2330 5058 potioribus;
2362 4987 2457 5044 scd
2486 4996 2544 5042 ut
2574 4987 2704 5042 illud
2735 4986 2984 5056 Apostoli
3010 5003 3022 5038 :
3052 4985 3281 5056 Quisque
3309 4985 3406 5040 sibi
3435 4986 3607 5040 vindi-

2003 5099 2127 5136 cans
2157 5082 2315 5149 ﬁdem
2339 5097 2491 5149 penes
2512 5097 2567 5133 se
2609 5081 2811 5144 habeat,
2867 5095 2962 5132 nec
2982 5078 3234 5149 judicans
3298 5094 3607 5148 quemquam

1991 5176 2045 5229 in
2076 5173 2300 5228 Domino
2328 5175 2581 5247 glorietur
2609 5171 2798 5241 (Rom.
2834 5187 2921 5225 xrv
2947 5215 2962 5239 ,
2995 5171 3098 5240 22)
3128 5189 3138 5224 :
3170 5170 3387 5225 cautius
3416 5171 3604 5237 utique

1989 5278 2308 5320 set-raturas
2368 5267 2419 5319 itt
2477 5265 2736 5335 prOpriis,
2785 5264 2928 5334 quod
2981 5264 3032 5317 itt
3085 5263 3287 5317 alienis
3319 5272 3342 5296 ἰ
3383 5259 3604 5328 gravius

1991 5362 2301 5413 testimarit.
2340 5359 2472 5413 lluic
2506 5359 2668 5429 igitur
2688 5360 2839 5428 operi
2871 5357 3149 5428 paulisper
3179 5355 3416 5409 studium
3446 5370 3600 5409 com-

1993 5454 2296 5517 modatttes,
2329 5453 2517 5506 solitas
2545 5451 2926 5508 exercebimus
2953 5452 3054 5505 sub
3085 5463 3320 5517 congrua
3353 5449 3605 5518 disputa-

1993 5547 2140 5601 tione
2167 5561 2429 5616 personas
2457 5561 2473 5609 ;
2507 5554 2670 5616 atque
2699 5543 3004 5600 institutum
3025 5559 3053 5596 a
3079 5542 3296 5612 cognito
3319 5543 3601 5600 eruditore

1992 5637 2320 5708 discipulum
2344 5636 2526 5692 arduae
2550 5636 2900 5706 professionis
2927 5634 3132 5689 honore
3156 5633 3572 5704 provocabimns

1994 5775 2284 5845 provisione
2306 5791 2324 5840 ;
2345 5782 2397 5829 et
2427 5773 2528 5846 sub
2551 5773 2712 5829 ﬁnem
2737 5772 2862 5843 quid
2884 5770 3093 5841 audere,
3117 5785 3238 5827 cum
3262 5779 3419 5830 antea
3444 5772 3597 5846 lege-

1995 5857 2146 5902 retur
2175 5847 2300 5917 qttid
2329 5845 2536 5900 audire.
