4074 6204
498 295 636 351 ΗΠ

1771 291 1808 344 Ζ
1829 283 2086 343 ιοιιιιΑιι
2123 277 2516 342 CHRISTIANI

3640 282 3786 342 μη

495 427 699 466 morem
734 410 1080 466 d’strictioris
1109 409 1330 481 aggredi
1359 405 1682 482 disciplina‘,
1723 406 2092 478 subjectisqne
2120 405 2172 466 Α
2197 401 2494 475 spiritalem
2519 401 2912 474 indulgentiam
2945 401 3240 459 Salubriter
3261 403 3482 470 suades,
3508 403 3625 458 hac
3644 401 3801 458 deal-

489 504 701 560 actibus
730 504 1092 574 probabilium
1127 502 1516 558 monachorum
1544 503 1872 558 mentionem
1899 501 2092 558 futura:

489 596 983 651 consummationis
1008 596 1262 650 inducere
1286 615 1296 649 :
1327 597 1412 650 cui
1435 596 1548 650 haec
1571 594 1818 650 breviter
1843 611 2092 664 perscru-

491 687 625 741 tanti
669 703 788 757 quas
821 689 888 741 sit
935 687 1003 742 de
1040 687 1377 741 Anticltristo
1403 687 1714 742 absolvetur
1746 686 2087 753 obscuritas;

488 791 545 836 ut
576 781 660 835 ltis
682 782 964 852 speciatim
993 782 1242 836 decursis
1275 780 1464 835 ultima
1507 781 1925 836 resurrectionis
1959 779 2093 834 fides

491 883 694 946 pateat,
727 892 848 942 qum
883 876 1007 930 licet
1033 874 1230 928 dudum
1254 875 1395 929 bene
1423 873 1628 929 credita
1653 882 1816 944 atque
1843 880 2093 942 suscepta

488 969 582 1033 sit,
616 967 799 1023 verbis
851 979 1028 1022 tamen
1077 967 1415 1039 simplicibus
1447 968 1690 1022 intimala
1738 967 1916 1022 divina
1968 981 2094 1038 pro-

493 1063 754 1118 missione
787 1062 1112 1118 firmabitnr.

567 1155 780 1210 Primus
813 1156 1017 1226 itaque,
1053 1164 1112 1210 ut
1164 1155 1214 1209 in
1261 1155 1502 1220 ctetcris,
1551 1154 1873 1223 Apollonius
1913 1153 2095 1209 dilata:

493 1247 808 1301 collationis
838 1249 1010 1317 spatia
1043 1247 1336 1314 relaturus,
1383 1246 1527 1300 velut
1560 1247 2092 1315 comperendinatam

461 1323 464 1326 ’
490 1348 701 1408 repetet
721 1337 948 1392 subnixa
977 1338 1301 1393 auctoritate
1321 1337 1402 1393 vel
1428 1337 1744 1392 affabilitate
1767 1337 2093 1406 doctrinam,

496 1433 813 1502 utpt‘a‘dicli
839 1435 1050 1488 ordinis
1080 1434 1320 1489 membra
1355 1433 1689 1503 perlustrans
1714 1433 2098 1500 servirejnstl—

495 1525 585 1579 tia:
627 1526 826 1581 arctius
875 1527 1076 1594 cupiat,
1126 1529 1338 1595 :evique
1390 1525 1605 1581 residua
1656 1523 1767 1577 Deo
1804 1523 2095 1593 deputans,

500 1620 637 1671 mori
671 1635 882 1688 quoque
916 1635 1012 1687 pro
1044 1619 1161 1688 ejus
1193 1618 1412 1672 nomine
1446 1633 1552 1671 non
1596 1625 1832 1683 recuset,
1883 1631 2004 1670 Cum
2038 1617 2101 1670 li-

499 1710 655 1764 brato
689 1711 742 1766 in
774 1711 1004 1781 singulis
1032 1719 1220 1765 tenore
1252 1719 1546 1780 cognoscat
1582 1710 1709 1780 quid
1751 1709 1888 1764 velle
1921 1708 2098 1762 hami-

2196 515 2302 572 qne
2329 515 2398 556 ex
2427 499 2720 568 Scripturis
2753 498 2927 554 edicta
2969 498 3286 565 constituas,
3318 514 3438 569 qua:
3481 513 3606 554 cum
3639 497 3799 552 fidem

2196 601 2436 659 teneant,
2466 592 2494 631 ιι
2522 593 2736 647 virtutis
2767 607 2987 661 operum
3011 599 3065 646 et
3083 592 3311 662 gratiam
3344 607 3450 646 nou
3489 590 3768 645 omittam.

2267 683 2581 740 ΖΑεοιιΑευς.
2614 715 2685 725 -
2709 684 2927 739 Memini
2957 683 3156 738 dudum
3187 684 3531 738 collationem
3557 691 3804 737 nostram

2196 779 2302 836 diei
2329 779 2436 835 line
2463 794 2805 846 suspensam,
2835 786 2888 833 et
2915 778 3386 834 subcrescentibus
3413 777 3805 848 interrogatio-

2199 887 2323 925 num
2357 869 2540 926 causis
2565 878 2779 940 tempus
2810 870 2982 940 magis
3031 885 3191 939 quam
3223 869 3396 923 studia
3427 867 3666 922 defuisse
3695 883 3712 933 ;
3738 867 3808 924 ob

2196 979 2316 1036 qua:
2346 977 2489 1018 nunc
2517 979 2579 1018 ea
2609 962 2926 1018 conditione
2961 962 3057 1018 tibi
3097 963 3363 1026 cedimus,
3394 968 3500 1014 uta
3532 961 3691 1016 nobis
3719 961 3809 1016 vi-

2196 1055 2354 1110 vendi
2384 1054 2612 1110 formam
2637 1057 2949 1122 requirens,
2983 1061 3386 1124 campetentem
3408 1055 3655 1109 scientia
3676 1068 3807 1124 gra-

2195 1148 2346 1214 dum,
2381 1163 2485 1201 non
2515 1148 2656 1217 quod
2679 1147 2979 1217 gloriemur
3005 1161 3071 1202 ex
3100 1145 3283 1214 nobis,
3311 1147 3405 1201 sed
3433 1147 3575 1216 quod
3602 1160 3666 1200 ex
3694 1145 3811 1200 Deo

2199 1243 2465 1311 prodesse
2495 1242 2623 1296 aliis
2653 1243 2909 1310 velimus,
2940 1241 3214 1311 accipias:
3250 1241 3302 1294 in
3335 1255 3443 1310 quo
3485 1248 3657 1294 tamen
3698 1255 3808 1295 non

2197 1336 2429 1392 absurda
2462 1336 2806 1405 praemunitio
2833 1342 2915 1388 est
2945 1334 3073 1388 tutis
3097 1331 3413 1403 primordiis
3438 1334 3651 1387 munire
3679 1347 3812 1400 pro—

2200 1432 2392 1500 posita,
2449 1437 2505 1483 et
2550 1427 2899 1482 manentibus
2959 1428 3011 1481 in
3069 1426 3456 1483 observatione
3514 1424 3810 1481 desideriis

2199 1537 2486 1577 ascensum
2540 1537 2759 1590 semper
2818 1519 3089 1591 potiorum
3149 1519 3353 1574 moliri.
3405 1519 3499 1573 Ait
3549 1519 3694 1572 enim
3754 1518 3808 1572 in

2201 1615 2503 1687 Evangelia
2551 1615 2815 1670 Dominus
2864 1631 2877 1667 :
2929 1612 3127 1680 Nemo,
3184 1613 3401 1683 inquit,
3453 1612 3809 1681 aediﬁcaturus

2202 1718 2416 1774 turrem,
2457 1727 2558 1764 non
2603 1712 2746 1782 prius
2782 1725 2949 1762 secum
2995 1709 3240 1780 cogitavit
3282 1716 3327 1762 et
3356 1716 3638 1776 sumptum;
3666 1705 3809 1772 (Luc

497 1817 643 1862 nem.
694 1802 818 1873 quid
869 1803 1070 1858 audere
1115 1803 1441 1858 conveniat:
1475 1803 1599 1872 quia
1647 1813 1699 1856 et
1751 1801 1855 1857 soli
1887 1799 2096 1857 fiduciae
2135 1795 2174 1854 Β
2201 1805 2454 1874 x1v,28).
2482 1804 2880 1872 Neiuterrupto
2903 1818 3071 1873 opere
3094 1803 3366 1858 incautius
3391 1809 3567 1870 empta
3590 1799 3808 1855 ridean-

495 1896 679 1948 0tnnia
715 1893 943 1950 credere
974 1910 1164 1964 parum
1209 1894 1420 1949 firmum
1463 1903 1570 1960 est,
1617 1905 1670 1949 et
1701 1893 1996 1948 infirmitati
2041 1893 2093 1948 in

497 1985 752 2040 omnibus
782 1986 975 2057 subjici
1011 1985 1140 2039 nihil
1174 1985 1457 2039 merentis.

1134 2078 1362 2134 CAPUT
1400 2079 1440 2134 Ι.

861 2171 990 2238 Qua:
1016 2181 1311 2243 Opportuna
1332 2171 1532 2224 vivendi
1556 2174 1744 2240 forma.

566 2264 930 2318 ApaLLomus.
960 2293 1030 2304 —
1062 2265 1118 2317 Si
1151 2264 1314 2333 digne
1345 2273 1719 2330 comparatum
1765 2271 1868 2329 est,
1901 2277 1935 2316 ο
1965 2262 2099 2318 Zac-

493 2351 668 2419 chme,
700 2363 756 2408 ut
783 2354 838 2407 id
871 2353 1014 2424 quod
1048 2355 1099 2408 in
1128 2355 1292 2408 mulis
1317 2354 1640 2408 animalibus
1661 2369 1808 2425 smpe
1829 2356 2099 2424 comperi-

495 2458 640 2511 mus,
670 2446 832 2500 etiam
863 2447 914 2499 in
940 2445 1296 2516 quorumdam
1327 2443 1606 2500 hominum
1631 2447 1880 2502 sensibus
1908 2461 2099 2502 eerne-

495 2553 716 2604 remus;
750 2537 995 2609 profecto
1023 2541 1078 2592 in
1112 2554 1197 2593 me
1231 2539 1331 2594 hoc
1363 2539 1674 2609 specialiter
1703 2541 1925 2597 veniens
1969 2541 2097 2598 dicti

490 2632 694 2689 veteris
742 2633 1069 2688 sententiam
1100 2634 1474 2703 comprobavit
1504 2652 1515 2687 :
1567 2651 1689 2688 nam
1732 2635 1870 2690 sicut
1900 2644 2098 2692 caetera

491 2729 749 2784 animalia
779 2727 848 2782 ad
875 2744 938 2782 ea
968 2743 1183 2798 semper
1213 2728 1328 2782 loca
1350 2728 1440 2783 ubi
1470 2727 1760 2799 aliquando
1783 2730 1922 2784 bene
1949 2740 2096 2799 pasta

493 2832 616 2877 sunt
643 2831 1018 2891 revertuntur,
1051 2836 1151 2876 nec
1176 2821 1502 2891 largioribus
1527 2821 1706 2876 illecta
1732 2822 1942 2890 pabulis
1960 2822 2099 2876 obli-

493 2914 625 2970 visci
669 2925 894 2985 possnnt
925 2914 1069 2987 quod
1111 2913 1298 2984 jejuna
1333 2915 1705 2983 perceperint:
1737 2915 1815 2968 sic
1848 2928 1946 2969 nos
1979 2917 2100 2984 post

492 3007 672 3072 verbi,
721 3015 778 3061 ut
822 3021 966 3062 nunc
998 3006 1262 3076 intelligo,
1301 3005 1496 3059 famem
1535 3003 1794 3077 sitimque
1839 3006 2098 3061 doctrina:

493 3100 760 3171 colloquia
793 3109 882 3154 tua
931 3099 1073 3154 avidi
1107 3100 1359 3169 petimus,
1392 3101 1737 3170 expertisque
1779 3101 2098 3156 tractatibus

2202 1908 2310 1962 tur,
2341 1907 2394 1953 et
2415 1897 2650 1953 sintodii
2677 1912 2801 1967 qua:
2829 1895 3042 1951 fuerant
3065 1897 3218 1966 prius
3239 1895 3368 1950 voti.
3399 1905 3420 1933 ε
3451 1894 3596 1949 Talis
3619 1907 3808 1964 aggre-

2199 1992 2522 2048 diendorum
2571 1991 2808 2046 hostium
2842 2005 3027 2055 causa,
3079 2003 3424 2060 praenoscere
3473 1997 3807 2057 pugnaturos

2204 2089 2453 2160 proprias
2500 2088 2660 2143 docet
2709 2087 2876 2153 vires,
2910 2099 3290 2156 perpensaque
3317 2082 3537 2137 adversi
3580 2081 3804 2148 agminis

2203 2182 2446 2250 pondere
2476 2181 2560 2235 vel
2590 2181 2773 2237 foedos
2801 2180 2940 2234 inire
2969 2178 3054 2234 vel
3094 2177 3370 2248 praelium,
3405 2191 3473 2231 ne
3499 2191 3617 2230 sera
3648 2174 3803 2228 intir—

2202 2273 2405 2326 mitatis
2436 2273 2661 2342 querela
2692 2271 2823 2326 dare
2855 2273 3169 2325 insecutura
3200 2279 3347 2340 terga
3388 2265 3696 2336 compellat,
3749 2274 3804 2322 et

2205 2373 2325 2436 post
2345 2365 2467 2418 facti
2487 2363 2783 2434 praecipitis
2808 2363 3185 2432 [tmttitentiant
3214 2363 3331 2416 loco
3353 2359 3516 2415 motls
3539 2366 3633 2413 aut
3654 2358 3803 2428 lugu-

2204 2458 2316 2513 bris
2342 2457 2586 2512 condilio
2618 2458 2880 2511 subeatur
2905 2465 3001 2510 aut
3023 2457 3219 2525 turpis.

2275 2550 2460 2618 Itaque
2501 2549 2670 2618 prima
2715 2563 2778 2602 ac
2827 2549 2945 2602 sine
2979 2547 3295 2602 discrimine
3345 2547 3431 2601 via
3476 2554 3581 2612 est,
3634 2545 3799 2600 Deum

2203 2643 2431 2698 firmiter
2483 2643 2729 2709 credere,
2765 2651 2820 2697 et
2849 2657 2970 2697 cum
3025 2642 3165 2698 bene
3193 2641 3512 2705 credideris,
3564 2622 3798 2709 plus-vti:

2203 2751 2389 2800 mere;
2423 2745 2536 2790 toto
2569 2735 2808 2805 insuper,
2846 2745 2904 2790 nt
2933 2750 3077 2807 saipe
3101 2735 3212 2803 jam
3251 2734 3515 2798 diximus,
3544 2732 3802 2787 formida-

2203 2835 2312 2881 tum
2343 2827 2509 2882 eerde
2532 2827 2796 2896 diligere:
2831 2841 2938 2890 non
2968 2827 3089 2898 quia
3123 2825 3260 2881 idem
3295 2826 3431 2879 bene
3457 2840 3520 2879 ac
3549 2825 3692 2878 male
3723 2823 3802 2878 fa-

2201 2934 2326 2975 cere
2355 2927 2546 2990 potens
2583 2926 2688 2982 est,
2734 2919 2827 2974 sed
2873 2921 2996 2988 quia
3031 2919 3199 2988 magis
3233 2927 3488 2985 pra-stare
3511 2917 3652 2972 bona
3683 2931 3801 2970 ma-

2201 3011 2336 3073 vult,
2369 3020 2423 3066 et
2465 3027 2758 3081 numquam
2798 3027 2893 3080 pro
2936 3024 3077 3064 noxa
3125 3019 3182 3063 ut
3236 3025 3534 3068 meremur.
3588 3008 3795 3063 ulcisci.

2200 3105 2550 3176 Consequens
2581 3105 2780 3161 bonum
2839 3114 2922 3159 est
2969 3107 3094 3158 vitae
3150 3104 3418 3174 simplicis
3465 3104 3696 3173 puritas,
3745 3113 3799 3158 et

493 3195 824 3250 ﬁducialitcr
849 3194 1181 3249 iuhzeremus
1206 3210 1219 3260 ;
1249 3211 1276 3248 a
1299 3209 1410 3264 quo
1431 3195 1634 3249 scilicet
1663 3195 1902 3250 cmlestis
1924 3197 2096 3250 scien-
2121 3185 2164 3244 (ἶ
2199 3200 2378 3255 exosis
2429 3200 2756 3254 facinoribus
2809 3199 2859 3253 iit
2916 3198 3194 3268 proximos
3221 3197 3459 3252 studium
3491 3198 3792 3252 cbaritatis.

491 3290 578 3343 tia:
595 3289 768 3354 cibos,
796 3297 848 3342 et
874 3290 1102 3342 ltaustus
1132 3288 1503 3342 iutellectuum
1535 3291 1861 3355 sumpsimus
1882 3289 2093 3344 divino-

497 3396 639 3434 rum.
678 3380 819 3434 Ecce
849 3380 994 3434 enim
1028 3379 1118 3433 vix
1142 3379 1318 3433 adhuc
1347 3381 1514 3433 vastis
1543 3379 1860 3450 gentilitatis
1888 3383 2092 3436 errari-

496 3470 594 3524 bus
616 3471 792 3538 liberi,
821 3471 982 3525 modo
1007 3469 1199 3526 infusa-3
1223 3470 1659 3541 regenerationis
1679 3472 1968 3528 novitatem
1983 3474 2092 3543 spi-

502 3573 712 3628 rantes,
745 3571 768 3597 ο
801 3563 1165 3638 integritatem
1201 3561 1324 3616 fidei
1351 3573 1400 3616 te
1427 3563 1799 3634 tradentejam
1822 3564 2092 3631 novimus,

494 3662 656 3722 atque
689 3653 937 3708 universa
973 3654 1354 3709 ha-reticorum
1389 3657 1630 3709 membra
1662 3665 1953 3725 carpentes
1977 3674 2096 3711 mu-

496 3762 595 3802 nus
626 3746 908 3802 catholica:
932 3747 1295 3802 confessionis
1325 3748 1722 3818 amplectimur,
1755 3759 1811 3804 et
1838 3749 1950 3805 Deo
1979 3766 2097 3805 anc-

493 3847 611 3894 tore
645 3839 874 3894 fidentes
896 3850 1188 3896 exstructa:
1213 3855 1380 3910 super
1408 3850 1614 3910 petram
1645 3824 1839 3897 domus
1864 3844 2091 3911 tegmina

493 3935 872 4004 possidemus;
905 3935 947 3990 si
972 3935 1112 3989 idem
1164 3937 1427 3990 bonorum
1475 3937 1713 3990 omnium
1761 3939 1983 4007 largitor
2012 3937 2102 4006 in-_

493 4028 730 4097 dn'geat,
766 4039 999 4083 terrena:
1027 4031 1459 4093 convers::ttionis
1492 4042 1668 4085 actum
1700 4039 1755 4086 et
1795 4047 1967 4086 caecas
1990 4048 2093 4087 sat:—

491 4123 597 4175 cnli
632 4121 896 4174 vanitates
943 4121 1011 4176 ab
1051 4122 1376 4190 evangelicae
1425 4126 1590 4178 terris
1632 4125 1852 4194 specula
1906 4127 2092 4180 visuri.

493 4211 600 4266 Sed
647 4214 940 4283 quamlibet
984 4225 1288 4270 creatorem
1325 4219 1628 4287 proprium,
1677 4226 1737 4272 ut
1779 4227 1884 4284 est,
1935 4234 2098 4274 nosse

493 4304 691 4360 bonum
721 4307 952 4378 primum
984 4308 1077 4376 sit,
1107 4321 1269 4380 atque
1300 4312 1352 4365 in
1399 4310 1522 4364 ﬁdei
1567 4311 1917 4383 susceptione
1947 4328 2094 4368 verae

491 4398 680 4449 salutis
707 4407 858 4452 certa
905 4399 1255 4466 fundamina;
1294 4403 1396 4454 alia
1447 4410 1627 4457 tamen
1667 4405 1935 4460 ordinatio
1979 4421 2097 4461 cre-

491 4485 757 4556 dulitatis,
791 4489 894 4543 alia
924 4489 1046 4543 vita:
1079 4498 1162 4544 est
1189 4508 1202 4545 :
1235 4499 1290 4544 et
1333 4493 1593 4559 spiritalis
1622 4493 1833 4548 zedificii
1865 4497 2095 4551 solidam

2196 3295 2285 3348 Sic
2309 3295 2449 3348 cnim
2480 3294 2738 3363 scriptum
2771 3303 2855 3348 est
2883 3311 2894 3348 :
2926 3293 3124 3365 Diliges
3154 3292 3436 3346 Dominum
3469 3292 3631 3344 Deum
3655 3303 3797 3346 Iusta

2197 3403 2259 3440 ex
2288 3396 2393 3440 toto
2420 3387 2576 3440 corde
2608 3395 2717 3452 tuo,
2751 3396 2797 3439 et
2824 3403 2886 3440 ccc
2911 3395 3015 3440 tota
3043 3386 3216 3439 animo
3246 3395 3354 3451 tua,
3388 3395 3434 3438 et
3462 3396 3528 3438 ea
3556 3384 3676 3437 totis
3702 3386 3800 3438 ris-

2197 3481 2396 3534 ccribus
2418 3481 2519 3534 tuis
2547 3479 2765 3548 (Matth.
2796 3496 2926 3544 xxii,
2957 3478 3049 3549 57)
3069 3495 3083 3543 ;
3106 3479 3466 3550 etproatimum
3499 3486 3800 3530 tuumtuu-

2193 3591 2348 3645 qttam
2381 3584 2426 3628 le
2453 3573 2645 3645 (fbid.,
2681 3574 2807 3642 39).
2838 3573 2957 3641 Quo
2988 3574 3041 3627 in
3074 3574 3194 3627 loco
3237 3587 3345 3626 non
3376 3571 3442 3626 de
3473 3570 3799 3639 propinqui.

2199 3675 2305 3719 tate
2335 3666 2447 3719 sola
2505 3665 2562 3716 lit
2612 3665 2838 3733 mentio,
2873 3663 2968 3718 sed
2995 3665 3116 3731 jure
3144 3663 3424 3733 proximus
3453 3661 3669 3726 dicitur,
3705 3661 3799 3729 qui

2200 3758 2358 3812 malis
2390 3758 2619 3811 obrtttus
2649 3757 2922 3826 pl'OSpt'fis‘
2972 3755 3280 3824 adjuvetur,
3311 3763 3365 3809 et
3415 3754 3666 3822 adoptiva
3698 3753 3802 3806 mi-

2197 3851 2472 3906 seratione
2501 3849 2774 3916 confotus,
2803 3851 2944 3917 quod
2977 3849 3299 3918 cognatione
3325 3848 3544 3919 generis
3573 3860 3674 3901 non
3705 3847 3801 3899 ha—

2199 3943 2308 4010 bet,
2341 3942 2634 4012 gratiarum
2668 3942 2731 3996 ad
2767 3943 2939 3998 Deum
2970 3941 2997 3978 ά
3027 3939 3198 3996 reddit
3225 3940 3447 3995 ati'ectu.
3479 3939 3632 3994 Unde
3660 3939 3799 3993 illud

2197 4035 2507 4091 Salomonis
2530 4044 2614 4090 est
2647 4053 2660 4090 :
2691 4034 2954 4090 Couclttdc
2981 4034 3362 4105 eleemosynam
3399 4034 3451 4094 in
3482 4034 3640 4087 corde
3666 4050 3799 4106 pau-

2197 4129 2352 4197 peris,
2397 4140 2444 4183 et
2476 4130 2590 4199 ipsa
2621 4145 2715 4197 pro
2746 4139 2794 4182 te
2811 4127 3045 4182 exorabit
3095 4128 3157 4181 ab
3207 4128 3346 4181 omni
3399 4125 3541 4182 man
3584 4125 3792 4196 (Eccli.

2199 4221 2427 4285 θωπιΛὸ
2455 4223 2491 4291 ).
2526 4221 2590 4275 Ει
2632 4221 2862 4275 iterum:
2899 4223 2997 4287 Qui
3063 4221 3306 4292 pauperis
3359 4221 3653 4284 miseretur,
3687 4218 3795 4273 Dea

2201 4314 2464 4382 feneratur
2493 4314 2510 4383 (
2539 4312 2693 4368 Prov.
2726 4330 2841 4379 XIX,
2877 4315 2989 4383 i7).
3024 4313 3189 4366 David
3241 4311 3492 4366 similiter
3540 4329 3552 4363 :
3602 4311 3796 4366 Iunior

2201 4408 2278 4478 [ui
2328 4418 2373 4461 et
2425 4409 2589 4475 senui,
2641 4417 2688 4461 et
2743 4423 2843 4462 non
2886 4406 2992 4462 vidi
3034 4410 3232 4479 justum
3263 4406 3564 4460 derelictum
3596 4403 3794 4476 (Psol.

2203 4514 2381 4561 xu",
2406 4499 2500 4564 25,
2532 4499 2671 4568 iii);
2702 4515 2793 4552 nec
2821 4515 2989 4553 semen
3019 4502 3132 4571 ejus
3157 4514 3393 4570 quarens
3425 4514 3630 4565 panem.
3665 4496 3798 4549 Tota

491 4581 688 4638 malem
710 4584 924 4639 tametsi
948 4585 1178 4654 impacta
1208 4585 1567 4655 nequitiarum
1599 4587 1931 4644 torrentibus
1953 4592 2096 4647 unda
2124 4568 2178 4629 Ῑ)
2201 4591 2284 4644 die
2311 4593 2584 4645 miseretur
2611 4601 2656 4646 et
2687 4591 3000 4654 commodat,
3031 4568 3078 4645 et
3102 4568 3272 4645 semen
3293 4592 3405 4662 ejus
3457 4591 3510 4643 in
3557 4591 3797 4644 benedic-

494 4691 598 4730 non
631 4676 879 4744 subruit;
908 4677 1129 4747 justitire
1162 4686 1360 4734 tamen
1393 4680 1605 4735 metalla
1640 4697 1744 4738 non
1776 4684 2020 4754 pingunt,
2051 4685 2096 4742 si

494 4767 639 4821 nulla
662 4769 918 4823 virtutum
950 4786 1114 4839 opera
1147 4771 1526 4843 suifragentur.
1561 4773 1712 4830 Unde
1741 4777 1864 4845 quia
1895 4777 1961 4832 ab
1989 4776 2094 4831 hu-

488 4857 728 4925 jusmodi
751 4861 946 4915 studiis
976 4872 1220 4932 tempore
1246 4865 1482 4934 pridem.
1512 4883 1617 4920 non
1643 4875 1825 4922 mente
1856 4870 2095 4925 cessavi-

509 4965 655 5014 mus,
687 4961 936 5006 recentes
968 4967 1088 5024 post
1109 4961 1342 5026 quietem
1371 4973 1566 5013 sensus
1594 4958 1795 5024 dilatis,
1815 4968 1873 5014 ut
1900 4963 2094 5018 recolis

497 5042 665 5098 redde
695 5047 1046 5112 tractatibus;
1071 5061 1125 5103 et
1169 5068 1329 5121 quam
1363 5066 1462 5106 nos
1503 5053 1840 5122 potissimum
1874 5055 2088 5110 vivendi

491 5138 720 5193 formam
753 5140 888 5194 inire
920 5145 1222 5208 conveniat,
1247 5147 1528 5200 consultus
1547 5161 1810 5216 erprome
1839 5163 1852 5200 :
1888 5156 1945 5202 ut
1967 5148 2094 5202 dtnn

563 5337 590 5365 ι
631 5327 720 5382 Sic
752 5334 978 5396 uterque
1008 5324 1180 5378 codex
1213 5325 1364 5382 Lem.
1399 5337 1452 5382 et
1487 5329 1645 5384 Vind.
1687 5330 1739 5384 in
1767 5329 1928 5385 editis
1956 5331 2091 5385 inte-

491 5416 638 5473 grant
669 5399 810 5473 ﬁdei,
838 5398 1017 5473 male:
1050 5398 1185 5450 inira
1211 5398 1465 5473 attonita:
1491 5411 1584 5467 est,
1611 5403 1662 5455 in
1696 5402 1889 5458 iisdem
1920 5403 2095 5472 scrip-

496 5469 628 5536 tum,
663 5470 753 5522 ubi
784 5470 988 5523 editum
1019 5479 1132 5522 erat
1166 5469 1272 5520 alia
1298 5471 1397 5521 ritu
1420 5480 1510 5524 est.

563 5541 590 5581 δ
631 5541 719 5596 Sic
748 5541 919 5594 codex
958 5541 1105 5594 Leut.
1142 5547 1195 5592 et
1227 5539 1386 5593 Vind.
1418 5542 1621 5594 rit-tutis
1655 5559 1812 5607 opera
1835 5551 1897 5596 et.
1935 5542 2091 5598 l‘rior

493 5613 664 5668 editio
695 5614 907 5664 virtutes
938 5628 1147 5683 operum
1181 5622 1249 5665 et.
1308 5613 1446 5665 lot'ra
1483 5613 1571 5666 ubi
1622 5617 1743 5666 tutis
1795 5615 2093 5680 primordiis

492 5686 691 5758 munire
731 5682 996 5758 preposita
1023 5684 1114 5758 :__iu
1148 5682 1308 5737 editis
1339 5692 1434 5736 tut.
1469 5685 1620 5752 print.
1641 5700 1859 5758 ‘muncre
1900 5702 2092 5758 prapo-

489 5755 622 5806 site:
657 5768 762 5819 quo
794 5753 926 5806 nihil
947 5753 1180 5819 fiedius;
1213 5770 1311 5810 nec
1339 5763 1519 5811 tamen
1551 5755 1742 5811 melius
1772 5753 1908 5812 mss;
1929 5753 2082 5811 codi-

496 5836 610 5888 ces,
643 5822 748 5876 nisi
777 5822 921 5892 quod
953 5823 1110 5879 Vind.
1137 5824 1298 5883 habet
1326 5828 1608 5898 proposita.

2202 4686 2338 4741 tione
2386 4688 2503 4744 erit.
2535 4686 2637 4741 Joh
2668 4685 2930 4754 perinde:
2977 4683 3309 4749 Couserrari,
3346 4683 3539 4752 inquit,
3572 4699 3796 4753 egenum

2200 4778 2263 4829 de
2292 4794 2447 4829 manu
2495 4777 2747 4846 potentis;
2803 4786 2848 4829 et
2898 4775 3099 4845 pupillo
3142 4776 3222 4827 cui
3270 4791 3374 4828 non
3403 4784 3512 4828 erat
3552 4775 3795 4844 crtjtttor,

2199 4872 2482 4925 auxiliatur
2510 4887 2643 4924 sum.
2673 4869 2745 4925 0s
2773 4871 2938 4924 vidua:
2961 4869 3218 4924 benedixit
3265 4885 3345 4922 me
3397 4885 3620 4935 semper,
3669 4885 3793 4920 cum

2199 4981 2359 5020 essent
2410 4965 2589 5018 oculus
2637 4979 2912 5031 caecorum,
2971 4973 3018 5017 et
3049 4978 3136 5032 pes
3166 4963 3493 5026 claudorum,
3526 4974 3572 5016 et
3603 4963 3798 5016 inrati-

2200 5059 2386 5111 dorum
2418 5067 2562 5125 pater
2590 5055 2730 5126 (Job.
2760 5072 2910 5118 xm,
2946 5057 3033 5120 li,
3065 5071 3170 5110 uc.
3204 5053 3398 5125 LXX).
3429 5053 3498 5108 Et
3525 5054 3791 5108 Dominus

2206 5151 2258 5205 in
2288 5149 2578 5219 Evangelia
2600 5162 2659 5203 se
2697 5148 2749 5202 in
2791 5147 3037 5215 personis
3080 5146 3360 5206 humilium
3390 5145 3660 5202 sublevari
3687 5143 3787 5200 do-

2279 5342 2300 5370 c
2340 5330 2430 5386 Sic
2450 5330 2502 5385 in
2531 5329 2652 5384 eod.
2683 5329 2847 5386 Vind.
2883 5340 2935 5386 et
2962 5332 3112 5388 Lem.
3139 5329 3432 5386 emendate
3465 5346 3477 5383 :
3531 5330 3582 5385 itt
3617 5331 3783 5400 priori

2202 5402 2438 5458 cuinone
2471 5406 2669 5455 tales...
2699 5417 2952 5458 causas...
2993 5403 3158 5469 decet,
3189 5412 3471 5471 corrupte.

2271 5473 2296 5510 ά
2320 5475 2594 5527 Posterior
2627 5487 2729 5527 vox
2755 5489 2791 5526 e.
2809 5473 2928 5527 cod.
2960 5473 3189 5528 Letnov.
3214 5474 3501 5541 desumpta
3527 5481 3630 5538 est,
3659 5490 3783 5528 nam

2203 5556 2356 5600 antea
2415 5545 2688 5615 legebatur
2737 5542 2998 5609 affectum.
3059 5543 3202 5598 Infra
3254 5560 3317 5599 ex
3361 5544 3552 5598 eadem
3597 5545 3788 5600 codice

2203 5620 2441 5686 verbum,
2464 5614 2708 5684 prodesse
2764 5616 3114 5686 ascripsimus
3146 5626 3267 5686 post
3294 5616 3387 5670 illa
3419 5615 3788 5671 inisericordic

2204 5703 2351 5760 Opus.
2392 5685 2639 5760 ldemAin
2674 5687 2831 5740 Esaia
2864 5685 3029 5743 habet
3055 5685 3162 5742 cito
3199 5688 3519 5759 aperientur,
3568 5689 3657 5740 ubi
3714 5692 3789 5742 le-

2190 5757 2334 5827 gitur
2362 5757 2462 5811 cito
2492 5757 2738 5812 orientur.
