4074 6204
318 324 458 382 1119

1499 327 2134 390 CONSULTATIONUM
2178 334 2300 389 LIB.
2343 336 2429 393 111.

3475 345 3612 401 1110

316 442 448 508 01111,
483 440 670 497 dicens
702 457 716 495 :
764 439 925 496 Amen
957 441 1071 494 diro
1103 442 1263 507 tabis,
1302 443 1443 512 quod
1471 445 1664 513 fecistis
1719 447 1810 498 uni
1856 463 1918 501 ea:
1945 450 1996 510 Α
2028 449 2195 504 Deum
2229 462 2479 522 prompta
2515 453 2584 508 sit
2612 471 2625 520 ;
2651 456 2951 523 crebraque
2986 457 3191 526 jcjnuia
3222 469 3273 513 et
3303 458 3531 515 assidum
3565 461 3617 515 111

315 533 542 589 minimis
570 534 709 600 estis,
735 532 864 588 mihi
885 542 932 588 et
960 534 1152 605 fecistis
1183 535 1398 606 (Matth.
1430 551 1557 602 xxv,
1584 536 1712 609 40).
1739 536 1910 608 Apos-

318 626 460 681 tolus
487 639 702 697 quoque
731 643 744 680 :
779 626 882 691 Qui
910 641 1064 697 parce
1090 626 1329 692 seminat,
1363 643 1519 698 parce
1547 637 1593 681 et
1627 640 1820 694 metet;
1867 639 1916 683 et

316 720 406 786 qni
432 720 650 773 seminat
671 721 724 773 in
753 719 1126 785 benedictione,
1158 721 1222 772 de
1269 720 1624 774 benedictione
1664 730 1711 775 et
1742 730 1915 775 metet.

322 812 685 884 Unusquisque
713 822 885 866 autem
908 813 1187 866 secundum
1213 813 1352 884 quod
1383 815 1648 882 prepositit
1681 815 1734 868 in
1761 814 1917 868 corde

316 922 431 971 suo,
484 922 585 960 non
614 905 760 974 quasi
788 921 852 959 ea:
880 895 1094 961 tristitia
1123 915 1169 960 et
1198 921 1263 960 ea:
1301 907 1602 961 necessitate
1630 923 1648 973 ;
1693 907 1915 961 hilarem

317 1000 450 1055 enim
482 999 712 1054 datorem
742 999 915 1069 diligit
945 997 1082 1053 Deus
1126 998 1142 1068 (
1169 997 1208 1052 11
1241 1000 1362 1053 Cor.
1393 1013 1469 1063 lx,
1498 999 1553 1064 6,
1579 999 1658 1068 Ἰ).
1718 999 1913 1053 Totum

319 1101 498 1149 autem
529 1091 917 1149 misericordia:
945 1107 1083 1163 opus
1125 1092 1388 1163 prodesse
1417 1107 1514 1162 per
1541 1092 1757 1148 Esaiam
1789 1093 1912 1162 Spi-

318 1190 457 1244 ritus
489 1186 695 1258 pandit.
725 1185 910 1242 dicens
945 1203 957 1238 :
991 1184 1150 1241 Solve
1172 1202 1373 1240 omnem
1404 1187 1594 1240 nodum
1617 1187 1910 1258 injustitite,

315 1280 508 1336 resolve
527 1278 893 1346 sit/focationes
939 1278 1302 1350 impotentium
1347 1283 1794 1346 commerciorum,
1834 1281 1916 1334 di-

319 1374 462 1428 mitte
480 1382 748 1444 quassatos
777 1374 828 1426 in
861 1375 1111 1444 requiem,
1153 1382 1199 1428 et
1229 1390 1429 1428 omnem
1477 1375 1915 1446 consignationem

314 1465 562 1532 iniustam
609 1463 832 1534 dissipa.
883 1461 1094 1534 Frange
1137 1465 1384 1520 esurienti
1430 1482 1614 1535 panem
1665 1476 1831 1528 tiuun,
1866 1473 1916 1520 et

315 1574 530 1634 egenum
576 1558 686 1612 sine
716 1566 848 1612 tecto
893 1557 1052 1612 induc
1081 1559 1135 1611 in
1164 1557 1375 1612 domum
1404 1567 1568 1612 tuam.
1623 1558 1685 1613 Si
1727 1557 1914 1613 videris

314 1650 536 1716 nudum,
569 1650 709 1718 t'esli,
742 1659 788 1703 et
819 1649 1124 1703 domesticos
1150 1650 1362 1704 seminis
1389 1650 1462 1704 tui
1486 1665 1549 1703 ne
1589 1649 1908 1718 despexeris.

314 1743 462 1800 Tunc
479 1752 707 1815 erumpet
732 1755 1128 1815 temporaneum
1155 1745 1326 1800 lumen
1350 1754 1516 1810 tuum,
1540 1757 1590 1800 et
1612 1746 1912 1800 vestimenta

309 1845 403 1892 tua
428 1837 528 1892 cito
558 1837 811 1901 orientur,
837 1846 884 1889 et
915 1836 1112 1908 prwibit
1142 1845 1262 1890 ante
1285 1847 1331 1890 te
1350 1837 1557 1907 justitia
1587 1847 1699 1903 tua,
1726 1848 1773 1890 et
1803 1837 1912 1890 cla-

306 1930 435 1984 ritas
459 1928 557 1984 Dei
584 1929 923 1984 circumdabit
967 1938 1032 1984 te.
1061 1928 1208 1985 Tunc
1257 1931 1530 1996 clamabis,
1560 1943 1605 1985 et
1635 1949 1728 2004 ego
1747 1949 1910 1987 exan-

307 2023 448 2078 diam
479 2038 499 2077 :
527 2023 650 2077 dum
681 2022 853 2078 adhuc
883 2023 1107 2094 loqueris
1133 2024 1324 2088 dicam,
1363 2025 1496 2080 Ecce
1523 2026 1712 2081 adsum
1734 2025 1904 2098 (Isai.

308 2131 460 2182 Lviu,
491 2115 547 2181 6,
575 2114 654 2185 9).
682 2115 825 2187 Ergo
857 2116 1158 2172 substantia
1190 2117 1394 2189 absque
1423 2117 1710 2174 fraudibus
1734 2132 1908 2189 parta,

307 2213 351 2266 si
384 2212 454 2266 ita
504 2210 870 2278 possideatur,
901 2221 1128 2282 accepta
1158 2221 1240 2267 est
1267 2229 1282 2277 ;
1315 2227 1378 2267 tle
1427 2229 1533 2267 non
1567 2213 1619 2267 in
1651 2213 1914 2270 facultate

309 2302 602 2367 mediocri,
630 2302 727 2360 sed
768 2303 820 2356 iu
850 2302 1108 2373 cupidine
1136 2303 1447 2358 divitiarum
1497 2318 1658 2359 causa
1705 2305 1914 2376 peccati

309 2406 414 2461 est,
468 2396 696 2452 Domino
727 2387 1110 2466 prolectante;
1155 2395 1242 2452 Var
1265 2397 1428 2463 vobis,
1464 2399 1672 2464 divites,
1702 2401 1791 2470 qui
1823 2400 1914 2452 ha-

311 2493 437 2547 betis
478 2490 882 2546 consolationem
904 2501 1121 2545 restrain
1150 2489 1308 2561 (an.
1335 2506 1409 2557 vr,
1441 2490 1556 2562 2i).
1582 2491 1647 2546 Et
1679 2492 1911 2545 iterum:

312 2585 551 2656 Di/ﬁcile,
609 2589 698 2654 qui
751 2585 998 2655 pecunias
1047 2583 1257 2650 habent,
1290 2584 1656 2640 intrabunt'in
1703 2601 1915 2657 regnum

314 2678 559 2734 calorum
586 2677 754 2748 (Luc.
798 2693 950 2744 mu,
1003 2675 1132 2748 ΞΛ).

386 2770 650 2842 Coniugia
678 2779 857 2826 autem
889 2769 1118 2825 honesta
1147 2769 1261 2824 Deo
1291 2784 1394 2823 non
1422 2769 1734 2838 displicent,
1776 2778 1829 2824 et
1863 2770 1913 2823 in

317 2863 716 2934 procreationis.
744 2863 1042 2918 liberorum
1082 2862 1343 2918 solemnis
1395 2862 1498 2917 tori
1548 2863 1788 2917 modesta
1836 2861 1917 2916 d2—

315 2957 501 3023 100111),
548 2954 830 3025 Seripttmt
877 2955 1113 3025 idicente
1163 2973 1175 3008 :
1245 2953 1470 3026 Pr0pter
1511 2953 1608 3008 hoc
1664 2956 1917 3027 relinquet

318 3048 471 3103 homo
497 3058 695 3118 patrem
717 3065 866 3102 suum
896 3057 943 3103 et
965 3057 1180 3102 matrem
1204 3065 1377 3113 suam,
1396 3057 1442 3102 et
1465 3050 1918 3119 adha'rebitguaori

317 3158 468 3208 sum;
497 3153 543 3197 et
573 3151 725 3196 erunt
754 3141 859 3196 duo
889 3143 942 3194 in
971 3157 1128 3196 carne
1158 3157 1262 3195 una
1290 3139 1452 3213 (Gen.
1481 3157 1540 3209 ιι,
1567 3141 1684 3214 14).
1716 3143 1779 3196 Ιείι
1808 3143 1907 3197 ite-

2021 544 2508 613 supplicatiouihus
2536 562 2724 617 preces
2750 548 3014 618 justitiam
3040 559 3133 604 aut
3161 559 3480 607 mereantur
3527 562 3620 609 aut

2022 633 2242 705 faciant,
2276 645 2335 692 ut
2367 648 2579 710 sumpta
2603 655 2667 696 ex
2700 641 3003 712 Evangeliis
3031 644 3304 698 sententia
3333 645 3411 700 sic
3432 645 3616 701 viven-

2025 736 2132 781 tem
2165 731 2456 785 comitetur
2486 747 2548 786 ac
2580 743 2827 802 prmegat
2859 751 2871 787 :
2919 733 3101 788 Gloria
3132 737 3184 788 in
3215 737 3428 790 excelsis
3483 734 3615 804 Deo,

2018 829 2066 874 et
2094 839 2200 888 pax
2226 824 2279 876 in
2301 833 2439 878 terra
2459 825 2754 880 hominibus
2781 828 2926 882 boum
2943 829 3222 882 voluntatis
3243 828 3395 898 (Luc.
3414 845 3475 895 11,
3501 830 3614 900 14).

2021 912 2148 968 11ωο
2176 915 2562 987 medicor-ibus,
2596 920 2639 972 si
2671 919 2984 974 sublimium
3018 919 3198 975 fervor
3223 922 3421 986 aberit,
3470 920 3612 976 dicta

2019 1007 2310 1063 sufﬁcient.
2346 1009 2438 1064 llis
2466 1011 2589 1065 vitae
2621 1013 2874 1082 pereuntis
2906 1015 3167 1082 promissa
3197 1015 3444 1080 concedi,
3492 1031 3613 1070 om-

2021 1100 2167 1154 nium
2191 1101 2601 1172 Scripturarum
2632 1105 2817 1174 pandit
2840 1107 3136 1161 auctoritas
3165 1126 3177 1161 :
3208 1108 3330 1161 utsi
3357 1107 3499 1162 inter
3521 1108 3612 1162 illa

2018 1192 2186 1248 futuri
2211 1196 2361 1265 regni
2393 1196 2697 1251 clarissima
2748 1199 2925 1254 sidera
2982 1197 3010 1238 δ
3071 1201 3329 1269 splendor
3385 1201 3617 1256 eximius

2020 1304 2126 1342 non
2158 1289 2356 1343 attollit
2406 1291 2654 1360 exiguos,
2701 1291 2897 1347 delicta
2930 1309 3036 1347 non
3086 1294 3414 1362 opprimant,
3471 1309 3616 1349 man-

2019 1376 2364 1450 sionumque,
2397 1392 2456 1437 ut
2481 1383 2595 1451 ipse
2622 1372 2887 1450 meminit,
2916 1386 3054 1455 apud
3083 1386 3300 1441 Patrem
3329 1386 3618 1442 diversitas

2019 1474 2356 1545 consoletur,
2391 1477 2630 1547 illudque
2675 1479 2726 1532 111
2773 1494 2983 1533 summa
3035 1480 3374 1536 adhortantis
3404 1481 3617 1536 Domini

2019 1567 2287 1620 succurrit
2340 1568 2626 1623 edictum:
2662 1569 2853 1625 Omnes
2900 1573 2986 1642 qui
3041 1571 3356 1626 crediderint
3406 1574 3459 1625 in
3509 1589 3611 1643 me,

2018 1675 2120 1711 non
2178 1661 2571 1730 confundentnr
2605 1662 2624 1734 (
2654 1662 2806 1717 Rom.
2839 1679 2915 1731 11,
2948 1663 3018 1718 55
3039 1662 3078 1735 ).
3131 1663 3185 1718 Id
3226 1672 3329 1729 cst,
3360 1671 3419 1718 ut
3446 1679 3556 1729 eos
3586 1679 3617 1720 a

2017 1750 2234 1806 Christo
2259 1769 2282 1801 1·
2295 1753 2338 1807 18
2362 1753 2511 1808 nulla
2533 1755 2896 1822 disterminat,
2921 1770 3056 1826 quos
3085 1757 3254 1812 semel
3281 1755 3457 1812 eidem
3485 1756 3616 1810 fides

1944 1841 1987 1901 Β
2020 1860 2153 1914 pura
2181 1847 2448 1911 nexuerit,
2474 1857 2528 1901 et
2549 1849 2802 1903 salutaris
2825 1852 2962 1920 signi
2988 1852 3296 1921 integritate
3318 1853 3614 1919 solventur,

2015 1940 2106 2007 qui
2134 1954 2194 1994 ea
2220 1956 2342 2009 quae
2371 1940 2442 1996 ob
2473 1941 2717 1996 laborem
2747 1943 2991 1999 difﬁcilia
3047 1954 3173 1998 sunt
3224 1954 3317 1999 aut
3360 1944 3617 2014 impossi-

2015 2031 2141 2086 bilia
2167 2043 2453 2104 respuunt,
2480 2045 2570 2092 aut.
2600 2037 2818 2107 aggredi
2841 2038 2963 2108 quia
2984 2050 3106 2093 sunt
3134 2039 3301 2093 ardua
3324 2047 3377 2095 et
3396 2053 3611 2110 magna,

2016 2126 2331 2181 timuerunt.

2662 2219 2894 2278 CAPUT
2930 2223 2993 2279 11.

2149 2309 2279 2376 Quae
2309 2311 2376 2366 sit
2408 2312 2726 2368 snblimioris
2754 2316 2869 2368 rita:
2896 2317 3075 2385 regula
3117 2315 3483 2370 conservanda.

2091 2401 2295 2458 Acron.
2343 2433 2414 2444 —
2453 2403 2654 2473 Aperta
2685 2415 2762 2460 est
2790 2405 3054 2461 doctrina:
3087 2407 3245 2463 1811118
3269 2408 3493 2475 veritas,
3526 2421 3614 2462 811-
3677 2406 3679 2408 ’

2020 2511 2261 2566 numque
2293 2496 2604 2563 consilium,
2649 2507 2711 2553 ut
2739 2499 2908 2553 Deum
2959 2517 3071 2570 prin
3092 2503 3303 2556 cunctis
3330 2501 3614 2557 affectibus

2017 2588 2326 2658 diligentes,
2348 2591 2508 2644 etiam
2536 2592 2579 2646 si
2605 2607 2814 2646 summa
2847 2609 2950 2647 non
2983 2596 3245 2664 eapimus,
3274 2607 3610 2664 nequaquam

2021 2692 2200 2735 tamen
2229 2682 2314 2737 vel
2350 2693 2372 2722 ο
2407 2684 2775 2739 mediocribus
2806 2687 3134 2741 excedamus
3191 2703 3204 2740 :
3262 2695 3316 2742 et
3355 2688 3399 2740 si
3442 2686 3614 2742 honor

2017 2773 2327 2829 sublimium
2350 2775 2716 2847 splendorque
2740 2795 2846 2832 non
2869 2781 3071 2842 veniat,
3094 2779 3360 2835 sententia
3384 2780 3613 2835 miseros

2019 2879 2224 2922 interna
2256 2885 2363 2924 non
2395 2871 2633 2926 damnet.
2667 2872 2770 2928 Sed
2802 2889 2930 2928 vere
2956 2873 3098 2928 istud
3129 2881 3223 2927 aut
3278 2874 3469 2929 inertis
3521 2879 3616 2929 aut

2017 2961 2313 3016 difﬁdentis
2344 2971 2426 3017 est.
2451 2964 2638 3030 animi,
2683 2975 2841 3036 atque
2869 2981 2898 3019 a
2928 2966 3022 3020 Dei
3057 2965 3426 3020 muniﬁcentia
3473 2981 3614 3035 prm-

2019 3056 2236 3126 cipuum
2293 3057 2370 3111 1111
2422 3059 2714 3129 sperantis,
2751 3070 2974 3128 torpere
3013 3061 3065 3114 in
3097 3059 3305 3130 exiguis
3337 3058 3610 3113 hominem

2021 3151 2108 3202 cui
2138 3165 2345 3204 summa
2373 3151 2646 3220 proposita
2677 3152 2806 3217 siut,
2836 3161 2889 3205 ct
2927 3153 3050 3206 vita:
3082 3151 3216 3204 tanti
3249 3151 3423 3205 facere
3466 3164 3616 3204 com-

320 3253 438 3292 rum
469 3255 483 3294 :
539 3237 693 3307 Quod
740 3235 880 3291 Deus
914 3237 1092 3306 junxit
1119 3278 1133 3303 ,
1192 3236 1344 3290 homo
1400 3244 1426 3273 ⁸
1473 3253 1576 3290 non
1633 3238 1910 3310 disjungat.
1946 3233 1992 3296 C
2027 3242 2361 3308 moditatem,
2393 3251 2450 3296 ut
2479 3243 2934 3298 inarstimabilium
2959 3244 3279 3298 smeulorum
3309 3257 3474 3313 regna
3499 3242 3614 3297 dis-

318 3332 335 3398 (
366 3328 553 3383 Matth.
590 3344 703 3395 six,
734 3327 826 3397 6).
897 3327 1064 3398 [Inde
1095 3327 1308 3382 habitus
1335 3344 1440 3382 non
1475 3329 1620 3382 luxui
1672 3327 1909 3395 deditus,

315 3421 411 3476 sed
436 3419 649 3492 nitori.)
676 3419 744 3474 Et
766 3419 1063 3474 secundum
1095 3419 1422 3489 Apostolum
1475 3438 1487 3473 :
1531 3420 1770 3473 Omnium
1798 3435 1916 3485 qua:

314 3512 366 3566 in
399 3510 616 3565 macello
641 3520 878 3570 veneunt.
907 3527 1022 3564 esca
1049 3510 1160 3564 sine
1190 3511 1351 3579 culpa
1369 3520 1442 3566 est
1470 3511 1492 3583 (
1516 3511 1534 3566 1
1559 3510 1681 3566 Cor.
1704 3527 1754 3577 11,
1782 3511 1874 3579 25)
1897 3528 1910 3575 ;

315 3606 593 3677 quoniam,
635 3605 776 3659 sicut
806 3604 948 3660 idem
981 3603 1270 3674 Apostolus
1300 3608 1409 3658 ait:
1446 3603 1569 3658 Non
1599 3615 1674 3658 est
1703 3621 1914 3676 regnum

317 3698 414 3753 Dei
434 3715 546 3753 esca
574 3706 620 3752 ct
651 3707 824 3770 potus,
854 3698 941 3752 sed
961 3697 1169 3768 justitia
1194 3705 1240 3750 et
1288 3713 1393 3768 paa‘
1419 3697 1474 3750 in
1503 3697 1707 3766 Spiritu
1734 3709 1915 3752 sancto

317 3791 511 3863 (Rom.
544 3805 657 3858 xw,
712 3791 826 3860 i7).
877 3791 1184 3845 Perniciosa
1243 3797 1422 3846 tamen
1476 3792 1726 3845 nimietas
1786 3807 1915 3847 usus

314 3885 596 3953 utriusque
628 3890 731 3953 est,
763 3883 995 3938 Domino
1021 3882 1100 3937 sic
1142 3893 1410 3939 monente
1438 3903 1450 3938 :
1500 3884 1676 3939 Videte
1705 3901 1767 3938 ne
1787 3901 1910 3955 gra-

313 3988 492 4032 rcntur
516 3979 572 4032 in
600 3977 717 4032 rino
746 3987 794 4031 et
823 3977 1043 4047 crapula
1063 3979 1222 4032 corda
1251 3987 1419 4033 ucstra
1465 3979 1620 4051 (an.
1650 3995 1764 4044 ut,
1795 3979 1908 4051 54).

312 4071 468 4139 Quod
489 4071 600 4142 jam
631 4079 810 4126 tamen
838 4088 934 4142 per
963 4072 1312 4128 Salomonem
1363 4084 1490 4128 111110
1545 4075 1911 4143 praedixerat:

309 4163 407 4221 Cui
435 4180 529 4232 rte,
559 4166 644 4219 cui
681 4164 828 4219 lividi
856 4165 994 4219 oculi
1012 4167 1036 4220 Σ)
1056 4183 1225 4219 nonne
1249 4183 1424 4220 eorum
1463 4169 1549 4232 qui
1579 4184 1908 4221 commoran-

310 4267 394 4311 tur
438 4258 492 4312 in
544 4258 682 4322 vino,
713 4268 760 4311 et
802 4266 1063 4311 sectantur
1117 4257 1203 4310 ubi
1251 4259 1478 4311 convicia
1517 4259 1650 4327 ﬁunt
1699 4259 1908 4331 (Prov.

310 4365 467 4414 “In,
519 4349 631 4415 29,
683 4366 782 4404 sec.
828 4348 979 4404 LXX
1007 4349 1074 4420 )?
1123 4348 1282 4405 Unde
1329 4351 1626 4420 Apostolus
1656 4352 1911 4408 sumendi

313 4451 533 4513 propter
578 4439 947 4497 inﬁrmitatem
1000 4442 1109 4497 vini
1164 4443 1255 4497 dat
1295 4442 1584 4498 Timotheo
1638 4456 1911 4515 przccepta

308 4533 534 4607 (l'l‘iui.
568 4551 620 4602 v,
655 4532 732 4606 3),
767 4533 863 4589 sed
895 4534 1115 4590 modici.
1153 4536 1278 4590 Haec
1305 4546 1358 4590 et
1392 4537 1500 4591 alio
1528 4537 1648 4591 loco
1677 4537 1870 4594 dicens
1898 4557 1910 4591 :

2020 3335 2263 3402 simulet,
2289 3336 2373 3390 vel
2406 3335 2636 3403 quadam
2668 3335 2811 3405 vulgi
2835 3336 3144 3391 conditione
3174 3334 3460 3404 despectus
3489 3347 3614 3390 sero

2020 3442 2078 3480 se
2137 3427 2318 3496 lugeat
2366 3443 2470 3481 11011
2525 3427 2832 3496 qua~siisse,
2865 3427 3008 3497 quod
3052 3428 3163 3498 jam
3197 3427 3391 3481 mereri
3422 3433 3609 3480 exacta

2018 3519 2203 3572 smcnli
2232 3520 2650 3573 conversatione
2680 3535 2786 3573 nou
2819 3519 3012 3590 possit.
3039 3520 3170 3586 Qua!
3202 3518 3360 3572 nobis
3382 3532 3510 3588 ergo
3534 3516 3614 3570 vi-

2021 3609 2178 3664 tendi
2223 3611 2395 3664 iorma
2427 3610 2819 3680 sublimior-que
2849 3613 2913 3665 sit
2949 3612 3083 3666 ratio
3115 3610 3376 3680 111111081ιὶ
3417 3608 3616 3663 00ιείοδ

2019 3703 2111 3766 118,
2165 3701 2334 3754 sacris
2389 3717 2493 3754 uon
2527 3702 2700 3770 pigeat
2732 3701 2929 3755 docere
2960 3705 3267 3768 sententiis,
3324 3701 3448 3771 quia
3504 3716 3612 3755 non

2018 3797 2088 3850 ita
2133 3795 2286 3848 labor
2316 3803 2641 3863 aspernatur
2673 3793 2935 3860 inﬁrmos,
2970 3803 3028 3848 ut
3075 3795 3222 3848 nulla
3263 3793 3456 3847 divinae
3487 3807 3614 3862 pro-

2019 3889 2318 3942 Vocationis
2371 3887 2566 3941 fiducia
2615 3886 2953 3952 cohortctur,
3004 3887 3129 3941 dum
3188 3887 3238 3940 in
3271 3886 3352 3940 his
3381 3901 3520 3956 quze,
3554 3895 3617 3940 ut

2018 3983 2130 4052 ipse
2161 3981 2370 4045 dixisti,
2415 3980 2563 4036 velut
2596 3979 2959 4050 impossibilia
2992 3979 3374 4049 pra'dicantur,
3402 3986 3613 4032 0110111-

2019 4076 2244 4144 poribus
2272 4072 2298 4109 d
2333 4073 2585 4127 meritum
2640 4086 2748 4126 non
2778 4079 3013 4137 tenetur,
3045 4081 3099 4125 et
3130 4079 3252 4123 actu
3282 4068 3454 4123 levius
3502 4067 3613 4122 for-

2015 4175 2159 4221 tasse
2189 4181 2348 4231 quam
2380 4164 2644 4219 creditur.

2085 4259 2288 4314 Zaccn.
2320 4287 2391 4298 -—-
2420 4261 2654 4328 Angusta
2683 4253 2902 4326 quidem
2933 4264 2980 4308 et
3027 4255 3200 4308 ardua
3243 4255 3326 4306 via
3369 4261 3466 4318 est,
3498 4268 3615 4323 quae

2015 4355 2158 4406 ducit
2186 4353 2254 4406 ad
2279 4353 2436 4406 vitam
2489 4349 2726 4422 (Matth.
2758 4365 2855 4416 vn,
2890 4350 2988 4420 ii)
3016 4365 3030 4413 ;
3083 4348 3180 4404 sed
3205 4363 3328 4402 cum
3354 4347 3465 4402 sint
3490 4361 3614 4417 pos-

2017 4450 2190 4506 sibilia
2220 4456 2412 4504 cuncta
2443 4447 2816 4512 credentibus,
2847 4447 2898 4500 in
2927 4453 3189 4516 quantum
3223 4445 3362 4500 ratio
3410 4454 3613 4498 nostra:

2019 4541 2324 4613 fragilitatis
2373 4539 2635 4607 admittit,
2691 4540 2901 4610 fastigia
2957 4554 3244 4594 munermn
3303 4539 3610 4591 divinorum

315 4626 484 4682 Nemo
535 4644 619 4681 ros
647 4628 858 4680 scdncat
885 4627 906 4699 (
930 4627 1128 4684 Coloss.
1161 4644 1219 4696 11,
1273 4629 1370 4699 18)
1400 4646 1414 4695 ;
1461 4630 1647 4684 ebriosi
1698 4648 1912 4702 regnum
1941 4627 1993 4686 D
2019 4637 2122 4691 sub
2149 4636 2243 4692 Dei
2276 4649 2493 4702 semper
2531 4634 2877 4687 invocatione
2919 4631 3212 4701 quaerenda
3263 4640 3424 4693 sunt;
3478 4643 3615 4698 pra:-

313 4721 409 4776 Dei
435 4737 534 4776 non
565 4719 896 4792 possidebunt
917 4720 960 4794 (I
985 4719 1105 4775 Cor.
1135 4736 1212 4786 vr,
1241 4722 1352 4790 i0).
1386 4721 1442 4776 in
1475 4723 1573 4777 hac
1602 4724 1764 4792 igitur
1789 4725 1911 4778 vita:

309 4813 480 4868 forma
512 4821 566 4868 et
593 4813 1032 4868 conversationis
1085 4813 1288 4871 sobria;
1327 4814 1615 4885 disciplina
1660 4830 1816 4872 mens
1844 4816 1912 4872 ad

387 5006 414 5070 tt
451 4995 635 5052 Codex
665 4996 856 5063 Vind.,
891 5013 992 5052 non
1015 5007 1234 5070 separet.
1269 4997 1403 5065 Quae
1429 5009 1732 5070 sequuntur
1759 5003 1914 5059 uncis

313 5068 544 5140 inclusa,
578 5081 880 5137 supersunt
909 5087 938 5122 e
969 5068 1238 5124 ceromate
1270 5071 1320 5122 in
1364 5084 1470 5139 quo
1524 5069 1815 5128 Zucchwus
1846 5079 1914 5130 de

313 5139 416 5196 ttsu
447 5139 596 5194 licito
646 5142 880 5194 vestium
912 5148 969 5196 et
1003 5155 1251 5195 eScaruut
1285 5141 1624 5209 disputabat.

387 5211 413 5250 δ
456 5211 554 5265 1110
586 5212 738 5265 locus
793 5211 872 5266 sic
927 5213 1230 5280 descriptus
1271 5223 1354 5265 est
1409 5212 1459 5264 in
1509 5213 1698 5268 codice
1751 5215 1906 5270 Lem.

313 5283 560 5354 splendor
605 5283 822 5336 eximios
877 5299 977 5337 non
1025 5282 1240 5347 attollit,
1273 5283 1490 5354 exiguos
1541 5283 1753 5342 delicta.
1799 5299 1907 5342 etc.

312 5353 458 5412 Infra
491 5355 544 5408 in
569 5354 759 5407 eodem
793 5354 980 5407 codice.
1005 5355 1077 5407 vis
1106 5355 1250 5407 nulla
1293 5353 1580 5408 subtrahat.
1616 5356 1770 5424 Quod
1823 5374 1911 5413 se-

310 5429 497 5495 quitur
523 5424 753 5494 diﬁicilia
781 5434 899 5478 sunt
926 5434 1014 5479 aut
1042 5425 1403 5493 impossibilia,
1435 5425 1705 5492 displicuit
1728 5428 1909 5484 Ache-

311 5500 417 5559 rio,
448 5499 536 5562 qiii
560 5496 798 5565 coniecit
847 5496 950 5565 legi
982 5507 1240 5566 oportere
1286 5505 1379 5549 aut
1409 5507 1464 5549 ut
1512 5497 1853 5564 imposs:bitia
1887 5517 1905 5555 .·

313 5569 412 5640 8011
441 5567 558 5622 1111ιο
595 5568 790 5623 vocula
816 5569 1012 5623 melius
1037 5567 1191 5622 abest
1217 5584 1236 5640 ;g
1265 5582 1375 5622 non
1421 5567 1566 5622 enim
1606 5569 1696 5623 hic
1727 5573 1906 5640 agitur

314 5639 383 5693 de
417 5640 736 5707 praeceptis;
761 5653 824 5693 ac
856 5655 922 5694 ne
948 5640 1016 5695 de
1043 5639 1296 5693 consiliis
1325 5640 1548 5707 quidem
1577 5639 1900 5708 generatim,

311 5709 408 5764 sed
436 5710 504 5781 de
527 5713 690 5762 certis
717 5709 995 5765 dumtaxat
1040 5711 1303 5775 c0nsiliis,
1345 5723 1464 5778 qum
1495 5711 1775 5781 plerisque
1806 5714 1903 5768 lto-

309 5780 556 5835 minibus
592 5780 948 5849 impossibilia
1004 5796 1127 5838 esse
1177 5797 1282 5837 nou
1339 5780 1614 5837 immerito
1667 5780 1897 5850 dixeris,

312 5851 456 5922 quod
489 5850 556 5904 ad
587 5865 650 5906 ea
680 5855 950 5921 sequenda
981 5853 1161 5910 vocati
1194 5869 1297 5909 non
1337 5868 1460 5910 esse
1491 5855 1800 5912 videantur.
1831 5887 1901 5897 -

2020 4729 2176 4796 cipue
2204 4741 2326 4780 cum
2358 4726 2412 4779 in
2443 4732 2633 4778 nostro
2656 4737 2887 4791 corpore
2912 4723 3193 4787 Dominus,
3221 4736 3387 4790 agens
3413 4720 3486 4774 nil
3522 4734 3615 4789 pe-

2026 4818 2172 4872 nitus
2219 4815 2361 4886 quod
2419 4813 2583 4870 homo
2636 4814 2857 4869 efﬁcere
2912 4828 3023 4867 non
3071 4811 3262 4881 possit,
3294 4810 3614 4879 injunxerlt,

2027 5002 2195 5072 Magis
2226 5009 2406 5055 tamen
2438 5000 2615 5072 placet
2636 4998 2856 5072 Acberii
2891 4999 3074 5064 lectio,
3110 5014 3234 5072 qum
3259 4999 3386 5072 item
3416 4998 3614 5054 conﬁr-

2025 5085 2202 5129 matur
2225 5073 2384 5134 inira,
2419 5072 2510 5127 ubi
2560 5071 2785 5142 legitur,
2815 5087 2952 5139 quaz,
2985 5081 3041 5128 ut
3063 5079 3174 5140 ipse
3201 5071 3405 5135 dixisti,
3434 5086 3610 5126 VELU'I‘

2021 5159 2366 5200 IIPOSSIBILIA
2395 5143 2764 5215 prtcdicantur.

2095 5228 2116 5254 ε
2163 5213 2430 5270 Achcrius
2461 5223 2605 5269 recte
2631 5213 2842 5267 innnuit
2874 5213 2974 5284 legi
3001 5223 3259 5282 oportere
3286 5214 3608 5284 excidantur.

2018 5287 2183 5349 luira,
2219 5287 2341 5356 quia
2389 5302 2492 5339 non
2522 5286 2593 5338 ita
2622 5285 2789 5349 labor,
2822 5281 2955 5348 etc.,
2984 5281 3271 5355 βίη-1110110
3304 5284 3481 5356 ntale;
3513 5281 3609 5336 sed

2019 5359 2152 5413 nihil
2182 5353 2267 5412 est
2291 5359 2341 5408 in
2372 5372 2504 5410 mss.
2537 5371 2644 5424 quo
2691 5372 2935 5412 errorem
2967 5353 3262 5412 calend-tre
3298 5353 3605 5419 pessimus:

2018 5431 2158 5484 forte
2189 5439 2482 5498 asperatur,
2516 5428 2752 5497 infirmos
2783 5441 2860 5496 ut,
2909 5439 3045 5495 etc.,
3083 5428 3175 5482 sed
3211 5425 3429 5479 mallem
3461 5440 3614 5489 asper

2015 5500 2320 5555 dehortatur
2349 5499 2607 5567 inﬁrmos,
2643 5512 2717 5564 ut,
2755 5511 2861 5555 etc.

2086 5569 2112 5608 ἀ
2167 5571 2262 5626 1110
2289 5570 2452 5624 etiam
2503 5571 2846 5624 librariorum
2899 5567 3242 5638 negligentia:
3290 5567 3605 5638 exemplum

2014 5643 2203 5706 vides;
2262 5641 2442 5696 nullus
2489 5643 2634 5697 enim
2691 5642 2914 5697 idoneus
2954 5637 3146 5692 sensus
3188 5654 3250 5693 ex
3307 5639 3391 5692 bis
3425 5637 3608 5692 verbis

2012 5715 2128 5770 erui
2173 5721 2366 5781 potest.
2420 5710 2533 5767 Non
2577 5713 2887 5780 displiceret
2940 5728 3042 5764 non
3095 5709 3297 5772 teritur,
3351 5710 3607 5781 1100081,

2011 5779 2304 5850 minuitur;
2333 5783 2430 5841 sed
2462 5779 2976 5854 deindelegendum
3006 5791 3174 5848 esset,
3206 5789 3250 5834 et
3296 5791 3419 5835 actu
3451 5779 3610 5834 levius

2009 5866 2145 5930 θείη,
