4074 6204
462 299 600 357 “5|

1735 294 2062 353 ZACCHASI
2098 291 2488 352 CHRISTIANI

3625 294 3775 353 “5i

460 409 736 479 Apostolis
763 409 954 466 dicens
985 427 998 464 :
1031 409 1168 464 Ecce
1213 410 1401 484 reliqui
1430 377 1892 483 vobis'exemplnm
1919 413 2058 484 quod
2085 416 2138 476 Α
2161 429 2268 484 que
2297 415 2342 470 si
2376 414 2604 470 honesta
2634 421 2940 483 sectantur,
2967 430 3143 486 neque
3174 431 3204 470 τι
3254 414 3377 470 ﬁdei
3405 413 3623 472 unitate
3652 415 3772 469 dis.

461 503 752 574 sequamini
778 501 961 574 (Joan.
994 519 1111 568 χιιι,
1141 502 1251 575 i5).
1277 505 1330 561 Id
1345 517 1428 561 est
1459 507 1786 564 :Excusatio
1809 509 2058 576 impossi-

463 596 690 654 bilitatis
720 597 977 654 abscedat
1009 617 1020 652 :
1053 614 1112 652 ea
1147 598 1330 658 facere
1379 618 1537 671 posse
1586 621 1679 658 vos
1730 604 1901 660 doceo
1940 619 2060 673 qum

462 691 580 761 ipse
607 707 711 746 non
745 695 896 748 renui
926 712 940 748 :
985 706 1318 765 quapr0pter
1349 697 1408 753 Si
1435 703 1694 770 perfectus
1716 702 1789 753 vis
1821 716 1930 754 esse
1979 700 2062 770 (ιιι

462 781 604 837 idem
658 784 965 840 consulenti
1017 789 1206 857 juveni
1260 790 1522 845 DOIIIillUS
1547 793 1677 861 ait),
1723 793 1874 856 vade,
1903 792 2062 845 vende

462 877 636 929 omnia
659 875 793 930 bona
820 887 930 941 tua,
956 888 1002 931 et
1034 880 1103 933 da
1125 881 1479 950 pauperibus;
1505 893 1548 938 et
1576 885 1692 938 veni
1714 927 1727 949 ,
1758 900 1966 953 sequere
1983 899 2063 937 me

465 967 703 1037 (Matth.
735 985 850 1036 XIX,
901 971 962 1026 2|
985 972 1028 1043 ).
1055 973 1110 1028 ld
1141 985 1226 1028 est
1253 993 1265 1027 :
1299 976 1512 1030 Oblitus
1543 992 1914 1048 respuensque
1950 987 2054 1031 ter-

464 1078 618 1126 rena,
653 1065 892 1120 coelestia
924 1072 1288 1138 concupisce;
1319 1080 1396 1135 et,
1429 1075 1567 1126 sicut
1607 1073 1719 1141 ipse
1743 1073 1961 1140 subjieit
1985 1073 2065 1126 di-

462 1169 623 1222 cens,
660 1157 917 1212 Thesauri
957 1160 1219 1229 spiritalis
1261 1164 1443 1234 apibus
1488 1164 1774 1219 abundabis
1833 1162 2062 1235 (Ibid.).

465 1247 614 1302 Talis
641 1264 672 1304 e
697 1249 788 1304 nim
820 1251 962 1320 apud
994 1253 1165 1308 Deum
1218 1255 1544 1310 voluntaria:
1599 1257 1936 1328 paupertatis
1984 1265 2068 1311 est

465 1353 652 1405 causa,
687 1352 746 1394 ut
777 1343 1108 1411 temporarie
1141 1345 1296 1414 inops
1327 1344 1522 1408 factus,
1564 1347 1718 1401 dives
1766 1362 1984 1401 maneas
2013 1347 2064 1400 in

464 1442 752 1501 aeternum,
783 1445 838 1490 et
866 1437 1124 1492 caducam
1157 1440 1343 1495 sicculi
1375 1441 1693 1511 dignitatem
1749 1442 1832 1495 vel
1880 1442 2070 1510 volup-

467 1535 634 1583 tatem
670 1545 768 1598 pro
797 1529 948 1584 illius
978 1547 1166 1587 amore
1205 1542 1588 1594 contemnens,
1638 1536 1888 1590 cmlestes
1932 1535 2069 1590 deli-

465 1621 578 1677 cias
637 1637 988 1690 p05<€55uru5
1066 1626 1342 1681 obtineas.
1420 1615 1812 1682 'lnexsolubilia
1889 1629 2069 1696 itaque

468 1713 654 1769 mundi
681 1715 841 1770 istius
887 1717 1098 1772 vincula
1154 1717 1476 1786 rumpenda,
1531 1729 1584 1774 et
1624 1720 1872 1788 quzedam
1902 1722 2068 1775 facul-

474 1813 641 1860 tatum
695 1816 748 1862 et
805 1809 1128 1875 prmdiorum
1183 1809 1486 1880 abiicienda
1521 1823 1644 1866 sunt
1683 1827 1883 1876 0uera;
1917 1822 1976 1865 ut
2003 1813 2068 1866 ad

2163 509 2692 579 sentiunt,imitandi
2720 518 2848 564 sunt
2875 511 3053 579 potius
3077 526 3239 581 quam
3272 511 3506 571 vitandi.
3533 511 3688 580 quia,
3710 519 3776 563 ut

2165 605 2686 675 arbitror,ejusdem
2719 604 2857 674 apud
2886 604 3054 659 Deum
3085 605 3332 660 criminis
3368 614 3528 675 atque
3556 604 3777 672 peccati

2161 710 2242 750 est
2269 700 2447 752 odisse
2472 699 2665 762 bonos,
2698 697 2854 766 cujus
2884 709 2937 750 et
2981 697 3170 753 noxios
3213 713 3319 751 non
3369 696 3580 761 vitare;
3636 695 3778 749 dum

2165 791 2280 845 fieri
2313 791 2465 845 nullo
2493 799 2652 860 pacto
2678 799 2875 860 potest,
2911 800 2967 844 ut
2997 805 3120 845 esse
3147 791 3319 844 honus
3347 789 3504 842 malit
3529 788 3624 858 qui
3676 788 3777 842 di-

2165 882 2284 952 ligit
2326 884 2500 936 malos.
2531 899 2545 947 ;
2571 883 2660 938 vel
2695 898 2930 944 rursum,
2968 881 3190 937 malitia:
3231 882 3462 936 stimulis
3489 898 3594 935 non
3640 896 3780 952 aga-

2167 983 2271 1040 tur,
2319 974 2413 1042 qui
2451 973 2751 1043 quamlibet
2783 972 3041 1027 b0uitatis
3081 973 3318 1042 speciem
3348 971 3620 1042 pra-ferat,
3646 970 3776 1027 bsit

2165 1083 2294 1122 vere
2327 1060 2455 1120 illud
2506 1067 2650 1137 quod
2685 1067 2961 1120 immerito
2992 1067 3046 1121 in
3088 1067 3212 1121 aliis
3239 1075 3573 1122 exsecretur.

2239 1159 2436 1214 Zaccu.
2461 1158 2701 1212 —Justa
2732 1159 3096 1214 aestimatione
3127 1159 3425 1229 perpendis
3456 1156 3772 1228 hujusmodi

2172 1255 2533 1322 prepositum,
2565 1253 2841 1322 vitamque
2874 1262 3148 1307 sectantes
3195 1255 3321 1308 odio
3366 1269 3487 1308 esse
3517 1253 3774 1306 ﬁdelibus

2169 1362 2274 1400 non
2307 1345 2526 1414 debere,
2560 1362 2628 1400 ne
2653 1346 2755 1399 sub
2786 1349 2995 1402 incerto
3027 1347 3225 1401 mentis
3271 1346 3500 1401 arbitrio
3530 1363 3624 1414 pro
3652 1360 3778 1399 ma-

2170 1439 2236 1493 lis
2263 1439 2528 1493 bouorum
2561 1440 2778 1493 ineatur
2803 1439 3008 1493 offensa
3035 1455 3049 1504 ;
3104 1452 3156 1494 et
3189 1439 3331 1493 sicut
3356 1443 3615 1508 scriptum
3639 1447 3724 1492 est.
3754 1455 3773 1492 :

2175 1533 2279 1599 Qui
2307 1534 2527 1587 oderunt
2575 1537 2771 1606 justas,
2825 1533 3125 1603 delinquent
3169 1533 3359 1600 (Psal.
3405 1549 3599 1596 xxxtll,
3639 1531 3772 1602 ἓξ).

2183 1624 2269 1679 Vw
2299 1627 2376 1679 his
2406 1626 2493 1695 qui
2521 1626 2704 1678 dicunt
2735 1626 2925 1678 malum
2957 1625 3146 1678 bonum
3174 1626 3192 1692 (
3227 1623 3358 1678 Isai.
3384 1641 3436 1690 v,
3469 1623 3540 1678 20
3565 1626 3603 1691 ).
3638 1623 3778 1677 ιιιυι-

2175 1717 2339 1787 tiplex
2373 1720 2515 1771 enim
2541 1718 2905 1772 observantiae
2929 1717 3084 1771 istius
3118 1717 3284 1771 forma
3313 1727 3418 1784 est,
3449 1733 3510 1771 ac
3537 1717 3638 1770 sub
3667 1731 3777 1769 uno

2179 1810 2444 1880 propositi
2477 1809 2696 1864 nomine
2725 1809 2942 1863 diversa
2970 1825 3174 1880 genera
3209 1808 3595 1862 monachorum
3628 1825 3641 1859 :
3670 1806 3779 1860 ‘scd

473 1899 899 1969 Redemptorem
953 1912 1199 1956 nostrum
1235 1903 1515 1971 pervenire
1572 1905 1874 1974 cupientes,
1906 1905 2071 1959 nullis
2105 1883 2147 1942 Β
2179 1902 2301 1956 talis
2331 1902 2572 1955 omnium
2627 1917 2807 1969 causa,
2855 1903 3070 1971 qualem
3123 1903 3175 1955 in
3225 1903 3438 1956 cunctis
3491 1900 3777 1956 ordinibus

470 1990 796 2046 delictorum
829 1995 1248 2050 necessitatibus
1278 1985 1600 2065 urgeamur:
1629 1997 1826 2065 quibus
1853 1996 2068 2050 tametsi

468 2097 591 2140 cum
624 2085 905 2140 voluntate
954 2088 1070 2156 ipsa
1123 2088 1384 2158 peccandi
1435 2089 1735 2142 necessitas
1783 2087 1959 2150 abest,
2010 2087 2073 2141 ti-

473 2177 667 2232 menda
702 2178 1053 2233 nihilominus
1081 2195 1299 2249 semper
1338 2181 1557 2234 occasio
1580 2191 1688 2244 est,
1720 2196 1782 2233 ac
1808 2195 2075 2233 nonnum-

418 2251 430 2261 .
476 2285 642 2339 quam
695 2271 797 2324 sub
843 2271 1086 2324 homSlis
1141 2274 1353 2327 actibus
1381 2273 1540 2341 culpa
1584 2273 1932 2342 subrepens;
1967 2282 1992 2309 ⁸
2021 2275 2072 2328 in

471 2362 592 2432 ipso
620 2362 914 2432 Evangelia
945 2365 1176 2419 veritate
1229 2366 1308 2420 sic
1353 2375 1626 2421 testante:
1662 2366 1766 2432 Qui
1797 2384 1899 2420 non
1949 2385 2071 2422 ven-

472 2452 666 2508 diderit
697 2457 871 2508 omnia
900 2473 1018 2526 qua:
1042 2457 1267 2525 possidet
1299 2460 1320 2531 (
1344 2459 1474 2512 Luc.
1508 2476 1617 2527 x1v,
1647 2461 1718 2515 55
1741 2462 1781 2528 ),
1817 2472 1864 2514 et
1898 2461 2074 2515 tulerit

477 2562 682 2602 crucem
733 2565 906 2614 suam,
938 2556 985 2602 et
1045 2561 1249 2605 secutus
1290 2553 1445 2619 fuerit
1473 2569 1570 2620 me,
1607 2570 1708 2607 non
1741 2563 1901 2624 potest
1933 2570 2076 2608 meus

473 2635 760 2710 discipulus
789 2657 898 2693 esse
925 2640 942 2712 (
967 2640 1128 2708 lbid.,
1162 2644 1275 2713 ‘27).
1315 2645 1457 2714 Ergo
1505 2646 1816 2700 enitendum
1864 2656 1967 2713 est,
2021 2655 2079 2701 ut

477 2730 623 2786 illius
654 2734 884 2801 primum
933 2734 1206 2805 discipuli,
1242 2745 1364 2807 post
1395 2739 1554 2791 amici
1611 2754 1732 2793 eSSo
1785 2740 2074 2808 possimus.

473 2821 830 2879 Cessatenim
861 2827 1105 2882 conditio
1129 2829 1432 2892 servitutis,
1465 2830 1508 2884 si
1544 2831 1799 2883 meritum
1832 2830 2080 2900 spiritale

474 2917 754 2984 succedat,
800 2920 920 2988 ipso
975 2921 1194 2977 dicente
1221 2940 1233 2976 :
1267 2923 1329 2978 Si
1353 2925 1579 2990 feceritis
1602 2923 1742 2994 quod
1770 2924 1960 2977 mando
1990 2941 2080 2978 vo-

477 3011 582 3076 bis,
638 3030 750 3066 ecce
805 3016 914 3078 iam
966 3033 1066 3070 non
1123 3017 1295 3070 dicam
1352 3034 1438 3070 vos
1493 3018 1694 3082 serros',
1747 3019 1840 3072 sed
1886 3019 2080 3071 amicos

477 3102 679 3176 (Joan.
715 3123 806 3174 xv,
843 3109 908 3163 M
929 3107 970 3181 ).
1006 3109 1103 3164 llic
1132 3109 1283 3164 labor
1307 3110 1386 3164 sic
1414 3110 1725 3165 viventibus
1755 3120 1942 3182 gratus
1975 3121 2077 3174 est,

475 3208 531 3254 et
579 3216 676 3269 pro
722 3217 820 3272 spe
862 3203 1179 3268 huiusmodi
1221 3205 1432 3259 cunctis
1475 3205 1687 3259 deliciis
1737 3213 1959 3274 pra'stat
2001 3206 2083 3258 in-

2179 1993 2296 2049 fore
2321 1995 2486 2060 nosti,
2520 2002 2580 2048 ut
2631 2003 2850 2063 propter
2880 2011 3088 2049 morum
3122 1995 3438 2049 varietatem
3492 1994 3564 2048 sit
3607 1995 3776 2048 etiam

2176 2085 2470 2141 diversitas
2520 2086 2859 2140 voluntatum
2897 2105 2910 2140 :
2943 2086 3088 2141 unde
3119 2086 3383 2156 professio
3428 2086 3773 2156 irreprehen-

2177 2178 2356 2232 sibilis
2386 2188 2436 2231 et
2469 2187 2652 2231 sancta
2681 2187 2768 2234 est
2793 2195 2808 2244 ;
2859 2179 2954 2233 sed
2985 2178 3201 2249 quidam
3232 2179 3334 2232 sub
3363 2178 3525 2248 hujus
3549 2194 3774 2232 convcr-

2175 2269 2404 2323 Sationis
2435 2269 2708 2324 velamine
2760 2270 2902 2325 odiis
2949 2271 3110 2342 digna
3143 2274 3510 2336 committunt,
3559 2288 3620 2325 ac
3645 2272 3777 2328 licet

2175 2362 2429 2416 dissmiili
2461 2371 2760 2433 arguantur
2791 2374 2964 2429 reatu,
2992 2366 3324 2435 generaliter
3355 2375 3532 2421 tamen
3585 2381 3615 2419 a
3650 2381 3776 2434 pro-

2177 2452 2416 2509 fessione
2464 2455 2775 2509 discedunt.
2837 2456 2899 2510 lli
2949 2473 3182 2526 namque
3235 2472 3462 2527 quorum
3512 2460 3657 2511 inter
3688 2458 3777 2510 de-

2181 2549 2391 2604 viantes
2445 2549 2707 2617 perditior
2731 2551 2946 2605 animus
2974 2562 3080 2613 est,
3136 2552 3467 2620 temporarie
3494 2551 3779 2604 abstinen-

2180 2639 2306 2694 tiam
2365 2652 2418 2694 et
2461 2642 2852 2696 continentiam
2901 2644 3184 2709 simulant,
3216 2652 3271 2698 et
3300 2649 3535 2712 primum
3586 2644 3780 2697 studiis

2180 2729 2404 2786 lubrica:
2455 2731 2838 2787 familiaritatis
2896 2735 3164 2804 irrepttnt,
3220 2748 3511 2805 captasque
3563 2737 3786 2790 mulier-

2180 2827 2331 2879 culas
2363 2827 2516 2879 vanis
2545 2829 2897 2893 Opiniouibus
2928 2828 3245 2893 illudeutes,
3289 2831 3339 2883 in
3374 2845 3531 2883 usum
3568 2833 3784 2884 misera:

2179 2917 2491 2985 cupiditatis
2522 2917 2783 2984 illiciuut;
2811 2919 2937 2972 dum
2987 2929 3078 2974 aut
3121 2921 3442 2975 muneribus
3469 2921 3703 2986 inhiant,
3734 2931 3786 2976 et

2183 3008 2316 3062 fanda
2371 3009 2615 3065 avaritia:
2670 3011 2820 3066 lucra
2872 3015 3226 3082 eonqttirunt,
3259 3025 3355 3068 aut
3385 3015 3510 3070 dolo
3537 3017 3786 3070 subditas

2183 3104 2427 3168 vincunt,
2459 3115 2513 3159 et
2541 3123 2570 3158 a
2603 3107 2880 3176 Imposito
2909 3108 3118 3162 devota:
3175 3108 3453 3163 castitatis
3485 3110 3782 3163 abducunt.

2186 3200 2292 3252 Alii
2320 3206 2501 3254 autem
2555 3198 2785 3255 fideliter
2815 3201 3096 3268 iucltoant,
3147 3202 3471 3273 ardentique
3501 3204 3781 3273 proposito

471 3291 640 3364 juria,
667 3296 864 3350 blanda
893 3295 1194 3362 humilitas,
1228 3299 1548 3368 patiensque
1577 3305 1948 3364 contemptus,
1977 3298 2084 3353 vic-
2114 3272 2159 3336 (ἶ
2185 3290 2413 3360 ,Ῑιιί-ιιίιίω
2449 3293 2656 3346 servire
2701 3294 3038 3348 contendunt
3064 3311 3078 3360 ;
3112 3294 3330 3350 ideinde
3380 3294 3786 3348 inconsideran—

478 3404 564 3450 tus
579 3393 825 3460 exiguus,
848 3406 1161 3460 pauperque
1181 3391 1439 3455 vestitus;
1483 3400 1536 3445 et
1560 3391 1610 3444 in
1626 3391 1850 3460 imperia
1865 3390 2086 3459 spiritus

477 3501 644 3544 carne
670 3485 959 3553 depressa,
989 3485 1206 3556 obliqua
1244 3485 1390 3538 vitiis
1427 3485 1605 3540 studia
1643 3485 1896 3541 discenda
1937 3494 2083 3550 sunt,

478 3575 615 3634 iram
658 3577 895 3642 vincere,
923 3577 1136 3631 invidiae
1158 3577 1292 3631 nihil
1317 3577 1540 3642 debere,
1565 3577 1678 3645 ejus
1719 3577 1900 3632 colere
1931 3593 2086 3631 man.

483 3671 854 3736 suetudinem,
881 3672 1246 3742 arrogantiam
1263 3673 1546 3740 detestari,
1568 3687 1824 3743 respuere
1841 3672 2089 3727 humana:

484 3767 678 3840 gloriae
707 3767 1364 3836 vanitatem,etliugnam,
1388 3767 1747 3821 stevissimum
1772 3763 1989 3830 maluiu,
2023 3766 2090 3821 ab

481 3861 880 3915 obtrectatione
901 3858 1158 3914 cohibere
1185 3878 1198 3922 ;
1233 3871 1289 3913 ut
1312 3861 1388 3914 sie
1416 3861 1626 3914 exuviis
1639 3861 1838 3914 veteris
1856 3859 2090 3914 hominis

483 3951 811 4020 absumptis,
863 3966 966 4005 non
1015 3951 1209 4006 frustra
1263 3952 1394 4006 illud
1426 3952 1667 4019 Apostoli
1699 3959 2086 4007 recenseatur:

487 4043 632 4100 Sicut
644 4045 962 4116 portavimus
976 4045 1248 4114 imaginem
1267 4045 1472 4106 terreni,
1484 4055 1741 4112 portemus
1757 4054 1802 4098 et
1818 4045 2091 4116 imaginem

486 4135 702 4191 cwlestis
743 4134 801 4205 (Ι
833 4135 952 4189 Cor.
989 4152 1076 4202 xv,
1109 4136 1176 4191 50
1201 4135 1253 4206 );
1300 4136 1711 4206 imitatorcsque
1739 4135 1885 4190 illius
1920 4137 2094 4190 simus

487 4229 532 4300 (I
549 4227 668 4284 Cor.
684 4244 734 4283 IV
750 4228 862 4298 16),
880 4229 1017 4283 sicut
1040 4229 1129 4284 ille
1147 4229 1370 4293 Christi,
1396 4229 1723 4284 fldueialiter
1747 4240 2092 4298 usurpantes:

491 4320 688 4374 Nostra
713 4331 884 4374 autent
911 4323 1228 4376 conversatio
1254 4323 1306 4375 in
1331 4323 1469 4375 caelis
1492 4333 1564 4377 est
1601 4321 1861 4394 (Philipp.
1881 4321 2090 4394 "1,20).

493 4410 582 4472 Et,
611 4411 745 4465 Pars
767 4421 946 4465 nostra
979 4413 1235 4467 Dominus
1250 4413 1467 4484 (Thren.
1495 4430 1577 4480 ιιι,
1599 4413 1863 4481 24).(]ιιιιι
1899 4416 1949 4468 in
1980 4415 2097 4469 haec

489 4521 706 4576 semper
727 4505 917 4560 intenti
943 4522 1040 4562 uec
1067 4511 1183 4562 visu
1215 4507 1504 4575 recipimus
1529 4523 1629 4563 nec
1651 4507 1854 4571 auditu,
1879 4525 1984 4577 quo
2006 4517 2098 4563 aut

490 4597 703 4653 admitti
747 4597 1121 4655 delictumant
1151 4599 1543 4655 admittendum
1595 4600 1767 4655 soleat
1787 4601 2031 4672 cogitari.

1138 4693 1368 4750 CAPUT
1422 4693 1506 4748 Ill.

500 4783 630 4851 Quae
653 4786 890 4840 instituta
938 4789 1353 4854 monachorum;
1384 4787 1458 4841 vel
1498 4803 1660 4858 quare
1704 4804 1736 4842 a
1763 4787 1943 4841 multis
1976 4788 2096 4841 odio

1137 4881 1444 4934 habeantur.

571 4969 768 5024 APOLL.
793 5001 863 5011 —
887 4972 1232 5030 Sufficienter
1262 4974 1712 5044 interrogationis
1765 4973 1923 5028 istius
1970 4982 2095 5027 vota

496 5063 748 5130 suppleta
779 5073 924 5127 sunt,
950 5067 1096 5120 etita
1131 5082 1275 5121 vera:
1307 5065 1658 5134 perfer-tinnis
1683 5066 1876 5120 merita
1908 5076 2100 5136 patue-

501 5164 646 5218 runt,
680 5164 736 5208 ut
765 5154 983 5224 quidam
1010 5157 1194 5212 animo
1211 5159 1529 5229 experiendi
1555 5158 1736 5213 fervor
1763 5159 2093 5224 obrepserit,

497 5259 554 5304 et
584 5249 706 5304 vitce
729 5250 1021 5321 pfiBSCllliS
1070 5265 1224 5304 usum
1256 5269 1282 5304 a
1317 5253 1447 5307 totis
1496 5251 1820 5306 delicmrunt
1852 5253 2096 5305 occasio-

499 5341 661 5396 nibus
685 5341 1152 5413 segregarit.Qu:e
1183 5357 1325 5396 nunc
1355 5344 1519 5412 igitur
1550 5345 1940 5398 monachorum
1967 5358 2096 5398 eon-
2181 5378 2183 5380 -

499 5434 744 5504 gregatio
773 5435 858 5490 vel
891 5446 1039 5491 secta
1085 5435 1174 5496 sit,
1213 5435 1294 5488 vel
1325 5450 1488 5505 quam
1547 5435 1616 5491 ob
1666 5451 1885 5491 causam
1929 5436 2095 5491 etiam

503 5538 811 5583 nostrorum
842 5528 982 5584 odiis
1007 5527 1155 5598 digni
1189 5528 1509 5598 habeantur,
1541 5543 1805 5598 exprome
1830 5547 1842 5582 :
1872 5531 1963 5600 qui
1993 5531 2098 5585 uti-

578 5653 602 5682 ἰ
643 5645 734 5700 Sic
761 5644 928 5701 codex
965 5645 1124 5700 Vind.
1151 5647 1298 5714 prior
1329 5644 1530 5704 editio,
1573 5644 1688 5711 ipso
1718 5648 1769 5697 in
1808 5641 2102 5714 Evangeliis

503 5717 576 5788 sic
597 5727 928 5788 protestante.
979 5717 1131 5772 Haud
1190 5720 1258 5772 ita
1293 5719 1462 5773 multo
1498 5725 1620 5786 post
1671 5732 1735 5770 ex
1776 5717 1968 5771 eodem
2000 5733 2096 5770 co-

506 5787 628 5859 dice
657 5789 976 5859 scripsimus
996 5791 1111 5859 jam
1162 5807 1261 5844 non
1291 5790 1483 5853 dicam,
1529 5789 1619 5841 ubi
1673 5797 1792 5843 erat
1833 5789 1949 5858 jam
1996 5804 2099 5841 non

514 5855 631 5907 diro
657 5871 675 5909 :
702 5865 757 5909 et
781 5857 920 5912 infra
970 5855 1192 5912 lletnov.
1242 5862 1294 5913 in
1327 5862 1544 5930 imperia
1566 5861 1800 5924 spiritus.
1832 5855 1920 5911 ubi
1954 5859 2100 5926 lege,-

2197 3385 2304 3438 tius
2326 3395 2536 3454 arrepta
2566 3401 2670 3440 non
2695 3386 2998 3455 perferunt,
3025 3399 3188 3458 atque
3219 3402 3249 3440 a
3277 3389 3469 3457 coeptis
3499 3387 3788 3453 desistunt,

2192 3479 2276 3533 vel
2336 3488 2486 3533 certe
2545 3480 2900 3534 invidentium
2958 3490 3051 3535 aut
3100 3482 3325 3550 aggredi
3371 3481 3790 3535 detrectantium

2193 3571 2638 3640 persuasionibus
2669 3572 3014 3636 molliuntur,
3047 3583 3210 3644 atque
3235 3576 3304 3627 ab
3335 3575 3568 3630 instituti
3612 3576 3791 3645 rigore

2191 3663 2478 3718 discedunt
2512 3681 2525 3729 ;
2561 3674 2670 3718 tmn
2704 3665 3108 3721 remissioribus
3137 3667 3427 3722 assuefacti
3485 3668 3537 3720 in
3570 3683 3786 3721 onmem

2194 3758 2507 3811 illecebram
2539 3760 2788 3828 corporis
2819 3759 3071 3829 redeunt,
3105 3774 3168 3813 ac
3220 3763 3448 3829 primam
3482 3761 3636 3814 fidem
3668 3761 3793 3815 irri-

2196 3861 2304 3906 tam
2359 3853 2645 3918 facientes,
2676 3855 2984 3908 communis
3013 3853 3138 3907 vitte
3178 3854 3426 3908 ordinent
3469 3853 3713 3914 laudant,
3739 3864 3794 3908 ut

2194 3954 2374 3999 actum
2408 3945 2669 4015 propositi
2720 3946 2960 4000 durioris
3007 3957 3291 4001 accusent.
3348 3947 3500 4003 Unde
3539 3947 3794 4014 intelligis

2198 4054 2304 4092 non
2336 4040 2404 4092 ab
2435 4039 2520 4091 his
2551 4054 2852 4108 eorumque
2880 4040 3153 4095 similibus
3201 4041 3570 4111 integritatem
3601 4043 3795 4113 perdu-

2199 4131 2372 4185 rantis
2398 4129 2676 4183 industria!
2711 4130 3206 4198 praedamnamlam,
3233 4141 3323 4185 aut
3350 4133 3401 4185 in
3427 4132 3611 4186 labore
3639 4147 3794 4185 sanc-

2203 4220 2412 4274 tissimo
2451 4221 2757 4274 sublimiter
2782 4225 3274 4277 consummautium
3301 4223 3526 4294 gloriam
3547 4241 3793 4280 reveren-

2201 4313 2440 4382 tiamque
2473 4313 2728 4369 minuend
2750 4330 2817 4368 im
2840 4329 3016 4383 zeum,
3047 4318 3180 4371 sicut
3210 4318 3412 4371 dictum
3440 4327 3546 4379 est.
3569 4333 3794 4384 persona

2201 4406 2375 4470 magis
2399 4420 2557 4473 quam
2587 4405 2721 4460 ordo
2737 4405 3046 4474 displiceat,
3080 4408 3320 4476 uecjure
3341 4408 3548 4473 despici
3577 4420 3794 4478 propter

2201 4496 2412 4565 aliquos
2440 4496 2636 4564 possit,
2666 4497 2806 4564 quod
2838 4499 3252 4568 tuagnanimiter
3281 4499 3792 4553 servaturamultis.

2273 4608 2338 4662 Hi
2384 4619 2563 4664 autem
2606 4623 2734 4665 vere
2769 4609 2990 4666 modum
3019 4611 3386 4683 professionis
3429 4613 3586 4666 istius
3635 4627 3794 4667 exse-

2201 4715 2464 4773 quuntur,
2498 4704 2611 4773 qui,
2657 4713 2716 4757 ut
2756 4705 2869 4774 jam
2904 4705 3109 4758 dictum
3137 4716 3246 4771 est,
3293 4704 3552 4760 abseissis
3581 4705 3797 4775 penitus

2202 4797 2389 4852 s:ccnli
2423 4797 2682 4863 vinculis,
2717 4798 2770 4851 in
2801 4797 2935 4868 legis
2980 4800 3374 4854 exercitatione
3407 4808 3713 4864 versantur,
3746 4809 3799 4854 et

2201 4890 2464 4960 promissa
2491 4889 2558 4942 ad
2588 4890 2858 4959 integrum
2890 4891 3298 4958 prmstolautes,
3333 4903 3602 4960 prmeepta
3633 4892 3698 4945 ad
3725 4891 3800 4946 in.

2200 4991 2410 5050 tegrum
2455 4981 2684 5050 implere
2715 4983 2964 5036 nituntur
2996 5002 3006 5035 :
3037 4984 3133 5038 sed
3170 4985 3220 5037 in
3255 4983 3337 5037 his
3364 4998 3580 5053 quoque
3610 4984 3800 5037 obser-

2199 5074 2508 5127 vantiarum
2545 5091 2650 5128 non
2685 5089 2851 5144 parva
2884 5075 3138 5128 distantia
3173 5086 3288 5139 est;
3331 5089 3394 5128 ac
3425 5075 3546 5129 licet
3588 5075 3799 5129 cunctis

2206 5167 2402 5221 mereri
2433 5166 2582 5222 cordi
2609 5169 2678 5220 sit
2706 5167 2937 5234 gloriam
2969 5168 3297 5236 futurorum,
3323 5167 3416 5221 alii
3451 5176 3633 5221 tamen
3654 5183 3799 5221 sum-

2208 5260 2335 5326 mis,
2361 5258 2453 5313 alii
2479 5259 2847 5314 mediocribus
2878 5261 3120 5315 student.

2275 5350 2507 5418 Quidam
2530 5358 2694 5406 etiam
2719 5352 2861 5406 Velut
2891 5352 2942 5406 in
2967 5361 3243 5422 postremo
3265 5363 3428 5407 seetm
3453 5353 3612 5407 istius
3629 5356 3802 5422 gradu

2206 5457 2371 5513 parva
2395 5444 2780 5500 observatione
2801 5447 3066 5510 contenti,
3105 5457 3314 5500 tantum
3344 5446 3564 5501 caelibes
3587 5446 3798 5513 νίνιιΛ,

2207 5535 2292 5590 vel
2343 5551 2633 5605 numquam
2679 5539 2888 5607 experti
2940 5538 3290 5593 matrimonia
3337 5549 3683 5610 respuentes,
3712 5542 3799 5596 vel

2215 5652 2368 5724 batur
2398 5653 2453 5706 in
2476 5653 2694 5719 imperio
2724 5654 2961 5724 spiritus.

2279 5721 2304 5760 ιτ
2336 5724 2424 5779 Sic
2455 5724 2506 5778 in
2538 5725 2725 5780 codice
2752 5721 2904 5779 Lem.
2940 5726 2990 5779 in
3013 5724 3169 5780 editis
3214 5726 3287 5780 sic
3314 5741 3425 5782 vere
3451 5722 3603 5779 illud.
3629 5721 3777 5779 inira

2210 5794 2300 5849 ubi
2332 5798 2440 5866 fore
2469 5797 2625 5861 nosti,
2663 5797 2880 5851 mallem
2912 5798 3018 5866 fere
3048 5797 3194 5851 nosti.
