4092 6176
263 182 402 238 1155

1441 174 2074 234 CONSULTATIONUM
2115 174 2243 230 LIB.
2286 173 2376 230 Ill.

3421 171 3561 230 1154

259 298 587 352 amissorum
656 293 1043 351 recordatione
1090 290 1433 358 commoniti,
1495 292 1756 360 seetinda,
1813 293 1857 347 si
1886 295 1937 355 Α
1967 288 2366 345 immundorum
2391 285 2676 356 spirituum
2705 284 2900 339 victrix
2933 284 3242 340 constantia
3269 298 3417 356 smpe
3439 302 3545 342 con
3565 315 3575 321 --

264 389 433 459 prima
466 381 728 450 hab'uerc,
765 387 1044 450 devitant;
1075 384 1202 438 dum
1235 384 1467 438 alterum
1501 388 1615 440 fere
1645 401 1750 439 non
1776 401 1868 438 ca-

261 481 513 536 ventibus
547 479 816 549 provenit,
851 487 909 532 ut
952 487 1048 532 aut
1087 475 1231 546 quod
1280 477 1333 531 in
1368 477 1563 546 primis
1611 477 1864 546 perdide-

262 581 411 635 runt,
439 588 546 625 non
579 571 871 625 inveniant
900 569 952 624 in
983 569 1270 635 secundis;
1301 581 1391 622 aut
1414 585 1631 623 rursum
1653 569 1706 624 in
1736 586 1868 624 con-

268 665 622 735 sequentibus
643 665 947 735 patiamur,
989 664 1133 733 quod
1180 664 1461 720 caruerint
1493 665 1544 718 in
1575 665 1862 720 defunctis.

271 759 358 828 Hi,
389 764 632 830 inquam,
689 760 854 815 rebus
884 758 1188 816 communis
1232 758 1670 813 conversationis
1703 760 1869 814 inter-

266 865 415 922 sunt,
442 863 723 916 etsecret't
760 872 866 908 tton
896 862 1160 923 expetunt
1190 895 1205 917 ,
1237 855 1364 907 vita:
1392 852 1552 921 hujus
1575 864 1870 907 coasuetu-

266 944 448 1000 dinem
489 947 819 1011 retinentes;
855 955 912 999 ut
957 945 1122 1000 etiam
1164 945 1208 999 si
1248 959 1276 998 a
1311 943 1525 998 delictis
1555 946 1710 997 vacui
1752 942 1869 999 fore

266 1049 518 1110 possunt,
580 1039 860 1095 occasioni
913 1049 1094 1096 tamen
1145 1038 1462 1107 subjaceant
1511 1037 1865 1101 delictorum;

265 1132 390 1188 dum
445 1135 560 1203 lege
592 1135 842 1202 corporis
889 1132 942 1186 itt
990 1133 1268 1187 diversum
1306 1131 1557 1184 trahente
1589 1129 1870 1184 difficilius

263 1244 456 1300 magna
487 1229 798 1297 perficiunt,
826 1228 918 1297 qui
949 1236 1176 1297 possunt
1205 1226 1343 1281 mala
1370 1224 1564 1280 videre
1590 1224 1864 1279 nolentes.

265 1320 490 1374 Habitus
525 1319 608 1373 his
641 1333 741 1373 nec
771 1317 1172 1371 inhonorabilis
1223 1331 1327 1370 nec
1371 1316 1617 1384 ahjectus
1662 1325 1775 1379 est;
1817 1323 1871 1367 et

265 1423 361 1468 aut
390 1413 532 1468 idem
558 1414 648 1482 qtti
675 1412 931 1466 omnibus
954 1410 1107 1466 cibus
1135 1393 1402 1480 potusque
1423 1409 1750 1470 communis,
1781 1417 1874 1461 aut

264 1522 392 1562 raro
414 1508 696 1561 abstinens
723 1515 779 1561 et
799 1506 849 1560 in
877 1505 1061 1574 paucis
1087 1505 1315 1559 recisus.
1343 1501 1622 1557 Psallcndi
1647 1501 1874 1573 perinde

267 1604 458 1672 vigore
507 1617 613 1656 non
665 1600 900 1664 fervent,
960 1599 1236 1669 nullisque
1288 1599 1490 1665 vigiliis
1549 1605 1871 1652 nocturnam

1967 387 2229 458 greditur.
2284 383 2631 439 Cootinuatio
2681 382 2894 435 assidua
2940 379 3242 450 jejunaudi,
3277 391 3575 450 noctesque

1968 478 2276 548 pervigiles,
2312 486 2366 530 et
2399 484 2494 529 attt
2540 474 2657 528 sine
2685 472 2870 527 faleris
2911 473 3078 526 humo
3109 475 3432 542 corpuscula
3481 474 3578 530 de-

1967 572 2191 638 cubant,
2224 579 2318 626 aut
2359 585 2491 624 saxo
2541 567 2568 606 ³³
2618 569 2894 638 paulisper
2921 567 3130 636 dejecta
3177 568 3466 634 durantur,
3519 579 3579 624 ut

1967 681 2191 722 somnus
2232 680 2338 720 non
2389 665 2471 735 agi
2527 663 2776 718 videatur
2831 662 3089 731 injuriosa
3144 662 3432 730 brevitate,
3479 662 3577 718 sed

1968 761 2119 831 pelli.
2170 761 2301 814 llaec
2331 757 2721 814 monachorum
2772 757 3080 825 diversitas,
3132 765 3186 810 ct
3239 756 3362 810 talis
3411 757 3574 826 spiri-

1969 855 2150 910 taliter
2176 854 2482 923 degentium
2516 853 2756 908 C(BlCSllS
2790 852 2840 905 in
2876 851 3038 906 terris
3062 851 3240 919 agitur
3269 849 3577 920 disciplina.

1971 947 2078 1001 Pro
2109 947 2204 1001 Dei
2233 956 2412 1000 autem
2446 946 2666 1000 nomine
2696 944 2875 998 votiva
2908 959 3056 997 mors
3099 942 3378 1008 omnibus,
3411 955 3580 1012 atque

1971 1042 2219 1114 optabilis
2248 1042 2418 1097 sancti
2452 1042 2631 1096 exitus
2661 1055 2875 1110 pompa,
2918 1039 3043 1093 dum
3091 1039 3238 1093 nulla
3274 1039 3324 1093 in
3377 1039 3581 1093 sacculo

1971 1144 2354 1206 compensatur
2367 1134 2584 1202 injuria;
2600 1133 2742 1204 quod
2759 1131 3042 1186 etsublimi
3059 1130 3269 1186 honore
3285 1146 3506 1187 munera
3517 1147 3580 1184 n-

1972 1229 2291 1294 duntc~~t,et
2313 1228 2872 1296 sineullatemporum
2906 1227 3205 1282 mulatione
3233 1241 3574 1281 mansurum.

1996 1319 1999 1321 ’
2594 1320 2822 1377 CAPUT
2851 1320 2939 1375 IV.

2084 1413 2144 1468 Si
2175 1413 2355 1482 ﬁdeles
2381 1413 2626 1467 monac/ti
2654 1430 2685 1465 a
2718 1411 2816 1467 Dei
2843 1423 3099 1485 praecepto
3129 1413 3238 1467 hac
3267 1422 3468 1486 gerant.

2047 1507 2251 1561 APOLL.
2296 1535 2368 1545 —
2407 1505 2594 1576 Magna
2628 1515 2713 1559 est
2758 1507 2974 1575 quidem
3032 1505 3215 1560 talium
3269 1505 3584 1574 praedicatio

1977 1597 2260 1665 virtutum,
2303 1605 2359 1651 et
2388 1597 2438 1650 in
2472 1597 2566 1652 Dei
2597 1598 2877 1651 voluntate
2907 1607 2947 1665 _¢
2981 1597 3066 1651 vel
3115 1597 3368 1651 laudibus
3408 1597 3586 1651 famu—

270 1707 534 1765 rnmpunt
562 1697 842 1766 quietem;
893 1711 999 1748 non
1030 1692 1343 1763 profusum,
1387 1693 1482 1748 sed
1527 1691 1868 1746 tractabilem
1978 1690 2200 1746 lantium
2234 1689 2468 1745 servitus
2515 1689 2784 1759 gloriosa;
2831 1690 3088 1758 quoniam
3121 1689 3430 1759 huiusmodi
3468 1697 3587 1744 stu-

269 1803 496 1844 ccnsmn
529 1788 865 1853 poxccntium
899 1787 1098 1857 inopiae
1125 1794 1509 1856 suggerentes:
1544 1784 1678 1838 fides
1697 1782 1874 1837 calida

272 1891 379 1946 est,
410 1898 516 1936 non
552 1889 732 1934 tamen
772 1880 1022 1945 fervens;
1057 1888 1111 1934 ct
1144 1895 1296 1933 mens
1336 1877 1621 1945 religiosa,
1655 1893 1762 1929 non
1785 1891 1873 1930 re-

270 1969 461 2042 ligioni
510 1976 727 2038 penitus
779 1971 1017 2026 addicta.
1054 1969 1375 2040 Hujusmodi
1411 1979 1591 2022 autem
1641 1982 1875 2023 consue-

272 2064 405 2120 tudo
449 2064 717 2134 potiorum
746 2073 864 2129 est;
911 2065 1044 2118 locis
1073 2064 1305 2132 primum
1353 2061 1745 2116 remotioribus
1776 2060 1876 2114 ha-

274 2159 468 2224 bitant,
499 2158 711 2213 etiamsi
761 2157 813 2211 in
872 2156 1096 2211 urbibus
1136 2155 1360 2226 degant.
1408 2153 1700 2223 ipsumque
1744 2168 1880 2208 con-

275 2251 607 2306 versationis
631 2251 881 2303 ordinem
913 2266 1019 2302 non
1047 2246 1552 2318 quidemjactanter
1578 2253 1877 2308 ostentant,

278 2343 375 2400 sed
431 2344 498 2396 ab
550 2341 1024 2396 exhortationibus
1077 2340 1312 2393 aliorum
1354 2339 1492 2393 velle
1538 2339 1881 2408 supprimere

279 2435 484 2507 peceati
519 2436 636 2487 loco
666 2433 892 2488 ducunt.

354 2527 448 2582 llis
506 2525 864 2580 conveniendi
913 2541 1060 2580 unus
1117 2524 1374 2580 omnibus
1427 2523 1580 2578 locus
1625 2531 1734 2590 est,
1785 2522 1881 2578 sed

284 2618 487 2688 diSparj
519 2617 806 2682 manendi;
860 2617 1089 2671 vestitus
1151 2616 1398 2680 humilis,
1451 2615 1714 2685 cibusque
1771 2630 1881 2668 non

284 2713 550 2778 blandus;
584 2728 683 2767 nec
732 2712 960 2767 interest
991 2727 1058 2765 ex
1105 2726 1212 2780 quo
1243 2709 1590 2780 potissimum
1623 2708 1766 2774 sitis,
1795 2699 1883 2763 vel

283 2824 444 2879 quam
489 2809 582 2863 vili
631 2808 844 2878 liquore
873 2805 1124 2872 satietur,
1155 2805 1285 2859 dum
1319 2803 1539 2874 potandi
1580 2809 1765 2858 arceat
1789 2817 1883 2857 vo-

284 2901 569 2971 luptatem,
597 2911 652 2954 et
683 2900 788 2954 vim
811 2914 1044 2969 corpore
1071 2900 1410 2953 necessitatis
1436 2897 1710 2953 excludat.
1738 2895 1884 2951 Psal-

282 2994 428 3050 lendi
457 3011 586 3050 vero
613 2995 836 3050 intentis
859 2994 1060 3049 crebra
1093 3005 1218 3048 snnt
1247 2995 1445 3059 Studia,
1481 2994 1755 3063 certisque
1788 2992 1884 3045 ho-

285 3103 466 3143 rarum
501 3087 708 3141 vicibus
737 3086 990 3141 lamlandi
1021 3087 1189 3142 Deum
1210 3085 1430 3140 devotio
1453 3085 1740 3140 distributa
1761 3103 1772 3138 :
1797 3086 1884 3153 ju-

284 3183 366 3252 gis
391 3181 584 3250 jejnnii
618 3196 793 3249 usque
825 3181 892 3234 ad
944 3195 1230 3247 vesperum
1268 3179 1436 3244 labor,
1483 3187 1537 3233 et
1577 3195 1712 3246 opus
1738 3177 1888 3232 diur-

285 3289 414 3328 num
444 3282 602 3339 prout
631 3283 714 3328 est
745 3272 973 3328 scientia
1005 3280 1330 3336 exercetur;
1359 3281 1384 3308 α
1424 3287 1488 3325 ac
1511 3271 1739 3342 singulis
1765 3287 1886 3340 pro-

289 3367 467 3433 priqu
491 3365 631 3433 quod
660 3366 817 3418 alicui
841 3365 1103 3434 suppetit,
1129 3380 1235 3418 non
1259 3375 1376 3428 eSt;
1410 3373 1468 3417 et
1497 3374 1886 3418 cstcommuue

288 3458 430 3528 quod
485 3457 692 3512 deficit.
745 3456 873 3512 Ideo
922 3458 1138 3511 cunctis
1190 3456 1546 3511 exsecrabilis
1596 3465 1782 3524 torpor
1835 3463 1888 3510 et

287 3551 466 3603 virtus
489 3549 590 3604 nisi
624 3565 690 3605 ex
715 3550 898 3604 labore
927 3564 1034 3603 non
1059 3563 1392 3618 congruens.
1426 3547 1616 3602 Juncia
1662 3548 1889 3618 perinde

287 3642 504 3699 lectulis
552 3653 746 3706 strata,
807 3645 1098 3713 parvisque
1147 3643 1509 3697 velaininibus
1564 3644 1887 3712 permissum

289 3747 483 3787 somno
513 3747 712 3801 corpus
741 3733 1040 3804 obtegitur:
1091 3735 1222 3806 quin
1251 3735 1414 3788 etiam
1457 3734 1793 3804 supplicandi
1839 3735 1888 3789 in

290 3837 456 3882 nocte
486 3837 689 3882 statuta
719 3839 846 3881 sunt
891 3836 1163 3897 tempora,
1196 3837 1443 3895 notaique
1477 3828 1694 3897 vigilite.
1727 3827 1892 3882 Num-

291 3933 456 3990 quam
493 3928 756 3989 pra~terea
789 3917 896 3971 diei
929 3917 1194 3974 falluntur
1223 3917 1481 3984 ath'ntu,
1513 3917 1609 3972 sed
1637 3927 1891 3974 strenuos

291 4031 510 4086 semper
549 4015 847 4086 psallentes
875 4029 1086 4070 aurorae
1113 4028 1332 4082 tempus
1381 4016 1699 4082 exsuscitat,
1728 4026 1892 4086 atque

293 4109 602 4165 offerendas
653 4108 764 4164 Deo
801 4109 990 4163 laudes
1042 4108 1264 4163 devotio
1297 4109 1560 4162 matutina
1593 4108 1888 4176 compellit.

369 4203 430 4257 lli
461 4211 640 4257 autem
670 4202 865 4273 quibus
913 4201 1118 4272 primus
1149 4201 1510 4255 observantia:
1553 4200 1754 4271 gradus
1783 4210 1889 4266 est,

295 4294 401 4350 soli
451 4310 691 4349 cremum
743 4309 806 4349 ac
850 4294 1155 4365 squalentia
1205 4293 1416 4348 deserti
1451 4293 1569 4348 loca
1624 4293 1889 4362 habitant,

296 4389 546 4459 verisque
589 4388 866 4443 vocabulis
896 4387 1195 4459 nuncupati
1222 4386 1552 4457 singularem
1585 4387 1894 4456 transigunt

1978 1783 2080 1837 diis
2110 1795 2162 1838 et
2198 1783 2496 1852 perniciosa
2522 1784 2646 1837 vita-
2672 1783 2826 1838 istius
2852 1783 3216 1837 blandimenta
3244 1783 3507 1847 vitantur,
3529 1789 3587 1839 et

1979 1875 2230 1946 perennis
2261 1875 2614 1930 beatitudinis
2646 1874 2866 1945 praemia
2909 1876 3328 1945 conquiruntur.
3359 1873 3582 1944 Singula

1981 1980 2160 2026 tamen
2191 1986 2312 2042 quae
2345 1985 2375 2024 a
2405 1969 2661 2025 fidelibus
2689 1971 2974 2025 monachis
2997 1970 3080 2040 agi
3109 1969 3358 2040 superius
3387 1969 3581 2024 memi-

1981 2067 2130 2128 nisti,
2187 2081 2250 2120 ex
2305 2064 2402 2117 Dei
2450 2066 2724 2121 monentis
2786 2079 3010 2119 manare
3065 2070 3340 2133 praecepto
3387 2063 3578 2118 ordine

1981 2169 2170 2227 coepta:
2217 2157 2614 2212 informationis
2665 2156 2894 2210 ostende
2937 2172 2950 2208 :
3005 2171 3127 2208 nam
3177 2156 3368 2224 procul
3417 2155 3586 2210 dubio

1980 2251 2189 2307 clarum
2240 2260 2345 2318 est,
2409 2249 2599 2305 incerti
2658 2249 2848 2303 eadem
2897 2263 3023 2302 esse
3054 2247 3338 2311 momenti,
3390 2247 3586 2302 sinon

1982 2341 2101 2412 ejus
2125 2342 2450 2397 auctoritate
2478 2351 2730 2411 suscepta
2761 2349 2912 2406 sunt,
2942 2353 2972 2392 a
3001 2355 3109 2410 quo
3145 2349 3200 2395 et
3243 2338 3586 2395 muneranda

1982 2437 2303 2492 creduntur.

2057 2528 2258 2584 Zaccu.
2292 2557 2363 2568 ——
2391 2527 2657 2596 Specialis
2683 2526 2919 2598 primum
2944 2525 3375 2595 expetendorum
3406 2539 3588 2582 secre-

1986 2633 2162 2677 torum
2190 2619 2476 2675 monachis
2503 2633 2666 2674 causa
2697 2627 2800 2683 est,
2837 2629 2889 2672 ut
2925 2617 3148 2687 peccati,
3177 2617 3317 2672 sicut
3336 2617 3448 2687 jam
3473 2616 3590 2672 dic-

1985 2726 2097 2772 tum
2129 2707 2232 2782 est,
2276 2717 2436 2770 etiam
2473 2714 2816 2769 Occasionem
2869 2711 3135 2778 devitem,
3166 2722 3221 2766 et
3262 2712 3459 2780 quibus
3485 2727 3587 2768 vo—

1983 2811 2160 2865 luntas
2208 2810 2260 2863 in
2289 2809 2566 2879 pr0posito
2612 2818 2757 2862 recta
2804 2816 2908 2876 est,
2943 2816 3101 2861 actus
3132 2805 3272 2860 alius
3320 2821 3446 2862 esse
3479 2821 3588 2862 non

1987 2904 2183 2974 possit;
2241 2903 2404 2958 simul
2459 2902 2696 2972 denique
2746 2910 2804 2955 ut
2854 2900 3052 2956 bellum
3095 2909 3285 2958 contra
3326 2901 3586 2956 saeculum

1986 2998 2314 3068 suscepturi,
2360 2997 2509 3051 nulla
2554 2996 2742 3050 tntmdi
2782 2994 3101 3066 frangantur
3132 2994 3426 3061 illecebra;
3476 2993 3590 3050 fer-

1911 3081 1956 3145 C
1991 3107 2122 3147 vens
2153 3093 2296 3146 enim
2344 3092 2394 3144 in
2448 3090 2641 3161 spiritu
2672 3090 2806 3144 fides
2852 3089 3016 3144 rebus
3048 3089 3190 3144 illius
3220 3088 3439 3144 inimica
3481 3097 3586 3160 est,

1988 3185 2128 3240 sicut
2152 3184 2388 3239 Joannes
2421 3184 2472 3238 in
2504 3183 2746 3253 Epistula
2779 3197 2874 3236 sua
2907 3181 3189 3251 prmdicat,
3222 3183 3446 3238 dicens:
3480 3182 3598 3236 Νο-

1989 3277 2079 3331 lite
2107 3276 2324 3348 diligere
2368 3276 2620 3330 mundum
2671 3291 2834 3346 neque
2870 3291 2929 3328 ea
2967 3290 3082 3345 qua:
3129 3275 3184 3328 in
3216 3274 3411 3328 munda
3449 3283 3589 3331 sunt.

1992 3368 2052 3424 Si
2099 3370 2214 3440 quis
2246 3369 2486 3422 dilexerit
2517 3368 2790 3433 mundum,
2824 3383 2927 3420 non
2971 3377 3042 3420 est
3073 3365 3302 3420 cltaritas
3333 3365 3509 3420 Patris
3539 3367 3594 3420 in

1990 3463 2116 3530 illo;
2164 3464 2287 3535 quia
2317 3463 2489 3518 omnia
2519 3478 2634 3531 qua:
2661 3467 2713 3515 in
2747 3460 2942 3514 mundo
2981 3471 3124 3527 sunt,
3177 3461 3596 3531 concupiscentia

1991 3559 2184 3623 carnis,
2218 3565 2266 3610 et
2297 3555 2716 3626 concupiscentia
2748 3554 3045 3620 oculorum,
3099 3564 3145 3606 et
3175 3554 3390 3607 ambitio
3417 3552 3598 3608 seculi

1993 3660 2064 3705 est
2099 3649 2142 3721 (Ι
2169 3648 2328 3702 Joan.
2360 3665 2418 3717 ll,
2462 3649 2548 3705 15.
2583 3649 2696 3714 i6).
2726 3645 2963 3702 Jacobus
2996 3647 3244 3702 similiter
3275 3665 3288 3700 :
3345 3647 3598 3713 Nescitis,

1993 3744 2202 3813 fratres,
2244 3744 2363 3811 quia
2407 3742 2641 3794 amicitia
2679 3743 2838 3813 hujus
2869 3741 3051 3794 mundi
3091 3741 3302 3795 inimica
3331 3751 3405 3796 est
3454 3739 3600 3809 Deo;

1994 3846 2040 3891 et
2084 3837 2391 3906 quicumque
2427 3835 2644 3888 voluerit
2675 3835 2875 3887 amicus
2919 3849 3031 3888 esse
3061 3834 3217 3905 hujus
3260 3833 3463 3897 seaculi,
3495 3835 3598 3888 ini-

1993 3931 2157 3984 micas
2189 3929 2286 3983 Dei
2335 3929 2676 3983 constituetur
2705 3924 2847 3996 (Jac.
2895 3941 2972 3994 tv,
3005 3926 3090 3996 4)?
3129 3925 3370 3982 VcSIitus
3415 3936 3597 3983 autem

1994 4021 2380 4088 humilitatem,
2413 4031 2465 4075 et
2491 4020 2676 4090 jugem
2720 4018 3056 4089 jejuniorttm
3086 4018 3329 4074 laborem
3362 4019 3477 4075 Deo
3504 4035 3598 4076 ac-

1994 4116 2317 4186 ceptabilcm
2363 4115 2479 4170 fore
2527 4113 2695 4168 David
2742 4113 3056 4182 specialiter
3101 4113 3322 4181 indicat,
3367 4113 3595 4169 dicens:

1997 4209 2130 4280 Ego,
2185 4209 2375 4277 inquit,
2433 4225 2547 4262 cum
2587 4208 2719 4261 mihi
2767 4207 2971 4262 molesti
3009 4198 3196 4272 essent,
3230 4206 3485 4263 induebar
3528 4209 3604 4263 ci-

1996 4304 2156 4358 licio:
2206 4312 2253 4357 et
2300 4305 2352 4355 in
2373 4301 2582 4375 jejunio
2611 4299 2956 4355 humiliabam
2997 4303 3228 4354 animam
3275 4319 3445 4356 meam
3478 4301 3598 4370 (Ps.

1996 4414 2183 4462 xxxiv,
2220 4395 2332 4468 15).
2376 4397 2438 4450 Et
2466 4396 2663 4450 iterum
2693 4410 2708 4447 :
2745 4393 2908 4449 Posui
2937 4396 3292 4449 vestimentum
3322 4412 3490 4450 meum
3526 4397 3604 4451 ci-

297 4483 482 4552 vitatn,
534 4493 625 4537 aut
669 4483 871 4537 caVatis
920 4483 971 4536 in
1004 4483 1369 4536 habitaculum
1420 4482 1568 4536 saxis
1615 4483 1891 4538 subterra-
1918 4474 1968 4534 D
1996 4489 2177 4544 licium
2209 4488 2328 4559 (Ps.
2380 4504 2567 4551 vant,
2604 4486 2720 4556 12).
2755 4485 2863 4540 Et:
2912 4485 3112 4540 Panem
3156 4502 3322 4539 meum
3365 4502 3483 4539 cum
3530 4487 3605 4539 εί-

299 4575 417 4631 neis
473 4575 744 4646 specubus
799 4589 827 4628 a
883 4574 1000 4629 sole
1053 4581 1110 4628 et
1163 4573 1426 4627 imbribus
1490 4582 1890 4642 temperantes,

294 4685 434 4741 pane
473 4670 644 4725 veteri
680 4678 735 4724 et
783 4670 902 4725 sine
939 4670 1181 4724 ciborum
1220 4667 1531 4736 adiectione
1578 4676 1893 4733 vescuntur,

299 4771 578 4817 sumentes
607 4777 796 4829 purum
845 4776 875 4815 e
903 4759 1143 4814 fontibus
1181 4768 1363 4827 potum
1399 4777 1411 4812 :
1445 4760 1670 4815 vesﬁtus
1702 4760 1896 4814 talLbus

301 4863 394 4910 aut
441 4854 584 4921 pelli~
607 4853 691 4907 ius
739 4865 833 4907 aut
885 4852 1130 4907 cilicintts
1168 4861 1274 4913 est,
1318 4863 1370 4904 et
1416 4852 1576 4904 totius
1605 4851 1728 4906 vita:
1767 4866 1897 4905 usus

302 4947 355 5000 in
405 4961 576 5016 agone
628 4945 824 5000 mentis
872 4955 927 4998 et
965 4943 1228 5012 corporis.
1272 4941 1390 4997 lam
1435 4959 1565 4997 vero
1611 4943 1676 4996 ad
1727 4945 1895 4999 Deum

304 5037 658 5093 incessabiles
704 5053 918 5108 preces,
959 5052 1025 5092 ac
1073 5036 1398 5107 supplicatio
1426 5036 1478 5091 in
1519 5037 1770 5091 sacrificii
1820 5038 1897 5090 vi-

304 5146 422 5186 cem
481 5131 658 5196 cedit;
722 5133 805 5184 vel
863 5131 910 5184 si
955 5131 1172 5199 quando
1216 5130 1285 5184 ah
1339 5130 1582 5184 oratione
1630 5137 1900 5198 cessatur,

307 5223 576 5294 psallendi
626 5223 799 5293 gratia
853 5221 1065 5277 canitur
1121 5223 1235 5276 laus
1284 5221 1488 5290 divina,
1547 5230 1600 5276 et
1655 5221 1905 5276 alacritas

305 5317 502 5371 mentis
545 5315 806 5372 exercitio
856 5313 1122 5383 religiosa:
1167 5312 1525 5383 jucunditatis
1567 5313 1899 5368 accenditur.

303 5406 450 5462 lueSt
481 5420 741 5475 praeterea
775 5406 1066 5461 multifaria
1096 5405 1406 5460 daemonum
1440 5405 1618 5471 turba,
1669 5414 1721 5458 et
1767 5405 1909 5459 dolis

313 5579 329 5604 μς
381 5552 405 5576 ιι
437 5541 527 5596 Sic
557 5543 719 5599 edere
751 5543 1064 5604 maluimtts,
1097 5558 1255 5614 quam
1289 5552 1348 5596 ut
1389 5543 1440 5596 in
1473 5539 1638 5612 priori
1668 5540 1911 5596 editione

308 5627 340 5664 α
369 5614 607 5683 singulis.
643 5614 824 5686 (Infra,
877 5617 966 5671 ubi
1016 5613 1334 5683 scripsimus
1378 5630 1578 5680 semper
1607 5613 1906 5686 psallentes,

313 5699 379 5740 ex
411 5686 601 5741 codice
633 5685 793 5742 Vind.
820 5698 976 5743 antea
1006 5687 1282 5758 legebatur
1314 5702 1517 5756 semper
1543 5685 1799 5756 fallentis.

1997 4601 2116 4638 nere
2145 4582 2438 4639 miscebant.
2471 4591 2521 4635 et
2551 4590 2727 4647 potant
2756 4595 2929 4633 meum
2952 4595 3068 4631 cum
3098 4580 3223 4647 fletu
3250 4580 3600 4650 temperabant

2001 4674 2118 4744 (Ps.
2153 4692 2226 4736 Cl,
2279 4675 2386 4744 10).
2425 4674 2684 4728 Dominus
2734 4688 2869 4728 vero
2907 4671 3133 4726 Joannis
3186 4671 3426 4726 habitum
3473 4688 3607 4742 prae-

1999 4767 2209 4825 dicans.
2253 4767 2328 4821 ait
2365 4785 2377 4819 :
2415 4766 2551 4831 Quid
2585 4766 2766 4820 existis
2795 4765 2848 4818 in
2878 4767 3136 4818 desertum
3165 4764 3382 4819 videre?
3411 4764 3603 4820 Homi-

2001 4876 2120 4914 nem
2150 4857 2386 4910 mollibus
2415 4857 2730 4910 vestimentis
2771 4854 3048 4909 indutum?
3080 4853 3218 4909 Ecce
3248 4857 3337 4926 qui
3365 4856 3608 4913 mollibus

2005 4951 2291 5004 vestiuntur
2313 4949 2363 5001 in
2393 4947 2630 5002 domibus
2660 4963 2839 5016 regunt
2871 4956 2991 5000 sunt
3015 4945 3238 5015 (Matth.
3267 4962 3341 5010 st,
3373 4947 3440 5013 8;
3474 4947 3605 5004 Luc.

2009 5056 2102 5102 vti,
2135 5038 2252 5109 25).
2290 5039 2362 5093 lbi
2415 5038 2617 5094 scilicet
2663 5038 2869 5093 cultum
2902 5036 3020 5091 fore
3063 5037 3310 5094 indicans
3337 5037 3607 5110 habitum,

2011 5131 2100 5185 ubi
2131 5140 2185 5186 et
2216 5145 2369 5185 nsum
2403 5129 2456 5184 in
2481 5128 2849 5196 voluptatibus
2877 5127 3240 5183 abundantem
3274 5147 3288 5183 :
3318 5139 3432 5183 erat
3460 5134 3608 5186 enim

2005 5223 2233 5279 vestitus
2275 5222 2416 5277 illius
2447 5221 2516 5276 de
2547 5219 2667 5288 pilis
2697 5221 2912 5284 cameli,
2939 5220 2992 5275 id
3021 5232 3127 5286 est,
3157 5222 3318 5276 etiam
3353 5219 3602 5278 lanarum

2014 5315 2243 5370 mollitie
2269 5313 2484 5368 habitus
2510 5327 2726 5368 carens.
2758 5311 2905 5367 Zona
2938 5311 3162 5382 perinde
3189 5311 3392 5380 pellicia
3421 5312 3609 5383 cinge-

2013 5408 2203 5473 batur;
2251 5417 2306 5462 et
2339 5408 2521 5461 vinum
2556 5422 2619 5461 ac
2663 5407 2894 5462 siceram
2923 5420 3032 5460 non
3065 5405 3282 5471 bibens,
3314 5404 3511 5462 edebat
3537 5405 3619 5462 lo-

2085 5538 2236 5597 1tlta
2288 5539 2488 5611 legitur
2537 5539 2588 5594 in
2634 5538 2826 5594 codice
2857 5537 3042 5604 Vind.;
3076 5541 3133 5597 in
3163 5537 3332 5610 priori
3378 5536 3620 5594 editione

2017 5611 2286 5683 paulisper
2309 5615 2564 5684 projecta.

2024 5675 2539 5810 'vcdttanc'vocem,
2571 5696 2694 5752 qua:
2724 5681 2943 5748 deerat,
2984 5681 3356 5761 ascripsimus
3379 5693 3412 5732 c
3443 5675 3632 5734 codice

2073 5771 2126 5810 m
2169 5793 2183 5809 .
