4074 6204
470 247 606 314 “=33

1718 225 2039 298 ZACCUEI
2067 232 2461 300 CHRISTIANI

3624 240 3768 298 ΗΜ

461 383 648 431 costas
671 377 727 426 et
748 369 855 426 mel
880 369 1164 424 SilVBSll‘GZ
1196 364 1456 437 elegantis
1498 359 1895 434 paratiorisque
1920 370 2052 413 con-
2079 356 2127 418 Α
2158 374 2554 430 informationis
2602 375 2840 430 oraculis
2895 371 3248 444 prmﬁﬂgere;
3307 387 3514 444 eosque
3551 371 3607 427 in
3649 388 3769 427 (ιω-

461 467 588 521 vivii
617 465 799 534 copias
817 478 922 518 non
948 461 1250 532 requirens,
1274 474 1340 514 eo
1363 467 1571 514 tantum
1596 455 1876 514 utebatur.
1909 451 2053 521 quod

462 559 650 612 electa:
677 554 1076 610 conversationi
1108 568 1208 608 nec
1255 549 1480 607 inferret
1527 547 1816 632 luxuriam,
1850 541 2058 632 necl’gi:

465 657 656 722 gnerct
683 659 982 717 sumptum.
1609 635 1612 637 λ
1645 631 1654 636 ³
1719 629 1728 636 ·
1837 629 1874 633 η
1929 628 1931 631 -

537 743 690 801 Unde
739 742 906 798 Heliae
948 755 1198 811 magnum
1247 737 1351 792 iter
1380 752 1444 792 ex
1496 733 1586 790 Dei
1631 731 1876 802 iussione
1919 727 2062 784 subi-

462 846 585 896 turo
615 852 754 905 aqua
795 844 1002 890 tantum
1055 832 1125 888 ab
1173 831 1401 901 Angelo,
1447 838 1505 885 et
1553 827 1674 883 vilis
1707 824 1926 894 ponitur
1969 838 2061 887 pn-

462 927 569 986 nis.
624 925 809 982 Daniel
858 940 986 979 vero
1019 932 1078 980 ttt
1125 921 1519 977 desideriorum
1565 927 1592 956 ⁸
1623 917 1862 972 obtineat
1899 912 2060 969 elice—

463 1032 598 1088 tum,
633 1019 840 1091 poculis
883 1019 1117 1088 ciboque
1149 1032 1257 1072 non
1289 1014 1512 1070 fruitur.
1544 1011 1664 1083 ipse
1691 1009 1926 1079 denique
1957 1006 2060 1060 Do-

463 1115 642 1172 minus
697 1114 750 1168 in
803 1111 1008 1182 jejunio
1064 1118 1118 1168 et
1178 1107 1483 1163 humilitate
1541 1104 1816 1159 diabolum
1873 1101 2059 1166 vincit,

461 1206 921 1276 sicutApostolus
951 1204 1022 1258 ait
1055 1220 1067 1256 :
1105 1202 1450 1272 Semetipsum
1504 1198 1809 1262 exinanivit,
1842 1199 2064 1267 formant

462 1301 597 1356 servi
643 1299 902 1368 accipiens
943 1294 1203 1367 (Philipp.
1238 1310 1298 1360 tt,
1331 1293 1410 1364 7),
1460 1301 1515 1345 ut
1560 1307 1652 1344 nos
1683 1300 1732 1345 et
1763 1295 2067 1359 paupertate

461 1392 610 1448 illius
674 1390 1173 1460 cltritesriﬁerentus,
1245 1398 1292 1442 et
1351 1387 1414 1441 ab
1479 1386 1677 1457 injuria
1745 1383 2067 1450 salvaretnur

466 1485 534 1557 (ll
567 1483 688 1539 Cor.
717 1500 826 1550 vnt,
853 1484 932 1551 9).
959 1482 1060 1550 Qui
1093 1489 1275 1536 tamen
1299 1495 1423 1535 cum
1456 1478 1508 1536 itt
1539 1478 1736 1536 eodem
1761 1486 2064 1542 susceptam

463 1593 530 1636 ex
569 1576 824 1648 gentibus
853 1575 1160 1645 gubernare
1208 1573 1374 1627 vellet
1424 1570 1743 1639 Ecclesium,
1793 1568 2068 1627 nbatincn-

465 1672 594 1730 tiam
645 1687 863 1741 quoque
894 1670 1072 1726 verbis
1127 1668 1330 1722 talibus
1367 1666 1721 1735 praedicavit:
1767 1663 1968 1717 Bonum
1996 1670 2068 1717 est

465 1781 569 1820 non
621 1762 936 1818 manducare
965 1776 1167 1826 carnes,
1221 1768 1266 1813 et
1316 1775 1420 1814 non
1470 1758 1638 1812 bibere
1679 1756 1856 1812 vinum
1886 1752 2066 1826 (Rom.

471 1873 588 1921 xw,
621 1856 740 1925 2i).
781 1858 834 1909 in
865 1872 965 1926 quo
995 1865 1068 1909 est
1115 1854 1326 1910 luxuria
1355 1850 1573 1925 (Ep/tes.
1609 1867 1659 1913 v,
1710 1848 1822 1917 18).
1875 1847 1931 1902 id
1965 1857 2070 1913 est,

470 1961 530 2006 ut
561 1950 730 2006 Deum
786 1964 938 2004 mens
985 1947 1265 2004 humiliata
1299 1945 1424 2016 plus
1471 1944 1695 2014 cogitet,
1745 1955 2075 2010 carnemque

469 2045 770 2115 subiectam
831 2059 860 2099 a
913 2044 1042 2098 luxu
1104 2042 1305 2111 pariter
1353 2049 1686 2109 sumptuquc
1729 2036 2074 2100 suinnoveat,

471 2154 578 2210 quo
614 2139 798 2208 utique
824 2147 880 2192 et
909 2134 1210 2206 quatrendo
1249 2147 1600 2200 occupamur,
1635 2142 1688 2184 et
1719 2129 2079 2184 sollicitamur

473 2245 758 2298 espenso:
791 2243 911 2283 cum
955 2229 998 2284 si
1029 2228 1080 2282 itt
1120 2227 1211 2281 Dei
1262 2240 1488 2293 regnum
1521 2222 1711 2278 intenti
1745 2221 1922 2292 potius
1964 2219 2081 2276 luc-

476 2323 670 2384 rimus,
708 2322 759 2374 in
791 2319 1110 2374 exhibendis
1161 2315 1485 2372 necessariis
1528 2315 1796 2368 sententia
1840 2313 1930 2368 illa
1974 2328 2080 2368 non

477 2405 646 2482 desit,
694 2429 798 2485 qua
840 2414 1106 2481 scriptum
1138 2423 1221 2466 est
1258 2427 1272 2464 :
1323 2408 1504 2466 Nolite
1548 2404 1763 2463 solliciti
1807 2423 1914 2461 esse
1955 2406 2083 2476 quid

478 2508 827 2574 manducetis,
848 2516 936 2559 aut
957 2505 1084 2576 quid
1114 2503 1321 2569 bibatis,
1350 2513 1436 2556 aut
1459 2501 1584 2572 quid
1615 2499 1905 2553 restiamini
1927 2497 2080 2569 (Luc.

479 2619 577 2670 xu,
611 2601 727 2673 22);
771 2601 1018 2672 quoniam
1067 2599 1176 2653 lucc
1206 2607 1383 2668 gentes
1431 2596 1700 2666 requirunt
1745 2593 1939 2664 (Ibid.,
1969 2591 2083 2662 50):

478 2697 568 2754 illi
593 2697 804 2754 scilicet
833 2709 1055 2765 quarunt
1088 2701 1261 2746 venter
1292 2690 1418 2745 deus
1449 2698 1558 2756 est,
1591 2697 1638 2742 et
1681 2703 1798 2755 spes
1829 2689 1994 2740 omnis
2034 2688 2087 2740 in

482 2789 722 2861 faucibus
754 2786 1014 2859 (Philipp.
1044 2801 1124 2849 ιιι,
1173 2783 1285 2856 19).
1335 2782 1544 2850 Quibus
1587 2780 1806 2845 edendi,
1844 2778 2086 2834 bibendi-

483 2901 587 2956 que
633 2883 954 2940 animalium
1007 2895 1160 2937 tnore
1208 2879 1322 2932 sola
1377 2892 1440 2932 ac
1491 2875 1762 2946 praecipua
1813 2889 1944 2928 cura
1983 2881 2086 2928 est.

484 2976 804 3034 Praedictum
836 2984 1018 3031 autem
1053 2974 1132 3028 rei
1182 2971 1437 3026 ﬁduciam
1473 2969 1564 3026 tali
1606 2969 1854 3038 protinus
1885 2966 2088 3023 contir-

485 3073 654 3128 ntavit
678 3071 933 3140 exemplo
975 3087 986 3123 :
1020 3069 1250 3138 Aspicite
1276 3065 1512 3122 volatilia
1542 3066 1652 3133 caeli
1687 3082 1704 3119 :
1761 3081 1861 3118 non
1911 3071 2084 3128 arant,

487 3181 649 3236 neque
695 3170 894 3226 serunt,
946 3177 1108 3232 neque
1154 3161 1208 3214 in
1259 3159 1447 3213 Itorrea
1471 3165 1752 3228 congerunt
1788 3173 1800 3208 :
1841 3166 1890 3209 et
1934 3153 2090 3208 Pater

483 3268 647 3314 uester
673 3256 837 3329 pascit
868 3254 1081 3322 (Matth.
1125 3269 1198 3320 vt,
1232 3252 1362 3322 26):
1411 3253 1487 3305 sic
1517 3260 1562 3304 et
1594 3266 1680 3303 uos
1726 3249 1942 3304 modica:
1969 3248 2094 3318 ﬁdei

488 3349 685 3419 (lbid.,
717 3349 810 3419 50)
846 3366 858 3402 :
907 3348 1002 3402 scit
1032 3346 1173 3401 enim
1205 3343 1368 3397 Pater
1395 3351 1556 3397 rester
1583 3343 1704 3413 quia
1741 3339 1820 3394 Itis
1859 3339 2093 3396 omnibus

489 3443 765 3515 indigetis;
803 3441 977 3508 itaque
1007 3441 1220 3509 qttterite
1248 3437 1474 3506 primum
1502 3451 1716 3506 regnum
1747 3433 1863 3501 Dei,
1893 3445 1944 3490 et
1983 3433 2094 3488 hac

491 3535 668 3590 omnia
707 3539 1034 3605 opponentur
1059 3530 1201 3584 vobis
1235 3529 1428 3601 (lbid.,
1463 3528 1556 3596 δί,
1589 3529 1712 3600 53);
1750 3528 1800 3583 id
1833 3540 1914 3584 est
1935 3569 1950 3592 ,
1997 3542 2095 3584 nec

496 3627 845 3697 opinantibus
899 3624 1308 3694 prtebebnntur.
1345 3622 1499 3680 Unde
1531 3621 1846 3694 Apostolus,
1881 3631 1936 3676 ut
1967 3635 2094 3689 pos-

493 3718 660 3774 sideri
701 3718 888 3775 omnia
917 3718 1106 3788 pOSsit,
1143 3716 1276 3771 nihil
1325 3716 1377 3769 in
1407 3714 1781 3770 sollicitudine
1814 3713 2097 3784 possiden—

492 3815 620 3870 dum
655 3813 918 3880 declarat,
951 3813 1144 3869 dicens
1181 3829 1194 3866 ι
1233 3810 1301 3866 Ut
1333 3810 1465 3868 nihil
1508 3811 1772 3876 habentes,
1827 3821 1873 3863 et
1924 3809 2097 3865 omnia

495 3909 814 3981 possidentes
864 3906 931 3979 (ll
979 3906 1100 3964 Cor.
1151 3922 1226 3972 vt,
1299 3906 1408 3975 10).
1462 3905 1650 3975 itaque
1694 3905 1953 3975 intelligis
2004 3919 2097 3959 eos

499 4001 815 4070 proprietati
867 4015 981 4055 suae
1026 4009 1222 4056 cuncta
1265 4000 1538 4068 subjicere
1585 4001 1676 4069 qui
1726 4006 1921 4056 cuncta
1967 4011 2098 4052 con-

498 4093 843 4164 tempserint,
913 4102 1078 4164 atque
1143 4091 1512 4162 insipientium
1566 4092 1772 4162 judicio
1831 4106 2099 4162 pauperes

498 4187 672 4253 credi,
719 4187 809 4258 qui
843 4198 967 4243 sunt
1016 4188 1069 4241 iu
1123 4186 1220 4243 Dei
1263 4186 1620 4257 promissione
1675 4187 1991 4252 locupletes,
2041 4194 2099 4242 et

501 4281 830 4351 temporaria
885 4296 1047 4350 parva
1099 4281 1422 4350 despiciunt,
1478 4289 1536 4335 ut
1593 4289 1852 4352 perpetua
1905 4295 2094 4352 magna

503 4383 815 4428 mereantur
850 4393 859 4425 :
897 4373 1090 4443 hisque
1133 4375 1186 4429 in
1219 4377 1420 4430 saeculo
1450 4389 1610 4444 egere
1655 4375 1900 4431 contenti
1944 4385 2093 4444 sunt,

2117 3111 2168 3182 α

2160 465 2388 522 lestibus
2419 466 2538 538 plus
2568 466 2763 522 mereri
2783 466 2873 538 qui
2904 466 2970 522 de
3004 467 3240 520 terrenis
3269 481 3429 536 parva
3462 479 3774 536 praesump-

2159 560 2354 623 serint,
2387 568 2550 629 atque
2579 559 2645 614 ad
2696 558 2799 614 hoc
2848 557 3151 614 monachos
3179 558 3330 613 duris
3371 558 3778 614 observationi-

2161 648 2263 704 bus
2317 651 2543 717 erudiri,
2607 662 2664 706 ut
2728 665 2835 706 non
2893 651 3073 707 solum
3125 648 3279 717 vitia,
3331 649 3425 705 sed
3481 649 3776 705 materiam

2159 753 2444 814 amputent
2493 745 2770 800 vitiorum.
2807 743 2963 800 Unde
3002 757 3150 799 nunc
3204 743 3429 799 evidens
3481 743 3784 798 continen-

2162 838 2250 893 tiae
2317 847 2369 891 et
2425 835 2753 903 virginitatis
2811 844 3146 905 praeceptum
3203 833 3393 890 iisdem
3461 833 3782 904 Scriptura-

2164 945 2280 984 rum
2340 928 2764 983 auctoritatibus
2821 928 3031 998 pande;
3091 943 3265 998 quare
3317 927 3553 998 denique
3619 928 3781 982 czrli-

2165 1021 2260 1076 bes
2304 1036 2410 1074 non
2449 1021 2626 1074 solum
2659 1019 2879 1076 casibus
2928 1019 3078 1087 lacti,
3109 1019 3206 1075 sed
3251 1034 3280 1074 a
3323 1018 3488 1090 iustis
3530 1035 3783 1076 COIH'etl-

2167 1113 2311 1169 tibus
2339 1113 2702 1180 abstinentes,
2736 1123 2888 1168 recte
2917 1112 3139 1181 quidem
3172 1112 3357 1168 illicita
3381 1113 3776 1180 condemnant,

2166 1207 2260 1261 sed
2311 1205 2662 1261 nihilominus
2734 1206 2877 1261 licita
2930 1215 3025 1261 aut
3077 1215 3447 1277 aSpernantur
3496 1215 3585 1260 aut
3653 1221 3780 1261 res-

2168 1311 2369 1372 puunt;
2430 1300 2460 1340 b
2509 1315 2633 1370 quin
2687 1300 2732 1353 si
2787 1297 2978 1370 utique
3031 1314 3094 1354 es
3149 1308 3425 1370 prmeepto
3473 1298 3783 1354 divinitatis

2169 1406 2224 1448 ιιι
2281 1393 2538 1464 praedicta
2596 1400 2888 1462 venerunt,
2943 1392 3240 1447 eaiuhritcr
3285 1393 3575 1463 exiguntur
3619 1409 3631 1443 :
3692 1393 3778 1447 sin

2168 1498 2350 1543 autem
2385 1501 2412 1539 a
2445 1485 2657 1542 caelesti
2685 1485 3080 1540 informatione
3125 1485 3372 1555 seiuncta
3422 1494 3580 1550 sunt;
3612 1498 3780 1556 quam

2179 1581 2251 1636 ob
2279 1596 2500 1636 causam
2551 1581 2700 1636 velut
2740 1589 2993 1650 oporteat
3043 1579 3413 1650 imperantur,
3454 1594 3578 1650 qua:
3626 1588 3685 1634 et
3726 1579 3780 1634 in

2175 1677 2569 1732 observatione
2592 1674 2859 1738 tiil‘liciiia,
2891 1682 2947 1728 et
2980 1675 3031 1727 in
3065 1673 3251 1728 labore
3276 1673 3397 1728 sine
3417 1671 3596 1727 fructu
3619 1670 3787 1726 sunt?

2247 1769 2447 1824 Zaccn.
2482 1797 2553 1808 -—
2609 1767 2737 1821 Adae
2762 1766 2982 1836 quidem
3013 1781 3041 1818 ιι
3091 1764 3360 1836 principio
3405 1764 3607 1819 dictum
3643 1774 3732 1820 est
3767 1780 3784 1816 :

2176 1863 2301 1917 Non
2345 1871 2419 1917 est
2466 1862 2658 1914 bonum
2700 1875 2810 1914 esse
2854 1859 3023 1914 solum
3076 1857 3233 1930 (Gen.
3288 1872 3347 1926 ιι,
3395 1858 3510 1928 18).
3544 1857 3610 1912 Ει
3662 1873 3786 1912 mox

2177 1955 2618 2027 procreationnm
2650 1953 2924 2008 sententia
2956 1952 3286 2007 subsecuta:
3319 1949 3546 2006 Crescite
3571 1959 3621 2005 et
3655 1951 3789 2004 mul—

2179 2050 2515 2118 tiplicamini.
2544 2058 2592 2102 et
2617 2046 2808 2118 rtplcte
2835 2055 3027 2099 terram
3049 2042 3205 2116 (Gen.
3249 2061 3288 2110 ι,
3321 2043 3423 2108 Ξες
3467 2061 3542 2110 tx,
3573 2044 3652 2113 1).
3681 2044 3785 2098 Sed

2179 2143 2316 2195 facta
2366 2140 2544 2194 eidem
2600 2149 2762 2209 atque
2791 2153 2858 2192 ex
2899 2137 3094 2192 eodem
3153 2137 3354 2191 mulier
3395 2138 3544 2206 prius
3587 2136 3786 2190 solatio

2181 2249 2340 2305 quam
2371 2231 2627 2302 coniugio
2660 2230 2790 2295 luit,
2824 2230 3003 2286 donec
3034 2244 3062 2283 a
3115 2229 3369 2300 paradiso
3417 2228 3786 2285 inobcdientia

2182 2326 2388 2381 laceret
2433 2338 2710 2391 estorres,
2761 2338 2896 2393 quos
2930 2324 3070 2378 intra
3124 2322 3432 2393 paradisum
3480 2321 3789 2377 obedientla

2186 2421 2474 2486 tenuisset,
2507 2434 2570 2474 ac
2614 2428 2739 2490 post
2769 2418 2942 2473 beatre
2971 2418 3118 2474 sedis
3153 2433 3465 2479 excessum,
3499 2417 3790 2472 mulierem

2185 2529 2341 2567 suam
2376 2512 2562 2581 pulsus
2593 2520 2940 2581 agnosceret,
2969 2511 3112 2565 libro
3141 2510 3371 2566 Genesis
3396 2511 3499 2566 hoc
3521 2511 3790 2566 docente:

2192 2604 2257 2659 Et
2289 2607 2522 2678 cognovit
2551 2605 2718 2658 Adam
2767 2604 3032 2658 mulierem
3061 2620 3232 2671 suam,
3277 2613 3327 2658 et
3353 2603 3588 2673 concepit
3616 2614 3665 2656 ct
3709 2621 3795 2674 pe-

2193 2698 2323 2766 perit
2364 2697 2533 2765 ﬁlium
2581 2694 2738 2768 (Gen.
2794 2711 2870 2762 tv,
2915 2695 2990 2767 1).
3024 2695 3168 2765 Ergo
3219 2693 3493 2750 addictum
3547 2694 3793 2749 laborem

2192 2792 2394 2859 nuptiae
2426 2797 2848 2859 praecesserunt,
2900 2799 2955 2844 et
2988 2789 3214 2843 tribulos
3262 2789 3558 2859 apinasque
3585 2787 3796 2858 passuri

2195 2883 2423 2951 praevius
2476 2881 2732 2952 adjecere
2781 2891 3113 2946 conventus;
3186 2889 3371 2935 secuta
3433 2880 3485 2933 in
3541 2894 3802 2951 procrea-

2197 2975 2430 3030 tionibus
2463 2975 2643 3039 ttndia,
2687 2983 2744 3029 et
2791 2976 3089 3042 parituram
3133 2973 3276 3028 aliud
3329 2974 3614 3044 praecessit
3659 2973 3801 3029 edic.

2199 3078 2310 3122 tum
2341 3086 2354 3121 :
2385 3069 2453 3122 In
2478 3067 2676 3131 dolore,
2709 3067 2911 3138 inquit,
2943 3078 2988 3121 ct
3033 3082 3252 3122 maerore
3277 3068 3452 3139 paries
3477 3067 3616 3137 ﬁlios
3640 3065 3794 3136 (Gen.

2200 3176 2277 3226 ιιι,
2312 3161 2426 3232 16).
2481 3161 2628 3229 Quos
2660 3161 2847 3232 utique
2876 3161 2957 3216 sic
2996 3171 3213 3216 creatos
3255 3159 3482 3226 diversi,
3515 3170 3576 3214 ut
3620 3160 3798 3215 cerni-

2200 3270 2342 3318 mus,
2376 3268 2533 3307 casus
2579 3254 2870 3322 luctusque
2900 3253 3274 3322 subriperent.
3307 3253 3464 3309 Unde
3505 3251 3797 3321 Apostolus

2198 3345 2500 3417 prmtiicans
2529 3346 2603 3400 ait
2635 3364 2647 3398 :
2685 3345 3098 3402 Tribulationem
3125 3355 3293 3401 tamen
3322 3349 3498 3401 carnis
3545 3347 3799 3401 habebunt

2201 3436 2498 3506 hujusmodi
2550 3437 2591 3506 (Ι
2639 3436 2766 3493 Cor.
2810 3452 2905 3503 vn,
2957 3437 3075 3507 98).
3130 3439 3246 3494 Non
3288 3446 3470 3494 tamen
3518 3441 3804 3511 coniugio.

2199 3543 2319 3584 rum
2353 3529 2765 3585 inhonorabiies
2817 3529 2920 3584 tori
2972 3529 3158 3601 (Hebr.
3206 3543 3320 3595 xm,
3352 3528 3432 3600 4),
3479 3539 3574 3585 aut
3613 3532 3806 3584 imma-

2200 3622 2441 3677 culatum
2495 3622 2676 3677 cubile
2724 3623 2844 3677 sine
2899 3622 3076 3677 fructu
3133 3633 3219 3678 est
3267 3641 3278 3676 :
3338 3637 3538 3694 nempe
3584 3623 3803 3701 soboles

2203 3713 2334 3769 inde
2387 3724 2734 3781 sanctorum;
2784 3723 2839 3770 et
2887 3715 3031 3786 quod
3081 3715 3331 3771 laudatur
3365 3718 3416 3770 in
3466 3716 3802 3787 virginitate,

2202 3806 2434 3878 conjugii
2466 3817 2571 3873 est,
2613 3808 2709 3863 sed
2760 3808 3047 3864 sublimius
3081 3811 3438 3865 continentia:
3478 3811 3800 3879 praemium;

2201 3902 2514 3971 celsiorque
2554 3901 2866 3971 virginitas,
2898 3916 2997 3958 nec
3027 3913 3207 3973 petest
3233 3904 3423 3959 timere
3455 3904 3601 3973 quod
3632 3905 3808 3959 minor

2203 3995 2294 4061 sit,
2327 4008 2426 4049 nec
2455 3994 2614 4049 debet
2668 3994 2930 4050 insultare
2961 3997 3084 4066 quia
3114 3997 3288 4066 major
3318 4006 3406 4052 est
3449 4014 3461 4050 :
3511 4008 3534 4035 ε
3589 3997 3686 4054 sed
3716 4011 3799 4052 ca-

2204 4088 2404 4144 tholica
2475 4089 2856 4159 interpretatio
2911 4090 3172 4145 distincta
3240 4090 3492 4146 honestis
3545 4091 3805 4164 coniugiis

2203 4184 2480 4254 pratconia
2527 4184 2734 4238 tribuat
2784 4185 3081 4250 castitatis;
3140 4185 3496 4241 continentia:
3553 4187 3800 4241 meritum

2203 4275 2611 4332 abstinentibus
2667 4287 2907 4346 reputet,
2961 4277 3188 4350 integris
3242 4278 3531 4348 praemium
3587 4278 3807 4349 virgini-

2204 4369 2328 4424 tatis
2370 4370 2628 4425 ascribat.
2677 4369 2790 4424 lloc
2817 4380 2903 4425 est
2944 4385 3057 4425 non
3106 4371 3374 4425 damnare
3403 4369 3550 4441 quod
3609 4371 3806 4425 bonum

501 4481 622 4534 qua:
667 4465 736 4520 ab
785 4465 907 4518 aliis
934 4479 1058 4520 cum
1103 4466 1424 4522 discrimine
1459 4466 1762 4522 honestatis
1791 4477 1848 4522 et
1879 4469 1999 4523 vita:
2028 4468 2096 4523 ad
2128 4479 2174 4540 ι)
2201 4478 2304 4529 est,
2353 4465 2448 4520 sed
2489 4465 2723 4520 suadere
2760 4466 2904 4535 quod
2937 4465 3160 4530 melius;
3191 4464 3338 4521 unde
3370 4465 3504 4520 illud
3537 4468 3594 4520 in
3620 4464 3809 4534 Scrip-

504 4555 609 4614 hoc
655 4572 752 4628 per
798 4571 960 4612 omne
1005 4573 1182 4613 rerum
1223 4567 1497 4616 contracta
1545 4560 1854 4629 pariuntur,
1904 4569 1964 4615 ut
2006 4570 2100 4616 aut

499 4665 628 4707 mox
685 4650 736 4706 itt
792 4651 998 4706 saeculo
1058 4650 1270 4708 hisdem
1323 4652 1630 4710 viventibus
1683 4663 1950 4722 pereant,
2008 4661 2101 4709 aut

501 4745 826 4816 quandoque
865 4745 934 4801 de
975 4747 1178 4804 sarculo
1222 4747 1528 4805 recessuris
1569 4748 1810 4818 peritura
1839 4763 1963 4803 cum
2005 4763 2102 4804 sa:-

508 4837 631 4895 culo
660 4839 1064 4910 relinquantur.

1141 4931 1370 4990 CAPUT
1404 4933 1472 4989 V.

508 5019 594 5076 Ea:
639 5022 823 5090 quibus
855 5024 1146 5095 Scripturis
1174 5027 1494 5083 continentia
1543 5027 1622 5083 rel
1650 5026 1921 5097 virginitas
1972 5042 2106 5095 pra:-

575 5113 838 5177 dicentur;
870 5116 946 5169 vel
975 5118 1018 5171 si
1047 5127 1362 5190 praeceptum
1398 5128 1476 5173 est
1522 5127 1576 5173 ut
1608 5120 1855 5192 conjugia
1887 5134 1981 5188 pro
2009 5117 2106 5173 Dei

577 5225 754 5265 amore
765 5218 1093 5278 separentur.

575 5304 779 5358 Areu.
813 5331 882 5344 —-
928 5298 1093 5358 Clare
1123 5304 1711 5377 patuiteontemptutn
1757 5307 1942 5364 mundi
1981 5319 2104 5363 cum

504 5393 816 5452 humilitate
861 5396 1092 5453 vestitus
1117 5397 1577 5471 continentiaeque
1600 5402 1904 5473 proposito,
1935 5416 2107 5459 sacrae

583 5554 821 5629 “Statim
870 5557 922 5610 in
964 5557 1130 5622 priori
1161 5556 1403 5613 editione
1456 5560 1785 5629 sequebatur
1835 5577 1939 5618 vox
1984 5563 2116 5618 desi-

502 5624 791 5698 deriorum.
823 5641 984 5696 quam
1015 5630 1379 5698 expnnvimus
1428 5639 1488 5685 ut
1527 5624 1798 5686 inutilem.
1833 5632 1999 5698 infra,
2057 5635 2112 5690 in

503 5697 696 5752 codice
726 5697 914 5763 Vittd.,
948 5697 1098 5754 vellet
1128 5699 1445 5765 Ecclesium,
1474 5702 1525 5755 in
1551 5701 1716 5757 editis
1746 5704 1886 5757 velit.

575 5766 601 5805 ιι
628 5767 718 5824 Sic
748 5767 919 5825 codex
956 5769 1139 5835 Vind.;
1171 5775 1320 5841 prior
1348 5772 1542 5838 editio,
1578 5773 1623 5826 si
1654 5774 1845 5844 itaque.
1876 5774 1923 5842 ii";

2203 4559 2338 4614 turis
2365 4561 2591 4614 evidens
2622 4561 2979 4615 continentiae
3001 4561 3389 4616 documentum
3416 4571 3502 4616 est
3529 4575 3544 4612 :
3580 4559 3808 4624 Sciebat,

2204 4654 2402 4722 inquit,
2455 4652 2717 4708 Dominus
2758 4654 3011 4724 quoniam
3062 4655 3356 4709 minoratus
3389 4664 3467 4709 est
3517 4650 3724 4719 Israel,
3767 4662 3816 4706 et

2205 4762 2309 4800 non
2349 4757 2421 4799 est
2444 4750 2562 4818 jam
2588 4748 2866 4802 derelictus
2905 4756 3092 4819 preter
3134 4749 3474 4802 continentes.
3509 4746 3670 4815 Quod
3714 4745 3816 4802 Sa-

2207 4840 2390 4893 lomon
2424 4839 2698 4908 inSpiritu
2728 4840 3037 4909 praevidens
3064 4840 3172 4894 ait:
3204 4840 3429 4909 Tempus
3453 4837 3809 4912 amplexandi,

2209 4941 2260 4987 et
2289 4943 2489 5002 tempus
2535 4934 2688 5006 longe
2717 4935 2830 5004 ﬁeri
2860 4934 2926 4988 ab
2954 4935 3199 5004 amplexu
3229 4932 3404 5006 (Eccl.
3451 4948 3529 5002 ιιι,
3563 4932 3640 5002 5).
3676 4932 3813 5002 Quia

2212 5029 2472 5098 praecepti
2505 5028 2708 5083 veteris
2736 5037 2842 5096 est,
2895 5038 2954 5082 ttt
3005 5037 3152 5083 terra
3200 5025 3684 5097 procreationith
3716 5027 3816 5080 int-

2213 5121 2459 5189 pleatur;
2491 5121 2618 5175 novi
2645 5127 2847 5185 autem,
2878 5129 2937 5175 ιιι
2960 5119 3299 5176 continentia
3325 5125 3493 5190 atque
3523 5120 3814 5187 virginitas

2206 5212 2436 5284 impleat
2494 5214 2717 5270 omium.
2785 5213 2939 5270 Unde
3004 5228 3105 5285 per
3168 5213 3494 5269 Zachariam
3548 5212 3815 5269 Dominus

2206 5307 2318 5363 ait:
2354 5308 2540 5364 Sancti
2569 5309 2772 5379 lapides
2813 5310 3090 5364 volvuntur
3118 5325 3275 5381 super
3319 5317 3533 5371 terram,
3583 5311 3636 5361 tn
3658 5309 3817 5379 jure-

2207 5399 2362 5455 nibus
2393 5401 2645 5469 triticum,
2677 5402 2855 5456 vinum
2885 5416 3044 5456 suave
3071 5401 3214 5457 olens
3241 5402 3293 5455 in
3325 5395 3813 5473 uirginibus(ZucIt.

2294 5571 2316 5599 ο
2347 5561 2423 5617 ita
2450 5563 2612 5619 edere
2642 5563 2817 5627 libuit.
2851 5581 2971 5622 cum
3005 5573 3168 5622 antea
3189 5564 3392 5620 editum
3424 5569 3589 5630 esset,
3619 5562 3716 5619 sed
3737 5578 3816 5614 ca—

2221 5631 2415 5691 tholica
2466 5637 2905 5705 interpre‘atione.
2939 5637 3100 5703 Ini'ra,
3135 5634 3226 5694 ubi
3276 5638 3562 5705 minoratus
3602 5643 3676 5705 est
3732 5633 3811 5689 ls-

2220 5708 2350 5772 racl,
2385 5709 2437 5762 in
2468 5703 2656 5764 codice
2680 5708 2834 5764 Lem.
2862 5709 3106 5774 habetur,
3139 5719 3350 5764 voratus
3374 5715 3447 5763 est
3476 5703 3665 5761 Israel.
