4092 6176
282 194 419 248 HE)?

1466 177 2096 248 CONSULTATIONUM
2133 185 2266 247 LIB.
2307 185 2398 245 lll.

3443 191 3584 253 1158

279 327 356 376 ιχ,
391 309 504 377 l6).
559 309 620 364 In
675 306 974 377 Evangelia
1023 305 1262 376 denique
1321 304 1623 376 spadonum
1667 305 1882 360 diversa
1909 312 1956 370 Α
1987 305 2206 370 raritas,
2231 314 2286 359 et.
2309 303 2550 360 divinam
2584 304 2925 376 maiestatem
2942 303 3101 362 seriis
3125 303 3305 374 p0tius
3330 302 3585 364 laudibus

277 419 475 472 genera
527 412 930 459 memorantur:
980 400 1080 455 sed
1116 400 1224 456 illis
1267 399 1529 468 specialis
1557 399 1710 468 regni
1755 413 1880 467 pos-

277 498 452 552 sessio
477 495 792 565 deputatur,
825 494 914 565 qui
947 508 1007 549 se
1036 493 1152 562 ejus
1181 507 1344 547 causa
1375 502 1429 546 et
1458 507 1643 545 amore
1676 501 1881 547 castra-

276 592 492 655 veriut;
528 589 581 644 id
614 599 718 656 est,
756 603 864 644 non
896 603 1033 659 quos
1080 586 1537 655 impos~ibilitatis
1581 585 1880 641 necessitas

277 684 442 752 cogit,
503 681 598 738 sed
659 697 796 752 quos
841 681 1095 735 voluntas
1149 679 1318 734 ellicit
1367 679 1733 734 continentes.
1788 678 1881 735 Sic

277 776 422 832 enim
455 774 718 842 scriptum
750 781 854 836 est,
891 773 1120 828 Domino
1148 771 1463 840 disputante
1503 787 1516 822 :
1573 769 1713 826 Sunt
1759 787 1882 839 spa-

278 867 434 922 dones
457 868 545 938 qui
573 865 638 920 ab
676 864 967 920 hominibus
1000 866 1162 932 fiunt;
1194 872 1239 917 et
1267 873 1386 917 sunt
1415 861 1675 932 spadones
1701 862 1789 932 qui
1817 862 1881 915 ab

276 972 425 1014 utero
474 959 656 1013 matris
686 973 796 1013 sua:
823 959 895 1010 ita
925 959 1034 1010 nati
1063 966 1218 1022 sunt;
1249 965 1295 1009 et
1324 967 1444 1008 sunt
1493 954 1747 1025 :padones
1794 954 1883 1022 qui

275 1069 330 1106 se
356 1060 711 1107 castraverunt
743 1060 948 1122 propter
977 1067 1190 1120 regnum
1233 1048 1482 1103 ctelorum
1511 1045 1728 1119 (Matth.
1764 1063 1877 1114 XIX,

279 1143 390 1216 12).
428 1146 502 1200 De
531 1145 728 1215 quibus
759 1159 857 1205 oer
882 1143 1077 1199 Isaiam
1107 1142 1308 1197 dicitur
1339 1158 1351 1193 :
1401 1139 1546 1195 Dabo
1574 1138 1680 1194 illis
1710 1140 1882 1194 locum

273 1238 539 1290 meliorem
569 1236 692 1302 ﬁliis
723 1246 770 1289 et
799 1234 1010 1305 ﬁliabus
1039 1233 1178 1305 (Isti.
1211 1249 1319 1300 LVI,
1353 1235 1432 1302 5).

346 1331 521 1395 Quam
577 1338 763 1385 tamen
820 1330 956 1385 adeo
1007 1329 1164 1383 ardui
1216 1344 1280 1385 ac
1309 1326 1643 1402 sublimioris
1675 1327 1880 1398 praemii

273 1439 398 1480 esse
424 1423 700 1490 professus
724 1431 832 1486 est.
867 1435 926 1478 ut
959 1423 1269 1478 dicentibus
1297 1423 1534 1492 quodam
1560 1425 1681 1477 loco
1705 1421 1881 1490 Apos-

271 1518 440 1572 tolis:
474 1516 536 1572 Si
556 1517 634 1572 sic
663 1526 740 1571 est
762 1515 964 1570 homini
988 1534 1146 1572 causa
1191 1533 1309 1569 cum
1353 1515 1587 1581 muliere,
1621 1530 1742 1584 ergo
1775 1530 1877 1567 non

271 1609 476 1680 expedit
504 1608 716 1673 nubere,
753 1609 849 1664 ille
882 1608 1231 1676 reSpondet'it
1265 1624 1277 1660 :
1314 1607 1414 1673 Qui
1457 1616 1621 1675 potest
1667 1622 1875 1675 capere,

1982 410 2141 467 quam
2175 393 2366 450 facetis
2405 395 2598 450 deceat
2622 395 2899 449 honorari.

2052 486 2250 541 Zsccu.
2284 515 2353 526 —~
2377 485 2621 541 lulentos
2649 485 2865 555 quidem
2898 484 3129 539 orationi
3164 500 3230 540 ac
3256 499 3356 554 per
3401 489 3586 544 omnia

1981 584 2156 634 serios
2186 579 2368 634 offerri
2401 595 2499 634 nos
2518 580 2608 634 Dei
2633 579 3018 648 conspecribus
3046 580 3126 633 fas
3148 588 3248 646 est,
3275 590 3330 634 et
3353 597 3587 653 prospe-

1984 689 2103 728 rum
2133 682 2356 730 actuum
2399 673 2641 746 regimen
2685 674 2950 743 subjectis
2978 673 3232 729 sensibus
3263 675 3544 744 postulare
3571 693 3584 741 ;

1983 768 2079 825 sed
2104 783 2330 824 necessu
2361 778 2444 823 est
2477 780 2531 822 ιιι
2555 773 2706 823 ocius
2740 770 2995 838 impetret
3035 768 3124 837 qui
3160 768 3360 837 Str-pius
3391 768 3589 840 deprc-

1981 873 2160 928 catur,
2189 863 2418 917 Domino
2445 865 2496 918 in
2530 862 2835 934 Evangeliis
2859 863 3209 930 depromente
3239 879 3252 915 :
3285 864 3446 917 Amen
3470 865 3588 918 dico

1983 954 2142 1019 vobis,
2167 956 2211 1008 si
2235 971 2336 1008 non
2354 954 2497 1008 dabit
2527 965 2738 1026 prapter
2763 955 3070 1022 amicitiam,
3095 954 3238 1008 dabit
3257 965 3469 1026 propter
3496 955 3588 1008 itit-

1983 1050 2394 1119 portunitatem(
2422 1048 2548 1104 Luc.
2583 1065 2653 1110 st,
2689 1047 2806 1120 8);
2856 1048 2907 1103 id
2933 1059 3040 1111 est,
3090 1050 3134 1104 si
3170 1063 3359 1119 parum
3409 1056 3590 1118 potest

1983 1143 2236 1197 obtinere
2265 1157 2362 1213 per
2395 1143 2672 1206 meritum,
2708 1142 2935 1212 rogandi
2973 1141 3280 1212 frequentia
3325 1141 3587 1211 praevale-

1985 1233 2080 1287 bit.
2117 1233 2270 1290 Unde
2299 1239 2497 1289 iterum
2536 1251 2546 1286 :
2579 1233 2741 1288 Orate
2787 1236 2897 1288 sine
2937 1235 3336 1300 intermissione,
3358 1244 3410 1287 ut
3441 1233 3587 1304 digiti

1981 1324 2276 1382 habeamini
2305 1326 2529 1397 e/fugere
2558 1329 2693 1383 mala
2742 1345 2857 1398 qtae
2897 1339 3271 1396 superrentura
3301 1337 3416 1382 sunt
3446 1327 3584 1382 vobis

1983 1420 2137 1487 (Luc.
2167 1438 2278 1487 ut,
2308 1423 2422 1492 56).
2458 1423 2560 1479 Per
2592 1423 2946 1478 Salomoucm
2977 1439 3108 1479 vero
3139 1421 3376 1492 Spiritus
3406 1422 3536 1477 dicit
3569 1442 3579 1478 :

1987 1511 2066 1566 Ne
2092 1515 2388 1583 impediaris
2419 1533 2570 1568 orare
2599 1533 2803 1584 semper
2828 1516 2844 1586 (
2868 1516 3032 1572 Eccli.
3067 1531 3220 1580 tum,
3412 1520 3587 1586 Apos-

1983 1608 2125 1661 tolus
2181 1609 2409 1678 perinde
2453 1627 2465 1661 :
2517 1609 2737 1663 Orontes
2795 1610 3164 1664 incessabiliter
3218 1611 3415 1680 gratias
3470 1609 3582 1664 Deo

271 1701 443 1770 capiat
473 1699 692 1770 (Mauh.
725 1717 838 1767 xix,
873 1702 981 1771 10).
1013 1701 1130 1757 Νοιι
1152 1715 1286 1772 ergo
1311 1709 1644 1770 pr.rceptum
1659 1700 1724 1754 de
1741 1715 1870 1754 con-

1976 1699 2109 1769 agite
2139 1715 2157 1752 :
2179 1702 2288 1754 haec
2315 1705 2450 1755 enim
2479 1711 2552 1755 est
2587 1703 2823 1756 voluntas
2862 1704 2972 1774 ejus
2996 1702 3039 1771 (Ι
3076 1702 3251 1758 Thess.
3288 1719 3342 1770 ν,
3373 1704 3489 1774 ‘28).
3521 1701 3578 1758 ltt

271 1794 592 1861 liuentibus,
617 1797 712 1851 sed
743 1798 928 1850 suasio
957 1805 1078 1860 est;
1115 1812 1212 1850 nec
1241 1793 1538 1864 injuugitur
1567 1792 1869 1861 virginitas,

271 1897 328 1941 ut
354 1889 426 1940 sit
459 1889 828 1953 necessitatis,
887 1887 1009 1951 sed,
1057 1900 1112 1942 ut
1156 1887 1455 1942 voluntatis
1501 1886 1674 1956 possit
1720 1899 1870 1951 esse,

269 1979 545 2045 laudatur,
575 1981 839 2050 Apostolo
865 1992 1201 2051 protestante
1231 1999 1243 2033 :
1270 1979 1350 2035 De
1372 1981 1654 2050 virginibus
1697 1989 1872 2034 autem

268 2083 582 2143 prwceptutn
606 2073 814 2128 Domini
843 2090 946 2127 non
972 2073 1134 2126 habeo
1166 2088 1181 2124 :
1209 2073 1299 2127 sed
1328 2072 1606 2125 consilium
1627 2072 1718 2137 do,
1744 2079 1872 2122 tom-

266 2177 488 2237 quamet
513 2167 621 2237 ipse
640 2167 911 2220 scientiam
952 2163 1052 2220 Dei
1083 2163 1295 2218 habens.
1329 2160 1588 2216 Existimo
1617 2177 1741 2233 ergo
1773 2161 1870 2214 hoc

267 2260 453 2313 bonum
494 2275 605 2314 esse
658 2271 866 2328 prapter
912 2260 1186 2312 instantem
1212 2257 1592 2318 necessitatem,
1620 2255 1870 2323 quoniam

267 2353 459 2406 bonum
485 2361 560 2406 est
583 2351 782 2405 homini
806 2353 878 2405 sic
905 2367 1015 2406 esse
1043 2349 1084 2420 (I
1111 2348 1231 2402 Cor.
1269 2347 1468 2412 Vtt,25,
1491 2345 1608 2416 ιϐ).
1633 2344 1872 2400 Joannes

267 2433 398 2498 vero
428 2444 481 2498 in
513 2443 842 2515 Apocalypsi
865 2459 964 2497 eos
988 2451 1198 2495 tantum
1245 2440 1380 2508 Agui
1424 2437 1669 2507 vestigiis
1700 2436 1872 2491 inhre-

267 2553 391 2592 rere
416 2537 743 2607 prtescribit.
773 2538 863 2604 qui
887 2532 1245 2590 contaminati
1274 2532 1566 2588 mulierum
1589 2531 1869 2586 conrenti-

266 2630 369 2686 bus
418 2645 528 2685 non
586 2631 830 2696 luerunt,
874 2629 1066 2685 dicens
1116 2643 1130 2680 :
1185 2627 1254 2680 ηε
1296 2635 1418 2681 sunt
1460 2625 1549 2689 qui
1583 2633 1872 2694 sequuntur

267 2723 475 2796 Agitant
498 2739 818 2793 quocumque
840 2721 1012 2787 radit;
1040 2718 1095 2772 hi
1120 2728 1238 2773 sunt
1267 2720 1358 2789 qui
1389 2733 1442 2772 se
1471 2733 1587 2771 cum
1637 2707 1871 2769 mulieri-

267 2817 359 2870 bus
381 2833 482 2870 non
505 2817 968 2882 coinquinaverunt
994 2832 1011 2879 ;
1061 2815 1283 2884 virgines
1311 2813 1448 2866 enim
1475 2818 1872 2882 permanserunt

268 2909 473 2980 (Apoc.
522 2925 635 2976 tm,
665 2911 697 2964 4
733 2911 772 2978 ).
823 2907 1202 2962 Ρταξΐυηιηιυι·
1244 2909 1426 2975 itaque
1464 2903 1872 2960 rationabiliter

268 3000 518 3066 meliora,
574 3000 669 3056 sed
715 3012 898 3055 tamen
948 3014 1066 3068 qua:
1093 2998 1383 3053 humiliora
1414 3005 1560 3061 sunt,
1591 2996 1732 3050 mala
1759 3010 1867 3048 non

1976 1792 2072 1846 illo
2099 1803 2282 1849 autem
2310 1795 2378 1851 de
2404 1798 2638 1851 canticis
2660 1798 2832 1851 sancti
2885 1798 3148 1852 Carminis
3205 1806 3354 1852 textu
3409 1805 3581 1851 totum

1973 1885 2205 1953 Scrium,
2239 1895 2522 1956 totumque
2574 1887 2892 1942 venenbile
2923 1897 3042 1953 est;
3080 1885 3329 1956 adeoque
3376 1888 3580 1941 Sanctis

1973 1976 2208 2032 cultibus
2226 1975 2472 2047 dignum,
2510 1988 2566 2034 ut
2596 1994 2661 2032 eo
2693 1993 2910 2050 seraper
2937 1979 3295 2033 autlaudetur
3321 1977 3580 2034 divinitas

1973 2081 2065 2124 aut
2108 2082 2323 2126 oretur.
2359 2072 2469 2126 lloc
2494 2073 2640 2127 enim
2696 2072 2808 2128 illic
2841 2073 3174 2143 indulgentia
3207 2072 3388 2128 divina
3421 2087 3578 2142 pros-

1975 2161 2141 2228 pexit,
2175 2175 2301 2215 cum
2352 2162 2653 2217 iulirmitati
2707 2173 2909 2219 nostr-.e
2937 2165 3297 2233 abusionique
3329 2166 3584 2220 consule—

1976 2263 2080 2318 ret,
2118 2265 2172 2308 ut
2207 2255 2454 2311 tristibus
2506 2257 2682 2321 mitia,
2741 2258 2952 2314 severis
2995 2259 3196 2314 blanda
3243 2260 3584 2330 permiscens

1974 2346 2125 2401 abire
2152 2363 2253 2402 nos
2277 2364 2494 2419 quoquo
2527 2349 2692 2404 modo
2715 2365 2743 2404 a
2775 2349 2859 2404 sui
2891 2353 3278 2407 recordatione
3300 2367 3406 2408 non
3434 2353 3581 2408 siue-

1975 2445 2080 2505 ret,
2115 2454 2237 2494 cum
2265 2441 2383 2509 ejus
2418 2441 2684 2495 benelicia
2715 2456 2827 2496 non
2873 2444 3050 2498 solum
3084 2443 3252 2513 Ιοίμιὶ,
3286 2445 3382 2501 sed
3408 2455 3577 2515 etca—

1974 2545 2107 2585 nere
2154 2531 2475 2599 delectaret,
2519 2533 2703 2605 Moyse
2733 2534 2969 2602 primum
3025 2544 3146 2602 post
3196 2533 3366 2588 Rubri
3409 2536 3578 2590 matis

1976 2621 2289 2689 transitum,
2323 2625 2403 2679 sic
2428 2623 2658 2680 docente
2693 2641 2704 2674 τ
2751 2623 3023 2680 Cantemus
3068 2623 3316 2694 Domino,
3358 2627 3579 2698 glcriorc

1973 2715 2112 2768 enim
2137 2713 2514 2785 honoriﬁcatus
2539 2726 2613 2771 est
2643 2716 2858 2788 (Exod.
2895 2734 2991 2786 xv,
3026 2718 3098 2789 1).
3147 2719 3317 2776 David
3349 2721 3576 2790 perinde

1974 2821 2073 2876 pro
2102 2806 2369 2863 bonorum
2408 2809 2770 2864 retributione
2802 2810 2929 2879 quid
2963 2811 3076 2865 Deo
3111 2813 3453 2880 potissimum
3491 2814 3577 2867 of-

1973 2898 2146 2956 ferret
2164 2901 2408 2972 eligi-nti,
2435 2901 2690 2957 cantandi
2713 2899 3090 2972 psallendiltue
3111 2904 3396 2959 ammuitas
3409 2905 3571 2971 Sedit;

1973 2992 2050 3046 ait
2071 2993 2216 3048 enim
2247 3011 2260 3046 :
2288 2993 2519 3049 Cantabo
2546 2993 2773 3050 Domino
2795 2998 2884 3066 qui
2906 2997 3036 3050 bona
3060 2998 3241 3052 tribuit
3288 2998 3415 3068 mihi
3438 3006 3453 3070 (
3476 2999 3574 3056 Ps.

267 3102 430 3156 sunt;
458 3107 560 3146 nec
587 3091 809 3162 aliquod
853 3093 902 3144 in
931 3091 1136 3160 nuptiis
1166 3089 1417 3158 signatur
1434 3087 1699 3144 delictum
1731 3102 1746 3152 ;
1775 3085 1870 3141 sed
1899 3079 1944 3142 C
1980 3086 2170 3161 xn,6).
2203 3088 2270 3144 Et
2303 3107 2318 3146 :
2345 3087 2580 3144 Psallam
2605 3091 2804 3144 noniini
2830 3101 2938 3159 tuo,
2973 3091 3238 3146 Altissime
3260 3091 3377 3162 (Ps.
3397 3109 3471 3161 ts,
3494 3093 3575 3164 5).

268 3195 326 3240 ut
357 3185 518 3254 paulo
547 3195 674 3240 ante
699 3194 977 3255 cognosti,
1013 3191 1240 3254 prepter
1268 3181 1659 3237 instantisliois
1676 3193 1868 3234 neci-s-

265 3279 512 3339 sitatem.
543 3294 612 3334 ne
641 3278 938 3333 secundum
994 3276 1371 3345 Evangelium,
1411 3273 1503 3329 Vc
1548 3273 1863 3345 pt'ceqnauti-

267 3369 363 3424 bus
384 3381 430 3424 et
445 3371 790 3425 nutrientibus
814 3371 884 3425 sit
916 3368 1067 3438 (Luc.
1098 3385 1214 3432 ut,
1239 3368 1356 3436 23),
1388 3368 1728 3424 continentia
1751 3383 1865 3436 per-

266 3464 548 3530 suadetur,
584 3462 748 3517 simul
776 3473 831 3516 ut
861 3461 1129 3516 districta:
1185 3460 1541 3517 satisfactioni
1569 3459 1867 3525 aliquando

266 3554 587 3618 sintdediti,
615 3553 705 3624 qui
738 3554 1006 3623 conjttgiis
1031 3563 1388 3616 vacaverunt;
1422 3568 1485 3606 ac
1519 3559 1863 3622 peccatorum

268 3661 435 3701 onera
483 3647 838 3703 recordantes
880 3647 1095 3703 restitui
1150 3647 1262 3702 Deo
1309 3645 1514 3702 arctius
1564 3647 1864 3712 enitantur,

268 3736 396 3792 dum
425 3749 572 3793 recte
602 3738 766 3794 etiam
795 3754 824 3792 a
858 3739 1022 3794 licitis
1050 3737 1349 3806 abstinent,
1379 3736 1469 3806 qui
1499 3736 1688 3792 illicita
1711 3751 1865 3793 com-

269 3833 557 3889 miserunt.

869 3925 1102 3984 CAPUT
1163 3927 1249 3983 Vl.

270 4022 400 4087 Qua:
418 4021 733 4076 consuetudo
762 4020 1020 4091 psallendi
1044 4019 1330 4091 orandique
1363 4021 1449 4086 sit,
1484 4021 1563 4076 vel
1584 4019 1725 4075 unde
1755 4035 1867 4075 mo-

621 4115 803 4169 nachis
825 4113 938 4169 lucc
966 4125 1217 4188 prcecepta
1237 4126 1502 4169 venerunt.

342 4210 544 4264 Ama.
573 4235 642 4249 --
666 4208 734 4263 Et
773 4225 877 4278 ego
923 4209 1161 4264 sciebam
1227 4207 1553 4278 virginitatis
1579 4209 1868 4264 continen-

269 4300 468 4369 tiaeque
501 4300 839 4369 propesitutn
863 4301 1044 4356 meriti
1079 4316 1205 4357 esse
1260 4299 1534 4367 sublimis,
1595 4299 1867 4369 praecipue

268 4409 391 4448 cum
424 4393 523 4448 Dei
545 4396 874 4448 reverentiae
913 4394 1151 4450 dedicati
1199 4396 1494 4449 humanam
1538 4404 1865 4449 consecrent

1976 3181 2043 3236 Et
2073 3182 2269 3236 iterum
2299 3201 2310 3236 :
2339 3180 2588 3237 Exaltare
2616 3181 2844 3238 Domine
2869 3185 2923 3237 in
2951 3185 3134 3238 rirtute
3172 3196 3295 3252 tua;
3341 3187 3576 3241 cantabi-

1972 3290 2085 3328 mus
2111 3283 2160 3328 et
2187 3273 2471 3344 psallemus
2494 3276 2702 3329 t'irtutes
2728 3285 2845 3330 tuas
2877 3274 2996 3347 (Ps.
3023 3293 3114 3341 xx,
3152 3277 3279 3349 10).
3309 3278 3412 3334 Per
3445 3278 3574 3336 Hie-

1971 3368 2197 3422 remiam
2232 3381 2363 3424 vero
2395 3368 2707 3437 bujusmodi
2734 3370 2930 3424 SllldllS
2955 3369 3175 3426 deditos
3208 3373 3579 3443 multiplican-

1971 3459 2071 3515 dos
2104 3461 2158 3516 in
2205 3461 2381 3532 gloria
2411 3462 2557 3517 Deus
2585 3464 2754 3518 dicit:
2782 3461 2975 3533 Erunt,
3024 3466 3219 3537 inquit,
3249 3485 3311 3522 ea:
3334 3468 3415 3523 his
3456 3486 3576 3524 can-

1972 3562 2141 3608 tantes
2179 3569 2277 3607 ι·οπ
2320 3552 2682 3620 laudantium,-
2714 3565 2758 3610 et
2790 3557 3145 3628 multiplicabo
3195 3576 3305 3627 eos,
3359 3568 3408 3614 et
3460 3576 3564 3616 non

1971 3645 2364 3700 minorabuntur
2391 3644 2644 3716 (Barttch.
2675 3664 2734 3716 tt,
2768 3647 2858 3715 52,
2885 3649 2998 3721 53).

2044 3738 2183 3794 Tres
2202 3747 2383 3795 autem
2414 3741 2569 3811 pueri
2601 3740 2655 3795 in
2684 3742 2902 3796 camino
2933 3742 3075 3814 ignis
3097 3743 3283 3799 intacti
3315 3745 3577 3804 salvatio-

1972 3834 2058 3889 nis
2087 3835 2259 3889 vicem
2283 3834 2337 3889 in
2363 3834 2578 3890 cantico
2608 3833 2788 3891 laudis
2810 3836 3138 3904 rependunt.
3196 3837 3408 3909 llymno
3449 3854 3574 3896 cum

1969 3926 2247 3997 Apostolis
2274 3926 2444 3993 dicto,
2466 3926 2735 3982 Dominus
2759 3927 2935 3998 pergit
2962 3927 3027 3983 ad
3059 3937 3338 3998 montem;
3369 3939 3426 3986 ut
3447 3946 3578 3988 san-

1970 4029 2075 4077 cta:
2111 4019 2466 4076 lestivitatisb
2491 4021 2715 4076 libertas
2747 4021 2815 4075 ab
2843 4021 2938 4078 illo
2961 4033 3354 4079 consummata:
3381 4034 3542 4082 aucto
3567 4056 3572 4059 -

1972 4112 2150 4169 ritatis
2179 4112 2410 4170 haberet
2437 4113 2770 4184 exemplum,
2807 4113 3017 4185 quinos
3060 4115 3113 4171 in
3162 4117 3418 4172 omnibus
3471 4118 3574 4174 im-

1972 4206 2202 4262 buisset.
2227 4206 2382 4274 Quod
2413 4215 2592 4264 tamen
2627 4206 2794 4264 certis
2823 4208 2930 4265 diei
2957 4211 3247 4282 noctisque
3273 4212 3426 4268 horis
3449 4228 3574 4270 esse

1976 4302 1998 4331 ο
2030 4299 2439 4366 celebrandum,
2476 4300 2647 4356 David
2707 4301 2810 4358 sub
2859 4303 3128 4358 relatione
3179 4306 3384 4376 proprii
3427 4315 3581 4363 actus

1975 4393 2231 4465 instituit,
2263 4394 2454 4450 dicens
2484 4413 2497 4450 :
2524 4393 2658 4468 Ego,
2694 4395 2890 4464 inquit,
2917 4395 3153 4451 clamabo
3181 4414 3408 4470 vespere,
3428 4418 3578 4457 mane

270 4489 604 4542 Voluntatesn
637 4505 651 4542 :
691 4487 821 4541 dum
874 4499 928 4542 et
972 4489 1330 4543 veneratione
1381 4489 1655 4544 communi
1703 4487 1862 4557 digna
1893 4494 1947 4558 ι)
1972 4497 2018 4542 et
2067 4488 2282 4540 meridie
2318 4485 2453 4558 (Ps.
2499 4501 2609 4550 Ltv,
2657 4487 2724 4543 18
2754 4487 2794 4554 ).
2826 4487 3107 4544 Etiterum
3136 4509 3147 4541 :
3181 4491 3383 4560 Septies
3411 4492 3463 4544 in
3494 4493 3580 4548 die

267 4581 595 4650 suscipiunt,
621 4588 674 4635 et
711 4579 876 4634 vitam
905 4579 1172 4646 angelica:
1201 4579 1487 4647 dignitatis
1512 4580 1592 4633 vel
1635 4593 1866 4633 conver-

268 4675 500 4728 sationis
538 4674 834 4728 imiL-iutur.
868 4671 974 4728 Sed
998 4673 1123 4742 quia
1157 4672 1448 4740 imperium
1483 4670 1538 4724 in
1565 4671 1665 4724 hac
1682 4679 1864 4740 parte,

268 4782 382 4822 non
426 4766 715 4820 consilium
743 4763 998 4828 credidi;
1027 4767 1414 4821 auctoritatem
1457 4780 1522 4819 ex
1563 4763 1867 4833 Scripturis

268 4857 510 4926 aportnit
540 4855 678 4910 dari.
715 4855 871 4910 Nunc
896 4865 1074 4911 autem
1115 4871 1235 4924 qua:
1265 4857 1455 4910 orandi
1489 4855 1869 4924 psallendiquc

269 4950 609 5004 consuetqu
643 4960 748 5002 tam
777 4949 968 5004 crebra
993 4949 1086 5013 sit,
1111 4961 1199 5003 aut
1229 4947 1246 4967 '
1279 4947 1422 5002 unde
1455 4947 1523 5000 ad
1557 4947 1865 5002 monachos

271 5041 457 5096 talium
479 5041 853 5096 doctrinarum
876 5041 1052 5095 studia
1077 5039 1430 5104 delituerint,
1453 5039 1697 5095 breviter
1728 5055 1788 5109 pa
1800 5055 1864 5093 n-

269 5134 339 5190 de
373 5153 384 5187 :
416 5135 667 5203 quamvis
697 5133 844 5188 enim
873 5133 1079 5202 grande
1118 5133 1186 5188 sit
1231 5134 1286 5185 in
1311 5133 1534 5187 assidua
1586 5131 1866 5202 supplica-

269 5230 417 5284 tione
449 5237 808 5291 momentum,
860 5226 1112 5280 cantandi
1142 5237 1319 5280 tatnen
1351 5225 1597 5280 studium
1653 5225 1870 5280 videtur

267 5325 544 5390 otiosum;
575 5335 697 5378 cum
727 5330 781 5376 et
803 5321 1063 5376 attentior
1090 5319 1141 5374 in
1194 5321 1308 5390 ipsa
1336 5318 1741 5390 supplicatione
1793 5319 1866 5374 sit

267 5504 282 5528 τ
342 5510 369 5539 ι
403 5503 499 5558 Sic
523 5518 662 5557 nitus
685 5499 858 5556 codex
885 5514 1048 5568 quem
1091 5499 1301 5554 viderat
1350 5499 1642 5564 Aelterius,
1683 5498 1775 5567 qui
1809 5496 1863 5551 id

270 5583 449 5628 tamen
497 5573 661 5626 edere
711 5572 908 5628 maluit
939 5570 1084 5640 quod
1115 5571 1169 5625 iit
1199 5571 1308 5626 alio
1335 5571 1524 5626 codice
1578 5577 1866 5640 t'epererat

269 5645 408 5698 unde
431 5659 464 5696 a
491 5643 782 5696 monachis.
817 5641 980 5708 lnl‘ra,
1040 5643 1128 5697 ubi
1185 5657 1488 5713 prosperum
1541 5651 1771 5706 actuum,
1807 5642 1860 5696 in

269 5715 458 5774 codice
479 5713 699 5769 Lemov.
727 5713 924 5784 legitur
963 5726 1274 5786 prosperum
1301 5728 1360 5768 ac
1390 5713 1577 5768 vivum.

1971 4578 2181 4631 tandem
2208 4577 2319 4629 dixi
2351 4577 2442 4628 tibi
2466 4573 2582 4646 (Ps.
2613 4590 2799 4641 cxvttt,
2837 4577 2982 4646 164).
3021 4579 3084 4632 Et
3112 4581 3304 4633 tertio:
3329 4579 3580 4637 Clamabo

1969 4684 2062 4739 per
2084 4668 2242 4732 diem,
2272 4683 2364 4720 nec
2416 4667 2662 4720 exaudies
2695 4682 2713 4719 :
2736 4677 2786 4721 et
2827 4679 2993 4736 nocte,
3020 4678 3070 4722 et
3100 4686 3201 4724 non
3231 4672 3297 4724 ad
3329 4673 3580 4739 insipien-

1972 4762 2094 4816 tiam
2125 4760 2253 4816 mihi
2277 4761 2396 4836 (Ps.
2428 4777 2541 4827 ut,
2571 4761 2648 4834 5).
2709 4763 3003 4820 Exsultare
3035 4781 3169 4837 ergo
3205 4769 3294 4822 Dei
3323 4769 3578 4828 laudibus

1972 4871 2073 4910 nec
2098 4869 2284 4926 regem
2325 4855 2538 4926 puduit,
2565 4871 2668 4910 nec
2689 4855 3038 4930 prophetam,
3097 4860 3346 4932 adeoque
3397 4867 3450 4921 in
3495 4867 3579 4925 bis

1974 4947 2086 5004 Deo
2111 4964 2206 5003 nos
2239 4949 2458 5020 placere
2489 4948 2808 5018 perdocuit;
2863 4963 2920 5006 ut
2970 4967 3093 5008 cum
3125 4955 3231 5011 sibi
3281 4971 3579 5020 nocturnas

1971 5039 2298 5110 spiritalium
2346 5040 2685 5096 eauticorum
2741 5043 2950 5114 vigilias
2973 5044 3584 5121 loretnonstraret,of-

1972 5131 2084 5186 ﬁcii
2115 5131 2291 5201 ipsius
2319 5141 2371 5187 et
2397 5141 2614 5202 tempus
2641 5133 2820 5188 edicat
2854 5150 2868 5190 :
2895 5134 3074 5190 Media
3127 5150 3276 5194 nocte
3310 5144 3580 5212 surgebam

1970 5224 2038 5277 ad
2062 5225 2412 5292 confitendum
2438 5225 2634 5278 nomini
2660 5238 2768 5291 tuo,
2800 5223 3064 5299 Domine(
3095 5229 3188 5284 Ps.
3218 5247 3403 5301 cxvnt,
3439 5234 3506 5290 62
3538 5237 3578 5308 ).

1974 5316 2194 5372 llisdem
2217 5333 2276 5373 se
2303 5317 2452 5372 boris
2481 5319 2713 5374 fortasse
2744 5334 2805 5375 se
2835 5331 3122 5376 venturum
3175 5323 3228 5380 in
3277 5325 3578 5398 Evangelio

2045 5497 2074 5535 ι)
2112 5495 2207 5552 Sic
2256 5496 2505 5566 proiecto
2549 5498 2774 5568 scripsit
2826 5498 3152 5567 Zaccltmus;
3214 5519 3313 5560 nec
3359 5507 3581 5566 dubium

1972 5568 2100 5651 quin
2126 5569 2288 5626 lectio
2316 5570 2520 5640 prioris
2579 5570 2855 5636 editionis,
2901 5568 3118 5628 libertas
3146 5574 3212 5628 ad
3244 5575 3360 5642 illa.
3389 5580 3586 5635 vitiosa

1973 5653 2071 5749 8";
2114 5710 2278 5771 Forte
2302 5707 2551 5771 addenda
2570 5724 2678 5768 vos
2707 5706 2874 5768 Deum
2902 5720 3000 5772 aut
3030 5715 3342 5782 Dominum.
