4074 6204
503 295 645 351 1159

1794 287 2111 345 ΖΑΟΟΙΙΑΞΙ
2149 286 2542 344 CHRISTIANI

3649 285 3814 353 ["60

509 407 788 462 Salvator»
819 401 1071 468 astruxit,
1121 408 1232 456 tum
1265 399 1625 472 primogenita
1658 401 1880 473 )Egypti
1905 402 2114 472 Angelo
2141 403 2193 465 Α
2221 411 2524 472 temporum
2558 400 2900 471 iniquitatem
2935 399 3246 468 increpans,
3279 398 3811 470 ait:Erunt,inquit,

431 541 436 546 .
503 501 778 571 affligente
810 489 1068 568 percussa
1091 505 1250 563 sunt;
1276 496 1498 566 etquod
1538 511 1568 550 a
1597 495 1814 550 Christo
1841 496 1912 550 de
1944 495 2103 565 hujus

502 593 685 650 mundi
714 593 1026 662 potentibus
1058 591 1112 646 in
1140 593 1242 646 line
1269 590 1573 646 faciendum
1605 598 1711 658 est,
1748 592 1918 661 plagas
1962 590 2103 644 illius

504 685 947 756 prmliguratione
1002 683 1269 753 signatum
1312 693 1416 738 est.
1451 683 1647 737 Paulus
1688 682 1928 753 denique
1980 698 2102 737 cum

499 780 606 838 Sila
629 778 720 832 tali
757 777 1116 833 meditatiOne
1150 777 1444 844 perfuncti,
1475 791 1505 832 a
1535 777 1734 832 vinctis
1756 777 1974 831 caeteris
2004 794 2104 830 au-

499 872 792 930 diebantur
820 873 871 926 in
901 886 1146 932 carcere,
1173 885 1380 941 eosque
1399 869 1466 923 ab
1499 869 1601 924 hac
1632 869 1980 924 solemnitate
2009 883 2108 924 nec

501 980 661 1037 poena
691 963 1050 1031 compescuit.
1104 961 1264 1016 Unde
1295 961 1534 1016 advertis
1578 961 1848 1033 psallendi
1883 960 2106 1014 orandi-

502 1073 608 1127 que
627 1053 1168 1126 frequentiamjustis
1202 1062 1228 1090 η
1253 1065 1570 1108 sanctorum
1614 1053 1808 1107 ofliciis
1839 1053 2108 1106 celebrari

502 1149 780 1219 ﬁnemque
835 1161 1182 1202 communem
1242 1147 1348 1212 vel,
1384 1146 1428 1200 si
1461 1146 1772 1214 advenerit,
1826 1147 2107 1215 proprium

502 1241 604 1296 sub
635 1241 726 1294 tali
767 1248 892 1293 actu
940 1249 1264 1306 exspectare
1294 1251 1544 1305 secitros,
1580 1236 1704 1289 dum
1741 1236 1792 1289 in
1826 1235 1925 1289 hac
1959 1251 2111 1289 men-

503 1336 636 1389 tium
670 1332 1040 1390 oblectatione
1067 1340 1123 1386 et
1154 1330 1278 1385 ﬁdei
1309 1330 1484 1384 honor
1514 1337 1570 1384 et
1609 1329 1865 1382 alacritas
1913 1327 2114 1381 crescit

503 1427 846 1492 animorum;
874 1424 1124 1494 interque
1165 1422 1352 1477 saeculi
1383 1437 1448 1474 ac
1492 1420 1755 1491 professa:
1781 1418 2116 1490 inquietudi-

505 1520 591 1576 nis
615 1534 774 1574 curas
803 1518 926 1572 laeta
955 1517 1124 1587 exigit
1146 1515 1343 1586 gratia,
1378 1513 1525 1585 quod
1566 1515 1816 1570 obtinere
1844 1530 1949 1570 non
1977 1529 2116 1585 prae-

505 1613 654 1669 valet
683 1612 897 1668 tristior
933 1610 1252 1680 disciplina.

1117 1702 1347 1760 CAPUT
1385 1702 1494 1757 VII.

2209 494 2262 547 in
2295 493 2583 547 novissimis
2611 492 2786 546 diebus
2817 501 3050 560 tempora
3102 490 3431 562 periculosa;
3481 489 3720 546 homines
3750 509 3803 546 se

2215 586 2356 654 ipsos
2385 594 2640 654 amantes,
2699 583 3019 654 blasphemi,
3076 583 3301 655 superbi,
3360 586 3657 655 parentibus
3714 603 3817 638 non

2207 678 2520 745 obedientes,
2552 678 2818 743 insensati,
2850 677 3201 747 incompositi,
3252 677 3362 730 sine
3388 676 3684 745 affectione,
3712 679 3822 734 sine

2207 771 2562 824 misericordia
2591 757 2658 842 (ll
2685 769 2818 824 Tim.
2851 786 2930 837 ut,
2961 770 3016 835 2,
3049 767 3106 840 ’5)
3138 786 3150 822 :
3179 769 3267 840 qui
3296 785 3411 822 cum
3432 770 3695 842 justitiam
3728 769 3822 825 Dei

2212 862 2390 932 (Rom.
2425 878 2464 929 l,
2493 863 2612 932 5'2),
2642 862 2692 916 id
2721 871 2828 929 est,
2854 863 3092 917 futurum
3121 861 3411 931 judicium,
3467 864 3676 928 scirent,
3715 880 3819 918 non

2210 954 2617 1021 inte!lexerunt;
2667 956 2912 1026 quoniam
2968 956 3060 1025 qui
3117 955 3242 1008 talia
3293 964 3479 1027 agunt,
3523 957 3664 1029 digni
3691 966 3820 1012 sunt

2213 1059 2394 1101 morte.

2284 1140 2488 1195 llorum
2521 1139 2682 1210 igitur
2710 1141 2906 1196 merito
2936 1141 3241 1205 {venturum
3266 1142 3650 1198 Antichristum
3679 1144 3817 1200 ﬁdes

2210 1243 2359 1290 certa
2385 1245 2488 1303 est,
2526 1236 2692 1289 immo
2721 1236 2995 1290 diabolum
3041 1236 3143 1290 sub
3189 1250 3416 1306 persona
3450 1235 3681 1291 hominis
3709 1253 3812 1291 saa-

2214 1328 2449 1382 viturum
2480 1344 2493 1393 ;
2527 1328 2622 1382 sed
2653 1328 3010 1398 gentilitatem
3041 1329 3425 1397 detestahitur,
3460 1331 3814 1385 etcircumci-

2214 1421 2428 1476 sionem
2455 1420 2722 1474 suadebit.
2751 1420 2859 1475 Nec
2888 1421 3033 1475 enim
3089 1421 3249 1476 aliter
3289 1421 3384 1476 Dei
3414 1433 3436 1460 ε
3465 1420 3636 1476 Filius
3664 1422 3810 1476 credi

2216 1521 2422 1581 posset,
2457 1512 2560 1565 nisi
2594 1526 2624 1564 a
2652 1526 2710 1565 se
2742 1512 2878 1582 legis
2907 1514 3112 1567 veteris
3164 1513 3563 1581 reparationem
3595 1513 3814 1568 exhibi-

2221 1610 2327 1656 tam
2359 1603 2711 1668 mentiretur;
2743 1619 2806 1656 ac
2839 1605 3068 1670 primum
3100 1603 3322 1658 Judazos
3345 1603 3486 1659 idem
3514 1604 3676 1659 totius
3696 1620 3816 1674 per-

2218 1695 2360 1749 ﬁdia:
2380 1704 2544 1764 caput
2571 1710 2634 1750 ac
2666 1694 2894 1750 fallacia:
2917 1695 3020 1751 sibi
3051 1696 3265 1750 subdet.
3286 1694 3563 1751 Christum
3588 1697 3736 1752 enim
3764 1707 3811 1753 et

509 1800 571 1857 Si
601 1799 952 1855 Antichristus
978 1798 1164 1863 veniet,
1192 1809 1281 1851 aut
1311 1813 1414 1868 quo
1444 1795 1669 1850 mund-us
1692 1796 1798 1865 [inc
1813 1796 2109 1848 claudatur.
2147 1801 2190 1861 Β
2221 1800 2503 1844 venturum
2533 1790 2733 1855 sciunt,
2764 1801 2819 1844 et
2849 1790 3239 1857 sempiternum
3278 1791 3515 1859 judicent
3546 1791 3813 1846 conﬁten-

577 1894 775 1949 APOLL.
805 1922 878 1934 —
908 1889 1102 1947 Beneb
1151 1890 1639 1946 consummationis
1687 1890 1737 1941 in
1792 1885 2110 1941 narratione

504 1997 820 2042 sanctomm
847 1999 1064 2041 actuum
1087 1983 1323 2038 adducta
1355 1981 1594 2052 cognitio
1619 1987 1704 2034 est
1729 1996 1743 2045 ;
1769 1981 2111 2049 atqueinter—

503 2079 762 2134 minatum
793 2077 1001 2145 saeculi,
1038 2087 1096 2131 ut
1130 2076 1468 2145 perhibetur,
1518 2073 1681 2127 ﬁnem
1724 2089 1835 2142 quo
1879 2072 2110 2126 liberius

504 2171 911 2242 inquireremus
934 2171 1174 2223 oblatum
1213 2177 1317 2224 est.
1371 2167 1528 2234 Quali
1571 2182 1702 2236 ergo
1758 2167 2109 2234 pra-.sentium

507 2266 656 2318 exitu
681 2279 888 2325 rerum,
922 2261 1012 2315 vel
1041 2277 1203 2328 quem
1229 2261 1282 2313 in
1309 2260 1529 2311 modum
1557 2266 1859 2310 memorata
1911 2256 2110 2311 libellis

512 2351 951 2426 praacedentibns
980 2360 1228 2421 tempora
1272 2350 1704 2404 concludentnr?
1730 2348 1884 2405 Unde
1915 2361 2115 2418 priete-

509 2462 604 2502 rea
630 2455 735 2500 tam
768 2444 1113 2501 conﬁdentes
1156 2443 1400 2514 gentium
1449 2441 1631 2508 minae,
1663 2456 1726 2497 ac
1758 2441 2109 2512 profanorum

506 2541 740 2611 superba
773 2551 901 2594 sunt
940 2536 1155 2608 iurgia?
1205 2536 1395 2590 Eritne
1425 2534 1623 2605 aliquis
1672 2549 1843 2589 sacra:
1870 2534 2113 2604 appella-

509 2637 670 2692 tionis
728 2643 1064 2704 assumptor,
1097 2641 1192 2686 aut
1234 2632 1518 2701 quisquam
1548 2630 1857 2684 mortalium
1890 2629 2110 2682 mentiri

514 2741 576 2785 se
599 2727 694 2782 Dei
725 2726 892 2780 ﬁlium
917 2725 1114 2796 paterit
1144 2722 1392 2778 audere?
1426 2721 1550 2775 Mihi
1604 2723 1749 2776 enim
1808 2721 2112 2777 verisimile

520 2835 630 2876 non
656 2819 888 2886 videtur,
923 2831 980 2872 ut
998 2814 1282 2871 diabolica:
1304 2814 1507 2870 fraudis
1531 2813 1772 2884 reliquiae
1795 2816 1884 2868 vix
1921 2812 2110 2869 admo-

509 2913 639 2970 dum
671 2915 725 2968 in
755 2911 1102 2984 paucissimis
1131 2909 1456 2974 residentes,
1487 2909 1538 2963 in
1571 2909 1746 2980 legem
1785 2908 1981 2964 iterum
2011 2924 2105 2963 ca-

502 3007 761 3064 tholicam
785 3005 1206 3071 convalescant;
1241 3013 1294 3056 et
1327 3002 1628 3072 quamlibet
1658 3002 1904 3056 terminis
1931 3011 2112 3057 careat

507 3101 693 3156 divina
727 3099 991 3166 potentia,
1021 3098 1073 3151 in
1105 3095 1208 3150 hoc
1239 3111 1410 3165 u~que
1457 3093 1668 3164 antiqui
1709 3096 1985 3164 serpentis
2017 3096 2100 3149 in-

2222 1891 2336 1946 tur;
2357 1881 2452 1936 sed
2480 1893 2538 1934 ut
2566 1882 2904 1936 atrocitatem
2930 1883 3073 1936 illati
3098 1899 3126 1935 a
3154 1898 3214 1937 se
3253 1882 3508 1938 facinoris
3532 1894 3812 1950 excusent,

2223 1974 2275 2028 in
2307 1989 2540 2042 corpore
2565 1972 2709 2044 quod
2739 1973 3133 2030 interfecerunt
3158 1978 3376 2031 venisse
3413 1994 3518 2030 non
3567 1977 3814 2032 credunt.

2215 2069 2500 2123 llazreticis
2519 2085 2651 2124 vero
2692 2071 2989 2140 prtedictus
3017 2071 3306 2126 simulator
3325 2072 3488 2127 Deum
3512 2088 3572 2128 se
3601 2075 3814 2144 quidem

2219 2163 2313 2218 sed
2347 2164 2616 2218 minorem
2647 2174 2860 2220 asseret
2889 2166 3065 2232 Patre,
3093 2175 3148 2218 ut
3175 2180 3365 2220 eorum
3421 2166 3657 2235 denith
3705 2168 3810 2221 im-

2216 2256 2469 2326 pietatem
2523 2257 2817 2326 perditioni
2869 2272 2983 2312 suze
3019 2269 3376 2327 suscepturus
3402 2259 3711 2326 admisceat,
3740 2268 3798 2314 et

2216 2349 2267 2402 in
2300 2349 2542 2416 utrisque
2569 2348 2654 2400 illa
2689 2362 2757 2403 ex
2781 2349 3090 2420 Evangeliis
3120 2351 3388 2405 sententia
3424 2351 3762 2421 compleatur
3793 2370 3810 2405 :

2215 2437 2458 2508 Credent,
2495 2439 2690 2510 inquit,
2724 2440 3010 2511 iniquitati,
3039 2444 3128 2513 qui
3177 2445 3377 2498 veritati
3400 2445 3611 2500 credere
3642 2446 3820 2499 noiuc—

2213 2541 2335 2585 runt
2356 2531 2534 2602 (Rom.
2569 2549 2628 2599 Il,
2659 2529 2735 2604 8).
2769 2533 2904 2588 Tum
2937 2535 3195 2605 gentiles,
3225 2537 3373 2592 velut
3402 2533 3566 2592 sensu
3587 2540 3820 2592 rationa-

2213 2624 2302 2678 bili
2331 2627 2572 2679 carentia
2595 2641 2810 2695 pecora,
2834 2628 3242 2698 phantasiarum
3282 2628 3651 2685 admiratione
3683 2647 3805 2700 cap-

2215 2726 2366 2772 turus
2414 2729 2517 2782 est,
2567 2729 2625 2773 ut
2671 2720 2980 2790 illaqueatis
3038 2734 3323 2776 nationum
3383 2739 3519 2792 pene
3573 2725 3813 2779 omnium

2217 2811 2457 2880 populis,
2481 2813 2644 2866 etiam
2673 2814 2855 2882 electi,
2881 2814 2926 2868 si
2957 2813 3074 2868 ﬁeri
3105 2816 3295 2883 possit,
3331 2815 3474 2870 dolis
3507 2817 3708 2871 talibus
3736 2832 3817 2872 sc—

2213 2901 2481 2956 dueantur
2510 2920 2525 2959 ;
2556 2912 2612 2957 et
2644 2903 2802 2973 hujus
2835 2905 2959 2958 mali
2983 2909 3376 2975 auctoritatem
3398 2905 3598 2962 efﬁciet
3641 2909 3820 2962 nunti-

2215 2995 2362 3048 tudo.
2397 2995 2526 3050 Inde
2556 3011 2798 3051 errorem
2855 2998 2983 3052 mali
3033 2999 3234 3053 veteris
3281 3000 3738 3066 subintroducet;
3771 3011 3820 3056 et

2214 3087 2304 3154 qui
2367 3089 2600 3156 primum
2645 3087 2918 3142 idolorum
2969 3089 3198 3157 vestigia
3237 3093 3603 3145 convulsurus
3625 3104 3736 3156 est,
3765 3092 3816 3146 in

499 3194 644 3266 jnria
671 3191 978 3255 diﬁeratur,
1021 3200 1080 3244 ut
1105 3190 1373 3244 exstincta
1407 3195 1490 3242 tot
1511 3186 1729 3241 smcnlis
1761 3187 1902 3240 bella
1938 3187 2099 3255 perli-
2135 3193 2180 3255 ρ
2214 3179 2348 3234 locis
2403 3180 2609 3233 sanctis
2667 3181 2794 3248 poni
2844 3180 2947 3235 sibi
2995 3189 3204 3236 statuas
3260 3184 3588 3251 imperabit;
3621 3200 3817 3253 easque

497 3284 601 3342 diae
647 3287 893 3340 funestus
921 3283 1172 3349 reducat,
1208 3296 1412 3352 perque
1445 3281 1625 3334 omnia
1661 3289 1934 3334 terrarum
1984 3280 2102 3335 loca

503 3376 771 3434 Ecclesia:
797 3377 1036 3432 cultibus
1064 3385 1275 3430 Stratus
1314 3372 1538 3441 impium
1575 3387 1765 3426 rursus
1797 3371 1990 3427 eﬁ‘erat
2019 3390 2112 3428 ca-

505 3485 626 3544 put,
659 3473 749 3542 qui
783 3471 854 3525 ita
884 3469 1218 3524 venerandae
1269 3466 1573 3535 majestatis
1619 3465 1966 3521 invocatiOne
1997 3477 2113 3520 tor-

503 3575 724 3636 quetur,
760 3561 945 3631 utjatn
971 3559 1124 3614 adire
1177 3560 1340 3613 etiam
1387 3559 1634 3626 ipsorum
1687 3559 2112 3613 criminoshrum

502 3656 788 3714 volutabra
815 3654 902 3710 vis
936 3655 1156 3722 audeat,
1190 3653 1318 3709 dum
1350 3651 1583 3708 occultis
1621 3653 1826 3724 ignium
1880 3667 2107 3707 suorum

497 3752 742 3809 cladibus
767 3760 942 3806 tortus
964 3760 1133 3804 totum
1167 3749 1406 3817 undique
1427 3748 1829 3814 contremiscit,
1852 3747 2113 3818 quidquid

501 3863 566 3904 ex
601 3845 819 3901 nomine
859 3843 1148 3900 catholica:
1203 3841 1488 3912 religionis
1529 3841 1786 3896 audierit.

573 3939 774 3997 Zaccu.
799 3968 870 3979 —
900 3937 1055 3995 Saeva
1081 3939 1131 3990 in
1164 3934 1485 3989 memoriam
1522 3931 1691 4004 redigi
1716 3933 1965 4002 cupis,el
1992 3933 2110 3989 ine-

501 4031 815 4090 luctabilem
850 4030 1070 4085 humani
1090 4032 1307 4099 generis
1336 4027 1692 4080 obtritionem
1721 4039 2110 4092 supremorum

502 4127 824 4183 narratione
855 4122 1125 4193 proferri;
1155 4135 1276 4190 quae
1309 4129 1416 4172 tam
1465 4117 1630 4172 ﬂebili
1689 4119 2112 4186 exaggeratione

499 4219 726 4277 dicenda
751 4229 898 4286 sunt,
926 4223 1007 4284 ut,
1035 4215 1179 4270 sicut
1200 4213 1463 4281 scriptum
1494 4219 1600 4278 est,
1633 4208 1743 4263 Nec
1770 4209 1961 4280 fuerint
1993 4225 2109 4262 um-

499 4331 655 4386 quam
679 4330 769 4368 nec
801 4313 981 4383 futura
1010 4309 1114 4364 sint
1135 4306 1264 4362 talia
1289 4305 1452 4376 (Dan.
1485 4320 1581 4370 stt,
1610 4303 1685 4374 1).
1716 4303 1825 4359 Sed
1855 4303 1968 4357 haec
1991 4302 2110 4358 ﬁeri

501 4407 752 4461 humanae
783 4403 905 4457 ﬁdei
954 4399 1217 4465 defectio,
1263 4409 1320 4453 et
1367 4405 1718 4466 peccatorum
1769 4397 2108 4450 immensitas

501 4499 799 4561 maturabit
822 4516 836 4554 :
861 4511 961 4552 nec
989 4493 1291 4563 suntquasi
1315 4507 1380 4546 ex
1403 4492 1582 4560 aliqua
1633 4489 1961 4546 necessitate
2009 4490 2106 4543 de-

2218 3273 2433 3326 adorari
2466 3273 2724 3327 atrociter
2747 3289 2969 3344 cogens,
2997 3275 3142 3345 quod
3168 3290 3229 3331 se
3258 3277 3441 3332 odisse
3471 3279 3818 3334 simulaverat

2218 3365 2492 3419 subtiliter
2520 3381 2772 3435 reparare
2816 3365 3040 3421 nitetur.
3089 3369 3246 3437 Nam,
3278 3371 3423 3425 sicut
3447 3371 3579 3439 dixi,
3613 3374 3677 3426 ad
3727 3375 3820 3426 ltu-

2215 3457 2455 3525 jusmodi
2483 3458 2692 3513 facinus
2713 3460 2926 3530 ignaros
2948 3462 3140 3530 signis,
3160 3465 3400 3532 praemiis
3423 3466 3814 3534 inconstantes,

2219 3561 2436 3605 sanctos
2465 3551 2748 3620 suppliciis
2775 3554 3079 3607 coarcmhit
3106 3554 3358 3611 infausta:
3399 3557 3819 3614 abominationis

2225 3641 2489 3712 imagines
2520 3645 2809 3715 vultuSque
2852 3647 3153 3701 mortiﬁcos
3208 3650 3440 3718 supplici
3498 3650 3818 3708 adoratione

2215 3734 2463 3789 venerari
2487 3750 2503 3800 ;
2530 3751 2794 3806 nusquam
2824 3751 3014 3791 secura
3045 3739 3368 3793 cedentibus
3388 3739 3538 3811 fuga,
3564 3743 3819 3814 nullaque

2214 3839 2273 3884 ut
2297 3829 2440 3884 Celet
2478 3827 2534 3882 in
2583 3828 2786 3884 abditis
2815 3829 3046 3899 latebra,
3089 3846 3211 3886 cum
3243 3843 3297 3887 et
3325 3846 3354 3886 a
3387 3835 3652 3903 proximis
3701 3853 3820 3906 pro«

2216 3921 2414 3977 dantur
2438 3921 2690 3990 latentes,
2744 3931 2799 3976 et
2853 3921 3122 3992 fugientes
3168 3924 3344 3980 inedia
3392 3941 3812 3983 consumantur.

2215 4018 2296 4069 Ait
2331 4017 2477 4070 enim
2513 4017 2564 4070 in
2595 4015 2889 4086 Evangelio
2919 4016 3185 4072 Dominus
3208 4033 3333 4073 cum
3361 4018 3430 4074 de
3461 4020 3619 4074 malis
3666 4021 3815 4077 illius

2214 4111 2528 4180 loqueretur
2552 4127 2566 4163 :
2594 4107 2666 4163 Et
2694 4110 2883 4174 tradet,
2910 4110 3104 4181 inquit,
3157 4109 3310 4166 homo
3341 4115 3634 4182 proximum
3663 4131 3814 4170 sum

2215 4204 2429 4278 (Matth.
2463 4220 2609 4268 XXIV,
2645 4204 2757 4274 10).
2787 4204 2969 4272 |n0pia
2985 4220 3116 4260 vero
3140 4206 3327 4260 ﬁdeles
3350 4209 3649 4273 necandos,
3669 4210 3815 4279 Apo-

2211 4298 2450 4370 calypsis
2477 4297 2558 4352 sic
2588 4297 2863 4352 declarat:
2887 4294 3072 4351 Factet
3099 4315 3274 4353 omnes
3303 4300 3522 4370 pusillos
3538 4311 3584 4354 et
3599 4318 3810 4372 magnos

2211 4393 2393 4446 divites
2422 4401 2470 4444 et
2499 4406 2775 4460 pauperes,
2811 4391 2994 4444 liberos
3017 4400 3065 4444 et
3092 4407 3284 4457 servos,
3311 4389 3334 4428 δ
3355 4405 3411 4445 ut
3441 4395 3561 4446 dent
3593 4395 3692 4463 ipsi
3716 4396 3814 4450 sibi

2210 4485 2533 4539 characteres
2561 4484 2615 4536 in
2648 4499 2804 4536 manu
2835 4500 2933 4536 sua
2963 4483 3201 4549 dextera,
3232 4485 3379 4537 ueliu
3399 4487 3814 4556 frontibussnis;

496 4609 670 4659 creta.
699 4594 795 4651 sed
825 4609 888 4650 ex
920 4587 1264 4662 praescientia
1313 4596 1440 4640 sunt
1488 4583 1764 4654 prmdicta,
1823 4582 2104 4650 Scriptura
2134 4588 2188 4648 1)
2214 4597 2246 4632 ιι
2297 4595 2444 4632 nemo
2475 4578 2636 4646 possit
2667 4593 2831 4631 emere
2857 4586 2948 4630 aut
2976 4575 3218 4642 uendere,
3250 4579 3351 4631 nisi
3378 4580 3467 4648 qui
3491 4579 3814 4634 habeatcha-

502 4691 572 4749 de
602 4687 941 4749 Amorrharis
974 4681 1237 4755 prodente
1270 4697 1284 4733 :
1333 4678 1605 4744 Nondum,
1657 4675 1851 4745 inquit,
1901 4676 2108 4747 impleta

503 4794 623 4840 sunt
647 4793 855 4851 peccata
883 4774 1306 4833 Amorrhteorum
1329 4769 1484 4845 (Gen.
1519 4785 1614 4836 xv,
1639 4769 1754 4838 16).
1791 4769 1981 4823 Daniel
2018 4783 2110 4838 pe-

503 4876 660 4933 rinde
715 4877 842 4947 quia
873 4873 1197 4928 delictorum
1224 4865 1470 4937 expletio
1499 4866 1570 4919 sit
1599 4865 1800 4927 futura,
1853 4879 2110 4918 consum-

504 4968 800 5026 mationem
865 4967 1060 5020 astruit
1092 4971 1430 5020 secuturam.
1474 4958 1628 5015 Unde
1654 4969 1708 5014 et
1734 4959 1998 5014 Dominus
2048 4959 2102 5014 in

503 5059 797 5131 Evangelio
825 5057 895 5112 de
917 5056 1184 5111 abusione
1206 5055 1426 5110 humani
1468 5052 1686 5122 generis
1732 5067 2095 5121 conquerens,

511 5158 621 5212 ait:
646 5151 778 5209 Cum
806 5149 1004 5205 venerit
1032 5145 1205 5202 Filius
1233 5147 1481 5211 hominis,
1503 5157 1656 5218 putas
1682 5146 1901 5199 inveniet
1945 5145 2104 5214 ﬁdem

501 5263 658 5320 super
685 5255 876 5299 terram
901 5239 1056 5314 (Luc.
1091 5253 1244 5306 svnt,
1277 5234 1375 5308 8)?
1404 5235 1699 5307 Apostolus
1715 5235 1877 5291 etiam
1909 5236 2104 5291 horum

571 5461 593 5484 ⁸
634 5459 898 5515 Acherius
922 5460 1107 5510 monet
1132 5466 1192 5506 se
1223 5451 1274 5505 in
1301 5449 1492 5506 codice
1517 5451 1790 5521 reperisse
1817 5464 2093 5508 cantorum

497 5531 674 5604 Oﬁciis
698 5547 718 5585 :
750 5521 1228 5604 item__substuntiali
1258 5533 1400 5588 actu,
1436 5523 1526 5576 ubi
1554 5539 1621 5578 ex
1648 5525 1772 5579 aliis
1813 5525 2094 5581 codicibus

498 5598 666 5659 edidit
689 5604 782 5655 sub
810 5598 906 5652 tali
949 5608 1088 5651 actu.

569 5672 598 5712 ιι
637 5673 779 5741 Quin
808 5671 881 5725 ita
912 5667 1197 5741 legendum
1229 5665 1299 5724 sit
1328 5665 1532 5722 nemini
1583 5665 1808 5741 dubium
1853 5682 1975 5722 esse
1997 5682 2097 5738 po-

491 5751 602 5799 test
625 5739 820 5813 :_'pritts
840 5739 1142 5813 legebatur
1169 5740 1223 5792 in
1247 5739 1723 5813 consummationis
1772 5753 1918 5791 narr.

575 5823 596 5850 ε
636 5807 695 5868 In
723 5807 1121 5881 editis—possit,
1153 5810 1320 5867 male.
1368 5810 1536 5881 Infra,
1562 5810 1654 5867 ubi
1682 5807 1852 5866 Deum
1879 5825 1934 5866 se
1979 5809 2093 5880 qui-

2210 4681 2457 4725 racterem
2485 4671 2561 4724 vel
2613 4686 2796 4723 nomen
2840 4669 3012 4724 bestia:
3041 4670 3224 4740 (Apoc.
3258 4687 3352 4735 χιι,
3391 4671 3472 4737 i6,
3504 4673 3614 4743 17).
3637 4673 3812 4740 Quem

2213 4766 2398 4819 Daniel
2431 4764 2512 4817 his
2534 4763 2876 4818 sermonibus
2910 4765 3147 4818 futurum
3208 4765 3460 4833 praedixit
3495 4783 3509 4818 :
3554 4766 3815 4839 Exsurge:

2210 4875 2302 4912 rex
2329 4857 2589 4924 improbus
2619 4857 2774 4927 facie,
2806 4857 3096 4928 intelligens
3125 4861 3528 4931 propositionem
3549 4873 3634 4926 ;et
3659 4865 3814 4930 {ortis

2210 4953 2371 5006 rirtus
2395 4953 2537 5022 ejus;
2564 4951 2821 5006 mirabilia
2850 4963 3141 5023 corrumpet
3171 4962 3218 5005 et
3247 4953 3454 5023 diriget,
3487 4966 3535 5009 et
3567 4958 3812 5010 exterriri-

2212 5045 2348 5100 nabit
2379 5049 2560 5116 fortes,
2591 5055 2639 5098 et
2670 5044 2920 5113 papulum
2948 5056 3184 5100 sanctum
3215 5062 3234 5097 .·
3264 5047 3416 5100 dolus
3445 5049 3498 5101 in
3528 5052 3810 5121 munuejus

2209 5152 2256 5194 et
2287 5141 2339 5194 in
2369 5140 2523 5194 corde
2545 5156 2638 5193 suo
2663 5139 3105 5210 magni/imbitur,
3137 5150 3184 5194 et
3213 5139 3539 5196 abundantia
3565 5160 3807 5198 corrum-

2215 5241 2294 5303 pet
2320 5233 2509 5287 multos
2531 5241 2579 5287 et
2595 5232 2664 5286 ad
2691 5231 2957 5286 interitum
2987 5231 3268 5287 multorum
3295 5235 3472 5292 stabit.
3497 5237 3565 5314 Et
3585 5238 3805 5294 iterum:

2202 5453 2341 5515 dem,
2379 5451 2660 5524 legebatur
2687 5450 2853 5524 Deum
2883 5465 2992 5524 esse
3011 5451 3241 5522 quidem:
3271 5461 3326 5508 et
3359 5455 3666 5522 perditionis
3695 5472 3806 5513 sua:

2203 5525 2300 5596 ubi
2317 5522 2585 5596 edidimus
2615 5522 2895 5596 perditioni
2921 5539 3048 5596 sua).
3354 5591 3364 5596 _

2278 5594 2304 5631 ά
2345 5595 2401 5649 ln
2432 5593 2625 5651 codice
2659 5593 2844 5657 Vind.,
2875 5601 2930 5645 ut
2967 5594 3060 5667 det
3101 5593 3451 5667 unusquisth
3495 5599 3613 5654 sibi.
3647 5599 3802 5655 Haud

2208 5669 2367 5736 longe
2393 5682 2613 5737 quem...
2649 5668 2902 5738 futurum,
2930 5666 3008 5738 sic
3039 5667 3211 5738 codex
3241 5665 3418 5734 Lem.;
3453 5671 3603 5738 prior
3631 5671 3797 5727 editio

2207 5735 2454 5809 quam...
2500 5735 2750 5810 futuram.
2782 5735 2928 5810 Infra
2953 5736 3003 5810 in
3031 5737 3220 5793 codice
3243 5735 3526 5810 .Vind.,'ct
3549 5742 3798 5796 mirabilis

2201 5807 2490 5878 Corrumpet
2517 5808 2732 5875 multos,
2782 5815 2829 5862 et
2874 5807 3080 5876 diriget.
