4074 6204
309 251 438 311 1161

1453 283 1456 286 ~
1537 250 2168 313 CONSlJLTATIONUM
2206 256 2345 314 LIB.
2377 258 2467 315 Ill.

3465 267 3605 324 1162

306 369 602 425 Extolletur
623 384 714 426 rea:
741 369 988 425 adversus
1033 382 1237 425 omnem
1290 371 1496 442 fortem,
1529 380 1577 424 et
1602 371 1908 441 magnifica-
1931 363 1988 428 Α
2012 383 2122 435 xxi,
2149 369 2237 435 10,
2276 368 2657 439 ll).Percurre
2687 383 2830 423 nunc
2855 368 3254 444 singula,atque
3275 386 3342 429 ex
3371 372 3455 431 his
3483 393 3603 448 quae

310 459 450 516 bitur
476 478 631 533 super
679 479 879 518 omnem
922 462 1074 517 deum
1109 482 1121 517 :
1153 471 1201 518 et
1226 463 1458 533 loquetur
1485 463 1722 535 superba,
1754 473 1800 518 et
1831 462 1909 516 di-

308 553 440 625 riget
493 553 834 626 quoadusque
890 555 1191 627 perﬁciatur
1225 557 1305 609 ira
1337 572 1354 609 :
1385 556 1437 608 in
1470 556 1911 610 consummatione

311 656 340 686 *ι
367 649 506 703 enim
532 649 641 718 ﬁet,
670 656 719 704 et
743 666 944 705 onmem
967 653 1120 706 deum
1149 659 1356 724 patrum
1385 667 1596 705 suorum
1626 668 1730 706 non
1758 651 1910 706 intel-

309 739 434 813 liget
464 759 477 798 :
510 750 556 798 et
584 743 636 798 in
662 745 995 817 cupiditatem
1039 747 1315 802 mulierum
1342 763 1448 801 non
1476 746 1565 800 ibit
1616 747 1636 820 (
1661 745 1798 802 Dan.
1835 763 1907 815 xl,

309 835 405 905 se,
433 833 549 907 57).

383 927 570 998 Itaque
595 928 854 1003 intelligis
874 931 1196 988 exsecrandi
1244 932 1508 1002 temporis
1568 947 1752 1003 regem
1800 947 1912 1002 prae

313 1021 565 1078 omnibus
609 1023 1016 1090 aestimandum,
1072 1023 1165 1094 qui
1203 1039 1299 1080 eos
1349 1039 1488 1094 quos
1540 1023 1798 1080 violentia
1849 1037 1914 1079 ac

311 1110 504 1168 fraude
531 1113 833 1186 nequiverit
862 1130 1241 1185 corrumpere,
1275 1115 1480 1172 nitetur
1507 1115 1765 1171 illecebra
1795 1130 1914 1171 car-

314 1217 466 1274 pere,
499 1221 598 1262 nec
620 1207 672 1262 iu
698 1206 830 1263 deos
863 1218 1069 1277 patrum
1101 1223 1348 1274 suorum,
1395 1209 1448 1264 id
1478 1217 1564 1264 est
1602 1209 1910 1278 gentilium,

314 1295 644 1368 intelligens,
702 1299 928 1354 feralem
963 1299 1017 1354 in
1049 1315 1285 1370 corpore
1330 1310 1588 1356 enervata
1633 1299 1788 1370 quasi
1819 1315 1916 1369 pu-

314 1404 408 1446 rus
436 1392 732 1461 prmfereus
761 1393 1093 1460 castitatem,
1144 1402 1393 1450 sanctum
1433 1394 1722 1464 populum,
1755 1392 1806 1448 id
1834 1400 1921 1449 est

316 1483 672 1539 christianum
698 1483 905 1540 crudeli
929 1485 1304 1542 internecione
1344 1485 1601 1541 vastabit.
1629 1485 1735 1542 Sed
1776 1486 1918 1541 hunc

317 1575 510 1631 mundi
538 1575 743 1631 luctum
799 1577 1321 1648 tribulationemque
1357 1578 1626 1648 justorum
1665 1577 1761 1632 ira}
1807 1591 1919 1632 ete-

319 1667 470 1724 lestis
498 1667 750 1739 stigmata
779 1668 1206 1740 subsequentur,
1241 1679 1296 1725 et
1339 1686 1522 1726 rerum
1552 1670 1792 1725 omnium
1850 1669 1915 1724 ﬁ-

2011 471 2267 531 gerantur
2292 469 2386 515 aut
2411 468 2564 530 gesta
2594 467 2721 515 sunt
2747 459 2875 530 quid
2901 462 3139 532 supersit
3169 463 3409 535 intellige
3433 482 3448 519 :
3473 481 3603 538 pro-

2012 555 2150 611 fecto
2165 553 2218 609 id
2235 562 2442 610 tantum
2460 551 2488 592 ι)
2503 553 2694 609 deesse
2713 553 3180 626 perspicies,quod
3196 557 3504 614 novissimis
3516 569 3610 615 aut

2007 645 2118 717 jam
2147 645 2350 702 ascribi
2379 646 2552 717 possit
2582 654 2677 700 aut.
2697 645 2875 715 jungi.
2909 645 3042 712 Quis
3067 647 3213 703 enim
3255 658 3418 705 natus
3450 652 3607 722 quie-

2015 747 2122 794 tem
2165 739 2356 810 patriae
2395 738 2686 810 possidens
2714 738 2880 794 vivit?
2911 739 3044 808 Quis
3071 741 3217 796 intra
3247 743 3490 813 genitale
3515 760 3607 800 so—

2015 831 2126 886 lum
2159 831 2392 903 populus
2431 831 2606 888 labori
2639 831 2934 888 exhibetur
2965 844 3215 903 assueto,
3249 845 3345 891 aut
3369 838 3437 892 ab
3464 838 3604 895 infe.

2014 925 2187 982 rendo
2226 923 2686 995 suscipiendoque
2711 923 3051 992 discrimine,
3080 926 3167 982 vel
3196 929 3436 997 propriae
3463 929 3602 985 salu-

2018 1020 2087 1071 tis
2129 1017 2329 1073 intuitu
2351 1059 2365 1084 ,
2406 1017 2494 1073 vel
2541 1016 2844 1074 domestico
2876 1019 3144 1074 retinetur
3177 1019 3414 1076 aﬂ'ectu?
3445 1022 3609 1080 Ardet

2016 1108 2257 1165 bellandi
2318 1110 2515 1181 impius
2559 1111 2731 1180 furor,
2767 1121 3035 1184 atroxque
3067 1113 3281 1169 insania
3316 1114 3485 1171 armis
3516 1115 3604 1172 dc-

2017 1201 2248 1258 lectatnr
2276 1213 2332 1258 et
2357 1213 2545 1274 rapto:
2580 1205 2706 1262 hinc
2732 1206 2918 1263 fauces
2943 1207 3159 1264 hiantes
3191 1210 3432 1264 avaritiae
3454 1226 3617 1267 cruor

2018 1293 2228 1363 pascit,
2265 1303 2472 1350 etcum
2506 1312 2646 1366 pene
2678 1298 2896 1369 injectis
2941 1303 3211 1357 mortibus
3250 1313 3441 1358 cuncta
3486 1320 3610 1360 suc-

2016 1385 2289 1455 cenderit,
2344 1388 2606 1458 reliquias
2658 1397 2839 1446 tamen
2895 1391 3091 1448 sitiens
3135 1404 3231 1448 aut
3278 1396 3475 1450 sternit
3523 1405 3618 1452 aut

2018 1479 2237 1550 spoliat.
2265 1479 2384 1536 Non
2417 1481 2643 1538 dilectio
2686 1485 2964 1552 proximos
2986 1527 3001 1552 ,
3039 1502 3148 1542 non
3173 1488 3386 1556 justitia
3428 1499 3614 1545 servat

2019 1579 2350 1628 extraneos:
2382 1588 2607 1644 gemens
2631 1576 2841 1631 interea
2874 1579 3052 1647 pietas
3082 1582 3329 1648 exsulat,
3362 1593 3524 1653 atque
3541 1583 3611 1636 ab

2022 1665 2276 1721 humanis
2303 1668 2576 1722 mentibus
2603 1669 2754 1738 pulsa
2777 1712 2791 1736 ,
2823 1672 3053 1742 vestigia
3085 1689 3211 1742 qum
3233 1674 3440 1744 pridem
3485 1679 3612 1732 reli-

318 1773 466 1824 nem,
496 1761 811 1830 priusquam
841 1760 1050 1816 Domini
1082 1760 1199 1816 dies
1229 1776 1458 1832 magnus
1484 1761 1758 1829 adveniat,
1807 1777 1918 1816 ma-
1947 1758 1998 1820 B
2023 1766 2210 1827 qucrat
2231 1799 2246 1823 ,
2277 1757 2494 1814 auferre
2525 1760 2901 1830 compellitur.
2936 1761 3140 1832 Regnis
3181 1766 3406 1835 insuper
3448 1782 3614 1837 regna

321 1850 498 1907 lorum
530 1851 880 1908 iueﬂ'abilium
912 1851 1073 1907 dolor
1095 1853 1388 1922 prtecedet,
1437 1852 1564 1908 dum
1617 1860 1744 1908 ante
1791 1852 1921 1908 ulti-

321 1959 466 2000 mam
497 1945 682 2000 mundi
723 1945 1049 2001 solutionem
1110 1946 1331 2002 humani
1384 1949 1604 2017 generis
1651 1947 1917 2018 reliquiis,

321 2048 415 2093 aut
442 2039 493 2093 in
520 2039 818 2109 sacrilegiis
846 2047 1107 2109 perpetuo
1165 2041 1500 2110 pereundum
1553 2041 1644 2105 sit,
1704 2049 1802 2096 aut
1850 2040 1921 2096 ob

315 2134 600 2205 sacrilegia
633 2135 687 2189 in
719 2135 927 2190 Saecula
957 2150 1068 2190 non
1099 2136 1416 2193 vivendum.

900 2226 1129 2285 CAPUT
1182 2229 1323 2284 VIII.

413 2317 635 2387 Quando
668 2319 857 2386 veniet,
891 2319 969 2373 vel
988 2336 1104 2390 qua:
1128 2319 1483 2391 longinquitas
1515 2323 1660 2391 regni
1691 2326 1826 2394 ejus.

391 2410 594 2465 Aeace.
620 2439 690 2450 —
721 2409 985 2464 Futurum
1032 2426 1165 2467 vere
1198 2411 1601 2466 Antichristum
1625 2455 1640 2478 ,
1662 2423 1826 2484 atque
1867 2415 1920 2468 in

320 2501 470 2557 orbis
499 2500 771 2557 excidium
804 2502 1093 2574 legemque
1124 2503 1456 2559 catholicam
1489 2505 1804 2561 saeviturum
1839 2505 1924 2561 ni-

320 2593 426 2649 mis
475 2593 762 2664 perspicue
804 2593 1063 2664 clareque
1107 2594 1385 2660 docuisti;
1434 2596 1533 2651 sed
1563 2597 1784 2667 quando
1829 2597 1926 2654 ad-

319 2694 628 2751 venturos,
686 2694 892 2756 quanto
931 2695 1182 2756 tempore
1228 2687 1301 2741 sit
1349 2687 1605 2756 futurus,
1657 2689 1928 2760 expositio

321 2786 498 2849 coepta
539 2793 645 2834 non
677 2780 975 2851 contingit:
1008 2779 1199 2836 sedula
1232 2781 1419 2852 itaque
1457 2793 1640 2838 mente
1672 2797 1928 2853 percurre

323 2888 448 2944 qua:
468 2884 790 2946 regnantem
814 2875 1078 2930 clausura
1105 2876 1215 2931 sint
1245 2883 1513 2946 tempora,
1537 2891 1664 2947 qua:
1688 2891 1927 2947 praecur-

323 2975 448 3023 rant
479 2968 681 3023 indicia
715 2969 1063 3033 venientem;
1094 2970 1351 3039 quoniam
1389 2970 1434 3024 si
1468 2970 1522 3024 in
1568 2979 1719 3024 tanta
1746 2972 1930 3042 signo-

324 3073 470 3124 rum,
500 3059 762 3130 regnique
794 3060 1004 3116 virtute
1030 3060 1298 3130 spiritalis
1329 3061 1588 3132 nequitia:
1609 3062 1814 3118 exserit
1836 3077 1931 3118 vo-

2024 1848 2326 1920 conﬂigunt
2351 1892 2366 1914 ,
2410 1861 2462 1906 et
2503 1850 2925 1922 insuSpicabiles
2955 1855 3190 1926 sceptris
3218 1856 3488 1927 justarum
3527 1873 3617 1915 se-

2023 1940 2174 1996 diutn
2205 1941 2479 2014 Augustos
2509 1944 2814 2015 depellunt.
2838 1944 2994 2001 Adde
3027 1947 3397 2016 prodigiorum
3431 1950 3618 2007 ineffa-

2025 2031 2162 2089 biles
2189 2034 2362 2090 minas
2382 2077 2396 2102 ,
2429 2045 2483 2090 et
2516 2044 2676 2091 terrae
2707 2037 3080 2093 creberrimos
3106 2048 3321 2106 motus,
3353 2041 3621 2110 pluraque

2024 2131 2166 2186 etelo
2217 2132 2372 2204 signa
2428 2132 2666 2188 fulsisse.
2716 2133 2858 2202 Quid
2899 2133 3099 2191 inedia:
3142 2136 3390 2192 funestos
3444 2140 3622 2194 exitus

2026 2222 2237 2292 loquar,
2268 2231 2326 2278 et
2352 2223 2591 2278 infandis
2631 2225 3000 2281 humanorum
3033 2244 3322 2297 corporum
3355 2230 3491 2284 cibis
3524 2232 3623 2286 im-

2025 2317 2204 2385 pletas
2233 2315 2602 2371 deﬁcientium
2636 2316 2964 2373 avitlitates‘!
2983 2320 3184 2374 Horret
3204 2321 3422 2376 animus
3441 2322 3626 2377 dict-rc

2026 2409 2337 2478 parricidiis
2367 2411 2562 2466 famem
2589 2422 2821 2480 pastam,
2853 2423 2908 2466 ct
2934 2414 3192 2483 reliquias
3226 2429 3518 2484 corporum
3542 2417 3626 2472 dio

2026 2499 2318 2566 lectorum,
2351 2509 2408 2554 ut
2428 2502 2628 2556 saevius
2648 2517 2811 2573 quam
2833 2503 3082 2558 vixerant
3106 2505 3418 2575 interirent,
3447 2508 3624 2565 visce-

2025 2590 2178 2646 ribus
2207 2605 2432 2646 suorum
2464 2593 2730 2662 sepultas.

2099 2683 2359 2753 Estima,
2408 2699 2612 2756 quzeso,
2658 2696 2838 2741 utrum
2887 2686 2992 2742 hoc
3041 2686 3186 2742 ferre
3233 2687 3326 2744 diu
3358 2691 3620 2745 sacculum

2029 2777 2218 2848 possit,
2240 2777 2385 2848 quod
2406 2778 2585 2848 eloqui
2614 2779 2882 2834 humanus
2903 2795 3083 2835 sermo
3098 2781 3184 2835 vix
3199 2781 3382 2837 audet.
3400 2781 3621 2839 Utrum-

2029 2885 2098 2925 ne
2124 2870 2240 2926 btec
2261 2870 2480 2927 diabolo
2506 2873 2711 2927 otiante
2743 2872 2822 2928 sic
2847 2873 3097 2938 szeviant;
3122 2890 3244 2944 quze
3268 2875 3391 2930 licet
3422 2878 3619 2932 merito

2030 2961 2234 3017 noetris
2259 2961 2368 3017 sint
2394 2963 2699 3032 reputanda
2736 2966 2996 3034 peccatis,
3025 2966 3170 3021 illius
3201 2977 3380 3022 tamen
3415 2980 3438 3007 ο
3459 2984 3626 3039 opere

2032 3063 2178 3110 lecto
2210 3056 2672 3128 peraguntur;qtti
2705 3072 2889 3111 coram
2919 3059 3180 3113 continuo
3209 3074 3627 3129 congressurus,

324 3148 621 3217 luntatem,
656 3151 826 3207 nullis
854 3161 1044 3208 contra
1067 3154 1176 3208 aut
1203 3152 1566 3210 destruendus
1587 3154 1783 3221 rebus,
1833 3163 1928 3210 aut

2032 3149 2102 3202 ita
2135 3162 2519 3218 supremorum
2553 3157 2779 3219 urgetur
2803 3149 3092 3219 angustiis,
3127 3161 3186 3205 ut
3227 3153 3368 3222 quod
3395 3153 3626 3222 implen-

326 3242 629 3314 signantius
663 3243 1066 3315 divulgandus;
1108 3245 1493 3316 dignoscendae
1520 3288 1535 3312 ,
1574 3257 1632 3302 ut
1658 3247 1921 3314 arbitror,

328 3334 586 3390 falsitatis
615 3350 717 3391 nec
748 3336 888 3406 ipsis
912 3337 1070 3406 copia
1100 3337 1351 3393 fidelibus
1379 3339 1516 3407 erit,
1544 3339 1804 3411 nullaque
1826 3337 1928 3393 du-

329 3424 448 3480 bios
497 3426 868 3482 remediorum
917 3443 1120 3498 genera
1167 3430 1492 3495 salvabunt;
1534 3432 1580 3486 si
1626 3431 1929 3501 compulsio

330 3519 832 3589 transgressionem
862 3521 1154 3577 atrocitate
1183 3533 1236 3578 et
1272 3524 1577 3593 pltantasiis
1611 3525 1765 3594 plena
1799 3567 1814 3591 ,
1859 3524 1931 3580 sit

331 3611 566 3668 obscura
609 3613 860 3669 notione.
908 3612 1062 3670 Unde
1104 3613 1246 3671 hanc
1283 3631 1502 3686 queque
1548 3617 1928 3688 ambiguorum

329 3715 542 3774 partem
570 3703 774 3759 divinre
812 3705 1160 3761 auctoritatis
1199 3706 1441 3763 editione
1472 3707 1786 3779 distingue;
1825 3719 1885 3765 ιιι
1911 3754 1924 3778 ,

332 3798 538 3853 evulsis
568 3798 833 3853 radicitus
862 3797 1171 3868 fraudibus,
1205 3810 1261 3855 et
1287 3801 1628 3856 instruantur
1655 3802 1845 3868 dubii,
1877 3809 1935 3857 et

333 3892 724 3948 conﬁrmentur
755 3889 982 3959 infirmi,
1014 3891 1146 3948 dum
1174 3903 1230 3949 et
1259 3894 1478 3950 falsoris
1520 3895 1821 3966 prodentur
1851 3897 1933 3952 in-

334 3980 511 4049 sidiae,
545 3993 600 4038 et
627 3982 902 4038 brevitate
925 3984 1189 4054 temporis
1211 3984 1356 4042 forte
1385 3987 1777 4059 constringitur
1798 3989 1936 4044 insa-

330 4073 421 4131 nia
451 4075 811 4131 bacchaloris.

407 4168 609 4224 Zxccu.
638 4200 708 4210 —
736 4169 1021 4230 Manifeste
1050 4170 1270 4242 quidem
1297 4171 1676 4228 Antichristus
1710 4173 1932 4240 veniet,

337 4262 432 4319 sed
470 4263 758 4322 confestim
795 4279 1085 4323 secuturus
1119 4275 1206 4321 est
1235 4265 1515 4331 Christus;
1548 4274 1604 4321 et
1638 4267 1766 4322 licet
1791 4266 1934 4322 diem

339 4353 426 4408 vel
461 4353 650 4409 horam
695 4357 958 4413 adventus
1000 4357 1115 4424 sui,
1164 4365 1222 4411 ut
1267 4357 1385 4427 ipse
1421 4357 1498 4411 ait
1529 4355 1746 4427 (Matth.
1775 4373 1932 4423 xxrv,

340 4445 446 4516 36)
473 4488 488 4512 ,
519 4464 620 4504 nec
641 4451 822 4520 angeli
839 4453 1051 4516 sciant;
1077 4450 1222 4523 quod
1245 4453 1443 4507 secreti
1469 4451 1630 4507 istius
1658 4453 1937 4508 notionem

2028 3239 2154 3295 dum
2184 3241 2478 3312 Evangelia
2515 3241 2909 3310 prredixerunt,
2940 3257 3104 3312 agere
3132 3243 3281 3298 orbis
3311 3243 3625 3301 desertione

2027 3333 2136 3403 jam
2150 3335 2385 3404 coeperit
2407 3353 2419 3388 :
2447 3335 2562 3390 lucc
2585 3335 2731 3391 enim
2756 3334 2840 3390 his
2865 3351 3140 3405 quaenunc
3155 3349 3452 3393 memorata
3479 3350 3628 3405 sunt,

2031 3426 2298 3481 Dominus
2339 3425 2540 3496 adjecit
2573 3443 2586 3480 :
2635 3425 2766 3482 Cum
2803 3427 3036 3483 videritis
3066 3427 3506 3485 abominationem
3537 3432 3628 3484 de-

2030 3517 2298 3572 solationis
2343 3528 2482 3572 stare
2519 3518 2714 3572 inloco
2761 3528 2941 3572 sancto
2982 3536 3002 3573 :
3055 3522 3147 3591 qui
3193 3519 3316 3592 legit
3372 3521 3626 3595 intelligat

2033 3609 2251 3682 (Matth.
2281 3626 2427 3676 xxiv,
2463 3611 2551 3681 15)
2587 3628 2600 3663 :
2637 3611 2689 3666 id
2713 3620 2818 3677 est,
2849 3628 2970 3667 eum
2994 3615 3086 3668 tiet
3115 3615 3360 3670 omnium
3391 3617 3632 3672 solitudo

2034 3709 2300 3756 terrarum
2326 3743 2340 3768 ,
2373 3701 2660 3773 sacrisque
2689 3703 2954 3759 altaribus
2984 3706 3409 3760 exsecrabilium
3444 3709 3634 3779 imagi-

2035 3810 2164 3850 num
2210 3795 2541 3850 abominatio
2583 3807 2954 3866 pra‘ponetur,
3003 3808 3051 3851 et
3099 3799 3435 3869 ρηεάὶεαιωη
3480 3802 3635 3870 [ιιεντι

2034 3886 2130 3941 hoc
2159 3886 2485 3960 evangelium
2509 3888 2564 3942 in
2586 3897 2693 3942 toto
2711 3889 2857 3955 orbe,
2875 3898 2996 3944 tunc
3022 3891 3118 3943 erit
3144 3891 3265 3959 ﬁnis
3284 3889 3449 3961 (Ibid.
3473 3933 3488 3958 ,
3515 3892 3626 3963 M).

2035 3979 2170 4048 Qua:
2217 3995 2367 4036 nunc
2405 3980 2569 4052 igitur
2599 3981 2782 4051 portio
2808 3981 3183 4052 habitatioque
3213 3992 3482 4038 terrarum
3514 3992 3632 4046 est,

2036 4086 2157 4143 quae
2197 4087 2397 4128 nomen
2429 4083 2638 4127 nostrae
2667 4073 2948 4142 religionis
2996 4074 3208 4146 ignoret
3245 4119 3259 4141 ,
3317 4075 3484 4130 immo
3515 4092 3636 4147 qua:

2039 4164 2202 4220 nobis
2224 4181 2289 4220 ex
2311 4181 2371 4221 se
2398 4163 2740 4221 credentium
2765 4167 3008 4222 membra
3042 4183 3150 4222 non
3182 4169 3439 4223 miserit?
3473 4168 3628 4225 Unde

2039 4256 2315 4327 Evangelii
2361 4257 2678 4326 praedicatio
2711 4257 3105 4329 propemodum
3149 4259 3262 4329 jam
3293 4261 3515 4330 impleta
3550 4263 3630 4315 in-

2039 4349 2346 4421 telligitur:
2382 4353 2434 4405 in
2470 4351 2644 4408 llelite
2677 4362 2856 4408 tamen
2879 4353 2970 4424 qui
2999 4351 3024 4390 ἀ
3057 4368 3205 4409 nunc
3232 4365 3491 4410 venturus
3512 4367 3626 4422 est,

2043 4463 2300 4506 sermone
2343 4450 2741 4518 complebitur;
2793 4451 2966 4507 tribus
2997 4452 3142 4507 enim
3188 4461 3243 4508 et
3286 4454 3432 4508 senis
3475 4454 3632 4506 annis

342 4541 398 4596 in
426 4555 578 4597 suam
630 4543 790 4599 Pater
819 4545 1097 4616 redegerit
1127 4552 1487 4616 potestatem;
1528 4544 1797 4601 evidentia
1849 4554 1934 4601 ta-
1966 4523 2019 4583 D
2048 4543 2283 4612 primum
2331 4543 2732 4599 Antichrismm
2757 4586 2770 4611 ,
2827 4543 3030 4599 deinde
3094 4543 3376 4599 Christum
3446 4545 3641 4599 adesse

339 4649 465 4690 men
495 4635 687 4690 eodem
718 4652 841 4692 mox
865 4637 1103 4692 docente
1127 4637 1281 4707 signa
1308 4637 1594 4707 praemissa
1621 4645 1770 4703 sunt,
1811 4637 1937 4706 qui-

339 4727 449 4784 bus
497 4743 766 4799 perpensa
815 4728 1072 4799 praesenti
1123 4729 1386 4799 temporis
1430 4727 1693 4798 qualitate
1747 4726 1941 4783 adesse

343 4822 630 4876 confestim
656 4838 908 4892 suprema
935 4823 1327 4892 dignoscimus.
1362 4822 1453 4879 Sic
1484 4825 1630 4879 enim
1659 4824 1734 4878 ait
1766 4839 1779 4876 :
1812 4820 1942 4892 Cum

341 4914 572 4968 videritis
603 4915 752 4984 signa
787 4916 840 4968 in
865 4914 1005 4968 caelis
1027 4958 1042 4980 ,
1085 4925 1131 4968 et
1162 4916 1401 4988 prodigia
1429 4917 1482 4969 in
1522 4917 1670 4969 trrris
1691 4957 1704 4981 ,
1740 4926 1940 4987 gentem

344 5022 500 5076 super
512 5017 730 5076 gentem,
755 5025 969 5080 regnum
991 5025 1142 5082 super
1161 5026 1396 5083 regnum,
1421 5010 1605 5082 praelia
1619 5020 1665 5063 et
1679 5011 1944 5078 Opinione:

347 5099 668 5172 praeliorum.
695 5104 880 5174 famem
900 5114 946 5157 et
980 5114 1132 5158 terra:
1152 5113 1318 5158 motus
1349 5120 1440 5175 per
1471 5103 1619 5169 loca;
1645 5112 1770 5157 tunc
1799 5114 1945 5158 erunt

348 5193 502 5247 initia
547 5193 784 5249 dolorum
805 5215 825 5260 ,ε
848 5196 939 5250 sed
983 5195 1212 5250 nondum
1243 5196 1364 5266 ﬁnis
1395 5194 1582 5267 (Ibid.,
1621 5195 1673 5263 6,
1709 5196 1771 5260 8;
1813 5195 1940 5253 Luc.

422 5342 447 5371 σι
479 5332 662 5389 Codex
714 5333 906 5400 Vind,
965 5336 1101 5390 enim
1131 5335 1309 5404 ﬁnem,
1345 5342 1390 5388 et
1414 5333 1468 5386 in
1499 5348 1719 5387 onmem.
1777 5334 1944 5403 infra,

349 5407 499 5530 guqsi
554 5421 713 5531 purqs
743 5405 1141 5478 prteferens:in
1173 5404 1353 5470 editis,
1415 5407 1701 5476 prteferret,
1759 5409 1950 5476 procul

393 5491 520 5529 uno
574 5491 736 5531 mae.

393 5491 520 5529 υιηο
574 5491 736 5532 male.

424 5545 452 5584 ι)
482 5546 651 5601 Immo
680 5548 864 5602 adesse
890 5589 904 5612 ,
938 5547 1024 5602 vel
1074 5563 1202 5602 esse.
1242 5545 1398 5601 Haud
1439 5545 1602 5614 longe
1634 5546 1724 5601 ubi
1756 5547 1954 5614 legitur

355 5626 542 5670 cuncta
593 5618 877 5672 succederit
904 5660 920 5683 ,
953 5619 1126 5672 codex
1157 5617 1216 5673 S.
1263 5617 1398 5672 Arn.
1443 5616 1608 5672 habet
1646 5616 1947 5674 succiderit.

354 5685 549 5742 Statim
579 5702 610 5742 e
631 5688 790 5743 codd.
829 5688 953 5746 Vin.
989 5697 1048 5744 et
1079 5687 1236 5743 Lem.
1273 5687 1598 5758 scripsimus
1626 5705 1832 5758 gemens
1863 5691 1951 5744 in-

355 5765 520 5824 terea,
568 5772 692 5814 cum
735 5760 787 5814 iu
837 5761 1018 5828 priore
1061 5759 1305 5816 editione
1336 5759 1613 5831 legeretur
1652 5776 1856 5830 gentem
1895 5762 1950 5815 in

789 5853 1067 5913 Pnaoe.
1119 5851 1267 5912 XX.

2051 4648 2074 4675 ο
2101 4637 2352 4707 praedixit
2387 4655 2400 4691 :
2433 4637 2526 4706 qui
2558 4636 2859 4706 quamlibet
2889 4636 3006 4706 pari
3041 4644 3284 4705 tempore
3316 4645 3644 4704 regnaturus

2045 4744 2144 4800 per
2171 4729 2539 4801 Apocalypsin
2580 4729 2917 4798 designetur,
2947 4727 3276 4783 breviandos
3305 4736 3484 4784 tamen
3517 4730 3640 4797 ejus

2045 4820 2163 4876 dies
2197 4822 2247 4874 in
2282 4820 2573 4890 Evangelia
2604 4820 2854 4875 Salvator
2878 4820 3148 4884 insinuat,
3185 4835 3252 4875 ne
3283 4821 3644 4878 intolerabili—

2048 4912 2150 4968 bus
2191 4913 2348 4968 malis
2377 4929 2472 4980 per
2501 4911 2915 4967 diuturnitatem
2945 4926 3074 4966 caro
3104 4911 3248 4966 victa
3277 4912 3595 4967 succumbat
3625 4931 3638 4966 :

2049 5009 2126 5063 sic
2159 5007 2305 5062 enim
2335 5005 2412 5059 ait
2458 5023 2470 5057 :
2529 5004 2596 5059 Et
2625 5006 2725 5059 nisi.
2756 5005 2970 5059 breuiati
2996 5006 3214 5074 fuissent
3243 5003 3350 5060 dies
3375 5002 3490 5070 illi,
3539 5023 3640 5060 non

2048 5107 2173 5154 esset
2205 5096 2349 5152 salva
2377 5098 2544 5151 omnis
2573 5113 2692 5151 caro
2735 5093 2925 5168 (Ibid.,
2953 5094 3066 5164 22).
3115 5095 3230 5151 Non
3258 5096 3400 5166 quod
3431 5097 3639 5152 dierum

2047 5206 2110 5248 ac
2141 5192 2378 5247 noctium
2407 5189 2513 5244 lixa
2534 5189 2602 5245 ab
2635 5189 2791 5244 initio
2813 5187 3132 5244 constitutio
3151 5188 3520 5254 sitmutanda,
3553 5199 3644 5244 aut

2054 5348 2212 5404 terra,
2249 5337 2400 5392 nullo
2425 5347 2612 5390 sensu.

2127 5421 2149 5448 c
2177 5400 2268 5465 Sic
2295 5408 2470 5462 codex
2498 5404 2684 5466 Viud.;
2718 5402 2870 5471 prior
2891 5402 3062 5457 editio
3093 5415 3245 5468 opere
3273 5405 3430 5463 lecta.
3461 5400 3601 5455 male
3629 5417 3641 5452 ε

2053 5495 2156 5535 nec
2188 5478 2381 5534 melius
2402 5475 2575 5532 codex
2606 5475 2662 5531 S.
2692 5480 2852 5536 Arn.,
2884 5488 3034 5544 opere
3059 5479 3247 5536 coepta.

2125 5545 2924 5622 indeturlegendum,tunc.
3227 5609 3238 5620 .

2130 5631 2153 5659 θ
2185 5619 2242 5676 In
2265 5621 2427 5691 editis
2453 5610 2695 5691 praedicet
2719 5610 2748 5691 εγ
2783 5616 2873 5686 qui
2918 5611 3145 5691 qualibet
3176 5610 3472 5691 .LinViutl.
3514 5625 3646 5681 prce.

2057 5693 2188 5749 dixit
2209 5709 2225 5748 :
2246 5694 2297 5749 in
2320 5680 2514 5748 eodem
2546 5699 2601 5744 et
2633 5690 2686 5741 in
2719 5680 2874 5742 Le'm.
2903 5680 2991 5753 qui
3020 5680 3317 5753 quamlibet.

3131 5833 3207 5893 37
