4074 6204
455 292 592 349 1167

1776 287 2058 345 EVAGRII
2097 288 2238 344 MON
2248 289 2399 344 ACiil

3614 282 3747 340 1168

446 420 536 460 me
564 402 859 473 patientem
888 403 1211 469 auditorem,
1236 403 1283 459 si
1324 403 1485 459 modo
1526 403 2053 474 interrogationibus
2081 412 2134 465 Α
2160 421 2357 459 omnem
2387 404 2735 477 prudentiam,
2766 413 2811 457 et
2840 403 2982 457 dedit
2998 401 3162 455 Jacob
3184 417 3345 473 puero
3366 417 3481 464 suo,
3514 407 3561 453 et
3588 398 3749 453 Israel

448 496 610 559 meis,
644 510 747 549 non
779 495 1067 550 lenociniis
1093 510 1402 550 sermonum
1432 506 1523 551 aut
1547 496 1903 566 argumentis,
1954 495 2051 550 sed

410 592 413 595 λ
448 590 587 658 legis
612 589 894 658 praesentia
925 591 1252 660 comprobes
1279 591 1589 645 veritatem.
1622 590 1775 657 Quod
1805 589 1851 644 si
1886 599 1941 644 tu
1965 605 2051 644 me

448 683 611 737 hodie
632 683 852 749 viceris,
883 684 1043 738 facito
1063 680 1457 751 Christianum;
1489 694 1580 739 aut
1605 700 1705 754 ego
1729 699 1851 739 cum
1880 694 1930 739 te
1961 698 2051 739 su-

446 790 734 845 peravero,
768 775 961 830 faciam
995 784 1020 811 κ
1048 775 1365 831 Nazarazum
1396 777 1666 832 Judaeum.

518 877 878 932 THEOPHILUS.
905 907 976 917 —
1003 875 1120 931 Non
1151 877 1418 947 glorietur
1442 877 1732 948 giberosus
1763 884 1821 930 ut
1846 884 2048 931 rectus.

520 976 713 1034 Suros.
738 1006 811 1016 --
836 977 1008 1044 Quem
1034 977 1209 1032 colis?

450 1072 453 1075 ⁷
516 1078 618 1133 Tu.
649 1108 719 1117 -—
742 1078 889 1134 Sane
913 1079 959 1133 si
988 1078 1250 1143 dicimus,
1284 1087 1339 1133 et
1367 1078 1631 1133 audenter
1661 1078 1977 1147 probamus.

517 1176 637 1233 Sus.
662 1206 736 1217 —-
760 1176 912 1233 Sacri
946 1176 1353 1246 venerandique
1389 1178 1796 1232 Deuteronomii
1827 1194 1930 1233 vox
1959 1194 2049 1234 re-

440 1269 654 1324 sultans
684 1268 815 1323 dicit
846 1285 859 1321 :
901 1267 1078 1322 Videte
1117 1268 1256 1338 quod
1287 1284 1381 1341 ego
1411 1286 1548 1335 sum,
1580 1279 1630 1323 et
1661 1286 1764 1323 non
1804 1278 1878 1323 est
1918 1270 2053 1325 alius

442 1370 633 1430 praeter
657 1377 735 1414 me
756 1358 896 1415 Deus
920 1359 1099 1431 (Deut.
1116 1376 1290 1425 xxxu,
1318 1360 1431 1430 59).
1454 1361 1523 1415 Et
1548 1362 1734 1416 Esaias
1756 1362 1891 1417 dicit
1908 1380 1920 1416 :
1937 1361 2051 1434 Ego

441 1456 642 1523 primus
664 1462 710 1507 et
742 1470 834 1525 ego
862 1454 1189 1521 novissimus,
1237 1463 1285 1507 et
1317 1464 1499 1523 prwter
1545 1472 1623 1510 me
1660 1472 1763 1509 non
1801 1464 1875 1509 est
1909 1453 2052 1509 Deus

447 1546 605 1617 (lsai.
642 1561 793 1609 κων,
828 1544 905 1615 6).

517 1646 617 1701 Tn.
639 1676 706 1687 —
726 1646 1103 1701 Sacratissima
1131 1646 1459 1703 Christiva
1489 1656 1593 1715 est,
1624 1663 1785 1719 quam
1813 1648 1857 1703 si
1882 1658 1938 1702 tu
1960 1664 2053 1703 vo-

440 1740 608 1796 lueris
659 1754 1015 1810 cognoscere,
1068 1748 1285 1810 oportet
1335 1750 1387 1795 te
1441 1741 1673 1810 primum
1720 1740 1965 1805 credere,
1999 1749 2054 1795 et

439 1841 570 1887 tunc
595 1831 816 1886 demum
856 1832 1064 1901 poteris
1093 1831 1423 1901 intelligere.
1463 1831 1656 1886 Esaias
1688 1834 1830 1887 enim
1866 1831 2054 1886 redar-

440 1927 558 1998 guit
587 1934 637 1981 te
666 1925 855 1981 dicens
881 1944 893 1979 :
924 1925 1047 1979 Nisi
1076 1928 1423 1995 credideritis,
1449 1944 1552 1982 non
1574 1928 1870 2001 intelligetis
1895 1927 2049 1999 (Isai.

442 2035 539 2083 vn,
575 2018 629 2083 9,
660 2036 763 2074 sec.
792 2017 982 2089 LXX).
1013 2018 1398 2075 lndubitanter
1448 2020 1613 2090 igitur
1660 2021 1828 2075 Deum
1878 2021 2055 2075 omni-

439 2121 722 2182 potentem
777 2113 1109 2167 invisibilem
1161 2114 1431 2181 novimus,
1462 2122 1517 2168 et
1543 2113 1767 2179 scimus,
1817 2123 1873 2168 et
1917 2114 2054 2168 coli-

439 2222 563 2261 mus
594 2224 606 2259 :
632 2206 891 2274 deinceps
927 2203 1206 2259 Christum
1238 2206 1408 2260 Deum
1436 2215 1495 2259 et
1525 2206 1616 2259 Dei
1653 2204 1848 2257 Filium
1890 2204 2056 2273 proﬁ—

439 2304 643 2352 temur.
673 2296 829 2362 Quod
856 2304 1039 2348 autem
1073 2295 1208 2348 dicit
1233 2314 1243 2347 :
1271 2294 1385 2367 Ego
1411 2296 1613 2364 primus
1642 2305 1691 2348 et
1717 2312 1809 2365 ego
1839 2296 2055 2350 novissi-

440 2403 575 2456 mus,
608 2388 748 2442 duos
776 2385 1044 2441 adventus
1073 2385 1279 2440 Christi
1307 2387 1604 2457 signiﬁcat.

511 2488 631 2543 Sil.
659 2518 729 2527 --
758 2487 899 2555 Quid
946 2486 1078 2541 illud
1126 2486 1273 2557 quod
1316 2487 1393 2543 ait
1424 2506 1437 2542 :
1465 2486 1671 2543 Praeter
1708 2505 1788 2543 me
1833 2506 1936 2544 non
1981 2501 2053 2545 est

448 2580 592 2636 Deus
608 2583 631 2634 ?

514 2680 615 2737 Tn.
648 2711 719 2719 —-
744 2680 995 2736 Christus
1044 2680 1190 2735 Deus
1236 2689 1293 2735 et
1344 2681 1443 2737 Dei
1491 2682 1658 2738 Filius
1687 2683 1756 2739 de
1795 2698 1855 2739 se
1890 2683 2051 2751 dixit,

438 2774 567 2843 quia
614 2771 952 2842 prtcvidebat
1001 2771 1409 2827 Antichristum
1454 2783 1767 2829 venturum.
1822 2775 1901 2829 De
1946 2790 2055 2844 quo

441 2862 736 2918 Zacharias
767 2863 1036 2933 propheta
1067 2863 1199 2917 dicit
1229 2880 1242 2917 :
1278 2862 1413 2918 Ecce
1433 2866 1693 2919 suscitabo
1721 2876 1979 2934 pastorem
2000 2866 2057 2919 in

443 2965 602 3021 terra,
636 2962 682 3009 et
712 2955 849 3024 quod
892 2954 1098 3022 deﬁciet
1129 2970 1234 3007 non
1264 2955 1518 3021 visitabit,
1566 2965 1615 3010 et
1656 2956 1913 3027 dispersos
1951 2972 2056 3010 non

438 3048 687 3119 requiret,
720 3057 766 3101 et
806 3046 1215 3101 contribulatum
1260 3064 1365 3101 non
1406 3046 1662 3115 salvabit,
1707 3058 1751 3102 et
1796 3050 2056 3122 integrum

441 3160 547 3197 non
576 3141 966 3209 consummabit,
1003 3149 1049 3195 et
1089 3158 1267 3196 carnes
1316 3142 1603 3197 electorum
1642 3143 1886 3211 comedet,
1911 3142 1939 3181 ι)
1970 3161 2050 3197 eo-
2078 3172 2125 3235 C

441 3252 559 3287 rum
589 3242 793 3288 evertet.
826 3231 1047 3287 Gladius
1078 3249 1233 3300 super
1266 3233 1535 3287 bracltium
1567 3236 1727 3305 ipsius
1757 3244 1856 3299 est,
1888 3245 1933 3289 et
1960 3252 2053 3288 su—

446 3342 539 3396 per
568 3326 780 3379 oculum
808 3325 1049 3378 dextrum
1080 3325 1243 3395 ipsius
1290 3324 1513 3393 areﬁens
1562 3326 1783 3393 areﬁet,‘
1802 3334 1847 3379 et
1878 3327 2058 3379 oculus

444 3420 609 3490 ipsius
636 3418 980 3473 obcrecabitur
1009 3418 1184 3471 dexter
1236 3415 1458 3485 (Zacch.
1509 3433 1613 3482 xu,
1650 3416 1737 3488 16)
1772 3435 1784 3471 :
1832 3417 2060 3488 proinde

448 3510 705 3564 Christus
730 3508 863 3563 dicit
895 3526 905 3559 :
941 3506 1056 3580 Ego
1086 3507 1283 3575 primus
1305 3516 1351 3561 et
1382 3525 1475 3578 ego
1502 3509 1833 3564 novissimus.

522 3615 645 3669 Sil.
671 3642 741 3651 —
769 3611 912 3680 Ergo
943 3618 1002 3665 tu
1026 3610 1163 3666 duos
1190 3610 1359 3666 lacis?

525 3723 625 3778 Tu.
654 3750 725 3761 -——
754 3722 897 3776 Deus
924 3736 1063 3775 unus
1088 3730 1199 3787 est,
1243 3736 1310 3775 ex
1354 3736 1461 3791 quo
1480 3719 1755 3789 Christus,
1785 3732 1840 3778 et
1868 3724 1921 3779 in
1953 3739 2059 3793 quo

448 3818 596 3873 Deus
629 3832 643 3871 :
676 3814 815 3870 sicut
848 3825 869 3853 ο
902 3814 1138 3868 Abrahte
1166 3812 1237 3868 ad
1272 3813 1450 3869 ilicem
1484 3816 1738 3870 Mambrae
1768 3825 1878 3872 tres
1900 3817 2057 3886 vidit,

449 3907 647 3978 quibus
672 3919 990 3970 occurrens,
1028 3920 1196 3959 unum
1233 3904 1495 3959 salutavit
1542 3905 1732 3961 dicens
1766 3923 1779 3960 :
1813 3906 2057 3977 Domine,

442 4002 491 4055 si
536 4000 706 4053 inveni
746 3999 969 4070 gratiam
1009 4006 1130 4050 ante
1164 4004 1229 4065 te,
1283 3998 1461 4066 accipe
1503 4014 1711 4067 aquam,
1744 4006 1793 4053 et
1830 4000 2065 4055 laventur

454 4091 611 4158 pedes
636 4089 811 4151 vestri,
844 4098 891 4142 et
921 4088 1174 4159 refrigera
1210 4096 1257 4140 te
1282 4089 1375 4141 sub
1421 4090 1657 4144 arborem
1702 4092 1858 4145 istam
1906 4093 2058 4163 (Gen.

450 4197 602 4248 xvnr,
635 4180 723 4252 4);
755 4179 901 4251 quod
929 4179 1144 4235 scilicet
1164 4179 1438 4235 Abraham
1468 4180 1691 4237 videbat
1718 4184 2063 4254 prtssentiam

456 4273 781 4340 divinitatis,
822 4273 968 4344 quod
1018 4273 1182 4329 arbor
1225 4275 1407 4330 crucis
1449 4272 1655 4331 Christi
1701 4286 1910 4349 tegmen
1940 4294 2063 4336 cre-

458 4367 710 4422 dentibus
758 4366 1032 4435 ret‘rigerii
1084 4376 1392 4435 prtestaret,
1441 4368 1511 4423 de
1555 4386 1663 4439 quo
1707 4375 1971 4442 propheta
2013 4375 2064 4429 in

460 4459 672 4530 psalmo
720 4476 734 4512 :
780 4456 923 4511 Deus
962 4458 1100 4510 stetit
1128 4459 1183 4510 in
1212 4475 1478 4533 synagoga
1515 4463 1751 4532 deorum,
1797 4468 1851 4519 in
1898 4470 2069 4522 medio

2154 498 2341 551 dilecto
2368 514 2483 551 suo.
2518 496 2645 550 Post
2672 495 2781 551 lucc
2810 495 2863 548 in
2893 495 3043 548 terris
3071 495 3209 547 risus
3239 502 3337 557 est,
3366 502 3413 545 et
3448 508 3563 545 cum
3592 491 3752 544 homi-

2154 590 2303 643 nibus
2341 600 2667 644 conversatus
2712 598 2786 642 est
2837 585 3091 658 (Baruclt.
3138 601 3213 649 tn,
3254 582 3471 653 36—38).
3524 582 3651 637 Item
3700 583 3750 636 in

2155 684 2363 752 psalmo
2390 682 2809 753 quadragesimo
2838 681 3029 751 quinto
3061 678 3193 734 dicit
3226 697 3237 730 :
3282 677 3474 731 Vacate
3501 686 3548 729 et
3574 676 3749 739 videte,

2151 778 2398 846 quoniam
2423 793 2515 847 ego
2540 793 2654 829 sum
2677 774 2815 829 Deus
2847 790 2862 824 :
2895 759 3162 827 exaltabor
3186 772 3239 825 in
3262 769 3518 843 gentibus,
3542 778 3590 821 et
3614 766 3754 822 exal-

2153 869 2298 922 tubor
2338 871 2389 922 in
2421 878 2554 923 terra
2580 868 2752 940 (Psal.
2797 883 2921 931 xcv,
2957 868 3063 934 11).
3099 866 3167 920 Et
3206 865 3258 919 in
3290 863 3503 931 psalmo
3532 876 3749 931 sexage-

2153 961 2295 1016 simo
2320 962 2554 1031 septimo
2588 977 2599 1013 :
2627 960 2847 1013 Cantate
2874 956 3121 1020 Domino,
3154 954 3365 1027 psallite
3405 953 3599 1008 nomini
3620 954 3746 1024 ejus,

2151 1054 2248 1106 iter
2275 1054 2432 1123 facile
2452 1055 2499 1107 ei
2518 1054 2605 1125 qui
2632 1052 2867 1106 ascendit
2887 1067 3044 1122 super
3068 1064 3305 1103 occasum
3337 1064 3355 1101 :
3384 1046 3639 1101 Dominus
3659 1062 3750 1097 no-

2154 1162 2269 1200 men
2315 1146 2396 1199 illi
2438 1144 2611 1216 (Psal.
2642 1160 2806 1208 van,
2845 1144 2925 1213 5).
2959 1142 3202 1212 Longum
3255 1150 3361 1205 est,
3411 1149 3468 1193 ut
3510 1136 3749 1207 exempla

2154 1251 2452 1307 persequar
2481 1238 2635 1307 plura
2686 1254 2698 1290 :
2747 1236 2832 1290 his
2871 1234 3057 1305 paucis
3095 1235 3299 1289 veritas
3344 1234 3743 1301 comprobatur.

2225 1330 2342 1385 Slll.
2372 1360 2442 1370 —
2461 1329 2629 1385 Recte
2651 1329 2868 1400 quidem
2892 1328 2957 1383 ad
2989 1327 3237 1382 colentes
3260 1325 3569 1381 testimonia
3601 1323 3749 1377 unito

2154 1425 2347 1493 Spiritu
2377 1424 2622 1490 fatentes,
2648 1425 2729 1479 ori
2757 1432 2850 1478 tuo
2871 1422 3319 1485 consentientes;
3346 1418 3444 1475 sed
3475 1417 3600 1473 illud
3625 1417 3748 1472 volo

2154 1517 2468 1584 edisseras,
2525 1518 2697 1571 sicubi
2770 1516 2824 1570 in
2873 1515 2995 1571 loco
3050 1514 3196 1571 Deus
3256 1528 3354 1583 per
3402 1512 3743 1580 semetipsum

2152 1608 2429 1665 Christum
2459 1610 2627 1664 Deum
2670 1608 2954 1664 constituit
2995 1625 3008 1660 :
3054 1617 3183 1663 tunc
3230 1604 3447 1661 demum
3483 1603 3746 1660 Christum

2158 1702 2329 1759 Deum
2362 1712 2416 1759 et
2449 1703 2543 1757 Dei
2576 1702 2781 1757 Filium
2812 1703 3086 1773 cogitabo.

2083 1787 2130 1847 Β
2230 1805 2332 1860 Tn.
2352 1836 2423 1846 —
2447 1804 2730 1859 Incredule
2760 1803 2971 1870 Judzee,
3008 1803 3119 1873 jam
3151 1811 3206 1859 et
3231 1802 3300 1859 de
3328 1800 3611 1872 prophetis
3639 1800 3747 1855 dis-

2160 1898 2348 1967 putas?
2388 1899 2575 1966 accipe
2605 1906 2784 1951 tamen
2824 1894 3351 1967 interrogationibus
3394 1894 3501 1948 tuis
3533 1907 3749 1963 respon-

2158 2005 2299 2045 sum.
2330 1991 2471 2045 Deus
2501 1989 2567 2043 ad
2600 1989 2837 2060 Moysem
2872 1989 3117 2057 loquitur
3146 1989 3334 2043 dicens
3365 2007 3377 2041 :
3412 1986 3544 2041 Ecce
3567 1986 3681 2040 dedi
3709 1995 3751 2038 te

2159 2083 2309 2135 deum
2352 2080 2673 2147 Pharaonis,
2720 2090 2767 2135 et
2818 2084 2978 2150 frater
3023 2089 3141 2134 tuus
3181 2082 3358 2132 Aaron
3388 2081 3483 2133 erit
3510 2076 3749 2149 praplteta

2159 2183 2277 2226 tuus
2320 2172 2519 2241 (Exod.
2553 2188 2647 2239 vn,
2681 2170 2758 2242 1).
2792 2170 3036 2226 Prazvide
3080 2186 3223 2226 nunc
3270 2171 3542 2242 Moysem,
3575 2180 3741 2241 typum

2157 2261 2380 2328 Chrisﬁ,
2417 2262 2582 2318 fuisse
2611 2262 2858 2333 gentium
2890 2262 3291 2317 incredibilium
3322 2261 3505 2316 deum.
3545 2262 3741 2327 Quanto

2160 2358 2329 2427 magis
2374 2358 2625 2412 Christus
2673 2356 3020 2412 credentium
3067 2366 3154 2412 est
3198 2356 3375 2410 Deus!
3429 2355 3577 2411 Sicut
3612 2356 3743 2408 enim

2160 2449 2372 2520 Moyses
2402 2450 2657 2519 populum
2705 2448 2774 2504 de
2821 2448 3083 2520 )Egypto,
3124 2446 3416 2504 durissima
3463 2445 3752 2502 Pharaonis

2160 2544 2455 2608 servitute;
2488 2543 2566 2597 sic
2593 2552 2648 2597 et
2665 2542 2917 2598 Christus
2946 2541 3238 2598 credentes
3259 2540 3328 2597 de
3348 2540 3553 2596 diaboli
3577 2550 3750 2610 potes-

2160 2644 2271 2692 tate
2305 2636 2571 2691 liberavit.

2231 2742 2351 2797 Stu.
2376 2772 2445 2781 —
2471 2740 2527 2797 Si
2580 2756 2708 2812 ergo
2735 2741 2987 2797 Christus
3016 2740 3159 2796 Deus
3186 2748 3273 2795 est
3319 2747 3374 2794 et
3421 2738 3520 2794 Dei
3566 2738 3751 2804 Filius,

2159 2835 2432 2906 quomodo
2462 2849 2591 2904 ergo
2620 2835 2670 2887 in
2698 2834 2903 2890 Genesi
2949 2836 3217 2903 scriptum
3246 2841 3330 2887 est
3362 2847 3375 2886 :
3413 2830 3479 2885 In
3505 2830 3753 2903 principio

2159 2928 2277 2997 fecit
2326 2924 2467 2980 Deus
2513 2926 2694 2980 cazlum
2748 2935 2796 2980 et
2828 2934 3019 2979 terram
3070 2924 3226 2993 (Gen.
3274 2938 3314 2990 t,
3359 2924 3478 2993 1.)?
3510 2923 3755 2979 Potuerat

2159 3019 2358 3074 dixisse
2389 3038 2401 3071 :
2426 3019 2482 3073 In
2507 3018 2774 3089 principio
2804 3017 2935 3074 fecit
2961 3018 3125 3074 Pater
3154 3026 3209 3073 et
3238 3017 3334 3074 Dei
3368 3016 3539 3073 Filius
3566 3018 3755 3074 crelum

2160 3120 2216 3167 et
2243 3119 2471 3165 terram.

2233 3215 2332 3269 Tn.
2350 3244 2420 3255 ——
2443 3215 2626 3281 Erras,
2655 3213 2861 3280 Judaee,
2890 3228 2988 3269 nec
3015 3228 3270 3283 umquam
3297 3212 3545 3269 invenies
3565 3213 3754 3268 verita-

2159 3316 2291 3373 tem,
2325 3306 2428 3362 nisi
2458 3306 2708 3361 veritatis
2738 3305 3013 3374 intelligas
3043 3304 3333 3375 originem.
3378 3303 3513 3359 Nam
3554 3305 3601 3359 si
3633 3303 3754 3358 velis

2158 3399 2406 3463 credere,
2438 3396 2645 3468 poteris
2674 3406 2729 3453 et
2750 3397 2803 3451 in
2833 3396 3100 3467 principio
3129 3396 3246 3467 ejus
3268 3396 3513 3451 invenire
3537 3396 3664 3467 quis
3684 3402 3759 3450 est

2160 3490 2411 3545 Christus
2437 3490 2530 3544 Dei
2558 3489 2726 3544 Filius
2772 3506 2787 3542 :
2826 3488 2906 3543 sic
2933 3488 3079 3543 enim
3108 3488 3183 3541 ait
3212 3507 3225 3542 :
3258 3486 3284 3525 ἀ
3314 3486 3463 3542 Fecit
3500 3486 3641 3541 Deus
3665 3503 3755 3541 ca-

2162 3583 2270 3635 lunt
2301 3591 2347 3634 et
2388 3591 2602 3648 terram,
2638 3580 2740 3636 hoc
2780 3588 2863 3635 est
2894 3580 2950 3634 in
2981 3579 3181 3635 Christi
3212 3580 3460 3646 arbitrio,
3492 3586 3548 3633 et
3571 3577 3641 3631 ad
3673 3592 3755 3631 vo-

2162 3675 2426 3730 luntatem
2450 3674 2590 3746 ejus,
2614 3684 2670 3731 et
2690 3674 2757 3730 ad
2780 3674 2934 3744 cujus
2956 3673 3254 3744 imaginem
3275 3672 3555 3728 hominem
3574 3671 3755 3741 digna-

2163 3774 2252 3821 tus
2295 3775 2381 3820 est
2411 3765 2627 3830 facere;
2676 3764 2811 3819 dicit
2840 3765 2987 3820 enim
3018 3780 3030 3816 :
3056 3761 3337 3817 Faciamus
3393 3763 3647 3817 hominem
3694 3758 3757 3814 ad

2164 3860 2439 3931 imaginem
2468 3867 2513 3911 et
2540 3857 2931 3911 similitudinem
2960 3856 3059 3911 Dei
3084 3872 3102 3910 :
3131 3856 3419 3911 masculum
3448 3867 3494 3909 et
3520 3855 3760 3926 feminam

2175 3952 2293 4022 fecit
2326 3968 2411 4005 eos
2439 3949 2594 4023 (Gen.
2627 3967 2667 4018 1,
2697 3949 2791 4017 26,
2820 3950 2936 4021 27).

2236 4053 2353 4111 Sui.
2382 4082 2454 4093 —
2481 4053 2665 4109 Potuit
2692 4053 2796 4109 hoc
2821 4064 2877 4110 et
2906 4053 2973 4108 ad
2996 4054 3231 4123 angelos
3258 4052 3485 4109 dixisse.

2242 4158 2343 4212 Tu.
2357 4188 2430 4198 —
2450 4158 2635 4224 Erras,
2660 4156 2864 4213 Iudaee.
2893 4156 3004 4214 Cui
3033 4174 3275 4229 umquam
3294 4157 3609 4223 Angelorttm
3633 4154 3755 4211 dixit

2169 4249 2311 4307 Deus
2339 4268 2357 4306 :
2389 4249 2564 4305 Filius
2592 4267 2732 4305 meus
2762 4268 2815 4306 es
2864 4259 2920 4303 tu
2948 4266 2965 4303 :
2992 4266 3086 4321 ego
3116 4250 3269 4305 hodie
3312 4250 3466 4322 genui
3497 4258 3546 4304 te
3570 4248 3758 4321 (Hebr.

2170 4359 2210 4410 ι,
2237 4343 2336 4415 5)?
2367 4344 2430 4399 Et
2462 4358 2655 4399 rursus
2696 4343 2754 4399 in
2782 4343 2999 4415 psalmo
3028 4343 3204 4398 dicit:
3237 4342 3535 4413 Principem
3577 4356 3762 4413 ponam

2170 4434 2321 4489 illum
2359 4435 2620 4491 excelsum
2649 4452 2757 4508 pra:
2792 4436 2998 4509 regibus
3022 4443 3172 4489 terra:
3195 4432 3317 4505 (Ps.
3352 4449 3616 4498 Lxxxvrtt,
3647 4431 3759 4501 εδ).

457 4526 631 4607 autem
673 4550 795 4605 deos
836 4548 1097 4621 dijudicat
1144 4526 1318 4619 (Psal.
1345 4526 1554 4619 irim,
1610 4554 1687 4624 1).
1738 4526 1948 4627 ὐιίίιυθ
2001 4558 2069 4615 de
2096 4560 2148 4623 1)
2173 4529 2613 4635 βηξθιίξσδυιθιξξ
2649 4529 2825 4599 Ῑυδθίν
2858 4527 3134 4635 (Ἇηςξεῑξξηξ
3177 4526 3528 4635 θάξπεξηῑ-βξ
3567 4527 3758 4635 ίιθΐξιω

457 4644 680 4702 Christo
704 4643 857 4709 dicit,
890 4642 980 4712 qui
1016 4642 1071 4696 in
1091 4656 1361 4714 synagoga
1385 4643 1615 4699 deorum
1640 4646 1845 4713 docuit,
1880 4657 1934 4704 et
1953 4649 2062 4705 vir-

459 4745 604 4792 tutes
636 4735 767 4791 fecit
799 4753 811 4787 :
844 4734 1075 4805 proinde
1104 4735 1157 4789 in
1184 4735 1395 4804 psalmo
1421 4737 1838 4808 quadragesimo
1866 4751 2060 4810 quarto

458 4826 594 4881 dicit
628 4843 641 4878 :
675 4824 913 4879 Thronus
954 4836 1104 4891 tuus,
1154 4825 1315 4892 Deus,
1364 4827 1419 4879 in
1466 4828 1653 4881 sa’eula
1701 4831 2058 4885 saeculorum:

457 4918 603 4985 virga
646 4918 919 4985 wquitatis,
949 4918 1091 4989 virga
1119 4918 1264 4989 regni
1292 4918 1369 4970 tui
1403 4932 1421 4970 :
1451 4918 1680 4974 dilexisti
1719 4922 1983 4990 justitiam
2012 4933 2059 4977 et

461 5005 617 5059 odisti
637 5004 980 5073 iniquitatem,
1006 5017 1278 5076 propterea
1296 5008 1553 5062 benedixit
1575 5018 1624 5063 te
1648 5008 1785 5065 Deus
1807 5022 1925 5067 tuus
1946 5012 2057 5068 oleo

461 5099 655 5156 (milia:
677 5114 783 5169 prie
810 5099 1148 5169 participibus
1172 5101 1273 5154 tuis
1302 5100 1477 5170 (Psal.
1501 5118 1642 5168 XLIV,
1665 5104 1742 5172 7).
1768 5104 1897 5172 Quis
1922 5107 2064 5161 Deus

458 5200 683 5264 propter
707 5204 867 5260 quem
906 5188 1074 5243 Deum
1105 5190 1522 5256 dixit,'.lud:ee?
1561 5192 1760 5263 Utique
1786 5195 1927 5250 Deus
1957 5196 2061 5250 Pa-

458 5297 543 5342 ter
569 5284 849 5341 Christum
891 5281 986 5336 Dei
1019 5280 1239 5347 Filium,
1274 5298 1373 5351 pro
1413 5300 1522 5355 quo
1550 5295 1603 5340 et
1632 5286 1701 5341 de
1730 5303 1839 5356 quo
1869 5268 2059 5359 recep.

454 5378 696 5433 tissimus
734 5375 1117 5447 prophetarum
1150 5372 1420 5429 Jeremias
1458 5376 1633 5432 dicit:
1676 5377 1777 5433 Hic
1818 5378 1981 5446 Deus,
2011 5389 2058 5434 et

455 5489 560 5526 non
586 5479 659 5525 est
698 5471 855 5537 alius,
884 5486 976 5524 nec
1001 5468 1347 5525 testintabitur
1371 5469 1564 5539 absque
1587 5471 1681 5525 illo
1706 5489 1719 5525 :
1751 5474 1839 5542 qui
1866 5475 2058 5528 invenit

530 5666 555 5693 ε
579 5654 888 5724 Legendum
916 5654 1150 5721 videtur,
1179 5672 1245 5710 ea:
1268 5654 1527 5709 Nazarteo
1555 5653 1819 5709 Judaeum.

532 5725 557 5760 ιι
581 5726 743 5780 Deest
771 5726 988 5798 aliquod
1016 5725 1351 5798 verbum.ln
1382 5726 1599 5796 vulgata
1639 5726 1878 5783 editione
1918 5728 2053 5798 legi-

458 5801 563 5860 tur,
596 5803 642 5846 et
666 5795 891 5864 ungulas
919 5811 1093 5850 eorum
1119 5797 1380 5851 dissolvet.

2174 4622 2226 4677 in
2259 4621 2543 4678 Canticum
2579 4623 2991 4678 Deuteronomii
3021 4621 3157 4677 dicit
3190 4639 3201 4673 :
3236 4619 3532 4685 Ltetamini,
3567 4627 3757 4692 gentes,

2170 4732 2284 4770 eum
2305 4733 2387 4779 eo,
2408 4724 2455 4771 et
2479 4715 2695 4769 adorent
2722 4731 2839 4768 eum
2865 4730 3039 4769 omnes
3066 4710 3239 4785 angeli
3260 4709 3359 4766 Dei
3386 4711 3566 4783 (Deut.
3592 4724 3757 4773 sunt,

2168 4807 2259 4871 45,
2295 4821 2398 4859 sec.
2425 4803 2617 4875 LXX).

2238 4908 2357 4964 Stu.
2386 4938 2458 4948 -——
2485 4907 2659 4965 Proba
2691 4906 2823 4962 mihi
2850 4906 3122 4963 Christum
3152 4920 3273 4962 esse
3303 4905 3629 4976 principem.

2245 5010 2344 5066 Tn.
2377 5041 2448 5051 —-
2473 5012 2593 5065 Jam
2627 5009 2760 5065 dixi.
2788 5010 2986 5078 Accipe
3008 5024 3152 5064 nunc
3171 5009 3333 5064 aliam
3357 5008 3755 5079 probationem.

2171 5105 2217 5159 si
2266 5103 2511 5173 potueris
2540 5102 2624 5158 vel
2654 5103 2733 5157 sic
2767 5100 3017 5157 credere.
3042 5100 3177 5157 Nam
3226 5117 3349 5157 cum
3408 5104 3568 5158 Jesus
3618 5101 3759 5156 ﬁlius

2176 5194 2325 5250 Nave
2373 5202 2545 5249 staret
2575 5204 2725 5248 trans
2752 5192 3069 5260 Jordanem,
3104 5194 3282 5249 virum
3310 5194 3447 5249 vidit
3482 5202 3755 5258 stantem;

2171 5297 2230 5342 et
2255 5286 2468 5357 gladius
2500 5296 2731 5356 utraque
2758 5294 2911 5357 parte
2942 5295 3131 5341 acutus
3164 5288 3216 5341 in
3246 5303 3409 5342 manu
3442 5286 3581 5358 ejus.
3617 5286 3758 5341 Dixit

2175 5378 2256 5433 illi
2286 5377 2450 5433 Jesus
2484 5396 2497 5430 :
2534 5376 2730 5431 Noster
2756 5393 2827 5445 es,
2856 5394 2923 5429 an
2969 5378 3424 5432 adversariorum?
3448 5375 3565 5450 Ego
3616 5377 3757 5448 prin-

2164 5489 2283 5543 ceps
2310 5472 2510 5527 militia:
2534 5471 2821 5543 majestatis
2846 5472 3060 5526 Domini
3084 5470 3222 5545 (los.
3248 5487 3302 5539 v,
3332 5470 3445 5543 14).
3464 5524 3480 5538 ,

2172 5621 2185 5637 ’
2239 5670 2259 5697 ο
2293 5659 2479 5725 Forte,
2509 5660 2789 5714 Abraham.

2234 5729 2259 5765 ά
2285 5730 2427 5801 Lege
2460 5731 2526 5786 In
2558 5732 2812 5802 principio
2839 5732 2981 5801 fecit,
3002 5742 3113 5788 etc.
