4092 6176
360 234 499 292 1169
714 235 1156 294 ALTERCATIO
1195 237 1404 294 INTER
1444 237 1897 297 TIIEOPHILUM
1936 240 2406 300 CHRISTIANUM
2449 243 2536 299 ET
2578 243 2887 302 SIMONEM
2925 203 3250 306 JDDEUM.
3517 253 3661 310 11ῗο

427 355 547 412 Sus.
573 387 644 396 —
672 356 740 411 Et
768 356 872 412 hoc
903 356 1032 412 volo
1064 355 1196 412 mihi
1237 355 1534 427 edisseras,
1560 357 1838 427 quomodo
1872 367 1957 414 est
1982 362 2037 421 Α
2062 358 2237 425 cretes,
2265 359 2482 413 aderam
2506 377 2623 413 cum
2651 362 2769 429 illo;
2786 370 2960 416 etcum
2989 375 3275 421 secerneret
3298 368 3470 423 sedem
3490 387 3662 438 suam,

357 447 526 504 Filius
556 447 848 515 Christus;
903 463 1026 504 nam
1050 457 1106 504 et
1131 463 1323 505 omnes
1355 451 1534 505 sancti
1567 449 1665 505 ﬁlii
1695 450 1795 506 Dei
1823 451 1954 506 dicti
2055 452 2263 524 quando
2294 454 2452 524 fortia
2478 454 2700 523 faciebat
2743 455 3089 522 fundamenta
3136 466 3306 524 terrae,
3332 477 3473 516 eram
3502 462 3660 518 simul

353 550 485 596 sunt
518 560 528 595 :
559 541 792 612 proinde
815 541 958 597 sicut
989 541 1125 596 mihi
1170 541 1417 612 probasti
1453 542 1752 612 principem
1798 543 1953 598 illum
2055 560 2169 599 cum
2213 544 2307 598 illo
2337 545 2641 613 disponens.
2686 545 2800 617 Ego
2827 563 2973 602 eram
2999 550 3080 601 cui
3107 550 3462 622 adgaudebat,
3486 557 3662 625 quoti-

353 648 510 699 esse,
544 633 714 704 proba
745 649 890 690 nunc
935 633 1032 690 Dei
1061 634 1261 689 Filium
1293 633 1450 688 illum
1483 649 1550 689 ex
1578 633 1694 689 Deo
1739 643 1951 690 natum.

353 725 542 797 Longe
563 726 711 782 enim
734 735 946 783 remota
975 735 1061 783 est
1084 726 1346 782 Divinitas
1364 741 1391 780 a
1411 727 1647 782 coitibus
1669 726 1949 793 humanis,

353 836 456 878 nec
490 821 756 876 miscetur
785 821 1086 891 amplexui.

420 913 522 968 Tn.
551 912 918 985 ——Loqueris
965 913 1123 985 quasi
1177 913 1421 970 Iudaeus.
1473 913 1646 981 Nam,
1693 913 1949 970 Christus

352 1006 518 1069 Deus,
554 1006 700 1062 Deus
742 1006 937 1073 Filius,
966 1007 1386 1078 primogenitus,
1419 1008 1588 1064 verbo
1619 1007 1820 1075 editus,
1852 1022 1950 1065 ore

356 1100 626 1172 prolatus.
651 1100 805 1157 Sicut
832 1100 976 1156 enim
1005 1100 1151 1158 Deus
1178 1115 1298 1156 cum
1345 1102 1624 1157 hominem
1659 1103 1711 1156 in
1737 1103 1945 1173 princi-

348 1191 438 1262 pio
480 1206 512 1248 e
542 1192 675 1248 limo
717 1202 879 1248 terrae
927 1192 1154 1262 fecerat,
1180 1192 1365 1249 ﬂatum
1409 1208 1568 1248 suum
1599 1193 1654 1248 in
1689 1193 1944 1250 eumdem

346 1285 674 1355 spiraverat,
708 1293 767 1341 et
792 1286 967 1341 factus
997 1294 1082 1343 est
1123 1285 1288 1342 homo
1344 1287 1398 1340 in
1450 1286 1687 1340 animam
1731 1287 1943 1354 vivam;

345 1378 481 1434 etita
496 1377 738 1434 Verbum
761 1393 948 1445 suum,
966 1379 1070 1434 hoc
1090 1377 1472 1434 estChristum
1497 1394 1564 1435 ex
1589 1388 1748 1434 utero
1764 1379 1946 1435 cordis

345 1471 429 1527 sui
461 1472 682 1543 genuit;
711 1473 854 1528 sicut
885 1473 937 1527 in
962 1473 1206 1528 Basilion
1238 1473 1382 1529 libro
1407 1472 1651 1529 secundo
1673 1472 1809 1529 dicit
1835 1489 1848 1527 :
1875 1471 1945 1527 Et

345 1563 446 1635 fuit
491 1565 699 1620 verbum
747 1564 956 1620 Domini
990 1567 1059 1620 ad
1109 1566 1324 1622 Natltan
1372 1568 1673 1640 praphetam
1719 1567 1944 1622 dicens:

357 1654 497 1711 Vade
523 1665 572 1710 et
597 1657 681 1712 dic
707 1674 854 1712 servo
885 1675 998 1713 meo
1029 1658 1200 1713 David
1226 1675 1245 1714 :
1274 1676 1380 1714 non
1409 1671 1464 1713 tu
1497 1660 1785 1727 aediﬁcabis
1823 1661 1950 1714 mihi

2055 636 2139 690 die
2169 646 2339 690 autem
2377 635 2592 691 lwtabar
2623 639 2676 691 in
2708 639 2897 710 faciem
2940 641 3073 710 ejus,
3110 657 3228 697 cum
3258 644 3521 700 laetaretur
3551 649 3665 704 orbi

2050 728 2276 797 perfecto
2306 724 2492 797 (Prov.
2520 744 2638 794 VIII,
2665 728 2758 795 22,
2787 728 3001 795 50,sec.
3030 730 3223 802 LXX).

2122 817 2239 873 Sus.
2269 847 2338 857 —
2367 818 2556 874 Potest
2585 819 2691 874 hoc
2730 834 2830 888 pro
2869 821 3138 890 sapientia
3171 823 3404 880 dixisse.

2123 909 2301 966 'I‘u.—
2332 913 2517 979 Erras,
2533 912 2744 980 Judtee,
2761 923 2820 967 et
2836 913 3005 968 veluti
3029 913 3277 971 velamen
3295 913 3481 988 [Forte
3507 920 3659 976 vela-

2051 1004 2223 1076 mine]
2260 1005 2584 1075 ignorantiae
2635 1020 2834 1061 sensus
2867 1016 2989 1062 tuus
3035 1019 3325 1066 contecms
3376 1023 3484 1068 est.
3535 1013 3655 1071 Non

2049 1098 2324 1154 immerito
2368 1102 2750 1158 sanctissimus
2808 1103 3026 1175 Moyses
3079 1106 3369 1162 velaminis
3415 1110 3656 1180 tegmine

2047 1190 2244 1248 faciem
2273 1193 2509 1263 velabat,
2537 1195 2682 1265 quod
2705 1196 2959 1252 velamen
2981 1198 3147 1252 corda
3167 1208 3350 1254 vestra
3370 1201 3648 1257 contexit.

2048 1287 2265 1343 Accede
2295 1288 2524 1358 proinde
2552 1289 2622 1343 ad
2654 1290 2947 1345 Dominum
2988 1301 3046 1346 et
3075 1293 3171 1346 Dei
3205 1292 3429 1363 Filium,
3461 1305 3515 1348 et
3557 1308 3654 1350 au-

2047 1378 2254 1434 feretur
2280 1379 2349 1434 de
2378 1381 2635 1436 sensibus
2658 1383 2766 1436 tuis
2791 1392 3010 1452 tegmen
3047 1385 3390 1454 ignorantiae.
3423 1387 3653 1458 Sapien-

2050 1472 2136 1527 tiae
2161 1471 2362 1526 dictum
2387 1472 2968 1543 existimas,ignorans
2997 1476 3256 1544 quoniam
3281 1476 3652 1547 Christusipse

2047 1572 2122 1617 est
2167 1563 2264 1616 Dei
2314 1565 2476 1618 virtus
2525 1576 2572 1618 et
2622 1562 2719 1620 Dei
2768 1567 3025 1636 sapientia
3056 1568 3100 1636 (l
3131 1565 3255 1621 Cor.
3282 1585 3322 1634 ι,
3351 1568 3466 1640 24).
3497 1569 3651 1626 Adeo

2051 1668 2208 1725 reges
2241 1656 2405 1709 vestri
2454 1655 2548 1724 qui
2598 1670 2693 1725 per
2740 1659 3146 1712 successionem
3180 1659 3505 1728 regnabant,
3537 1675 3648 1716 non

347 1750 554 1803 domum
595 1750 662 1804 ad
692 1750 1071 1818 habitandum;
1098 1753 1192 1806 sed
1231 1768 1347 1806 cum
1378 1751 1578 1823 impleti
1609 1756 1800 1822 fuerint
1831 1751 1940 1807 dies
1971 1749 2019 1808 B
2047 1754 2298 1818 p0lel‘8nt
2339 1747 2659 1817 Sapientiam
2704 1758 2759 1804 cl
2804 1751 3062 1806 virtutem
3096 1753 3365 1822 accipere,
3401 1754 3505 1808 nisi
3546 1769 3646 1825 per

345 1845 443 1910 tui,
467 1844 725 1900 suscitabo
751 1862 920 1901 semen
950 1855 1094 1900 tuum
1123 1855 1240 1915 post
1283 1855 1331 1900 te
1361 1846 1483 1901 :Izic
1522 1847 1801 1916 aediﬁcavit
1847 1847 1940 1901 do-

344 1950 484 1990 mum
513 1937 711 1991 nomini
755 1954 890 2002 meo,
921 1948 970 1993 et
998 1939 1195 2010 erigam
1233 1941 1476 1994 thronum
1521 1941 1632 2010 ejus
1689 1957 1848 2011 usque
1887 1943 1942 1995 in

343 2031 533 2085 sarcula
564 2047 580 2082 :
611 2039 659 2086 et
685 2047 780 2104 ego
817 2049 906 2087 ero
936 2032 1018 2086 illi
1061 2034 1115 2086 in
1148 2043 1367 2101 patrem,
1411 2040 1458 2087 et
1480 2033 1589 2105 ipse
1610 2035 1707 2087 erit
1734 2035 1861 2087 mihi
1887 2035 1943 2088 in

343 2124 533 2194 filium,
563 2133 613 2178 et
643 2124 802 2193 fidem
845 2135 1188 2196 consequetur
1235 2135 1284 2179 et
1324 2127 1512 2179 domus
1543 2130 1656 2198 ejus
1699 2125 1768 2197 (II
1807 2126 1938 2196 Reg.

343 2217 513 2285 vu,4,
536 2217 589 2282 5,
622 2215 710 2281 12,
738 2217 964 2284 15,16).
996 2217 1065 2272 Et
1103 2218 1158 2272 in
1205 2216 1417 2283 psalmo
1466 2233 1503 2272 ιι
1538 2217 1672 2273 dicit
1706 2235 1721 2271 :
1771 2217 1945 2284 Quare

345 2310 667 2380 fremuerunt
691 2297 890 2380 gentes,
921 2318 967 2362 et
997 2309 1187 2379 papuli
1215 2311 1452 2363 meditati
1476 2317 1598 2364 sunt
1631 2309 1943 2380 inania(Ps.

344 2416 404 2468 ιι,
435 2400 526 2472 1)?
554 2402 687 2456 Item
718 2403 771 2456 in
805 2403 1016 2472 psalmo
1047 2402 1472 2473 quadragesimo
1496 2411 1693 2473 quarto
1723 2419 1740 2457 :
1770 2401 1941 2457 Eruc-

344 2495 470 2550 tavit
508 2510 597 2549 cor
643 2511 810 2548 meum
854 2495 1064 2548 verbum
1099 2496 1286 2549 bonum
1317 2511 1336 2549 :
1367 2494 1486 2549 dico
1515 2511 1608 2565 ego
1639 2511 1799 2563 opera
1829 2510 1943 2548 mea

343 2588 453 2658 regi
484 2586 604 2655 (Ps.
629 2603 777 2654 xuv,
804 2586 886 2658 2).
907 2586 1077 2642 Isaias
1102 2587 1236 2642 dicit
1268 2605 1280 2640 :
1311 2586 1712 2642 Consummatas
1736 2586 1942 2656 quidem

345 2689 392 2734 et
422 2680 745 2734 abbreviatas
774 2696 856 2733 res
885 2679 1098 2745 audivi;
1127 2679 1375 2748 quoniam
1407 2677 1631 2734 Verbum
1659 2679 1944 2733 breviatum

347 2772 473 2844 facit
501 2770 642 2826 Deus
691 2772 745 2825 in
797 2773 938 2826 omni
970 2781 1108 2826 terra
1146 2770 1284 2843 (Isa.
1318 2788 1374 2840 ις,
1405 2771 1524 2842 22).
1560 2771 1657 2827 Hic
1689 2780 1776 2826 est
1805 2772 1939 2826 Ver-

347 2863 474 2917 bum
515 2863 608 2933 qui
632 2863 865 2919 verbera
905 2874 1098 2918 nostra
1123 2864 1366 2932 sanavit,
1406 2863 1475 2918 de
1499 2879 1608 2934 quo
1642 2865 1694 2918 in
1727 2863 1941 2934 psalmo

345 2955 648 3011 centesimo
674 2957 865 3027 quinto
885 2955 1017 3011 dicit
1044 2975 1055 3010 :
1084 2955 1230 3011 Misit
1265 2955 1490 3011 Verbum
1520 2973 1692 3023 suum,
1721 2966 1768 3010 et
1788 2974 1945 3011 sana-

345 3048 416 3103 vit
437 3063 522 3102 eos
548 3047 667 3120 (Ps.
690 3064 791 3116 cv,
824 3048 942 3120 20).
987 3049 1124 3104 Item
1177 3049 1228 3102 in
1278 3049 1390 3103 alio
1431 3048 1642 3118 psalmo
1697 3050 1943 3104 testimo-

347 3139 495 3195 nium
528 3141 783 3211 perhibet
814 3141 1081 3212 prOpheta
1112 3141 1303 3196 dicens
1335 3141 1480 3212 quod
1509 3143 1709 3197 caelum
1735 3140 1805 3196 de
1834 3157 1942 3212 quo

347 3247 510 3302 supra
528 3231 1042 3300 diximus,Christo,
1067 3241 1120 3289 et
1151 3234 1203 3287 in
1227 3231 1448 3288 Christo
1475 3233 1566 3303 qui
1596 3241 1682 3288 est
1701 3233 1940 3288 Verbum

349 3323 471 3389 Dei,
501 3324 694 3379 fecerit
729 3344 742 3378 :
779 3324 947 3379 Verbo
976 3323 1192 3379 Domini
1221 3324 1336 3379 cteli
1358 3325 1553 3394 firmati
1579 3335 1719 3392 sunt,
1745 3336 1793 3380 et
1818 3325 1944 3396 Spi-

346 3416 451 3471 ritu
472 3419 578 3472 oris
601 3421 714 3491 ejus
743 3419 910 3472 omnis
949 3418 1116 3471 virtus
1157 3433 1334 3472 eorum
1357 3415 1476 3487 (Ps.
1525 3433 1699 3484 xxxii,
1729 3417 1810 3487 6).
1845 3417 1942 3474 llic

348 3517 432 3564 est
468 3509 698 3566 Verbum
730 3509 824 3581 qui
853 3509 1118 3566 velociter
1140 3509 1400 3564 mundum
1425 3511 1720 3578 percurrit,
1748 3521 1802 3565 et
1829 3509 1945 3565 ani-

348 3620 466 3660 mas
496 3606 800 3662 errantium
844 3619 945 3678 per
976 3605 1149 3675 legem
1188 3619 1386 3660 novam
1415 3603 1481 3658 ad
1515 3603 1686 3658 Deum
1715 3619 1948 3659 conver-

352 3698 416 3752 tit
458 3715 472 3752 :
523 3698 591 3754 de
640 3714 748 3769 quo
796 3699 849 3752 in
901 3697 1116 3766 psalmo
1170 3696 1474 3753 centesimo
1525 3695 1945 3768 quadragesimo

349 3798 502 3843 sexto
525 3808 537 3844 :
565 3789 669 3854 Qui
689 3790 877 3845 emittit
904 3789 1129 3843 Verbum
1159 3805 1309 3843 suum
1331 3798 1500 3852 terrw,
1527 3787 1769 3842 velociter
1783 3790 1943 3842 currit

349 3896 516 3935 sermo
544 3885 656 3955 ejus
705 3880 825 3952 (Ps.
874 3896 1076 3946 cxnvu,
1114 3879 1230 3950 15).
1275 3881 1338 3935 Et
1387 3881 1557 3935 Isaias
1603 3879 1737 3934 dicit
1769 3897 1780 3933 :
1811 3878 1946 3934 Ecce

364 3972 584 4028 Verbum
612 3973 819 4028 Domini
842 3973 1040 4041 factum
1066 3983 1140 4026 est
1176 3971 1284 4026 illis
1314 3973 1368 4026 in
1393 3971 1746 4036 maledictum,
1775 3980 1821 4026 et
1852 3988 1947 4025 no-

352 4066 557 4120 luerunt
585 4067 742 4121 illud.
770 4075 794 4102 ει
821 4065 956 4121 Nam
998 4065 1326 4135 prophetam
1381 4073 1630 4120 nostrum
1680 4063 1944 4120 Joannem

351 4158 670 4228 pr0pltetico
691 4172 787 4214 ore
814 4157 1139 4212 clamantem
1165 4175 1176 4212 :
1201 4155 1266 4210 In
1289 4157 1546 4225 principio
1563 4164 1670 4209 erat
1701 4155 1942 4223 Verbum,

353 4261 400 4304 et
433 4251 569 4306 Deus
598 4263 708 4306 erat
748 4252 989 4317 Verbum,
1012 4261 1059 4305 et
1119 4249 1344 4304 Verbum
1397 4261 1508 4303 erat
1555 4248 1700 4319 apud
1756 4249 1942 4304 Deum.

357 4344 406 4398 11
417 4361 476 4398 oc
501 4356 608 4398 erat
648 4348 701 4400 in
729 4347 988 4418 principio
1029 4345 1176 4414 apud
1206 4343 1389 4398 Deum.
1425 4343 1617 4398 Omnia
1659 4358 1750 4412 per
1777 4343 1948 4414 ipsum

359 4437 497 4507 facta
526 4445 670 4504 sunt,
701 4444 748 4491 et
772 4439 882 4492 sine
904 4439 1017 4509 ipso
1046 4441 1242 4507 factum
1266 4444 1345 4489 est
1371 4434 1503 4489 nihil
1519 4433 1700 4506 (Joan.
1722 4450 1758 4498 ι,
1790 4435 1844 4499 1,
1863 4436 1945 4505 5).

2043 1838 2368 1895 vocabulum
2401 1840 2640 1894 nominis
2664 1841 2889 1898 Christi.
2922 1843 3092 1913 Hujus
3126 1845 3207 1899 rei
3235 1855 3519 1902 auctorem
3545 1847 3650 1904 Da-

2044 1929 2241 1986 nielem
2280 1931 2422 1986 dabo
2455 1931 2730 1988 dicetitcm
2762 1951 2776 1988 :
2805 1932 3114 2006 Signabitur
3160 1939 3300 1992 visus
3340 1950 3388 1993 et
3419 1941 3648 2011 prophe-

2043 2025 2136 2076 tia.
2193 2023 2400 2078 Orietur
2450 2027 2654 2096 iustitia
2696 2029 3113 2097 sempiterna,et
3156 2040 3376 2102 ungetur
3425 2032 3652 2090 Sanctus

2043 2124 2340 2168 sanctorum
2369 2136 2386 2170 .·
2415 2127 2462 2170 et
2487 2119 2642 2185 scies,
2675 2131 2723 2173 et
2750 2120 3006 2191 intelliges
3031 2123 3096 2176 ab
3122 2124 3265 2177 exitu
3303 2130 3558 2181 sermonis
3596 2129 3652 2182 in

2043 2207 2436 2274 respondendo;
2461 2219 2509 2262 et
2529 2211 2800 2280 tediﬁcabo
2833 2211 3166 2267 Hierusalem
3187 2232 3346 2286 usque
3372 2219 3441 2270 ad
3467 2216 3650 2274 Chris-

2047 2306 2157 2350 tum
2201 2299 2512 2353 christorum
2556 2311 2601 2355 et
2647 2301 2839 2373 Regem
2884 2320 3062 2376 regunt
3115 2314 3443 2364 vestrorum:
3474 2313 3650 2366 unctio

2048 2390 2307 2447 Samaria:
2353 2393 2553 2462 deﬁciet
2604 2411 2762 2448 cornu
2813 2395 2948 2450 illud
2979 2396 3143 2467 (Dan.
3184 2400 3400 2473 tx,24).
3437 2403 3648 2463 Deinde

2044 2501 2201 2557 reges
2234 2488 2400 2543 vestri
2434 2489 2797 2560 ungebantur,
2831 2503 2886 2547 et
2915 2509 3108 2550 omnes
3156 2499 3437 2566 prophetae
3479 2503 3652 2557 silue-

2044 2589 2190 2646 runt,
2227 2583 2355 2650 quia
2400 2581 2469 2637 de
2515 2598 2627 2653 quo
2676 2585 3043 2654 loquebantur
3091 2590 3262 2657 venit,
3297 2591 3440 2646 sicut
3479 2593 3648 2651 Isaias

2045 2678 2119 2728 ait
2147 2692 2161 2728 :
2207 2673 2319 2746 Ego
2349 2692 2465 2729 sum
2495 2677 2585 2747 qui
2612 2679 2878 2748 loquebar,
2913 2689 2961 2733 et
2996 2683 3110 2734 veni
3145 2691 3202 2735 ut
3241 2684 3647 2755 euangelizarent

2043 2766 2178 2820 vobis
2212 2767 2230 2836 (
2262 2767 2373 2821 lsa.
2411 2783 2506 2834 LII,
2539 2767 2572 2824 6
2603 2769 2645 2839 ).
2700 2769 2961 2835 Proinde,
3011 2783 3068 2826 ut
3117 2773 3383 2841 diximus,
3415 2776 3532 2847 ipse
3563 2788 3649 2834 est

2042 2860 2295 2916 Christus
2339 2861 2695 2929 christorum,
2734 2865 2994 2920 Dominus
3033 2866 3403 2924 dominorum.
3447 2872 3651 2936 Aucto-

2047 2968 2158 3007 rem
2184 2952 2568 3024 Esaiamﬁdabo
2590 2953 2864 3010 dicentem
2895 2974 2907 3008 :
2933 2955 3024 3011 Sic
3053 2958 3178 3011 dicit
3203 2958 3458 3014 Dominus
3470 2958 3649 3017 Chris-

2045 3056 2096 3101 to
2123 3063 2234 3101 meo
2263 3046 2487 3101 Domino
2529 3050 2611 3102 cui
2653 3050 2814 3102 tenuit
2843 3049 3102 3117 dextram,
3137 3061 3192 3104 ut
3221 3053 3504 3106 exaudiant
3529 3071 3647 3108 eum

2045 3150 2220 3214 gentes
2249 3157 2266 3195 :
2294 3142 2656 3208 fortitudinem
2689 3158 2868 3212 regum
2896 3143 3240 3215 disrumpam,
3272 3147 3505 3213 aperiam
3531 3156 3652 3200 ante

2044 3249 2156 3287 eum
2188 3241 2385 3304 portas,
2418 3245 2464 3287 et
2491 3234 2721 3288 civitates
2752 3251 2857 3287 non
2901 3235 3226 3290 claudentur.
3261 3234 3452 3291 Portas
3487 3254 3649 3294 terens

2044 3325 2293 3397 aperiam,
2319 3334 2368 3380 et
2390 3336 2550 3380 vectes
2576 3330 2777 3398 ferreos
2807 3329 3157 3400 confringant,
3186 3338 3234 3382 et
3258 3330 3388 3384 dabo
3416 3331 3507 3385 tibi
3531 3331 3647 3386 tlte-

2043 3433 2226 3471 sauros
2280 3417 2606 3472 absconditos
2664 3417 2798 3489 (Isa.
2841 3421 3076 3490 xcv,1).
3132 3419 3233 3476 Cui
3288 3437 3418 3493 ergo
3473 3424 3650 3479 tenuit

2046 3507 2295 3564 dextram
2327 3508 2508 3574 Pater,
2547 3509 2650 3563 nisi
2678 3508 2898 3564 Christo
2922 3508 3083 3579 Filio,
3109 3527 3273 3582 quem
3295 3527 3489 3569 omnes
3515 3529 3650 3585 gen-

2049 3612 2128 3657 tes
2160 3601 2547 3666 exaudierunt,
2580 3602 2721 3656 sicut
2753 3603 2806 3658 in
2849 3603 3068 3662 Psalmo
3106 3605 3243 3662 dicit
3280 3626 3293 3662 :
3331 3606 3408 3661 Tu
3446 3625 3649 3664 mecum

2046 3711 2246 3764 semper
2301 3694 2506 3749 tenuisti
2554 3711 2767 3750 manum
2817 3696 3056 3750 dextram
3116 3713 3281 3751 meam
3305 3696 3425 3769 (Ps.
3475 3714 3646 3769 Lxxu,

2046 3789 2312 3858 24)?Aut
2350 3803 2475 3858 qua:
2501 3789 2695 3844 civitas
2735 3789 2814 3844 illi
2857 3789 3041 3844 clausa
3076 3790 3200 3845 est?
3225 3791 3293 3846 Et
3331 3792 3420 3846 cui
3451 3807 3649 3849 omnes

2047 3892 2223 3954 portae
2251 3897 2411 3936 aere-te
2441 3883 2672 3951 patent?
2710 3885 2819 3937 Ant
2849 3883 3111 3952 numquid
3163 3892 3218 3938 et
3246 3883 3316 3938 de
3362 3883 3651 3941 nativitate

2049 3974 2167 4044 ejus
2197 3973 2420 4028 audebit
2446 3973 2767 4042 diSputare?
2793 3988 2914 4026 cum
2940 3971 3081 4028 idem
3101 3975 3400 4043 pr0pheta:
3424 3973 3650 4029 Factum

2051 4065 2258 4120 verbum
2288 4065 2526 4132 Domini,
2558 4066 2753 4137 inquit,
2780 4067 2848 4119 ad
2876 4066 3051 4120 Achaz
3081 4085 3100 4120 .’
3135 4066 3258 4121 Pete
3303 4068 3396 4122 tibi
3437 4070 3649 4140 signum

2049 4175 2081 4209 a
2126 4157 2348 4214 Domino
2376 4158 2486 4212 Deo
2516 4167 2604 4210 tuo
2643 4159 2697 4211 in
2737 4159 3061 4227 profundum
3086 4158 3302 4227 inferni,
3335 4160 3440 4214 sive
3468 4161 3522 4214 in
3551 4177 3647 4214 ea:-

2050 4249 2240 4303 celsum
2293 4267 2477 4322 supra.
2529 4249 2596 4304 Et
2628 4250 2762 4304 dixit
2795 4250 2972 4304 Achaz
3003 4267 3022 4304 :
3057 4249 3178 4304 Non
3228 4260 3418 4322 petam,
3453 4261 3500 4305 et
3541 4269 3651 4306 non

2053 4344 2258 4398 tentabo
2291 4343 2588 4398 Dominum.
2623 4343 2688 4397 Et
2719 4345 2790 4397 ait
2818 4345 3043 4398 :Audite
3069 4345 3432 4408 nunc,domus
3453 4344 3650 4402 David:

2055 4434 2178 4490 Non
2205 4435 2455 4505 pusillum
2487 4436 2626 4490 vobis
2657 4445 2916 4490 certamen
2943 4437 3040 4489 erit
3069 4453 3183 4489 cum
3225 4435 3521 4492 hominibus
3546 4455 3565 4504 ;
3596 4447 3645 4492 et

355 4532 420 4586 Et
451 4547 640 4587 rursus
688 4530 857 4585 Filius
907 4531 1024 4600 pari
1079 4544 1282 4600 genere
1331 4528 1707 4584 testimonium
1769 4525 1946 4582 reddit
1975 4516 2029 4576 D
2053 4527 2167 4582 ideo
2180 4544 2266 4582 vos
2292 4529 2603 4599 praestabitis
2628 4537 2888 4580 certamen
2909 4544 3027 4580 cum
3057 4527 3374 4594 hominibus,
3397 4530 3646 4598 quoniam

354 4625 500 4681 Patri
531 4636 584 4682 et
617 4623 918 4681 nativitatis
951 4637 1064 4678 suae
1094 4621 1320 4677 exordia
1350 4629 1602 4686 testatur,
1631 4619 1821 4673 dicens
1853 4633 1947 4687 per

354 4720 702 4774 Salomonem
737 4736 750 4771 :
784 4718 898 4791 Ego
927 4734 994 4772 ea:
1025 4732 1113 4771 ore
1147 4714 1405 4770 Altissimi
1445 4714 1648 4785 prodivi
1691 4713 1952 4784 primoge-

358 4812 497 4865 nitus
519 4820 638 4864 ante
662 4828 863 4864 omnem
886 4817 1198 4863 creaturam.
1232 4808 1348 4878 Ego
1377 4809 1430 4861 in
1456 4805 1598 4862 caelis
1623 4806 1721 4876 feci
1753 4813 1806 4857 ut
1845 4805 1951 4858 ori-

356 4911 499 4955 retur
538 4901 710 4956 lumen
751 4902 1074 4971 indeﬁciens.
1109 4897 1222 4969 Ego
1251 4899 1304 4952 in
1334 4897 1602 4951 altissimis
1633 4896 1884 4962 habitavi,
1907 4908 1956 4951 et

359 4996 574 5048 thronus
616 5010 756 5047 meus
808 4993 861 5046 in
915 4993 1155 5046 columna
1199 4991 1349 5045 nubis
1387 4988 1574 5061 (Eccli.
1616 5003 1760 5054 xxw,
1805 4988 1948 5058 5-7).

362 5087 530 5142 Vides
576 5102 707 5158 ergo
759 5087 1084 5142 exeuntibus
1116 5085 1359 5155 patrihus
1414 5084 1519 5137 tuis
1561 5083 1632 5138 de
1682 5081 1949 5154 Egypto,

359 5184 484 5253 quia
525 5182 780 5238 Christus
810 5191 931 5236 erat
971 5181 1062 5251 qui
1106 5182 1158 5236 iu
1188 5181 1447 5234 columna
1486 5179 1642 5235 nubis
1673 5179 1955 5249 praecede-

360 5275 454 5330 bat
477 5290 590 5330 eos.
627 5274 760 5330 Item
793 5274 906 5330 illic
947 5274 999 5328 in
1029 5273 1342 5329 Proverbiis
1371 5272 1618 5343 ejusdem
1655 5290 1666 5325 :
1703 5272 1957 5326 Dominus

363 5368 598 5423 condidit
641 5384 722 5422 me
750 5369 804 5420 in
851 5367 1000 5419 initio
1029 5367 1229 5420 viarum
1258 5381 1495 5432 suarum,
1524 5366 1577 5418 in
1617 5365 1875 5436 principio
1905 5364 1957 5416 in

366 5476 525 5531 opera
562 5477 656 5515 sua
688 5477 706 5514 :
755 5468 1032 5529 antequam
1084 5468 1277 5512 terram
1305 5459 1517 5526 faceret,
1557 5466 1605 5510 et
1634 5465 1754 5511 ante
1783 5472 1956 5510 omnes

372 5551 528 5606 colles
556 5553 730 5625 genuit
758 5569 856 5608 me.
890 5549 1022 5607 Cum
1043 5558 1274 5622 patraret
1301 5550 1430 5622 [leg.
1454 5560 1681 5622 pararet,
1702 5546 1960 5620 ἕτοίμαζε]

2055 4619 2308 4672 Dominus
2329 4619 2469 4672 Deus
2482 4619 2623 4672 dabit
2637 4620 2776 4672 vobis
2789 4619 3019 4688 signum:
3045 4618 3175 4671 Ecce
3197 4617 3356 4690 Virgo
3369 4621 3649 4690 concipiet,

2051 4722 2103 4766 et
2130 4712 2294 4782 pariet
2328 4710 2376 4764 F
2377 4712 2546 4779 ilium,
2579 4721 2624 4764 et
2650 4710 2916 4764 vocabitur
2930 4726 3117 4763 nomen
3148 4714 3260 4783 ejus
3290 4709 3603 4766 Emmanuel
3626 4731 3650 4779 ;

2053 4807 2196 4871 quod
2222 4801 2634 4868 interpretatur,
2672 4800 2961 4854 Nobiscum
2986 4801 3124 4855 Deus
3139 4799 3275 4873 (Isa.
3306 4818 3399 4868 vu,
3427 4802 3650 4876 10-14).

2127 4896 2244 4951 Sus.
2275 4925 2346 4935 —
2388 4895 2500 4966 Ego
2559 4893 2842 4965 prophetis
2889 4894 3081 4949 credo.
3129 4894 3403 4951 Praeterea
3456 4895 3652 4953 Isaiam

2057 4989 2491 5058 receptissimum
2522 4989 2772 5057 accipio;
2802 4987 2897 5042 sed
2926 4989 3090 5042 aliam
3135 4990 3407 5060 virginem
3447 4989 3656 5048 dixisse

2059 5081 2319 5137 arbitror.
2351 5079 2484 5135 Cum
2528 5081 2675 5135 enim
2731 5079 3120 5136 Salmanassar
3159 5097 3256 5137 rex
3307 5081 3660 5153 Assyriorum

2061 5172 2256 5228 ducem
2306 5187 2466 5227 suum
2519 5171 2756 5228 misisset
2809 5171 2876 5226 ad
2937 5171 3276 5228 Hierusalem
3326 5173 3662 5243 exprobrare

2067 5265 2238 5320 Deum
2261 5265 2478 5331 vivum;
2509 5275 2637 5320 tunc
2672 5265 2836 5320 Isaias
2869 5266 3223 5335 prophetavit
3256 5264 3519 5321 adversus
3537 5266 3662 5323 Sal-

2065 5372 2345 5412 manassar
2374 5372 2561 5427 regem
2593 5358 2783 5412 dicens
2817 5374 2830 5410 :
2866 5356 3073 5429 Sprevit
3102 5366 3174 5424 te,
3204 5357 3542 5411 subsannavit
3587 5369 3660 5426 te,

2063 5451 2205 5522 virgo
2243 5451 2354 5521 ﬁlia
2381 5451 2530 5506 Sion.
2560 5449 2727 5520 Caput
2759 5467 2912 5504 suum
2946 5460 3110 5504 movet
3141 5451 3418 5504 adversum
3446 5459 3516 5517 te,
3541 5451 3658 5521 filia

2069 5544 2400 5601 Hierusalem
2423 5543 2560 5617 (Isa.
2589 5559 2798 5610 xxxvu,
2824 5542 2943 5614 22).
2974 5542 3202 5610 Quando
3231 5553 3285 5598 et
3314 5543 3543 5614 angelus
3592 5542 3663 5599 de

459 5676 486 5704 ι
514 5667 613 5737 llic
651 5667 851 5737 aliquid
905 5666 1118 5721 videtur
1164 5665 1372 5721 deesse.
1405 5663 1592 5733 Forte,
1625 5661 1748 5718 Non
1786 5661 1938 5719 velles
1960 5661 2263 5735 prophetam
2305 5669 2536 5716 nostrum
2578 5656 2832 5713 Joannem
2862 5658 3026 5729 :quia
3052 5657 3226 5716 Judtei
3254 5673 3361 5714 non
3394 5657 3668 5728 recipiunt

416 5738 501 5795 ovl
532 5735 574 5793 Τ
594 5735 877 5794 estamenti
919 5737 1248 5807 Scripturas.
