  <div class='ocr_page' id='page_1' title='image "/cluster/home/n/w/nwhite01/storage/ocr_20150623/20/hvd.32044096580469/592.png"; bbox 0 0 4092 6176; ppageno 0'>
   <div class='ocr_carea' id='block_1_1' title="bbox 342 166 499 278">
    <p class='ocr_par' dir='ltr' id='par_1_1' title="bbox 342 166 499 278">
     <span class='ocr_line' id='line_1_1' title="bbox 342 166 499 278; baseline -0.013 0"><span class='ocrx_word' id='word_1_1' title='bbox 342 166 499 278; x_wconf 31' lang='grc'><strong>1175-</strong></span> 
     </span>
    </p>
   </div>
   <div class='ocr_carea' id='block_1_2' title="bbox 703 214 1948 286">
    <p class='ocr_par' dir='ltr' id='par_1_2' title="bbox 703 214 1948 278">
     <span class='ocr_line' id='line_1_2' title="bbox 703 214 1948 278; baseline -0.002 -2"><span class='ocrx_word' id='word_1_2' title='bbox 703 215 1143 276; x_wconf 78' lang='lat' dir='ltr'><strong>ALTERGATIO</strong></span> <span class='ocrx_word' id='word_1_3' title='bbox 1180 217 1391 277; x_wconf 69' lang='lat' dir='ltr'><strong>INTER</strong></span> <span class='ocrx_word' id='word_1_4' title='bbox 1427 217 1884 278; x_wconf 70' lang='lat' dir='ltr'><strong>THEOPHILUM</strong></span> <span class='ocrx_word' id='word_1_5' title='bbox 1922 214 1948 274; x_wconf 76' lang='grc' dir='ltr'><strong>ί</strong></span> 
     </span>
    </p>
   </div>
   <div class='ocr_carea' id='block_1_3' title="bbox 2053 214 3242 286">
    <p class='ocr_par' dir='ltr' id='par_1_3' title="bbox 2053 217 3242 286">
     <span class='ocr_line' id='line_1_3' title="bbox 2053 217 3242 286; baseline 0.005 -8"><span class='ocrx_word' id='word_1_6' title='bbox 2053 217 2398 282; x_wconf 63' lang='grc' dir='ltr'><strong>ηετιΑΝυΜ</strong></span> <span class='ocrx_word' id='word_1_7' title='bbox 2442 220 2532 278; x_wconf 83' lang='grc' dir='ltr'><strong>ΕΤ</strong></span> <span class='ocrx_word' id='word_1_8' title='bbox 2569 221 2885 282; x_wconf 84' lang='lat' dir='ltr'><strong>SIMONEM</strong></span> <span class='ocrx_word' id='word_1_9' title='bbox 2922 224 3242 286; x_wconf 64' lang='lat' dir='ltr'><strong>JUDEUM.</strong></span> 
     </span>
    </p>
   </div>
   <div class='ocr_carea' id='block_1_4' title="bbox 3496 226 3636 287">
    <p class='ocr_par' dir='ltr' id='par_1_4' title="bbox 3496 226 3636 287">
     <span class='ocr_line' id='line_1_4' title="bbox 3496 226 3636 287; baseline 0.014 -2"><span class='ocrx_word' id='word_1_10' title='bbox 3496 226 3636 287; x_wconf 72' lang='lat' dir='ltr'><strong>ll&quot;</strong></span> 
     </span>
    </p>
   </div>
   <div class='ocr_carea' id='block_1_5' title="bbox 342 307 3645 410">
    <p class='ocr_par' dir='ltr' id='par_1_5' title="bbox 342 307 3645 410">
     <span class='ocr_line' id='line_1_5' title="bbox 342 307 3645 410; baseline 0.004 -22"><span class='ocrx_word' id='word_1_11' title='bbox 342 331 580 402; x_wconf 55' lang='lat' dir='ltr'><strong>ﬁdi/ica</strong></span> <span class='ocrx_word' id='word_1_12' title='bbox 611 307 735 394; x_wconf 74' lang='lat' dir='ltr'><strong>mihi</strong></span> <span class='ocrx_word' id='word_1_13' title='bbox 763 333 930 388; x_wconf 81' lang='lat' dir='ltr'><strong>altare</strong></span> <span class='ocrx_word' id='word_1_14' title='bbox 957 333 1022 386; x_wconf 88' lang='lat' dir='ltr'><strong>de</strong></span> <span class='ocrx_word' id='word_1_15' title='bbox 1066 333 1469 404; x_wconf 69' lang='lat' dir='ltr'><strong>lapidibus‘non</strong></span> <span class='ocrx_word' id='word_1_16' title='bbox 1513 334 1852 401; x_wconf 71' lang='lat' dir='ltr'><strong>circumcisis,</strong></span> <span class='ocrx_word' id='word_1_17' title='bbox 1886 344 1934 388; x_wconf 85' lang='lat' dir='ltr'><strong>et</strong></span> <span class='ocrx_word' id='word_1_18' title='bbox 1964 348 2017 406; x_wconf 68' lang='grc' dir='ltr'><strong>Α</strong></span> <span class='ocrx_word' id='word_1_19' title='bbox 2114 333 2485 396; x_wconf 82' lang='lat' dir='ltr'><strong>&#39;I‘tt.-—0muis</strong></span> <span class='ocrx_word' id='word_1_20' title='bbox 2506 341 2951 410; x_wconf 75' lang='lat' dir='ltr'><strong>concupiscentia</strong></span> <span class='ocrx_word' id='word_1_21' title='bbox 2985 352 3038 397; x_wconf 89' lang='lat' dir='ltr'><strong>et</strong></span> <span class='ocrx_word' id='word_1_22' title='bbox 3072 344 3247 399; x_wconf 85' lang='lat' dir='ltr'><strong>libido</strong></span> <span class='ocrx_word' id='word_1_23' title='bbox 3264 344 3432 402; x_wconf 87' lang='lat' dir='ltr'><strong>corde</strong></span> <span class='ocrx_word' id='word_1_24' title='bbox 3459 348 3645 400; x_wconf 84' lang='lat' dir='ltr'><strong>conci-</strong></span> 
     </span>
    </p>
   </div>
   <div class='ocr_carea' id='block_1_6' title="bbox 343 423 1943 498">
    <p class='ocr_par' dir='ltr' id='par_1_6' title="bbox 343 423 1943 498">
     <span class='ocr_line' id='line_1_6' title="bbox 343 423 1943 498; baseline 0.001 -20"><span class='ocrx_word' id='word_1_25' title='bbox 343 428 541 494; x_wconf 81' lang='lat' dir='ltr'><strong>ferrum</strong></span> <span class='ocrx_word' id='word_1_26' title='bbox 569 440 675 480; x_wconf 85' lang='lat' dir='ltr'><strong>non</strong></span> <span class='ocrx_word' id='word_1_27' title='bbox 718 425 920 498; x_wconf 84' lang='lat' dir='ltr'><strong>iujicies</strong></span> <span class='ocrx_word' id='word_1_28' title='bbox 950 424 1005 479; x_wconf 86' lang='lat' dir='ltr'><strong>iu</strong></span> <span class='ocrx_word' id='word_1_29' title='bbox 1049 426 1124 479; x_wconf 82' lang='lat' dir='ltr'><strong>eis</strong></span> <span class='ocrx_word' id='word_1_30' title='bbox 1149 423 1344 495; x_wconf 75' lang='lat' dir='ltr'><strong>(Exod.</strong></span> <span class='ocrx_word' id='word_1_31' title='bbox 1376 442 1468 492; x_wconf 82' lang='lat' dir='ltr'><strong>xx,</strong></span> <span class='ocrx_word' id='word_1_32' title='bbox 1492 425 1624 496; x_wconf 71' lang='lat'><strong>9.5):</strong></span> <span class='ocrx_word' id='word_1_33' title='bbox 1658 425 1802 495; x_wconf 88' lang='lat' dir='ltr'><strong>quod</strong></span> <span class='ocrx_word' id='word_1_34' title='bbox 1833 425 1943 480; x_wconf 83' lang='lat' dir='ltr'><strong>sci-</strong></span> 
     </span>
    </p>
   </div>
   <div class='ocr_carea' id='block_1_7' title="bbox 344 515 1943 584">
    <p class='ocr_par' dir='ltr' id='par_1_7' title="bbox 344 515 1943 584">
     <span class='ocr_line' id='line_1_7' title="bbox 344 515 1943 584; baseline 0 -14"><span class='ocrx_word' id='word_1_35' title='bbox 344 515 471 571; x_wconf 91' lang='lat' dir='ltr'><strong>licet</strong></span> <span class='ocrx_word' id='word_1_36' title='bbox 521 517 820 572; x_wconf 77' lang='lat' dir='ltr'><strong>adveniens</strong></span> <span class='ocrx_word' id='word_1_37' title='bbox 866 515 1160 584; x_wconf 78' lang='lat' dir='ltr'><strong>Christus,</strong></span> <span class='ocrx_word' id='word_1_38' title='bbox 1206 516 1512 574; x_wconf 73' lang='lat' dir='ltr'><strong>Ecclesium</strong></span> <span class='ocrx_word' id='word_1_39' title='bbox 1572 516 1943 572; x_wconf 66' lang='lat' dir='ltr'><strong>aediﬁcaturus</strong></span> 
     </span>
    </p>
   </div>
   <div class='ocr_carea' id='block_1_8' title="bbox 345 609 1227 681">
    <p class='ocr_par' dir='ltr' id='par_1_8' title="bbox 345 609 1227 681">
     <span class='ocr_line' id='line_1_8' title="bbox 345 609 1227 681; baseline 0 -15"><span class='ocrx_word' id='word_1_40' title='bbox 345 619 462 666; x_wconf 89' lang='lat' dir='ltr'><strong>erat</strong></span> <span class='ocrx_word' id='word_1_41' title='bbox 496 609 564 664; x_wconf 91' lang='lat' dir='ltr'><strong>de</strong></span> <span class='ocrx_word' id='word_1_42' title='bbox 591 610 796 681; x_wconf 89' lang='lat' dir='ltr'><strong>popqu</strong></span> <span class='ocrx_word' id='word_1_43' title='bbox 819 609 1227 666; x_wconf 88' lang='lat' dir='ltr'><strong>incircumciso.</strong></span> 
     </span>
    </p>
   </div>
   <div class='ocr_carea' id='block_1_9' title="bbox 415 700 1941 775">
    <p class='ocr_par' dir='ltr' id='par_1_9' title="bbox 415 700 1941 775">
     <span class='ocr_line' id='line_1_9' title="bbox 415 700 1941 775; baseline 0.001 -19"><span class='ocrx_word' id='word_1_44' title='bbox 415 700 788 758; x_wconf 77' lang='lat' dir='ltr'><strong>Stu.-—Proba</strong></span> <span class='ocrx_word' id='word_1_45' title='bbox 826 700 962 758; x_wconf 89' lang='lat' dir='ltr'><strong>mihi</strong></span> <span class='ocrx_word' id='word_1_46' title='bbox 1004 700 1297 775; x_wconf 31' lang='lat' dir='ltr'><strong>Christum.</strong></span> <span class='ocrx_word' id='word_1_47' title='bbox 1324 702 1600 759; x_wconf 81' lang='lat' dir='ltr'><strong>neminem</strong></span> <span class='ocrx_word' id='word_1_48' title='bbox 1649 702 1941 758; x_wconf 84' lang='lat' dir='ltr'><strong>circumci-</strong></span> 
     </span>
    </p>
   </div>
   <div class='ocr_carea' id='block_1_10' title="bbox 346 795 514 850">
    <p class='ocr_par' dir='ltr' id='par_1_10' title="bbox 346 795 514 850">
     <span class='ocr_line' id='line_1_10' title="bbox 346 795 514 850; baseline 0 0"><span class='ocrx_word' id='word_1_49' title='bbox 346 795 514 850; x_wconf 87' lang='lat' dir='ltr'><strong>disse.</strong></span> 
     </span>
    </p>
   </div>
   <div class='ocr_carea' id='block_1_11' title="bbox 413 887 1946 960">
    <p class='ocr_par' dir='ltr' id='par_1_11' title="bbox 413 887 1946 960">
     <span class='ocr_line' id='line_1_11' title="bbox 413 887 1946 960; baseline -0.001 -16"><span class='ocrx_word' id='word_1_50' title='bbox 413 888 874 954; x_wconf 84' lang='lat' dir='ltr'><strong>Tn.-—-Crede,et</strong></span> <span class='ocrx_word' id='word_1_51' title='bbox 924 889 1040 960; x_wconf 91' lang='lat' dir='ltr'><strong>ipse</strong></span> <span class='ocrx_word' id='word_1_52' title='bbox 1073 888 1170 944; x_wconf 92' lang='lat' dir='ltr'><strong>tibi</strong></span> <span class='ocrx_word' id='word_1_53' title='bbox 1203 887 1496 960; x_wconf 85' lang='lat' dir='ltr'><strong>probabis:</strong></span> <span class='ocrx_word' id='word_1_54' title='bbox 1541 903 1663 946; x_wconf 90' lang='lat' dir='ltr'><strong>cum</strong></span> <span class='ocrx_word' id='word_1_55' title='bbox 1711 887 1946 958; x_wconf 61' lang='lat' dir='ltr'><strong>coeperis</strong></span> 
     </span>
    </p>
   </div>
   <div class='ocr_carea' id='block_1_12' title="bbox 343 979 1946 1052">
    <p class='ocr_par' dir='ltr' id='par_1_12' title="bbox 343 979 1946 1052">
     <span class='ocr_line' id='line_1_12' title="bbox 343 979 1946 1052; baseline 0.001 -18"><span class='ocrx_word' id='word_1_56' title='bbox 343 979 746 1052; x_wconf 72' lang='lat' dir='ltr'><strong>plenitudinem</strong></span> <span class='ocrx_word' id='word_1_57' title='bbox 780 981 1206 1052; x_wconf 81' lang='lat' dir='ltr'><strong>Evangeliorum</strong></span> <span class='ocrx_word' id='word_1_58' title='bbox 1246 981 1526 1036; x_wconf 76' lang='lat' dir='ltr'><strong>reVolvere</strong></span> <span class='ocrx_word' id='word_1_59' title='bbox 1554 1024 1568 1050; x_wconf 86' lang='lat'><strong>,</strong></span> <span class='ocrx_word' id='word_1_60' title='bbox 1599 979 1674 1036; x_wconf 86' lang='lat' dir='ltr'><strong>ibi</strong></span> <span class='ocrx_word' id='word_1_61' title='bbox 1699 979 1946 1036; x_wconf 77' lang='lat' dir='ltr'><strong>invenies</strong></span> 
     </span>
    </p>
   </div>
   <div class='ocr_carea' id='block_1_13' title="bbox 343 1072 1944 1146">
    <p class='ocr_par' dir='ltr' id='par_1_13' title="bbox 343 1072 1944 1146">
     <span class='ocr_line' id='line_1_13' title="bbox 343 1072 1944 1146; baseline -0.001 -16"><span class='ocrx_word' id='word_1_62' title='bbox 343 1072 659 1130; x_wconf 71' lang='lat' dir='ltr'><strong>Matthteum</strong></span> <span class='ocrx_word' id='word_1_63' title='bbox 710 1074 1022 1146; x_wconf 73' lang='lat' dir='ltr'><strong>apostolum</strong></span> <span class='ocrx_word' id='word_1_64' title='bbox 1075 1075 1465 1145; x_wconf 85' lang='lat' dir='ltr'><strong>publicanum,</strong></span> <span class='ocrx_word' id='word_1_65' title='bbox 1516 1085 1564 1129; x_wconf 87' lang='lat' dir='ltr'><strong>et</strong></span> <span class='ocrx_word' id='word_1_66' title='bbox 1624 1073 1944 1130; x_wconf 74' lang='lat' dir='ltr'><strong>Zacchazum</strong></span> 
     </span>
    </p>
   </div>
   <div class='ocr_carea' id='block_1_14' title="bbox 341 1165 1944 1236">
    <p class='ocr_par' dir='ltr' id='par_1_14' title="bbox 341 1165 1944 1236">
     <span class='ocr_line' id='line_1_14' title="bbox 341 1165 1944 1236; baseline 0.001 -16"><span class='ocrx_word' id='word_1_67' title='bbox 341 1165 648 1236; x_wconf 86' lang='lat' dir='ltr'><strong>principem</strong></span> <span class='ocrx_word' id='word_1_68' title='bbox 704 1165 1118 1236; x_wconf 88' lang='lat' dir='ltr'><strong>publicanorum</strong></span> <span class='ocrx_word' id='word_1_69' title='bbox 1142 1209 1156 1233; x_wconf 91' lang='lat'><strong>,</strong></span> <span class='ocrx_word' id='word_1_70' title='bbox 1195 1176 1248 1222; x_wconf 90' lang='lat' dir='ltr'><strong>et</strong></span> <span class='ocrx_word' id='word_1_71' title='bbox 1280 1167 1483 1222; x_wconf 88' lang='lat' dir='ltr'><strong>tuultos</strong></span> <span class='ocrx_word' id='word_1_72' title='bbox 1509 1166 1756 1224; x_wconf 83' lang='lat' dir='ltr'><strong>invenies</strong></span> <span class='ocrx_word' id='word_1_73' title='bbox 1800 1175 1827 1204; x_wconf 69' lang='grc'><strong>³</strong></span> <span class='ocrx_word' id='word_1_74' title='bbox 1858 1167 1944 1222; x_wconf 56' lang='lat' dir='ltr'><strong>in.</strong></span> 
     </span>
    </p>
   </div>
   <div class='ocr_carea' id='block_1_15' title="bbox 343 1255 1945 1326">
    <p class='ocr_par' dir='ltr' id='par_1_15' title="bbox 343 1255 1945 1326">
     <span class='ocr_line' id='line_1_15' title="bbox 343 1255 1945 1326; baseline 0.002 -16"><span class='ocrx_word' id='word_1_75' title='bbox 343 1256 704 1310; x_wconf 83' lang='lat' dir='ltr'><strong>cireumcisos</strong></span> <span class='ocrx_word' id='word_1_76' title='bbox 728 1299 742 1323; x_wconf 91' lang='lat'><strong>,</strong></span> <span class='ocrx_word' id='word_1_77' title='bbox 777 1256 870 1326; x_wconf 93' lang='lat' dir='ltr'><strong>qui</strong></span> <span class='ocrx_word' id='word_1_78' title='bbox 902 1271 1025 1310; x_wconf 91' lang='lat' dir='ltr'><strong>cum</strong></span> <span class='ocrx_word' id='word_1_79' title='bbox 1058 1255 1264 1314; x_wconf 72' lang='lat' dir='ltr'><strong>Iudaeis</strong></span> <span class='ocrx_word' id='word_1_80' title='bbox 1309 1256 1688 1313; x_wconf 90' lang='lat' dir='ltr'><strong>crediderunt.</strong></span> <span class='ocrx_word' id='word_1_81' title='bbox 1730 1255 1866 1312; x_wconf 84' lang='lat' dir='ltr'><strong>Nam</strong></span> <span class='ocrx_word' id='word_1_82' title='bbox 1899 1257 1945 1314; x_wconf 84' lang='lat' dir='ltr'><strong>si</strong></span> 
     </span>
    </p>
   </div>
   <div class='ocr_carea' id='block_1_16' title="bbox 343 1347 1944 1414">
    <p class='ocr_par' dir='ltr' id='par_1_16' title="bbox 343 1347 1944 1414">
     <span class='ocr_line' id='line_1_16' title="bbox 343 1347 1944 1414; baseline 0.001 -12"><span class='ocrx_word' id='word_1_83' title='bbox 343 1347 530 1402; x_wconf 65' lang='lat' dir='ltr'><strong>saeculi</strong></span> <span class='ocrx_word' id='word_1_84' title='bbox 589 1347 860 1404; x_wconf 75' lang='lat' dir='ltr'><strong>sacrificia</strong></span> <span class='ocrx_word' id='word_1_85' title='bbox 888 1389 902 1414; x_wconf 91' lang='lat'><strong>,</strong></span> <span class='ocrx_word' id='word_1_86' title='bbox 939 1347 1133 1404; x_wconf 84' lang='lat' dir='ltr'><strong>hostiae</strong></span> <span class='ocrx_word' id='word_1_87' title='bbox 1185 1356 1471 1405; x_wconf 84' lang='lat' dir='ltr'><strong>taurorum</strong></span> <span class='ocrx_word' id='word_1_88' title='bbox 1519 1358 1577 1404; x_wconf 91' lang='lat' dir='ltr'><strong>et</strong></span> <span class='ocrx_word' id='word_1_89' title='bbox 1624 1349 1855 1404; x_wconf 89' lang='lat' dir='ltr'><strong>arietum</strong></span> <span class='ocrx_word' id='word_1_90' title='bbox 1888 1359 1944 1404; x_wconf 87' lang='lat' dir='ltr'><strong>et</strong></span> 
     </span>
    </p>
   </div>
   <div class='ocr_carea' id='block_1_17' title="bbox 341 1439 1941 1511">
    <p class='ocr_par' dir='ltr' id='par_1_17' title="bbox 341 1439 1941 1511">
     <span class='ocr_line' id='line_1_17' title="bbox 341 1439 1941 1511; baseline 0.003 -19"><span class='ocrx_word' id='word_1_91' title='bbox 341 1452 609 1508; x_wconf 80' lang='lat' dir='ltr'><strong>agnorum</strong></span> <span class='ocrx_word' id='word_1_92' title='bbox 643 1439 798 1510; x_wconf 81' lang='lat' dir='ltr'><strong>jussa</strong></span> <span class='ocrx_word' id='word_1_93' title='bbox 831 1440 1257 1496; x_wconf 80' lang='lat' dir='ltr'><strong>immolabantur</strong></span> <span class='ocrx_word' id='word_1_94' title='bbox 1280 1483 1294 1509; x_wconf 87' lang='lat'><strong>,</strong></span> <span class='ocrx_word' id='word_1_95' title='bbox 1330 1449 1388 1496; x_wconf 92' lang='lat' dir='ltr'><strong>et</strong></span> <span class='ocrx_word' id='word_1_96' title='bbox 1409 1440 1685 1511; x_wconf 85' lang='lat' dir='ltr'><strong>prohibita</strong></span> <span class='ocrx_word' id='word_1_97' title='bbox 1728 1441 1941 1496; x_wconf 88' lang='lat' dir='ltr'><strong>sublata</strong></span> 
     </span>
    </p>
   </div>
   <div class='ocr_carea' id='block_1_18' title="bbox 343 1531 1946 1604">
    <p class='ocr_par' dir='ltr' id='par_1_18' title="bbox 343 1531 1946 1604">
     <span class='ocr_line' id='line_1_18' title="bbox 343 1531 1946 1604; baseline 0.003 -19"><span class='ocrx_word' id='word_1_98' title='bbox 343 1538 472 1586; x_wconf 75' lang='lat' dir='ltr'><strong>eunt</strong></span> <span class='ocrx_word' id='word_1_99' title='bbox 497 1572 511 1596; x_wconf 90' lang='lat'><strong>,</strong></span> <span class='ocrx_word' id='word_1_100' title='bbox 541 1541 596 1586; x_wconf 92' lang='lat' dir='ltr'><strong>et</strong></span> <span class='ocrx_word' id='word_1_101' title='bbox 627 1531 860 1602; x_wconf 90' lang='lat' dir='ltr'><strong>populus</strong></span> <span class='ocrx_word' id='word_1_102' title='bbox 893 1531 1103 1598; x_wconf 89' lang='lat' dir='ltr'><strong>minor,</strong></span> <span class='ocrx_word' id='word_1_103' title='bbox 1137 1531 1190 1587; x_wconf 90' lang='lat' dir='ltr'><strong>id</strong></span> <span class='ocrx_word' id='word_1_104' title='bbox 1222 1541 1306 1588; x_wconf 86' lang='lat' dir='ltr'><strong>est</strong></span> <span class='ocrx_word' id='word_1_105' title='bbox 1329 1543 1518 1589; x_wconf 90' lang='lat' dir='ltr'><strong>noster</strong></span> <span class='ocrx_word' id='word_1_106' title='bbox 1541 1575 1558 1600; x_wconf 94' lang='lat'><strong>,</strong></span> <span class='ocrx_word' id='word_1_107' title='bbox 1589 1531 1786 1603; x_wconf 85' lang='lat' dir='ltr'><strong>majori</strong></span> <span class='ocrx_word' id='word_1_108' title='bbox 1806 1548 1946 1604; x_wconf 79' lang='lat' dir='ltr'><strong>pra:-</strong></span> 
     </span>
    </p>
   </div>
   <div class='ocr_carea' id='block_1_19' title="bbox 341 1623 1938 1698">
    <p class='ocr_par' dir='ltr' id='par_1_19' title="bbox 341 1623 1938 1698">
     <span class='ocr_line' id='line_1_19' title="bbox 341 1623 1938 1698; baseline 0.001 -20"><span class='ocrx_word' id='word_1_109' title='bbox 341 1623 520 1693; x_wconf 87' lang='lat' dir='ltr'><strong>latus,</strong></span> <span class='ocrx_word' id='word_1_110' title='bbox 556 1632 612 1680; x_wconf 88' lang='lat' dir='ltr'><strong>et</strong></span> <span class='ocrx_word' id='word_1_111' title='bbox 640 1623 1050 1682; x_wconf 82' lang='lat' dir='ltr'><strong>Testamentum</strong></span> <span class='ocrx_word' id='word_1_112' title='bbox 1085 1640 1283 1680; x_wconf 87' lang='lat' dir='ltr'><strong>novum</strong></span> <span class='ocrx_word' id='word_1_113' title='bbox 1332 1627 1502 1682; x_wconf 82' lang='lat' dir='ltr'><strong>veteri</strong></span> <span class='ocrx_word' id='word_1_114' title='bbox 1535 1628 1892 1698; x_wconf 66' lang='lat' dir='ltr'><strong>praepositum</strong></span> <span class='ocrx_word' id='word_1_115' title='bbox 1923 1644 1938 1696; x_wconf 87' lang='lat'><strong>;</strong></span> 
     </span>
    </p>
   </div>
   <div class='ocr_carea' id='block_1_20' title="bbox 2050 428 3642 498">
    <p class='ocr_par' dir='ltr' id='par_1_20' title="bbox 2050 428 3642 498">
     <span class='ocr_line' id='line_1_20' title="bbox 2050 428 3642 498; baseline 0.006 -18"><span class='ocrx_word' id='word_1_116' title='bbox 2050 428 2198 496; x_wconf 89' lang='lat' dir='ltr'><strong>pitur</strong></span> <span class='ocrx_word' id='word_1_117' title='bbox 2245 429 2519 498; x_wconf 88' lang='lat' dir='ltr'><strong>:prninde</strong></span> <span class='ocrx_word' id='word_1_118' title='bbox 2564 432 2920 489; x_wconf 84' lang='lat' dir='ltr'><strong>circumcisio</strong></span> <span class='ocrx_word' id='word_1_119' title='bbox 2972 435 3101 492; x_wconf 91' lang='lat' dir='ltr'><strong>novi</strong></span> <span class='ocrx_word' id='word_1_120' title='bbox 3151 435 3487 492; x_wconf 86' lang='lat' dir='ltr'><strong>Testamenti</strong></span> <span class='ocrx_word' id='word_1_121' title='bbox 3518 436 3642 491; x_wconf 86' lang='lat' dir='ltr'><strong>talis</strong></span> 
     </span>
    </p>
   </div>
   <div class='ocr_carea' id='block_1_21' title="bbox 2048 522 3644 597">
    <p class='ocr_par' dir='ltr' id='par_1_21' title="bbox 2048 522 3644 597">
     <span class='ocr_line' id='line_1_21' title="bbox 2048 522 3644 597; baseline 0.006 -23"><span class='ocrx_word' id='word_1_122' title='bbox 2048 529 2159 588; x_wconf 88' lang='lat' dir='ltr'><strong>est,</strong></span> <span class='ocrx_word' id='word_1_123' title='bbox 2204 535 2369 591; x_wconf 88' lang='lat' dir='ltr'><strong>quam</strong></span> <span class='ocrx_word' id='word_1_124' title='bbox 2412 522 2558 577; x_wconf 83' lang='lat' dir='ltr'><strong>Deus</strong></span> <span class='ocrx_word' id='word_1_125' title='bbox 2587 534 2638 580; x_wconf 89' lang='lat' dir='ltr'><strong>et</strong></span> <span class='ocrx_word' id='word_1_126' title='bbox 2693 525 2948 581; x_wconf 78' lang='lat' dir='ltr'><strong>Christus</strong></span> <span class='ocrx_word' id='word_1_127' title='bbox 2991 526 3164 582; x_wconf 88' lang='lat' dir='ltr'><strong>Filius</strong></span> <span class='ocrx_word' id='word_1_128' title='bbox 3212 528 3331 597; x_wconf 81' lang='lat' dir='ltr'><strong>ejus</strong></span> <span class='ocrx_word' id='word_1_129' title='bbox 3379 528 3644 584; x_wconf 77' lang='lat' dir='ltr'><strong>ostendit.</strong></span> 
     </span>
    </p>
   </div>
   <div class='ocr_carea' id='block_1_22' title="bbox 2045 609 3645 688">
    <p class='ocr_par' dir='ltr' id='par_1_22' title="bbox 2045 609 3645 688">
     <span class='ocr_line' id='line_1_22' title="bbox 2045 609 3645 688; baseline 0.006 -22"><span class='ocrx_word' id='word_1_130' title='bbox 2045 609 2522 672; x_wconf 87' lang='lat' dir='ltr'><strong>Circumcidamus</strong></span> <span class='ocrx_word' id='word_1_131' title='bbox 2575 615 2856 674; x_wconf 87' lang='lat' dir='ltr'><strong>libidinem</strong></span> <span class='ocrx_word' id='word_1_132' title='bbox 2891 658 2905 680; x_wconf 94' lang='lat'><strong>,</strong></span> <span class='ocrx_word' id='word_1_133' title='bbox 2941 618 3229 674; x_wconf 82' lang='lat' dir='ltr'><strong>avaritiam</strong></span> <span class='ocrx_word' id='word_1_134' title='bbox 3255 660 3270 685; x_wconf 92' lang='lat'><strong>,</strong></span> <span class='ocrx_word' id='word_1_135' title='bbox 3332 619 3597 676; x_wconf 81' lang='lat' dir='ltr'><strong>malitiam</strong></span> <span class='ocrx_word' id='word_1_136' title='bbox 3629 662 3645 688; x_wconf 93' lang='lat'><strong>,</strong></span> 
     </span>
    </p>
   </div>
   <div class='ocr_carea' id='block_1_23' title="bbox 2045 703 3650 776">
    <p class='ocr_par' dir='ltr' id='par_1_23' title="bbox 2045 703 3650 776">
     <span class='ocr_line' id='line_1_23' title="bbox 2045 703 3650 776; baseline 0.005 -19"><span class='ocrx_word' id='word_1_137' title='bbox 2045 703 2407 772; x_wconf 87' lang='lat' dir='ltr'><strong>cupiditatem</strong></span> <span class='ocrx_word' id='word_1_138' title='bbox 2441 747 2457 771; x_wconf 94' lang='lat'><strong>,</strong></span> <span class='ocrx_word' id='word_1_139' title='bbox 2514 706 2656 762; x_wconf 76' lang='lat' dir='ltr'><strong>furta</strong></span> <span class='ocrx_word' id='word_1_140' title='bbox 2684 749 2698 773; x_wconf 89' lang='lat'><strong>,</strong></span> <span class='ocrx_word' id='word_1_141' title='bbox 2761 708 2982 764; x_wconf 78' lang='lat' dir='ltr'><strong>fraudes</strong></span> <span class='ocrx_word' id='word_1_142' title='bbox 3018 753 3032 774; x_wconf 94' lang='lat'><strong>,</strong></span> <span class='ocrx_word' id='word_1_143' title='bbox 3098 709 3534 776; x_wconf 81' lang='lat' dir='ltr'><strong>fornicationes;</strong></span> <span class='ocrx_word' id='word_1_144' title='bbox 3595 719 3650 767; x_wconf 85' lang='lat' dir='ltr'><strong>et</strong></span> 
     </span>
    </p>
   </div>
   <div class='ocr_carea' id='block_1_24' title="bbox 2046 797 3648 868">
    <p class='ocr_par' dir='ltr' id='par_1_24' title="bbox 2046 797 3648 868">
     <span class='ocr_line' id='line_1_24' title="bbox 2046 797 3648 868; baseline 0.004 -18"><span class='ocrx_word' id='word_1_145' title='bbox 2046 809 2214 853; x_wconf 90' lang='lat' dir='ltr'><strong>omne</strong></span> <span class='ocrx_word' id='word_1_146' title='bbox 2240 797 2389 867; x_wconf 89' lang='lat' dir='ltr'><strong>quod</strong></span> <span class='ocrx_word' id='word_1_147' title='bbox 2415 798 2509 853; x_wconf 89' lang='lat' dir='ltr'><strong>tibi</strong></span> <span class='ocrx_word' id='word_1_148' title='bbox 2534 797 2651 854; x_wconf 81' lang='lat' dir='ltr'><strong>ﬁeri</strong></span> <span class='ocrx_word' id='word_1_149' title='bbox 2677 815 2786 856; x_wconf 90' lang='lat' dir='ltr'><strong>non</strong></span> <span class='ocrx_word' id='word_1_150' title='bbox 2819 802 2902 857; x_wconf 88' lang='lat' dir='ltr'><strong>vis</strong></span> <span class='ocrx_word' id='word_1_151' title='bbox 2923 843 2938 868; x_wconf 91' lang='lat'><strong>,</strong></span> <span class='ocrx_word' id='word_1_152' title='bbox 2981 802 3092 858; x_wconf 89' lang='lat' dir='ltr'><strong>alio</strong></span> <span class='ocrx_word' id='word_1_153' title='bbox 3122 817 3230 858; x_wconf 90' lang='lat' dir='ltr'><strong>non</strong></span> <span class='ocrx_word' id='word_1_154' title='bbox 3263 803 3484 858; x_wconf 78' lang='lat' dir='ltr'><strong>feceris.</strong></span> <span class='ocrx_word' id='word_1_155' title='bbox 3519 801 3648 857; x_wconf 60' lang='lat' dir='ltr'><strong>Haec</strong></span> 
     </span>
    </p>
   </div>
   <div class='ocr_carea' id='block_1_25' title="bbox 2045 890 3649 966">
    <p class='ocr_par' dir='ltr' id='par_1_25' title="bbox 2045 890 3649 966">
     <span class='ocr_line' id='line_1_25' title="bbox 2045 890 3649 966; baseline 0.004 -22"><span class='ocrx_word' id='word_1_156' title='bbox 2045 898 2133 944; x_wconf 90' lang='lat' dir='ltr'><strong>est</strong></span> <span class='ocrx_word' id='word_1_157' title='bbox 2152 890 2506 947; x_wconf 85' lang='lat' dir='ltr'><strong>circumcisio</strong></span> <span class='ocrx_word' id='word_1_158' title='bbox 2550 892 2993 950; x_wconf 88' lang='lat' dir='ltr'><strong>Christianorum</strong></span> <span class='ocrx_word' id='word_1_159' title='bbox 3025 935 3042 962; x_wconf 94' lang='lat'><strong>,</strong></span> <span class='ocrx_word' id='word_1_160' title='bbox 3075 912 3236 965; x_wconf 87' lang='lat' dir='ltr'><strong>quam</strong></span> <span class='ocrx_word' id='word_1_161' title='bbox 3257 907 3311 952; x_wconf 88' lang='lat' dir='ltr'><strong>et</strong></span> <span class='ocrx_word' id='word_1_162' title='bbox 3335 895 3496 966; x_wconf 84' lang='lat' dir='ltr'><strong>primi</strong></span> <span class='ocrx_word' id='word_1_163' title='bbox 3521 910 3649 950; x_wconf 86' lang='lat' dir='ltr'><strong>san-</strong></span> 
     </span>
    </p>
   </div>
   <div class='ocr_carea' id='block_1_26' title="bbox 2045 983 3651 1054">
    <p class='ocr_par' dir='ltr' id='par_1_26' title="bbox 2045 983 3651 1054">
     <span class='ocr_line' id='line_1_26' title="bbox 2045 983 3651 1054; baseline 0.002 -15"><span class='ocrx_word' id='word_1_164' title='bbox 2045 991 2260 1040; x_wconf 90' lang='lat' dir='ltr'><strong>ctorum</strong></span> <span class='ocrx_word' id='word_1_165' title='bbox 2292 983 2632 1052; x_wconf 87' lang='lat' dir='ltr'><strong>habuerunt,</strong></span> <span class='ocrx_word' id='word_1_166' title='bbox 2661 987 2870 1043; x_wconf 87' lang='lat' dir='ltr'><strong>scilicet</strong></span> <span class='ocrx_word' id='word_1_167' title='bbox 2902 988 3088 1044; x_wconf 90' lang='lat' dir='ltr'><strong>Enoch</strong></span> <span class='ocrx_word' id='word_1_168' title='bbox 3112 1031 3127 1054; x_wconf 93' lang='lat'><strong>,</strong></span> <span class='ocrx_word' id='word_1_169' title='bbox 3159 988 3418 1053; x_wconf 84' lang='lat' dir='ltr'><strong>Noe,.lob</strong></span> <span class='ocrx_word' id='word_1_170' title='bbox 3443 997 3497 1044; x_wconf 85' lang='lat' dir='ltr'><strong>et</strong></span> <span class='ocrx_word' id='word_1_171' title='bbox 3517 988 3651 1044; x_wconf 77' lang='lat' dir='ltr'><strong>Mel-</strong></span> 
     </span>
    </p>
   </div>
   <div class='ocr_carea' id='block_1_27' title="bbox 2046 1075 3647 1147">
    <p class='ocr_par' dir='ltr' id='par_1_27' title="bbox 2046 1075 3647 1147">
     <span class='ocr_line' id='line_1_27' title="bbox 2046 1075 3647 1147; baseline 0.002 -15"><span class='ocrx_word' id='word_1_172' title='bbox 2046 1075 2379 1142; x_wconf 88' lang='lat' dir='ltr'><strong>chisedech;</strong></span> <span class='ocrx_word' id='word_1_173' title='bbox 2429 1079 2520 1147; x_wconf 90' lang='lat' dir='ltr'><strong>qui</strong></span> <span class='ocrx_word' id='word_1_174' title='bbox 2571 1092 2685 1133; x_wconf 91' lang='lat' dir='ltr'><strong>non</strong></span> <span class='ocrx_word' id='word_1_175' title='bbox 2716 1079 2947 1147; x_wconf 86' lang='lat' dir='ltr'><strong>carnis,</strong></span> <span class='ocrx_word' id='word_1_176' title='bbox 2998 1080 3096 1135; x_wconf 84' lang='lat' dir='ltr'><strong>sed</strong></span> <span class='ocrx_word' id='word_1_177' title='bbox 3148 1080 3332 1137; x_wconf 85' lang='lat' dir='ltr'><strong>cordis</strong></span> <span class='ocrx_word' id='word_1_178' title='bbox 3363 1079 3647 1136; x_wconf 89' lang='lat' dir='ltr'><strong>circumci-</strong></span> 
     </span>
    </p>
   </div>
   <div class='ocr_carea' id='block_1_28' title="bbox 2045 1168 3641 1232">
    <p class='ocr_par' dir='ltr' id='par_1_28' title="bbox 2045 1168 3641 1232">
     <span class='ocr_line' id='line_1_28' title="bbox 2045 1168 3641 1232; baseline 0.003 -10"><span class='ocrx_word' id='word_1_179' title='bbox 2045 1168 2261 1224; x_wconf 89' lang='lat' dir='ltr'><strong>sionem</strong></span> <span class='ocrx_word' id='word_1_180' title='bbox 2294 1169 2625 1226; x_wconf 89' lang='lat' dir='ltr'><strong>habuerunt.</strong></span> <span class='ocrx_word' id='word_1_181' title='bbox 2660 1171 2921 1232; x_wconf 76' lang='lat' dir='ltr'><strong>Potuerat</strong></span> <span class='ocrx_word' id='word_1_182' title='bbox 2959 1171 3104 1228; x_wconf 89' lang='lat' dir='ltr'><strong>Deus</strong></span> <span class='ocrx_word' id='word_1_183' title='bbox 3127 1172 3298 1228; x_wconf 88' lang='lat' dir='ltr'><strong>Adam</strong></span> <span class='ocrx_word' id='word_1_184' title='bbox 3335 1181 3357 1210; x_wconf 78' lang='grc' dir='ltr'><strong>ο</strong></span> <span class='ocrx_word' id='word_1_185' title='bbox 3403 1171 3641 1227; x_wconf 90' lang='lat' dir='ltr'><strong>circum-</strong></span> 
     </span>
    </p>
   </div>
   <div class='ocr_carea' id='block_1_29' title="bbox 2045 1258 2524 1316">
    <p class='ocr_par' dir='ltr' id='par_1_29' title="bbox 2045 1258 2524 1316">
     <span class='ocr_line' id='line_1_29' title="bbox 2045 1258 2524 1316; baseline 0.006 -2"><span class='ocrx_word' id='word_1_186' title='bbox 2045 1258 2218 1314; x_wconf 86' lang='lat' dir='ltr'><strong>cisum</strong></span> <span class='ocrx_word' id='word_1_187' title='bbox 2262 1260 2524 1316; x_wconf 77' lang='lat' dir='ltr'><strong>formare.</strong></span> 
     </span>
    </p>
   </div>
   <div class='ocr_carea' id='block_1_30' title="bbox 2122 1352 3646 1425">
    <p class='ocr_par' dir='ltr' id='par_1_30' title="bbox 2122 1352 3646 1425">
     <span class='ocr_line' id='line_1_30' title="bbox 2122 1352 3646 1425; baseline 0.002 -17"><span class='ocrx_word' id='word_1_188' title='bbox 2122 1352 2583 1410; x_wconf 72' lang='lat' dir='ltr'><strong>Stu.—Exa:stuo</strong></span> <span class='ocrx_word' id='word_1_189' title='bbox 2620 1353 2930 1410; x_wconf 85' lang='lat' dir='ltr'><strong>vehementi</strong></span> <span class='ocrx_word' id='word_1_190' title='bbox 2961 1355 3298 1425; x_wconf 78' lang='lat' dir='ltr'><strong>cogitatione</strong></span> <span class='ocrx_word' id='word_1_191' title='bbox 3324 1401 3338 1424; x_wconf 93' lang='lat'><strong>,</strong></span> <span class='ocrx_word' id='word_1_192' title='bbox 3371 1352 3646 1411; x_wconf 85' lang='lat' dir='ltr'><strong>Christum</strong></span> 
     </span>
    </p>
   </div>
   <div class='ocr_carea' id='block_1_31' title="bbox 2049 1444 3647 1515">
    <p class='ocr_par' dir='ltr' id='par_1_31' title="bbox 2049 1444 3647 1515">
     <span class='ocr_line' id='line_1_31' title="bbox 2049 1444 3647 1515; baseline -0.001 -15"><span class='ocrx_word' id='word_1_193' title='bbox 2049 1453 2158 1500; x_wconf 90' lang='lat' dir='ltr'><strong>tam</strong></span> <span class='ocrx_word' id='word_1_194' title='bbox 2189 1444 2537 1500; x_wconf 87' lang='lat' dir='ltr'><strong>maledictam</strong></span> <span class='ocrx_word' id='word_1_195' title='bbox 2569 1454 2623 1500; x_wconf 91' lang='lat' dir='ltr'><strong>et</strong></span> <span class='ocrx_word' id='word_1_196' title='bbox 2670 1444 3030 1502; x_wconf 87' lang='lat' dir='ltr'><strong>Iudibriosam</strong></span> <span class='ocrx_word' id='word_1_197' title='bbox 3057 1446 3388 1502; x_wconf 84' lang='lat' dir='ltr'><strong>sustinuisse</strong></span> <span class='ocrx_word' id='word_1_198' title='bbox 3439 1449 3647 1515; x_wconf 87' lang='lat' dir='ltr'><strong>passio-</strong></span> 
     </span>
    </p>
   </div>
   <div class='ocr_carea' id='block_1_32' title="bbox 2048 1535 3649 1607">
    <p class='ocr_par' dir='ltr' id='par_1_32' title="bbox 2048 1535 3649 1607">
     <span class='ocr_line' id='line_1_32' title="bbox 2048 1535 3649 1607; baseline 0.001 -17"><span class='ocrx_word' id='word_1_199' title='bbox 2048 1549 2214 1590; x_wconf 77' lang='lat' dir='ltr'><strong>nem:</strong></span> <span class='ocrx_word' id='word_1_200' title='bbox 2249 1535 2294 1591; x_wconf 87' lang='lat' dir='ltr'><strong>si</strong></span> <span class='ocrx_word' id='word_1_201' title='bbox 2328 1544 2510 1594; x_wconf 85' lang='lat' dir='ltr'><strong>tamen</strong></span> <span class='ocrx_word' id='word_1_202' title='bbox 2563 1550 2689 1592; x_wconf 81' lang='lat' dir='ltr'><strong>vera</strong></span> <span class='ocrx_word' id='word_1_203' title='bbox 2740 1546 2870 1592; x_wconf 86' lang='lat' dir='ltr'><strong>sunt</strong></span> <span class='ocrx_word' id='word_1_204' title='bbox 2915 1552 3037 1607; x_wconf 71' lang='lat' dir='ltr'><strong>qua:</strong></span> <span class='ocrx_word' id='word_1_205' title='bbox 3088 1537 3295 1605; x_wconf 87' lang='lat' dir='ltr'><strong>dicitis,</strong></span> <span class='ocrx_word' id='word_1_206' title='bbox 3327 1552 3373 1592; x_wconf 91' lang='lat' dir='ltr'><strong>.a</strong></span> <span class='ocrx_word' id='word_1_207' title='bbox 3405 1537 3649 1607; x_wconf 85' lang='lat' dir='ltr'><strong>patribus</strong></span> 
     </span>
    </p>
   </div>
   <div class='ocr_carea' id='block_1_33' title="bbox 2048 1626 3650 1698">
    <p class='ocr_par' dir='ltr' id='par_1_33' title="bbox 2048 1626 3650 1698">
     <span class='ocr_line' id='line_1_33' title="bbox 2048 1626 3650 1698; baseline 0.004 -16"><span class='ocrx_word' id='word_1_208' title='bbox 2048 1628 2230 1683; x_wconf 89' lang='lat' dir='ltr'><strong>crucis</strong></span> <span class='ocrx_word' id='word_1_209' title='bbox 2253 1626 2280 1664; x_wconf 69' lang='grc' dir='ltr'><em>α</em></span> <span class='ocrx_word' id='word_1_210' title='bbox 2304 1628 2608 1698; x_wconf 86' lang='lat' dir='ltr'><strong>patibulum</strong></span> <span class='ocrx_word' id='word_1_211' title='bbox 2629 1643 2755 1684; x_wconf 89' lang='lat' dir='ltr'><strong>eum</strong></span> <span class='ocrx_word' id='word_1_212' title='bbox 2783 1643 2907 1685; x_wconf 88' lang='lat' dir='ltr'><strong>esse</strong></span> <span class='ocrx_word' id='word_1_213' title='bbox 2929 1628 3213 1686; x_wconf 91' lang='lat' dir='ltr'><strong>sullixum.</strong></span> <span class='ocrx_word' id='word_1_214' title='bbox 3239 1629 3454 1688; x_wconf 85' lang='lat' dir='ltr'><strong>Scimus</strong></span> <span class='ocrx_word' id='word_1_215' title='bbox 3475 1630 3650 1688; x_wconf 84' lang='lat' dir='ltr'><strong>Aman</strong></span> 
     </span>
    </p>
   </div>
   <div class='ocr_carea' id='block_1_34' title="bbox 343 1716 3649 1794">
    <p class='ocr_par' dir='ltr' id='par_1_34' title="bbox 343 1716 3649 1794">
     <span class='ocr_line' id='line_1_34' title="bbox 343 1716 3649 1794; baseline 0.003 -25"><span class='ocrx_word' id='word_1_216' title='bbox 343 1716 418 1771; x_wconf 90' lang='lat' dir='ltr'><strong>ita</strong></span> <span class='ocrx_word' id='word_1_217' title='bbox 452 1725 506 1772; x_wconf 91' lang='lat' dir='ltr'><strong>et</strong></span> <span class='ocrx_word' id='word_1_218' title='bbox 535 1716 1013 1772; x_wconf 89' lang='lat' dir='ltr'><strong>circumcisioncm</strong></span> <span class='ocrx_word' id='word_1_219' title='bbox 1040 1716 1151 1788; x_wconf 88' lang='lat' dir='ltr'><strong>jam</strong></span> <span class='ocrx_word' id='word_1_220' title='bbox 1187 1732 1293 1774; x_wconf 91' lang='lat' dir='ltr'><strong>non</strong></span> <span class='ocrx_word' id='word_1_221' title='bbox 1345 1718 1530 1774; x_wconf 88' lang='lat' dir='ltr'><strong>carnis</strong></span> <span class='ocrx_word' id='word_1_222' title='bbox 1557 1757 1575 1786; x_wconf 90' lang='lat'><strong>,</strong></span> <span class='ocrx_word' id='word_1_223' title='bbox 1617 1719 1712 1774; x_wconf 90' lang='lat' dir='ltr'><strong>sed</strong></span> <span class='ocrx_word' id='word_1_224' title='bbox 1762 1718 1946 1776; x_wconf 87' lang='lat' dir='ltr'><strong>cordis</strong></span> <span class='ocrx_word' id='word_1_225' title='bbox 1978 1731 2023 1791; x_wconf 76' lang='grc' dir='ltr'><strong>Β</strong></span> <span class='ocrx_word' id='word_1_226' title='bbox 2053 1720 2405 1782; x_wconf 87' lang='lat' dir='ltr'><strong>maledictum</strong></span> <span class='ocrx_word' id='word_1_227' title='bbox 2432 1737 2460 1776; x_wconf 84' lang='lat' dir='ltr'><strong>a</strong></span> <span class='ocrx_word' id='word_1_228' title='bbox 2491 1720 2738 1791; x_wconf 88' lang='lat' dir='ltr'><strong>patrihus</strong></span> <span class='ocrx_word' id='word_1_229' title='bbox 2782 1721 2986 1780; x_wconf 86' lang='lat' dir='ltr'><strong>nostris</strong></span> <span class='ocrx_word' id='word_1_230' title='bbox 3033 1737 3132 1794; x_wconf 92' lang='lat' dir='ltr'><strong>pro</strong></span> <span class='ocrx_word' id='word_1_231' title='bbox 3159 1725 3357 1780; x_wconf 87' lang='lat' dir='ltr'><strong>merito</strong></span> <span class='ocrx_word' id='word_1_232' title='bbox 3393 1738 3494 1781; x_wconf 87' lang='lat' dir='ltr'><strong>suo</strong></span> <span class='ocrx_word' id='word_1_233' title='bbox 3523 1737 3649 1780; x_wconf 85' lang='lat' dir='ltr'><strong>esse</strong></span> 
     </span>
    </p>
   </div>
   <div class='ocr_carea' id='block_1_35' title="bbox 341 1807 1948 1880">
    <p class='ocr_par' dir='ltr' id='par_1_35' title="bbox 341 1807 1948 1880">
     <span class='ocr_line' id='line_1_35' title="bbox 341 1807 1948 1880; baseline 0.004 -18"><span class='ocrx_word' id='word_1_234' title='bbox 341 1807 632 1864; x_wconf 89' lang='lat' dir='ltr'><strong>celebrare</strong></span> <span class='ocrx_word' id='word_1_235' title='bbox 665 1810 949 1880; x_wconf 70' lang='lat' dir='ltr'><strong>praecepit.</strong></span> <span class='ocrx_word' id='word_1_236' title='bbox 983 1809 1125 1866; x_wconf 90' lang='lat' dir='ltr'><strong>Dicit</strong></span> <span class='ocrx_word' id='word_1_237' title='bbox 1159 1811 1302 1866; x_wconf 90' lang='lat' dir='ltr'><strong>Deus</strong></span> <span class='ocrx_word' id='word_1_238' title='bbox 1326 1811 1392 1866; x_wconf 91' lang='lat' dir='ltr'><strong>ad</strong></span> <span class='ocrx_word' id='word_1_239' title='bbox 1421 1810 1727 1868; x_wconf 80' lang='lat' dir='ltr'><strong>Rebeccam</strong></span> <span class='ocrx_word' id='word_1_240' title='bbox 1760 1813 1810 1866; x_wconf 85' lang='lat' dir='ltr'><strong>in</strong></span> <span class='ocrx_word' id='word_1_241' title='bbox 1844 1810 1948 1868; x_wconf 87' lang='lat' dir='ltr'><strong>Ce-</strong></span> 
     </span>
    </p>
   </div>
   <div class='ocr_carea' id='block_1_36' title="bbox 343 1901 1948 1978">
    <p class='ocr_par' dir='ltr' id='par_1_36' title="bbox 343 1901 1948 1978">
     <span class='ocr_line' id='line_1_36' title="bbox 343 1901 1948 1978; baseline 0.002 -21"><span class='ocrx_word' id='word_1_242' title='bbox 343 1901 458 1957; x_wconf 89' lang='lat' dir='ltr'><strong>nesi</strong></span> <span class='ocrx_word' id='word_1_243' title='bbox 487 1919 501 1956; x_wconf 89' lang='lat'><strong>:</strong></span> <span class='ocrx_word' id='word_1_244' title='bbox 547 1901 679 1956; x_wconf 75' lang='lat' dir='ltr'><strong>Dure</strong></span> <span class='ocrx_word' id='word_1_245' title='bbox 707 1913 882 1972; x_wconf 79' lang='lat' dir='ltr'><strong>gentes</strong></span> <span class='ocrx_word' id='word_1_246' title='bbox 904 1903 956 1956; x_wconf 88' lang='lat' dir='ltr'><strong>in</strong></span> <span class='ocrx_word' id='word_1_247' title='bbox 994 1911 1141 1958; x_wconf 80' lang='lat' dir='ltr'><strong>utero</strong></span> <span class='ocrx_word' id='word_1_248' title='bbox 1175 1911 1266 1958; x_wconf 88' lang='lat' dir='ltr'><strong>tuo</strong></span> <span class='ocrx_word' id='word_1_249' title='bbox 1287 1911 1407 1960; x_wconf 84' lang='lat' dir='ltr'><strong>sunt</strong></span> <span class='ocrx_word' id='word_1_250' title='bbox 1437 1945 1452 1971; x_wconf 92' lang='lat'><strong>,</strong></span> <span class='ocrx_word' id='word_1_251' title='bbox 1483 1914 1532 1960; x_wconf 87' lang='lat' dir='ltr'><strong>et</strong></span> <span class='ocrx_word' id='word_1_252' title='bbox 1559 1904 1667 1959; x_wconf 90' lang='lat' dir='ltr'><strong>duo</strong></span> <span class='ocrx_word' id='word_1_253' title='bbox 1684 1904 1863 1978; x_wconf 84' lang='lat' dir='ltr'><strong>populi</strong></span> <span class='ocrx_word' id='word_1_254' title='bbox 1886 1906 1948 1960; x_wconf 82' lang='lat' dir='ltr'><strong>de</strong></span> 
     </span>
    </p>
   </div>
   <div class='ocr_carea' id='block_1_37' title="bbox 355 1996 1941 2068">
    <p class='ocr_par' dir='ltr' id='par_1_37' title="bbox 355 1996 1941 2068">
     <span class='ocr_line' id='line_1_37' title="bbox 355 1996 1941 2068; baseline 0.004 -20"><span class='ocrx_word' id='word_1_255' title='bbox 355 2007 530 2050; x_wconf 82' lang='lat' dir='ltr'><strong>ventre</strong></span> <span class='ocrx_word' id='word_1_256' title='bbox 569 2005 657 2050; x_wconf 89' lang='lat' dir='ltr'><strong>tuo</strong></span> <span class='ocrx_word' id='word_1_257' title='bbox 686 1996 1011 2062; x_wconf 79' lang='lat' dir='ltr'><strong>dividentur,</strong></span> <span class='ocrx_word' id='word_1_258' title='bbox 1045 2006 1093 2051; x_wconf 83' lang='lat' dir='ltr'><strong>et</strong></span> <span class='ocrx_word' id='word_1_259' title='bbox 1125 1996 1349 2067; x_wconf 85' lang='lat' dir='ltr'><strong>populus</strong></span> <span class='ocrx_word' id='word_1_260' title='bbox 1376 1998 1626 2068; x_wconf 81' lang='lat' dir='ltr'><strong>populum</strong></span> <span class='ocrx_word' id='word_1_261' title='bbox 1651 1997 1941 2068; x_wconf 79' lang='lat' dir='ltr'><strong>superabit,</strong></span> 
     </span>
    </p>
   </div>
   <div class='ocr_carea' id='block_1_38' title="bbox 343 2087 1947 2162">
    <p class='ocr_par' dir='ltr' id='par_1_38' title="bbox 343 2087 1947 2162">
     <span class='ocr_line' id='line_1_38' title="bbox 343 2087 1947 2162; baseline 0.001 -20"><span class='ocrx_word' id='word_1_262' title='bbox 343 2099 388 2142; x_wconf 90' lang='lat' dir='ltr'><strong>et</strong></span> <span class='ocrx_word' id='word_1_263' title='bbox 420 2092 589 2160; x_wconf 79' lang='lat' dir='ltr'><strong>major</strong></span> <span class='ocrx_word' id='word_1_264' title='bbox 623 2089 807 2146; x_wconf 82' lang='lat' dir='ltr'><strong>serviet</strong></span> <span class='ocrx_word' id='word_1_265' title='bbox 860 2089 1052 2144; x_wconf 88' lang='lat' dir='ltr'><strong>minori</strong></span> <span class='ocrx_word' id='word_1_266' title='bbox 1083 2087 1238 2160; x_wconf 80' lang='lat' dir='ltr'><strong>(Gen.</strong></span> <span class='ocrx_word' id='word_1_267' title='bbox 1279 2105 1385 2144; x_wconf 83' lang='lat' dir='ltr'><strong>xxv</strong></span> <span class='ocrx_word' id='word_1_268' title='bbox 1412 2133 1427 2157; x_wconf 90' lang='lat'><strong>,</strong></span> <span class='ocrx_word' id='word_1_269' title='bbox 1461 2089 1576 2162; x_wconf 74' lang='lat'><strong>25).</strong></span> <span class='ocrx_word' id='word_1_270' title='bbox 1620 2089 1687 2144; x_wconf 84' lang='lat' dir='ltr'><strong>Et</strong></span> <span class='ocrx_word' id='word_1_271' title='bbox 1716 2090 1768 2143; x_wconf 89' lang='lat' dir='ltr'><strong>in</strong></span> <span class='ocrx_word' id='word_1_272' title='bbox 1803 2089 1947 2145; x_wconf 88' lang='lat' dir='ltr'><strong>Deu—</strong></span> 
     </span>
    </p>
   </div>
   <div class='ocr_carea' id='block_1_39' title="bbox 343 2180 1948 2255">
    <p class='ocr_par' dir='ltr' id='par_1_39' title="bbox 343 2180 1948 2255">
     <span class='ocr_line' id='line_1_39' title="bbox 343 2180 1948 2255; baseline 0 -17"><span class='ocrx_word' id='word_1_273' title='bbox 343 2183 657 2238; x_wconf 87' lang='lat' dir='ltr'><strong>teronomio</strong></span> <span class='ocrx_word' id='word_1_274' title='bbox 677 2182 811 2238; x_wconf 84' lang='lat' dir='ltr'><strong>dicit</strong></span> <span class='ocrx_word' id='word_1_275' title='bbox 839 2199 851 2236; x_wconf 91' lang='lat'><strong>:</strong></span> <span class='ocrx_word' id='word_1_276' title='bbox 911 2180 1073 2238; x_wconf 84' lang='lat' dir='ltr'><strong>Erilis</strong></span> <span class='ocrx_word' id='word_1_277' title='bbox 1127 2192 1305 2253; x_wconf 83' lang='lat' dir='ltr'><strong>gentes</strong></span> <span class='ocrx_word' id='word_1_278' title='bbox 1336 2183 1388 2238; x_wconf 85' lang='lat' dir='ltr'><strong>in</strong></span> <span class='ocrx_word' id='word_1_279' title='bbox 1416 2190 1575 2255; x_wconf 83' lang='lat' dir='ltr'><strong>caput</strong></span> <span class='ocrx_word' id='word_1_280' title='bbox 1597 2222 1612 2248; x_wconf 92' lang='lat'><strong>,</strong></span> <span class='ocrx_word' id='word_1_281' title='bbox 1647 2180 1948 2238; x_wconf 81' lang='lat' dir='ltr'><strong>incredulus</strong></span> 
     </span>
    </p>
   </div>
   <div class='ocr_carea' id='block_1_40' title="bbox 343 2272 1947 2347">
    <p class='ocr_par' dir='ltr' id='par_1_40' title="bbox 343 2272 1947 2347">
     <span class='ocr_line' id='line_1_40' title="bbox 343 2272 1947 2347; baseline 0.002 -18"><span class='ocrx_word' id='word_1_282' title='bbox 343 2285 518 2329; x_wconf 89' lang='lat' dir='ltr'><strong>autem</strong></span> <span class='ocrx_word' id='word_1_283' title='bbox 547 2273 772 2347; x_wconf 87' lang='lat' dir='ltr'><strong>populus</strong></span> <span class='ocrx_word' id='word_1_284' title='bbox 791 2274 842 2328; x_wconf 89' lang='lat' dir='ltr'><strong>in</strong></span> <span class='ocrx_word' id='word_1_285' title='bbox 871 2275 1042 2330; x_wconf 87' lang='lat' dir='ltr'><strong>cauda</strong></span> <span class='ocrx_word' id='word_1_286' title='bbox 1073 2273 1257 2343; x_wconf 90' lang='lat' dir='ltr'><strong>(Deut.</strong></span> <span class='ocrx_word' id='word_1_287' title='bbox 1295 2289 1500 2339; x_wconf 69' lang='lat' dir='ltr'><strong>xxvm,</strong></span> <span class='ocrx_word' id='word_1_288' title='bbox 1534 2272 1652 2342; x_wconf 68' lang='grc'><strong>44).</strong></span> <span class='ocrx_word' id='word_1_289' title='bbox 1687 2272 1754 2332; x_wconf 78' lang='lat' dir='ltr'><strong>Et</strong></span> <span class='ocrx_word' id='word_1_290' title='bbox 1777 2273 1947 2332; x_wconf 82' lang='lat' dir='ltr'><strong>Jacob</strong></span> 
     </span>
    </p>
   </div>
   <div class='ocr_carea' id='block_1_41' title="bbox 348 2365 1946 2435">
    <p class='ocr_par' dir='ltr' id='par_1_41' title="bbox 348 2365 1946 2435">
     <span class='ocr_line' id='line_1_41' title="bbox 348 2365 1946 2435; baseline 0.001 -13"><span class='ocrx_word' id='word_1_291' title='bbox 348 2367 685 2422; x_wconf 87' lang='lat' dir='ltr'><strong>benedicens</strong></span> <span class='ocrx_word' id='word_1_292' title='bbox 711 2365 969 2435; x_wconf 83' lang='lat' dir='ltr'><strong>Epitraim</strong></span> <span class='ocrx_word' id='word_1_293' title='bbox 999 2375 1054 2421; x_wconf 92' lang='lat' dir='ltr'><strong>et</strong></span> <span class='ocrx_word' id='word_1_294' title='bbox 1084 2365 1354 2434; x_wconf 83' lang='lat' dir='ltr'><strong>Manassc,</strong></span> <span class='ocrx_word' id='word_1_295' title='bbox 1392 2367 1685 2422; x_wconf 89' lang='lat' dir='ltr'><strong>immutans</strong></span> <span class='ocrx_word' id='word_1_296' title='bbox 1728 2382 1946 2435; x_wconf 88' lang='lat' dir='ltr'><strong>manus,</strong></span> 
     </span>
    </p>
   </div>
   <div class='ocr_carea' id='block_1_42' title="bbox 342 2457 1946 2530">
    <p class='ocr_par' dir='ltr' id='par_1_42' title="bbox 342 2457 1946 2530">
     <span class='ocr_line' id='line_1_42' title="bbox 342 2457 1946 2530; baseline 0.001 -15"><span class='ocrx_word' id='word_1_297' title='bbox 342 2459 596 2515; x_wconf 82' lang='lat' dir='ltr'><strong>dextram</strong></span> <span class='ocrx_word' id='word_1_298' title='bbox 627 2458 825 2514; x_wconf 86' lang='lat' dir='ltr'><strong>minori</strong></span> <span class='ocrx_word' id='word_1_299' title='bbox 855 2473 1240 2530; x_wconf 80' lang='lat' dir='ltr'><strong>superponens</strong></span> <span class='ocrx_word' id='word_1_300' title='bbox 1263 2499 1278 2524; x_wconf 94' lang='lat'><strong>,</strong></span> <span class='ocrx_word' id='word_1_301' title='bbox 1313 2457 1748 2518; x_wconf 88' lang='lat' dir='ltr'><strong>immutationem</strong></span> <span class='ocrx_word' id='word_1_302' title='bbox 1793 2473 1946 2515; x_wconf 82' lang='lat' dir='ltr'><strong>crea-</strong></span> 
     </span>
    </p>
   </div>
   <div class='ocr_carea' id='block_1_43' title="bbox 344 2551 1944 2614">
    <p class='ocr_par' dir='ltr' id='par_1_43' title="bbox 344 2551 1944 2614">
     <span class='ocr_line' id='line_1_43' title="bbox 344 2551 1944 2614; baseline 0.002 -7"><span class='ocrx_word' id='word_1_303' title='bbox 344 2561 481 2608; x_wconf 66' lang='lat' dir='ltr'><strong>turae</strong></span> <span class='ocrx_word' id='word_1_304' title='bbox 508 2553 942 2608; x_wconf 88' lang='lat' dir='ltr'><strong>demonstrabat.</strong></span> <span class='ocrx_word' id='word_1_305' title='bbox 980 2552 1086 2607; x_wconf 89' lang='lat' dir='ltr'><strong>Pro</strong></span> <span class='ocrx_word' id='word_1_306' title='bbox 1107 2551 1462 2614; x_wconf 87' lang='lat' dir='ltr'><strong>Testamento</strong></span> <span class='ocrx_word' id='word_1_307' title='bbox 1491 2560 1671 2608; x_wconf 88' lang='lat' dir='ltr'><strong>autem</strong></span> <span class='ocrx_word' id='word_1_308' title='bbox 1705 2553 1944 2610; x_wconf 84' lang='lat' dir='ltr'><strong>novissi-</strong></span> 
     </span>
    </p>
   </div>
   <div class='ocr_carea' id='block_1_44' title="bbox 345 2643 1947 2716">
    <p class='ocr_par' dir='ltr' id='par_1_44' title="bbox 345 2643 1947 2716">
     <span class='ocr_line' id='line_1_44' title="bbox 345 2643 1947 2716; baseline 0.001 -16"><span class='ocrx_word' id='word_1_309' title='bbox 345 2659 436 2700; x_wconf 93' lang='lat' dir='ltr'><strong>mo</strong></span> <span class='ocrx_word' id='word_1_310' title='bbox 479 2646 560 2701; x_wconf 92' lang='lat' dir='ltr'><strong>sic</strong></span> <span class='ocrx_word' id='word_1_311' title='bbox 590 2645 724 2702; x_wconf 87' lang='lat' dir='ltr'><strong>dicit</strong></span> <span class='ocrx_word' id='word_1_312' title='bbox 765 2645 972 2700; x_wconf 86' lang='lat' dir='ltr'><strong>Isaias:</strong></span> <span class='ocrx_word' id='word_1_313' title='bbox 1033 2643 1168 2700; x_wconf 82' lang='lat' dir='ltr'><strong>Ecce</strong></span> <span class='ocrx_word' id='word_1_314' title='bbox 1217 2646 1359 2716; x_wconf 74' lang='lat' dir='ltr'><strong>facio</strong></span> <span class='ocrx_word' id='word_1_315' title='bbox 1417 2661 1546 2700; x_wconf 84' lang='lat' dir='ltr'><strong>nova</strong></span> <span class='ocrx_word' id='word_1_316' title='bbox 1581 2687 1595 2712; x_wconf 87' lang='lat'><strong>,</strong></span> <span class='ocrx_word' id='word_1_317' title='bbox 1647 2661 1763 2716; x_wconf 67' lang='lat' dir='ltr'><strong>quia</strong></span> <span class='ocrx_word' id='word_1_318' title='bbox 1809 2661 1947 2706; x_wconf 75' lang='lat' dir='ltr'><strong>nunc</strong></span> 
     </span>
    </p>
   </div>
   <div class='ocr_carea' id='block_1_45' title="bbox 345 2729 1943 2810">
    <p class='ocr_par' dir='ltr' id='par_1_45' title="bbox 345 2729 1943 2810">
     <span class='ocr_line' id='line_1_45' title="bbox 345 2729 1943 2810; baseline 0.003 -18"><span class='ocrx_word' id='word_1_319' title='bbox 345 2740 614 2808; x_wconf 84' lang='lat' dir='ltr'><strong>orientur,</strong></span> <span class='ocrx_word' id='word_1_320' title='bbox 667 2747 713 2793; x_wconf 88' lang='lat' dir='ltr'><strong>et</strong></span> <span class='ocrx_word' id='word_1_321' title='bbox 763 2755 955 2810; x_wconf 85' lang='lat' dir='ltr'><strong>ponam</strong></span> <span class='ocrx_word' id='word_1_322' title='bbox 999 2739 1052 2792; x_wconf 87' lang='lat' dir='ltr'><strong>in</strong></span> <span class='ocrx_word' id='word_1_323' title='bbox 1085 2737 1287 2792; x_wconf 87' lang='lat' dir='ltr'><strong>deserto</strong></span> <span class='ocrx_word' id='word_1_324' title='bbox 1313 2739 1541 2808; x_wconf 76' lang='lat' dir='ltr'><strong>flumina</strong></span> <span class='ocrx_word' id='word_1_325' title='bbox 1593 2735 1732 2808; x_wconf 89' lang='lat' dir='ltr'><strong>(Isa.</strong></span> <span class='ocrx_word' id='word_1_326' title='bbox 1789 2729 1943 2806; x_wconf 70' lang='lat' dir='ltr'><strong>xuii)</strong></span> 
     </span>
    </p>
   </div>
   <div class='ocr_carea' id='block_1_46' title="bbox 346 2831 1945 2904">
    <p class='ocr_par' dir='ltr' id='par_1_46' title="bbox 346 2831 1945 2904">
     <span class='ocr_line' id='line_1_46' title="bbox 346 2831 1945 2904; baseline 0.001 -16"><span class='ocrx_word' id='word_1_327' title='bbox 346 2833 482 2902; x_wconf 75' lang='lat' dir='ltr'><strong>l9),</strong></span> <span class='ocrx_word' id='word_1_328' title='bbox 525 2835 630 2890; x_wconf 90' lang='lat' dir='ltr'><strong>hoc</strong></span> <span class='ocrx_word' id='word_1_329' title='bbox 677 2844 764 2890; x_wconf 89' lang='lat' dir='ltr'><strong>est</strong></span> <span class='ocrx_word' id='word_1_330' title='bbox 816 2836 867 2888; x_wconf 89' lang='lat' dir='ltr'><strong>in</strong></span> <span class='ocrx_word' id='word_1_331' title='bbox 923 2832 1166 2892; x_wconf 85' lang='lat' dir='ltr'><strong>Ecclesia</strong></span> <span class='ocrx_word' id='word_1_332' title='bbox 1198 2832 1516 2904; x_wconf 78' lang='lat' dir='ltr'><strong>Evangelia.</strong></span> <span class='ocrx_word' id='word_1_333' title='bbox 1571 2833 1637 2888; x_wconf 87' lang='lat' dir='ltr'><strong>Et</strong></span> <span class='ocrx_word' id='word_1_334' title='bbox 1678 2831 1945 2890; x_wconf 81' lang='lat' dir='ltr'><strong>leremias</strong></span> 
     </span>
    </p>
   </div>
   <div class='ocr_carea' id='block_1_47' title="bbox 344 2922 1946 2992">
    <p class='ocr_par' dir='ltr' id='par_1_47' title="bbox 344 2922 1946 2992">
     <span class='ocr_line' id='line_1_47' title="bbox 344 2922 1946 2992; baseline 0.001 -14"><span class='ocrx_word' id='word_1_335' title='bbox 344 2923 517 2981; x_wconf 90' lang='lat' dir='ltr'><strong>dicit:</strong></span> <span class='ocrx_word' id='word_1_336' title='bbox 550 2923 688 2979; x_wconf 83' lang='lat' dir='ltr'><strong>Ecce</strong></span> <span class='ocrx_word' id='word_1_337' title='bbox 714 2927 822 2980; x_wconf 85' lang='lat' dir='ltr'><strong>dies</strong></span> <span class='ocrx_word' id='word_1_338' title='bbox 854 2925 1068 2979; x_wconf 83' lang='lat' dir='ltr'><strong>veniunt</strong></span> <span class='ocrx_word' id='word_1_339' title='bbox 1091 2970 1104 2992; x_wconf 91' lang='lat'><strong>,</strong></span> <span class='ocrx_word' id='word_1_340' title='bbox 1140 2923 1268 2978; x_wconf 86' lang='lat' dir='ltr'><strong>dicit</strong></span> <span class='ocrx_word' id='word_1_341' title='bbox 1299 2922 1601 2992; x_wconf 78' lang='lat' dir='ltr'><strong>Dominus;</strong></span> <span class='ocrx_word' id='word_1_342' title='bbox 1633 2935 1677 2979; x_wconf 89' lang='lat' dir='ltr'><strong>et</strong></span> <span class='ocrx_word' id='word_1_343' title='bbox 1703 2941 1946 2982; x_wconf 80' lang='lat' dir='ltr'><strong>consum-</strong></span> 
     </span>
    </p>
   </div>
   <div class='ocr_carea' id='block_1_48' title="bbox 346 3013 1946 3080">
    <p class='ocr_par' dir='ltr' id='par_1_48' title="bbox 346 3013 1946 3080">
     <span class='ocr_line' id='line_1_48' title="bbox 346 3013 1946 3080; baseline 0.006 -14"><span class='ocrx_word' id='word_1_344' title='bbox 346 3016 494 3069; x_wconf 85' lang='lat' dir='ltr'><strong>mabo</strong></span> <span class='ocrx_word' id='word_1_345' title='bbox 542 3015 757 3070; x_wconf 85' lang='lat' dir='ltr'><strong>domum</strong></span> <span class='ocrx_word' id='word_1_346' title='bbox 800 3013 974 3070; x_wconf 81' lang='lat' dir='ltr'><strong>Israel</strong></span> <span class='ocrx_word' id='word_1_347' title='bbox 1004 3023 1050 3078; x_wconf 83' lang='lat' dir='ltr'><strong>et</strong></span> <span class='ocrx_word' id='word_1_348' title='bbox 1097 3016 1310 3070; x_wconf 87' lang='lat' dir='ltr'><strong>domum</strong></span> <span class='ocrx_word' id='word_1_349' title='bbox 1339 3014 1527 3080; x_wconf 84' lang='lat' dir='ltr'><strong>Juda,</strong></span> <span class='ocrx_word' id='word_1_350' title='bbox 1581 3025 1946 3076; x_wconf 78' lang='lat' dir='ltr'><strong>testamentum</strong></span> 
     </span>
    </p>
   </div>
   <div class='ocr_carea' id='block_1_49' title="bbox 2054 1813 3649 1886">
    <p class='ocr_par' dir='ltr' id='par_1_49' title="bbox 2054 1813 3649 1886">
     <span class='ocr_line' id='line_1_49' title="bbox 2054 1813 3649 1886; baseline 0.001 -16"><span class='ocrx_word' id='word_1_351' title='bbox 2054 1827 2385 1883; x_wconf 80' lang='lat' dir='ltr'><strong>suspensum</strong></span> <span class='ocrx_word' id='word_1_352' title='bbox 2416 1855 2432 1880; x_wconf 93' lang='lat'><strong>,</strong></span> <span class='ocrx_word' id='word_1_353' title='bbox 2463 1813 2555 1884; x_wconf 88' lang='lat' dir='ltr'><strong>qui</strong></span> <span class='ocrx_word' id='word_1_354' title='bbox 2579 1828 2756 1883; x_wconf 74' lang='lat' dir='ltr'><strong>genus</strong></span> <span class='ocrx_word' id='word_1_355' title='bbox 2785 1825 3032 1874; x_wconf 89' lang='lat' dir='ltr'><strong>nostrum</strong></span> <span class='ocrx_word' id='word_1_356' title='bbox 3087 1815 3318 1885; x_wconf 85' lang='lat' dir='ltr'><strong>petierat</strong></span> <span class='ocrx_word' id='word_1_357' title='bbox 3367 1816 3420 1871; x_wconf 91' lang='lat' dir='ltr'><strong>in</strong></span> <span class='ocrx_word' id='word_1_358' title='bbox 3466 1815 3649 1886; x_wconf 89' lang='lat' dir='ltr'><strong>perdi-</strong></span> 
     </span>
    </p>
   </div>
   <div class='ocr_carea' id='block_1_50' title="bbox 2055 1904 3649 1982">
    <p class='ocr_par' dir='ltr' id='par_1_50' title="bbox 2055 1904 3649 1982">
     <span class='ocr_line' id='line_1_50' title="bbox 2055 1904 3649 1982; baseline 0.005 -26"><span class='ocrx_word' id='word_1_359' title='bbox 2055 1904 2294 1974; x_wconf 88' lang='lat' dir='ltr'><strong>tionem,</strong></span> <span class='ocrx_word' id='word_1_360' title='bbox 2325 1906 2376 1962; x_wconf 90' lang='lat' dir='ltr'><strong>in</strong></span> <span class='ocrx_word' id='word_1_361' title='bbox 2407 1905 2563 1976; x_wconf 81' lang='lat' dir='ltr'><strong>cujus</strong></span> <span class='ocrx_word' id='word_1_362' title='bbox 2584 1917 2763 1964; x_wconf 90' lang='lat' dir='ltr'><strong>morte</strong></span> <span class='ocrx_word' id='word_1_363' title='bbox 2785 1917 3004 1977; x_wconf 86' lang='lat' dir='ltr'><strong>peracta</strong></span> <span class='ocrx_word' id='word_1_364' title='bbox 3029 1908 3282 1966; x_wconf 88' lang='lat' dir='ltr'><strong>revoluto</strong></span> <span class='ocrx_word' id='word_1_365' title='bbox 3314 1910 3504 1982; x_wconf 87' lang='lat' dir='ltr'><strong>(anno)</strong></span> <span class='ocrx_word' id='word_1_366' title='bbox 3523 1925 3649 1981; x_wconf 79' lang='lat' dir='ltr'><strong>gra-</strong></span> 
     </span>
    </p>
   </div>
   <div class='ocr_carea' id='block_1_51' title="bbox 2055 1998 3647 2071">
    <p class='ocr_par' dir='ltr' id='par_1_51' title="bbox 2055 1998 3647 2071">
     <span class='ocr_line' id='line_1_51' title="bbox 2055 1998 3647 2071; baseline 0.003 -18"><span class='ocrx_word' id='word_1_367' title='bbox 2055 1998 2293 2056; x_wconf 87' lang='lat' dir='ltr'><strong>tulamur</strong></span> <span class='ocrx_word' id='word_1_368' title='bbox 2324 2039 2340 2066; x_wconf 88' lang='lat'><strong>,</strong></span> <span class='ocrx_word' id='word_1_369' title='bbox 2371 1999 2642 2056; x_wconf 83' lang='lat' dir='ltr'><strong>solenmia</strong></span> <span class='ocrx_word' id='word_1_370' title='bbox 2667 2009 2919 2060; x_wconf 86' lang='lat' dir='ltr'><strong>votorum</strong></span> <span class='ocrx_word' id='word_1_371' title='bbox 2949 2002 3087 2058; x_wconf 82' lang='lat' dir='ltr'><strong>testa</strong></span> <span class='ocrx_word' id='word_1_372' title='bbox 3108 2001 3478 2066; x_wconf 84' lang='lat' dir='ltr'><strong>celebramus,</strong></span> <span class='ocrx_word' id='word_1_373' title='bbox 3500 2001 3647 2071; x_wconf 87' lang='lat' dir='ltr'><strong>quod</strong></span> 
     </span>
    </p>
   </div>
   <div class='ocr_carea' id='block_1_52' title="bbox 2050 2085 3645 2163">
    <p class='ocr_par' dir='ltr' id='par_1_52' title="bbox 2050 2085 3645 2163">
     <span class='ocr_line' id='line_1_52' title="bbox 2050 2085 3645 2163; baseline 0.003 -18"><span class='ocrx_word' id='word_1_374' title='bbox 2050 2106 2081 2145; x_wconf 92' lang='lat' dir='ltr'><strong>a</strong></span> <span class='ocrx_word' id='word_1_375' title='bbox 2114 2091 2370 2160; x_wconf 86' lang='lat' dir='ltr'><strong>patribus</strong></span> <span class='ocrx_word' id='word_1_376' title='bbox 2397 2085 2653 2148; x_wconf 84' lang='lat' dir='ltr'><strong>traditum</strong></span> <span class='ocrx_word' id='word_1_377' title='bbox 2679 2091 2990 2163; x_wconf 82' lang='lat' dir='ltr'><strong>accepimus</strong></span> <span class='ocrx_word' id='word_1_378' title='bbox 3018 2111 3033 2158; x_wconf 86' lang='lat'><strong>;</strong></span> <span class='ocrx_word' id='word_1_379' title='bbox 3063 2104 3117 2147; x_wconf 92' lang='lat' dir='ltr'><strong>et</strong></span> <span class='ocrx_word' id='word_1_380' title='bbox 3143 2091 3441 2150; x_wconf 78' lang='lat' dir='ltr'><strong>Abessalon</strong></span> <span class='ocrx_word' id='word_1_381' title='bbox 3465 2093 3556 2163; x_wconf 88' lang='lat' dir='ltr'><strong>qui</strong></span> <span class='ocrx_word' id='word_1_382' title='bbox 3576 2092 3645 2150; x_wconf 86' lang='lat' dir='ltr'><strong>ad</strong></span> 
     </span>
    </p>
   </div>
   <div class='ocr_carea' id='block_1_53' title="bbox 2051 2181 3648 2254">
    <p class='ocr_par' dir='ltr' id='par_1_53' title="bbox 2051 2181 3648 2254">
     <span class='ocr_line' id='line_1_53' title="bbox 2051 2181 3648 2254; baseline 0.001 -18"><span class='ocrx_word' id='word_1_383' title='bbox 2051 2181 2264 2236; x_wconf 72' lang='lat' dir='ltr'><strong>caedem</strong></span> <span class='ocrx_word' id='word_1_384' title='bbox 2301 2182 2571 2254; x_wconf 84' lang='lat' dir='ltr'><strong>patricida</strong></span> <span class='ocrx_word' id='word_1_385' title='bbox 2598 2182 2702 2240; x_wconf 77' lang='lat' dir='ltr'><strong>fuit</strong></span> <span class='ocrx_word' id='word_1_386' title='bbox 2743 2183 3066 2252; x_wconf 65' lang='lat' dir='ltr'><strong>pependisse</strong></span> <span class='ocrx_word' id='word_1_387' title='bbox 3090 2185 3142 2239; x_wconf 92' lang='lat' dir='ltr'><strong>in</strong></span> <span class='ocrx_word' id='word_1_388' title='bbox 3175 2184 3369 2240; x_wconf 85' lang='lat' dir='ltr'><strong>arbore</strong></span> <span class='ocrx_word' id='word_1_389' title='bbox 3397 2185 3648 2254; x_wconf 72' lang='lat' dir='ltr'><strong>legimus.</strong></span> 
     </span>
    </p>
   </div>
   <div class='ocr_carea' id='block_1_54' title="bbox 2049 2269 3648 2344">
    <p class='ocr_par' dir='ltr' id='par_1_54' title="bbox 2049 2269 3648 2344">
     <span class='ocr_line' id='line_1_54' title="bbox 2049 2269 3648 2344; baseline 0.005 -19"><span class='ocrx_word' id='word_1_390' title='bbox 2049 2269 2301 2328; x_wconf 87' lang='lat' dir='ltr'><strong>Christus</strong></span> <span class='ocrx_word' id='word_1_391' title='bbox 2331 2283 2516 2330; x_wconf 85' lang='lat' dir='ltr'><strong>autem</strong></span> <span class='ocrx_word' id='word_1_392' title='bbox 2548 2273 2595 2328; x_wconf 90' lang='lat' dir='ltr'><strong>si</strong></span> <span class='ocrx_word' id='word_1_393' title='bbox 2631 2273 2932 2343; x_wconf 81' lang='lat' dir='ltr'><strong>patibulum</strong></span> <span class='ocrx_word' id='word_1_394' title='bbox 2960 2273 3152 2334; x_wconf 86' lang='lat' dir='ltr'><strong>mortis</strong></span> <span class='ocrx_word' id='word_1_395' title='bbox 3183 2275 3345 2344; x_wconf 82' lang='lat' dir='ltr'><strong>hujus</strong></span> <span class='ocrx_word' id='word_1_396' title='bbox 3365 2276 3648 2341; x_wconf 85' lang='lat' dir='ltr'><strong>sustinuit,</strong></span> 
     </span>
    </p>
   </div>
   <div class='ocr_carea' id='block_1_55' title="bbox 2051 2365 3649 2438">
    <p class='ocr_par' dir='ltr' id='par_1_55' title="bbox 2051 2365 3649 2438">
     <span class='ocr_line' id='line_1_55' title="bbox 2051 2365 3649 2438; baseline 0.004 -20"><span class='ocrx_word' id='word_1_397' title='bbox 2051 2371 2108 2418; x_wconf 90' lang='lat' dir='ltr'><strong>et</strong></span> <span class='ocrx_word' id='word_1_398' title='bbox 2140 2365 2192 2420; x_wconf 91' lang='lat' dir='ltr'><strong>in</strong></span> <span class='ocrx_word' id='word_1_399' title='bbox 2214 2378 2380 2420; x_wconf 86' lang='lat' dir='ltr'><strong>cruce</strong></span> <span class='ocrx_word' id='word_1_400' title='bbox 2402 2366 2694 2438; x_wconf 79' lang='lat' dir='ltr'><strong>pependit;</strong></span> <span class='ocrx_word' id='word_1_401' title='bbox 2727 2380 2826 2420; x_wconf 88' lang='lat' dir='ltr'><strong>cur</strong></span> <span class='ocrx_word' id='word_1_402' title='bbox 2850 2381 2958 2421; x_wconf 90' lang='lat' dir='ltr'><strong>non</strong></span> <span class='ocrx_word' id='word_1_403' title='bbox 3000 2365 3104 2421; x_wconf 86' lang='lat' dir='ltr'><strong>hoc</strong></span> <span class='ocrx_word' id='word_1_404' title='bbox 3135 2367 3308 2436; x_wconf 89' lang='lat' dir='ltr'><strong>ipsum</strong></span> <span class='ocrx_word' id='word_1_405' title='bbox 3347 2381 3377 2420; x_wconf 92' lang='lat' dir='ltr'><strong>a</strong></span> <span class='ocrx_word' id='word_1_406' title='bbox 3404 2366 3649 2437; x_wconf 85' lang='lat' dir='ltr'><strong>patrihus</strong></span> 
     </span>
    </p>
   </div>
   <div class='ocr_carea' id='block_1_56' title="bbox 2053 2455 3648 2528">
    <p class='ocr_par' dir='ltr' id='par_1_56' title="bbox 2053 2455 3648 2528">
     <span class='ocr_line' id='line_1_56' title="bbox 2053 2455 3648 2528; baseline 0.003 -19"><span class='ocrx_word' id='word_1_407' title='bbox 2053 2457 2253 2511; x_wconf 86' lang='lat' dir='ltr'><strong>nostris</strong></span> <span class='ocrx_word' id='word_1_408' title='bbox 2297 2455 2608 2527; x_wconf 84' lang='lat' dir='ltr'><strong>accepimus</strong></span> <span class='ocrx_word' id='word_1_409' title='bbox 2633 2497 2648 2522; x_wconf 91' lang='lat'><strong>,</strong></span> <span class='ocrx_word' id='word_1_410' title='bbox 2711 2471 2813 2514; x_wconf 87' lang='lat' dir='ltr'><strong>nec</strong></span> <span class='ocrx_word' id='word_1_411' title='bbox 2852 2471 3072 2527; x_wconf 70' lang='lat' dir='ltr'><strong>passum</strong></span> <span class='ocrx_word' id='word_1_412' title='bbox 3107 2458 3162 2512; x_wconf 90' lang='lat' dir='ltr'><strong>in</strong></span> <span class='ocrx_word' id='word_1_413' title='bbox 3205 2456 3510 2528; x_wconf 83' lang='lat' dir='ltr'><strong>Scripturis</strong></span> <span class='ocrx_word' id='word_1_414' title='bbox 3551 2476 3648 2516; x_wconf 86' lang='lat' dir='ltr'><strong>no-</strong></span> 
     </span>
    </p>
   </div>
   <div class='ocr_carea' id='block_1_57' title="bbox 2051 2548 3642 2620">
    <p class='ocr_par' dir='ltr' id='par_1_57' title="bbox 2051 2548 3642 2620">
     <span class='ocr_line' id='line_1_57' title="bbox 2051 2548 3642 2620; baseline 0.002 -17"><span class='ocrx_word' id='word_1_415' title='bbox 2051 2549 2180 2604; x_wconf 86' lang='lat' dir='ltr'><strong>stris</strong></span> <span class='ocrx_word' id='word_1_416' title='bbox 2209 2549 2542 2616; x_wconf 84' lang='lat' dir='ltr'><strong>invenimus,</strong></span> <span class='ocrx_word' id='word_1_417' title='bbox 2567 2557 2622 2604; x_wconf 91' lang='lat' dir='ltr'><strong>ut</strong></span> <span class='ocrx_word' id='word_1_418' title='bbox 2645 2549 2788 2604; x_wconf 85' lang='lat' dir='ltr'><strong>sicut</strong></span> <span class='ocrx_word' id='word_1_419' title='bbox 2809 2548 3089 2608; x_wconf 87' lang='lat' dir='ltr'><strong>inimicum</strong></span> <span class='ocrx_word' id='word_1_420' title='bbox 3111 2549 3256 2617; x_wconf 74' lang='lat' dir='ltr'><strong>genti</strong></span> <span class='ocrx_word' id='word_1_421' title='bbox 3289 2559 3491 2606; x_wconf 63' lang='lat' dir='ltr'><strong>nostra:</strong></span> <span class='ocrx_word' id='word_1_422' title='bbox 3509 2565 3642 2620; x_wconf 74' lang='lat' dir='ltr'><strong>gau-</strong></span> 
     </span>
    </p>
   </div>
   <div class='ocr_carea' id='block_1_58' title="bbox 2051 2638 3642 2712">
    <p class='ocr_par' dir='ltr' id='par_1_58' title="bbox 2051 2638 3642 2712">
     <span class='ocr_line' id='line_1_58' title="bbox 2051 2638 3642 2712; baseline 0.001 -16"><span class='ocrx_word' id='word_1_423' title='bbox 2051 2639 2309 2696; x_wconf 86' lang='lat' dir='ltr'><strong>deremus</strong></span> <span class='ocrx_word' id='word_1_424' title='bbox 2338 2638 2639 2696; x_wconf 77' lang='lat' dir='ltr'><strong>allectum?</strong></span> <span class='ocrx_word' id='word_1_425' title='bbox 2668 2639 3012 2698; x_wconf 81' lang='lat' dir='ltr'><strong>Erubescere</strong></span> <span class='ocrx_word' id='word_1_426' title='bbox 3043 2639 3248 2712; x_wconf 85' lang='lat' dir='ltr'><strong>poteris</strong></span> <span class='ocrx_word' id='word_1_427' title='bbox 3272 2680 3288 2707; x_wconf 89' lang='lat'><strong>,</strong></span> <span class='ocrx_word' id='word_1_428' title='bbox 3319 2638 3642 2710; x_wconf 77' lang='lat' dir='ltr'><strong>Theophila,</strong></span> 
     </span>
    </p>
   </div>
   <div class='ocr_carea' id='block_1_59' title="bbox 2050 2731 3650 2804">
    <p class='ocr_par' dir='ltr' id='par_1_59' title="bbox 2050 2731 3650 2804">
     <span class='ocr_line' id='line_1_59' title="bbox 2050 2731 3650 2804; baseline 0.001 -16"><span class='ocrx_word' id='word_1_429' title='bbox 2050 2731 2098 2788; x_wconf 85' lang='lat' dir='ltr'><strong>si</strong></span> <span class='ocrx_word' id='word_1_430' title='bbox 2126 2731 2228 2788; x_wconf 91' lang='lat' dir='ltr'><strong>hoc</strong></span> <span class='ocrx_word' id='word_1_431' title='bbox 2275 2733 2481 2790; x_wconf 89' lang='lat' dir='ltr'><strong>dictum</strong></span> <span class='ocrx_word' id='word_1_432' title='bbox 2530 2732 2758 2798; x_wconf 83' lang='lat' dir='ltr'><strong>minime</strong></span> <span class='ocrx_word' id='word_1_433' title='bbox 2815 2731 3280 2804; x_wconf 71' lang='lat' dir='ltr'><strong>comprobaveris.</strong></span> <span class='ocrx_word' id='word_1_434' title='bbox 3332 2731 3467 2790; x_wconf 83' lang='lat' dir='ltr'><strong>Nam</strong></span> <span class='ocrx_word' id='word_1_435' title='bbox 3510 2736 3650 2790; x_wconf 81' lang='lat' dir='ltr'><strong>scri-</strong></span> 
     </span>
    </p>
   </div>
   <div class='ocr_carea' id='block_1_60' title="bbox 2049 2822 3645 2898">
    <p class='ocr_par' dir='ltr' id='par_1_60' title="bbox 2049 2822 3645 2898">
     <span class='ocr_line' id='line_1_60' title="bbox 2049 2822 3645 2898; baseline 0.003 -18"><span class='ocrx_word' id='word_1_436' title='bbox 2049 2834 2200 2894; x_wconf 88' lang='lat' dir='ltr'><strong>ptum</strong></span> <span class='ocrx_word' id='word_1_437' title='bbox 2225 2836 2307 2880; x_wconf 88' lang='lat' dir='ltr'><strong>est</strong></span> <span class='ocrx_word' id='word_1_438' title='bbox 2364 2824 2418 2880; x_wconf 91' lang='lat' dir='ltr'><strong>in</strong></span> <span class='ocrx_word' id='word_1_439' title='bbox 2475 2825 2954 2882; x_wconf 85' lang='lat' dir='ltr'><strong>Deuterouomio:</strong></span> <span class='ocrx_word' id='word_1_440' title='bbox 3007 2822 3319 2882; x_wconf 76' lang='lat' dir='ltr'><strong>Maledictus</strong></span> <span class='ocrx_word' id='word_1_441' title='bbox 3370 2827 3522 2883; x_wconf 85' lang='lat' dir='ltr'><strong>homo</strong></span> <span class='ocrx_word' id='word_1_442' title='bbox 3555 2828 3645 2898; x_wconf 82' lang='lat' dir='ltr'><strong>qui</strong></span> 
     </span>
    </p>
   </div>
   <div class='ocr_carea' id='block_1_61' title="bbox 2047 2915 2990 2990">
    <p class='ocr_par' dir='ltr' id='par_1_61' title="bbox 2047 2915 2990 2990">
     <span class='ocr_line' id='line_1_61' title="bbox 2047 2915 2990 2990; baseline 0.002 -20"><span class='ocrx_word' id='word_1_443' title='bbox 2047 2917 2231 2988; x_wconf 84' lang='lat' dir='ltr'><strong>pendet</strong></span> <span class='ocrx_word' id='word_1_444' title='bbox 2253 2918 2306 2970; x_wconf 89' lang='lat' dir='ltr'><strong>in</strong></span> <span class='ocrx_word' id='word_1_445' title='bbox 2334 2918 2476 2990; x_wconf 89' lang='lat' dir='ltr'><strong>ligno</strong></span> <span class='ocrx_word' id='word_1_446' title='bbox 2510 2915 2689 2989; x_wconf 86' lang='lat' dir='ltr'><strong>(Deut.</strong></span> <span class='ocrx_word' id='word_1_447' title='bbox 2720 2933 2808 2974; x_wconf 74' lang='lat' dir='ltr'><strong>xx:</strong></span> <span class='ocrx_word' id='word_1_448' title='bbox 2829 2960 2843 2984; x_wconf 90' lang='lat'><strong>,</strong></span> <span class='ocrx_word' id='word_1_449' title='bbox 2874 2917 2990 2988; x_wconf 70' lang='grc'><strong>23).</strong></span> 
     </span>
    </p>
   </div>
   <div class='ocr_carea' id='block_1_62' title="bbox 2121 3007 3642 3083">
    <p class='ocr_par' dir='ltr' id='par_1_62' title="bbox 2121 3007 3642 3083">
     <span class='ocr_line' id='line_1_62' title="bbox 2121 3007 3642 3083; baseline 0.003 -20"><span class='ocrx_word' id='word_1_450' title='bbox 2121 3007 2541 3065; x_wconf 87' lang='lat' dir='ltr'><strong>&#39;l‘n.—Primum</strong></span> <span class='ocrx_word' id='word_1_451' title='bbox 2563 3008 2720 3082; x_wconf 82' lang='lat' dir='ltr'><strong>hujus</strong></span> <span class='ocrx_word' id='word_1_452' title='bbox 2742 3010 2873 3068; x_wconf 84' lang='lat' dir='ltr'><strong>dicti</strong></span> <span class='ocrx_word' id='word_1_453' title='bbox 2909 3012 3096 3083; x_wconf 86' lang='lat' dir='ltr'><strong>accipe</strong></span> <span class='ocrx_word' id='word_1_454' title='bbox 3119 3010 3410 3068; x_wconf 86' lang='lat' dir='ltr'><strong>rationem.</strong></span> <span class='ocrx_word' id='word_1_455' title='bbox 3439 3010 3642 3070; x_wconf 82' lang='lat' dir='ltr'><strong>Recole</strong></span> 
     </span>
    </p>
   </div>
   <div class='ocr_carea' id='block_1_63' title="bbox 345 3101 3647 3192">
    <p class='ocr_par' dir='ltr' id='par_1_63' title="bbox 345 3101 3647 3192">
     <span class='ocr_line' id='line_1_63' title="bbox 345 3101 3647 3192; baseline -0.001 -30"><span class='ocrx_word' id='word_1_456' title='bbox 345 3125 533 3163; x_wconf 86' lang='lat' dir='ltr'><strong>novum</strong></span> <span class='ocrx_word' id='word_1_457' title='bbox 557 3125 576 3176; x_wconf 83' lang='lat'><strong><em>;</em></strong></span> <span class='ocrx_word' id='word_1_458' title='bbox 604 3125 708 3164; x_wconf 86' lang='lat' dir='ltr'><strong>non</strong></span> <span class='ocrx_word' id='word_1_459' title='bbox 740 3109 845 3164; x_wconf 84' lang='lat' dir='ltr'><strong>tale</strong></span> <span class='ocrx_word' id='word_1_460' title='bbox 871 3116 1236 3163; x_wconf 76' lang='lat' dir='ltr'><strong>testamentum</strong></span> <span class='ocrx_word' id='word_1_461' title='bbox 1266 3106 1404 3177; x_wconf 84' lang='lat' dir='ltr'><strong>quod</strong></span> <span class='ocrx_word' id='word_1_462' title='bbox 1441 3106 1675 3178; x_wconf 89' lang='lat' dir='ltr'><strong>disposui</strong></span> <span class='ocrx_word' id='word_1_463' title='bbox 1704 3108 1944 3177; x_wconf 78' lang='lat' dir='ltr'><strong>patribus</strong></span> <span class='ocrx_word' id='word_1_464' title='bbox 1971 3127 2016 3192; x_wconf 68' lang='grc' dir='ltr'><strong>ρ</strong></span> <span class='ocrx_word' id='word_1_465' title='bbox 2053 3101 2310 3172; x_wconf 86' lang='lat' dir='ltr'><strong>superius</strong></span> <span class='ocrx_word' id='word_1_466' title='bbox 2358 3102 2768 3158; x_wconf 84' lang='lat' dir='ltr'><strong>Deuterunomii</strong></span> <span class='ocrx_word' id='word_1_467' title='bbox 2817 3103 3109 3160; x_wconf 87' lang='lat' dir='ltr'><strong>lectionem</strong></span> <span class='ocrx_word' id='word_1_468' title='bbox 3135 3145 3152 3171; x_wconf 94' lang='lat'><strong>,</strong></span> <span class='ocrx_word' id='word_1_469' title='bbox 3201 3102 3270 3162; x_wconf 83' lang='lat' dir='ltr'><strong>de</strong></span> <span class='ocrx_word' id='word_1_470' title='bbox 3314 3102 3512 3174; x_wconf 87' lang='lat' dir='ltr'><strong>quibus</strong></span> <span class='ocrx_word' id='word_1_471' title='bbox 3562 3102 3647 3159; x_wconf 64' lang='lat' dir='ltr'><strong>die</strong></span> 
     </span>
    </p>
   </div>
   <div class='ocr_carea' id='block_1_64' title="bbox 342 3197 1938 3272">
    <p class='ocr_par' dir='ltr' id='par_1_64' title="bbox 342 3197 1938 3272">
     <span class='ocr_line' id='line_1_64' title="bbox 342 3197 1938 3272; baseline -0.001 -20"><span class='ocrx_word' id='word_1_472' title='bbox 342 3201 554 3265; x_wconf 69' lang='lat' dir='ltr'><strong>vestris,</strong></span> <span class='ocrx_word' id='word_1_473' title='bbox 588 3202 643 3255; x_wconf 87' lang='lat' dir='ltr'><strong>in</strong></span> <span class='ocrx_word' id='word_1_474' title='bbox 666 3200 752 3254; x_wconf 88' lang='lat' dir='ltr'><strong>die</strong></span> <span class='ocrx_word' id='word_1_475' title='bbox 780 3218 882 3272; x_wconf 86' lang='lat' dir='ltr'><strong>qua</strong></span> <span class='ocrx_word' id='word_1_476' title='bbox 912 3199 1071 3254; x_wconf 65' lang='lat' dir='ltr'><strong>eduxi</strong></span> <span class='ocrx_word' id='word_1_477' title='bbox 1094 3216 1183 3254; x_wconf 88' lang='lat' dir='ltr'><strong>eos</strong></span> <span class='ocrx_word' id='word_1_478' title='bbox 1211 3200 1274 3253; x_wconf 87' lang='lat' dir='ltr'><strong>de</strong></span> <span class='ocrx_word' id='word_1_479' title='bbox 1305 3209 1442 3253; x_wconf 87' lang='lat' dir='ltr'><strong>terra</strong></span> <span class='ocrx_word' id='word_1_480' title='bbox 1474 3197 1697 3272; x_wconf 66' lang='lat' dir='ltr'><strong>Egypti</strong></span> <span class='ocrx_word' id='word_1_481' title='bbox 1725 3198 1938 3271; x_wconf 84' lang='lat' dir='ltr'><strong>(Jerem,</strong></span> 
     </span>
    </p>
   </div>
   <div class='ocr_carea' id='block_1_65' title="bbox 343 3293 1942 3365">
    <p class='ocr_par' dir='ltr' id='par_1_65' title="bbox 343 3293 1942 3365">
     <span class='ocr_line' id='line_1_65' title="bbox 343 3293 1942 3365; baseline -0.004 -15"><span class='ocrx_word' id='word_1_482' title='bbox 343 3310 402 3351; x_wconf 65' lang='grc' dir='ltr'>ιι</span> <span class='ocrx_word' id='word_1_483' title='bbox 424 3337 438 3363; x_wconf 86' lang='grc'>,</span> <span class='ocrx_word' id='word_1_484' title='bbox 473 3297 552 3365; x_wconf 91' lang='lat'><strong>7).</strong></span> <span class='ocrx_word' id='word_1_485' title='bbox 579 3295 716 3350; x_wconf 84' lang='lat' dir='ltr'><strong>Audi</strong></span> <span class='ocrx_word' id='word_1_486' title='bbox 751 3309 895 3350; x_wconf 92' lang='lat' dir='ltr'><strong>nunc</strong></span> <span class='ocrx_word' id='word_1_487' title='bbox 927 3294 992 3349; x_wconf 89' lang='lat' dir='ltr'><strong>de</strong></span> <span class='ocrx_word' id='word_1_488' title='bbox 1025 3293 1448 3349; x_wconf 88' lang='lat' dir='ltr'><strong>circumcisione</strong></span> <span class='ocrx_word' id='word_1_489' title='bbox 1482 3294 1760 3364; x_wconf 75' lang='lat' dir='ltr'><strong>Iegislator</strong></span> <span class='ocrx_word' id='word_1_490' title='bbox 1790 3293 1942 3364; x_wconf 83' lang='lat' dir='ltr'><strong>Moy-</strong></span> 
     </span>
    </p>
   </div>
   <div class='ocr_carea' id='block_1_66' title="bbox 341 3384 1944 3458">
    <p class='ocr_par' dir='ltr' id='par_1_66' title="bbox 341 3384 1944 3458">
     <span class='ocr_line' id='line_1_66' title="bbox 341 3384 1944 3458; baseline 0 -16"><span class='ocrx_word' id='word_1_491' title='bbox 341 3402 432 3442; x_wconf 84' lang='lat' dir='ltr'><strong>ses</strong></span> <span class='ocrx_word' id='word_1_492' title='bbox 459 3387 588 3458; x_wconf 89' lang='lat' dir='ltr'><strong>quid</strong></span> <span class='ocrx_word' id='word_1_493' title='bbox 621 3387 791 3442; x_wconf 89' lang='lat' dir='ltr'><strong>dicit:</strong></span> <span class='ocrx_word' id='word_1_494' title='bbox 828 3385 895 3440; x_wconf 87' lang='lat' dir='ltr'><strong>In</strong></span> <span class='ocrx_word' id='word_1_495' title='bbox 928 3385 1222 3442; x_wconf 80' lang='lat' dir='ltr'><strong>novissimis</strong></span> <span class='ocrx_word' id='word_1_496' title='bbox 1261 3385 1444 3441; x_wconf 83' lang='lat' dir='ltr'><strong>diebus</strong></span> <span class='ocrx_word' id='word_1_497' title='bbox 1472 3387 1806 3442; x_wconf 80' lang='lat' dir='ltr'><strong>circumcidet</strong></span> <span class='ocrx_word' id='word_1_498' title='bbox 1837 3384 1944 3442; x_wconf 90' lang='lat' dir='ltr'><strong>Do-</strong></span> 
     </span>
    </p>
   </div>
   <div class='ocr_carea' id='block_1_67' title="bbox 342 3476 1945 3536">
    <p class='ocr_par' dir='ltr' id='par_1_67' title="bbox 342 3476 1945 3536">
     <span class='ocr_line' id='line_1_67' title="bbox 342 3476 1945 3536; baseline -0.001 -1"><span class='ocrx_word' id='word_1_499' title='bbox 342 3482 515 3536; x_wconf 85' lang='lat' dir='ltr'><strong>minus</strong></span> <span class='ocrx_word' id='word_1_500' title='bbox 545 3497 634 3535; x_wconf 87' lang='lat' dir='ltr'><strong>cor</strong></span> <span class='ocrx_word' id='word_1_501' title='bbox 676 3492 823 3536; x_wconf 86' lang='lat' dir='ltr'><strong>tuum</strong></span> <span class='ocrx_word' id='word_1_502' title='bbox 874 3489 920 3533; x_wconf 89' lang='lat' dir='ltr'><strong>et</strong></span> <span class='ocrx_word' id='word_1_503' title='bbox 949 3495 1038 3533; x_wconf 88' lang='lat' dir='ltr'><strong>cor</strong></span> <span class='ocrx_word' id='word_1_504' title='bbox 1078 3479 1288 3534; x_wconf 82' lang='lat' dir='ltr'><strong>seminis</strong></span> <span class='ocrx_word' id='word_1_505' title='bbox 1317 3487 1384 3532; x_wconf 80' lang='lat' dir='ltr'><strong>ad</strong></span> <span class='ocrx_word' id='word_1_506' title='bbox 1436 3477 1719 3533; x_wconf 87' lang='lat' dir='ltr'><strong>Dominum</strong></span> <span class='ocrx_word' id='word_1_507' title='bbox 1775 3476 1945 3534; x_wconf 88' lang='lat' dir='ltr'><strong>Deum</strong></span> 
     </span>
    </p>
   </div>
   <div class='ocr_carea' id='block_1_68' title="bbox 343 3566 1946 3641">
    <p class='ocr_par' dir='ltr' id='par_1_68' title="bbox 343 3566 1946 3641">
     <span class='ocr_line' id='line_1_68' title="bbox 343 3566 1946 3641; baseline 0.001 -17"><span class='ocrx_word' id='word_1_508' title='bbox 343 3580 490 3626; x_wconf 86' lang='lat' dir='ltr'><strong>tuum</strong></span> <span class='ocrx_word' id='word_1_509' title='bbox 536 3571 604 3624; x_wconf 90' lang='lat' dir='ltr'><strong>ad</strong></span> <span class='ocrx_word' id='word_1_510' title='bbox 655 3571 967 3625; x_wconf 83' lang='lat' dir='ltr'><strong>mandatum</strong></span> <span class='ocrx_word' id='word_1_511' title='bbox 1019 3568 1200 3641; x_wconf 87' lang='lat' dir='ltr'><strong>(Deut.</strong></span> <span class='ocrx_word' id='word_1_512' title='bbox 1245 3583 1346 3622; x_wconf 79' lang='lat' dir='ltr'><strong>xxx</strong></span> <span class='ocrx_word' id='word_1_513' title='bbox 1378 3609 1392 3632; x_wconf 87' lang='lat'><strong>,</strong></span> <span class='ocrx_word' id='word_1_514' title='bbox 1425 3567 1501 3640; x_wconf 89' lang='lat'><strong>6).</strong></span> <span class='ocrx_word' id='word_1_515' title='bbox 1557 3566 1626 3624; x_wconf 84' lang='lat' dir='ltr'><strong>Et</strong></span> <span class='ocrx_word' id='word_1_516' title='bbox 1674 3566 1946 3625; x_wconf 80' lang='lat' dir='ltr'><strong>Jcrcntias</strong></span> 
     </span>
    </p>
   </div>
   <div class='ocr_carea' id='block_1_69' title="bbox 341 3659 1946 3733">
    <p class='ocr_par' dir='ltr' id='par_1_69' title="bbox 341 3659 1946 3733">
     <span class='ocr_line' id='line_1_69' title="bbox 341 3659 1946 3733; baseline -0.002 -14"><span class='ocrx_word' id='word_1_517' title='bbox 341 3665 450 3719; x_wconf 87' lang='lat' dir='ltr'><strong>ait:</strong></span> <span class='ocrx_word' id='word_1_518' title='bbox 492 3663 606 3718; x_wconf 82' lang='lat' dir='ltr'><strong>Viri</strong></span> <span class='ocrx_word' id='word_1_519' title='bbox 633 3661 776 3719; x_wconf 81' lang='lat' dir='ltr'><strong>Iuda</strong></span> <span class='ocrx_word' id='word_1_520' title='bbox 797 3705 812 3730; x_wconf 87' lang='lat'><strong>,</strong></span> <span class='ocrx_word' id='word_1_521' title='bbox 845 3672 893 3715; x_wconf 88' lang='lat' dir='ltr'><strong>et</strong></span> <span class='ocrx_word' id='word_1_522' title='bbox 915 3663 1003 3733; x_wconf 85' lang='lat' dir='ltr'><strong>qui</strong></span> <span class='ocrx_word' id='word_1_523' title='bbox 1035 3659 1281 3714; x_wconf 80' lang='lat' dir='ltr'><strong>habitatis</strong></span> <span class='ocrx_word' id='word_1_524' title='bbox 1303 3659 1673 3726; x_wconf 83' lang='lat' dir='ltr'><strong>Hierusalem,</strong></span> <span class='ocrx_word' id='word_1_525' title='bbox 1707 3670 1946 3718; x_wconf 77' lang='lat' dir='ltr'><strong>renovate</strong></span> 
     </span>
    </p>
   </div>
   <div class='ocr_carea' id='block_1_70' title="bbox 341 3751 1946 3825">
    <p class='ocr_par' dir='ltr' id='par_1_70' title="bbox 341 3751 1946 3825">
     <span class='ocr_line' id='line_1_70' title="bbox 341 3751 1946 3825; baseline 0 -15"><span class='ocrx_word' id='word_1_526' title='bbox 341 3756 480 3812; x_wconf 78' lang='lat' dir='ltr'><strong>vobis</strong></span> <span class='ocrx_word' id='word_1_527' title='bbox 509 3760 690 3812; x_wconf 85' lang='lat' dir='ltr'><strong>navale</strong></span> <span class='ocrx_word' id='word_1_528' title='bbox 714 3799 728 3824; x_wconf 90' lang='lat'><strong>,</strong></span> <span class='ocrx_word' id='word_1_529' title='bbox 761 3765 811 3811; x_wconf 87' lang='lat' dir='ltr'><strong>et</strong></span> <span class='ocrx_word' id='word_1_530' title='bbox 829 3753 988 3810; x_wconf 84' lang='lat' dir='ltr'><strong>nolite</strong></span> <span class='ocrx_word' id='word_1_531' title='bbox 1029 3770 1198 3810; x_wconf 84' lang='lat' dir='ltr'><strong>serere</strong></span> <span class='ocrx_word' id='word_1_532' title='bbox 1227 3770 1382 3825; x_wconf 81' lang='lat' dir='ltr'><strong>super</strong></span> <span class='ocrx_word' id='word_1_533' title='bbox 1423 3755 1621 3825; x_wconf 86' lang='lat' dir='ltr'><strong>spinas.</strong></span> <span class='ocrx_word' id='word_1_534' title='bbox 1657 3751 1946 3810; x_wconf 87' lang='lat' dir='ltr'><strong>Circumci-</strong></span> 
     </span>
    </p>
   </div>
   <div class='ocr_carea' id='block_1_71' title="bbox 344 3848 1944 3922">
    <p class='ocr_par' dir='ltr' id='par_1_71' title="bbox 344 3848 1944 3922">
     <span class='ocr_line' id='line_1_71' title="bbox 344 3848 1944 3922; baseline 0.001 -20"><span class='ocrx_word' id='word_1_535' title='bbox 344 3849 529 3904; x_wconf 85' lang='lat' dir='ltr'><strong>dimini</strong></span> <span class='ocrx_word' id='word_1_536' title='bbox 580 3848 692 3904; x_wconf 88' lang='lat' dir='ltr'><strong>Deo</strong></span> <span class='ocrx_word' id='word_1_537' title='bbox 734 3859 929 3917; x_wconf 73' lang='lat' dir='ltr'><strong>vestro,</strong></span> <span class='ocrx_word' id='word_1_538' title='bbox 959 3860 1005 3906; x_wconf 85' lang='lat' dir='ltr'><strong>et</strong></span> <span class='ocrx_word' id='word_1_539' title='bbox 1049 3849 1408 3902; x_wconf 86' lang='lat' dir='ltr'><strong>circuntcidite</strong></span> <span class='ocrx_word' id='word_1_540' title='bbox 1465 3849 1727 3922; x_wconf 68' lang='lat' dir='ltr'><strong>praeputia</strong></span> <span class='ocrx_word' id='word_1_541' title='bbox 1774 3848 1944 3904; x_wconf 78' lang='lat' dir='ltr'><strong>cordis</strong></span> 
     </span>
    </p>
   </div>
   <div class='ocr_carea' id='block_1_72' title="bbox 343 3939 1944 4012">
    <p class='ocr_par' dir='ltr' id='par_1_72' title="bbox 343 3939 1944 4012">
     <span class='ocr_line' id='line_1_72' title="bbox 343 3939 1944 4012; baseline 0.001 -18"><span class='ocrx_word' id='word_1_542' title='bbox 343 3939 498 3995; x_wconf 81' lang='lat' dir='ltr'><strong>vestri</strong></span> <span class='ocrx_word' id='word_1_543' title='bbox 515 3982 530 4008; x_wconf 90' lang='lat'><strong>,</strong></span> <span class='ocrx_word' id='word_1_544' title='bbox 562 3957 626 3996; x_wconf 88' lang='lat' dir='ltr'><strong>ne</strong></span> <span class='ocrx_word' id='word_1_545' title='bbox 647 3950 800 3996; x_wconf 73' lang='lat' dir='ltr'><strong>exeat</strong></span> <span class='ocrx_word' id='word_1_546' title='bbox 827 3941 905 3995; x_wconf 90' lang='lat' dir='ltr'><strong>ira</strong></span> <span class='ocrx_word' id='word_1_547' title='bbox 930 3948 976 3994; x_wconf 90' lang='lat' dir='ltr'><strong>et</strong></span> <span class='ocrx_word' id='word_1_548' title='bbox 1000 3949 1183 3997; x_wconf 78' lang='lat' dir='ltr'><strong>exurat</strong></span> <span class='ocrx_word' id='word_1_549' title='bbox 1203 3985 1218 4008; x_wconf 84' lang='lat'><strong>,</strong></span> <span class='ocrx_word' id='word_1_550' title='bbox 1246 3950 1293 3996; x_wconf 87' lang='lat' dir='ltr'><strong>et</strong></span> <span class='ocrx_word' id='word_1_551' title='bbox 1317 3957 1419 3994; x_wconf 85' lang='lat' dir='ltr'><strong>non</strong></span> <span class='ocrx_word' id='word_1_552' title='bbox 1448 3946 1514 3994; x_wconf 86' lang='lat' dir='ltr'><strong>sit</strong></span> <span class='ocrx_word' id='word_1_553' title='bbox 1535 3941 1624 4012; x_wconf 89' lang='lat' dir='ltr'><strong>qui</strong></span> <span class='ocrx_word' id='word_1_554' title='bbox 1650 3941 1944 4012; x_wconf 69' lang='lat' dir='ltr'><strong>exstinguat</strong></span> 
     </span>
    </p>
   </div>
   <div class='ocr_carea' id='block_1_73' title="bbox 349 4032 1943 4106">
    <p class='ocr_par' dir='ltr' id='par_1_73' title="bbox 349 4032 1943 4106">
     <span class='ocr_line' id='line_1_73' title="bbox 349 4032 1943 4106; baseline 0.003 -18"><span class='ocrx_word' id='word_1_555' title='bbox 349 4033 571 4102; x_wconf 82' lang='lat' dir='ltr'><strong>(Jerem.</strong></span> <span class='ocrx_word' id='word_1_556' title='bbox 607 4051 693 4102; x_wconf 88' lang='lat' dir='ltr'><strong>tv,</strong></span> <span class='ocrx_word' id='word_1_557' title='bbox 729 4037 796 4103; x_wconf 76' lang='lat'><strong>5,</strong></span> <span class='ocrx_word' id='word_1_558' title='bbox 830 4033 911 4106; x_wconf 69' lang='grc'><strong>4).</strong></span> <span class='ocrx_word' id='word_1_559' title='bbox 949 4033 1015 4092; x_wconf 86' lang='grc' dir='ltr'><strong>Ει</strong></span> <span class='ocrx_word' id='word_1_560' title='bbox 1059 4035 1124 4092; x_wconf 81' lang='lat' dir='ltr'><strong>ad</strong></span> <span class='ocrx_word' id='word_1_561' title='bbox 1174 4033 1361 4090; x_wconf 77' lang='lat' dir='ltr'><strong>Iesum</strong></span> <span class='ocrx_word' id='word_1_562' title='bbox 1413 4032 1560 4088; x_wconf 82' lang='lat' dir='ltr'><strong>Nave</strong></span> <span class='ocrx_word' id='word_1_563' title='bbox 1586 4033 1719 4090; x_wconf 88' lang='lat' dir='ltr'><strong>dicit</strong></span> <span class='ocrx_word' id='word_1_564' title='bbox 1751 4034 1895 4092; x_wconf 86' lang='lat' dir='ltr'><strong>Deus</strong></span> <span class='ocrx_word' id='word_1_565' title='bbox 1927 4051 1943 4092; x_wconf 84' lang='lat'><strong>:</strong></span> 
     </span>
    </p>
   </div>
   <div class='ocr_carea' id='block_1_74' title="bbox 349 4124 1945 4199">
    <p class='ocr_par' dir='ltr' id='par_1_74' title="bbox 349 4124 1945 4199">
     <span class='ocr_line' id='line_1_74' title="bbox 349 4124 1945 4199; baseline 0.001 -19"><span class='ocrx_word' id='word_1_566' title='bbox 349 4124 460 4180; x_wconf 73' lang='lat' dir='ltr'><strong>Fat.-</strong></span> <span class='ocrx_word' id='word_1_567' title='bbox 488 4128 579 4181; x_wconf 88' lang='lat' dir='ltr'><strong>tibi</strong></span> <span class='ocrx_word' id='word_1_568' title='bbox 605 4127 812 4199; x_wconf 83' lang='lat' dir='ltr'><strong>gladios</strong></span> <span class='ocrx_word' id='word_1_569' title='bbox 849 4128 1079 4199; x_wconf 81' lang='lat' dir='ltr'><strong>petrinos</strong></span> <span class='ocrx_word' id='word_1_570' title='bbox 1122 4126 1277 4182; x_wconf 85' lang='lat' dir='ltr'><strong>nimis</strong></span> <span class='ocrx_word' id='word_1_571' title='bbox 1315 4135 1495 4180; x_wconf 83' lang='lat' dir='ltr'><strong>acutas</strong></span> <span class='ocrx_word' id='word_1_572' title='bbox 1519 4168 1534 4192; x_wconf 90' lang='lat'><strong>,</strong></span> <span class='ocrx_word' id='word_1_573' title='bbox 1565 4135 1612 4181; x_wconf 88' lang='lat' dir='ltr'><strong>et</strong></span> <span class='ocrx_word' id='word_1_574' title='bbox 1632 4125 1945 4182; x_wconf 87' lang='lat' dir='ltr'><strong>circumcide</strong></span> 
     </span>
    </p>
   </div>
   <div class='ocr_carea' id='block_1_75' title="bbox 345 4214 1944 4290">
    <p class='ocr_par' dir='ltr' id='par_1_75' title="bbox 345 4214 1944 4290">
     <span class='ocr_line' id='line_1_75' title="bbox 345 4214 1944 4290; baseline 0.003 -20"><span class='ocrx_word' id='word_1_575' title='bbox 345 4218 574 4270; x_wconf 87' lang='lat' dir='ltr'><strong>secundo</strong></span> <span class='ocrx_word' id='word_1_576' title='bbox 603 4216 742 4287; x_wconf 75' lang='lat' dir='ltr'><strong>filios</strong></span> <span class='ocrx_word' id='word_1_577' title='bbox 771 4215 942 4273; x_wconf 84' lang='lat' dir='ltr'><strong>Israel</strong></span> <span class='ocrx_word' id='word_1_578' title='bbox 966 4214 1106 4287; x_wconf 81' lang='lat' dir='ltr'><strong>(Ias.</strong></span> <span class='ocrx_word' id='word_1_579' title='bbox 1139 4232 1190 4276; x_wconf 84' lang='lat' dir='ltr'><strong>v.</strong></span> <span class='ocrx_word' id='word_1_580' title='bbox 1214 4216 1295 4287; x_wconf 73' lang='grc'><strong>2).</strong></span> <span class='ocrx_word' id='word_1_581' title='bbox 1330 4215 1602 4290; x_wconf 86' lang='lat' dir='ltr'><strong>Numquid</strong></span> <span class='ocrx_word' id='word_1_582' title='bbox 1635 4215 1806 4272; x_wconf 70' lang='lat' dir='ltr'><strong>tuncb</strong></span> <span class='ocrx_word' id='word_1_583' title='bbox 1833 4217 1944 4274; x_wconf 80' lang='lat' dir='ltr'><strong>fer-</strong></span> 
     </span>
    </p>
   </div>
   <div class='ocr_carea' id='block_1_76' title="bbox 345 4309 1940 4370">
    <p class='ocr_par' dir='ltr' id='par_1_76' title="bbox 345 4309 1940 4370">
     <span class='ocr_line' id='line_1_76' title="bbox 345 4309 1940 4370; baseline 0.002 -7"><span class='ocrx_word' id='word_1_584' title='bbox 345 4323 468 4364; x_wconf 91' lang='lat' dir='ltr'><strong>rum</strong></span> <span class='ocrx_word' id='word_1_585' title='bbox 495 4309 728 4364; x_wconf 88' lang='lat' dir='ltr'><strong>deerat?</strong></span> <span class='ocrx_word' id='word_1_586' title='bbox 759 4309 868 4368; x_wconf 87' lang='lat' dir='ltr'><strong>Sed</strong></span> <span class='ocrx_word' id='word_1_587' title='bbox 896 4310 1040 4370; x_wconf 89' lang='lat' dir='ltr'><strong>Dcus</strong></span> <span class='ocrx_word' id='word_1_588' title='bbox 1059 4309 1126 4368; x_wconf 90' lang='lat' dir='ltr'><strong>ad</strong></span> <span class='ocrx_word' id='word_1_589' title='bbox 1155 4309 1446 4366; x_wconf 87' lang='lat' dir='ltr'><strong>Dominum</strong></span> <span class='ocrx_word' id='word_1_590' title='bbox 1480 4319 1724 4368; x_wconf 86' lang='lat' dir='ltr'><strong>nostrum</strong></span> <span class='ocrx_word' id='word_1_591' title='bbox 1752 4309 1940 4366; x_wconf 82' lang='lat' dir='ltr'><strong>Jesum</strong></span> 
     </span>
    </p>
   </div>
   <div class='ocr_carea' id='block_1_77' title="bbox 347 4397 1942 4476">
    <p class='ocr_par' dir='ltr' id='par_1_77' title="bbox 347 4397 1942 4476">
     <span class='ocr_line' id='line_1_77' title="bbox 347 4397 1942 4476; baseline 0.002 -23"><span class='ocrx_word' id='word_1_592' title='bbox 347 4397 623 4455; x_wconf 83' lang='lat' dir='ltr'><strong>Christum</strong></span> <span class='ocrx_word' id='word_1_593' title='bbox 657 4400 982 4471; x_wconf 84' lang='lat' dir='ltr'><strong>loquebatur</strong></span> <span class='ocrx_word' id='word_1_594' title='bbox 1003 4443 1019 4470; x_wconf 91' lang='lat'><strong>,</strong></span> <span class='ocrx_word' id='word_1_595' title='bbox 1049 4402 1192 4476; x_wconf 88' lang='lat' dir='ltr'><strong>quod</strong></span> <span class='ocrx_word' id='word_1_596' title='bbox 1227 4417 1322 4472; x_wconf 87' lang='lat' dir='ltr'><strong>per</strong></span> <span class='ocrx_word' id='word_1_597' title='bbox 1352 4401 1629 4474; x_wconf 84' lang='lat' dir='ltr'><strong>apostolos</strong></span> <span class='ocrx_word' id='word_1_598' title='bbox 1667 4417 1798 4456; x_wconf 87' lang='lat' dir='ltr'><strong>suos</strong></span> <span class='ocrx_word' id='word_1_599' title='bbox 1828 4401 1942 4471; x_wconf 79' lang='lat' dir='ltr'><strong>Spi-</strong></span> 
     </span>
    </p>
   </div>
   <div class='ocr_carea' id='block_1_78' title="bbox 2052 3191 3649 3266">
    <p class='ocr_par' dir='ltr' id='par_1_78' title="bbox 2052 3191 3649 3266">
     <span class='ocr_line' id='line_1_78' title="bbox 2052 3191 3649 3266; baseline -0.001 -16"><span class='ocrx_word' id='word_1_600' title='bbox 2052 3203 2197 3250; x_wconf 90' lang='lat' dir='ltr'><strong>ctum</strong></span> <span class='ocrx_word' id='word_1_601' title='bbox 2224 3203 2309 3250; x_wconf 87' lang='lat' dir='ltr'><strong>est</strong></span> <span class='ocrx_word' id='word_1_602' title='bbox 2341 3211 2353 3248; x_wconf 95' lang='lat'><strong>:</strong></span> <span class='ocrx_word' id='word_1_603' title='bbox 2385 3193 2478 3248; x_wconf 84' lang='lat' dir='ltr'><strong>Sic</strong></span> <span class='ocrx_word' id='word_1_604' title='bbox 2498 3194 2635 3248; x_wconf 88' lang='lat' dir='ltr'><strong>enim</strong></span> <span class='ocrx_word' id='word_1_605' title='bbox 2657 3194 2730 3248; x_wconf 87' lang='lat' dir='ltr'><strong>ait</strong></span> <span class='ocrx_word' id='word_1_606' title='bbox 2756 3191 3004 3266; x_wconf 75' lang='lat' dir='ltr'><strong>Moyses:</strong></span> <span class='ocrx_word' id='word_1_607' title='bbox 3031 3193 3093 3249; x_wconf 86' lang='lat' dir='ltr'><strong>Si</strong></span> <span class='ocrx_word' id='word_1_608' title='bbox 3113 3193 3228 3264; x_wconf 85' lang='lat' dir='ltr'><strong>quis</strong></span> <span class='ocrx_word' id='word_1_609' title='bbox 3257 3194 3566 3266; x_wconf 76' lang='lat' dir='ltr'><strong>peccaverit,</strong></span> <span class='ocrx_word' id='word_1_610' title='bbox 3593 3194 3649 3250; x_wconf 87' lang='lat' dir='ltr'><strong>iu</strong></span> 
     </span>
    </p>
   </div>
   <div class='ocr_carea' id='block_1_79' title="bbox 2037 3284 3644 3358">
    <p class='ocr_par' dir='ltr' id='par_1_79' title="bbox 2037 3284 3644 3358">
     <span class='ocr_line' id='line_1_79' title="bbox 2037 3284 3644 3358; baseline 0.001 -17"><span class='ocrx_word' id='word_1_611' title='bbox 2037 3287 2307 3358; x_wconf 84' lang='lat' dir='ltr'><strong>judicium</strong></span> <span class='ocrx_word' id='word_1_612' title='bbox 2347 3288 2525 3342; x_wconf 85' lang='lat' dir='ltr'><strong>mortis</strong></span> <span class='ocrx_word' id='word_1_613' title='bbox 2552 3286 2803 3356; x_wconf 87' lang='lat' dir='ltr'><strong>puniatur</strong></span> <span class='ocrx_word' id='word_1_614' title='bbox 2851 3284 3088 3355; x_wconf 77' lang='lat' dir='ltr'><strong>exemplo</strong></span> <span class='ocrx_word' id='word_1_615' title='bbox 3121 3302 3139 3340; x_wconf 88' lang='lat'><strong><em>:</em></strong></span> <span class='ocrx_word' id='word_1_616' title='bbox 3169 3286 3496 3358; x_wconf 84' lang='lat' dir='ltr'><strong>suspendetis</strong></span> <span class='ocrx_word' id='word_1_617' title='bbox 3524 3301 3644 3342; x_wconf 73' lang='lat' dir='ltr'><strong>eum</strong></span> 
     </span>
    </p>
   </div>
   <div class='ocr_carea' id='block_1_80' title="bbox 2055 3378 3648 3452">
    <p class='ocr_par' dir='ltr' id='par_1_80' title="bbox 2055 3378 3648 3452">
     <span class='ocr_line' id='line_1_80' title="bbox 2055 3378 3648 3452; baseline 0.003 -20"><span class='ocrx_word' id='word_1_618' title='bbox 2055 3382 2106 3433; x_wconf 89' lang='lat' dir='ltr'><strong>in</strong></span> <span class='ocrx_word' id='word_1_619' title='bbox 2136 3379 2276 3450; x_wconf 83' lang='lat' dir='ltr'><strong>ligna</strong></span> <span class='ocrx_word' id='word_1_620' title='bbox 2300 3395 2320 3445; x_wconf 76' lang='lat'><strong>,&#39;</strong></span> <span class='ocrx_word' id='word_1_621' title='bbox 2350 3387 2394 3432; x_wconf 87' lang='lat' dir='ltr'><strong>et</strong></span> <span class='ocrx_word' id='word_1_622' title='bbox 2423 3379 2590 3434; x_wconf 84' lang='lat' dir='ltr'><strong>omnis</strong></span> <span class='ocrx_word' id='word_1_623' title='bbox 2611 3379 2699 3450; x_wconf 77' lang='lat' dir='ltr'><strong>qui</strong></span> <span class='ocrx_word' id='word_1_624' title='bbox 2723 3378 2915 3452; x_wconf 85' lang='lat' dir='ltr'><strong>pendet</strong></span> <span class='ocrx_word' id='word_1_625' title='bbox 2941 3378 2996 3436; x_wconf 88' lang='lat' dir='ltr'><strong>in</strong></span> <span class='ocrx_word' id='word_1_626' title='bbox 3026 3379 3165 3450; x_wconf 80' lang='lat' dir='ltr'><strong>ligno</strong></span> <span class='ocrx_word' id='word_1_627' title='bbox 3183 3418 3199 3446; x_wconf 91' lang='lat'><strong>,</strong></span> <span class='ocrx_word' id='word_1_628' title='bbox 3228 3379 3531 3434; x_wconf 83' lang='lat' dir='ltr'><strong>maledictus</strong></span> <span class='ocrx_word' id='word_1_629' title='bbox 3551 3379 3648 3440; x_wconf 77' lang='lat' dir='ltr'><strong>erit</strong></span> 
     </span>
    </p>
   </div>
   <div class='ocr_carea' id='block_1_81' title="bbox 2052 3471 3649 3545">
    <p class='ocr_par' dir='ltr' id='par_1_81' title="bbox 2052 3471 3649 3545">
     <span class='ocr_line' id='line_1_81' title="bbox 2052 3471 3649 3545; baseline -0.001 -18"><span class='ocrx_word' id='word_1_630' title='bbox 2052 3471 2218 3545; x_wconf 85' lang='lat' dir='ltr'><strong>(Ibid.</strong></span> <span class='ocrx_word' id='word_1_631' title='bbox 2245 3516 2259 3541; x_wconf 93' lang='lat'><strong>,</strong></span> <span class='ocrx_word' id='word_1_632' title='bbox 2292 3472 2408 3544; x_wconf 61' lang='lat' dir='ltr'><strong>Q2).</strong></span> <span class='ocrx_word' id='word_1_633' title='bbox 2453 3472 2562 3530; x_wconf 89' lang='lat' dir='ltr'><strong>Sed</strong></span> <span class='ocrx_word' id='word_1_634' title='bbox 2607 3472 2710 3529; x_wconf 90' lang='lat' dir='ltr'><strong>hoc</strong></span> <span class='ocrx_word' id='word_1_635' title='bbox 2749 3473 2818 3528; x_wconf 91' lang='lat' dir='ltr'><strong>de</strong></span> <span class='ocrx_word' id='word_1_636' title='bbox 2846 3483 3134 3542; x_wconf 85' lang='lat' dir='ltr'><strong>peccatore</strong></span> <span class='ocrx_word' id='word_1_637' title='bbox 3164 3471 3340 3541; x_wconf 90' lang='lat' dir='ltr'><strong>dicit,</strong></span> <span class='ocrx_word' id='word_1_638' title='bbox 3373 3473 3465 3543; x_wconf 91' lang='lat' dir='ltr'><strong>qui</strong></span> <span class='ocrx_word' id='word_1_639' title='bbox 3505 3487 3649 3534; x_wconf 77' lang='lat' dir='ltr'><strong>mor-</strong></span> 
     </span>
    </p>
   </div>
   <div class='ocr_carea' id='block_1_82' title="bbox 2062 3566 3650 3639">
    <p class='ocr_par' dir='ltr' id='par_1_82' title="bbox 2062 3566 3650 3639">
     <span class='ocr_line' id='line_1_82' title="bbox 2062 3566 3650 3639; baseline 0.003 -19"><span class='ocrx_word' id='word_1_640' title='bbox 2062 3568 2170 3622; x_wconf 84' lang='lat' dir='ltr'><strong>tale</strong></span> <span class='ocrx_word' id='word_1_641' title='bbox 2203 3579 2485 3638; x_wconf 88' lang='lat' dir='ltr'><strong>peccatum</strong></span> <span class='ocrx_word' id='word_1_642' title='bbox 2519 3566 2665 3622; x_wconf 83' lang='lat' dir='ltr'><strong>iecit.</strong></span> <span class='ocrx_word' id='word_1_643' title='bbox 2715 3566 2965 3623; x_wconf 68' lang='lat' dir='ltr'><strong>(Lhrisms</strong></span> <span class='ocrx_word' id='word_1_644' title='bbox 3002 3575 3184 3624; x_wconf 88' lang='lat' dir='ltr'><strong>autem</strong></span> <span class='ocrx_word' id='word_1_645' title='bbox 3229 3574 3508 3639; x_wconf 85' lang='lat' dir='ltr'><strong>peccatum</strong></span> <span class='ocrx_word' id='word_1_646' title='bbox 3541 3579 3650 3624; x_wconf 89' lang='lat' dir='ltr'><strong>non</strong></span> 
     </span>
    </p>
   </div>
   <div class='ocr_carea' id='block_1_83' title="bbox 2055 3657 3648 3731">
    <p class='ocr_par' dir='ltr' id='par_1_83' title="bbox 2055 3657 3648 3731">
     <span class='ocr_line' id='line_1_83' title="bbox 2055 3657 3648 3731; baseline 0 -14"><span class='ocrx_word' id='word_1_647' title='bbox 2055 3660 2223 3729; x_wconf 79' lang='lat' dir='ltr'><strong>fecit,</strong></span> <span class='ocrx_word' id='word_1_648' title='bbox 2279 3661 2422 3716; x_wconf 89' lang='lat' dir='ltr'><strong>sicut</strong></span> <span class='ocrx_word' id='word_1_649' title='bbox 2478 3675 2674 3716; x_wconf 86' lang='lat' dir='ltr'><strong>omnes</strong></span> <span class='ocrx_word' id='word_1_650' title='bbox 2708 3659 2985 3731; x_wconf 65' lang='lat' dir='ltr'><strong>prophetae</strong></span> <span class='ocrx_word' id='word_1_651' title='bbox 3044 3670 3357 3726; x_wconf 86' lang='lat' dir='ltr'><strong>testantur;</strong></span> <span class='ocrx_word' id='word_1_652' title='bbox 3397 3659 3494 3716; x_wconf 85' lang='lat' dir='ltr'><strong>sed</strong></span> <span class='ocrx_word' id='word_1_653' title='bbox 3534 3657 3648 3730; x_wconf 82' lang='lat' dir='ltr'><strong>pati</strong></span> 
     </span>
    </p>
   </div>
   <div class='ocr_carea' id='block_1_84' title="bbox 2056 3751 3648 3824">
    <p class='ocr_par' dir='ltr' id='par_1_84' title="bbox 2056 3751 3648 3824">
     <span class='ocr_line' id='line_1_84' title="bbox 2056 3751 3648 3824; baseline -0.001 -12"><span class='ocrx_word' id='word_1_654' title='bbox 2056 3770 2282 3812; x_wconf 85' lang='lat' dir='ltr'><strong>necesse</strong></span> <span class='ocrx_word' id='word_1_655' title='bbox 2311 3754 2535 3823; x_wconf 88' lang='lat' dir='ltr'><strong>habuit,</strong></span> <span class='ocrx_word' id='word_1_656' title='bbox 2563 3763 2620 3809; x_wconf 91' lang='lat' dir='ltr'><strong>ut</strong></span> <span class='ocrx_word' id='word_1_657' title='bbox 2644 3753 2926 3824; x_wconf 83' lang='lat' dir='ltr'><strong>Scriptura</strong></span> <span class='ocrx_word' id='word_1_658' title='bbox 2959 3753 3306 3824; x_wconf 87' lang='lat' dir='ltr'><strong>impleretur.</strong></span> <span class='ocrx_word' id='word_1_659' title='bbox 3340 3751 3484 3808; x_wconf 90' lang='lat' dir='ltr'><strong>Dicit</strong></span> <span class='ocrx_word' id='word_1_660' title='bbox 3503 3752 3648 3810; x_wconf 85' lang='lat' dir='ltr'><strong>enim</strong></span> 
     </span>
    </p>
   </div>
   <div class='ocr_carea' id='block_1_85' title="bbox 2052 3841 3654 3919">
    <p class='ocr_par' dir='ltr' id='par_1_85' title="bbox 2052 3841 3654 3919">
     <span class='ocr_line' id='line_1_85' title="bbox 2052 3841 3654 3919; baseline -0.005 -13"><span class='ocrx_word' id='word_1_661' title='bbox 2052 3849 2253 3906; x_wconf 78' lang='lat' dir='ltr'><strong>ls-aias:</strong></span> <span class='ocrx_word' id='word_1_662' title='bbox 2288 3848 2390 3915; x_wconf 83' lang='lat' dir='ltr'><strong>Qui</strong></span> <span class='ocrx_word' id='word_1_663' title='bbox 2413 3858 2678 3919; x_wconf 85' lang='lat' dir='ltr'><strong>peccatum</strong></span> <span class='ocrx_word' id='word_1_664' title='bbox 2704 3863 2806 3902; x_wconf 84' lang='lat' dir='ltr'><strong>non</strong></span> <span class='ocrx_word' id='word_1_665' title='bbox 2833 3848 2979 3918; x_wconf 74' lang='lat' dir='ltr'><strong>fecit,</strong></span> <span class='ocrx_word' id='word_1_666' title='bbox 3010 3862 3103 3900; x_wconf 89' lang='lat' dir='ltr'><strong>nec</strong></span> <span class='ocrx_word' id='word_1_667' title='bbox 3131 3847 3370 3900; x_wconf 81' lang='lat' dir='ltr'><strong>inuentus</strong></span> <span class='ocrx_word' id='word_1_668' title='bbox 3395 3853 3472 3900; x_wconf 81' lang='lat' dir='ltr'><strong>est</strong></span> <span class='ocrx_word' id='word_1_669' title='bbox 3499 3841 3654 3906; x_wconf 78' lang='lat' dir='ltr'><strong>dolus</strong></span> 
     </span>
    </p>
   </div>
   <div class='ocr_carea' id='block_1_86' title="bbox 2047 3935 3651 4014">
    <p class='ocr_par' dir='ltr' id='par_1_86' title="bbox 2047 3935 3651 4014">
     <span class='ocr_line' id='line_1_86' title="bbox 2047 3935 3651 4014; baseline -0.004 -18"><span class='ocrx_word' id='word_1_670' title='bbox 2047 3945 2100 3996; x_wconf 88' lang='lat' dir='ltr'><strong>in</strong></span> <span class='ocrx_word' id='word_1_671' title='bbox 2133 3957 2222 3995; x_wconf 92' lang='lat' dir='ltr'><strong>ore</strong></span> <span class='ocrx_word' id='word_1_672' title='bbox 2264 3943 2423 4014; x_wconf 85' lang='lat' dir='ltr'><strong>ejus;</strong></span> <span class='ocrx_word' id='word_1_673' title='bbox 2463 3940 2553 3995; x_wconf 88' lang='lat' dir='ltr'><strong>sed</strong></span> <span class='ocrx_word' id='word_1_674' title='bbox 2598 3937 2854 3993; x_wconf 86' lang='lat' dir='ltr'><strong>Dominus</strong></span> <span class='ocrx_word' id='word_1_675' title='bbox 2885 3937 3098 3992; x_wconf 85' lang='lat' dir='ltr'><strong>tradidit</strong></span> <span class='ocrx_word' id='word_1_676' title='bbox 3149 3952 3265 3993; x_wconf 87' lang='lat' dir='ltr'><strong>eum</strong></span> <span class='ocrx_word' id='word_1_677' title='bbox 3293 3951 3388 4008; x_wconf 88' lang='lat' dir='ltr'><strong>pro</strong></span> <span class='ocrx_word' id='word_1_678' title='bbox 3426 3935 3651 4007; x_wconf 77' lang='lat' dir='ltr'><strong>peccatis</strong></span> 
     </span>
    </p>
   </div>
   <div class='ocr_carea' id='block_1_87' title="bbox 2051 4028 3650 4104">
    <p class='ocr_par' dir='ltr' id='par_1_87' title="bbox 2051 4028 3650 4104">
     <span class='ocr_line' id='line_1_87' title="bbox 2051 4028 3650 4104; baseline -0.003 -15"><span class='ocrx_word' id='word_1_679' title='bbox 2051 4034 2242 4089; x_wconf 89' lang='lat' dir='ltr'><strong>nostris</strong></span> <span class='ocrx_word' id='word_1_680' title='bbox 2272 4030 2410 4104; x_wconf 87' lang='lat' dir='ltr'><strong>(lsa.</strong></span> <span class='ocrx_word' id='word_1_681' title='bbox 2441 4047 2568 4100; x_wconf 80' lang='lat' dir='ltr'><strong>un,</strong></span> <span class='ocrx_word' id='word_1_682' title='bbox 2601 4032 2682 4102; x_wconf 84' lang='lat'><strong>9).</strong></span> <span class='ocrx_word' id='word_1_683' title='bbox 2729 4030 2862 4087; x_wconf 87' lang='lat' dir='ltr'><strong>Nam</strong></span> <span class='ocrx_word' id='word_1_684' title='bbox 2908 4029 3041 4086; x_wconf 87' lang='lat' dir='ltr'><strong>alibi</strong></span> <span class='ocrx_word' id='word_1_685' title='bbox 3071 4028 3391 4100; x_wconf 83' lang='lat' dir='ltr'><strong>prophetam</strong></span> <span class='ocrx_word' id='word_1_686' title='bbox 3441 4029 3650 4084; x_wconf 80' lang='lat' dir='ltr'><strong>dixisse</strong></span> 
     </span>
    </p>
   </div>
   <div class='ocr_carea' id='block_1_88' title="bbox 2053 4119 3645 4191">
    <p class='ocr_par' dir='ltr' id='par_1_88' title="bbox 2053 4119 3645 4191">
     <span class='ocr_line' id='line_1_88' title="bbox 2053 4119 3645 4191; baseline -0.004 -11"><span class='ocrx_word' id='word_1_687' title='bbox 2053 4125 2402 4180; x_wconf 86' lang='lat' dir='ltr'><strong>ostendimus</strong></span> <span class='ocrx_word' id='word_1_688' title='bbox 2429 4141 2440 4176; x_wconf 90' lang='lat'><strong>:</strong></span> <span class='ocrx_word' id='word_1_689' title='bbox 2476 4121 2611 4180; x_wconf 81' lang='lat' dir='ltr'><strong>Ecce</strong></span> <span class='ocrx_word' id='word_1_690' title='bbox 2639 4123 2848 4176; x_wconf 72' lang='lat' dir='ltr'><strong>verbum</strong></span> <span class='ocrx_word' id='word_1_691' title='bbox 2875 4119 3088 4176; x_wconf 86' lang='lat' dir='ltr'><strong>Domini</strong></span> <span class='ocrx_word' id='word_1_692' title='bbox 3119 4124 3320 4191; x_wconf 77' lang='lat' dir='ltr'><strong>factum</strong></span> <span class='ocrx_word' id='word_1_693' title='bbox 3349 4127 3421 4176; x_wconf 84' lang='lat' dir='ltr'><strong>est</strong></span> <span class='ocrx_word' id='word_1_694' title='bbox 3456 4119 3563 4175; x_wconf 88' lang='lat' dir='ltr'><strong>illis</strong></span> <span class='ocrx_word' id='word_1_695' title='bbox 3589 4119 3645 4174; x_wconf 85' lang='lat' dir='ltr'><strong>in</strong></span> 
     </span>
    </p>
   </div>
   <div class='ocr_carea' id='block_1_89' title="bbox 2053 4211 3647 4282">
    <p class='ocr_par' dir='ltr' id='par_1_89' title="bbox 2053 4211 3647 4282">
     <span class='ocr_line' id='line_1_89' title="bbox 2053 4211 3647 4282; baseline 0 -14"><span class='ocrx_word' id='word_1_696' title='bbox 2053 4215 2438 4282; x_wconf 83' lang='lat' dir='ltr'><strong>maledictum,</strong></span> <span class='ocrx_word' id='word_1_697' title='bbox 2482 4226 2531 4272; x_wconf 88' lang='lat' dir='ltr'><strong>et</strong></span> <span class='ocrx_word' id='word_1_698' title='bbox 2580 4214 2861 4272; x_wconf 84' lang='lat' dir='ltr'><strong>noluerunt</strong></span> <span class='ocrx_word' id='word_1_699' title='bbox 2891 4214 3046 4269; x_wconf 87' lang='lat' dir='ltr'><strong>illud.</strong></span> <span class='ocrx_word' id='word_1_700' title='bbox 3095 4212 3164 4269; x_wconf 82' lang='lat' dir='ltr'><strong>Et</strong></span> <span class='ocrx_word' id='word_1_701' title='bbox 3215 4213 3414 4268; x_wconf 87' lang='lat' dir='ltr'><strong>iterum</strong></span> <span class='ocrx_word' id='word_1_702' title='bbox 3469 4211 3647 4270; x_wconf 83' lang='lat' dir='ltr'><strong>dicit:</strong></span> 
     </span>
    </p>
   </div>
   <div class='ocr_carea' id='block_1_90' title="bbox 2053 4305 3654 4380">
    <p class='ocr_par' dir='ltr' id='par_1_90' title="bbox 2053 4305 3654 4380">
     <span class='ocr_line' id='line_1_90' title="bbox 2053 4305 3654 4380; baseline 0.001 -16"><span class='ocrx_word' id='word_1_703' title='bbox 2053 4310 2203 4365; x_wconf 84' lang='lat' dir='ltr'><strong>Inter</strong></span> <span class='ocrx_word' id='word_1_704' title='bbox 2254 4309 2534 4366; x_wconf 86' lang='lat' dir='ltr'><strong>maledicos</strong></span> <span class='ocrx_word' id='word_1_705' title='bbox 2575 4317 2849 4379; x_wconf 73' lang='lat' dir='ltr'><strong>reputatur</strong></span> <span class='ocrx_word' id='word_1_706' title='bbox 2893 4317 2967 4362; x_wconf 86' lang='lat' dir='ltr'><strong>est</strong></span> <span class='ocrx_word' id='word_1_707' title='bbox 3015 4305 3182 4380; x_wconf 86' lang='lat' dir='ltr'><strong>(Ibid.</strong></span> <span class='ocrx_word' id='word_1_708' title='bbox 3209 4348 3225 4374; x_wconf 91' lang='lat'><strong>,</strong></span> <span class='ocrx_word' id='word_1_709' title='bbox 3256 4305 3369 4377; x_wconf 73' lang='grc'><strong>12).</strong></span> <span class='ocrx_word' id='word_1_710' title='bbox 3401 4305 3545 4364; x_wconf 83' lang='lat' dir='ltr'><strong>Audi</strong></span> <span class='ocrx_word' id='word_1_711' title='bbox 3595 4313 3654 4366; x_wconf 77' lang='lat' dir='ltr'><strong>et</strong></span> 
     </span>
    </p>
   </div>
   <div class='ocr_carea' id='block_1_91' title="bbox 2049 4403 3650 4475">
    <p class='ocr_par' dir='ltr' id='par_1_91' title="bbox 2049 4403 3650 4475">
     <span class='ocr_line' id='line_1_91' title="bbox 2049 4403 3650 4475; baseline -0.002 -15"><span class='ocrx_word' id='word_1_712' title='bbox 2049 4405 2342 4464; x_wconf 79' lang='lat' dir='ltr'><strong>Jeremiam</strong></span> <span class='ocrx_word' id='word_1_713' title='bbox 2374 4409 2427 4460; x_wconf 90' lang='lat' dir='ltr'><strong>iu</strong></span> <span class='ocrx_word' id='word_1_714' title='bbox 2457 4404 2876 4462; x_wconf 88' lang='lat' dir='ltr'><strong>Lamentatione</strong></span> <span class='ocrx_word' id='word_1_715' title='bbox 2900 4405 3179 4462; x_wconf 84' lang='lat' dir='ltr'><strong>dicentem</strong></span> <span class='ocrx_word' id='word_1_716' title='bbox 3213 4422 3226 4458; x_wconf 91' lang='lat'><strong>:</strong></span> <span class='ocrx_word' id='word_1_717' title='bbox 3275 4404 3508 4475; x_wconf 80' lang='lat' dir='ltr'><strong>Spiritus</strong></span> <span class='ocrx_word' id='word_1_718' title='bbox 3537 4403 3650 4460; x_wconf 78' lang='lat' dir='ltr'><strong>vul-</strong></span> 
     </span>
    </p>
   </div>
   <div class='ocr_carea' id='block_1_92' title="bbox 345 4493 3644 4580">
    <p class='ocr_par' dir='ltr' id='par_1_92' title="bbox 345 4493 3644 4580">
     <span class='ocr_line' id='line_1_92' title="bbox 345 4493 3644 4580; baseline -0.001 -32"><span class='ocrx_word' id='word_1_719' title='bbox 345 4493 586 4550; x_wconf 89' lang='lat' dir='ltr'><strong>ritaliter</strong></span> <span class='ocrx_word' id='word_1_720' title='bbox 633 4493 802 4550; x_wconf 89' lang='lat' dir='ltr'><strong>corda</strong></span> <span class='ocrx_word' id='word_1_721' title='bbox 839 4495 1279 4564; x_wconf 86' lang='lat' dir='ltr'><strong>circnmciderit;</strong></span> <span class='ocrx_word' id='word_1_722' title='bbox 1332 4497 1471 4555; x_wconf 88' lang='lat' dir='ltr'><strong>adeo</strong></span> <span class='ocrx_word' id='word_1_723' title='bbox 1525 4497 1630 4570; x_wconf 87' lang='lat' dir='ltr'><strong>[An</strong></span> <span class='ocrx_word' id='word_1_724' title='bbox 1679 4514 1712 4552; x_wconf 89' lang='lat' dir='ltr'><strong>a</strong></span> <span class='ocrx_word' id='word_1_725' title='bbox 1763 4495 1944 4570; x_wconf 85' lang='lat' dir='ltr'><strong>Deo?]</strong></span> <span class='ocrx_word' id='word_1_726' title='bbox 1975 4519 2023 4580; x_wconf 76' lang='grc' dir='ltr'><strong>υ</strong></span> <span class='ocrx_word' id='word_1_727' title='bbox 2050 4512 2131 4556; x_wconf 84' lang='lat' dir='ltr'><strong>tus</strong></span> <span class='ocrx_word' id='word_1_728' title='bbox 2153 4503 2318 4558; x_wconf 78' lang='lat' dir='ltr'><strong>nostri</strong></span> <span class='ocrx_word' id='word_1_729' title='bbox 2341 4542 2356 4569; x_wconf 90' lang='lat'><strong>,</strong></span> <span class='ocrx_word' id='word_1_730' title='bbox 2387 4501 2626 4558; x_wconf 71' lang='lat' dir='ltr'><strong>Christus</strong></span> <span class='ocrx_word' id='word_1_731' title='bbox 2657 4499 2915 4572; x_wconf 66' lang='lat' dir='ltr'><strong>Dominus</strong></span> <span class='ocrx_word' id='word_1_732' title='bbox 2941 4499 3342 4567; x_wconf 75' lang='lat' dir='ltr'><strong>comprehensus</strong></span> <span class='ocrx_word' id='word_1_733' title='bbox 3380 4508 3453 4554; x_wconf 78' lang='lat' dir='ltr'><strong>eu</strong></span> <span class='ocrx_word' id='word_1_734' title='bbox 3480 4498 3534 4556; x_wconf 78' lang='lat' dir='ltr'><strong>in</strong></span> <span class='ocrx_word' id='word_1_735' title='bbox 3559 4498 3644 4552; x_wconf 70' lang='lat' dir='ltr'><strong>in.</strong></span> 
     </span>
    </p>
   </div>
   <div class='ocr_carea' id='block_1_93' title="bbox 346 4586 1946 4662">
    <p class='ocr_par' dir='ltr' id='par_1_93' title="bbox 346 4586 1946 4662">
     <span class='ocr_line' id='line_1_93' title="bbox 346 4586 1946 4662; baseline 0.003 -21"><span class='ocrx_word' id='word_1_736' title='bbox 346 4586 630 4656; x_wconf 74' lang='lat' dir='ltr'><strong>apmtolus</strong></span> <span class='ocrx_word' id='word_1_737' title='bbox 685 4596 874 4646; x_wconf 89' lang='lat' dir='ltr'><strong>uoster</strong></span> <span class='ocrx_word' id='word_1_738' title='bbox 902 4589 1091 4646; x_wconf 89' lang='lat' dir='ltr'><strong>Simon</strong></span> <span class='ocrx_word' id='word_1_739' title='bbox 1146 4590 1327 4646; x_wconf 87' lang='lat' dir='ltr'><strong>dictus</strong></span> <span class='ocrx_word' id='word_1_740' title='bbox 1359 4631 1372 4654; x_wconf 92' lang='lat'><strong>,</strong></span> <span class='ocrx_word' id='word_1_741' title='bbox 1415 4599 1472 4646; x_wconf 85' lang='lat' dir='ltr'><strong>et</strong></span> <span class='ocrx_word' id='word_1_742' title='bbox 1516 4599 1705 4662; x_wconf 84' lang='lat' dir='ltr'><strong>postea</strong></span> <span class='ocrx_word' id='word_1_743' title='bbox 1751 4591 1946 4648; x_wconf 83' lang='lat' dir='ltr'><strong>Petrus</strong></span> 
     </span>
    </p>
   </div>
   <div class='ocr_carea' id='block_1_94' title="bbox 349 4683 835 4752">
    <p class='ocr_par' dir='ltr' id='par_1_94' title="bbox 349 4683 835 4752">
     <span class='ocr_line' id='line_1_94' title="bbox 349 4683 835 4752; baseline 0.004 -19"><span class='ocrx_word' id='word_1_744' title='bbox 349 4695 548 4738; x_wconf 89' lang='lat' dir='ltr'><strong>nomen</strong></span> <span class='ocrx_word' id='word_1_745' title='bbox 600 4683 835 4752; x_wconf 86' lang='lat' dir='ltr'><strong>accepit.</strong></span> 
     </span>
    </p>
   </div>
   <div class='ocr_carea' id='block_1_95' title="bbox 422 4769 1948 4846">
    <p class='ocr_par' dir='ltr' id='par_1_95' title="bbox 422 4769 1948 4846">
     <span class='ocr_line' id='line_1_95' title="bbox 422 4769 1948 4846; baseline 0.005 -21"><span class='ocrx_word' id='word_1_746' title='bbox 422 4769 927 4828; x_wconf 57' lang='lat' dir='ltr'><strong>Sim—Manifesta</strong></span> <span class='ocrx_word' id='word_1_747' title='bbox 981 4785 1106 4830; x_wconf 87' lang='lat' dir='ltr'><strong>sunt</strong></span> <span class='ocrx_word' id='word_1_748' title='bbox 1156 4791 1280 4846; x_wconf 70' lang='lat' dir='ltr'><strong>quae</strong></span> <span class='ocrx_word' id='word_1_749' title='bbox 1317 4775 1446 4832; x_wconf 75' lang='lat' dir='ltr'><strong>tntilli</strong></span> <span class='ocrx_word' id='word_1_750' title='bbox 1500 4775 1838 4836; x_wconf 75' lang='lat' dir='ltr'><strong>Ostendisti:</strong></span> <span class='ocrx_word' id='word_1_751' title='bbox 1891 4785 1948 4832; x_wconf 90' lang='lat' dir='ltr'><strong>et</strong></span> 
     </span>
    </p>
   </div>
   <div class='ocr_carea' id='block_1_96' title="bbox 348 4851 1948 4937">
    <p class='ocr_par' dir='ltr' id='par_1_96' title="bbox 348 4851 1948 4937">
     <span class='ocr_line' id='line_1_96' title="bbox 348 4851 1948 4937; baseline 0.002 -21"><span class='ocrx_word' id='word_1_752' title='bbox 348 4862 689 4918; x_wconf 92' lang='lat' dir='ltr'><strong>circumcisio</strong></span> <span class='ocrx_word' id='word_1_753' title='bbox 717 4863 897 4918; x_wconf 90' lang='lat' dir='ltr'><strong>cordis</strong></span> <span class='ocrx_word' id='word_1_754' title='bbox 916 4879 1041 4934; x_wconf 69' lang='lat' dir='ltr'><strong>qua:</strong></span> <span class='ocrx_word' id='word_1_755' title='bbox 1071 4880 1194 4920; x_wconf 90' lang='lat' dir='ltr'><strong>csse</strong></span> <span class='ocrx_word' id='word_1_756' title='bbox 1227 4875 1408 4936; x_wconf 82' lang='lat' dir='ltr'><strong>potest</strong></span> <span class='ocrx_word' id='word_1_757' title='bbox 1435 4905 1450 4932; x_wconf 92' lang='lat'><strong>,</strong></span> <span class='ocrx_word' id='word_1_758' title='bbox 1485 4867 1706 4937; x_wconf 86' lang='lat' dir='ltr'><strong>etquod</strong></span> <span class='ocrx_word' id='word_1_759' title='bbox 1734 4851 1948 4937; x_wconf 66' lang='lat' dir='ltr'><strong>praepu-</strong></span> 
     </span>
    </p>
   </div>
   <div class='ocr_carea' id='block_1_97' title="bbox 351 4951 1490 5016">
    <p class='ocr_par' dir='ltr' id='par_1_97' title="bbox 351 4951 1490 5016">
     <span class='ocr_line' id='line_1_97' title="bbox 351 4951 1490 5016; baseline 0.002 -9"><span class='ocrx_word' id='word_1_760' title='bbox 351 4953 483 5008; x_wconf 91' lang='lat' dir='ltr'><strong>tium</strong></span> <span class='ocrx_word' id='word_1_761' title='bbox 512 4951 582 5010; x_wconf 89' lang='lat' dir='ltr'><strong>de</strong></span> <span class='ocrx_word' id='word_1_762' title='bbox 621 4955 792 5011; x_wconf 88' lang='lat' dir='ltr'><strong>corde</strong></span> <span class='ocrx_word' id='word_1_763' title='bbox 814 4954 1318 5016; x_wconf 85' lang='lat' dir='ltr'><strong>circumcidendum</strong></span> <span class='ocrx_word' id='word_1_764' title='bbox 1353 4964 1439 5012; x_wconf 87' lang='lat' dir='ltr'><strong>est</strong></span> <span class='ocrx_word' id='word_1_765' title='bbox 1467 4957 1490 5009; x_wconf 88' lang='lat'><strong>?</strong></span> 
     </span>
    </p>
   </div>
   <div class='ocr_carea' id='block_1_98' title="bbox 430 5151 1956 5226">
    <p class='ocr_par' dir='ltr' id='par_1_98' title="bbox 430 5151 1956 5226">
     <span class='ocr_line' id='line_1_98' title="bbox 430 5151 1956 5226; baseline 0.006 -19"><span class='ocrx_word' id='word_1_766' title='bbox 430 5163 455 5188; x_wconf 69' lang='grc' dir='ltr'><strong>ει</strong></span> <span class='ocrx_word' id='word_1_767' title='bbox 499 5151 787 5226; x_wconf 79' lang='lat' dir='ltr'><strong>Existimat</strong></span> <span class='ocrx_word' id='word_1_768' title='bbox 841 5152 931 5226; x_wconf 79' lang='lat' dir='ltr'><strong>hic</strong></span> <span class='ocrx_word' id='word_1_769' title='bbox 969 5152 1238 5226; x_wconf 73' lang='lat' dir='ltr'><strong>Evagrius</strong></span> <span class='ocrx_word' id='word_1_770' title='bbox 1278 5153 1592 5226; x_wconf 81' lang='lat' dir='ltr'><strong>Matthaeum</strong></span> <span class='ocrx_word' id='word_1_771' title='bbox 1643 5158 1956 5226; x_wconf 81' lang='lat' dir='ltr'><strong>apostolum</strong></span> 
     </span>
    </p>
   </div>
   <div class='ocr_carea' id='block_1_99' title="bbox 356 5221 1959 5298">
    <p class='ocr_par' dir='ltr' id='par_1_99' title="bbox 356 5221 1959 5298">
     <span class='ocr_line' id='line_1_99' title="bbox 356 5221 1959 5298; baseline 0.004 -21"><span class='ocrx_word' id='word_1_772' title='bbox 356 5222 532 5298; x_wconf 64' lang='lat' dir='ltr'><strong>(uisse</strong></span> <span class='ocrx_word' id='word_1_773' title='bbox 580 5222 1023 5298; x_wconf 64' lang='lat' dir='ltr'><strong>incircumcisum</strong></span> <span class='ocrx_word' id='word_1_774' title='bbox 1052 5221 1205 5298; x_wconf 47' lang='grc' dir='ltr'><strong>ι-Ιιορ</strong></span> <span class='ocrx_word' id='word_1_775' title='bbox 1237 5234 1321 5298; x_wconf 72' lang='lat' dir='ltr'><strong>est</strong></span> <span class='ocrx_word' id='word_1_776' title='bbox 1350 5225 1608 5298; x_wconf 77' lang='lat' dir='ltr'><strong>gentilrm</strong></span> <span class='ocrx_word' id='word_1_777' title='bbox 1635 5269 1650 5292; x_wconf 91' lang='lat'><strong>,</strong></span> <span class='ocrx_word' id='word_1_778' title='bbox 1680 5221 1810 5298; x_wconf 56' lang='lat' dir='ltr'><strong>&#39;non</strong></span> <span class='ocrx_word' id='word_1_779' title='bbox 1862 5227 1959 5284; x_wconf 82' lang='lat' dir='ltr'><strong>Ju-</strong></span> 
     </span>
    </p>
   </div>
   <div class='ocr_carea' id='block_1_100' title="bbox 356 5269 1963 5362">
    <p class='ocr_par' dir='ltr' id='par_1_100' title="bbox 356 5269 1963 5362">
     <span class='ocr_line' id='line_1_100' title="bbox 356 5269 1963 5362; baseline 0.003 -13"><span class='ocrx_word' id='word_1_780' title='bbox 356 5269 559 5350; x_wconf 31' lang='lat' dir='ltr'><strong>dvteu‘n—t.</strong></span> <span class='ocrx_word' id='word_1_781' title='bbox 580 5269 706 5362; x_wconf 54' lang='lat' dir='ltr'><strong>ipsi</strong></span> <span class='ocrx_word' id='word_1_782' title='bbox 727 5269 1026 5361; x_wconf 64' lang='lat' dir='ltr'><strong>prasiverat</strong></span> <span class='ocrx_word' id='word_1_783' title='bbox 1052 5269 1432 5350; x_wconf 42' lang='lat' dir='ltr'><strong>Tertulliani;</strong></span> 
     </span>
    </p>
   </div>
   <div class='ocr_carea' id='block_1_101' title="bbox 357 5365 1966 5435">
    <p class='ocr_par' dir='ltr' id='par_1_101' title="bbox 357 5365 1966 5435">
     <span class='ocr_line' id='line_1_101' title="bbox 357 5365 1966 5435; baseline 0.004 -14"><span class='ocrx_word' id='word_1_784' title='bbox 357 5381 481 5434; x_wconf 81' lang='lat' dir='ltr'><strong>cap.</strong></span> <span class='ocrx_word' id='word_1_785' title='bbox 512 5365 568 5432; x_wconf 91' lang='lat'><strong>9,</strong></span> <span class='ocrx_word' id='word_1_786' title='bbox 601 5365 761 5435; x_wconf 88' lang='lat' dir='ltr'><strong>cujus</strong></span> <span class='ocrx_word' id='word_1_787' title='bbox 806 5365 1118 5432; x_wconf 79' lang='lat' dir='ltr'><strong>Opinionem</strong></span> <span class='ocrx_word' id='word_1_788' title='bbox 1152 5367 1379 5424; x_wconf 85' lang='lat' dir='ltr'><strong>miratur</strong></span> <span class='ocrx_word' id='word_1_789' title='bbox 1407 5384 1468 5422; x_wconf 76' lang='lat' dir='ltr'><strong>ac</strong></span> <span class='ocrx_word' id='word_1_790' title='bbox 1519 5371 1966 5429; x_wconf 67' lang='lat' dir='ltr'><strong>cruditarelutat</strong></span> 
     </span>
    </p>
   </div>
   <div class='ocr_carea' id='block_1_102' title="bbox 361 5435 1964 5506">
    <p class='ocr_par' dir='ltr' id='par_1_102' title="bbox 361 5435 1964 5506">
     <span class='ocr_line' id='line_1_102' title="bbox 361 5435 1964 5506; baseline 0.003 -14"><span class='ocrx_word' id='word_1_791' title='bbox 361 5438 420 5492; x_wconf 91' lang='lat' dir='ltr'><strong>S.</strong></span> <span class='ocrx_word' id='word_1_792' title='bbox 482 5435 1281 5506; x_wconf 7' lang='lat' dir='ltr'><strong>llieronymusAad(Damasum</strong></span> <span class='ocrx_word' id='word_1_793' title='bbox 1333 5439 1580 5494; x_wconf 77' lang='lat' dir='ltr'><strong>scribens</strong></span> <span class='ocrx_word' id='word_1_794' title='bbox 1627 5441 1712 5496; x_wconf 85' lang='lat' dir='ltr'><strong>his</strong></span> <span class='ocrx_word' id='word_1_795' title='bbox 1738 5442 1964 5497; x_wconf 83' lang='lat' dir='ltr'><strong>verbis:</strong></span> 
     </span>
    </p>
   </div>
   <div class='ocr_carea' id='block_1_103' title="bbox 368 5504 1970 5584">
    <p class='ocr_par' dir='ltr' id='par_1_103' title="bbox 368 5504 1970 5584">
     <span class='ocr_line' id='line_1_103' title="bbox 368 5504 1970 5584; baseline 0.007 -28"><span class='ocrx_word' id='word_1_796' title='bbox 368 5508 529 5584; x_wconf 70' lang='lat' dir='ltr'><strong>Quasi</strong></span> <span class='ocrx_word' id='word_1_797' title='bbox 574 5504 770 5560; x_wconf 36' lang='lat' dir='ltr'><strong>vero—et</strong></span> <span class='ocrx_word' id='word_1_798' title='bbox 825 5504 1103 5584; x_wconf 39' lang='lat' dir='ltr'><strong>{Ialmenus</strong></span> <span class='ocrx_word' id='word_1_799' title='bbox 1135 5525 1347 5584; x_wconf 49' lang='lat' dir='ltr'><strong>nonem</strong></span> <span class='ocrx_word' id='word_1_800' title='bbox 1384 5511 1773 5584; x_wconf 79' lang='lat' dir='ltr'><strong>circumcisione</strong></span> <span class='ocrx_word' id='word_1_801' title='bbox 1812 5515 1970 5584; x_wconf 77' lang='lat' dir='ltr'><strong>fuerit</strong></span> 
     </span>
    </p>
   </div>
   <div class='ocr_carea' id='block_1_104' title="bbox 369 5576 1969 5654">
    <p class='ocr_par' dir='ltr' id='par_1_104' title="bbox 369 5576 1969 5654">
     <span class='ocr_line' id='line_1_104' title="bbox 369 5576 1969 5654; baseline 0.006 -25"><span class='ocrx_word' id='word_1_802' title='bbox 369 5578 672 5654; x_wconf 80' lang='lat' dir='ltr'><strong>publicanus</strong></span> <span class='ocrx_word' id='word_1_803' title='bbox 699 5619 711 5638; x_wconf 89' lang='lat'><strong>,</strong></span> <span class='ocrx_word' id='word_1_804' title='bbox 746 5586 793 5654; x_wconf 74' lang='lat' dir='ltr'><strong>et</strong></span> <span class='ocrx_word' id='word_1_805' title='bbox 820 5576 910 5631; x_wconf 86' lang='lat' dir='ltr'><strong>ille</strong></span> <span class='ocrx_word' id='word_1_806' title='bbox 930 5580 1019 5648; x_wconf 86' lang='lat' dir='ltr'><strong>qui</strong></span> <span class='ocrx_word' id='word_1_807' title='bbox 1041 5579 1451 5654; x_wconf 27' lang='lat' dir='ltr'><strong>cum‘Pltarireeo</strong></span> <span class='ocrx_word' id='word_1_808' title='bbox 1488 5583 1541 5636; x_wconf 87' lang='lat' dir='ltr'><strong>in</strong></span> <span class='ocrx_word' id='word_1_809' title='bbox 1578 5585 1766 5654; x_wconf 85' lang='lat' dir='ltr'><strong>templo</strong></span> <span class='ocrx_word' id='word_1_810' title='bbox 1812 5576 1969 5654; x_wconf 65' lang='grc' dir='ltr'><strong>ξηαπς</strong></span> 
     </span>
    </p>
   </div>
   <div class='ocr_carea' id='block_1_105' title="bbox 374 5649 1972 5724">
    <p class='ocr_par' dir='ltr' id='par_1_105' title="bbox 374 5649 1972 5724">
     <span class='ocr_line' id='line_1_105' title="bbox 374 5649 1972 5724; baseline 0.006 -24"><span class='ocrx_word' id='word_1_811' title='bbox 374 5649 551 5724; x_wconf 77' lang='lat' dir='ltr'><strong>oculos</strong></span> <span class='ocrx_word' id='word_1_812' title='bbox 589 5651 668 5724; x_wconf 87' lang='lat' dir='ltr'><strong>ad_</strong></span> <span class='ocrx_word' id='word_1_813' title='bbox 692 5649 880 5724; x_wconf 69' lang='lat' dir='ltr'><strong>caelum</strong></span> <span class='ocrx_word' id='word_1_814' title='bbox 924 5665 1028 5702; x_wconf 84' lang='lat' dir='ltr'><strong>non</strong></span> <span class='ocrx_word' id='word_1_815' title='bbox 1066 5651 1290 5724; x_wconf 81' lang='lat' dir='ltr'><strong>audebat</strong></span> <span class='ocrx_word' id='word_1_816' title='bbox 1320 5649 1771 5724; x_wconf 9' lang='lat' dir='ltr'><strong>erigere,rnou&#39;ta;</strong></span> <span class='ocrx_word' id='word_1_817' title='bbox 1801 5651 1972 5710; x_wconf 84' lang='lat' dir='ltr'><strong>Israel</strong></span> 
     </span>
    </p>
   </div>
   <div class='ocr_carea' id='block_1_106' title="bbox 380 5717 1974 5797">
    <p class='ocr_par' dir='ltr' id='par_1_106' title="bbox 380 5717 1974 5797">
     <span class='ocr_line' id='line_1_106' title="bbox 380 5717 1974 5797; baseline 0.006 -27"><span class='ocrx_word' id='word_1_818' title='bbox 380 5719 537 5789; x_wconf 75' lang='lat' dir='ltr'><strong>fuerit</strong></span> <span class='ocrx_word' id='word_1_819' title='bbox 575 5717 1006 5788; x_wconf 84' lang='lat' dir='ltr'><strong>publicanus.....</strong></span> <span class='ocrx_word' id='word_1_820' title='bbox 1041 5733 1132 5776; x_wconf 73' lang='lat' dir='ltr'><strong>aut</strong></span> <span class='ocrx_word' id='word_1_821' title='bbox 1161 5717 1423 5792; x_wconf 63' lang='lat' dir='ltr'><strong>cuiquan&#39;</strong></span> <span class='ocrx_word' id='word_1_822' title='bbox 1445 5723 1692 5779; x_wconf 74' lang='lat' dir='ltr'><strong>credibile</strong></span> <span class='ocrx_word' id='word_1_823' title='bbox 1713 5727 1873 5797; x_wconf 83' lang='lat' dir='ltr'><strong>possit</strong></span> <span class='ocrx_word' id='word_1_824' title='bbox 1900 5730 1974 5780; x_wconf 82' lang='lat' dir='ltr'><strong>oi-</strong></span> 
     </span>
    </p>
   </div>
   <div class='ocr_carea' id='block_1_107' title="bbox 2049 4589 3642 4664">
    <p class='ocr_par' dir='ltr' id='par_1_107' title="bbox 2049 4589 3642 4664">
     <span class='ocr_line' id='line_1_107' title="bbox 2049 4589 3642 4664; baseline 0 -18"><span class='ocrx_word' id='word_1_825' title='bbox 2049 4597 2256 4647; x_wconf 84' lang='lat' dir='ltr'><strong>teritum</strong></span> <span class='ocrx_word' id='word_1_826' title='bbox 2290 4594 2458 4664; x_wconf 86' lang='lat' dir='ltr'><strong>gentis</strong></span> <span class='ocrx_word' id='word_1_827' title='bbox 2489 4603 2722 4660; x_wconf 67' lang='lat' dir='ltr'><strong>nostra;</strong></span> <span class='ocrx_word' id='word_1_828' title='bbox 2754 4594 2848 4648; x_wconf 80' lang='lat' dir='ltr'><strong>sub</strong></span> <span class='ocrx_word' id='word_1_829' title='bbox 2879 4597 3032 4662; x_wconf 80' lang='lat' dir='ltr'><strong>cujus</strong></span> <span class='ocrx_word' id='word_1_830' title='bbox 3061 4592 3244 4648; x_wconf 77' lang='lat' dir='ltr'><strong>umbra</strong></span> <span class='ocrx_word' id='word_1_831' title='bbox 3270 4589 3484 4645; x_wconf 76' lang='lat' dir='ltr'><strong>visimus</strong></span> <span class='ocrx_word' id='word_1_832' title='bbox 3511 4589 3642 4646; x_wconf 70' lang='lat' dir='ltr'><strong>inter</strong></span> 
     </span>
    </p>
   </div>
   <div class='ocr_carea' id='block_1_108' title="bbox 2043 4680 3638 4753">
    <p class='ocr_par' dir='ltr' id='par_1_108' title="bbox 2043 4680 3638 4753">
     <span class='ocr_line' id='line_1_108' title="bbox 2043 4680 3638 4753; baseline -0.003 -16"><span class='ocrx_word' id='word_1_833' title='bbox 2043 4695 2223 4751; x_wconf 75' lang='lat' dir='ltr'><strong>gentes</strong></span> <span class='ocrx_word' id='word_1_834' title='bbox 2250 4683 2468 4752; x_wconf 82' lang='lat' dir='ltr'><strong>(Thren.</strong></span> <span class='ocrx_word' id='word_1_835' title='bbox 2499 4699 2584 4752; x_wconf 81' lang='lat' dir='ltr'><strong>tv,</strong></span> <span class='ocrx_word' id='word_1_836' title='bbox 2616 4683 2731 4753; x_wconf 73' lang='grc'><strong>20).</strong></span> <span class='ocrx_word' id='word_1_837' title='bbox 2765 4683 2981 4740; x_wconf 78' lang='lat' dir='ltr'><strong>Scimus</strong></span> <span class='ocrx_word' id='word_1_838' title='bbox 3019 4691 3204 4740; x_wconf 82' lang='lat' dir='ltr'><strong>autem</strong></span> <span class='ocrx_word' id='word_1_839' title='bbox 3234 4680 3638 4740; x_wconf 77' lang='lat' dir='ltr'><strong>sanctissimum</strong></span> 
     </span>
    </p>
   </div>
   <div class='ocr_carea' id='block_1_109' title="bbox 2053 4773 3646 4846">
    <p class='ocr_par' dir='ltr' id='par_1_109' title="bbox 2053 4773 3646 4846">
     <span class='ocr_line' id='line_1_109' title="bbox 2053 4773 3646 4846; baseline 0.002 -16"><span class='ocrx_word' id='word_1_840' title='bbox 2053 4777 2224 4831; x_wconf 88' lang='lat' dir='ltr'><strong>David</strong></span> <span class='ocrx_word' id='word_1_841' title='bbox 2256 4777 2474 4846; x_wconf 87' lang='lat' dir='ltr'><strong>plenum</strong></span> <span class='ocrx_word' id='word_1_842' title='bbox 2506 4778 2664 4834; x_wconf 80' lang='lat' dir='ltr'><strong>annis</strong></span> <span class='ocrx_word' id='word_1_843' title='bbox 2695 4778 2747 4834; x_wconf 90' lang='lat' dir='ltr'><strong>in</strong></span> <span class='ocrx_word' id='word_1_844' title='bbox 2771 4791 2904 4845; x_wconf 86' lang='lat' dir='ltr'><strong>pace</strong></span> <span class='ocrx_word' id='word_1_845' title='bbox 2933 4776 3242 4846; x_wconf 85' lang='lat' dir='ltr'><strong>quievisse,</strong></span> <span class='ocrx_word' id='word_1_846' title='bbox 3280 4788 3384 4831; x_wconf 83' lang='lat' dir='ltr'><strong>nec</strong></span> <span class='ocrx_word' id='word_1_847' title='bbox 3406 4773 3646 4844; x_wconf 80' lang='lat' dir='ltr'><strong>aliquam</strong></span> 
     </span>
    </p>
   </div>
   <div class='ocr_carea' id='block_1_110' title="bbox 2053 4865 3653 4939">
    <p class='ocr_par' dir='ltr' id='par_1_110' title="bbox 2053 4865 3653 4939">
     <span class='ocr_line' id='line_1_110' title="bbox 2053 4865 3653 4939; baseline 0.001 -22"><span class='ocrx_word' id='word_1_848' title='bbox 2053 4869 2369 4939; x_wconf 86' lang='lat' dir='ltr'><strong>passionem</strong></span> <span class='ocrx_word' id='word_1_849' title='bbox 2397 4869 2596 4924; x_wconf 87' lang='lat' dir='ltr'><strong>mortis</strong></span> <span class='ocrx_word' id='word_1_850' title='bbox 2623 4877 2718 4924; x_wconf 90' lang='lat' dir='ltr'><strong>aut</strong></span> <span class='ocrx_word' id='word_1_851' title='bbox 2745 4868 2930 4924; x_wconf 86' lang='lat' dir='ltr'><strong>crucis</strong></span> <span class='ocrx_word' id='word_1_852' title='bbox 2962 4865 3318 4924; x_wconf 85' lang='lat' dir='ltr'><strong>sustinuisse.</strong></span> <span class='ocrx_word' id='word_1_853' title='bbox 3353 4865 3493 4922; x_wconf 88' lang='lat' dir='ltr'><strong>Audi</strong></span> <span class='ocrx_word' id='word_1_854' title='bbox 3521 4879 3653 4934; x_wconf 75' lang='lat' dir='ltr'><strong>ergo</strong></span> 
     </span>
    </p>
   </div>
   <div class='ocr_carea' id='block_1_111' title="bbox 2055 4955 3652 5032">
    <p class='ocr_par' dir='ltr' id='par_1_111' title="bbox 2055 4955 3652 5032">
     <span class='ocr_line' id='line_1_111' title="bbox 2055 4955 3652 5032; baseline -0.004 -15"><span class='ocrx_word' id='word_1_855' title='bbox 2055 4961 2109 5017; x_wconf 92' lang='lat' dir='ltr'><strong>in</strong></span> <span class='ocrx_word' id='word_1_856' title='bbox 2141 4961 2350 5032; x_wconf 87' lang='lat' dir='ltr'><strong>psalmo</strong></span> <span class='ocrx_word' id='word_1_857' title='bbox 2380 4962 2642 5018; x_wconf 85' lang='lat' dir='ltr'><strong>vicesimo</strong></span> <span class='ocrx_word' id='word_1_858' title='bbox 2671 4962 2849 5032; x_wconf 88' lang='lat' dir='ltr'><strong>primo</strong></span> <span class='ocrx_word' id='word_1_859' title='bbox 2876 4961 3156 5023; x_wconf 84' lang='lat' dir='ltr'><strong>dicentem</strong></span> <span class='ocrx_word' id='word_1_860' title='bbox 3180 4958 3459 5018; x_wconf 84' lang='lat' dir='ltr'><strong>Christum</strong></span> <span class='ocrx_word' id='word_1_861' title='bbox 3493 4975 3506 5012; x_wconf 91' lang='lat'><strong>:</strong></span> <span class='ocrx_word' id='word_1_862' title='bbox 3540 4955 3652 5012; x_wconf 82' lang='lat' dir='ltr'><strong>Fo-</strong></span> 
     </span>
    </p>
   </div>
   <div class='ocr_carea' id='block_1_112' title="bbox 2063 5164 3655 5238">
    <p class='ocr_par' dir='ltr' id='par_1_112' title="bbox 2063 5164 3655 5238">
     <span class='ocr_line' id='line_1_112' title="bbox 2063 5164 3655 5238; baseline 0 -20"><span class='ocrx_word' id='word_1_863' title='bbox 2063 5164 2178 5238; x_wconf 78' lang='lat' dir='ltr'><strong>deri</strong></span> <span class='ocrx_word' id='word_1_864' title='bbox 2203 5165 2468 5221; x_wconf 77' lang='lat' dir='ltr'><strong>ethnieum</strong></span> <span class='ocrx_word' id='word_1_865' title='bbox 2496 5166 2744 5238; x_wconf 72' lang='lat' dir='ltr'><strong>templum</strong></span> <span class='ocrx_word' id='word_1_866' title='bbox 2777 5166 3090 5238; x_wconf 83' lang='lat' dir='ltr'><strong>ingressum,</strong></span> <span class='ocrx_word' id='word_1_867' title='bbox 3123 5174 3214 5220; x_wconf 83' lang='lat' dir='ltr'><strong>aut</strong></span> <span class='ocrx_word' id='word_1_868' title='bbox 3239 5164 3518 5220; x_wconf 74' lang='lat' dir='ltr'><strong>Dominum</strong></span> <span class='ocrx_word' id='word_1_869' title='bbox 3536 5180 3655 5218; x_wconf 74' lang='lat' dir='ltr'><strong>cum</strong></span> 
     </span>
    </p>
   </div>
   <div class='ocr_carea' id='block_1_113' title="bbox 2064 5237 2903 5306">
    <p class='ocr_par' dir='ltr' id='par_1_113' title="bbox 2064 5237 2903 5306">
     <span class='ocr_line' id='line_1_113' title="bbox 2064 5237 2903 5306; baseline 0.008 -17"><span class='ocrx_word' id='word_1_870' title='bbox 2064 5237 2281 5306; x_wconf 79' lang='lat' dir='ltr'><strong>ethnicis</strong></span> <span class='ocrx_word' id='word_1_871' title='bbox 2327 5238 2569 5296; x_wconf 81' lang='lat' dir='ltr'><strong>habuisse</strong></span> <span class='ocrx_word' id='word_1_872' title='bbox 2597 5237 2903 5306; x_wconf 75' lang='lat' dir='ltr'><strong>convicium.</strong></span> 
     </span>
    </p>
   </div>
   <div class='ocr_carea' id='block_1_114' title="bbox 2138 5305 3658 5364">
    <p class='ocr_par' dir='ltr' id='par_1_114' title="bbox 2138 5305 3658 5364">
     <span class='ocr_line' id='line_1_114' title="bbox 2138 5305 3658 5364; baseline -0.001 -2"><span class='ocrx_word' id='word_1_873' title='bbox 2138 5305 2165 5344; x_wconf 73' lang='grc' dir='ltr'><strong>ι)</strong></span> <span class='ocrx_word' id='word_1_874' title='bbox 2209 5309 2408 5363; x_wconf 81' lang='lat' dir='ltr'><strong>Eadem</strong></span> <span class='ocrx_word' id='word_1_875' title='bbox 2443 5307 2558 5364; x_wconf 87' lang='lat' dir='ltr'><strong>lere</strong></span> <span class='ocrx_word' id='word_1_876' title='bbox 2583 5305 2744 5364; x_wconf 82' lang='lat' dir='ltr'><strong>habet</strong></span> <span class='ocrx_word' id='word_1_877' title='bbox 2765 5309 3076 5364; x_wconf 78' lang='lat' dir='ltr'><strong>Lactantius</strong></span> <span class='ocrx_word' id='word_1_878' title='bbox 3097 5308 3191 5361; x_wconf 89' lang='lat' dir='ltr'><strong>lib.</strong></span> <span class='ocrx_word' id='word_1_879' title='bbox 3221 5323 3270 5361; x_wconf 87' lang='lat' dir='ltr'><strong>tv</strong></span> <span class='ocrx_word' id='word_1_880' title='bbox 3295 5307 3470 5362; x_wconf 84' lang='lat' dir='ltr'><strong>lustit.</strong></span> <span class='ocrx_word' id='word_1_881' title='bbox 3492 5307 3658 5360; x_wconf 86' lang='lat' dir='ltr'><strong>divin.</strong></span> 
     </span>
    </p>
   </div>
   <div class='ocr_carea' id='block_1_115' title="bbox 2074 5381 3479 5450">
    <p class='ocr_par' dir='ltr' id='par_1_115' title="bbox 2074 5381 3479 5450">
     <span class='ocr_line' id='line_1_115' title="bbox 2074 5381 3479 5450; baseline -0.001 -16"><span class='ocrx_word' id='word_1_882' title='bbox 2074 5392 2194 5449; x_wconf 85' lang='lat' dir='ltr'><strong>cap.</strong></span> <span class='ocrx_word' id='word_1_883' title='bbox 2231 5381 2330 5436; x_wconf 81' lang='grc'><strong>17.</strong></span> <span class='ocrx_word' id='word_1_884' title='bbox 2363 5395 2523 5450; x_wconf 87' lang='lat' dir='ltr'><strong>quem</strong></span> <span class='ocrx_word' id='word_1_885' title='bbox 2555 5381 2706 5448; x_wconf 73' lang='grc' dir='ltr'><strong>εαμιὶ</strong></span> <span class='ocrx_word' id='word_1_886' title='bbox 2729 5381 2944 5435; x_wconf 76' lang='lat' dir='ltr'><strong>videtur</strong></span> <span class='ocrx_word' id='word_1_887' title='bbox 2986 5381 3250 5450; x_wconf 68' lang='lat' dir='ltr'><strong>Evagrius</strong></span> <span class='ocrx_word' id='word_1_888' title='bbox 3273 5388 3479 5433; x_wconf 87' lang='lat' dir='ltr'><strong>noster.</strong></span> 
     </span>
    </p>
   </div>
   <div class='ocr_carea' id='block_1_116' title="bbox 2151 5449 3763 5511">
    <p class='ocr_par' dir='ltr' id='par_1_116' title="bbox 2151 5449 3763 5511">
     <span class='ocr_line' id='line_1_116' title="bbox 2151 5449 3763 5511; baseline -0.002 -7"><span class='ocrx_word' id='word_1_889' title='bbox 2151 5461 2172 5488; x_wconf 77' lang='grc' dir='ltr'><strong><em>ο</em></strong></span> <span class='ocrx_word' id='word_1_890' title='bbox 2216 5450 2288 5504; x_wconf 81' lang='lat' dir='ltr'><strong>Ita</strong></span> <span class='ocrx_word' id='word_1_891' title='bbox 2322 5449 2632 5506; x_wconf 81' lang='lat' dir='ltr'><strong>Lactantius</strong></span> <span class='ocrx_word' id='word_1_892' title='bbox 2661 5451 2781 5506; x_wconf 86' lang='lat' dir='ltr'><strong>loco</strong></span> <span class='ocrx_word' id='word_1_893' title='bbox 2808 5453 3008 5508; x_wconf 82' lang='lat' dir='ltr'><strong>citato:</strong></span> <span class='ocrx_word' id='word_1_894' title='bbox 3044 5450 3103 5506; x_wconf 85' lang='lat' dir='ltr'><strong>Si</strong></span> <span class='ocrx_word' id='word_1_895' title='bbox 3152 5449 3292 5504; x_wconf 83' lang='lat' dir='ltr'><strong>Deus</strong></span> <span class='ocrx_word' id='word_1_896' title='bbox 3316 5450 3462 5503; x_wconf 73' lang='lat' dir='ltr'><strong>vellet</strong></span> <span class='ocrx_word' id='word_1_897' title='bbox 3485 5491 3499 5511; x_wconf 86' lang='lat'><strong>,</strong></span> <span class='ocrx_word' id='word_1_898' title='bbox 3533 5450 3607 5502; x_wconf 83' lang='lat' dir='ltr'><strong>sic</strong></span> <span class='ocrx_word' id='word_1_899' title='bbox 3632 5465 3668 5502; x_wconf 70' lang='grc' dir='ltr'><strong><em>ι</em></strong></span> <span class='ocrx_word' id='word_1_900' title='bbox 3760 5485 3763 5487; x_wconf 89' lang='grc'><strong><em>-</em></strong></span> 
     </span>
    </p>
   </div>
   <div class='ocr_carea' id='block_1_117' title="bbox 2077 5521 3671 5647">
    <p class='ocr_par' dir='ltr' id='par_1_117' title="bbox 2077 5521 3671 5647">
     <span class='ocr_line' id='line_1_117' title="bbox 2077 5521 3671 5647; baseline -0.002 -71"><span class='ocrx_word' id='word_1_901' title='bbox 2077 5523 2338 5647; x_wconf 49' lang='lat' dir='ltr'><strong>principio</strong></span> <span class='ocrx_word' id='word_1_902' title='bbox 2385 5526 2660 5594; x_wconf 75' lang='lat' dir='ltr'><strong>{armasset</strong></span> <span class='ocrx_word' id='word_1_903' title='bbox 2717 5525 2976 5578; x_wconf 76' lang='lat' dir='ltr'><strong>hominem</strong></span> <span class='ocrx_word' id='word_1_904' title='bbox 3012 5562 3024 5580; x_wconf 86' lang='lat'><strong>.</strong></span> <span class='ocrx_word' id='word_1_905' title='bbox 3089 5532 3143 5575; x_wconf 83' lang='lat' dir='ltr'><strong>ut</strong></span> <span class='ocrx_word' id='word_1_906' title='bbox 3200 5521 3510 5590; x_wconf 64' lang='lat' dir='ltr'><strong>praeputium</strong></span> <span class='ocrx_word' id='word_1_907' title='bbox 3567 5534 3671 5573; x_wconf 78' lang='lat' dir='ltr'><strong>non</strong></span> 
     </span>
     <span class='ocr_line' id='line_1_118' title="bbox 2077 5601 2299 5647; baseline 0 0"><span class='ocrx_word' id='word_1_908' title='bbox 2077 5601 2138 5647; x_wconf 83' lang='lat' dir='ltr'><strong>ha</strong></span> <span class='ocrx_word' id='word_1_909' title='bbox 2179 5605 2299 5647; x_wconf 66' lang='lat' dir='ltr'><strong>iret.</strong></span> 
     </span>
    </p>
   </div>
   <div class='ocr_carea' id='block_1_118' title="bbox 2075 5601 2299 5649">
    <p class='ocr_par' dir='ltr' id='par_1_118' title="bbox 2075 5601 2299 5649">
     <span class='ocr_line' id='line_1_119' title="bbox 2075 5601 2299 5649; baseline -0.009 0"><span class='ocrx_word' id='word_1_910' title='bbox 2075 5601 2299 5649; x_wconf 60' lang='lat' dir='ltr'><strong>haberet.</strong></span> 
     </span>
    </p>
   </div>
   <div class='ocr_carea' id='block_1_119' title="bbox 2153 5657 2915 5736">
    <p class='ocr_par' dir='ltr' id='par_1_119' title="bbox 2153 5657 2915 5736">
     <span class='ocr_line' id='line_1_120' title="bbox 2153 5657 2915 5736; baseline -0.003 -18"><span class='ocrx_word' id='word_1_911' title='bbox 2153 5663 2175 5702; x_wconf 72' lang='grc'><strong>’³</strong></span> <span class='ocrx_word' id='word_1_912' title='bbox 2219 5663 2530 5734; x_wconf 77' lang='lat' dir='ltr'><strong>Legendum</strong></span> <span class='ocrx_word' id='word_1_913' title='bbox 2564 5664 2819 5736; x_wconf 84' lang='lat' dir='ltr'><strong>patibulo.</strong></span> <span class='ocrx_word' id='word_1_914' title='bbox 2911 5657 2915 5662; x_wconf 56' lang='grc'><strong><em>’</em></strong></span> 
     </span>
    </p>
   </div>
  </div>
