4074 6204
427 284 569 344 1175

1753 274 2035 333 EVAGRII
2076 274 2382 332 MONACIII

3586 265 3751 325 1176

426 399 615 454 derunt
644 412 829 451 manus
878 411 1020 451 meas
1066 404 1113 450 et
1163 395 1317 465 pedes
1369 408 1537 460 meos,
1566 390 2021 446 dinumerat'erunt
2049 392 2103 451 Α
2129 398 2239 443 tum
2273 402 2378 443 non
2409 400 2531 443 esse
2553 427 2568 454 ,
2601 401 2726 443 cum
2755 384 2782 423 ἀ
2808 384 3029 456 quando
3060 385 3437 454 protoplastus
3464 381 3641 439 Adam
3675 383 3744 439 in

430 490 605 543 omnia
634 505 752 544 ossa
792 504 925 542 mea.
951 486 1066 560 Ipsi
1091 502 1210 541 vero
1232 486 1693 540 consideraverunt
1720 492 1766 538 et
1785 483 2021 537 viderunt

429 598 511 636 me
534 599 553 636 :
583 581 869 636 diviserunt
918 580 1017 635 sibi
1064 581 1364 634 vestimenta
1392 595 1528 645 mea,
1567 586 1614 632 et
1658 593 1812 647 super
1835 586 2023 631 vestem

430 692 593 730 meam
616 678 864 730 miserunt
888 684 1099 729 sortem.
1123 674 1204 728 Tu
1226 683 1396 727 autem
1431 716 1446 740 ,
1489 672 1712 727 Domine
1734 716 1748 740 ,
1786 687 1846 725 ne
1871 669 2021 724 elon-

431 769 635 837 gaveris
661 767 923 835 auxilium
962 776 1144 832 tuum,
1204 765 1272 818 ad
1302 765 1652 835 defensionem
1693 779 1856 817 meam
1897 777 2025 816 con-

428 858 570 928 spice
591 856 711 929 (Ps.
742 872 853 925 xxi,
882 855 1103 925 17-20):
1133 864 1189 911 et
1217 864 1415 910 caetera
1442 869 1564 926 qua:
1588 853 1762 910 tribus
1784 868 2021 924 sequen-

428 950 574 1005 tibus
602 949 854 1005 versibus
892 950 1169 1004 dicuntur.
1200 947 1332 1003 Item
1379 961 1475 1017 per
1501 944 1727 1001 Isaiam:
1779 942 2027 1017 Expandi

428 1060 615 1098 manus
644 1059 784 1097 meas
814 1042 883 1096 ad
906 1043 1101 1112 plebem
1132 1040 1235 1095 nan
1266 1040 1554 1096 credentem
1584 1048 1628 1093 et
1659 1038 2023 1093 contradicen-

430 1148 571 1201 tem,
627 1139 718 1208 qui
770 1136 997 1191 ambulat
1037 1137 1145 1189 vias
1177 1152 1279 1189 non
1310 1135 1497 1199 bonas,
1528 1134 1616 1188 sed
1656 1139 1769 1205 past
1816 1141 2028 1201 peccata

433 1247 527 1282 sua
562 1228 697 1299 (Isa.
735 1244 831 1294 Lv,
859 1227 941 1297 2).
974 1225 1112 1281 Item
1142 1226 1284 1296 apud
1306 1225 1636 1281 Jeremiam:
1679 1223 1871 1289 Venite,
1908 1224 2029 1287 mit-

435 1335 603 1397 tamus
628 1322 827 1396 lignum
882 1320 936 1375 in
972 1337 1171 1393 panem
1194 1324 1340 1392 ejus,
1375 1329 1421 1374 et
1448 1318 1724 1373 eradamus
1775 1318 1839 1372 de
1886 1328 2026 1370 terra

433 1416 594 1468 vitam
622 1419 734 1487 ejus
781 1413 996 1486 (Jerem.
1035 1428 1125 1478 χι,
1156 1411 1267 1483 19).
1319 1413 1451 1467 Item
1481 1409 1535 1466 in
1568 1409 2025 1466 Deuteronomio:

440 1508 502 1561 Et
516 1510 611 1561 erit
632 1508 860 1577 pendens
884 1507 986 1560 vita
1016 1515 1101 1559 tua
1127 1513 1247 1559 ante
1271 1504 1446 1558 oculos
1476 1513 1590 1557 tuos
1608 1547 1621 1571 ,
1657 1512 1701 1556 et
1726 1502 1927 1556 timebis
1948 1501 2031 1555 die

440 1616 500 1653 ac
532 1610 710 1667 noc'e,
744 1608 790 1651 et
836 1615 937 1653 non
969 1597 1145 1652 credes
1170 1599 1286 1652 vine
1328 1606 1430 1651 tua:
1457 1595 1638 1668 (Deut.
1672 1610 1844 1650 xxvut
1866 1636 1880 1659 ,
1913 1593 2026 1665 66).

437 1690 575 1747 Item
624 1693 675 1746 in
722 1692 934 1762 psalmo
981 1690 1287 1747 centesimo
1314 1690 1762 1761 quadragesimo:
1793 1688 2031 1743 Elevatio

2126 481 2561 553 transgressione
2591 494 2693 535 sua
2743 478 2876 535 folia
2925 488 2948 517 θ
2982 478 3116 535 ﬁcus
3146 477 3390 534 contexit
3420 475 3689 548 pudenda
3722 517 3743 545 ,

2125 575 2267 648 quod
2300 575 2401 630 fuit
2428 575 2647 645 prurigo
2678 584 2731 629 et
2764 574 3074 629 amaritudo
3105 574 3362 644 peccati?

2197 666 2550 737 Tu.—Supra
2576 675 2756 721 cutem
2805 667 2963 721 istam
2998 666 3286 737 intelligis,
3322 664 3542 721 Iudaee:
3598 678 3739 719 nam

2125 760 2379 815 arborem
2412 758 2545 814 ﬁcus
2571 767 2630 813 et
2658 757 2678 796 τ
2714 757 2969 814 foliarum
3002 768 3216 830 tegmen
3254 758 3458 813 veteris
3484 757 3745 813 hominis

2127 853 2353 923 ﬁguram
2384 853 2721 923 intelligitur.
2757 853 2892 908 Nam
2922 854 2966 907 si
2995 853 3165 908 velles
3214 852 3521 922 Spiritalem
3549 852 3746 908 homi-

2129 961 2251 1000 nem
2275 944 2651 1013 considerare,
2686 945 2791 1000 hoc
2819 955 2907 1001 est
2939 946 3280 1012 interiorem,
3310 960 3529 1017 pomum
3562 944 3630 1001 de
3661 945 3741 1000 ﬁ—

2127 1036 2337 1092 culneis
2372 1036 2440 1091 ad
2470 1038 2708 1109 Moysem
2742 1038 2813 1094 de
2842 1048 2988 1093 terra
3020 1038 3467 1109 repromissionis
3498 1039 3740 1095 allatum

2130 1130 2373 1185 invenies
2417 1130 2747 1201 spiritaliter
2773 1172 2787 1196 ,
2818 1131 2961 1187 sicut
2988 1131 3241 1188 Ezechiae
3268 1134 3383 1202 regi
3408 1131 3560 1188 Iuda
3599 1140 3739 1203 post

2129 1230 2479 1293 augmentum
2513 1225 2643 1277 vita:
2681 1238 2829 1291 sua),
2863 1238 3043 1279 massa
3090 1224 3178 1278 ﬁci
3211 1224 3264 1279 in
3292 1225 3580 1280 sanitatem
3605 1240 3739 1281 car-

2131 1317 2217 1371 nis
2244 1331 2358 1371 sua:
2389 1318 2687 1387 accepisse.
2718 1317 3034 1389 Adjungens
3071 1329 3127 1373 et
3155 1317 3344 1374 dicens
3374 1336 3386 1371 :
3418 1319 3608 1390 Accipe
3636 1319 3739 1373 tibi

2130 1426 2353 1464 massam
2382 1411 2512 1480 ﬁcus
2540 1422 2687 1466 terra:
2722 1422 2772 1466 et
2816 1413 3214 1485 cataplasmare,
3244 1421 3295 1467 et
3324 1412 3588 1467 sanaberis
3632 1413 3737 1485 (IV

2133 1501 2263 1575 Reg.
2312 1519 2380 1557 xx
2407 1544 2421 1569 ,
2474 1502 2529 1576 7)
2562 1521 2575 1558 :
2635 1516 2693 1560 ut
2722 1505 2935 1561 scilicet
2964 1505 3259 1561 confractis
3308 1506 3682 1578 impietatibus
3710 1549 3733 1575 ,

2130 1594 2372 1651 libidinis
2424 1598 2716 1653 sanitatem
2750 1598 3006 1668 recipias.
3063 1598 3422 1653 Ilevertamnr
3472 1614 3619 1655 nunc
3658 1600 3735 1657 ad

2134 1688 2492 1743 humilitatem
2525 1687 2727 1745 Christi
2759 1699 2813 1743 et
2861 1689 3131 1745 adventus
3161 1690 3282 1760 ejus
3306 1734 3320 1757 ,
3357 1690 3428 1746 de
3452 1705 3559 1762 quo
3601 1705 3737 1762 age-

439 1801 685 1839 manuum
704 1801 951 1852 mearum,
970 1784 1285 1853 sacriﬁcium
1304 1785 1649 1854 vespertinum
1665 1781 1782 1855 (Ps.
1804 1797 1927 1849 CXL,
1945 1781 2027 1852 9).
2060 1775 2108 1835 B
2138 1779 2331 1835 bamus
2355 1821 2371 1847 ,
2400 1780 2590 1837 audies
2619 1781 2810 1836 Isaiam
2838 1780 3110 1838 dicentem
3145 1801 3155 1835 :
3189 1781 3412 1837 Domine
3434 1827 3449 1852 ,
3482 1785 3596 1855 quis
3621 1800 3738 1839 ere.

439 1878 572 1933 Item
619 1877 759 1946 apud
802 1876 1117 1931 Zachariam
1162 1873 1275 1929 :Et
1330 1874 1660 1930 intuebantur
1710 1890 1820 1943 me,
1880 1889 2030 1944 quem

435 1966 805 2036 transﬁxerunt
828 1964 1015 2038 (Zach.
1045 1964 1270 2038 xu,10).
1302 1963 1434 2019 Item
1467 1965 1519 2019 in
1540 1964 1752 2035 psalmo
1775 1978 2029 2019 Lxxxvu:

436 2060 741 2115 Exclamavi
790 2061 859 2114 ad
886 2070 963 2127 te,
1016 2059 1272 2125 Domine,
1302 2069 1409 2115 tota
1449 2060 1534 2113 die
1559 2100 1574 2125 ,
1603 2059 1836 2131 expandi
1876 2058 1945 2111 ad
1988 2066 2035 2112 te

436 2168 621 2209 manus
667 2169 804 2207 meas
850 2152 967 2221 (Ps.
1022 2168 1267 2218 LXXXVII,
1302 2152 1416 2222 10).
1463 2151 1595 2207 Item
1628 2152 1681 2206 in
1722 2150 1976 2206 Numeris
2019 2169 2030 2203 :

439 2256 463 2282 ί·
490 2246 654 2314 Quasi
677 2246 831 2299 homo
856 2243 996 2298 Deus
1019 2246 1377 2315 suspenditur,
1407 2259 1569 2312 neque
1608 2242 1737 2296 sicut
1768 2242 1909 2308 ﬁlius
1934 2242 2032 2295 Ito-

438 2338 595 2391 minis
640 2340 810 2391 minas
840 2338 1055 2407 patitur.
1101 2337 1169 2390 Et
1211 2337 1263 2389 in
1308 2334 1549 2392 Canticis
1592 2337 1935 2392 canticorum
1966 2352 2036 2393 ex

435 2446 666 2506 persona
712 2431 971 2488 Ecclesia:
1001 2432 1167 2489 dicit:
1198 2430 1387 2487 Frater
1418 2448 1561 2486 meus
1587 2432 1841 2488 candidas
1879 2442 1925 2487 et
1946 2449 2035 2486 ru-

437 2526 687 2580 bicundus
704 2567 719 2591 ,
740 2525 919 2580 lancea
939 2534 1277 2598 compunctus
1301 2542 1333 2580 a
1354 2523 1604 2580 militibus
1624 2524 1800 2597 (Cant.
1830 2541 1881 2592 v,
1920 2525 2035 2595 10).

440 2624 469 2665 b
491 2619 621 2688 Quae
652 2619 856 2676 candor
882 2620 1011 2690 quid
1033 2619 1178 2675 aliud
1197 2635 1358 2691 quam
1392 2619 1549 2676 Iidem
1583 2621 1764 2691 populi
1812 2619 2039 2674 demon-

445 2710 817 2766 stratiRubor
842 2711 987 2766 enim
1020 2712 1326 2781 passionem
1350 2712 1635 2783 signiﬁcat.
1666 2710 1724 2766 In
1754 2711 1856 2766 hoc
1886 2712 2036 2766 enim

449 2805 627 2874 primo
665 2804 905 2860 adventu
934 2821 1034 2861 suo
1058 2814 1119 2860 ut
1140 2820 1358 2861 omnem
1390 2805 1753 2862 humilitatem
1779 2816 1833 2861 et
1858 2804 2040 2861 defor-

442 2896 688 2952 mitatem
718 2912 889 2967 usque
913 2896 981 2952 ad
1010 2907 1241 2952 mortem
1275 2898 1614 2966 sustineret,
1648 2897 1774 2952 audi
1803 2898 2039 2967 denique

440 2990 493 3045 in
525 2989 738 3059 psalmo
789 2990 1057 3059 vigesimo
1095 2990 1273 3060 primo
1316 2989 1446 3060 quid
1486 2989 1673 3045 dicat:
1709 2988 1823 3060 Ego
1856 2999 2039 3046 autem

439 3100 553 3139 sum
579 3086 765 3139 vermis
787 3092 832 3138 et
864 3101 967 3138 non
992 3083 1175 3151 homo,
1208 3084 1546 3157 opprobrium
1569 3084 1842 3137 hominum
1872 3092 1923 3137 et
1947 3084 2039 3137 ab-

2139 1870 2271 1924 didit
2299 1872 2509 1925 auditui
2538 1882 2713 1927 nostro
2732 1914 2747 1938 ,
2778 1882 2823 1927 et
2866 1874 3138 1927 brachium
3170 1873 3383 1928 Domini
3412 1875 3497 1929 cui
3532 1876 3736 1930 revela-

2138 1970 2245 2015 tum
2287 1966 2407 2018 est?
2456 1964 2895 2019 Annuntiavimus
2940 1969 3007 2021 de
3042 1981 3101 2020 eo
3129 2006 3145 2032 ,
3188 1966 3325 2021 sicut
3367 1967 3544 2037 infans
3576 1984 3595 2022 :
3627 1984 3738 2022 non

2137 2056 2333 2127 species
2356 2056 2402 2109 ei
2428 2098 2442 2122 ,
2474 2073 2637 2126 neque
2682 2058 2878 2123 decor;
2920 2069 2968 2112 et
2994 2058 3219 2113 vidimus
3252 2075 3369 2113 eum
3390 2100 3405 2126 ,
3436 2069 3482 2114 et
3504 2076 3604 2114 non
3634 2061 3736 2115 Ita-

2138 2148 2285 2203 bebat
2308 2150 2529 2217 speciem
2555 2166 2719 2220 neque
2742 2150 2983 2205 decorem
3007 2167 3025 2206 :
3053 2150 3210 2206 homo
3244 2153 3297 2205 in
3327 2151 3477 2223 plaga
3504 2153 3731 2221 positus,

2138 2251 2185 2296 et
2208 2242 2299 2313 qui
2347 2246 2443 2296 scit
2484 2244 2820 2311 inﬁrmitates
2860 2247 3158 2311 sustinere;
3186 2247 3312 2317 quia
3354 2246 3617 2301 adversata
3647 2255 3732 2301 est

2139 2334 2299 2405 facies
2329 2337 2443 2406 ejus
2468 2376 2484 2403 ,
2518 2334 2813 2405 depretiata
2838 2346 2952 2403 est,
2988 2353 3080 2392 nec
3115 2346 3439 2410 computata.
3474 2337 3569 2392 Hic
3597 2356 3732 2409 pec-

2137 2434 2255 2479 cata
2308 2434 2487 2480 nostra
2537 2427 2761 2496 portavit
2790 2469 2805 2494 ,
2833 2437 2880 2481 et
2912 2444 3005 2496 pro
3037 2429 3182 2483 nobis
3223 2430 3280 2483 in
3324 2429 3594 2485 doloribus
3627 2440 3730 2486 est.

2142 2516 2291 2573 Sicut
2336 2518 2445 2573 ovis
2471 2519 2539 2571 ad
2571 2520 2884 2574 occisionem
2933 2521 3122 2575 ductus
3145 2531 3263 2589 est;
3295 2531 3342 2576 et
3391 2523 3524 2577 sicut
3568 2539 3741 2595 agnus

2141 2627 2315 2664 coram
2356 2612 2597 2666 tondente
2643 2628 2729 2680 se,
2758 2613 2835 2666 sic
2865 2628 2967 2667 non
2998 2614 3204 2684 aperuit
3234 2631 3291 2668 os
3317 2631 3469 2668 suum
3493 2632 3512 2669 :
3539 2616 3593 2669 in
3635 2617 3742 2670 Itu-

2139 2702 2357 2758 militate
2374 2704 2639 2774 judicium
2674 2708 2795 2778 .ejus
2834 2706 3097 2760 sublatum
3128 2716 3226 2761 est.
3264 2705 3607 2763 Nativitatem
3646 2726 3745 2763 au-

2141 2804 2242 2849 tem
2262 2797 2376 2867 ejus
2396 2797 2512 2867 quis
2532 2798 2835 2852 enarrabit?
2857 2798 2981 2870 quia
3012 2798 3223 2853 tolletur
3249 2816 3281 2851 a
3313 2810 3450 2853 terra
3470 2800 3571 2853 vita
3592 2803 3741 2872 ejus:

2141 2906 2173 2943 a
2202 2891 2442 2962 malignis
2468 2888 2631 2962 plebis
2650 2907 2775 2947 mea:
2798 2892 3062 2947 adductus
3088 2900 3162 2946 est
3180 2893 3233 2945 in
3264 2901 3520 2959 mortem;
3548 2902 3596 2946 et
3612 2894 3740 2947 dedi

2143 2984 2324 3038 divites
2346 2999 2442 3054 pro
2459 2993 2624 3038 morte
2662 2988 2777 3056 ejus
2804 3026 2817 3051 ,
2848 2985 2971 3054 quia
3009 2996 3282 3055 peccatum
3324 3001 3427 3039 non
3460 2985 3616 3056 fecit,
3650 3001 3744 3040 nec

2142 3078 2293 3133 dolus
2344 3079 2579 3133 inventus
2625 3079 2680 3132 in
2710 3095 2797 3133 ore
2824 3080 2940 3149 ejus
2969 3096 2987 3133 :
3031 3080 3122 3134 sed
3155 3078 3413 3133 Dominus
3443 3078 3606 3133 voluit
3633 3088 3743 3132 tra«

397 3232 409 3246 κ
423 3178 585 3249 jectio
607 3176 790 3248 plebis.
822 3174 1011 3229 Omnes
1039 3176 1268 3229 videntes
1298 3190 1377 3228 me
1418 3175 1708 3229 deriserunt
1736 3189 1815 3227 me
1836 3218 1851 3241 ,
1880 3174 2039 3227 locuti
2067 3162 2113 3226 C
2143 3172 2261 3226 dere
2284 3188 2399 3226 eum
2438 3188 2531 3242 pro
2564 3173 2785 3243 peccatis
2816 3174 3010 3227 nostris
3032 3213 3046 3239 ,
3078 3182 3126 3226 et
3157 3176 3295 3228 inter
3330 3174 3534 3244 iniquos
3579 3191 3743 3245 repu-

436 3277 558 3322 sunt
588 3268 740 3321 labiis
782 3276 829 3321 et
857 3277 1120 3321 moverunt
1151 3276 1326 3337 caput.
1379 3264 1516 3321 Item
1547 3266 1658 3320 illic
1692 3284 1704 3319 :
1736 3265 1887 3320 Aruit
1909 3276 2039 3320 tam-

436 3376 590 3430 quam
623 3368 749 3415 testa
776 3361 938 3413 uirtus
963 3375 1104 3423 mea,
1137 3368 1185 3412 et
1209 3358 1385 3429 lingua
1412 3368 1526 3412 mea
1550 3357 1773 3413 adhaesit
1798 3358 2040 3429 faucibus

438 3456 598 3519 meis,
637 3462 682 3506 et
706 3455 760 3506 in
788 3452 1044 3520 pulverem
1063 3451 1242 3505 mortis
1262 3450 1545 3505 deduxisti.
1570 3449 1687 3522 (Ps.
1720 3465 1854 3518 χιι,
1880 3451 1911 3504 7
1933 3493 1946 3515 ,
1980 3449 2036 3517 8,

442 3543 555 3615 16).
588 3541 724 3598 Item
756 3542 868 3597 illic
899 3560 911 3595 :
950 3540 1174 3596 Placebo
1196 3541 1419 3597 Domino
1440 3558 1597 3611 super
1629 3542 1845 3596 uitulum
1866 3545 2039 3596 novel-

436 3638 575 3702 lum,
606 3652 803 3690 cornua
832 3639 1196 3707 producentem
1221 3645 1267 3690 et
1296 3635 1518 3705 ungulas
1540 3633 1664 3707 (Ps.
1690 3651 1861 3691 cxvm
1881 3676 1895 3701 ,
1919 3634 2035 3707 52).

438 3728 581 3796 Quid
604 3728 775 3796 dicis,
815 3728 1038 3784 Judree?
1077 3728 1338 3799 numquid
1385 3727 1555 3782 David
1584 3736 1852 3783 cornutos
1875 3727 2039 3784 erat?

438 3824 551 3895 Age
601 3838 746 3879 nunc
778 3864 792 3889 ,
826 3822 1077 3893 intellige
1118 3838 1397 3878 racemum
1467 3823 1618 3878 illum
1672 3823 1727 3877 in
1787 3823 2041 3880 Numeris

439 3915 630 3988 (Num.
666 3930 792 3983 XIII,
833 3915 926 3987 24)
949 3957 964 3981 ,
998 3931 1161 3986 quem
1194 3916 1248 3970 in
1282 3926 1426 3971 terra
1457 3916 1904 3985 repromissionis
1932 3916 2039 3972 duo

439 4015 728 4063 vcctantes
787 4007 1198 4077 reportabant:
1258 4007 1403 4079 quod
1469 4007 1656 4080 utique
1712 4008 1883 4080 ﬁgura
1942 4009 2043 4066 fuit

437 4101 644 4159 Christi
694 4103 983 4173 pendentis
1014 4102 1068 4158 in
1108 4103 1277 4174 ligno.
1326 4104 1636 4160 Adveniens
1666 4104 1734 4159 de
1774 4113 1919 4160 terra
1952 4120 2040 4160 re-

443 4197 846 4266 promissionis,
880 4195 933 4251 id
965 4205 1049 4251 est
1075 4196 1144 4252 de
1195 4196 1385 4266 Maria,
1439 4213 1560 4268 quae
1601 4212 1669 4254 ex
1696 4212 1899 4269 genere
1932 4206 2049 4267 ter:

438 4305 573 4346 reno
603 4290 725 4346 fuit.
757 4289 1161 4346 Subvectaotes
1187 4299 1370 4347 autem
1403 4300 1425 4328 ε
1460 4290 1827 4362 phalanguam
1854 4333 1869 4358 ,
1901 4290 2039 4347 duo.

441 4395 561 4434 rum
620 4372 945 4449 populorum
978 4380 1207 4449 ﬁguram
1240 4380 1605 4435 ostendebant
1634 4405 1647 4435 ;
1692 4397 1862 4436 unum
1895 4386 2033 4453 prio-

438 4484 588 4534 rem,
620 4467 833 4524 scilicet
881 4477 1124 4522 vestrum
1176 4478 1328 4538 terga
1360 4484 1584 4523 versum
1628 4471 1855 4526 Christo
1907 4474 2041 4527 dan-

2143 3277 2279 3323 tatus
2309 3278 2383 3322 est
2415 3267 2550 3339 (Isa.
2581 3282 2703 3334 LIII,
2740 3268 2766 3322 1
2797 3308 2812 3331 ,
2843 3284 2947 3322 sec.
2981 3266 3175 3339 LXX).
3208 3267 3342 3323 Item
3389 3268 3509 3324 illic
3536 3268 3603 3323 de
3634 3268 3741 3322 hu-

2143 3361 2375 3416 militate
2407 3361 2561 3431 primi
2615 3360 2887 3415 adventus
2915 3359 3034 3430 ejus
3072 3368 3309 3416 testatur
3332 3359 3554 3415 dicens:
3582 3358 3745 3415 Posui

2141 3452 2354 3507 dorsum
2401 3469 2571 3507 meum
2613 3453 2683 3506 ad
2730 3453 2965 3525 ﬂagella,
2997 3452 3243 3508 maxillas
3287 3462 3463 3508 autem
3507 3469 3645 3508 meas
3671 3453 3743 3507 ad

2143 3548 2376 3617 palmas,
2432 3548 2619 3619 faciem
2649 3563 2814 3601 meam
2864 3563 2965 3601 non
3013 3548 3178 3601 averti
3223 3564 3255 3601 a
3304 3548 3535 3616 [wditate
3562 3557 3747 3618 sputo-

2140 3659 2256 3696 rum
2285 3658 2302 3694 :
2332 3652 2381 3695 et
2409 3642 2508 3711 fuit
2550 3640 2806 3695 Dominus
2836 3642 3051 3715 adjutor
3098 3659 3240 3696 meus
3293 3640 3430 3715 (Isa.
3465 3658 3497 3697 ι.
3518 3684 3533 3708 ,
3564 3641 3626 3708 6,
3658 3643 3738 3714 7).

2142 3733 2211 3788 Et
2249 3732 2520 3789 Jeremias
2566 3732 2736 3788 dicit:
2771 3732 2886 3805 Ego
2912 3734 3045 3788 sicut
3090 3737 3199 3789 ovis
3228 3735 3297 3789 ad
3350 3736 3612 3789 victimant
3636 3735 3739 3788 du-

2141 3836 2281 3894 ctus,
2315 3835 2362 3880 et
2404 3826 2692 3881 nesciebam
2719 3824 2938 3899 (Jerem.
2974 3843 3060 3892 x1,
3098 3828 3212 3898 19).
3268 3828 3343 3883 De
3392 3842 3503 3899 quo
3522 3826 3741 3900 quidem

2143 3934 2283 3991 agno
2321 3920 2376 3974 in
2408 3919 2703 3990 imaginem
2755 3918 2961 3974 Christi
3012 3919 3226 3991 Moyses
3255 3921 3398 3992 apud
3452 3920 3741 3993 Egyptum

2144 4012 2345 4083 pascha
2386 4012 2683 4068 celebravit
2711 4013 2765 4067 in
2796 4012 3178 4069 liberationem
3201 4013 3393 4084 populi
3419 4032 3432 4067 :
3466 4028 3568 4071 nec
3586 4015 3741 4072 aliter

2143 4113 2356 4177 poterat
2387 4106 2619 4175 populus
2652 4105 2747 4159 Dei
2787 4104 2855 4159 de
2886 4105 3053 4160 domo
3074 4105 3357 4161 servitutis
3380 4115 3438 4163 et
3475 4106 3548 4162 de
3583 4122 3739 4179 pres-

2142 4214 2268 4255 sura
2294 4198 2596 4253 Pharaonis
2626 4198 2848 4254 liberari
2877 4239 2890 4263 ,
2924 4198 3030 4253 nisi
3061 4213 3125 4269 ag
3138 4215 3239 4253 uus
3267 4198 3615 4256 occideretur
3638 4240 3653 4266 ,
3682 4211 3739 4257 et

2144 4293 2347 4364 pascha
2400 4292 2817 4356 celebraretur,
2849 4299 2905 4345 et
2951 4290 3019 4345 de
3070 4291 3338 4360 sanguine
3386 4291 3506 4360 ejus
3552 4290 3740 4347 limina

2143 4384 2339 4439 domus
2381 4385 2734 4453 signarentur
2755 4423 2769 4447 ,
2801 4389 2859 4435 ut
2895 4396 3020 4436 cum
3053 4381 3270 4438 venerit
3298 4383 3531 4454 angelus
3560 4392 3743 4439 vasta-

2146 4481 2260 4540 tor,
2289 4472 2404 4529 viso
2426 4484 2451 4521 ε
2481 4487 2621 4543 agno
2668 4471 2943 4542 sanguinis
2973 4473 3028 4527 in
3086 4472 3339 4529 domibus
3379 4475 3743 4533 salvarentur.

439 4573 548 4617 tem
574 4579 588 4629 ;
621 4560 790 4616 alium
820 4574 950 4615 vero
990 4558 1353 4631 posteriorem
1376 4603 1390 4628 ,
1424 4574 1701 4618 racemum
1735 4562 2033 4633 reSpicien-
2069 4549 2122 4610 D
2146 4565 2301 4633 Quod
2320 4575 2723 4620 sacramentum
2745 4574 2873 4620 ante
2889 4565 3208 4636 praedictum
3229 4566 3523 4639 adventum
3535 4565 3742 4625 Christi

438 4666 574 4724 tem,
602 4656 816 4713 scilicet
841 4664 1029 4712 noster
1050 4655 1283 4726 populus
1310 4655 1651 4728 intelligitur.

510 4747 847 4815 Sum—Quid
881 4747 949 4803 de
989 4748 1360 4818 malagranata
1395 4748 1645 4805 dicturus
1673 4765 1734 4807 es
1763 4795 1779 4820 ,
1818 4767 1938 4822 qum
1970 4754 2035 4807 ad

438 4838 682 4910 Moysem
712 4841 877 4895 allata
906 4849 1032 4896 sunt
1052 4855 1177 4896 cum
1209 4840 1407 4898 eodem
1437 4842 1712 4897 racemo?

512 4930 1031 4989 Tn.—Rectissime
1088 4933 1458 5005 malagranata
1515 4949 1790 4990 racemum
1849 4947 2037 4991 secuta

441 5035 593 5081 sunt.
622 5023 821 5095 Figura
861 5026 1074 5081 scilicet
1097 5026 1355 5083 Ecclesia:
1385 5025 1488 5082 fuit
1512 5067 1527 5093 ,
1560 5026 1769 5083 habens
1798 5027 1941 5083 intra
1977 5044 2038 5085 se

440 5118 700 5189 populum
734 5116 935 5172 rubore
976 5119 1255 5188 sanguinis
1293 5118 1494 5175 Christi
1528 5121 1822 5175 consitum.

509 5209 850 5280 Sun—Quid
892 5210 961 5265 de
1009 5210 1258 5267 ﬁculneis
1305 5213 1551 5271 dicturus
1578 5227 1639 5270 es
1665 5256 1681 5279 ,
1722 5214 1811 5269 vel
1840 5214 2039 5286 quibus

433 5308 803 5380 argumentis,
836 5303 1164 5361 tractatibus
1192 5306 1302 5362 tuis
1334 5306 1590 5378 probabis
1635 5308 1797 5364 ﬁcum
1841 5323 2038 5379 pecca-

511 5437 537 5465 ιι
580 5425 724 5496 Lege
774 5423 898 5478 Non
925 5422 1075 5493 quasi
1105 5422 1291 5496 homo,
1327 5434 1385 5477 ut
1428 5426 1578 5496 (apud
1625 5425 1978 5482 Lactantium
2009 5469 2027 5495 ,

433 5501 531 5557 lib.
564 5514 615 5552 ιν
635 5494 1045 5552 Institutionum
1068 5535 1083 5559 ,
1114 5508 1234 5565 cap.
1264 5494 1354 5565 18,
1386 5494 1487 5549 ubi
1515 5498 1659 5551 hunc
1687 5496 1874 5552 locum
1897 5494 2032 5554 citat

433 5573 597 5628 etiam
637 5584 703 5624 ex
746 5566 1028 5633 Numeris,
1067 5566 1286 5621 tametsi
1311 5564 1455 5621 hunc
1480 5567 1662 5622 locum
1684 5567 1738 5623 in
1762 5566 2031 5626 Numero-

437 5658 557 5699 rum
580 5639 719 5694 libro
744 5638 989 5708 reperire
1021 5638 1382 5708 nequiverim.

510 5713 537 5751 ι)
578 5711 721 5781 Lege
735 5714 842 5779 qui.

514 5793 536 5820 α
579 5780 849 5849 Phalanga
882 5787 979 5836 seu
1020 5780 1253 5853 Palanga
1303 5791 1393 5838 aut
1427 5782 1682 5853 Paldugm
1714 5789 1846 5839 sunt
1896 5792 2037 5840 terc-

2147 4662 2430 4731 impletum
2470 4668 2575 4717 est.
2610 4659 2716 4715 Pro
2746 4661 2847 4714 hoc
2875 4659 3022 4715 enim
3052 4661 3107 4715 in
3150 4662 3329 4730 primo
3361 4662 3596 4719 adventu
3640 4680 3746 4721 suo

2145 4756 2361 4810 occisus
2379 4764 2463 4809 est
2485 4797 2500 4821 ,
2524 4764 2583 4808 ut
2610 4768 2712 4808 nos
2738 4753 3001 4809 liberaret
3021 4755 3091 4810 de
3145 4754 3351 4811 diaboli
3381 4765 3656 4828 potestate
3686 4771 3746 4817 et

2146 4848 2217 4903 de
2250 4846 2520 4902 idolorum
2548 4846 2788 4901 cultura.
2813 4846 3118 4902 Anniculus
3166 4856 3347 4903 autem
3392 4849 3568 4906 dictus
3600 4860 3690 4907 est
3722 4893 3742 4921 ,

2143 4944 2268 5018 quia
2301 4950 2659 5013 posteaquam
2702 4939 2905 4996 tinctus
2956 4949 3041 4995 est
3079 4940 3134 4994 in
3164 4938 3406 4999 Iordane
3431 4987 3446 5011 ,
3478 4939 3507 4979 ξι
3538 4958 3743 5000 annum

2140 5034 2496 5109 praedicavit,
2544 5043 2601 5088 et
2651 5033 2729 5088 sic
2774 5046 2967 5103 passus
3015 5043 3140 5089 est:
3192 5043 3251 5089 et
3294 5035 3563 5107 sanguine
3617 5037 3741 5107 ejus

2136 5130 2321 5185 Ironte
2366 5128 2566 5198 signati
2606 5140 2899 5183 censemur
2927 5167 2942 5193 ,
2976 5137 3037 5180 ut
3067 5126 3123 5180 in
3171 5126 3414 5183 secundo
3453 5127 3688 5185 adventu
3718 5171 3737 5196 ,

2139 5238 2261 5279 eum
2284 5220 2501 5277 venerit
2532 5220 2768 5275 vastatio
2796 5219 2987 5274 mundi
3012 5220 3170 5275 istius
3194 5260 3210 5285 ,
3243 5221 3379 5276 salvi
3408 5235 3531 5277 esse
3562 5222 3741 5292 possi-

2141 5327 2285 5368 mus.
2328 5310 2500 5381 Hujus
2543 5311 2622 5367 rei
2675 5319 2954 5367 auctorem
3014 5309 3362 5368 Ezechielem
3413 5314 3738 5386 prophetam

2135 5438 2252 5494 tes,
2277 5428 2487 5555 quibus
2518 5428 2685 5497 bajuli
2715 5427 2963 5485 ferendis
3002 5429 3273 5487 oneribus
3307 5442 3554 5490 utuntur.

2207 5497 2235 5537 ἀ
2323 5518 2391 5555 0x
2416 5499 2630 5555 quando
2662 5509 2748 5555 est
2778 5499 3076 5555 superﬂua.

2212 5499 2235 5537 [ι
2277 5499 2391 5557 Vox
2416 5499 2630 5573 quando
2662 5509 2748 5558 est
2778 5499 3076 5572 superﬂua.

2212 5581 2235 5643 εξ
2275 5571 2419 5643 Lege
2450 5572 2613 5641 foliis.

2216 5641 2235 5680 ί
2276 5641 2423 5715 Lege
2462 5644 2726 5713 foliorum.

2214 5723 2239 5788 β
2279 5714 2595 5788 [aegeudum
2625 5716 2748 5788 agni
2786 5718 3059 5788 sanguine.

2212 5782 2240 5819 ιι
2279 5782 2541 5842 Eaindcm
2594 5782 2906 5855 opinionem
2959 5788 3130 5845 seculi
3174 5800 3300 5848 sunt
3332 5790 3474 5850 inter
3502 5794 3738 5855 Latinos
