4092 6176
328 201 466 260 1177

684 203 1126 269 ALTERCATIO
1164 210 1376 269 INTER
1415 213 1862 275 TIIEOPHILUM
1901 216 2375 282 CHRISTIANUM
2416 226 2504 283 ET
2540 226 2846 288 SIMONEM
2884 229 3210 292 JUDEUM.

3470 234 3614 295 1178

320 319 462 376 dabo
482 363 497 389 ,
530 323 623 393 qui
647 331 702 380 et
725 325 844 396 ipse
872 326 1009 382 duos
1057 328 1330 386 adventus
1375 330 1580 389 Christi
1630 333 1906 405 significat
1929 339 1984 399 Α
2006 339 2061 394 in
2083 340 2165 393 die
2189 342 2794 416 tertia(Exod.xtx,2I).
2815 346 2882 402 Et
2906 346 3094 403 Isaias:
3120 347 3276 403 Nunc
3301 366 3606 423 exsurgam,

320 411 511 467 dicens
538 431 552 467 :
586 413 776 470 Transi
800 433 892 488 per
908 419 1128 474 mediam
1157 420 1489 478 Hierusalem
1515 466 1529 490 ,
1551 434 1599 479 et
1623 427 1689 479 da
1705 427 1912 498 signant

319 505 373 559 in
400 507 656 577 frontibus
698 512 926 565 virorum
953 513 1237 569 dolentium
1273 526 1324 570 et
1367 521 1680 586 gementium
1710 521 1774 574 ab
1802 522 1911 576 ini-

315 600 514 668 quitate
536 617 650 669 qua:
679 603 739 671 fit
767 604 820 656 in
848 615 984 659 terra
1038 606 1253 676 (Ezeclt.
1306 625 1392 676 Ix,
1433 610 1514 682 4).
1569 613 1637 668 Ει
1687 629 1907 670 rursum

314 693 612 748 secundmn
644 695 936 753 adventum
967 700 1238 770 significat
1273 705 1631 761 vastationem
1682 722 1789 762 non
1834 709 1909 764 si-

311 798 600 857 gnatorum
649 792 872 850 dicens:
905 793 987 850 Ite
1014 797 1067 850 in
1091 799 1349 852 civitatem
1379 841 1392 864 ,
1425 811 1473 854 et
1502 800 1669 856 nolite
1693 819 1908 873 parcere

307 883 453 948 seni,
499 899 663 956 neque
698 890 916 960 juveni,
949 898 998 943 et
1026 891 1333 946 mulieribus
1363 937 1378 960 ,
1414 903 1462 947 et
1493 897 1726 964 parvulis
1755 941 1770 966 ,
1812 915 1905 952 no-

308 974 399 1029 lite
426 993 635 1048 parcere
663 981 862 1051 gladio.
897 981 1072 1053 Super
1096 1001 1224 1055 quos
1253 995 1426 1041 autem
1464 991 1674 1060 signum
1701 993 1904 1048 invene-

301 1070 418 1124 ritis
444 1113 457 1137 ,
503 1089 596 1128 nec
629 1076 932 1147 tetigeritis,
990 1088 1038 1132 et
1083 1082 1281 1135 sanctis
1311 1084 1438 1137 meis
1487 1085 1650 1139 nolite
1693 1104 1903 1157 parcere

302 1160 466 1232 (Ibid.
501 1167 566 1234 5,
598 1166 678 1239 6).
726 1169 840 1225 Hoc
881 1173 1097 1242 signum
1127 1173 1278 1230 Raab
1301 1177 1563 1232 meretrix
1596 1195 1716 1250 quae
1748 1180 1800 1234 in
1835 1181 1899 1236 li-

299 1270 429 1326 gura
456 1257 717 1316 Ecclesia:
746 1261 848 1318 fuit
868 1306 882 1331 ,
914 1280 1137 1322 coccum
1165 1278 1217 1324 et
1239 1279 1264 1306 ει
1295 1281 1540 1340 Spartam
1571 1273 1624 1327 in
1658 1272 1896 1330 fenestra

299 1351 591 1422 pependit,
624 1365 682 1409 ut
721 1371 845 1412 cum
895 1358 1080 1416 Jesum
1116 1361 1263 1418 Nave
1300 1366 1512 1421 veniret
1539 1367 1761 1424 Hierico
1802 1369 1897 1426 de-

299 1439 506 1500 bellare
527 1485 542 1512 ,
572 1445 690 1502 viso
735 1447 895 1520 signo
927 1453 1223 1523 coccineo,
1260 1455 1410 1513 Raab
1434 1466 1492 1513 et
1520 1460 1611 1530 qni
1645 1460 1698 1515 in
1732 1460 1896 1517 domo

295 1533 412 1602 ejus
453 1547 679 1605 essent,
712 1540 1074 1599 salvarentnr.
1110 1545 1186 1602 Ita
1215 1558 1269 1602 et
1302 1549 1354 1603 in
1386 1550 1621 1606 adventu
1650 1550 1890 1622 Christi,

292 1639 416 1680 cum
465 1629 652 1686 venire
679 1634 915 1703 cmperit
943 1635 1196 1693 Christus
1226 1639 1399 1696 Filius
1457 1643 1553 1698 Dei
1585 1646 1887 1702 secundum

2014 434 2139 488 dicit
2153 435 2422 506 Dominus,
2443 456 2577 493 nunc
2591 440 2938 511 clariﬁcabor,
2953 458 3087 495 nunc
3105 441 3286 496 videtis
3305 485 3319 508 ,
3336 460 3477 499 nunc
3488 461 3611 500 eru-

2014 527 2236 585 bescitis:
2249 547 2385 584 vana
2397 533 2493 586 erit
2506 534 2728 605 formido
2741 535 2850 605 spei
2860 543 3036 589 restria
3050 550 3068 588 :
3080 535 3213 608 ignis
3227 551 3316 589 vos
3329 547 3608 592 consumet.

2011 619 2080 675 Et
2107 620 2174 677 de
2205 632 2380 679 morte
2437 625 2642 694 ipsius:
2701 624 2914 680 Occidet
2939 626 3020 680 sol
3068 625 3284 681 meridie
3324 636 3371 680 et
3411 627 3614 683 obtene-

2011 715 2240 770 brabitur
2285 718 2392 773 dies
2423 719 2553 773 lucis
2574 761 2587 787 ,
2621 728 2667 774 et
2698 730 2992 774 convertam
3020 720 3131 776 dies
3159 721 3315 790 festos
3340 729 3530 777 vestros
3554 723 3610 776 in

2010 807 2200 862 luclum
2229 809 2410 879 (Amos
2434 827 2546 875 vm,
2572 810 2650 882 9).
2676 811 2742 868 Et
2766 811 3034 867 Jeremias
3052 811 3212 867 dicit:
3243 811 3466 878 Occidit,
3486 829 3606 868 cum

2007 900 2178 955 adhuc
2217 902 2328 956 dies
2361 911 2485 958 esset
2519 902 2734 974 (Jerem.
2772 920 2862 972 xv,
2894 903 2972 977 9).
3003 903 3160 972 Quod
3193 913 3378 960 autem
3413 905 3467 961 in
3493 919 3607 961 cos-

2006 995 2090 1050 Ios
2134 996 2382 1052 ascendit
2406 1040 2420 1060 ,
2457 1006 2690 1053 testatur
2727 998 2896 1054 David
2929 999 2983 1054 in
3017 1000 3230 1069 psalmo
3258 1015 3384 1054 Lm
3414 1018 3428 1055 :
3462 999 3596 1068 Iter,

2004 1088 2218 1160 inquit,
2253 1091 2410 1161 facite
2440 1091 2484 1144 ei
2513 1091 2602 1161 qui
2629 1091 2860 1145 ascendit
2909 1109 3063 1162 super
3111 1107 3351 1145 occasum
3379 1134 3393 1158 ,
3425 1090 3604 1146 Domi—
3669 1157 3672 1160 _

2003 1204 2100 1241 nus
2123 1204 2303 1242 nomen
2331 1187 2412 1241 illi
2436 1187 2554 1258 (Ps.
2591 1203 2739 1253 vat,
2773 1189 2852 1257 5).
2884 1187 3015 1243 Item
3039 1187 3094 1243 in
3135 1202 3295 1242 nvr:
3347 1185 3596 1241 Ascendit

2002 1278 2142 1333 Deus
2165 1280 2218 1332 in
2243 1278 2555 1352 jubilatione
2574 1321 2588 1345 ,
2634 1278 2892 1334 Dominus
2921 1280 2973 1334 in
3003 1296 3122 1334 voce
3146 1279 3281 1334 tuba:
3311 1277 3480 1347 (Ibid.
3514 1276 3596 1349 6).

2000 1371 2130 1427 Item
2166 1371 2220 1426 in
2270 1387 2399 1426 xvm
2425 1389 2437 1424 :
2487 1371 2529 1424 Α
2558 1388 2758 1425 summo
2787 1372 2914 1427 caelo
2954 1373 3180 1445 egressio
3205 1373 3318 1442 ejus
3337 1413 3351 1437 ,
3404 1387 3495 1425 nec
3525 1379 3599 1425 est

1997 1467 2084 1534 qui
2120 1482 2173 1519 se
2209 1465 2474 1519 abscondit
2516 1481 2548 1518 a
2592 1465 2765 1519 calore
2809 1466 2923 1536 ejus
2957 1463 3076 1536 (Ps.
3118 1478 3254 1519 xvut
3282 1507 3296 1531 ,
3328 1462 3406 1533 7).
3459 1461 3594 1517 Item

1997 1557 2050 1612 in
2105 1572 2252 1622 mv,
2302 1556 2636 1612 ascendente
2682 1554 2908 1611 Christo
2956 1557 3009 1610 in
3043 1553 3594 1625 coeliszjanitorihus

1994 1650 2220 1720 Angelis
2248 1650 2452 1706 dictum
2477 1659 2561 1705 est
2588 1667 2600 1705 :
2637 1648 2822 1704 Tollite
2847 1659 3046 1721 portas,
3077 1649 3588 1721 principes,vestras,

288 1721 550 1777 stnculum
585 1724 744 1780 istum
767 1741 834 1782 ex
865 1729 993 1800 igne
1022 1746 1268 1789 cremare
1293 1776 1308 1803 ,
1342 1735 1604 1792 Ecclesiae
1631 1747 1684 1794 et
1715 1740 1808 1810 qui
1829 1743 1880 1795 in
1915 1734 1962 1794 B
1987 1753 2035 1797 et
2081 1743 2355 1797 elevantini
2399 1752 2564 1812 porta:
2591 1742 2898 1809 wternales,
2927 1750 2975 1796 et
3003 1741 3233 1795 introibit
3278 1755 3371 1794 rex
3406 1740 3590 1812 gloria:

286 1827 351 1868 ea
377 1811 559 1871 fronte
587 1817 784 1890 signati
825 1819 1033 1878 fuerint
1063 1870 1075 1893 ,
1118 1825 1500 1884 salvabuutur.
1537 1829 1630 1886 Sic
1661 1841 1716 1887 et
1745 1831 1888 1889 Osee

281 1903 500 1976 (Oseet,
530 1907 587 1978 2)
610 1911 700 1980 qui
732 1920 916 1984 typum
957 1914 1158 1972 Christi
1194 1921 1369 1975 tenuit
1395 1966 1410 1990 ,
1447 1923 1604 1993 jubet
1631 1926 1886 1995 accipere

279 2013 512 2054 uxorem
544 2000 892 2061 fornicariam
919 2048 933 2072 ,
966 2008 1070 2065 hoc
1120 2021 1204 2067 est
1242 2013 1545 2071 Ecclesiam
1573 2061 1586 2084 ,
1623 2033 1785 2088 quam
1815 2019 1885 2074 de

277 2089 647 2150 fornicatione
702 2097 976 2156 idolorum
1025 2102 1278 2159 Christus
1334 2109 1588 2179 accepit,
1623 2111 1749 2182 quia
1781 2112 1884 2168 ini-

279 2182 414 2239 tium
448 2184 830 2246 fornicationis
854 2201 938 2247 est
969 2193 1244 2250 idolorum
1273 2200 1531 2255 servitus.

349 2279 693 2352 Sne—Ergo
728 2285 976 2341 Ecclesia
1010 2286 1303 2344 furnicaria
1335 2293 1465 2346 est?

346 2370 668 2442 Tn.——Quid
722 2378 866 2431 enim
927 2379 1321 2451 interpretatur
1384 2385 1719 2454 fornicaria,
1774 2390 1877 2446 nisi

271 2465 527 2523 omnibus
548 2469 894 2527 venientibus
913 2473 979 2528 ad
1010 2490 1070 2530 se
1095 2486 1367 2547 quaestum
1401 2478 1523 2534 ﬁdei
1549 2482 1680 2536 nulli
1707 2482 1874 2538 dene-

270 2559 446 2628 gare?
501 2559 805 2630 Repudiata
852 2566 999 2622 enim
1055 2567 1373 2641 Synagoga,
1416 2581 1714 2646 assumpsit
1767 2577 1870 2633 sibi

269 2648 521 2706 Christus
553 2652 878 2712 Ecclesiam.
937 2659 1082 2714 Audi
1133 2663 1282 2716 enim
1332 2663 1632 2722 Jeremiam
1683 2668 1896 2727 diccn-.

268 2752 418 2798 tem:
459 2743 646 2800 Dimisi
697 2759 916 2804 matrem
969 2762 1221 2819 vestram,
1256 2765 1302 2808 et
1334 2757 1455 2811 dedi.
1508 2759 1588 2814 illi
1637 2760 1869 2816 libellmn

263 2837 505 2904 repudii,
536 2840 675 2908 quod
723 2841 844 2894 dedi
897 2846 1050 2898 matri
1101 2858 1312 2914 vestrae,
1361 2852 1484 2916 quia
1529 2852 1704 2908 dimisi
1753 2871 1867 2910 eam

267 2926 485 2999 (Jerem.
518 2948 596 2997 ut,
631 2933 713 3005 8).
769 2935 834 2991 Et
870 2937 1007 2994 alius
1035 2940 1302 3010 propheta
1336 2944 1504 3000 dicit:
1539 2946 1866 3005 Judicann'ni

259 3023 331 3076 ad
376 3033 589 3079 matrem
619 3037 871 3095 vestram,
908 3032 1031 3102 quia
1079 3049 1180 3086 non
1227 3051 1343 3089 sum
1367 3037 1443 3090 vir
1474 3037 1632 3111 (Osee
1663 3057 1699 3095 ιι
1729 3083 1743 3106 ,
1776 3041 1859 3113 9).

1992 1835 2111 1908 (Ps.
2147 1852 2306 1901 xxiv,
2340 1838 2394 1902 7,
2445 1837 2477 1892 8
2507 1878 2520 1902 ,
2553 1834 2663 1906 10).
2695 1836 2764 1890 At
2795 1835 2874 1890 illi
2919 1835 3010 1905 qui
3043 1834 3366 1890 nesciebant
3421 1831 3585 1888 Chri-

1989 1939 2135 1983 stum
2188 1927 2422 1984 Verbnm
2472 1929 2527 1983 in
2576 1928 2864 1999 Virginem
2924 1928 3297 1991 insinuatum,
3327 1924 3592 1980 mirantes

1985 2022 2130 2093 quod
2161 2023 2253 2077 tali
2303 2023 2522 2089 habitu,
2571 2033 2629 2079 et
2651 2021 2680 2061 δ
2717 2022 3014 2094 trOphasam
3046 2020 3337 2076 victricem
3389 2033 3586 2088 repor-

1986 2123 2109 2168 tans
2155 2115 2352 2170 malum
2403 2115 2728 2171 ascenderet
2756 2155 2770 2178 ,
2807 2116 3183 2184 interrogant:
3220 2113 3346 2180 Quis
3369 2121 3444 2167 est
3493 2113 3589 2168 iste

1982 2221 2072 2258 rea:
2113 2205 2331 2276 gloriae?
2356 2204 2570 2273 Quibus
2599 2220 2926 2273 responsum
2971 2205 3131 2260 datur
3155 2223 3168 2260 :
3199 2204 3452 2258 Dominus
3481 2204 3586 2257 vir-

1981 2305 2150 2349 tutum
2182 2297 2292 2367 ipse
2315 2307 2388 2350 est
2425 2312 2520 2350 rex
2545 2297 2746 2366 glorior.
2796 2296 2929 2351 Item
2961 2295 3016 2349 in
3049 2310 3138 2350 cxx
3165 2313 3176 2348 :
3214 2292 3362 2348 Dixit
3401 2293 3588 2347 Domi—

1978 2403 2076 2441 nus
2106 2384 2331 2440 Domino
2374 2403 2519 2441 meo:
2549 2386 2671 2441 sede
2715 2403 2747 2440 a
2789 2387 2989 2440 dextris
3019 2387 3175 2451 meis,
3203 2384 3365 2440 donec
3389 2401 3580 2457 ponam

1978 2481 2212 2534 inimicos
2258 2490 2368 2534 tuos
2405 2480 2684 2534 scabellum
2708 2479 2898 2548 pedum
2941 2489 3154 2534 tuorum
3176 2477 3296 2549 (Ps.
3330 2493 3422 2533 etx
3445 2519 3462 2546 ,
3496 2477 3574 2549 1).

1980 2572 2055 2627 De
2085 2571 2337 2627 claritate
2385 2573 2537 2642 regni
2582 2571 2812 2626 secundi
2844 2570 3112 2625 adventus
3151 2568 3269 2639 ejus
3299 2567 3444 2638 apud
3474 2567 3583 2623 Da-

1975 2662 2173 2719 nielem
2201 2681 2214 2717 :
2277 2663 2527 2718 Videbunt
2578 2673 2724 2717 nocte
2754 2663 2807 2716 in
2833 2662 2946 2716 visu
2971 2703 2987 2729 ,
3022 2671 3069 2716 et
3099 2678 3212 2717 ecce
3254 2663 3306 2715 in
3353 2659 3573 2715 nubibus

1974 2755 2087 2810 caeli
2114 2755 2263 2825 quasi
2292 2755 2436 2825 ﬁlius
2467 2757 2688 2810 hominis
2739 2755 2944 2809 veniens
2973 2795 2988 2820 ,
3014 2755 3154 2808 venit
3205 2769 3366 2824 usque
3397 2754 3465 2808 ad
3494 2770 3579 2808 ve-

1972 2859 2126 2903 terem
2151 2849 2373 2903 dierum.
2412 2847 2479 2901 Et
2510 2851 2635 2902 data
2675 2857 2750 2902 est
2794 2848 2841 2901 ei
2869 2857 3101 2917 potestas
3127 2846 3272 2918 regia
3293 2861 3311 2897 :
3338 2856 3388 2900 et
3407 2846 3573 2900 omnis

1970 2942 2184 2995 claritas
2211 2941 2394 2994 serviet
2420 2941 2501 2993 ei:
2531 2949 2580 2993 et
2609 2939 2738 3009 ﬁdes
2784 2939 2896 3009 ejus
2924 2946 3142 3005 veterna,
3173 2953 3290 3009 qua!
3321 2955 3423 2992 non
3453 2955 3567 2991 mo-

1967 3033 2167 3088 vebitur
2186 3074 2200 3098 ,
2229 3044 2276 3087 et
2317 3049 2535 3104 regnum
2565 3033 2678 3101 ejus
2707 3048 2810 3086 non
2851 3041 3218 3101 corrumpetur
3244 3029 3413 3102 (Dan.
3450 3045 3565 3098 vn,

259 3115 359 3173 Hic
396 3128 480 3174 est
506 3121 672 3177 etiam
711 3123 803 3179 Dei
833 3125 1009 3181 virtus
1041 3127 1289 3183 Christus
1315 3171 1328 3192 ,
1359 3130 1426 3186 tle
1458 3147 1565 3202 quo
1596 3133 1854 3191 Salomon
1889 3113 1936 3178 (ἶ
1969 3127 2036 3182 15
2063 3169 2078 3194 ,
2113 3128 2228 3197 Μ)-
2281 3124 2455 3180 Dicm
2502 3127 2559 3179 ίη
2601 3124 2941 3179 ἰα’ίοηίδυδε
2973 3123 3230 3178 Dominus
3275 3123 3506 3197 νθθηανίι
3536 3140 3569 3178 α

175 3225 192 3234 ε
259 3208 311 3264 in
344 3225 577 3279 persona
605 3212 917 3272 Judccorum
962 3219 1314 3289 prophetavit
1344 3222 1570 3279 dicens:
1615 3225 1853 3284 Circum-

254 3303 522 3356 veniamus
565 3307 803 3375 justum,
853 3312 1099 3378 quoniam
1136 3314 1432 3368 contrarius
1489 3326 1565 3370 est
1615 3319 1855 3388 operibus

257 3393 470 3447 nostris.
497 3391 824 3468 lmproperat
849 3400 987 3453 enim
1018 3402 1162 3455 nobis
1178 3414 1388 3472 peccata
1429 3416 1639 3474 nostra,
1679 3419 1727 3463 et
1747 3411 1856 3465 dis-

254 3485 466 3558 ciplina:
505 3498 711 3545 nostrae.
747 3490 944 3547 Filium
973 3492 1072 3549 Dei
1104 3513 1158 3550 se
1185 3499 1438 3554 nominat.
1497 3499 1774 3559 Videamus
1810 3505 1856 3558 si

251 3595 514 3637 sermones
544 3581 686 3636 illius
716 3585 818 3637 veri
835 3586 939 3639 sint
971 3603 990 3641 .·
1021 3597 1182 3642 morte
1211 3591 1512 3660 turpissima
1541 3595 1852 3650 condemne-

251 3687 364 3726 mus
383 3689 520 3727 eunt.
557 3671 672 3728 Erit
696 3676 832 3730 enim
868 3691 1130 3749 respectus
1161 3699 1224 3735 ex
1253 3685 1574 3739 sermonibus
1605 3689 1799 3742 nostris
1835 3731 1849 3755 ,

247 3766 326 3818 vel
357 3766 489 3835 ejus.
524 3765 587 3820 Si
614 3768 752 3822 enim
788 3779 861 3823 est
889 3787 1034 3824 verus
1065 3769 1115 3824 F
1119 3774 1243 3828 ilius
1287 3773 1387 3830 Dei
1413 3819 1427 3842 ,
1459 3780 1702 3850 suscipiet
1732 3797 1851 3834 eum

247 3854 314 3908 de
341 3870 497 3909 manu
531 3859 929 3916 contrariorum.
974 3860 1103 3915 Ilazc
1131 3865 1486 3933 cogitaverunt
1511 3909 1528 3934 ,
1561 3877 1609 3922 et
1639 3885 1847 3925 errave-

248 3957 409 4005 runt:
451 3951 724 4004 exctecavit
753 3967 838 4005 eos
872 3953 1073 4008 malitia
1102 3969 1312 4019 eorum,
1345 3966 1392 4010 et
1421 3960 1713 4014 nescierunt
1759 3978 1848 4016 sa-

247 4051 511 4094 cramenta
543 4039 639 4096 Dei
666 4041 821 4114 (Sap.
857 4059 926 4108 It,
961 4045 1062 4110 12,
1099 4047 1188 4113 15,
1223 4048 1322 4116 17,
1355 4049 1444 4117 18,
1472 4050 1566 4118 20,
1588 4053 1649 4108 2|
1683 4095 1697 4119 ,
1729 4053 1845 4122 22).

249 4128 316 4184 Et
341 4129 559 4203 Moyses
603 4133 655 4187 in
700 4133 1129 4192 Deuteronomio
1178 4139 1354 4195 dicit:
1410 4139 1745 4198 Innocentem
1799 4156 1846 4200 et

235 4224 444 4293 justum
476 4239 579 4277 non
607 4225 807 4280 occides
854 4226 1054 4300 (Exod.
1081 4246 1215 4284 xx"!
1245 4273 1259 4297 ,
1294 4230 1371 4302 7).
1401 4232 1723 4291 Surrexisse
1753 4252 1847 4291 an-

243 4319 354 4366 tem
403 4312 557 4367 illnm
585 4328 614 4366 a
647 4317 878 4373 mortuis
927 4319 1215 4392 Scriptura
1275 4332 1507 4380 testatur
1539 4325 1595 4380 in
1633 4329 1848 4397 psalmo

239 4403 474 4461 dicens:
507 4405 766 4473 Quoniam
798 4428 899 4466 non
943 4413 1270 4487 derelinqnes
1317 4419 1546 4474 animam
1595 4439 1759 4477 meam
1791 4425 1842 4478 in

1960 3219 2102 3291 ligno
2129 3219 2248 3292 (Ps.
2297 3234 2398 3274 xcv
2425 3264 2438 3287 ,
2474 3217 2583 3290 IO).
2615 3218 2747 3272 Item
2779 3215 2919 3286 apud
2959 3215 3152 3270 Isaiam
3179 3233 3191 3270 :
3227 3214 3371 3269 Puer
3412 3225 3566 3270 natus

1960 3313 2134 3378 nobis,
2170 3315 2321 3385 cujus
2351 3312 2629 3383 imperium
2659 3327 2814 3382 super
2843 3313 3114 3364 humerum
3142 3311 3253 3381 ejus
3279 3325 3295 3362 :
3326 3317 3372 3364 et
3411 3325 3562 3364 voca-

1959 3405 2095 3458 bitur
2132 3420 2315 3458 nomen
2343 3405 2459 3471 eius
2481 3407 2656 3476 magni
2685 3403 2893 3456 consilii
2921 3403 3148 3473 Angelus
3177 3401 3313 3474 (Isa.
3346 3418 3399 3457 tx
3428 3445 3442 3468 ,
3476 3404 3557 3472 6).

1958 3495 2026 3551 Et
2063 3495 2109 3551 si
2139 3495 2377 3552 volucris
2425 3510 2643 3550 omnem
2692 3495 3088 3565 plenitudinem
3141 3493 3559 3565 Evangeliorum

1957 3607 2317 3663 cognoscere,
2354 3592 2602 3648 invenies
2643 3592 2788 3662 apud
2838 3591 3110 3647 Joannem
3143 3601 3392 3648 nostrum
3425 3607 3560 3648 eun-

1958 3692 2065 3739 tem
2093 3687 2158 3739 ad
2192 3683 2504 3755 passionem
2553 3683 2830 3738 Christum
2877 3698 3098 3738 crucem
3131 3684 3235 3739 sibi
3268 3684 3321 3739 in
3369 3685 3562 3740 hume-

1954 3776 2029 3832 ris
2055 3786 2303 3846 portasse
2333 3819 2348 3841 ,
2393 3791 2492 3848 pro
2523 3792 2631 3847 quo
2661 3776 2781 3832 hazc
2813 3776 2984 3832 Isaias
3003 3776 3155 3834 dicit.

2025 3870 2422 3926 Sm.—Omuia
2443 3870 2666 3941 quidem
2710 3874 2762 3925 in
2800 3872 3020 3926 Christo
3062 3872 3407 3942 praefigurata
3439 3888 3556 3928 ma-

1954 3964 2150 4020 nifesta
2182 3965 2504 4035 probatione
2533 3975 2555 4002 °
2582 3980 2692 4034 prae
2723 3963 3024 4034 Scripturis
3051 3965 3190 4020 meis
3218 3964 3348 4019 mihi
3370 3972 3556 4020 osten-

1951 4057 2077 4112 disti
2133 4075 2146 4110 :
2190 4065 2245 4112 et
2284 4055 2565 4112 volueram
2609 4055 2828 4126 quidem
2880 4057 3109 4111 credere
3136 4098 3151 4121 ,
3204 4056 3252 4111 si
3297 4070 3405 4112 non
3464 4071 3552 4111 me

1953 4150 2151 4221 psalmi
2181 4151 2338 4205 istius
2367 4149 2693 4204 deliberatio
2725 4157 3037 4203 revocaret.
3084 4147 3216 4202 Nam
3272 4147 3359 4203 hic
3407 4148 3552 4218 psal-

1893 4281 1906 4286 -
1952 4259 2073 4299 mus
2120 4244 2174 4298 in
2223 4243 2518 4300 Salomone
2544 4243 2723 4297 dictus
2745 4253 2830 4297 est
2879 4259 2892 4295 :
2935 4241 3075 4296 Deus
3108 4240 3372 4314 judicium
3405 4251 3552 4295 tuum

1949 4334 2068 4408 (Ps.
2094 4351 2239 4401 Lxxt,
2263 4334 2347 4406 2),
2377 4349 2538 4405 quem
2569 4333 2774 4390 dudum
2825 4333 2957 4388 mihi
2999 4333 3330 4403 proposuisti
3367 4349 3378 4386 :
3410 4331 3552 4388 adeo

1949 4440 2008 4485 ut
2034 4430 2218 4484 titulus
2260 4429 2379 4500 ejus
2424 4438 2476 4483 te
2517 4427 2784 4494 revincat,
2837 4442 2960 4482 cum
2993 4426 3178 4482 dicat:
3213 4423 3465 4482 Psalmus
3495 4427 3546 4480 in

238 4497 444 4565 inferno
469 4544 483 4567 ,
525 4518 615 4556 nec
643 4503 793 4559 dabis
820 4516 1057 4561 sanctum
1073 4519 1216 4564 tuum
1242 4513 1410 4567 videre
1427 4517 1832 4588 corruptionem.
1867 4504 1921 4564 Ῑ)
1947 4520 2250 4577 Salomone.

241 4587 410 4646 Notas
439 4594 564 4648 mihi
589 4597 754 4667 fecisti
779 4598 887 4652 vias
915 4602 1062 4665 vitw,
1095 4602 1402 4672 adimplebis
1418 4621 1498 4660 me
1517 4587 1698 4661 thitia
1717 4625 1834 4662 cum

237 4682 380 4735 vultu
407 4695 493 4737 tuo
513 4684 631 4756 (Ps.
658 4703 761 4753 xv,
794 4689 883 4756 10,
911 4691 1019 4762 11).
1043 4691 1178 4748 Item
1206 4695 1260 4748 in
1287 4697 1497 4764 psalmo
1527 4714 1693 4756 xxix:
1729 4699 1834 4755 Do-

237 4774 394 4842 mine,
418 4775 646 4832 eduxisti
665 4779 729 4832 ab
758 4781 938 4852 inferis
958 4786 1184 4839 animam
1215 4804 1380 4842 meam
1409 4790 1525 4862 (Ps.
1560 4808 1718 4858 xxrx,
1748 4794 1828 4866 4).

235 4863 370 4918 Item
401 4867 455 4920 in
494 4869 702 4936 psalmo
732 4871 872 4928 dicit
898 4891 911 4927 :
944 4872 1059 4944 Ego
1097 4877 1317 4932 dormivi
1347 4889 1393 4934 et
1429 4898 1666 4937 somnum
1696 4863 1826 4956 cepi,

232 4968 281 5011 et
309 4965 580 5017 exsurrexi
607 4965 732 5034 quia
779 4964 1032 5022 Dominus
1073 4972 1316 5040 suscipiet
1347 4990 1424 5026 me
1455 4973 1576 5047 (Ps.
1610 4993 1670 5032 ιιι
1701 5022 1714 5042 ,
1750 4981 1827 5051 6).

2015 4611 2403 4666 Tn.—Invisor
2433 4611 2526 4666 ille
2566 4610 2656 4680 qui
2700 4609 3098 4678 protoplnsmm
3155 4607 3428 4663 fefellitet
3454 4621 3550 4677 po-

1944 4704 2126 4773 pulum
2159 4712 2400 4758 vestrum
2428 4702 2665 4771 decepit,
2701 4716 2798 4769 per
2827 4699 2982 4770 cujus
3014 4697 3276 4753 invidiam
3301 4712 3458 4752 mors
3484 4699 3538 4753 in

1942 4796 2134 4851 orbem
2159 4807 2320 4850 terra:
2351 4794 2536 4858 venit;
2573 4793 2659 4848 hic
2699 4791 2955 4846 videlicet
3004 4805 3202 4846 sensus
3241 4791 3428 4846 cordis
3467 4792 3546 4846 tui

1943 4889 2365 4959 praeoccupavit,
2401 4896 2459 4940 ut
2489 4901 2603 4940 rem
2635 4883 2980 4940 manifestam
3013 4893 3069 4938 et
3110 4883 3164 4936 in
3196 4883 3372 4939 lucem
3397 4884 3546 4954 posi-

1941 4991 2046 5037 tam
2069 4983 2304 5037 errnllns
2325 4979 2464 5052 (Sic)
2482 4994 2586 5034 non
2608 4977 2902 5048 intelligas.
2921 4975 3176 5032 Salomon
3205 4977 3348 5032 enim
3370 4977 3422 5031 in
3449 4977 3548 5031 Ju-

235 5049 299 5103 Et
329 5050 469 5106 Osee
496 5073 508 5108 :
551 5055 846 5126 Viviﬁcabit
874 5077 965 5114 nos
991 5072 1105 5131 post
1135 5063 1264 5118 duos
1293 5065 1404 5119 dies
1427 5108 1443 5132 ,
1473 5077 1523 5121 et
1560 5070 1643 5122 die
1686 5049 1834 5125 tertia
1934 5074 2048 5129 dura
2073 5049 2626 5144 quadragintaannis
2656 5069 2906 5140 regnavit
2931 5085 2958 5122 a
2985 5068 3100 5124 Dan
3134 5084 3310 5140 usque
3341 5069 3545 5125 Bersa-

228 5145 494 5200 suscitabit
525 5167 620 5204 nos
643 5149 788 5222 (Ose.
825 5169 877 5206 γι
896 5194 912 5218 ,
936 5154 1016 5226 ὅ).
1045 5155 1114 5210 Ει
1134 5156 1200 5211 ad
1224 5157 1462 5229 Moysem
1488 5161 1752 5219 Dominus
1777 5165 1830 5221 in
1929 5169 2066 5233 hee;
2098 5178 2158 5223 et
2189 5176 2379 5238 postea
2407 5166 2655 5236 deliquit,
2689 5165 2828 5219 sicut
2857 5165 2909 5218 in
2937 5163 3179 5219 Basilion
3199 5162 3340 5218 libro
3367 5163 3533 5217 tertio

230 5239 457 5298 Exodo:
521 5245 815 5316 Descende,
851 5249 1066 5323 inquit,
1101 5263 1149 5308 et
1176 5256 1454 5326 testiﬁcare
1496 5263 1688 5333 pOpulo
1722 5305 1737 5327 ,
1785 5277 1832 5319 et

1935 5261 2137 5317 dicitur
2168 5280 2180 5316 :
2217 5261 2282 5315 Et
2315 5262 2437 5332 fecit
2465 5259 2716 5316 Salomon
2749 5261 2963 5326 malum,
3012 5268 3059 5311 et
3109 5272 3212 5310 non
3255 5255 3538 5310 ambulavit

226 5333 449 5402 puri/ica
484 5339 636 5409 illos,
671 5352 724 5396 ut
755 5343 924 5398 lavent
954 5347 1250 5403 vestimenta
1279 5365 1397 5418 sua,
1431 5361 1479 5406 et
1508 5354 1611 5407 sint
1655 5359 1833 5423 parati
1932 5353 1986 5408 in
2009 5352 2090 5407 via
2120 5350 2290 5406 David
2331 5352 2496 5423 patris
2525 5352 2606 5405 sui
2635 5367 2652 5416 ἱ
2682 5350 2774 5405 θεά
2803 5348 3088 5418 (είίίβοαυίί
3115 5346 3377 5401 “omum
3399 5345 3538 5401 Cha"

223 5531 601 5617 :I‘ertullianus
650 5542 1034 5617 libro_"contra
1080 5547 1342 5617 Iudaeos,
1395 5562 1450 5608 et
1505 5553 1818 5613 Lactantius

225 5604 410 5702 tibi):
428 5604 686 5702 Instituit.
708 5614 899 5702 Nullus
921 5632 1051 5696 vero
1077 5665 1091 5700 τ
1123 5636 1295 5702 quem
1314 5604 1485 5702 sciam
1505 5604 1820 5702 ἐξἓῖ

228 5677 689 5766 ςειιιιιιιπῳιρτιιιιιι
717 5679 1023 5766 ,isilamen
1060 5677 1237 5766 tinith
1271 5677 1812 5766 exopiis’drb's'niiﬁ.

235 5738 369 5806 Hinc
416 5738 1385 5836 scriptorisvantiqiiitateni-colliga's:

2004 5567 2045 5630 αῖ
2072 5557 2333 5626 Spartam
2362 5601 2377 5625 ,
2407 5573 2584 5630 genus
2615 5556 2798 5614 herba:
2821 5594 2839 5624 ,
2867 5569 3030 5626 quam
3085 5553 3307 5627 quidam
3353 5551 3537 5610 Latini

1925 5629 2192 5701 genistam
2224 5629 2670 5698 interpretantur.

1996 5700 2021 5739 ι»
2053 5700 2237 5766 Forte,
2268 5701 2612 5771 romphaeam.

1926 5787 1940 5841 '_
2000 5784 2020 5809 ο
2051 5771 2104 5828 Id
2135 5783 2242 5842 cst,
2270 5766 2564 5843 Scripturis
2583 5769 2674 5828 vel
2704 5783 2801 5841 per
2827 5766 3141 5845 scripturas
3166 5781 3326 5823 meas.
