4074 6204
479 245 618 301 11⁸79

1803 242 2085 306 ενΑοιιιι
2124 246 2433 305 MONACHI

3645 249 3788 310 “80

477 377 604 413 mos.
635 358 779 413 idola
811 358 990 429 blood,
1017 370 1060 414 et
1091 360 1194 432 regi
1218 377 1392 414 corum
1423 360 1564 416 idolo
1593 363 1828 432 ﬁliorum
1853 366 2071 420 Ammon
2102 366 2151 428 Α
2178 363 2320 418 Deus
2363 362 2685 420 delectetur.
2717 359 2886 419 Cibus
2915 371 3094 419 autem
3118 363 3259 434 quod
3288 364 3521 435 ambigis
3549 365 3790 420 mandu-

474 459 521 503 et
545 453 789 515 .Aislaron,
812 452 956 508 idola
979 455 1379 508 abominationis
1405 454 1779 522 Sidoniorum;
1811 468 1857 512 et
1885 457 2078 514 excita-

476 543 548 596 uit
572 541 710 598 Deus
741 543 995 599 Satanam
1016 546 1121 614 ipsi
1155 545 1428 600 Salomoni
1480 546 1618 600 Ader
1654 547 1949 605 ldumwum
1985 548 2076 620 (Ill

478 637 610 708 Reg.
645 655 721 704 ιιι,
757 639 808 701 6,
838 641 891 702 7,
925 639 1040 710 14).
1075 640 1277 696 Christi
1328 651 1509 695 autem
1558 657 1784 712 regnum
1829 644 1882 697 in
1929 641 2078 698 omni

481 742 795 802 porrectum
823 744 906 789 est
935 735 1070 789 orbe
1121 743 1419 790 terrarum.
1450 733 1578 790 Ideo
1615 736 1685 790 de
1713 750 1783 791 eo
1812 737 2075 806 preplteta

483 839 881 884 commemorat
935 828 1126 884 dicens
1159 847 1170 882 :
1210 828 1541 883 Permanebit
1589 846 1705 884 cum
1749 831 1860 886 sole
1887 839 1934 884 et
1963 839 2080 884 ante

479 920 663 976 lunam
684 922 738 975 in
759 921 972 989 uacula,
1002 930 1049 976 et
1072 920 1425 975 dominabitur
1445 939 1477 974 a
1493 923 1628 975 mari
1650 939 1809 992 usque
1829 923 1898 976 ad
1915 937 2076 988 mare,

476 1020 523 1065 et
547 1029 578 1065 a
600 1013 814 1080 flumine
841 1029 1001 1080 usque
1032 1012 1101 1065 ad
1131 1013 1377 1066 terminos
1409 1013 1546 1067 orbis
1567 1021 1720 1068 term
1769 1010 1888 1082 (Ps.
1923 1027 2076 1078 Lxxt,

479 1102 535 1169 5,
563 1102 640 1174 8).
668 1104 782 1159 Non
808 1104 873 1158 de
897 1104 1194 1159 Salomone
1223 1103 1377 1172 dicit,
1405 1104 1562 1174 cujus
1593 1120 1820 1175 regnum
1838 1115 1893 1160 et
1907 1119 2080 1161 annos

481 1200 735 1270 superius
767 1197 866 1252 tibi
900 1198 1136 1254 ostendi.

549 1289 995 1355 Stu.—Recedit,
1044 1300 1104 1344 ut
1142 1290 1321 1356 video,
1372 1289 1440 1345 de
1468 1305 1630 1345 sensu
1674 1305 1796 1346 meo
1825 1291 2081 1348 inimicus

478 1394 698 1455 patrum
724 1399 966 1440 meormn
995 1382 1270 1448 diabolus,
1296 1383 1388 1454 qui
1422 1392 1661 1438 mentem
1705 1397 1882 1440 meam
1907 1397 2081 1438 caeca-

482 1477 593 1533 bat.
620 1475 772 1546 Coepi
805 1477 951 1532 enim
985 1476 1170 1532 lumen
1199 1476 1443 1532 veritatis
1469 1491 1790 1547 agnoscere.

553 1567 912 1624 Tu.—Crede
941 1583 1096 1639 ergo,
1131 1569 1470 1624 illutninatus
1500 1568 1567 1624 de
1612 1569 1846 1625 vinculis
1875 1571 2025 1626 exire
2054 1577 2080 1607 ι

477 1663 860 1719 tenebrarum.
895 1661 986 1718 Sic
1018 1661 1163 1716 enim
1197 1660 1366 1716 Isaias
1388 1661 1710 1739 degChristo
1754 1661 1924 1716 dicit:
1958 1662 2082 1734 Spi-

2183 469 2308 509 care
2337 453 2560 520 debere,
2596 469 2704 508 non
2727 467 2921 510 carnes
2950 453 3164 516 suillae,
3187 455 3281 510 sed
3315 455 3456 509 iacta
3488 471 3786 526 porcorum

2182 547 2491 616 prohiberis
2518 547 2833 602 admittere.
2867 546 3132 603 Similiter
3158 562 3297 618 aqua
3335 551 3514 603 mixto
3547 549 3667 604 luto
3692 565 3792 606 vo—

2182 639 2388 708 luptas,
2419 654 2668 696 sororem
2731 650 2880 695 tuam
2931 641 3030 695 tibi
3090 641 3143 694 in
3192 642 3491 697 concubitu
3529 643 3789 713 copulas,

2181 732 2502 802 sanguinem
2536 733 2792 803 sanguini
2814 733 3030 800 incitas,
3061 735 3266 803 rapinis
3294 742 3496 790 terram
3526 750 3793 806 perscru-

2185 823 2337 890 taris,
2370 825 2505 878 testa
2539 834 2628 879 tua
2659 823 2930 895 publicas,
2975 825 3028 879 in
3060 824 3258 895 plateis
3286 841 3435 882 oras.
3466 826 3610 882 Ecce
3640 843 3789 896 quo-

2182 915 2345 970 modo
2396 930 2612 984 peccas,
2661 923 2716 969 et
2767 930 2873 972 non
2928 915 3189 987 intelligis
3229 916 3299 972 de
3347 925 3403 974 te
3433 919 3694 988 scriptum
3731 921 3790 976 in

2181 1009 2393 1078 psalmo
2423 1008 2691 1064 :Saturati
2717 1017 2835 1064 sunt
2865 1009 3012 1077 ﬁliis,
3041 1019 3086 1064 et
3106 1009 3424 1078 reliquerunt
3449 1027 3562 1079 quia
3589 1028 3794 1081 super-

2184 1104 2393 1170 fuerunt
2423 1101 2656 1171 parvulis
2690 1101 2799 1155 suis
2830 1099 2952 1172 (Ps.
2992 1117 3105 1167 xxv,
3139 1102 3252 1174 Η).
3295 1103 3410 1158 Hoc
3448 1113 3533 1158 est
3590 1118 3793 1173 pecca-

2182 1201 2297 1250 tum
2328 1204 2570 1249 vestrum
2593 1204 2649 1250 et
2681 1192 3019 1263 posteritatis
3046 1206 3272 1250 vestrae.
3311 1196 3382 1250 De
3414 1196 3654 1265 piscibus
3683 1211 3794 1250 au-

2186 1294 2296 1341 tem
2322 1287 2563 1356 squamis
2580 1296 2765 1344 cutem
2787 1287 2998 1343 vestitis
3021 1287 3343 1354 comeditis;
3371 1300 3560 1345 caetera
3590 1301 3792 1350 autem

2183 1393 2304 1448 quae
2331 1379 2640 1451 conlingitis
2687 1381 2886 1448 vitare,
2929 1381 3140 1437 retibus
3178 1389 3440 1448 extracta,
3469 1393 3523 1437 et
3553 1383 3606 1438 in
3635 1384 3794 1440 mul-

2185 1473 2418 1528 titudine
2453 1472 2686 1544 piscium
2727 1475 3033 1546 permixta,
3076 1475 3296 1546 penitus
3331 1477 3599 1532 exsiccata
3631 1478 3687 1533 in
3730 1479 3793 1533 l;-

2184 1564 2444 1634 quamine
2469 1564 2706 1621 dulciter
2748 1564 3110 1623 manducetis.
3148 1567 3346 1624 Vinum
3386 1580 3574 1624 autem
3602 1569 3792 1627 Chris-

2188 1657 2458 1712 tianorum
2481 1657 2715 1713 ostende
2731 1658 2862 1713 mihi
2879 1660 3302 1730 perScripturas
3324 1661 3412 1717 ubi
3446 1664 3518 1716 sit
3541 1662 3790 1731 prohibi-

478 1755 608 1808 ritus
637 1753 844 1808 Domini
872 1771 1025 1826 super
1055 1771 1165 1820 me,
1214 1764 1488 1824 propterea
1525 1754 1674 1808 unxit
1707 1772 1804 1808 me.
1830 1753 1973 1808 Misit
2003 1770 2084 1811 me
2111 1767 2160 1826 Β
2185 1758 2272 1804 tus
2324 1749 2534 1817 bibere,
2585 1760 2641 1806 et
2691 1765 2915 1823 azymas
2968 1760 3088 1807 tuas
3133 1751 3471 1808 manducare
3518 1765 3784 1812 vetamur.

479 1847 601 1900 bene
630 1846 872 1899 nuntiare
899 1846 1234 1915 pauperibus,
1271 1863 1465 1900 sanare
1489 1847 1736 1901 contritas
1751 1845 1927 1912 corde,
1957 1848 2083 1901 edu-

479 1952 591 1992 cere
620 1937 684 1991 de
713 1939 932 1996 vinculis
960 1938 1212 2009 alligatos
1243 1948 1290 1993 et
1315 1940 1378 1992 de
1406 1938 1562 1993 domo
1593 1939 1848 2005 carceris,
1880 1938 2084 2010 aperire

479 2028 656 2084 oculos
682 2046 932 2084 ctzcorum
961 2029 1096 2099 (Isa.
1129 2047 1236 2096 LXI,
1274 2031 1349 2102 l).
1379 2029 1518 2097 Quid
1552 2030 1699 2084 aliud
1733 2030 1960 2101 intelligi
1990 2046 2084 2100 po—

481 2129 608 2186 test,
645 2123 749 2176 nisi
778 2124 964 2177 saeculi
995 2123 1155 2178 istius
1181 2123 1433 2177 homines
1463 2124 1782 2192 ignorantia:
1832 2123 2084 2180 caecitate

479 2210 757 2276 detentus,
792 2214 1076 2268 ctdiaholi
1107 2214 1341 2268 vinculis
1372 2215 1665 2282 alligatos?

553 2301 920 2357 Stu.-—Multa
945 2302 1162 2370 quidem
1190 2312 1243 2355 et
1278 2303 1516 2358 inaudita
1549 2304 1907 2360 utauil'estasti
1929 2305 2080 2360 mihi:

482 2392 582 2450 sed
609 2393 788 2448 adhuc
817 2393 1015 2447 anima:
1039 2408 1176 2448 mea:
1202 2393 1344 2449 inest
1378 2396 1699 2465 scrupulum
1743 2396 2084 2476 dillidentitn,

483 2501 550 2543 eo
573 2487 715 2558 quod
757 2486 940 2541 omnia
976 2484 1002 2524 ι)
1036 2488 1300 2556 relegisse
1340 2487 1520 2542 colitis
1565 2507 1577 2542 :
1614 2489 1902 2544 sabbatum
1955 2505 2086 2546 vero

481 2595 643 2651 quem
673 2579 817 2635 Deus
852 2580 1273 2635 custodiendum
1313 2582 1758 2651 servandumque
1781 2583 2082 2651 mandarit,

485 2672 777 2743 negligitis.
806 2672 973 2728 Cibos
999 2683 1261 2742 prteterea
1293 2681 1350 2728 et
1391 2674 1573 2728 vinum
1605 2675 1885 2746 gentiliter
1916 2677 2088 2731 sumi-

492 2767 563 2820 tis
594 2783 606 2818 :
639 2781 762 2820 eum
798 2767 939 2823 Deus
969 2768 1282 2836 specialiter
1321 2769 1651 2839 przeceperit
1697 2787 1819 2841 quae
1847 2771 2086 2828 debeant

487 2873 556 2914 ex
583 2857 915 2914 animalibus
945 2868 998 2914 et
1027 2875 1093 2915 ex
1121 2861 1359 2931 piscibus
1410 2876 1533 2917 esse
1558 2863 1850 2928 sumenda,
1885 2872 1942 2918 et
1967 2879 2088 2934 qua:

489 2952 795 3006 exercenda
830 2951 913 3007 vel
940 2953 1301 3020 exsecranda,
1335 2969 1434 3008 nec
1467 2965 1684 3010 mortua
1725 2955 1944 3012 illorum
1971 2965 2090 3012 tan-

487 3042 682 3112 genda.
716 3041 832 3098 Nisi
858 3043 961 3098 hoc
994 3058 1088 3112 per
1115 3043 2090 3118 Scripturasprobaveris,periclitor

487 3136 735 3192 credere.

560 3228 738 3282 Tu.—
766 3228 885 3284 Jam
915 3230 1168 3298 superius
1198 3229 1309 3284 dixi
1350 3230 1494 3300 quod
1543 3229 1795 3284 diabolus
1847 3230 2090 3286 invideat

491 3323 609 3386 tibi,
639 3323 780 3392 quod
806 3324 1021 3379 scilicet
1061 3325 1204 3378 lilius
1234 3323 1312 3378 sis
1336 3335 1552 3394 patrum
1584 3334 1825 3392 tuorum,
1869 3327 1959 3394 qui
2011 3333 2090 3383 tot

492 3413 772 3470 beneﬁciis
813 3413 956 3479 fulti,
993 3431 1056 3469 ex
1104 3414 1343 3485 [Egypt-4
1371 3415 1587 3470 liberati
1617 3415 1684 3469 ad
1718 3427 1739 3454 ο
1767 3416 1941 3472 vicem
1976 3432 2091 3473 tne-

493 3508 667 3562 tallini
700 3511 830 3561 aeris
858 3508 1024 3562 Rubri
1050 3508 1218 3564 maris
1250 3511 1735 3565 circumsteterunt
1766 3530 1775 3560 :
1811 3510 1958 3565 unde
1981 3511 2092 3566 lar-

490 3599 574 3668 gis
597 3601 758 3653 etiatn
793 3601 1024 3669 dapibus
1049 3603 1314 3669 apparati,
1342 3603 1553 3657 corle~ti
1602 3619 1795 3657 manna
1839 3603 2090 3668 saturati,

493 3692 772 3748 oblivione
819 3696 1149 3764 transgressi
1182 3694 1440 3763 profanos
1492 3695 1624 3749 deos
1661 3710 1796 3764 quos
1821 3695 2091 3761 colerent,

494 3786 613 3842 ausi
641 3797 767 3840 sunt
798 3788 1096 3856 postulare.
1127 3786 1320 3841 Merito
1342 3787 1410 3841 de
1440 3787 1598 3842 vobis
1627 3788 1896 3844 Jeremias
1922 3787 2087 3842 dixit:

499 3879 561 3936 Si
590 3879 806 3934 nmtabit
838 3878 1088 3949 xEthiops
1137 3880 1388 3945 colorem,
1421 3891 1469 3934 et
1513 3880 1712 3949 pardus
1760 3880 2093 3946 varietatem;

497 3973 571 4026 sic
599 3981 646 4026 et
667 3987 755 4026 uos
785 3970 1004 4042 (Jerem.
1031 3987 1146 4040 xm,
1177 3972 1293 4042 25).
1333 3972 1530 4027 Educta
1558 3972 1698 4026 tnala
1716 3972 1958 4036 sabbata,
1991 3973 2097 4026 sci-

502 4064 628 4119 licet
676 4065 992 4134 imaginaria
1043 4067 1265 4135 requies
1310 4067 1531 4136 septimi
1583 4067 1690 4122 diei
1742 4065 1944 4121 tradita
1969 4065 2094 4132 fuit,

499 4158 732 4228 primum
771 4157 915 4227 quod
942 4157 1068 4213 Jesu
1103 4157 1244 4213 Nave
1276 4166 1333 4212 nt
1361 4157 1577 4213 Hierico
1606 4157 1930 4226 debellaret,
1973 4172 2099 4228 sep—

504 4258 611 4304 tem
643 4249 836 4305 diebus
882 4251 1116 4306 vicissim
1165 4266 1352 4307 muros
1390 4251 1686 4319 circuibat,
1722 4266 1870 4305 arma
1903 4250 2096 4307 bellica

500 4355 683 4394 arcam
716 4343 1025 4396 testamenti
1055 4351 1332 4411 gestantes
1363 4345 1626 4414 :septima
1659 4351 1838 4399 autem
1868 4345 1957 4400 die
1977 4361 2100 4416 sep-

496 4430 602 4485 ties
631 4432 986 4486 circuierunt.
1016 4433 1306 4487 Manifesta
1339 4435 1542 4488 veritas
1571 4444 1654 4489 est
1681 4451 1694 4490 ε
1729 4444 1825 4489 aut
1869 4437 2099 4495 sabbato

2186 1841 2392 1896 Audies
2431 1843 2752 1914 prophetam
2793 1844 3069 1900 dicentem
3109 1864 3121 1897 :
3161 1845 3374 1902 Veloces
3418 1846 3578 1920 pedes
3612 1863 3786 1906 eam

2187 1934 2254 1987 ad
2296 1933 2670 2002 effundendum
2709 1937 3154 2010 sanguinem(Ps.
3185 1954 3302 2006 xm,
3340 1937 3422 2009 3).
3459 1940 3527 1996 Et
3555 1954 3784 1996 rursus:

2189 2025 2382 2081 Manus
2410 2037 2590 2084 vestris
2620 2029 2870 2102 sanguine
2889 2029 3057 2101 plenae
3087 2040 3228 2085 sunt.
3262 2029 3331 2086 Et
3354 2030 3410 2086 in
3442 2031 3788 2087 Deuterono-

2188 2118 2296 2172 mio
2326 2135 2338 2171 :
2367 2118 2432 2172 de
2462 2119 2608 2173 rinea
2633 2120 2983 2176 Sodomorum
3029 2122 3177 2175 vinea
3215 2137 3424 2189 eorum,
3463 2132 3512 2176 et
3548 2139 3789 2192 propago

2188 2223 2365 2260 eorum
2393 2225 2456 2262 ea;
2497 2208 2810 2265 Gomorrha.
2856 2211 2968 2266 Uva
2995 2228 3194 2279 eorum,
3225 2229 3328 2268 uva
3345 2215 3494 2285 fellis,
3520 2225 3569 2268 et
3599 2214 3790 2269 botrus

2188 2302 2576 2355 amaritudinis.
2622 2301 2715 2356 Ira
2752 2303 3037 2358 draconum
3078 2306 3254 2359 vinum
3291 2322 3486 2372 eorum,
3524 2307 3602 2361 ira
3632 2307 3787 2376 aspi-

2190 2392 2314 2445 dum
2354 2394 2662 2448 insanabilis
2706 2394 2886 2463 (Deut.
2933 2412 3086 2452 χχιιι
3113 2438 3128 2462 ,
3158 2397 3251 2462 52,
3289 2398 3406 2468 55).
3442 2396 3497 2453 Si
3517 2397 3604 2456 bis
3627 2407 3711 2454 tot
3735 2408 3791 2454 et

2191 2488 2355 2541 tantis
2388 2489 2743 2553 testimoniis,
2778 2492 2990 2561 Simon,
3036 2493 3266 2549 credere
3307 2492 3586 2559 nolueris;
3623 2493 3790 2548 saluti

2191 2585 2294 2634 tuzc
2334 2582 2686 2636 contradicis.
2739 2583 2903 2654 Lege,
2945 2584 3158 2650 Simon,
3206 2585 3513 2651 Danielem,
3552 2596 3605 2640 et
3636 2587 3789 2639 inve-

2191 2673 2308 2727 nies
2365 2673 2872 2731 Nabuchodonosor
2921 2677 3208 2734 barbarum
3245 2677 3482 2734 :Filium
3526 2678 3623 2734 Dei
3673 2677 3792 2748 ipse

2189 2770 2466 2836 cognovit,
2490 2784 2649 2838 quem
2679 2779 2732 2824 tu
2755 2770 2938 2826 tardas
2956 2771 3279 2843 agnoscere.
3309 2770 3502 2827 Nonne
3526 2779 3630 2826 tm
3657 2771 3793 2826 viros

2190 2859 2241 2912 in
2264 2864 2528 2930 fornacem
2557 2862 2825 2916 misimus?
2863 2862 2996 2917 Ecce
3033 2863 3178 2918 rideo
3207 2873 3430 2930 quatuor
3453 2864 3609 2926 viros,
3642 2873 3693 2918 et
3711 2863 3794 2933 fa-

2190 2953 2291 3005 cies
2318 2953 2490 3024 quarti
2515 2952 2701 3007 similis
2734 2953 2862 3009 Filii
2891 2954 2990 3011 Dei
3019 2955 3183 3027 (Dan.
3215 2971 3296 3023 tu,
3327 2955 3443 3026 91).
3461 2955 3602 3024 Quid
3626 2955 3790 3026 dicis,

2191 3044 2413 3100 Judtne?
2470 3045 2627 3115 Vide,
2679 3062 2748 3102 ne
2778 3047 2830 3102 in
2882 3056 2934 3102 te
2965 3049 3250 3120 impleatur
3305 3049 3546 3105 invectio
3574 3049 3792 3105 Abacuc

2115 3163 2160 3228 ρ
2195 3137 2476 3208 prophetae
2503 3139 2736 3195 dicentis
2761 3157 2773 3192 :
2806 3138 3004 3205 Videte,
3031 3149 3429 3212 contemptores,
3455 3150 3502 3194 et
3524 3142 3787 3210 inspicite,

2198 3238 2244 3281 et
2269 3227 2572 3298 desperate;
2607 3230 2852 3299 quoniam
2896 3246 2988 3303 ego
3015 3247 3145 3302 opus
3185 3246 3372 3298 operor
3396 3231 3449 3283 in
3476 3230 3656 3284 diebus
3685 3247 3794 3286 res-

2195 3323 2310 3389 tris,
2338 3322 2478 3394 quod
2516 3338 2616 3377 non
2648 3323 2880 3391 creditis,
2905 3325 2949 3379 si
2976 3326 3091 3392 quis
3122 3325 3411 3380 narrauerit
3433 3324 3570 3378 rubis
3603 3323 3791 3396 (Abas.

2193 3427 2232 3477 ι,
2265 3411 2344 3483 5).

2265 3505 2656 3562 Stu.—Lator
2710 3506 2920 3572 salutis,
2973 3507 3300 3580 Theophila,
3330 3524 3600 3578 aegrorum
3650 3501 3829 3564 hone°

2196 3597 2426 3661 medice,
2459 3614 2638 3670 neque
2665 3599 2807 3654 ultra
2841 3599 3060 3656 differre
3092 3615 3336 3670 possum.
3368 3601 3507 3658 Jube
3530 3617 3618 3656 me
3646 3611 3796 3656 cate-

2196 3688 2479 3756 cbizari,et
2506 3692 2659 3762 signo
2682 3691 2806 3746 ﬁdei
2823 3691 3797 3752 Christiconsecrari.Arbitrorenim

2197 3782 2339 3853 quod
2381 3798 2477 3853 per
2521 3799 2780 3839 manuum
2810 3793 3023 3842 tuarum
3050 3786 3462 3856 impositionem
3489 3801 3576 3841 me
3601 3800 3795 3855 pecca-

2197 3888 2374 3930 torum
2399 3892 2643 3932 meorunt
2663 3877 3024 3934 abolitionem
3044 3888 3088 3933 οι
3109 3879 3277 3934 intum
3295 3878 3432 3933 sicut
3449 3877 3798 3934 Jacobbene-

2199 3969 2356 4036 dixit,
2383 3982 2438 4025 et
2466 3985 2564 4041 per
2595 3971 3001 4042 impositionem
3038 3986 3234 4026 manus
3272 3972 3504 4044 accepit,
3537 3980 3600 4026 ut
3626 3971 3798 4042 major

2203 4063 2356 4118 lieret
2387 4079 2453 4119 ex
2500 4063 2753 4129 minore;
2795 4064 2873 4118 sic
2907 4064 3174 4135 prraim
3200 4073 3256 4120 et
3295 4065 3550 4120 Manasse
3573 4079 3672 4139 per
3701 4065 3795 4118 im-

2201 4156 2525 4226 positionem
2555 4154 2764 4210 dilatali
2791 4165 2914 4211 sunt
2945 4172 3224 4212 manuum.

2274 4248 2425 4313 Tunc
2447 4247 2782 4321 Theophilus
2809 4247 3085 4304 Simonem
3125 4248 3284 4304 tinxit
3302 4291 3319 4315 ,
3373 4259 3430 4306 et
3457 4249 3690 4322 adeptus
3715 4259 3799 4306 est

2203 4341 2385 4396 tidem.
2418 4341 2606 4397 Simon
2627 4343 2835 4414 gratias
2859 4357 3023 4414 agere
3049 4342 3162 4397 Deo
3195 4341 3366 4412 coepit
3396 4343 3585 4400 dicens
3619 4362 3632 4397 :
3664 4343 3799 4400 Gra-

2205 4433 2308 4486 tias
2341 4447 2442 4502 ago
2469 4433 2588 4501 tibi,
2620 4435 2803 4501 Jesus,
2827 4449 2989 4504 quem
3025 4451 3132 4492 non
3161 4434 3270 4490 vidi
3319 4435 3458 4491 facie
3485 4435 3551 4491 ad
3585 4436 3803 4504 faciem,

502 4531 789 4594 coeperunt
817 4539 830 4587 ;
861 4532 952 4576 aut
982 4522 1034 4576 in
1087 4523 1316 4578 sabbato
1341 4567 1354 4590 ,
1388 4525 1709 4580 cadentibus
1734 4529 1923 4592 muris,
1973 4529 2097 4585 Hie-
2127 4549 2181 4614 Β
2207 4541 2350 4581 nunc
2377 4535 2558 4581 autem
2599 4526 2767 4582 credo
2805 4528 2856 4582 in
2904 4536 2955 4582 te
2984 4528 3178 4598 spiritu
3212 4539 3266 4583 et
3291 4537 3402 4584 tota
3432 4538 3637 4584 mente.
3665 4528 3803 4585 Gra-

499 4618 616 4672 rico
656 4617 1095 4673 debellat-erunt.
1135 4616 1362 4672 Accedit
1390 4619 1532 4689 quod
1579 4619 1872 4676 humanum
1905 4621 2098 4677 sabba-

503 4719 616 4765 tum
654 4711 793 4764 Deus
824 4709 1046 4781 repellit
1089 4709 1309 4766 dicente
1343 4710 1480 4765 Isaia
1516 4729 1528 4765 :
1572 4710 1839 4782 Jejunium
1875 4721 1922 4766 et
1963 4712 2099 4772 diem

502 4807 695 4874 festum
725 4813 950 4860 oestrum
983 4813 1029 4858 et
1059 4803 1272 4858 sabbata
1320 4804 1428 4858 odit
1474 4805 1647 4858 anima
1696 4821 1828 4859 mea.
1880 4803 2099 4862 Fecistis

503 4893 630 4947 mihi
649 4893 860 4949 taedium
883 4878 1028 4949 :inon
1053 4895 1307 4949 dimittam
1333 4903 1541 4965 peccata
1563 4904 1730 4950 vestra
1756 4893 1891 4964 (Isa.
1921 4911 1960 4964 ι,
1985 4896 2095 4970 15).

499 4983 638 5038 lllud
687 4996 867 5039 autem
906 4987 1196 5043 sabbatum
1228 4986 1374 5042 Deus
1415 4985 1715 5054 desiderat,
1746 4988 2098 5058 requiescere

503 5085 556 5130 te
588 5074 656 5130 ab
683 5075 943 5144 operibus
970 5077 1155 5146 malis;
1194 5086 1251 5132 ut
1283 5076 1574 5132 millesimo
1604 5091 1770 5143 anno,
1802 5077 1946 5148 quod
1978 5079 2101 5134 sab-

504 5171 688 5227 batum
716 5169 1069 5225 sabbatorum
1092 5180 1198 5237 est,
1232 5171 1470 5226 mundus
1502 5171 1797 5226 inveniaris
1820 5170 1887 5225 ab
1915 5171 2098 5241 operi-

501 5267 605 5323 bus
657 5265 831 5321 atatis.
891 5263 1021 5320 llaec
1066 5273 1228 5318 erunt
1282 5275 1470 5320 sancta
1525 5265 1755 5321 tenenda
1806 5260 1832 5301 ά
1891 5263 1948 5323 in
1995 5279 2098 5335 qua

581 5480 606 5508 η
636 5470 837 5538 Supple
865 5470 1057 5537 incipe.

579 5541 606 5580 δ
633 5536 944 5611 Legendum
968 5536 1184 5595 videtur
1211 5536 1470 5611 religiose.

589 5623 612 5652 ο
645 5608 742 5666 Hie
783 5615 932 5666 locus
955 5611 1178 5665 mutilus
1207 5620 1277 5680 et
1301 5608 1728 5680 depravatusita
1763 5609 1902 5663 forte
1929 5617 2114 5680 posset

522 5683 736 5739 restitui
768 5684 881 5736 :Ad
902 5698 1072 5736 rocem
1104 5679 1357 5735 metulliui
1395 5682 1513 5734 teris
1544 5677 1718 5732 Rubri
1747 5681 1907 5733 maris
1933 5677 2112 5735 littora

533 5756 668 5806 circv
690 5762 993 5806 nsteterunt.
1034 5751 1154 5806 Vid.
1188 5751 1360 5808 Exod.
1405 5766 1517 5819 XIV,
1551 5749 1761 5820 51;“,
1794 5749 1884 5807 90.

2209 4619 2310 4674 tias
2359 4633 2462 4690 ago
2509 4618 2627 4687 tibi,
2657 4619 2813 4684 Jesu,
2842 4634 3003 4690 quem
3045 4635 3153 4676 non
3202 4620 3410 4689 audivi,
3443 4635 3589 4676 nunc
3617 4629 3800 4676 autem

2202 4712 2386 4767 audito
2422 4712 2635 4779 invoco,
2686 4712 2839 4780 Jesu,
2872 4713 3029 4782 cujus
3058 4727 3281 4770 sensum
3312 4727 3443 4772 ante
3471 4730 3579 4770 non
3611 4714 3799 4770 habui.

2199 4803 2352 4860 Nunc
2393 4815 2574 4858 autem
2620 4806 2782 4874 cupio
2833 4807 2884 4861 in
2933 4815 2985 4862 te
3034 4820 3256 4863 sensum
3310 4823 3491 4864 meum
3523 4823 3669 4874 esse,
3709 4823 3809 4878 per

2202 4911 2361 4965 quem
2395 4897 2625 4967 cognovi
2655 4896 3021 4969 Theophilum
3058 4899 3384 4969 discipulum
3414 4909 3586 4958 tuum.
3620 4900 3805 4957 Domi-

2207 5005 2277 5046 ne
2313 4991 2433 5047 lesu
2467 4991 2708 5057 Christe,
2740 4992 2788 5047 si
2811 4991 3027 5062 quidem
3049 4991 3242 5063 dignus
3271 5007 3390 5047 sum
3420 5003 3507 5048 tua
3536 5007 3805 5049 convoca—

2207 5085 2375 5149 ti0ne,
2423 5086 2690 5140 conlirma
2737 5101 2844 5140 me.
2896 5084 3110 5142 Etenim
3164 5086 3478 5142 errantibus
3529 5086 3671 5144 viam
3710 5085 3804 5142 de-

2209 5189 2506 5243 monstras,
2567 5186 2622 5232 et
2651 5177 2892 5248 perditos
2949 5193 3194 5241 revocas,
3251 5188 3494 5234 mortuos
3544 5179 3804 5248 suscitas,

2210 5270 2458 5328 infideles
2482 5271 2535 5327 in
2567 5269 2672 5328 lide
2704 5280 2794 5327 tua
2823 5270 3152 5342 conﬁguras,
3187 5279 3244 5327 et
3271 5273 3432 5328 caecis
3462 5271 3652 5330 oculos
3679 5287 3809 5328 coro

2287 5467 2312 5504 ά
2346 5468 2657 5538 Legendum
2689 5469 2739 5522 in
2766 5469 2969 5539 quibus.

2293 5550 2315 5577 θ
2347 5541 2421 5595 Ita
2465 5540 2675 5594 videtur
2723 5541 2810 5594 hic
2844 5542 2993 5594 locus
3039 5539 3323 5610 legendum
3358 5557 3373 5596 :
3405 5539 3643 5594 Arbitror
3670 5541 3812 5602 enim

2216 5628 2306 5683 per
2355 5626 2601 5664 manuum
2653 5620 2861 5666 tuarum
2901 5613 3277 5683 impositionem
3342 5627 3423 5666 me
3474 5622 3810 5682 peccatorum

2213 5682 2442 5737 meorum
2461 5682 2791 5737 abolitionem
2819 5682 3170 5753 accepturum.
