4074 6204
233 261 364 317 1181

1377 266 1792 324 SENTENTIE
1833 270 1924 325 AD
1959 269 2406 331 C(ENOBITAS.

3396 284 3535 341 H82

227 378 310 429 dis
367 377 662 433 illuminas.
717 376 797 433 Tu
855 392 915 433 es
959 378 1074 446 ipse
1103 381 1191 450 qui
1248 382 1393 437 fuisti
1423 398 1548 436 cum
1577 384 1823 453 patribus
1851 392 1897 448 Α
1928 389 2161 442 rantiam
2192 402 2371 443 meam
2402 388 2743 447 infelicitatis
2783 406 2918 450 mem
2963 412 3030 450 ne
3074 399 3393 454 memineris
3429 417 3443 453 :
3474 410 3529 454 tu

226 473 433 525 nostris
475 472 528 525 in
570 469 814 536 deserto,
849 481 904 526 ιιι
940 488 1001 527 es
1024 473 1483 530 candelabrorum
1514 476 1735 541 lumen;
1767 485 1824 530 tu

223 581 283 621 es
335 565 613 631 altarium,
646 574 703 619 et
731 567 886 635 panis
922 567 1357 635 propositionum
1386 584 1401 632 ;
1460 577 1518 621 tu
1565 582 1625 622 es
1648 582 1741 623 ara
1772 577 1831 624 et

222 658 441 713 victima
487 660 792 714 voluntaria
819 675 834 722 ;
866 669 923 714 ιιι
951 674 1014 714 es
1035 660 1151 730 ipse
1181 662 1291 715 vita
1326 676 1468 730 mea,
1506 663 1823 732 margarita,

224 750 553 816 cristallum,
586 750 776 823 jugum
820 762 1164 823 argenteum.
1204 751 1338 819 Oro,
1388 753 1639 822 Domine,
1672 755 1826 824 igno-

1932 479 2077 533 enim
2113 479 2379 536 absconsa
2410 481 2669 539 beneﬁcia
2704 493 2971 553 praestans
3001 502 3087 555 es.
3138 488 3231 559 qui
3262 489 3396 544 mihi
3418 489 3538 562 dig-

1937 580 2096 625 natus
2124 585 2183 625 es
2214 573 2398 628 omnia
2426 574 2742 631 ostendero.
2766 577 2887 632 Tibi
2913 578 2986 633 sit
3018 577 3196 635 honor
3217 621 3232 647 ,
3265 588 3534 651 pctestas,

1936 662 2075 728 laus,
2129 664 2325 734 gloria,
2373 665 2464 721 hic
2510 667 2645 722 etin
2676 679 2877 725 cuncta
2922 672 3125 727 saecula
3180 672 3538 730 saeculorum.

1940 757 2132 809 Amen.

230 900 3526 951 Μ

981 1034 1805 1147 EVAGBII
1879 1037 2746 1155 MONACEI

1342 1245 1668 1371 SEN
1685 1242 2034 1371 TEN
2051 1246 2436 1377 Tl/E.

1356 1446 1495 1510 (Cod.
1516 1445 1753 1512 Heguiar.
1782 1448 1900 1501 Luc.
1926 1450 2154 1502 Holsten.
2176 1455 2291 1502 tom.
2312 1452 2421 1516 Vl.)

1806 1632 1923 1740 Ι.

521 1836 628 1898 ΑΙ)
672 1832 821 1896 EOS
865 1830 1005 1910 QUI
1049 1826 1129 1894 IN
1174 1830 1587 1896 COENOBHS
1629 1831 1733 1895 ET
1776 1828 2331 1897 XENODOCHIIS
2374 1834 2791 1900 HABITANT
2834 1836 3221 1904 FBATBES.

286 2112 546 2169 lfmredes
589 2110 705 2177 Dei,
753 2107 935 2163 audite
995 2120 1282 2162 sermones
1315 2104 1442 2172 Dei;
1500 2105 1819 2162 cohaeredes
1849 2110 1895 2169 Β
1926 2115 2034 2172 tua,
2065 2117 2121 2161 et
2156 2122 2261 2162 non
2301 2110 2597 2166 contrahes
2644 2127 2675 2168 a
2718 2127 2883 2170 carne
2939 2125 3025 2171 tua
3066 2116 3377 2175 malitiam:
3428 2116 3523 2175 sed

214 2213 398 2261 autem
430 2200 654 2269 Christi,
693 2198 964 2271 percipite
989 2196 1204 2267 eloquia
1236 2196 1463 2266 Christi,
1502 2204 1559 2251 ut
1584 2197 1725 2252 detis
1752 2212 1817 2251 ea

215 2296 473 2352 cordibus
504 2288 740 2348 filiorum
774 2301 1126 2354 veStrorum;
1162 2287 1327 2353 verba
1370 2296 1553 2344 autem
1601 2290 1819 2358 sapien-

217 2403 332 2447 tum
366 2387 616 2445 doceatis
662 2399 778 2441 eos.
830 2383 993 2439 Pater
1042 2384 1216 2439 bonus
1248 2382 1431 2437 erudit
1464 2382 1605 2437 lillos
1637 2397 1765 2437 suos
1802 2399 1813 2435 :

218 2494 373 2554 pater
404 2490 583 2535 autem
634 2492 864 2549 nequam
899 2476 1180 2546 disperdet
1228 2488 1347 2531 eos.
1385 2474 1547 2531 Fides
1601 2474 1815 2531 initium

216 2576 509 2633 charitatis
543 2594 555 2629 :
592 2572 714 2629 linis
736 2583 918 2628 autem
948 2570 1259 2627 dilectionis
1306 2570 1534 2625 scientia
1570 2568 1685 2625 Dei.
1719 2568 1815 2625 Ti-

216 2686 339 2727 mor
375 2668 585 2723 Domini
621 2664 893 2723 custodiet
921 2665 1163 2720 animam
1198 2683 1209 2717 :
1240 2662 1582 2720 continentia
1635 2674 1814 2718 autem

218 2766 359 2820 bona
387 2765 656 2820 confortat
685 2760 854 2816 illam.
885 2758 1215 2817 Sull‘ereutia
1238 2758 1339 2812 viri
1363 2766 1591 2828 generat
1615 2772 1767 2827 spem
1798 2772 1811 2810 :

217 2877 341 2929 Spes
391 2866 574 2912 autem
624 2855 764 2911 bona
824 2852 1147 2926 glorificabit
1199 2866 1345 2907 eum.
1408 2852 1508 2918 Qui
1566 2847 1815 2905 servituti

216 2954 651 3023 snbjicitcarncs
685 2966 837 3013 snas,
873 2946 1232 3018 impassibilis
1281 2949 1428 3001 erit:
1478 2945 1568 3014 qui
1630 2954 1812 2999 autem

218 3045 390 3101 nutrit
421 3060 535 3111 eas,
563 3041 772 3098 dolebit
798 3056 965 3110 super
996 3040 1138 3096 illas.
1166 3036 1408 3108 Spiritus
1438 3036 1815 3091 fornicationis

215 3139 267 3191 in
302 3131 1140 3206 corporibusintcniperantinm
1175 3148 1187 3184 :
1221 3128 1453 3198 spiritus
1492 3138 1675 3201 autem
1712 3142 1810 3197 pu-

215 3227 417 3283 dicitiae
450 3228 500 3281 in
536 3225 735 3280 animi~
763 3223 1180 3278 abstinentium.
1240 3219 1492 3276 Secessio
1528 3234 1648 3274 cum
1681 3219 1813 3273 cha-

214 3323 379 3375 ritate
413 3317 661 3388 pnriIiCat
692 3333 786 3371 cor
814 3334 824 3369 :
857 3312 1132 3384 separatio
1162 3322 1343 3367 autem
1372 3328 1493 3367 cum
1528 3311 1651 3367 odio
1682 3325 1810 3366 con-

216 3412 397 3468 turbat
430 3409 559 3464 illud
616 3407 804 3463 Melior
854 3407 1177 3461 millesimus
1210 3405 1261 3458 in
1292 3403 1556 3458 charitate
1578 3448 1591 3469 ,
1646 3416 1807 3474 quam

1921 2201 2026 2253 erit
2051 2214 2339 2269 processus
2371 2212 2493 2257 tuus
2516 2204 2663 2260 sicut
2684 2215 2839 2262 ortus
2866 2208 3041 2263 stellae
3066 2228 3079 2275 ;
3114 2220 3168 2266 et
3197 2212 3526 2269 resurrectio

1922 2300 2033 2356 tua,
2070 2301 2343 2362 tamquam
2374 2295 2456 2349 sol
2488 2295 2735 2367 fulgebit.
2772 2298 2863 2354 Vae
2891 2300 3079 2372 iniquo
3111 2302 3163 2356 in
3198 2300 3285 2358 die
3309 2306 3522 2373 mortis,

1920 2391 1973 2439 et
2003 2385 2233 2453 injustus
2259 2387 2453 2455 peribit
2474 2389 2537 2442 .in
2573 2399 2816 2460 tempore
2846 2392 3016 2449 maio.
3049 2393 3521 2462 Quemadmodum

1920 2476 2064 2529 enim
2095 2476 2325 2531 evolavit
2345 2492 2543 2533 corvus
2570 2494 2600 2535 e
2632 2481 2763 2536 nido
2782 2498 2905 2552 sno,
2941 2486 3020 2539 sic
3048 2486 3320 2541 immunda
3341 2491 3522 2545 anima

1919 2582 1949 2620 e
1980 2580 2209 2637 corpore
2238 2582 2358 2623 suo.
2393 2568 2616 2626 Animas
2642 2572 2918 2642 jnstornm
2963 2577 3238 2632 deducent
3276 2578 3469 2650 Angeii
3505 2599 3519 2636 :

1918 2660 2132 2715 animas
2166 2670 2347 2717 autem
2380 2664 2647 2719 malorum
2686 2668 2983 2739 suscipient
3015 2668 3318 2727 daemones.
3371 2670 3521 2740 Quo-

1918 2766 2152 2823 cumque
2182 2754 2423 2824 ingressa
2456 2754 2620 2812 fuerit
2666 2758 2894 2826 malitia,
2949 2760 3022 2815 ibi
3067 2770 3123 2817 et
3170 2762 3516 2834 ignorantia:

1918 2844 2083 2900 corda
2111 2857 2290 2901 autem
2329 2850 2596 2915 justorum
2633 2851 3007 2921 implehuutnr
3056 2854 3303 2910 scientia.
3336 2857 3522 2913 immi-

1918 2938 2155 2994 sericors
2208 2945 2515 2997 monachus
2570 2945 2725 3015 inops
2788 2948 2941 3001 erit:
3008 2951 3292 3004 cnutrieus
3336 2961 3515 3008 autem

1919 3048 2186 3104 pauperes
2247 3034 2586 3091 limreditabit
2640 3037 2946 3094 thesauros.
2999 3038 3185 3095 Melior
3244 3053 3327 3098 est
3380 3059 3512 3113 pau-

1918 3139 2101 3198 pertas
2150 3144 2273 3184 cum
2329 3131 2604 3195 scientia,
2658 3147 2817 3203 quam
2862 3132 3071 3189 divitia:
3101 3150 3225 3190 cum
3260 3134 3513 3208 ignoran-

1916 3222 2008 3277 tia.
2034 3223 2423 3280 Ornantentum
2449 3227 2641 3295 capitis
2664 3243 2864 3283 corona
2889 3245 2902 3295 ;
2929 3242 3306 3285 ornamentum
3330 3243 3511 3288 autem

1915 3316 2094 3371 cordis
2127 3318 2353 3371 scientia
2391 3317 2508 3374 Dei.
2541 3318 2766 3375 Posside
2791 3321 3115 3388 scientiam,
3167 3332 3223 3376 et
3270 3338 3375 3377 non
3426 3340 3514 3378 ar-

1914 3416 2171 3478 gentum;
2204 3419 2259 3465 et
2282 3411 2604 3479 sapientiam
2631 3427 2795 3482 super
2832 3413 3056 3469 divitias
3100 3418 3319 3470 multas.
3371 3414 3509 3471 Justi

214 3506 361 3558 solus
393 3519 517 3557 cum
551 3498 677 3558 odio
706 3501 755 3553 in
787 3499 988 3554 abditis
1037 3508 1091 3552 et
1140 3498 1438 3567 speluncis.
1492 3497 1590 3561 Qui
1622 3496 1806 3566 alligat
1833 3502 1876 3562 C
1914 3502 2611 3560 Inc-reditahnntDominum
2639 3526 2648 3559 :
2680 3506 2854 3562 sancti
2889 3516 3069 3562 autem
3099 3508 3413 3563 nutrientur
3442 3509 3511 3564 ab

214 3595 534 3651 tuemur-iam
568 3593 789 3647 malitia:
822 3590 874 3645 in
908 3590 1145 3645 animam
1179 3602 1361 3655 suam,
1397 3587 1590 3642 similis
1619 3597 1701 3642 est
1733 3590 1801 3652 ei,

213 3689 303 3759 qui
354 3684 644 3755 abscondit
693 3685 868 3755 ignem
926 3684 977 3737 in
1034 3681 1223 3753 paleis.
1276 3680 1353 3735 Ne
1397 3676 1613 3734 dedi-ris
1655 3692 1809 3733 escas

214 3778 411 3833 uiultas
440 3776 657 3847 corpori
688 3780 800 3839 tuo,
834 3780 891 3829 et
923 3788 1030 3827 non
1060 3771 1269 3827 videbis
1300 3773 1351 3825 in
1385 3769 1591 3825 somnis
1634 3768 1807 3837 phan-

211 3871 375 3924 tasias
404 3869 574 3923 malas
606 3884 618 3920 :
652 3867 793 3922 sicut
816 3867 962 3921 enim
995 3863 1295 3931 ex5tingnit
1325 3862 1596 3917 ﬂammam
1626 3877 1760 3931 aqua
1789 3903 1806 3930 ,

210 3966 289 4018 sic
322 3961 707 4033 phantasmata
743 3960 921 4031 turpia
954 3959 1258 4032 exstinguit
1293 3960 1523 4014 esuries.
1579 3957 1673 4013 Vir
1703 3955 1809 4012 ira-

209 4053 420 4110 cundus
444 4052 737 4109 terrebitur
762 4068 777 4119 ;
810 4064 1127 4108 mansuetus
1150 4060 1330 4107 autem
1358 4050 1655 4122 intrepidus
1680 4051 1800 4106 erit.

210 4145 414 4203 Ventus
436 4146 644 4201 validus
671 4143 822 4216 fugat
862 4146 1057 4213 nubes,
1092 4146 1352 4200 memoria
1377 4154 1556 4199 autem
1584 4145 1804 4199 malitia:

208 4257 429 4297 sensum
463 4257 491 4294 a
524 4236 774 4295 scientia.
805 4238 906 4308 Qui
945 4244 1069 4295 orat
1112 4252 1213 4310 pro
1253 4237 1521 4304 inimicis,
1571 4236 1658 4292 hic
1706 4238 1805 4291 im-

208 4346 418 4387 memor
438 4338 526 4386 est
556 4332 776 4386 malitiae
808 4349 820 4385 :
849 4331 941 4403 qui
969 4340 1150 4386 autem
1195 4329 1366 4400 parcit
1407 4329 1643 4399 linguaz,
1695 4340 1801 4384 non

204 4424 555 4482 contristabit
594 4422 905 4496 proximum
944 4441 1128 4480 suum.
1185 4425 1241 4482 Si
1289 4425 1706 4481 cxacerbaverit
1751 4436 1802 4479 te

205 4519 376 4574 frater
409 4529 554 4585 tuus,
586 4518 748 4573 induc
772 4533 895 4573 eum
921 4518 974 4571 in
1000 4514 1219 4573 domum
1247 4527 1414 4583 tuam,
1449 4526 1501 4572 et
1527 4515 1592 4572 ad
1623 4517 1799 4588 ipsum

206 4628 274 4667 ne
303 4610 485 4683 pigeat
508 4622 558 4667 te
588 4609 857 4667 introire:
908 4609 1007 4666 sed
1040 4609 1309 4665 manduca
1349 4624 1473 4663 cum
1505 4624 1571 4664 eo
1607 4622 1799 4679 panem

206 4715 355 4760 tnum
388 4723 401 4761 :
434 4706 535 4759 hoc
564 4703 710 4760 enim
741 4702 975 4771 faciens,
1011 4698 1216 4774 eripies
1246 4702 1486 4757 animam
1530 4710 1696 4768 tuam,
1747 4711 1801 4757 et

205 4814 313 4855 non
368 4798 477 4853 erit
534 4797 629 4851 tibi
688 4796 1078 4852 oﬂendiculum
1121 4797 1173 4851 in
1218 4807 1463 4867 tempore
1504 4796 1795 4850 orationis.

1914 3611 1999 3650 eo.
2033 3594 2137 3663 Qui
2164 3597 2456 3651 miseretur
2490 3599 2840 3668 pauperibus,
2876 3600 3205 3655 exterminat
3236 3601 3373 3655 iram
3404 3619 3415 3655 :
3454 3610 3511 3657 et

1911 3688 2002 3759 qui
2038 3688 2204 3743 nutrit
2235 3705 2350 3755 eos,
2385 3689 2700 3757 implebitnr
2725 3693 2903 3746 bonis.
2937 3692 2993 3746 lu
3024 3693 3189 3747 corde
3223 3703 3508 3748 mansueto

1912 3778 2205 3848 requiescit
2239 3777 2555 3849 sapientia:
2608 3781 2771 3838 sedes
2822 3792 3003 3837 autem
3055 3784 3509 3853 impassibilitatis

1909 3871 2086 3925 anima
2120 3872 2256 3926 bene
2286 3886 2542 3940 operans.
2588 3870 2970 3930 Fabricatores
3021 3876 3285 3930 malorum
3335 3878 3509 3948 perci-

1912 3964 2056 4033 picttl
2092 3962 2398 4020 mercedem
2432 3966 2629 4021 malam
2668 3986 2678 4021 :
2715 3966 3141 4023 fabricatoribus
3187 3979 3364 4025 autem
3408 3968 3505 4024 bo-

1908 4072 2101 4110 nortnn
2147 4054 2367 4111 dabitur
2414 4072 2623 4113 merces
2675 4057 2839 4115 bona.
2903 4060 3003 4127 Qui
3058 4061 3209 4130 ponit
3255 4061 3505 4133 laqueum

1907 4146 2390 4219 Comprehenditur
2420 4150 2471 4205 in
2503 4167 2569 4206 eo
2599 4171 2610 4204 :
2643 4162 2698 4205 et
2724 4153 2816 4221 qui
2848 4153 3093 4208 occultat
3123 4154 3298 4218 illum,
3330 4155 3513 4224 dispe-

1906 4243 2100 4298 rietab
2132 4257 2218 4298 eo.
2249 4240 2441 4298 Melior
2478 4253 2560 4298 est
2609 4244 2888 4301 saecularis
2937 4255 3291 4313 mansuetus,
3344 4261 3506 4317 quam

1905 4334 2203 4390 Monachus
2228 4334 2466 4391 furiosus
2494 4345 2547 4392 et
2571 4335 2887 4392 iracundus.
2919 4337 3218 4394 Scientiam
3243 4338 3510 4407 disperdit

1906 4427 2220 4495 iracundia;
2254 4428 2579 4499 longanimis
2610 4440 2793 4487 autem
2823 4440 3121 4502 congregat
3161 4446 3302 4485 eam.
3352 4430 3505 4489 Sicut

1905 4530 2100 4575 ventus
2126 4528 2313 4577 auster
2344 4521 2638 4577 vehemens
2669 4530 2753 4578 est
2779 4522 2831 4577 in
2857 4523 3112 4594 pelagus,
3163 4525 3242 4578 sic
3272 4524 3425 4579 furor
3448 4526 3500 4579 in

1903 4614 2072 4669 corde
2098 4615 2222 4667 viri.
2253 4613 2356 4681 Qui
2384 4623 2507 4667 orat
2534 4612 2849 4683 frequenter
2876 4613 3097 4683 eﬁugiet
3128 4616 3458 4669 tentationes
3488 4634 3497 4670 :

1904 4704 2229 4775 negligentis
2272 4712 2452 4758 autem
2503 4719 2601 4758 cor
2653 4704 3057 4759 conturbabunt
3121 4706 3499 4775 cogitationes.

1902 4794 2020 4849 Non
2056 4806 2107 4850 te
2138 4796 2375 4851 delectet
2401 4795 2587 4850 vinum
2617 4805 2673 4851 et
2725 4807 2776 4851 te
2824 4812 2932 4851 non
2984 4796 3175 4852 illiciat
3219 4812 3369 4853 caro.
3421 4797 3500 4855 Ne

204 4890 359 4947 Sicut
380 4889 620 4944 charitas
652 4889 850 4959 gaudet
882 4896 1220 4957 paupertate,
1256 4888 1333 4941 sic
1354 4888 1534 4941 odium
1559 4884 1801 4942 delecta-
1829 4881 1881 4942 D
1906 4887 2146 4942 enutrias
2177 4900 2372 4941 carnes
2402 4887 2649 4953 corporis
2679 4888 2791 4953 tui,
2818 4895 2871 4941 et
2902 4888 3261 4958 cogitationes
3306 4898 3500 4960 turpes

203 4989 293 5036 tur
319 4979 547 5035 divitiis.
582 4978 697 5035 Non
728 4979 967 5049 potietur
988 4977 1142 5034 dives
1168 4978 1431 5045 scientia,
1463 4987 1515 5034 et
1555 4978 1799 5035 camelos

202 5091 310 5131 non
341 5073 588 5131 introibit
616 5074 667 5129 in
700 5071 947 5129 foramen
978 5087 1107 5128 acus
1141 5088 1156 5127 :
1190 5073 1286 5128 sed
1311 5072 1443 5129 nihil
1475 5075 1666 5127 horum
1698 5072 1799 5127 im-

202 5168 459 5245 possibile
481 5178 564 5224 est
586 5166 727 5238 apud
758 5166 1068 5227 Dominum.
1099 5167 1216 5240 jQui
1252 5165 1430 5238 diligit
1474 5163 1757 5237 pecuniam
1780 5208 1794 5233 ,

202 5278 311 5319 non
341 5260 545 5318 videbit
570 5261 888 5326 scientiam;
922 5270 977 5317 et
1004 5261 1095 5335 qui
1124 5270 1420 5333 c0ngregat
1466 5260 1637 5326 illam,
1667 5274 1798 5314 con-

201 5354 594 5409 tenebrabilur.
631 5352 686 5407 In
714 5352 1080 5408 tabernaculis
1112 5352 1399 5407 humilium
1435 5351 1800 5406 commorabi-

202 5455 290 5500 tur
320 5444 619 5501 Dominus:
654 5442 708 5499 in
736 5440 991 5500 domibus
1019 5454 1197 5500 autem
1247 5444 1609 5514 superborum
1655 5442 1795 5497 mul-

199 5535 532 5607 tipiicabitur
558 5536 930 5594 maledictum.
962 5532 1265 5593 inhonorat
1292 5536 1465 5592 Deum
1494 5536 1585 5608 qui
1618 5542 1792 5591 trans-

198 5630 444 5703 greditur
497 5632 666 5701 legem
723 5631 882 5702 ejus:
940 5632 1031 5700 qui
1083 5644 1262 5689 autem
1318 5631 1557 5687 custodit
1620 5645 1738 5685 eam
1777 5674 1791 5698 ,

200 5721 466 5794 glorilicat
515 5718 775 5777 factorem
825 5740 1005 5779 sutnn.
1052 5720 1114 5779 Si
1158 5720 1433 5778 :emuiaris
1493 5718 1790 5789 Christum,

222 5812 411 5871 beatus
436 5812 691 5870 efficieris
723 5832 735 5867 :
768 5823 943 5873 morte
969 5827 1147 5873 autem
1174 5816 1291 5887 ejus
1319 5816 1579 5872 morietur
1618 5815 1795 5870 anima

1902 4976 2157 5033 deﬁcient
2184 4993 2213 5032 a
2247 4987 2317 5034 te.
2350 4977 2428 5034 Ne
2458 4977 2610 5033 dicas
2640 4996 2652 5031 :
2687 4979 2849 5034 hodie
2890 4976 3064 5034 festus
3090 4980 3238 5047 dies,
3267 4990 3323 5037 et
3350 4981 3501 5038 biba-

1904 5088 2024 5129 mus
2053 5073 2273 5139 vinum;
2322 5084 2378 5129 et
2415 5072 2653 5128 crastino
2685 5071 3029 5141 PenteCoste,
3081 5083 3135 5129 et
3160 5074 3503 5132 manducabo

1902 5179 2123 5220 carnem
2148 5182 2160 5218 :
2195 5180 2260 5221 eo
2291 5165 2437 5233 quod
2458 5180 2563 5219 non
2584 5174 2665 5219 est
2681 5163 2947 5220 festivitas
2968 5166 3109 5236 apud
3130 5167 3497 5222 monachosin

1902 5266 2047 5314 terra
2077 5258 2142 5313 ad
2173 5258 2495 5328 replendum
2528 5266 2773 5312 ventrem
2813 5272 2992 5312 suum.
3040 5258 3249 5313 Pascha
3294 5256 3499 5313 Christi

1904 5354 2166 5408 transitus
2198 5368 2224 5405 a
2259 5350 2461 5406 malitia
2494 5359 2577 5406 est
2608 5368 2621 5405 :
2653 5350 2983 5407 Pentecoste
3014 5361 3195 5407 autem
3228 5350 3375 5419 ejus,
3410 5364 3497 5405 re—

1898 5446 2168 5500 surrectio
2197 5446 2413 5498 animae.
2445 5442 2768 5500 Pentecoste
2800 5441 3037 5509 Domini,
3062 5442 3342 5497 suscitatio
3371 5441 3501 5496 cha-

1898 5538 2076 5594 ritatis
2110 5555 2123 5593 :
2155 5537 2245 5609 qui
2276 5550 2457 5595 autem
2483 5538 2599 5593 odit
2628 5536 2854 5594 fratrem
2889 5551 3067 5600 suum,
3087 5534 3235 5590 cadit
3258 5536 3309 5590 in
3345 5536 3523 5591 rulna'

1900 5648 2116 5705 magna.
2153 5632 2446 5690 Festivltas
2474 5633 2567 5690 Dci
2596 5632 2799 5689 oblivio
2827 5630 3094 5685 malorum
3124 5646 3137 5683 :
3169 5630 3493 5685 retinentem

1904 5736 2085 5782 autem
2117 5727 2380 5784 malitiam
2426 5726 2795 5798 apprehendit
2840 5724 3039 5780 luctus.
3083 5720 3373 5778 Festivilas
3403 5721 3501 5779 Dei

1915 5820 2143 5877 scientia
2189 5836 2317 5877 vera
2353 5840 2364 5875 :
2417 5822 2506 5890 qui
2540 5829 2719 5875 autem
2764 5816 2997 5875 intendit
3038 5816 3187 5874 falsae
3234 5815 3501 5886 scientiae,
