4092 6176
584 279 723 337 1185

1926 284 2209 342 EVAGRII
2249 284 2557 345 MONACHI

3750 292 3880 351 1184

585 400 849 458 morietur
882 399 1131 471 turpiter.
1166 400 1360 458 Melius
1390 411 1475 459 est
1518 403 1787 475 jejunium
1819 420 1943 463 cum
1971 408 2175 464 mundo
2200 407 2258 470 Α
2281 410 2449 478 niam,
2476 427 2585 467 non
2618 412 2904 484 dispergas
2935 413 3084 469 illam
3112 432 3128 469 :
3162 423 3218 470 et
3246 416 3291 471 si
3321 427 3755 488 supemperatus
3778 414 3888 472 fue-

584 493 784 561 corde,
825 508 985 565 quam
1028 492 1268 563 epulatio
1310 495 1362 550 in
1409 495 1757 553 immunditia
1805 498 2022 555 animae.
2079 499 2181 568 Qui

586 583 853 655 disperdit
894 585 1259 657 cogitationes
1294 588 1468 642 malas
1507 587 1577 645 de
1620 590 1785 646 corde
1814 605 1915 647 suo
1941 636 1956 660 ,
1990 592 2183 649 similis

586 688 672 735 est
701 678 785 745 ei,
816 678 906 748 qui
949 679 1124 735 allidit
1179 681 1436 751 parvulos
1480 682 1549 739 ad
1600 694 1829 752 petram.
1884 686 2181 742 Monachus

589 772 990 829 somniculosus
1017 774 1210 830 incidit
1259 776 1314 830 in
1360 776 1549 831 mala:
1598 778 1691 849 qui
1740 788 1922 835 autem
1973 780 2177 851 vigilat,

589 866 731 923 sicut
764 880 954 934 passer
982 866 1207 922 volabit.
1241 867 1319 924 Ne
1350 868 1567 925 dederis
1604 878 1657 927 te
1686 871 1738 926 in
1770 871 1968 941 vigiliis
1992 887 2181 927 narra-

586 958 826 1013 tionibus
852 960 1231 1028 supervacuis,
1265 971 1320 1017 et
1352 977 1457 1017 non
1488 962 1718 1032 abjicias
1743 978 2027 1021 sermones
2066 966 2183 1037 spi-

588 1051 819 1107 ritales:
852 1053 1107 1120 quoniam
1139 1054 1400 1110 Dominus
1424 1056 1639 1126 inspicit
1668 1074 1763 1115 cor
1787 1068 1958 1125 tuum,
1991 1069 2047 1116 et
2076 1075 2181 1116 non

590 1152 646 1199 te
675 1147 866 1199 statuit
890 1144 1238 1202 innocentem
1262 1148 1331 1201 ab
1360 1150 1507 1204 omni
1532 1150 1698 1207 malo.
1724 1152 1959 1208 Somnus
1982 1154 2185 1209 multus

588 1236 856 1294 incrassat
881 1252 976 1293 cor
1010 1254 1025 1293 :
1055 1238 1257 1309 vigilite
1284 1251 1465 1297 autem
1499 1242 1655 1299 bonae
1686 1255 1889 1300 acuunt
1924 1256 2181 1303 mentem.

589 1334 828 1391 Somnus
860 1335 1062 1391 multus
1097 1338 1418 1407 superducit
1447 1341 1818 1408 tentatioues;
1864 1342 1955 1413 qui
2002 1352 2182 1398 autem

591 1428 780 1497 vigilat
809 1428 1001 1499 effugit
1028 1444 1143 1485 eas.
1179 1430 1332 1487 Sicut
1363 1433 1507 1503 ignis
1536 1432 1818 1503 liquefacit
1847 1450 2062 1502 ceram,
2107 1436 2187 1491 sic

591 1521 788 1591 vigilite
817 1521 973 1577 home
999 1523 1365 1593 cogitationes
1393 1526 1584 1580 malas.
1620 1526 1812 1583 Melior
1837 1537 1924 1584 est
1950 1529 2035 1584 vir
2059 1528 2187 1585 dor-

593 1612 790 1677 miens,
820 1628 981 1684 quam
1012 1614 1314 1671 monachus
1344 1618 1576 1689 vigilans
1608 1618 1663 1673 in
1697 1621 2042 1677 sermonibus
2093 1637 2186 1675 va-

591 1704 698 1757 nis.
742 1703 1025 1760 Somnium
1077 1707 1394 1779 angelorum
1450 1708 1689 1765 laetiﬁcat
1732 1726 1862 1777 cor;
1914 1711 2184 1767 somnium

2283 502 2382 571 ris,
2416 518 2523 559 non
2555 503 2802 561 detineas
2832 505 2975 577 apud
3005 516 3075 562 te.
3105 505 3273 563 Malus
3305 507 3652 576 dispensator
3681 508 3887 564 contri-

2284 596 2492 653 bulabit
2547 599 2760 654 animas
2804 598 3071 665 fratrum;
3119 610 3175 657 et
3221 616 3432 656 memor
3490 602 3714 656 malitia:
3781 616 3885 655 non

2286 688 2635 746 miserebitur
2663 706 2873 746 eorum.
2925 690 3028 759 Qui
3071 692 3341 763 disperdit
3387 694 3749 749 substantiam
3775 709 3889 749 mo-

2286 782 2530 849 nasterii,
2563 782 2780 839 fraudat
2826 785 2995 840 Deum
3031 806 3041 839 :
3093 795 3148 841 et
3191 786 3283 856 qui
3331 788 3552 859 negligit
3595 802 3744 854 eam,
3779 803 3891 843 non

2286 876 2390 932 erit
2420 876 2740 945 impunitus.
2772 877 2995 949 Iniquus
3016 878 3388 949 dispensator,
3413 880 3691 937 distribuit
3713 883 3889 947 male;

2280 967 2460 1038 justus
2489 979 2670 1023 autem
2699 978 2757 1024 ut
2782 969 3007 1041 dignum
3036 981 3118 1025 eSt
3144 970 3501 1042 dispensabit.
3520 972 3619 1041 Qui
3638 974 3784 1028 male
3805 975 3894 1029 lo-

2286 1062 2469 1133 quitur
2498 1062 2564 1118 de
2596 1064 2765 1117 fratre
2794 1078 2893 1118 suo
2925 1065 3387 1120 exterminabitur
3418 1082 3431 1119 :
3467 1067 3742 1136 negligens
3791 1081 3897 1121 au-

2287 1163 2395 1209 tem
2427 1164 2679 1225 egentem
2721 1170 2827 1209 non
2856 1155 3066 1211 videbit
3094 1156 3301 1212 lumen.
3336 1156 3527 1211 Melior
3551 1166 3633 1213 est
3658 1157 3897 1212 saecula—

2288 1247 2362 1303 ris
2391 1247 2444 1301 in
2475 1247 2788 1302 infirmitate
2817 1249 3064 1303 serviens
3094 1248 3247 1305 fratri
3272 1290 3289 1317 ,
3334 1264 3498 1320 quam
3528 1250 3894 1307 auachoretes

2286 1340 2376 1410 qui
2407 1354 2512 1394 non
2540 1340 2829 1395 miseretur
2854 1341 3112 1411 proximo
3141 1356 3261 1396 suo.
3295 1340 3565 1412 [nsipiens
3586 1341 3893 1398 monachus

2289 1432 2510 1503 negligit
2533 1433 2893 1487 instrumenta
2916 1433 3049 1487 artis
3071 1448 3186 1488 sua:
3213 1450 3226 1498 ;
3255 1433 3473 1504 sapiens
3496 1442 3674 1488 autem
3700 1448 3891 1489 curam

2291 1524 2513 1581 habebit
2540 1525 2780 1581 illorum.
2812 1524 2889 1580 Ne
2922 1524 3160 1593 dixeris,
3195 1525 3358 1581 hodie
3390 1540 3587 1581 maneo
3609 1568 3623 1591 ,
3669 1537 3724 1581 et
3768 1542 3889 1582 cras

2288 1620 2448 1677 exibo
2485 1639 2497 1673 :
2529 1618 2654 1689 quia
2686 1633 2793 1674 non
2819 1619 2872 1673 in
2898 1619 3167 1688 sapientia
3205 1619 3457 1689 cogitasti
3503 1619 3573 1674 de
3623 1618 3725 1674 hoc
3751 1619 3887 1688 ipso.

2290 1712 2564 1767 Circuitor
2613 1710 2915 1765 monachus
2946 1710 3302 1765 meditabitur
3352 1724 3640 1765 sermones
3684 1710 3883 1773 falsos;

592 1803 773 1849 autem
804 1794 1119 1852 daemonum
1151 1798 1444 1854 conturbat
1472 1799 1625 1855 illud.
1650 1800 1980 1857 Pmnitentia
2007 1812 2063 1858 et
2091 1802 2186 1856 hu-
2218 1802 2268 1863 B
2295 1805 2566 1875 proprium
2596 1814 2782 1860 autem
2824 1802 3191 1858 ludificabitur
3228 1814 3463 1871 patrem.
3517 1801 3622 1870 Qui
3665 1814 3883 1858 exornat

593 1885 801 1941 milites
827 1898 1127 1943 erexerunt
1167 1890 1449 1944 animam:
1504 1890 1856 1964 eleemosyna
1906 1902 2087 1949 autem
2133 1904 2188 1950 et

592 1980 957 2035 mansuetudo
986 1980 1450 2039 confirmaverunt
1479 1999 1623 2040 eam.
1654 1985 1924 2042 Memento
1969 2002 2188 2059 semper

590 2071 761 2143 patris
791 2073 888 2138 tui,
914 2088 1014 2129 nee
1033 2074 1377 2132 obliviscaris
1392 2077 1657 2147 judicium
1685 2088 1975 2146 internum,
2002 2089 2058 2136 et
2077 2096 2186 2136 non

590 2162 982 2220 eritdeliclum
1016 2167 1067 2221 in
1100 2169 1279 2223 anima
1304 2178 1413 2225 tua.
1445 2170 1501 2226 Si
1524 2172 1751 2241 spiritus
1771 2172 1973 2229 acedirc
1994 2188 2187 2230 ascen-

594 2256 738 2311 derit
764 2272 931 2327 super
965 2268 1041 2324 te,
1074 2275 1143 2314 ne
1172 2261 1450 2330 relinquas
1494 2263 1716 2317 domum
1760 2272 1929 2333 tuam,
1979 2273 2034 2320 et
2078 2281 2186 2322 non

592 2348 835 2403 declines
891 2352 946 2404 in
1003 2359 1251 2422 tempore
1292 2353 1579 2410 tristitizcz
1648 2357 1791 2411 sicut
1853 2359 1999 2414 enim
2068 2360 2189 2431 quis

593 2440 860 2497 confricat
888 2451 1196 2513 argentum,
1231 2446 1311 2501 sic
1336 2446 1683 2514 splendidum
1728 2450 1822 2506 fiet
1868 2466 1964 2507 cor
2011 2461 2185 2521 tuum,

594 2537 637 2591 si
672 2538 1135 2606 perseveraveris.
1197 2538 1435 2610 Spiritus
1469 2542 1615 2597 tacdii
1660 2544 1828 2614 abigit
1873 2545 2141 2619 lacrymas
2175 2567 2187 2601 :

596 2630 821 2698 spiritus
850 2638 1034 2685 autem
1066 2632 1304 2688 tristitia:
1331 2635 1670 2691 contribulat
1696 2638 2030 2694 orationem.
2074 2638 2186 2694 Cu-
2216 2632 2221 2638 ’

598 2720 755 2789 piens
783 2719 1003 2776 divitias
1030 2722 1302 2778 sollicitus
1333 2724 1442 2779 eris
1468 2726 1696 2780 multum
1715 2772 1728 2795 ,
1762 2738 1817 2783 et
1847 2729 2190 2799 amplectens

593 2810 714 2866 illas
741 2811 951 2882 lugebis
980 2814 1343 2870 amarissime.
1378 2815 1498 2872 Non
1531 2826 1840 2874 remoretur
1869 2821 2117 2891 scorpius
2136 2822 2188 2876 in

595 2904 718 2957 sinu
752 2912 874 2970 tuo;
908 2905 991 2959 sic
1022 2921 1123 2961 nec
1153 2908 1409 2979 cogitatio
1438 2910 1577 2964 mala
1613 2911 1664 2965 in
1697 2912 1865 2968 corde
1892 2922 2005 2970 tuo.
2033 2914 2191 2972 Occi-

596 2993 725 3048 dere
745 2995 1019 3064 gcuimina
1050 3009 1367 3068 serpentum
1384 3017 1452 3056 ne
1476 3017 1685 3071 parcas,
1702 3013 1753 3059 et
1781 3019 1889 3061 non
1920 3008 2191 3076 parturies

597 3088 956 3158 cogitationes
984 3105 1197 3147 eorum.
1234 3093 1385 3150 Sicut
1429 3097 1574 3152 enim
1607 3113 1796 3154 aurum
1827 3109 2190 3174 etargentum

2289 1897 2611 1952 vestimenta
2643 1911 2763 1961 sua,
2793 1905 2849 1951 et
2878 1896 3068 1967 implet
3097 1905 3344 1952 ventrem
3374 1910 3532 1950 suum
3556 1937 3571 1961 ,
3605 1896 3692 1950 hic
3720 1896 3886 1965 pascit

2288 1989 2646 2061 cogitationes
2680 1999 2902 2059 turpes,
2957 1998 3161 2044 etcum
3200 1988 3404 2043 sanctis
3450 1985 3743 2043 concilium
3782 2001 3883 2042 non

2292 2080 2529 2137 habebit.
2558 2080 2615 2136 Si
2645 2080 2964 2136 introiveris
2992 2081 3193 2144 vicum,
3217 2095 3323 2135 non
3348 2079 3750 2151 proximaveris
3773 2095 3880 2134 mu-

2290 2176 2544 2241 lieribus;
2569 2184 2626 2230 et
2649 2190 2757 2230 non
2788 2186 3033 2231 moratus
3051 2174 3223 2230 fueris
3239 2174 3593 2230 sermocinari
3618 2186 3742 2228 eum
3771 2173 3876 2237 eis;

2289 2267 2747 2339 quemadmodum
2797 2269 2943 2323 enim
2995 2268 3040 2323 si
3089 2267 3212 2337 quis
3255 2265 3448 2337 glutiat
3497 2263 3760 2331 hamum,
3813 2265 3882 2319 sic

2290 2362 2639 2419 abstrahetur
2669 2363 2845 2417 anima
2883 2370 2995 2416 tua.
3040 2358 3391 2431 Longanimis
3438 2357 3738 2413 monachus
3784 2356 3880 2411 im-

2289 2456 2652 2528 passibilitate
2678 2455 2935 2527 gaudebit
2966 2471 2980 2509 :
3015 2453 3109 2525 qui
3137 2464 3320 2510 autem
3352 2452 3648 2509 exacerbat
3694 2452 3882 2507 fratres

2290 2564 2441 2615 suos,
2494 2548 2713 2604 odibilis
2762 2547 2888 2603 erit.
2940 2547 3284 2603 Mansuetum
3334 2544 3664 2601 monachum
3718 2542 3885 2613 diligit

2294 2643 2586 2707 Dominus;
2624 2640 3000 2696 turbulentum
3044 2647 3228 2694 autem
3273 2637 3488 2707 repellit
3533 2652 3565 2690 a
3607 2650 3689 2690 se.
3737 2634 3884 2704 Piger

2293 2734 2593 2791 monachus
2634 2732 3038 2788 murmurabit:
3085 2740 3141 2787 et
3188 2729 3594 2785 somniculosus
3642 2727 3885 2782 dolorem

2292 2826 2486 2897 capitis
2513 2826 2686 2896 ﬁngit.
2725 2825 2784 2881 Si
2811 2823 3173 2880 contristatus
3207 2821 3369 2877 fuerit
3400 2822 3567 2876 frater
3588 2829 3733 2885 tuus,
3764 2835 3889 2874 con-

2293 2919 2471 2975 solare
2500 2920 2652 2974 illum
2680 2936 2693 2985 ;
2722 2927 2775 2973 et
2801 2918 2845 2973 si
2873 2917 3043 2979 dolet,
3072 2916 3304 2971 condole
3334 2914 3413 2970 illi
3440 2932 3452 2967 :
3486 2913 3592 2969 hoc
3622 2914 3769 2969 enim
3810 2914 3888 2967 fa-

2294 3015 2443 3068 cicns
2470 3011 2770 3067 lctilicabis
2787 3026 2884 3066 cor
2910 3010 3032 3080 ejus
3051 3051 3065 3075 ,
3089 3018 3144 3065 et
3168 3009 3489 3064 thesaurum
3520 3021 3776 3076 magnum
3796 3006 3891 3060 tibi

2295 3103 2596 3159 cumulabis
2625 3106 2678 3157 in
2711 3102 2888 3159 ccelis.
2922 3100 3243 3168 Monachus,
3272 3100 3363 3170 qui
3391 3098 3703 3153 dissimulat
3716 3108 3894 3152 custo-

598 3180 794 3249 probat
824 3181 965 3252 ignis
992 3225 1005 3248 ,
1038 3184 1118 3239 sic
1162 3201 1258 3241 cor
1288 3189 1544 3244 monachi
1594 3193 1842 3247 tentatio.
1887 3194 2053 3251 Aufer
2079 3212 2108 3251 a
2141 3206 2193 3253 te
2220 3185 2265 3250 C
2297 3196 2415 3253 dire
2446 3198 2731 3252 sermones
2753 3196 2946 3266 patris,
2976 3194 3271 3250 maledicct
3300 3191 3454 3248 canis
3490 3192 3663 3261 patris
3707 3190 3807 3258 sui,
3842 3198 3894 3245 et

595 3275 932 3343 superbiam,
967 3286 1019 3332 et
1047 3294 1243 3334 vanam
1277 3283 1508 3353 gloriam
1530 3328 1545 3352 ,
1577 3298 1631 3341 et
1668 3288 1986 3356 jactantiam
2032 3293 2192 3364 longe

598 3366 760 3422 facito
792 3385 819 3423 a
850 3378 924 3424 te.
958 3370 1060 3438 Qui
1089 3373 1234 3428 enim
1272 3377 1507 3445 expetita
1542 3379 1786 3448 privatur
1834 3384 2008 3454 gloria
2058 3402 2191 3442 con-

598 3460 907 3516 tristabitur
937 3482 948 3516 :
981 3462 1074 3533 qui
1110 3479 1244 3522 vero
1277 3466 1506 3538 adeptus
1533 3480 1648 3539 est,
1682 3473 1771 3529 ﬁet
1795 3476 2085 3545 superbus.
2116 3479 2193 3536 Ne

600 3550 819 3608 dederis
869 3555 1182 3624 superbiam
1212 3559 1365 3613 cordi
1401 3568 1511 3630 tuo,
1544 3576 1601 3618 et
1646 3579 1714 3620 ne
1744 3564 1948 3623 dixeris
1978 3570 2029 3624 in
2058 3585 2191 3626 con-

597 3650 784 3710 spectu
818 3644 1054 3713 Domini,
1086 3656 1281 3718 potens
1313 3666 1432 3706 sum
1460 3670 1474 3718 ;
1506 3663 1567 3707 ut
1599 3670 1704 3710 non
1740 3657 2003 3715 Dominus
2030 3660 2193 3717 dere-

538 3811 547 3820 .
600 3732 1075 3803 linquatanimam
1135 3750 1302 3807 tuam,
1334 3755 1389 3799 et
1417 3745 1635 3817 maligni
1683 3748 1969 3807 dremones
2020 3752 2196 3809 humi-

594 3826 730 3884 lient
786 3830 952 3886 illam.
997 3833 1150 3891 Tune
1197 3836 1342 3891 enim
1393 3838 1462 3894 de
1510 3855 1639 3897 aere
1692 3844 2099 3901 conturbabunt
2144 3857 2197 3904 te

599 3922 829 3991 inimici,
864 3933 1054 3981 noctes
1085 3937 1265 3983 autem
1294 3931 1567 3988 terribiles
1618 3934 1917 4007 suscipient
1945 3946 2018 3994 te.
2050 3938 2188 3995 Con-

599 4015 962 4072 versationem
996 4021 1246 4075 monachi
1279 4024 1521 4078 custodit
1574 4027 1801 4083 scientia
1837 4047 1849 4083 :
1883 4031 1974 4100 qui
2014 4040 2195 4087 autem

601 4106 668 4161 ab
699 4122 761 4162 ea
790 4107 1042 4173 discedit,
1090 4111 1279 4167 incidit
1306 4114 1361 4169 in
1395 4115 1658 4172 latrones.
1704 4118 1781 4173 De
1834 4130 1990 4190 petra
2035 4124 2198 4193 spiri-

597 4198 695 4254 tali
715 4210 899 4256 manat
926 4201 1123 4258 ﬂuvius
1148 4222 1163 4271 ;
1207 4207 1388 4260 anima
1414 4218 1596 4264 autem
1623 4209 1763 4267 bene
1785 4227 1952 4283 agens
1973 4214 2107 4270 bibit
2130 4232 2197 4271 ex

597 4308 685 4348 eo.
717 4294 821 4350 Vas
844 4295 1130 4354 electionis
1174 4300 1357 4355 anima
1403 4302 1604 4357 munda
1640 4321 1653 4357 :
1702 4303 1980 4361 immunda
2015 4317 2196 4363 autem

598 4384 909 4453 replebitur
930 4389 1317 4445 amaritudine.
1349 4390 1571 4461 Absque
1592 4393 1731 4449 laete
1758 4411 1864 4449 non
1890 4398 2200 4454 enutrietur

601 4474 780 4530 infans
811 4494 823 4530 :
853 4486 907 4530 et
932 4478 1053 4531 sine
1082 4479 1528 4547 impassibilitate
1574 4498 1682 4538 non
1720 4487 2051 4543 exaltabitur
2078 4504 2193 4544 cor.

2294 3291 2727 3362 derogabitvitac
2756 3290 2993 3344 filiorum
3026 3289 3151 3358 ejus
3187 3303 3200 3341 :
3249 3287 3516 3342 Dominus
3565 3294 3749 3340 autem
3801 3300 3898 3337 an-

2297 3383 2525 3437 nullabit
2551 3398 2695 3437 cum.
2725 3382 2829 3450 Qui
2855 3382 3199 3437 occasionem
3224 3378 3438 3452 qumrit,
3464 3381 3742 3448 separabit
3769 3394 3834 3433 se
3860 3393 3891 3432 a

2296 3473 2551 3529 fratribus
2580 3491 2594 3540 ;
2628 3484 2834 3544 patrem
2865 3483 3044 3528 autem
3073 3487 3231 3527 suum
3257 3471 3547 3526 incusabit.
3571 3469 3647 3525 Ne
3672 3469 3897 3525 dederis

2297 3566 2542 3622 auditum
2576 3575 2726 3621 tuum
2753 3565 3098 3621 sermonibus
3127 3564 3218 3636 qui
3267 3571 3394 3617 sunt
3437 3571 3626 3616 contra
3672 3569 3891 3630 patrem

2302 3668 2469 3725 tuttm,
2508 3668 2563 3712 et
2588 3674 2693 3713 non
2728 3660 2960 3714 suscites
2988 3658 3223 3712 animam
3266 3654 3649 3711 inhonorantis
3697 3653 3905 3718 illum;

2298 3762 2356 3807 ut
2388 3766 2492 3807 non
2530 3752 2791 3807 Dominus
2822 3752 3087 3806 irascatur
3119 3750 3173 3805 in
3205 3750 3465 3820 operibus
3494 3748 3621 3812 tuis,
3646 3756 3702 3802 et
3722 3747 3911 3803 deleat

2299 3860 2497 3901 nomen
2531 3857 2680 3899 tuum
2715 3845 2782 3900 de
2811 3845 2953 3900 libro
2979 3844 3248 3899 vivorum.
3272 3842 3374 3911 Qui
3398 3840 3585 3896 obedit
3610 3840 3753 3910 patri
3784 3855 3907 3894 mo-

2300 3937 2546 4001 nasterii,
2577 3937 2757 4007 diligit
2785 3937 3141 4003 semetipsum
3176 3952 3189 3987 :
3219 3935 3310 4004 qui
3349 3942 3531 3987 autem
3574 3932 3914 3986 contradicit

2297 4031 2371 4096 ei,
2407 4029 2611 4084 incidet
2642 4029 2693 4083 in
2730 4028 2892 4082 mala.
2924 4028 3124 4083 Beatus
3157 4026 3480 4090 monachus,
3526 4025 3619 4095 qui
3668 4024 3912 4079 custodit

2302 4133 2573 4193 praecepta
2606 4123 2818 4177 Domini
2854 4140 2867 4175 :
2902 4131 2958 4178 et
2988 4131 3231 4189 sanctus,
3266 4124 3356 4191 qui
3387 4128 3574 4176 servat
3618 4134 3914 4175 sermones

2302 4222 2515 4285 patrum
2555 4228 2799 4268 suorum.
2852 4213 3009 4284 Piger
3040 4214 3341 4268 monachus
3372 4213 3540 4267 multa
3572 4211 3911 4266 detrimenta

2298 4308 2536 4377 patietur
2564 4324 2576 4361 :
2614 4306 2658 4360 si
2684 4316 2863 4362 autem
2890 4306 3191 4376 perstiterit
3212 4307 3267 4361 in
3294 4305 3545 4370 audacia,
3576 4312 3633 4359 et
3657 4303 3908 4357 habitum

2301 4411 2458 4452 suum
2488 4396 2711 4466 adjiciet
2756 4397 3012 4467 perdere.
3042 4397 3143 4464 Qui
3173 4396 3416 4452 custodit
3464 4397 3705 4467 linguam
3754 4409 3913 4449 suam

2302 4490 2489 4561 dirigit
2514 4492 2632 4546 vias
2654 4505 2779 4545 snas
2812 4509 2823 4543 :
2859 4499 2914 4546 et
2943 4490 3034 4559 qui
3067 4499 3252 4545 servat
3274 4504 3370 4544 cor
3398 4504 3558 4544 suum
3590 4487 3917 4557 imple-bitur

600 4566 934 4623 Charitatem
964 4571 1244 4625 antecedit
1283 4573 1691 4642 impassibilitas
1723 4594 1736 4630 :
1774 4577 2059 4634 scientiam
2107 4595 2201 4634 au-
2225 4574 2283 4636 D
2307 4582 2556 4638 scientia.
2588 4581 2880 4637 Monachus
2912 4581 3167 4651 bilinguis
3204 4582 3390 4637 turbat
3436 4581 3679 4646 fratres;
3727 4578 3919 4634 ﬁdelis

602 4671 709 4716 tem
742 4664 999 4732 praecedit
1028 4664 1267 4721 dilectio.
1301 4665 1555 4722 Scientiae
1587 4669 1871 4741 adjicietur
1892 4674 2159 4743 sapientia
2186 4694 2197 4728 :

599 4754 1091 4824 impassibilitatem
1123 4775 1252 4814 vero
1280 4771 1507 4830 generat
1540 4765 1848 4833 prudentia.
1878 4766 2066 4821 Timor
2099 4768 2198 4822 Do-

602 4849 732 4904 mini
762 4863 989 4920 generat
1014 4852 1336 4922 sapientiam
1373 4872 1385 4908 :
1421 4855 1557 4911 fides
1585 4866 1766 4911 autem
1806 4856 2009 4913 Christi
2039 4859 2205 4915 donat

601 4943 852 4998 timorem
886 4944 1003 5000 Dei.
1038 4947 1242 5017 Sagitta
1271 4947 1512 5004 candens
1542 4949 1785 5005 incendit
1816 4952 2091 5018 animam;
2122 4955 2203 5008 vir

604 5047 784 5092 autem
830 5051 1085 5109 operator
1126 5042 1254 5098 boni
1287 5046 1587 5115 exstinguit
1624 5061 1768 5102 eam.
1814 5045 2118 5105 Clamorem
2149 5059 2203 5105 et

610 5129 1000 5199 blasphemiam
1030 5145 1315 5190 aversatur
1363 5138 1589 5193 scientia
1625 5157 1638 5193 :
1693 5154 1979 5195 sermones
2024 5150 2202 5197 autem

608 5224 831 5279 dolosos
864 5224 995 5295 fugit
1026 5227 1313 5295 sapientia.
1352 5229 1527 5285 Suave
1552 5239 1637 5287 est
1668 5232 1801 5297 mel,
1838 5241 1893 5287 et
1923 5232 2098 5289 dulcis
2130 5234 2206 5288 fa-

608 5334 705 5373 vus
731 5337 742 5371 :
778 5319 1003 5375 scientia
1033 5330 1213 5376 autem
1245 5320 1339 5377 Dei
1363 5322 1574 5378 dulcior
1595 5324 1877 5379 ambobus.
1906 5325 2067 5392 Audi,
2090 5340 2206 5381 mo-

608 5412 802 5481 nache,
836 5429 1121 5471 sermones
1152 5417 1321 5486 patris
1355 5418 1449 5484 tui,
1482 5428 1536 5473 et
1566 5433 1634 5473 ne
1665 5419 1847 5474 irritas
1890 5418 2054 5475 facias
2080 5434 2207 5476 eru-

609 5506 850 5564 ditiones
876 5510 1169 5580 ejus.Cum
1200 5507 1409 5566 miserit
1438 5520 1512 5576 te,
1543 5510 1740 5566 obaudi
1770 5513 1845 5581 ei,
1867 5522 1923 5569 et
1945 5522 2207 5584 quantum

626 5605 693 5658 ad
726 5614 963 5659 mentem
991 5608 1255 5662 comitere
1282 5621 1405 5661 cum
1433 5621 1501 5661 eo
1536 5624 1547 5660 :
1583 5607 1685 5662 hoc
1713 5605 1858 5663 enim
1891 5607 2052 5663 modo
2079 5605 2213 5661 effu-

624 5695 739 5766 gies
770 5697 1128 5765 cogitationes
1177 5697 1367 5764 malas,
1420 5707 1476 5755 et
1523 5698 1743 5769 maligni
1798 5699 2075 5757 daemones
2104 5713 2213 5755 non

645 5788 1009 5853 praevalebunt
1049 5789 1332 5846 adversunt
1380 5800 1451 5848 te.
1486 5790 1543 5846 Si
1571 5791 1866 5847 crediderit
1914 5792 2005 5848 tibi
2054 5808 2214 5862 pecu-

2311 4683 2493 4729 autcm
2525 4676 2631 4746 agit
2666 4674 2869 4745 quiete.
2902 4673 3006 4740 Qui
3030 4672 3258 4729 confidit
3310 4674 3364 4728 in
3415 4686 3511 4727 sua
3541 4672 3919 4735 continentia,

2312 4767 2399 4822 hic
2424 4768 2581 4821 cadet
2616 4785 2628 4820 :
2660 4768 2751 4837 qui
2781 4778 2960 4821 autem
2987 4766 3235 4821 humiliat
3256 4766 3518 4835 seipsum,
3552 4764 3923 4820 exaltabitur.

2312 4858 2389 4914 Ne
2418 4858 2640 4913 dederis
2668 4868 2720 4913 te
2770 4858 3043 4913 saturitati
3086 4859 3324 4923 ventris,
3370 4867 3424 4913 et
3473 4872 3579 4911 non
3627 4856 3926 4925 implearis

2312 4965 2504 5007 somno
2530 4959 2796 5005 nocturno
2822 4968 2834 5003 :
2867 4950 2972 5005 hoc
2997 4950 3142 5004 enim
3177 4949 3339 5004 modo
3361 4948 3618 5004 efficietis
3650 4950 3925 5015 mundus,

2311 5055 2365 5100 et
2396 5045 2622 5114 spiritus
2657 5044 2867 5098 Domini
2897 5043 3255 5114 superveniet
3282 5043 3333 5097 in
3370 5052 3441 5097 te.
3475 5040 3780 5096 Psallentis
3822 5042 3930 5095 viri

2308 5138 2660 5206 conquiescet
2688 5134 2988 5205 indignatio
3016 5154 3029 5190 :
3059 5146 3111 5191 et
3140 5136 3229 5206 qui
3264 5134 3588 5205 longanimis
3608 5142 3715 5199 est,
3750 5135 3933 5189 inter-

2305 5231 2444 5285 ritus
2475 5230 2599 5284 erit.
2633 5229 2710 5283 Ex
2739 5228 3167 5284 mansuetudine
3210 5236 3511 5298 generatur
3540 5228 3779 5282 scientia
3809 5247 3826 5295 ;
3863 5243 3933 5281 ex

2311 5319 2511 5375 ferocia
2543 5330 2723 5374 autem
2752 5320 2996 5375 inscitia.
3022 5320 3175 5377 Sicut
3206 5335 3342 5391 aqua
3370 5320 3463 5373 dat
3509 5321 3936 5374 incrementum

2311 5415 2672 5489 plantationi,
2722 5416 2805 5471 sic
2854 5415 3163 5471 bumiliatio
3195 5413 3497 5469 iracundiae
3524 5411 3751 5467 'exaltat
3810 5430 3939 5469 eor.

2312 5508 2412 5577 Qui
2445 5507 3046 5577 investigatconvivia,
3095 5507 3475 5574 exstinguetur
3517 5504 3704 5560 lumen
3763 5506 3941 5577 ejus;

2313 5601 2493 5656 anima
2522 5608 2701 5654 autem
2733 5599 2849 5669 ejus
2876 5598 3080 5653 videbit
3118 5596 3395 5651 tenebras.
3427 5595 3681 5650 Pondera
3712 5596 3783 5651 in
3821 5608 3947 5652 sta-

2317 5705 2428 5752 tera
2453 5708 2645 5764 panem
2670 5700 2918 5759 tuum,et
2941 5689 3067 5745 bibe
3087 5689 3153 5743 ad
3180 5702 3492 5743 mensuram
3513 5703 3713 5759 aquam
3740 5698 3907 5744 tuam
3932 5705 3947 5751 ;

2318 5800 2367 5843 et
2400 5787 2619 5857 spiritus
2653 5786 3031 5842 fornicationis
3061 5782 3227 5853 fugiet
3252 5781 3351 5839 abs
3374 5790 3447 5839 te.
3474 5781 3549 5837 Da
3578 5783 3833 5841 senibus
3862 5782 3955 5837 vi;
