4074 6204
236 275 373 329 “83

1402 277 1814 338 SENTENTIA}
1857 281 1949 336 AD
1990 278 2331 337 VIRGINES.

3387 284 3526 341 “86

231 404 387 453 num,
420 397 474 443 et
502 392 896 460 aegrotantibus
921 391 1055 448 offer
1082 406 1277 459 escas;
1314 410 1381 450 eo
1424 397 1572 466 quod
1621 396 1827 453 contri-
1857 400 1910 459 Α
1936 406 2043 452 tem
2074 395 2331 465 baptismi
2374 394 2448 450 tui
2477 408 2585 451 non
2616 394 2987 466 derelinquas,
3040 404 3097 450 et
3148 410 3255 451 non
3300 398 3534 467 repellas

231 487 429 531 verunt
451 494 644 535 carnes
664 481 965 549 juveululis
984 499 1119 539 suae.
1137 483 1251 540 Non
1266 487 1587 557 supplautes
1607 488 1833 558 fratrem

234 576 407 630 tuum,
441 579 495 623 et
527 569 580 623 in
614 572 771 627 ruina
807 573 927 643 ejus
959 591 1027 631 ne
1074 577 1476 647 congratuleris
1508 596 1521 631 :
1574 580 1838 635 Dominus

232 659 378 715 enim
405 664 687 732 cognoscit
714 680 811 720 cor
833 675 1009 733 tuum,
1043 678 1099 724 et
1126 671 1307 726 tradet
1338 680 1390 725 te
1422 670 1475 725 in
1502 670 1592 727 die
1619 672 1832 727 mortis.

231 749 528 809 Monachus
560 755 800 824 prudens
828 758 1184 829 impassibilis
1213 763 1359 817 erit:
1394 762 1712 833 imprudens
1741 779 1838 819 au-

232 850 342 899 tem
374 846 662 903 exhauriet
693 849 855 905 mala.
888 852 1118 908 Oculum
1153 869 1383 924 nequam
1408 856 1711 911 excmcabit
1732 856 1837 913 Do-

232 937 448 1004 minus;
481 939 788 1009 simplicem
816 952 1002 999 autem
1040 945 1237 1015 eripiet
1281 962 1312 1000 a
1364 946 1629 1002 tenebris.
1681 946 1837 1003 Sicut

232 1029 428 1087 lucifer
474 1034 531 1088 in
572 1036 749 1104 cmlo,
799 1038 940 1094 sicut
989 1039 1166 1109 palma
1216 1039 1269 1094 in
1315 1039 1608 1111 paradiso;
1658 1042 1738 1095 sic
1778 1040 1833 1096 in

230 1124 409 1179 anima
457 1118 742 1186 mansueta
792 1146 988 1187 sensus
1037 1149 1230 1203 purus.
1283 1134 1379 1190 Vir
1430 1135 1654 1205 sapiens
1683 1151 1835 1191 scru-

233 1218 441 1274 tabitur
466 1235 749 1279 sermones
780 1224 1200 1297 Dei,,insipiens
1230 1237 1413 1283 autem
1438 1228 1689 1284 irridebit
1712 1244 1831 1285 eos.

232 1312 332 1381 Qui
364 1313 481 1369 odit
508 1315 793 1372 scientiam
830 1318 955 1385 Dei,
1003 1330 1060 1375 et
1091 1319 1269 1390 reiicit
1305 1320 1829 1389 considerationem,

234 1406 429 1462 similis
469 1416 555 1464 est
583 1408 763 1479 ei‘qui
807 1410 996 1467 lancea
1043 1413 1233 1483 pungit
1280 1429 1377 1468 cor
1425 1430 1607 1470 suum.
1640 1415 1834 1470 Melior

236 1502 560 1557 estscientia
587 1501 869 1559 Trinitatis
881 1520 1046 1575 super
1069 1506 1356 1561 scientiam
1378 1507 1828 1578 incorporalium,

235 1602 291 1649 et
317 1594 687 1651 consideratio
718 1596 837 1667 ejus
868 1613 1033 1667 super
1060 1599 1299 1655 rationes
1327 1602 1570 1655 omnium
1599 1601 1832 1655 saeculo-

231 1701 375 1742 rum.
407 1687 542 1743 Cani
572 1704 763 1744 senum
796 1691 1198 1757 mansuetudo;
1229 1693 1339 1747 vita
1379 1703 1561 1749 autem
1612 1694 1828 1749 illorum

1933 486 2271 558 signaculum
2299 486 2545 557 spiritale
2579 504 2591 539 :
2628 495 2690 539 ut
2718 487 2864 541 adsit
2890 487 3151 542 Dominus
3180 489 3377 543 anima:
3404 499 3531 556 tum,

1931 590 1987 637 et
2018 588 2272 652 prategat
2302 590 2353 636 te
2382 580 2435 635 in
2460 579 2551 635 die
2582 580 2748 635 malo.
2797 580 3095 637 Sermones
3144 581 3531 636 ltmreticorum

1935 675 2113 729 nuntii
2135 675 2327 730 mortis
2360 692 2373 728 :
2404 673 2498 745 qui
2525 684 2711 729 autem
2740 674 2969 745 suscipit
2994 672 3147 741 illos,
3183 674 3375 744 perdet
3413 675 3534 729 ani-

1934 783 2076 823 mam
2101 784 2277 823 suam.
2310 768 2462 823 Nunc
2489 782 2645 839 ergo,
2677 768 2777 831 fili,
2809 766 2933 822 audi
2959 781 3066 833 me,
3093 775 3150 822 et
3172 781 3280 822 non
3308 766 3539 823 accedas

1934 858 2005 915 ad
2052 860 2191 914 ostia
2240 859 2481 915 virorum
2510 860 2819 929 iniquorum
2840 900 2853 925 ,
2884 873 3062 928 neque
3097 858 3345 914 ambules
3372 873 3537 929 super

1935 954 2156 1023 laqueos
2206 969 2417 1021 eorum,
2472 962 2529 1008 ut
2570 968 2679 1007 non
2730 950 2986 1022 capiaris.
3036 950 3244 1021 Separa
3293 952 3533 1006 animam

1936 1055 2081 1101 tuam
2112 1061 2141 1100 a
2173 1047 2400 1102 scientia
2427 1046 2558 1101 falsa
2592 1062 2605 1099 :
2641 1045 2841 1100 etenim
2873 1059 2974 1115 ego
3001 1058 3148 1114 stupe
3176 1044 3389 1099 locutus
3413 1057 3533 1099 sum

1933 1139 2000 1194 ad
2032 1154 2125 1195 eos
2151 1156 2164 1205 ;
2201 1140 2522 1196 tenebrosus
2550 1149 2737 1195 autem
2765 1153 3052 1195 sermones
3096 1153 3285 1194 eorum
3315 1138 3539 1195 investi-

1932 1235 2076 1304 gavi,
2124 1241 2179 1289 et
2217 1248 2489 1289 venenum
2541 1232 2789 1303 aspidum
2840 1232 3023 1287 inveni
3072 1231 3125 1285 in
3174 1231 3275 1287 eis.
3311 1230 3427 1285 Non
3456 1238 3541 1286 est

1935 1324 2246 1395 prudentia,
2271 1334 2327 1380 et
2348 1341 2454 1379 non
2486 1333 2572 1380 est
2595 1324 2865 1394 sapientia
2895 1324 2948 1379 in
2976 1323 3083 1379 viis
3101 1339 3311 1379 eorum.
3338 1324 3541 1382 Omnes

1932 1414 2023 1485 qui
2048 1416 2353 1486 suscipiunt
2374 1430 2469 1471 eos
2493 1416 2764 1485 peribunt,
2790 1424 2849 1472 et
2869 1415 2958 1485 qui
2980 1414 3213 1485 diligunt
3232 1430 3330 1471 eos
3348 1415 3539 1486 imple-

1933 1504 2137 1561 buntur
2163 1506 2343 1562 malis.
2376 1506 2497 1562 Vidi
2528 1521 2629 1577 ego
2655 1515 2840 1577 patres
2873 1506 3186 1577 dogmatum
3219 1507 3457 1570 illorum,
3486 1513 3541 1562 et

1934 1598 1989 1653 in
2020 1599 2255 1656 desertis
2280 1599 2535 1654 commisi
2568 1614 2691 1655 cum
2724 1599 2855 1656 illis.
2888 1599 3096 1655 Inimici
3124 1600 3269 1655 enim
3320 1598 3538 1655 Domini

1932 1692 2292 1749 obviaverunt
2324 1693 2481 1761 mihi,
2514 1702 2569 1749 et
2596 1694 2875 1749 daemones
2924 1693 2978 1747 in
3024 1693 3206 1751 verbis
3252 1701 3539 1749 concerta-

233 1779 465 1838 scientia
492 1797 641 1837 vera.
674 1782 897 1839 Juvenis
925 1796 1243 1841 mansuetus
1270 1788 1438 1841 multa
1468 1786 1663 1843 suffert
1692 1806 1705 1843 :
1737 1804 1832 1857 pu-
1862 1782 1911 1842 B
1937 1796 2135 1841 verunt
2164 1786 2454 1842 adversum
2486 1801 2595 1853 me,
2627 1796 2681 1841 et
2722 1800 2827 1840 non
2867 1784 2976 1840 vidi
3019 1785 3204 1841 lumen
3261 1800 3451 1841 verum
3482 1784 3537 1839 in

232 1875 563 1931 sillanimem
610 1885 793 1933 autem
826 1893 1011 1934 senem
1045 1879 1166 1949 quis
1196 1879 1534 1934 sustinebit?
1576 1878 1697 1935 Vidi
1728 1880 1834 1934 ira-

231 1967 471 2023 cundum
503 1984 687 2024 senem
720 1970 925 2024 elatum
959 1971 1101 2025 ultra
1151 1979 1367 2041 tempus
1415 1986 1575 2026 suum
1608 1988 1621 2023 :
1679 1985 1831 2040 spem

233 2068 414 2115 tamen
449 2078 554 2115 non
584 2062 771 2117 habuit
792 2063 1004 2132 junior,
1032 2080 1194 2134 quam
1229 2064 1344 2119 ille.
1370 2064 1474 2132 Qui
1498 2064 1837 2119 scandalizat

232 2154 525 2210 saeculares
546 2170 653 2209 non
685 2157 791 2211 erit
822 2156 1166 2225 impunitus:
1197 2165 1252 2210 et
1280 2156 1371 2224 qui
1394 2156 1684 2210 exacerbat
1715 2170 1829 2221 eos,

232 2244 586 2302 inhonorabit
615 2262 814 2303 nomen
845 2262 1025 2302 suum.
1060 2246 1500 2323 Conturbantem
1532 2246 1832 2303 Ecclesiam

233 2334 447 2392 Domini
498 2339 898 2395 exterminabit
932 2340 1066 2408 ignis
1100 2356 1113 2391 ε
1149 2340 1497 2394 resistentem
1529 2348 1711 2394 autem
1744 2354 1829 2392 sa-

233 2429 442 2485 cerdoti
472 2430 734 2502 deglutiet
763 2441 932 2486 terra.
957 2430 1060 2498 Qui
1079 2438 1226 2484 amat
1248 2445 1459 2501 pacem,
1490 2430 1837 2485 manducabit

234 2521 413 2575 favum
444 2522 598 2592 ejus:
629 2534 682 2579 et
712 2523 807 2594 qui
835 2522 1040 2593 colligit
1086 2538 1228 2589 eam,
1281 2522 1601 2591 implebitur
1646 2521 1830 2577 melle.

236 2616 456 2673 llonora
505 2618 837 2683 Dominum,
882 2626 939 2672 et
980 2631 1283 2687 cognosces
1327 2615 1732 2686 incorporalia;
1781 2621 1837 2669 et

236 2708 383 2765 servi
416 2708 518 2775 illi,
542 2718 597 2765 et
622 2708 880 2764 ostendet
908 2709 1004 2764 tibi
1034 2708 1278 2763 rationes
1306 2708 1657 2763 szeculorum.
1686 2706 1833 2762 Citra

235 2800 520 2855 scientiam
548 2815 656 2856 non
686 2800 1024 2857 exaltabitur
1048 2816 1168 2867 cor,
1198 2808 1253 2856 et
1279 2799 1444 2855 arbor
1482 2816 1591 2856 non
1623 2799 1839 2859 ﬂorebit

236 2894 357 2949 sine
390 2895 639 2951 humore.
669 2893 877 2950 Carnes
918 2894 1123 2951 Christi
1168 2903 1389 2951 actuum
1438 2895 1670 2950 virtutes
1701 2914 1713 2948 :
1746 2895 1838 2965 qui

237 2995 419 3042 autem
450 2986 740 3042 manducat
765 3001 881 3053 eas,
908 2985 1144 3041 efficitur
1173 2986 1550 3056 impassihilis.
1604 2982 1837 3055 Sanguis

238 3074 439 3133 ChriSti
466 3078 837 3134 consideratio
869 3078 1169 3141 factorum;
1203 3087 1257 3133 et
1284 3077 1376 3147 qui
1402 3077 1540 3132 bibit
1567 3076 1739 3142 illum,
1774 3078 1839 3131 il-

238 3171 593 3227 luminabitur
619 3172 687 3228 ab
716 3187 803 3227 eo.
836 3172 1032 3228 Pectus
1061 3172 1280 3226 Domini
1304 3172 1534 3227 scientia
1568 3171 1664 3227 Dei
1701 3189 1713 3224 :
1744 3170 1835 3241 qui
1861 3168 1905 3230 C
1939 3182 2260 3237 Trinitatem
2296 3222 2308 3245 ,
2368 3176 2716 3246 blaspltemat
2781 3174 2948 3229 Deum
2988 3190 3000 3226 :

240 3275 422 3321 autem
450 3265 765 3320 recubuerit
795 3280 959 3335 super
986 3264 1140 3329 illud,
1174 3263 1505 3335 prmdicator
1552 3265 1657 3320 erit
1700 3264 1839 3319 divi-

240 3371 459 3411 norum.
495 3354 694 3410 Plenus
720 3356 973 3420 scientia,
1001 3364 1055 3411 et
1079 3364 1231 3410 actor
1269 3354 1535 3410 bonorum
1580 3355 1835 3410 obviave-

241 3459 367 3505 runt
395 3448 497 3504 sibi
532 3466 545 3501 :
579 3447 791 3503 medius
820 3461 1001 3503 autem
1034 3449 1176 3503 inter
1208 3457 1499 3519 utrumque
1551 3449 1703 3504 stetit
1735 3449 1837 3503 Do-

240 3542 441 3598 minus.
468 3540 569 3609 Qui
597 3540 885 3611 acquisivit
911 3540 1287 3606 dilectionem,
1315 3542 1601 3611 acquisivit
1624 3540 1842 3596 thesau-

243 3652 406 3701 rum;
445 3635 657 3705 accepit
702 3642 883 3691 autem
938 3650 968 3688 a
1017 3635 1249 3690 Domino
1292 3635 1522 3705 gratiam
1567 3649 1838 3705 magnam.

242 3728 481 3783 Consilia
518 3732 829 3783 daemonum
886 3729 1171 3798 cognoscit
1216 3726 1530 3797 sapientia:
1582 3727 1839 3781 astutiam

243 3830 423 3877 autem
474 3820 689 3876 illorum
718 3819 1397 3891 investigavitprudentia.
1446 3817 1566 3875 Non
1614 3834 1841 3890 spernas

244 3912 463 3969 decreta
485 3921 691 3980 sancta,
722 3927 842 3983 quae
869 3920 1176 3982 posuerunt
1199 3920 1384 3984 patres
1412 3911 1487 3966 tui
1515 3928 1528 3964 :
1560 3910 1721 3966 fidem
1747 3926 1838 3967 au-

1934 1880 2279 1934 sermonibus
2308 1893 2519 1934 eorum.
2554 1878 2651 1934 Vir
2677 1878 2913 1934 mendax
2956 1878 3169 1933 excidet
3194 1896 3221 1931 a
3253 1878 3365 1933 Deo
3400 1895 3414 1930 :
3445 1893 3535 1932 se-

1934 1970 2143 2026 ducens
2168 1980 2350 2027 autem
2383 1971 2713 2041 proximum,
2744 1970 2945 2025 incidet
2977 1970 3030 2024 in
3053 1970 3216 2024 mala.
3244 1968 3435 2024 Melior
3454 1976 3541 2023 est

1936 2066 2223 2136 paradisus
2252 2068 2349 2122 Dei
2377 2082 2543 2134 super
2574 2067 2787 2121 hortum
2820 2063 3193 2119 olusculorum
3216 2104 3230 2129 ,
3258 2071 3313 2117 et
3342 2062 3539 2117 ﬂuvius

1937 2157 2152 2211 Domini
2181 2172 2347 2228 super
2376 2158 2599 2213 fluvium
2632 2170 2885 2228 magnum
2918 2154 3404 2211 contenebrantem
3431 2162 3539 2208 ter-

1936 2264 2075 2304 ram.
2104 2249 2347 2305 Fidelior
2369 2265 2509 2318 aqua
2536 2250 2802 2313 ctelestis,
2836 2263 3002 2317 super
3032 2262 3227 2317 aquam
3248 2245 3536 2317 IEgyptio-

1936 2362 2059 2401 rum
2086 2346 2437 2415 sapientium,
2474 2343 2847 2399 haurientium
2875 2341 2945 2397 de
2977 2351 3142 2396 terra.
3194 2339 3349 2395 Sicut
3393 2339 3536 2394 enim

1936 2439 2027 2510 qui
2058 2450 2208 2492 rotas
2248 2435 2582 2502 ascendunt,
2616 2435 2872 2489 deorsum
2904 2431 3285 2495 descendunt;
3323 2430 3404 2486 sic
3445 2429 3539 2499 qui

1936 2530 2183 2585 exaltant
2211 2528 2379 2585 verba
2419 2542 2516 2583 sua
2565 2526 2940 2580 humiliantur.
2988 2523 3268 2593 Sapientia
3320 2522 3538 2577 Domini

1936 2623 2141 2678 exaltat
2167 2636 2301 2687 cor;
2334 2620 2647 2694 intellectus
2694 2626 2881 2672 autem
2934 2615 3053 2684 ejus
3102 2613 3350 2684 purificat
3382 2612 3539 2667 illud.

1937 2716 2200 2772 Rationes
2232 2712 2593 2785 providentiae
2620 2710 2871 2765 obscuras
2897 2725 2911 2773 ;
2941 2717 2997 2763 et
3021 2709 3114 2761 vix
3168 2702 3538 2775 intelligibiles

1937 2807 2417 2865 considerationes
2441 2804 2675 2876 judicii;
2708 2804 2794 2857 vir
2834 2810 3016 2856 autem
3043 2801 3185 2855 bene
3230 2812 3400 2868 agens
3446 2811 3539 2852 co-

1938 2903 2153 2975 gnoscit
2181 2916 2293 2957 cas.
2332 2899 2432 2968 Qui
2463 2897 2714 2969 purificat
2744 2910 2804 2951 se
2830 2937 2846 2963 ,
2875 2892 3177 2964 conspiciet
3206 2902 3428 2946 naturas
3457 2890 3509 2944 in

1940 2995 2299 3067 telligibiles:
2351 2992 2593 3047 rationes
2662 2999 2843 3044 autem
2904 2983 3391 3056 incorporabilium
3446 2996 3541 3037 co-

1939 3097 2165 3159 gnoscet
2234 3083 2536 3141 monachus
2606 3082 2770 3137 mitis.
2851 3078 2956 3146 Qui
3024 3086 3331 3133 creaturam
3407 3073 3542 3128 dicit

3059 3179 3115 3227 et
3171 3168 3263 3240 qui
3329 3166 3543 3238 spernit

1937 3276 2211 3331 Christum
2242 3273 2381 3344 ejus,
2417 3287 2525 3327 non
2556 3268 2839 3340 cognoscit
2865 3280 3012 3322 eum.
3053 3259 3542 3317 Considerationes

1940 3377 2315 3424 creaturarum
2356 3364 2590 3419 dilatant
2618 3376 2715 3415 cor
2747 3375 2761 3412 :
2794 3357 2963 3413 verba
3010 3362 3194 3410 autem
3236 3348 3541 3422 prudentiae

1941 3470 1997 3518 et
2012 3459 2204 3531 judicii
2233 3456 2477 3513 exaltant
2502 3452 2657 3509 illud.
2690 3448 2929 3507 Scientia
2971 3442 3402 3517 incorporalium
3435 3440 3547 3495 elc-

1944 3564 2035 3609 vat
2058 3566 2302 3615 sensum,
2335 3557 2390 3605 et
2414 3556 2620 3602 sancta:
2650 3541 2906 3599 Trinitati
2935 3538 3232 3610 applicabit
3256 3550 3401 3591 eum.
3432 3531 3545 3587 Me-

1944 3654 2186 3701 mentote
2215 3640 2351 3711 ejus,
2382 3637 2473 3707 qui
2500 3635 2653 3691 dedit
2685 3633 2839 3687 vobis
2890 3631 2943 3684 in
2991 3628 3225 3684 Domino
3257 3622 3545 3696 proverbia

1945 3738 2242 3800 luculenta,
2276 3743 2333 3789 et
2359 3747 2465 3788 non
2496 3726 2899 3787 obliviscamini
2950 3724 3185 3779 animam
3212 3721 3331 3792 ejus
3358 3718 3544 3775 humi-

1945 3834 2052 3891 lem
2078 3834 2131 3888 in
2163 3840 2412 3899 tempore
2440 3823 2725 3882 orationis.

254 4012 3538 4069 ,Μ

1804 4155 1983 4258 ΙΙ.

1468 4364 1623 4451 ΑΙ)
1697 4355 2291 4449 VIRGINES.

1556 4520 2256 4550 ____________

321 4649 497 4720 Dilige
524 4646 812 4703 Dominum
843 4653 899 4702 et
926 4643 1131 4700 amabit
1158 4651 1245 4707 te;
1278 4648 1335 4697 et
1364 4639 1510 4695 servi
1534 4635 1616 4691 illi
1644 4644 1699 4691 et
1726 4633 1849 4688 illu-
1874 4633 1930 4693 D
1953 4630 2103 4685 dicas
2132 4626 2339 4720 :ilodie
2362 4620 3067 4720 comedo,et-crastinonon
3092 4615 3557 4720 comedamzquo:

251 4740 480 4797 minabit
497 4754 593 4795 cor
623 4747 795 4793 tuum.
830 4736 1050 4792 Honora
1085 4744 1317 4790 matrem
1350 4740 1497 4786 tuam
1544 4728 1685 4782 sicut
1732 4738 1846 4779 ma-

251 4846 391 4890 trem
421 4830 745 4896 Christi;et
790 4845 858 4885 ne
904 4842 1205 4897 exasperes
1253 4824 1515 4881 canitiem
1562 4820 1680 4889 ejus
1725 4830 1847 4887 quas

254 4928 463 5001 peperit
485 4936 555 4981 te.
582 4925 755 4994 Dilige
776 4936 1001 4977 sorores
1025 4929 1148 4975 tuas
1169 4919 1314 4973 sicut
1341 4917 1485 4969 ﬁlias
1504 4912 1694 4967 matris
1708 4919 1845 5001 tuae,

251 5000 307 5077 et
335 5034 440 5074 non
471 5016 820 5085 derelinquas
849 5013 990 5067 viam
1024 5010 1199 5081 pacis.
1238 5006 1509 5063 Exoriens
1543 5002 1628 5058 sol
1665 5000 1850 5055 videat

252 5112 500 5170 codicem
531 5111 585 5165 in
613 5107 866 5165 manibus
896 5105 1005 5160 tuis
1036 5121 1051 5169 ;
1085 5111 1140 5158 et
1171 5108 1295 5171 post
1331 5095 1625 5154 secundam
1660 5093 1851 5148 horam

254 5223 393 5279 opus
442 5215 616 5260 tuum.
665 5202 773 5257 Ora
821 5202 939 5256 sine
982 5197 1433 5257 intermissione;
1480 5200 1537 5247 et
1576 5196 1853 5244 memento

254 5301 455 5359 Christi
478 5300 568 5371 qui
597 5298 786 5369 genuit
816 5304 888 5351 te.
922 5292 1237 5349 Conventus
1270 5289 1512 5344 virorum
1543 5282 1764 5343 devita;
1797 5286 1857 5333 ut

255 5411 365 5451 non
395 5393 491 5449 fiat
516 5390 723 5447 idolum
758 5388 813 5442 in
847 5385 1026 5440 anima
1058 5395 1147 5438 tua
1175 5426 1189 5449 ,
1220 5390 1275 5437 et
1300 5381 1409 5435 erit
1438 5377 1533 5432 tibi
1562 5371 1859 5429 oﬁ‘endicu-

255 5487 365 5542 lum
394 5487 447 5541 in
477 5495 721 5556 tempore
744 5479 1031 5536 orationis.
1057 5476 1340 5533 Christum
1368 5471 1539 5527 habes
1555 5469 1813 5525 dilectum
1843 5483 1854 5519 :

256 5580 469 5653 projice
500 5580 598 5634 abs
629 5588 682 5635 te
711 5581 861 5632 viros
886 5588 1103 5639 omnes,
1134 5581 1190 5628 et
1225 5585 1333 5627 non
1361 5566 1511 5623 vives
1554 5562 1858 5635 exprobra-

259 5672 425 5729 bilem
453 5672 643 5725 vitam.
678 5669 1097 5725 Animositatem
1140 5674 1196 5721 et
1246 5663 1385 5719 iram
1424 5661 1583 5730 longe
1632 5655 1798 5711 facito
1826 5667 1857 5707 a

261 5776 316 5824 te
343 5780 361 5835 ;
388 5773 443 5823 et
477 5764 741 5820 memoria
773 5763 997 5818 malitiae
1026 5776 1133 5817 non
1162 5758 1486 5816 demoretur
1514 5750 1655 5823 apud
1687 5759 1757 5806 te.
1789 5746 1868 5803 Ne

1956 4722 2101 4776 niatn
2117 4734 2224 4775 non
2239 4718 2295 4772 in
2310 4715 2576 4787 sapientia
2602 4713 2736 4768 facis
2750 4713 2875 4767 hoc.
2893 4709 3166 4766 Eritenim
3182 4721 3322 4761 noxa
3338 4703 3555 4774 corpori

1958 4822 2073 4877 tuo,
2090 4822 2145 4867 et
2162 4810 2321 4866 dolor
2340 4807 2627 4865 stomacho
2641 4816 2750 4860 tuo.
2770 4803 2947 4861 Edere
2968 4815 3189 4857 carnem
3205 4814 3311 4853 non
3330 4798 3554 4863 bonum,

1956 4912 2013 4959 et
2031 4904 2221 4959 bibere
2238 4904 2423 4956 vinum
2456 4915 2563 4954 non
2589 4898 2888 4969 optimum:
2922 4894 3120 4950 offerre
3134 4901 3316 4947 autem
3345 4896 3563 4960 oportet

1958 5004 2011 5050 te
2028 4994 2128 5049 ista
2144 4992 2567 5047 infirmantibus.
2590 4988 2757 5059 Virgo
2773 4986 3085 5042 turbulenta
3105 4999 3211 5038 non
3232 4981 3556 5044 salvabitur;

1959 5098 2013 5145 et
2033 5103 2156 5160 quae
2181 5087 2235 5142 in
2266 5086 2476 5142 deliciis
2502 5084 2614 5153 agit
2635 5098 2743 5137 non
2766 5080 2973 5135 videbit
2991 5091 3253 5149 sponsum
3267 5090 3450 5131 suum.
3484 5072 3563 5128 Ne

1959 5184 2134 5250 dicas,
2162 5180 2508 5239 contristavit
2533 5194 2622 5234 me
2644 5176 2866 5243 famula,
2886 5174 3185 5231 retribuam
3209 5173 3289 5236 ei;
3309 5178 3561 5242 propter-

1962 5290 2025 5331 ea
2066 5273 2209 5345 quod
2250 5286 2361 5328 non
2400 5281 2485 5327 est
2511 5270 2753 5325 servitus
2797 5268 2851 5322 in
2899 5266 3114 5321 ﬁliabus
3152 5263 3268 5318 Dei.
3316 5259 3431 5315 Non
3463 5257 3561 5312 des

1961 5366 2205 5421 auditum
2229 5375 2377 5419 tuum
2401 5360 2584 5417 verbis
2612 5358 2791 5425 vanis,
2814 5366 2870 5415 et
2890 5356 3232 5413 narrationes
3253 5349 3559 5407 vetularum

1961 5460 2086 5531 fuge
2113 5454 2597 5513 circumeuntium.
2646 5451 2839 5507 Ferias
2869 5448 3210 5506 ebriosarum
3253 5457 3322 5497 ne
3351 5440 3560 5507 videas,

1962 5563 2019 5611 et
2068 5554 2122 5608 in
2170 5551 2389 5622 nuptias
2416 5549 2581 5605 alieni
2627 5562 2736 5604 non
2787 5543 3035 5600 abieris:
3091 5535 3368 5608 immunda
3416 5534 3560 5591 enim

1960 5647 2103 5717 apud
2142 5644 2426 5702 Dominum
2465 5643 2643 5699 omnis
2671 5640 2819 5711 virgo
2858 5635 3064 5692 faciens
3095 5632 3235 5687 hzcc.
3281 5629 3448 5701 Aperi
3500 5642 3563 5683 os

1972 5750 2122 5798 tuum
2151 5740 2321 5797 verbo
2354 5738 2491 5803 Dei;
2537 5744 2591 5792 et
2633 5732 2828 5791 cohibe
2870 5744 2901 5787 a
2944 5724 3303 5799 multiloquio.
3322 5724 3563 5797 linguam
