4092 6176
622 283 760 342 118⁸1

1747 275 1954 336 INDEX
1995 275 2524 338 ΔιρωΑΒΕτιιςυε
2560 281 2801 342 REBUM

3797 293 3930 352 U88

610 403 781 452 tuam.
817 393 1013 449 Coram
1043 391 1155 447 Deo
1195 389 1426 448 humilia
1453 398 1506 446 le
1530 391 1702 460 ἱρωω
1728 405 1744 454 ς
1777 399 1831 445 el
1861 391 2121 447 Elﬂllabil
2164 401 2218 448 le
2246 394 2296 455 Δ
2319 395 2470 452 debit
2497 397 2878 457 advenientem
2900 414 3162 470 sponsum
3191 415 3372 456 suum.
3403 404 3615 459 Vitrum
3663 404 3878 461 cadens
3905 423 3931 461 a

611 488 836 544 dextera
867 487 1007 556 ejus.
1039 485 1118 542 Ne
1147 483 1414 540 avertaris
1442 501 1469 537 a
1503 499 1744 553 paupere
1770 485 1822 540 in
1853 492 2097 552 tempore
2121 485 2218 540 tri-

611 580 949 644 bulationis;
1003 587 1058 634 et
1108 593 1214 634 non
1266 577 1487 633 deficiet
1534 578 1717 634 oleum
1768 575 2034 644 lampada:
2088 587 2215 633 tuae.

605 674 804 730 Omnia
835 671 922 728 fae
953 682 1180 740 propter
1217 669 1548 734 Dominum;
1595 678 1650 725 et
1689 668 1802 723 noli
1849 682 2100 738 uomere
2146 668 2219 725 ab

608 763 925 821 hominibus
943 761 1175 834 gloriam
1211 781 1223 816 :
1255 761 1517 832 quoniam
1568 760 1744 834 gloria
1784 759 2028 819 hominis
2075 761 2219 816 sicut

604 858 708 914 Ilus
735 857 886 923 feni;
935 857 1116 928 gloria
1145 865 1334 914 autem
1379 855 1593 910 Domini
1629 866 1806 910 manet
1841 855 1893 911 in
1929 867 2212 910 uernum.

609 949 885 1020 Virginem
911 957 1255 1006 mansuetam
1284 947 1462 1018 diligit
1509 947 1809 1012 Dominus;
1847 946 2000 1017 virgo
2030 957 2214 1001 autem

603 1043 867 1099 iracunda
891 1041 1114 1099 odibilis
1142 1051 1245 1097 est.
1281 1038 1591 1095 Obandiens
1614 1040 1762 1109 virgo
1783 1037 2215 1095 misericordiam

605 1135 968 1204 subsequatur
1003 1152 1015 1189 :
1047 1132 1427 1190 contradicens
1474 1142 1678 1198 autem,
1727 1131 1884 1188 valde
1925 1129 2212 1199 insipiens.

606 1228 1003 1283 Murmurosam
1047 1225 1314 1296 virginem
1353 1222 1624 1294 dispertiit
1669 1223 1974 1287 Dominus;
2004 1231 2212 1292 gratam

600 1330 787 1378 autem
811 1318 1053 1376 liberata
1081 1327 1275 1374 morte.
1303 1314 1506 1385 Turpis
1535 1315 1706 1377 risus.
1739 1323 1794 1372 et
1819 1311 2215 1384 mprobi-abitis

607 1411 943 1482 impudicitia
973 1428 987 1463 :
1016 1409 1195 1466 omnis
1226 1417 1411 1464 autem
1443 1406 1703 1474 insipiens
1733 1405 1932 1465 talibus
1968 1405 2213 1473 implica-

605 1504 772 1562 bitur.
801 1503 935 1570 Qu:
965 1511 1190 1557 exornat
1221 1508 1403 1556 vestes
1435 1512 1563 1554 snas
1591 1499 1756 1554 etiam
1785 1496 2038 1567 pudicitia
2073 1498 2218 1552 exci—

602 1595 715 1652 det.
752 1594 871 1652 Non
903 1592 1260 1651 conitttoreris
1292 1589 1664 1651 saecularibus.
1714 1599 1773 1648 ut
1823 1605 1928 1648 non
1969 1600 2216 1647 avertant

601 1699 756 1746 tuum
782 1705 897 1754 cor,
931 1696 987 1745 et
1020 1688 1172 1744 irrita
1203 1686 1405 1745 faciant
1451 1684 1674 1742 consilia
1721 1683 1889 1753 justa.
1935 1683 2213 1753 Lacrymis

2320 499 2453 541 saxo
2483 488 2923 555 comminuetur;
2955 500 3014 546 et
3037 492 3188 562 virgo
3214 493 3466 562 adjuncta
3497 498 3613 550 viro
3667 511 3784 552 non
3828 500 3932 552 erit

2320 581 2601 636 innocens.
2636 582 2826 638 Melior
2853 585 3050 640 mulier
3092 597 3377 642 mansueta
3419 587 3630 660 virgine
3678 590 3930 646 animosa

2317 685 2376 730 et
2399 675 2676 730 iracunda.
2705 677 2842 745 Quas
2861 679 3082 734 attrahit
3112 679 3166 734 in
3192 680 3307 736 risu
3334 695 3624 739 sermones
3673 684 3805 751 viri,
3857 685 3932 740 si-

2318 765 2467 820 milis
2505 776 2588 820 est
2629 766 3078 824 circummitteuti
3121 771 3372 842 laqueum
3417 773 3563 829 eollo
3602 789 3723 830 suo.
3773 778 3934 832 Sicut

2318 858 2609 925 margarita
2635 856 2689 910 in
2719 859 2998 918 tundibulo
3027 875 3238 927 aureo;
3275 865 3355 918 sle
3401 865 3683 938 virginitas
3728 882 3932 939 coope-

2315 959 2435 1003 rata
2457 954 2781 1007 reverentia.
2813 953 3029 1008 Cant-ica
3061 955 3372 1012 dannonum
3396 969 3448 1012 ct
3470 960 3614 1016 tibiae
3637 961 3932 1017 resolvunt

2315 1042 2576 1110 animam,
2609 1054 2664 1098 et
2687 1045 3020 1116 disperdunt
3048 1048 3420 1105 fortitudinem
3454 1052 3592 1121 eius,
3632 1070 3798 1122 quam
3831 1070 3932 1109 cn-

2313 1135 2458 1188 stodi
2484 1151 2582 1204 per
2604 1137 2811 1202 omnia,
2843 1147 2900 1192 ut
2929 1154 3037 1194 non
3067 1143 3469 1209 caprobrabilis
3499 1145 3618 1199 Ilas.
3663 1145 3781 1200 Non
3821 1146 3929 1201 de-

2315 1229 2535 1284 lecteris
2563 1230 2616 1285 in
2647 1233 2780 1297 risu,
2814 1241 2869 1287 et
2895 1234 3333 1304 vituperantibus
3357 1252 3466 1290 non
3508 1236 3712 1292 laeteris
3741 1257 3756 1291 :
3789 1255 3930 1310 quo-

2316 1324 2461 1379 niam
2485 1325 2750 1382 Dominus
2774 1327 3122 1398 derelinquet
3142 1345 3256 1384 eas.
3283 1329 3399 1385 Non
3437 1331 3797 1401 exprobrabis
3831 1349 3926 1388 se.

2317 1434 2497 1474 tarem
2529 1430 2676 1474 tuum
2701 1420 2979 1486 edentem,
3007 1433 3063 1475 et
3083 1423 3140 1476 in
3170 1423 3496 1478 abstinentia
3517 1431 3601 1479 tua
3622 1441 3738 1480 non
3766 1425 3924 1480 exal-

2315 1511 2449 1566 teris
2483 1529 2497 1566 :
2528 1526 2637 1568 non
2669 1513 2814 1566 enim
2843 1513 2953 1568 seis
2989 1513 3121 1583 quid
3169 1515 3430 1584 cogitavit
3478 1515 3740 1571 Dominus
3764 1560 3778 1582 ,
3825 1528 3922 1572 aut

2315 1604 2440 1673 quis
2465 1605 2630 1659 stabit
2657 1605 2714 1659 in
2738 1613 3037 1674 conspectu
3063 1606 3206 1676 ejus.
3231 1606 3368 1674 Qum
3407 1609 3701 1666 miseretur
3749 1611 3916 1665 liven-

2317 1698 2464 1754 tibus
2489 1699 2665 1752 ocnlis
2691 1701 2828 1763 suis,
2855 1710 2912 1754 et
2936 1701 3340 1757 tabescentibus
3365 1704 3627 1758 carnibus
3647 1706 3784 1766 suis,
3807 1720 3913 1760 non

605 1783 660 1840 io
691 1791 852 1839 nocte
873 1796 999 1851 roga
1022 1779 1332 1846 Dominum,
1363 1786 1421 1836 et
1451 1791 1612 1834 nemo
1636 1778 1837 1836 sentiat
1855 1787 2104 1834 orantem
2139 1786 2207 1842 te,

2314 1789 2590 1844 lintubitur
2619 1804 2786 1858 super
2815 1791 3256 1861 impossibilitate
3280 1795 3501 1850 anima.
3527 1797 3724 1852 Gravis
3749 1799 3915 1852 absti-

600 1886 661 1931 et
677 1876 918 1931 invenies
937 1874 1187 1945 gratiam.
1213 1871 1668 1943 ConstIpiscenlia
1690 1869 2208 1935 deambulationum,

599 1981 658 2026 et
683 1969 1011 2025 desiderium
1057 1968 1360 2023 alienarum
1426 1965 1683 2022 domuum
1749 1965 1946 2020 avertit
2009 1971 2209 2020 statum

600 2063 798 2118 anima
825 2103 838 2124 .
887 2069 940 2118 ct
987 2060 1286 2127 corrumpit
1338 2067 1642 2127 promptam
1693 2057 2022 2114 voluntatem
2070 2053 2207 2124 ejus.

605 2153 812 2209 Fidelis
842 2154 993 2222 virgo
1042 2168 1148 2207 non
1195 2149 1536 2214 formidabit;
1577 2164 1700 2216 qua
1747 2157 1926 2205 autem
1980 2145 2211 2205 inﬁdelis

603 2260 710 2314 est,
756 2246 925 2318 fugiet
950 2246 1113 2300 etiam
1165 2244 1411 2299 umbram
1455 2256 1635 2298 suam.
1685 2240 1891 2298 Invidia
1939 2239 2214 2296 consumit

604 2339 838 2392 animum
867 2375 884 2400 .
910 2345 967 2392 et
990 2336 1129 2390 livor
1165 2334 1393 2388 devorat
1420 2347 1565 2390 eam.
1613 2333 1743 2398 Quae
1791 2332 2096 2388 contemnit
2123 2345 2212 2386 so-

602 2443 784 2484 rorem
817 2427 1108 2490 inﬁrmam,
1139 2433 1195 2482 et
1233 2439 1267 2478 a
1308 2423 1526 2480 Christo
1572 2423 1730 2491 longe
1769 2423 1895 2478 erit.
1942 2421 2019 2479 Ne
2063 2422 2214 2478 dicas

604 2535 784 2576 meum
837 2519 976 2582 hoc.
1027 2527 1081 2576 et
1126 2524 1279 2574 tuum
1319 2514 1496 2572 illud:
1547 2514 1599 2568 in
1631 2513 1850 2570 Christo
1897 2513 2042 2570 enim
2085 2513 2210 2571 lusu

602 2612 787 2669 omnia
819 2607 1149 2666 communia.
1195 2606 1313 2664 Non
1357 2605 1601 2676 inquiras
1667 2605 1832 2660 vitam
1866 2605 2087 2662 alterius
2108 2649 2122 2672 ,
2154 2614 2214 2666 et

602 2705 776 2762 ruina:
803 2702 1008 2760 sororis
1035 2711 1143 2758 tute
1171 2717 1279 2756 non
1309 2697 1677 2769 cengaudeas.
1701 2696 2060 2754 thministra
2108 2713 2206 2752 au-

599 2808 713 2852 tem
746 2795 1114 2866 indigentibus
1144 2790 1438 2861 virginibus
1465 2806 1479 2856 ;
1513 2798 1570 2845 et
1605 2787 1662 2844 in
1694 2789 1977 2846 nobilitate
2025 2796 2112 2844 tua
2143 2805 2210 2848 ne

603 2886 906 2944 extollatis.
940 2885 1055 2942 Non
1095 2883 1341 2950 proferas
1375 2881 1602 2940 verbum
1634 2880 1704 2936 de
1735 2895 1830 2938 one
1871 2890 1963 2938 tuo
2012 2883 2064 2936 in
2111 2895 2209 2938 ec-

603 2980 770 3037 clesia
799 2978 1055 3042 Domini;
1085 2986 1141 3035 et
1182 2991 1250 3034 ne
1281 2975 1511 3034 extollas
1556 2974 1747 3030 oculos
1797 2983 1960 3031 tuos;
2009 2975 2206 3030 ctenim

603 3071 868 3128 Boarium
895 3069 1178 3140 cognoscit
1207 3077 1358 3126 tuum
1394 3081 1517 3134 cor,
1547 3076 1597 3120 et
1622 3080 1814 3121 omnes
1853 3067 2210 3136 Cogitatioiics

2315 1882 2522 1946 tientia,
2551 1892 2605 1936 et
2637 1884 2723 1936 vix
2753 1884 3050 1954 dirigibilis
3093 1887 3321 1941 castitas
3347 1905 3361 1938 τ
3391 1887 3490 1942 sed
3521 1887 3658 1943 nihil
3703 1890 3910 1944 dulcius

2310 1975 2529 2032 calesti
2555 1991 2783 2047 sponso.
2837 1979 3051 2036 Anima:
3098 1981 3368 2052 virginum
3413 1981 3908 2038 illuminabuntur:

2310 2069 2510 2123 auitam
2539 2080 2720 2124 autem
2747 2071 3148 2128 immundarum
3177 2073 3440 2129 videbunt
3463 2075 3742 2131 tenebras.
3798 2075 3909 2130 Vidi

2315 2160 2461 2215 viros
2489 2174 2908 2230 corrumpenti-s
2961 2155 3200 2235 virgines
3246 2168 3301 2221 in
3348 2168 3605 2222 doctrinis
3647 2169 3809 2233 suis,
3860 2178 3913 2223 et

2314 2267 2504 2307 vanam
2539 2254 2802 2309 facientes
2837 2256 3201 2327 virginitatem
3220 2258 3530 2312 earnm.‘l’u
3548 2267 3736 2314 autem
3763 2259 3905 2326 audi,

2312 2346 2445 2408 tilia,
2475 2347 2753 2403 doctrinas
2781 2349 3044 2405 Ecciesias
3075 2351 3200 2415 hei,
3254 2364 3312 2407 et
3338 2368 3504 2406 nemo
3529 2353 3740 2406 alienus
3785 2369 3906 2423 per-

2310 2437 2540 2493 suadeat
2567 2440 2686 2493 tibi.
2721 2441 2862 2496 tiens
2895 2443 3134 2497 fundavit
3153 2444 3351 2499 etaim
3375 2456 3429 2498 et
3459 2456 3683 2508 terrain,
3715 2453 3772 2499 et
3797 2460 3912 2513 pro-

2313 2530 2447 2584 vidit
2469 2533 2748 2599 omnibus,
2779 2543 2836 2587 et
2861 2533 3074 2590 laetatur
3107 2535 3164 2590 in
3187 2535 3310 2601 eis;
3343 2545 3403 2592 et
3441 2552 3548 2590 non
3579 2545 3664 2591 est
3691 2539 3908 2607 angelus

2311 2635 2420 2674 non
2441 2637 2609 2692 capax
2655 2625 2900 2690 malitiw,
2923 2634 2979 2680 et
3005 2643 3114 2681 non
3143 2637 3225 2682 est
3244 2627 3460 2682 damon
3481 2637 3678 2682 natura
3703 2630 3904 2683 malus:

2311 2722 2599 2783 utrumque
2622 2717 2770 2770 enim
2797 2715 2950 2770 liberi
2977 2717 3187 2772 arbitrii
3216 2718 3349 2774 fecit
3377 2720 3538 2774 Deus.
3571 2720 3730 2774 Sient
3753 2720 3908 2774 homo

2309 2821 2376 2859 ea
2393 2821 2633 2876 corpore
2651 2809 2995 2878 corruptibili
3012 2821 3066 2864 et
3084 2812 3262 2866 anima
3283 2811 3540 2866 subsistit
3564 2812 3905 2876 rationabili;

2307 2897 2389 2952 sic
2416 2898 2562 2953 enim
2589 2909 2645 2953 et
2672 2899 2936 2954 Domini“
2986 2913 3178 2958 noster
3211 2914 3376 2958 natus
3398 2911 3488 2958 est
3507 2903 3634 2959 sine
3663 2912 3904 2973 peccato,

2311 2989 2577 3044 manduca
2586 3005 2648 3044 ns
2666 2990 2933 3049 manduca
2946 2993 3016 3046 vit
3030 3033 3043 3058 ,
3064 3003 3123 3047 et
3141 2993 3458 3060 crucifixus,
3475 2994 3667 3049 cru-citi
3678 3010 3777 3049 sus
3789 3003 3872 3049 est
3887 3011 3904 3046 τ

2309 3099 2418 3136 non
2446 3093 2568 3138 erat
2613 3086 2748 3139 visio
2781 3085 2903 3142 ficta
2927 3087 2980 3139 in
3007 3087 3188 3142 aetolis
3237 3087 3542 3144 hominum.
3599 3089 3721 3144 Erit
3770 3104 3902 3144 mer-

602 3174 722 3219 tuas
765 3161 1003 3230 inSpicit.
1053 3159 1283 3218 Omnem
1333 3158 1532 3213 malam
1577 3157 2066 3229 concupiscentiam
2116 3173 2204 3214 re-

2309 3185 2525 3231 tuorum
2557 3179 2909 3246 resurrectio,
2940 3188 2996 3234 et
3023 3180 3258 3235 mmdus
3279 3182 3526 3236 transibit
3557 3181 3699 3235 iste:
3731 3191 3784 3236 et
3808 3195 3903 3235 nos

599 3255 746 3326 pelle
768 3269 803 3310 a
830 3261 922 3318 te;
947 3261 1008 3310 et
1034 3269 1145 3308 non
1171 3251 1573 3310 contristabunt
1600 3263 1649 3305 te
1674 3250 1878 3308 inimici
1908 3251 2003 3308 tui.
2031 3251 2206 3310 Psalle

599 3346 670 3402 de
697 3344 863 3403 corde
887 3353 1011 3411 tuo.
1043 3354 1100 3402 et
1126 3359 1236 3398 non
1269 3357 1488 3398 moveas
1523 3349 1731 3398 tantum
1762 3343 2003 3412 linguam
2033 3353 2200 3400 tuam.

598 3437 768 3493 Fatua
801 3436 957 3507 virgo
980 3436 1174 3506 diliget
1199 3444 1480 3505 argentum
1507 3450 1520 3499 ;
1557 3433 1795 3503 prudens
1825 3444 2001 3492 autem
2033 3450 2200 3507 appo-

600 3542 695 3585 net
741 3539 797 3585 et
843 3544 1036 3599 panem
1079 3542 1257 3586 suum.
1313 3527 1469 3588 Sicut
1515 3527 1752 3598 impetus
1799 3527 1936 3597 ignis
1983 3528 2205 3588 difﬁcile

596 3621 1004 3691 compescitur;
1031 3621 1111 3679 sic
1136 3618 1312 3674 anima
1345 3618 1567 3688 virginis
1613 3618 1893 3676 vulnerato
1927 3621 2017 3675 vix
2047 3633 2204 3677 sana-

598 3713 748 3771 bilis.
776 3712 855 3770 Ne
883 3712 1099 3770 dederis
1127 3714 1367 3768 animam
1399 3721 1544 3766 tuam
1576 3711 1998 3782 cogitationibus
2027 3714 2198 3781 malis,

599 3817 655 3860 ut
687 3821 793 3860 non
826 3805 1070 3876 polluant
1119 3815 1266 3858 tuum
1309 3817 1441 3870 eor,
1487 3813 1547 3858 et
1591 3802 1850 3858 mundam
1901 3805 2200 3862 orationem

595 3899 756 3970 longe
789 3899 1046 3953 facianta
1077 3905 1151 3952 te.
1199 3895 1394 3953 Gravis
1441 3896 1656 3951 tristitia
1683 3937 1697 3962 ,
1747 3907 1799 3951 et
1843 3896 2202 3952 intolerabilis

594 3991 781 4046 acodia
805 3987 1174 4060 ;lacryma:ad
1192 3987 1486 4042 Dominum
1513 3987 1806 4044 validiores
1825 3998 2196 4058 utrorumque.

594 4081 791 4138 Fames
820 4093 873 4136 et
903 4081 1023 4134 sitis
1047 4093 1387 4133 marcescere
1420 4079 1546 4132 facit
1583 4080 2056 4147 concupiscentias
2077 4095 2201 4154 ina-

592 4173 673 4230 las
706 4191 720 4228 :
752 4173 934 4243 vigilia
963 4179 1144 4227 autem
1187 4172 1328 4227 bona
1378 4169 1626 4240 purificnt
1671 4185 1913 4225 sensum.
1961 4171 2097 4226 Iram
2146 4184 2201 4230 et

588 4266 991 4321 animositatem
1014 4262 1212 4318 avertit
1241 4262 1462 4320 dilectio
1489 4278 1502 4327 ;
1538 4262 1857 4317 memoriam
1883 4272 2061 4318 autem
2089 4279 2201 4317 mn-

589 4356 722 4411 litia:
750 4355 1086 4412 confundunt
1133 4369 1382 4408 munera.
1435 4353 1535 4420 Qui
1583 4353 1821 4407 detrahit
1865 4355 2037 4412 sorori
2083 4368 2198 4410 sua:

588 4450 820 4513 occulte,
845 4446 1051 4500 deforis
1084 4445 1248 4499 stabit
1276 4461 1304 4497 a
1339 4444 1582 4498 thalamo
1611 4445 1821 4513 sponsi,
1855 4455 1909 4499 et
1943 4445 2200 4500 clamabit

591 4539 660 4596 ad
683 4539 880 4611 jmuas
908 4539 1049 4609 ejus,
1084 4545 1140 4592 et
1167 4552 1274 4591 non
1323 4537 1428 4591 erit
1449 4536 1538 4604 qui
1565 4535 1824 4590 exaudiat
1852 4552 1992 4591 eam.
2031 4538 2198 4608 Virgi-

590 4631 679 4688 nis
705 4629 1151 4687 immisericordis
1174 4628 1563 4698 exstinguere:
1586 4627 1862 4698 lampada,
1893 4638 1947 4685 et
1971 4644 2086 4685 non
2111 4633 2194 4686 vi-

2307 3270 2576 3340 spirilalia
2601 3271 2932 3341 accipiemus
2951 3288 3206 3344 corpora.
3233 3272 3374 3328 .Insti
3403 3273 3804 3328 haredit-abeet
3826 3273 3904 3326 Iu-

2308 3378 2432 3416 men
2464 3379 2479 3427 ;
2508 3363 2656 3432 impii
2695 3374 2874 3419 autem
2915 3363 3299 3420 inhabitabunt
3345 3365 3628 3421 tenebras.
3667 3365 3904 3436 Virginis

2306 3455 2448 3509 oeuli
2485 3456 2652 3510 Deum
2681 3456 2945 3513 videbunt
2979 3497 2990 3510 .
3019 3471 3181 3512 aures
3195 3465 3382 3513 ausam
3431 3458 3660 3528 virginis
3687 3457 3906 3512 audient

2305 3548 2472 3604 verba
2497 3548 2638 3616 ejus.
2670 3548 2908 3619 Virginis
2933 3565 2998 3602 os
3018 3548 3361 3604 osculabitur
3393 3563 3658 3620 sponsum
3699 3563 3859 3603 suum
3893 3565 3904 3600 :

2305 3639 2565 3696 odoratus
2621 3649 2804 3695 autem
2857 3641 3126 3712 virginum
3175 3641 3228 3695 lu
3275 3641 3450 3696 odore
3493 3649 3906 3712 unguentorum

2302 3733 2424 3802 ejus
2451 3741 2657 3787 curret.
2690 3731 2876 3788 Manus
2905 3733 3134 3803 virginis
3162 3731 3465 3804 palpabunt
3497 3732 3824 3794 Domina;
3853 3742 3908 3788 et

2300 3824 2530 3880 castitas
2554 3826 2737 3879 carnis
2767 3824 3120 3894 acceptabilis
3160 3823 3239 3884 illi
3286 3825 3414 3880 erit.
3463 3823 3704 3894 Virginis
3727 3824 3906 3878 acina

2303 3919 2674 3986 coronabitur,
2703 3927 2761 3974 et
2785 3934 2910 3974 cum
2943 3934 3149 3988 sponso
3169 3933 3277 3976 suo
3297 3921 3440 3978 vivet
3459 3933 3707 3987 semper.
3731 3917 3908 3972 Vesti-

2301 4021 2546 4066 mentum
2569 4011 2816 4082 spiritale
2845 4010 3065 4065 dabitur
3089 4011 3176 4076 ei,
3203 4020 3258 4066 et
3278 4026 3405 4066 cum
3432 4009 3640 4079 angelis
3669 4008 3728 4063 in
3751 4008 3903 4064 uelis

2307 4103 2613 4158 feriabitur.
2670 4102 3172 4172 lnexstinguibilem
3202 4100 3452 4157 accendit
3486 4099 3821 4170 lampadem.
3849 4108 3902 4153 et

2297 4197 2484 4252 oleum
2517 4210 2622 4250 non
2655 4194 2870 4250 deliciet
2916 4195 2967 4248 in
3022 4195 3165 4249 vasis
3210 4196 3352 4263 ejus.
3404 4193 3655 4262 Accipiet
3691 4192 3902 4247 divitias

2304 4299 2559 4353 aaternas.
2588 4298 2643 4344 et
2675 4288 3024 4345 hacreditabit
3054 4304 3278 4359 regnum
3314 4289 3429 4343 Dei.
3467 4286 3571 4341 Mei
3593 4301 3899 4350 sermones,

2299 4384 2437 4451 filia,
2465 4384 2593 4444 dicti
2615 4393 2745 4443 sunt
2771 4382 2836 4438 ad
2873 4394 2960 4449 te;
3010 4383 3175 4438 verba
3203 4391 3386 4437 autetn
3433 4381 3552 4436 b:t-c
3581 4390 3768 4436 servet
3815 4395 3906 4435 cor

2307 4488 2478 4529 tuum.
2530 4476 2797 4530 lileinento
2842 4475 3042 4531 Christi
3084 4473 3446 4530 custodientis
3489 4483 3580 4538 te;
3630 4489 3734 4529 nec
3772 4473 3909 4528 obli-

2225 4545 2277 4605 Ῑ)
2303 4568 2527 4624 viscatis
2550 4567 2883 4624 adorandam
2909 4579 2961 4624 et
2999 4569 3156 4624 unius
3185 4569 3504 4624 substantia:
3551 4567 3905 4624 Trinitatem.

1625 4767 2898 4965 momm

1288 5015 1473 5093 QUE
1513 5015 2085 5079 CONTINENTUB
2128 5018 2210 5079 IN
2236 5018 2623 5083 OPERIBUS
2643 5019 2711 5082 Β.
2743 5019 3212 5094 CHBOMATI-l,

953 5162 1146 5216 εωυι
1184 5160 1268 5220 ΔΟ
1295 5160 1357 5212 ΙΝ
1383 5158 1866 5215 PRDLEGOMENIS
1887 5159 1969 5214 ΕΤ
1987 5159 2462 5218 COMMENTABIIS
2484 5163 2572 5218 AD
2589 5164 2732 5221 HAEC
2765 5164 2977 5219 OPERA
3007 5164 3542 5228 PERTINENTIBUS,

1607 5287 1652 5327 α
1671 5266 1802 5330 eoi.
1829 5266 2022 5348 hujus
2053 5271 2215 5331 tanti
2245 5267 2364 5332 ρετ
2399 5290 2591 5352 usque
2615 5271 2698 5337 ad
2726 5271 2868 5338 E36.

589 5383 669 5450 (In
692 5381 957 5446 hocindice
969 5375 1160 5428 numeri
1183 5374 1372 5425 tuatui
1389 5374 1875 5437 “ganearum,
1903 5370 2084 5422 subici
2107 5374 2277 5422 textus
2293 5371 2548 5428 columnas
2567 5377 2710 5436 iusta
2734 5376 2962 5432 etiiu'onis
2985 5376 3236 5434 Utinm
3249 5375 3474 5430 ordinem
3493 5379 3908 5440 mactant.)

2042 5476 2470 5496 me:

647 5667 814 5720 Abbas
838 5663 1085 5713 Alcuinus.
1113 5659 1240 5708 Vide
1262 5571 1519 5709 Alcaeus.

645 5717 974 5781 μακε-υ.
1015 5721 1146 5782 om
1183 5721 1250 5771 de
1294 5719 1542 5777 [ignibus
1579 5717 1836 5774 Adulteris
1875 5720 2188 5775 tbittittendis

2321 5618 2825 5729 gaﬁgzoissiénscrint
2847 5618 3109 5682 aninius,
3123 5618 3500 5676 Tillemontius;
3512 5618 3690 5669 Sixtus
3709 5620 3914 5671 Senen-

2338 5694 2363 5728 δ
2514 5717 2526 5729 .
2649 5717 2659 5727 .

2291 5691 2680 5796 81ἴῖὶὲοὼἝῶ
2705 5750 2894 5808 noster,
2913 5755 3124 5810 eum
3149 5741 3462 5799 reconciliari
3483 5743 3913 5814 debemusjuxta
