3996 6342
1232 709 2505 916 ΕΥΣΕΒΙΟΥ

1424 1019 1646 1105 ΤΟΥ
1719 1011 2314 1107 ΠΑΜΦΙΛΟΥ

713 1206 2190 1340 ΕΚΚΑΗΣΙΑΣΤΗςΗΣ
2268 1200 3036 1340 ΙΣΤΟΡΙΑΣ

1369 1445 1879 1563 ΒΙΒΛΙΑ
1933 1454 2371 1567 ΔΕΚΑ.

997 1846 1745 2005 EUSEBII
1849 1846 2748 2001 PAMPHILI
2824 1984 2825 1987 χ

794 2137 2047 2265 ECCLESIASTIC/E
2157 2133 2372 2261 ΗΙΕ

1496 2137 2047 2265 tSTICfE
2157 2125 2952 2262 HISTORUE
3067 2317 3074 2327 .

1124 2414 1136 2421 ‘
1492 2391 1813 2476 LIBRI
1874 2388 2263 2478 DECEM

291 2588 625 2650 Henricus
665 2588 964 2647 t’nssws
993 2586 1277 2647 Graacum
1310 2590 1548 2643 textum
1585 2579 1827 2640 collatis
1859 2584 2133 2656 quatuor
2182 2595 2335 2639 mss.
2381 2577 2708 2640 codxcxbus
2768 2577 3177 2651 emendant,
3211 2578 3427 2641 Latine

1272 2687 1457 2750 ‘vertit
1489 2693 1546 2747 et
1576 2684 2084 2746 adnotationibus
2109 2683 2471 2749 illustravit;

1649 2849 1733 2897 Ed.
1766 2849 1920 2897 Paris.
1951 2848 2110 2909 1659.)

1051 3173 1637 3265 EPISTOLA
1710 3175 2696 3274 NUNCUPATORIA.

435 3382 919 3430 ωηδτιιιδςηιις
969 3378 1049 3426 ΕΤ
1086 3385 1647 3454 ιιενειιΕ-Νυιεδηίιε
1689 3387 2013 3432 ARCHIEPIS

1723 3388 2232 3447 .RCHIEPISCOPIS,
2278 3391 2581 3438 EPISCOPIS
2622 3395 2705 3439 ET
2746 3382 3052 3441 autvnso
3104 3398 3301 3445 emno

1517 3490 1820 3533 ECCLESIE
1844 3492 2225 3536 GALLICANB.

339 3673 505 3733 Post
537 3682 626 3731 tot
657 3673 1008 3732 Graecorum
1036 3674 1297 3732 Patrum
1333 3674 1628 3734 editiones
1669 3697 1799 3754 quce
1823 3681 2042 3739 vestris
2077 3680 2382 3757 auspiciis
2425 3682 2490 3741 in
2523 3682 2713 3757 lucem
2746 3678 3036 3746 hactenus
3061 3692 3461 3769 prodierunt,

256 3773 327 3831 id
358 3789 561 3831 unum
592 3770 787 3828 adhuc
814 3770 1120 3855 restabat,
1170 3772 1586 3831 illustrissimi
1617 3777 1981 3848 Antistites,
2014 3787 2083 3835 ut
2116 3780 2371 3838 Eusebii
2420 3782 2814 3842 Casariensis
2857 3786 3298 3855 Ecclesiastica
3350 3797 3470 3855 Hi—

257 3876 469 3936 storia
520 3872 711 3931 multo
765 3890 943 3950 quam
993 3872 1245 3932 antehac
1289 3874 1664 3934 emendatior
1712 3896 1783 3934 ac
1827 3881 2080 3953 purior,
2112 3879 2221 3937 sub
2252 3881 2442 3939 vestri
2465 3884 2733 3942 nominis
2792 3887 2978 3947 titulo
3012 3902 3081 3950 ac
3112 3896 3465 3969 patrocinia

259 3978 601 4040 catholicis
630 3974 973 4035 hominibus
1005 3973 1364 4033 donaretur.
1398 3975 1475 4032 Μ
1505 3977 1662 4033 enim
1696 3978 2015 4049 Ecclesice,
2052 3981 2228 4057 cujus
2257 3982 2593 4041 commodis
2622 3986 2867 4047 assidue
2897 3993 3251 4067 consulitis,
3288 3999 3470 4058 αιίιὶε.

259 4091 395 4148 tas;
430 4077 502 4137 id
532 4078 911 4136 eruditorum
933 4077 1198 4133 omnium
1225 4085 1399 4141 tota;
1430 4074 1497 4135 id
1524 4084 1832 4152 postremo
1856 4077 2161 4136 Eusebius
2192 4079 2322 4154 ipse
2342 4097 2453 4139 suo
2479 4080 2738 4157 quodam
2752 4086 2930 4164 jure,
2965 4108 2999 4145 a
3022 4092 3197 4151 vobis
3221 4112 3469 4170 poscere

258 4180 666 4239 videbantur.
706 4176 884 4249 Nam,
919 4184 985 4233 ut
1021 4175 1091 4233 de
1116 4174 1392 4233 Ecclesia
1419 4176 1623 4251 primo
1664 4175 1797 4234 loco
1830 4175 2047 4247 dicam,
2088 4175 2241 4254 quid
2271 4176 2351 4236 ad
2388 4178 2624 4239 laudem
2660 4184 2787 4261 ejus
2829 4185 3185 4265 illustrius,
3216 4194 3364 4270 quid
3390 4197 3470 4256 ad

256 4282 675 4363 defensionem
703 4281 955 4356 fortius,
989 4278 1139 4354 quid
1163 4276 1241 4335 ad
1268 4279 1781 4355 propagationem
1814 4280 2058 4353 utilius,
2084 4280 2234 4359 quid
2255 4281 2335 4341 ad
2365 4301 2603 4343 morum
2633 4306 2703 4346 ac
2728 4284 3076 4367 disciplina;-
3105 4296 3467 4371 gravitatem

254 4382 710 4448 restituendam
766 4382 971 4458 aptius
1016 4382 1295 4459 proferri
1340 4392 1543 4459 potest
1591 4400 1769 4462 quam
1817 4383 2088 4443 historia
2131 4402 2338 4444 rerum
2381 4387 2980 4452 ecclesiasticarum?
3026 4394 3165 4452 Jam
3196 4414 3337 4457 vero
3390 4401 3468 4459 ad

253 4485 714 4553 convincendos
762 4484 1076 4543 haereticos
1120 4483 1323 4557 nihil,
1367 4504 1492 4543 meo
1541 4486 1783 4563 quidem
1807 4486 2052 4564 judicio
2078 4531 2094 4559 ,
2132 4489 2445 4567 efﬁcacius
2475 4499 2558 4549 est
2591 4500 2770 4570 atque
2805 4496 3117 4571 potentius
3147 4516 3323 4576 quam
3354 4501 3465 4561 hoc

250 4609 458 4672 genus
488 4590 872 4668 scriptionis.
923 4588 1166 4667 Quippe
1208 4590 1519 4648 hominum
1564 4591 1755 4649 animi
1799 4591 2336 4667 disputationibus
2397 4611 2463 4651 ac
2510 4595 2949 4657 ratiocinando
3005 4618 3159 4677 aegre
3201 4620 3260 4661 se
3280 4596 3465 4661 ‘rinci

250 4698 624 4774 patiuntur.
654 4692 734 4752 Et
770 4692 1008 4771 quoties
1039 4693 1407 4751 constrictos
1447 4712 1525 4769 se
1554 4690 1800 4765 vident,
1832 4712 1939 4751 nec
1995 4694 2210 4753 habent
2242 4695 2410 4772 quod
2437 4696 2869 4773 respondeant,
2903 4718 3027 4759 non
3064 4712 3185 4761 tam
3214 4706 3464 4763 veritati

257 4796 327 4857 id
377 4796 701 4855 ascribunt
752 4814 930 4873 quam
980 4796 1477 4855 adversariorum
1530 4795 1597 4853 in
1652 4796 2029 4867 disputando
2080 4797 2423 4857 subtilitati
2464 4818 2533 4857 ac
2583 4802 2885 4860 versutia.
2939 4802 3113 4864 Certe
3166 4804 3460 4864 diuturno

253 4898 681 4978 experimento
740 4897 1200 4976 comprobatum
1252 4908 1361 4965 est,
1411 4917 1517 4956 seu
1567 4900 1974 4974 scriptisseu
2025 4900 2163 4958 viva
2207 4917 2350 4959 voce
2393 4900 2573 4959 editis
2621 4900 3157 4978 disputationibus
3217 4904 3463 4964 accendi

252 5004 484 5075 potius
510 5002 934 5061 haereticorum
978 5004 1217 5061 animos
1266 5020 1446 5080 quam
1483 5004 1719 5061 sanari.
1752 5001 2040 5060 Historia
2083 5012 2223 5062 vero
2264 5019 2471 5063 rerum
2501 5004 3085 5079 ecclesiasticarum,
3128 5025 3261 5065 cum
3290 5024 3350 5064 se
3397 5008 3463 5065 in

256 5099 507 5162 animos
542 5103 862 5181 legentium
890 5105 1205 5182 placidius
1234 5105 1546 5177 insinuet,
1588 5104 1768 5180 longe
1795 5103 2141 5183 faciliorem
2184 5103 2255 5164 de
2287 5106 2367 5165 iis
2398 5107 2730 5167 victoriam
2760 5111 2968 5188 refert.
3004 5108 3155 5181 Quis
3182 5114 3263 5164 est
3308 5107 3462 5166 enim

261 5222 337 5263 ea:
388 5201 646 5266 diversae
688 5208 982 5285 factionis
1033 5207 1419 5277 hominibus,
1470 5194 1745 5285 quicum
1782 5203 2253 5265 ecclesiasticam
2300 5207 2628 5267 historiam
2677 5216 2901 5267 attente
2936 5208 3301 5285 perlegerit,
3339 5226 3462 5267 non

258 5306 478 5366 statim
514 5308 752 5382 pudore
786 5310 1092 5390 suffusus,
1151 5327 1418 5368 errorem
1446 5329 1623 5368 suum
1656 5310 1791 5369 illic
1832 5306 2185 5365 damnatum
2223 5318 2565 5385 agnoscat,
2622 5328 2799 5387 seque
2843 5310 3008 5367 velut
3055 5304 3381 5368 membrum
3426 5330 3464 5369 α

258 5404 508 5498 reliquo
555 5423 814 5480 corpore
855 5411 1178 5485 pracisum
1234 5409 1474 5487 deﬂeat.
1517 5409 1759 5469 Etenim
1804 5406 2394 5479 eumucclesiastica
2442 5409 2713 5469 historia
2754 5407 2912 5467 nihil
2940 5405 3117 5465 aliud
3156 5411 3462 5469 contineat

259 5521 449 5583 quam
502 5503 989 5578 apostolicarum
1031 5508 1264 5567 sedium
1299 5516 1656 5586 perpetuam
1701 5504 2169 5579 samem.
2201 5508 2637 5587 episcoporum
2680 5505 2800 5567 sibi
2843 5503 3099 5563 invicem
3149 5507 3468 5566 succedeno

260 5610 421 5667 tium
451 5604 661 5665 seriem
684 5650 697 5671 ,
728 5605 1005 5665 illustria
1037 5608 1291 5688 denique
1322 5612 1645 5669 doctorum
1688 5617 1741 5669 et
1774 5613 2117 5688 mmmam
2152 5625 2278 5687 pro
2318 5611 2553 5686 pietate
2586 5608 2915 5668 certamina
2940 5625 2960 5665 :
3010 5624 3085 5665 ex
3138 5608 3361 5685 quibus
3401 5610 3468 5671 hi

258 5712 511 5789 quidem
544 5709 815 5787 furorem
844 5709 1171 5781 gentilium
1198 5712 1542 5773 tolerantia
1571 5731 1693 5773 sua.
1716 5705 2099 5789 fortitudine
2133 5720 2513 5788 superarunt
2542 5733 2561 5779 ;
2601 5708 2703 5769 i'lli
2731 5709 3326 5773 vero-hereticorum
3356 5713 3465 5791 qui

590 5813 857 5874 anL.
890 5810 1005 5869 Gn.
1066 5811 1114 5867 Χ
1130 5813 1181 5870 Χ
1198 5846 1211 5867 .

3040 5812 3060 5873 1
