3996 6342
642 308 701 362 ει
1610 302 1874 358 VALESII
1912 300 2242 358 EPISTOLA
2278 302 2829 385 nuncuenom.
3039 298 3043 303 ·
3302 344 3308 349 ,
3746 312 3814 366 η

634 428 928 488 ailversus
956 421 1295 487 Ecclesium
1350 424 1815 483 insurrexerunt
1858 439 2146 499 perversa
2177 422 2461 500 dogmata
2497 424 2753 502 scriptis
2774 422 2903 484 suis
2931 426 3400 505 confutaverunt
3419 450 3441 490 :
3470 445 3817 511 quicunque

636 549 712 590 ex
741 529 1043 589 harcticis
1076 526 1155 584 ad
1185 525 1369 602 hujus
1400 523 1675 583 historia
1724 522 2036 583 lectionem
2079 523 2290 582 oculos
2337 535 2517 602 atque
2556 529 2825 585 animum
2875 527 3238 601 intenderit,
3283 534 3555 608 fateatur
3581 516 3815 592 necesse

635 638 721 689 est
751 651 808 689 se
836 629 910 689 ab
943 628 1055 686 illa
1090 626 1515 703 apostolorum
1561 626 1973 697 successione,
2005 624 2077 682 ab
2117 625 2227 685 illo
2263 626 2584 687 doctorum
2622 636 2675 688 et
2708 637 3042 707 martyrum
3073 650 3271 711 grege,
3308 635 3379 696 ab
3415 610 3815 715 illa‘denique

620 735 1065 811 episcoporum
1114 728 1535 786 communione
1568 744 1832 803 prorsus
1864 726 2127 785 alienum
2160 746 2299 789 esse.
2333 730 2575 807 Quippe
2604 734 2677 790 ab
2711 731 2923 791 iisdem
2959 735 3088 795 illis
3127 739 3552 813 apostatarum
3580 759 3815 800 ευσσεε.

633 835 900 901 scribus,
939 832 1049 909 qui
1088 826 1319 887 easdem
1348 828 1543 885 adhuc
1574 828 1737 885 sedes
1788 836 1841 884 et
1872 826 2187 886 cathedras
2227 830 2496 889 obtinent
2528 833 2592 891 in
2638 832 2864 919 quibus
2893 834 3036 893 olim
3079 840 3697 913 αροείοίίςεαενιιηι,
3738 841 3812 902 ab

634 938 763 997 illis
796 938 949 1012 ipsis
982 935 1088 1012 qui
1133 930 1518 991 Navatianos
1550 940 1601 987 et
1634 930 1987 990 Donatistas
2014 940 2065 988 et
2109 932 2451 992 Artemonis
2484 943 2813 994 sectatores
2844 936 3344 1015 condemnarunt,
3376 962 3547 1002 suum
3576 962 3815 1023 quoque

633 1052 898 1095 errorem
928 1031 1074 1107 pari
1100 1027 1398 1087 sententia
1428 1025 1884 1083 condemnatum
1916 1025 2293 1103 intelligunt.
2328 1030 2565 1089 Pudeat
2597 1031 2794 1108 igitur
2833 1032 2976 1093 illos
3008 1046 3244 1112 oportet
3272 1043 3501 1100 erroris
3533 1060 3603 1100 ac
3630 1045 3828 1104 noviw

634 1140 780 1197 tatis
813 1153 935 1194 sua
960 1177 975 1205 ,
1033 1134 1506 1210 quotiescunque
1538 1133 1600 1190 in
1629 1131 1892 1189 historia
1925 1131 2327 1192 ecclesiastica
2364 1144 2650 1212 tanquam
2686 1139 2750 1196 in
2774 1138 3019 1216 speculo
3068 1126 3381 1201 veritatem
3418 1149 3813 1220 conspiciunt

634 1249 684 1295 et
718 1236 1149 1312 antiquitatem
1173 1276 1188 1302 ,
1228 1231 1578 1307 dogmatum
1606 1248 1859 1287 suorum
1908 1231 2108 1289 errori
2148 1232 2531 1310 novitatique
2559 1245 3019 1313 repugnantem.
3054 1242 3247 1317 Atque
3273 1241 3393 1302 hac
3421 1245 3615 1305 obiter
3643 1245 3814 1306 ἀέρια

630 1338 757 1394 sint
796 1333 864 1392 de
900 1332 1320 1392 ecclesiastica
1357 1328 1635 1387 historia
1664 1328 1973 1404 pracipua
2021 1327 2326 1399 utilitate,
2361 1334 2537 1410 cujus
2582 1337 2968 1410 potissimum
3018 1357 3199 1397 causa
3222 1382 3238 1412 ,
3271 1358 3439 1401 nova
3463 1342 3645 1422 hujus
3680 1345 3811 1406 edi.

633 1439 825 1497 tionis
860 1435 1011 1494 mihi
1049 1454 1083 1493 a
1114 1432 1287 1490 vobis
1320 1449 1468 1490 cura
1502 1429 1784 1486 mandata
1818 1438 1924 1486 est.
1955 1428 2075 1489 Nec
2105 1447 2245 1488 vero
2273 1433 2471 1490 solum
2505 1434 2793 1495 Ecclesia
2822 1438 3173 1510 commodis,
3214 1438 3318 1497 sed
3346 1449 3398 1499 et
3429 1442 3815 1502 eruditorum

616 1537 900 1595 omnium
941 1532 1101 1590 votis
1140 1529 1251 1588 hac
1307 1526 1573 1585 editione
1616 1526 2050 1597 consuluistis,
2085 1544 2340 1603 quorum
2372 1530 2656 1608 plerique
2699 1534 2933 1608 partim
2978 1535 3178 1595 Graci
3221 1545 3545 1597 contextus
3579 1541 3814 1600 mendis
3904 1564 3909 1569 .

632 1654 699 1693 ac
729 1634 923 1701 vitiis,
968 1630 1201 1707 partim'
1232 1628 1598 1686 Latinorum
1631 1628 2028 1702 interpretum
2057 1628 2372 1688 erroribus
2395 1672 2412 1701 ,
2434 1614 2518 1689 'ab
2551 1632 2805 1693 Eusebii
2834 1636 3039 1694 nostri
3069 1634 3325 1697 lectione
3378 1637 3665 1698 hactenus
3713 1640 3814 1699 de-

634 1736 1039 1798 terrebantur.
1074 1733 1159 1791 Ac
1209 1750 1277 1788 ne
1310 1730 1449 1807 quis
1477 1730 1639 1805 forte
1682 1727 2021 1788 minuenda
2068 1726 2336 1813 aliorum
2371 1731 2623 1806 gloria,
2677 1735 2905 1813 meique
2943 1739 3145 1813 operis
3172 1737 3556 1815 pradicandi
3588 1761 3811 1812 σαιηα,

634 1834 802 1895 istud
830 1854 866 1892 a
912 1852 999 1891 me
1032 1831 1263 1889 dictum
1309 1834 1488 1904 putet
1515 1868 1531 1897 ,
1568 1824 1910 1885 doctissimi
1936 1826 2198 1888 hominis
2232 1830 2645 1889 testimonium
2682 1832 2780 1890 hic
2810 1852 3118 1911 apponam
3140 1879 3155 1907 ,
3186 1838 3293 1914 qui
3324 1847 3462 1896 ante
3491 1835 3601 1897 Ιιοσ
3631 1848 3815 1898 οοιο..

630 1940 802 2016 ginta
831 1954 1021 1995 annos
1054 1932 1206 1994 idem
1240 1928 1310 1988 de
1342 1928 1552 1989 Graca
1600 1928 1854 1987 Eusebii
1898 1928 2163 1990 editione
2215 1931 2401 2008 deque
2433 1932 2675 1992 Latinis
2722 1936 3159 2012 interpretibus
3186 1939 3494 2016 judicium
3540 1941 3711 2001 tulit,
3750 1943 3815 2001 ιε

630 2047 713 2097 est
738 2039 1006 2096 Joannes
1035 2032 1397 2103 Curterius,
1434 2031 1540 2108 qui
1580 2031 1644 2089 in
1692 2030 1952 2105 epistola
1991 2050 2168 2109 quam
2193 2032 2539 2093 Parisiensi
2568 2034 2828 2096 editioni
2854 2039 3126 2116 pra/ixi!
3151 2084 3167 2111 ,
3200 2041 3493 2100 Joannem
3536 2043 3813 2120 Rupe/ii.

627 2140 893 2206 Coldium
925 2134 1271 2214 alloquitur
1300 2135 1397 2193 his
1426 2132 1625 2192 verbis
1660 2153 1680 2191 :
1711 2155 1738 2186 ι
1770 2133 1845 2193 Si
1883 2133 1946 2191 in
1979 2134 2156 2193 istam
2176 2136 2537 2196 'Gracorum
2580 2137 2856 2198 historia
2887 2141 3301 2202 ecclesiastica
3325 2131 3646 2201 auctorum
3681 2144 3815 2203 edi-

626 2242 851 2298 tionem
882 2240 1266 2302 intueamur,
1317 2230 1468 2310 quid
1513 2249 1578 2287 ea
1630 2246 1897 2305 unquam
1942 2228 2169 2289 editum
2199 2230 2639 2309 depravatius?
2676 2232 2749 2292 Id
2791 2253 2895 2311 ego
2931 2255 3082 2311 sape
3129 2247 3265 2296 ante
3309 2238 3502 2297 annos
3535 2259 3665 2308 sex,
3702 2242 3813 2319 qui

626 2340 839 2400 Graca
868 2338 996 2413 ejus
1031 2334 1285 2393 lectione
1316 2330 1647 2389 delectarer
1674 2370 1689 2396 ,
1730 2347 1864 2387 cum
1894 2348 2072 2387 essem
2101 2341 2429 2408 expertus,
2464 2340 2517 2391 et
2568 2335 2863 2414 Rufinum
2904 2338 3079 2415 cujus
3114 2346 3377 2414 tempore
3421 2338 3688 2397 nondum
3723 2341 3813 2397 ita

625 2445 925 2511 corrupta
952 2436 1145 2514 fuisse
1199 2432 1576 2508 exemplaria
1623 2431 1909 2488 credatur
1943 2432 2166 2510 facile,
2220 2433 2572 2495 Museulum
2608 2436 2861 2515 denique
2906 2439 3103 2514 ipsum
3148 2441 3212 2497 in
3257 2439 3581 2499 consilium
3630 2439 3812 2496 adhi-

584 2552 586 2555 '
624 2538 902 2610 buissem,
937 2546 1175 2595 tantum
1205 2542 1369 2594 abest
1403 2544 1469 2591 ut
1504 2551 1712 2591 eorum
1746 2534 2134 2595 versionibus
2168 2536 2280 2595 sim
2313 2536 2564 2616 adjutus
2587 2580 2605 2607 ,
2641 2547 2706 2595 ut
2747 2538 2923 2597 illum
2954 2538 3140 2615 (quod
3172 2540 3385 2600 merita
3416 2538 3808 2616 reprehendit

627 2641 1058 2716 Hieronymus)
1096 2640 1158 2697 in
1190 2636 1453 2696 Eusebio
1484 2632 1790 2694 reddendo
1822 2654 2043 2712 parum
2075 2639 2306 2713 integre
2333 2657 2394 2696 se
2417 2638 2815 2714 prastitisse;
2848 2648 2899 2697 et
2932 2638 3091 2697 hunc
3121 2658 3243 2697 nan
3269 2648 3506 2698 tantum
3532 2638 3809 2710 mendosi

626 2743 991 2821 exemplaris
1025 2740 1220 2801 (ἕνανεί
1253 2740 1343 2797 vel
1373 2739 1524 2797 leves
1555 2754 1790 2795 errores
1823 2755 1945 2795 non
1978 2736 2497 2822 animadvertisse,
2531 2740 2636 2797 sed
2664 2757 2809 2797 suos
2841 2740 2903 2797 in
2953 2742 3285 2798 versionem
3316 2742 3617 2818 inﬁnitos,
3652 2759 3809 2819 par.

626 2849 731 2903 tim
768 2844 1036 2919 ignavia,
1068 2842 1298 2915 partim
1330 2837 1399 2895 de
1443 2836 1782 2907 industria,
1825 2842 1892 2893 ut
1925 2836 2053 2892 suis
2082 2835 2366 2923 partibus
2410 2838 2637 2913 faveret
2665 2879 2681 2906 ,
2726 2837 3024 2895 invexisse
3068 2836 3576 2913 deprehenderim.
3636 2862 3666 2895 ι
3725 2842 3807 2898 Et

621 2943 811 3020 paulo
864 2950 1004 3016 post
1045 2940 1115 2995 de
1169 2936 1719 3011 Cliristopliorsoni
1765 2934 2273 3010 interpretatione
2320 2935 2408 2993 ita
2452 2935 2823 3011 pronuntiat
2854 2956 2875 2995 :
2922 2958 2949 2988 α
2984 2924 3137 3013 Ejus
3175 2936 3323 2995 libri
3356 2937 3805 3001 emendatione:

626 3040 893 3098 utilitati
921 3036 1184 3113 publica
1215 3033 1434 3092 tandiu
1472 3051 1595 3090 non
1625 3031 2015 3103 invidissem,
2062 3032 2187 3089 nisi
2228 3035 2594 3107 promissam
2640 3034 3189 3110 Christophorsoni
3238 3036 3805 3111 interpretationem

628 3142 805 3199 etiam
830 3130 1302 3215 exspectandam
1334 3135 1713 3193 censuissem.
1770 3132 2098 3208 Sperabam
2147 3133 2302 3190 enim
2334 3133 2480 3209 quia
2521 3133 2662 3193 bene
2697 3132 2939 3193 doctum
2986 3136 3281 3195 hominem
3326 3147 3380 3195 et
3431 3138 3803 3197 catholicum

627 3258 784 3307 esse,
820 3238 1032 3296 deinde
1074 3238 1249 3295 bonis
1303 3234 1751 3309 exemplaribus
1798 3233 2076 3309 adjutum
2118 3233 2310 3309 fuisse
2354 3234 2672 3294 audiebam
2698 3281 2716 3307 ,
2756 3257 2877 3297 non
2906 3238 3262 3315 praeclaram
3310 3242 3487 3297 modo
3522 3248 3575 3297 et
3607 3250 3804 3297 tutam

626 3342 959 3399 versionem
1008 3336 1276 3412 aliquam
1314 3334 1693 3402 emissurum,
1721 3331 1822 3390 sed
1854 3334 1914 3390 in
1943 3332 2249 3409 publicati
2296 3333 2526 3393 codicis
2558 3336 2760 3396 Graci
2808 3338 3271 3396 emendationem
3318 3337 3507 3415 (quod
3546 3339 3693 3397 ευιει
3725 3333 3798 3395 ab

624 3436 1061 3515 interpretibus
1098 3434 1374 3492 omnibus
1403 3450 1529 3490 non
1577 3431 1800 3508 amitti)
1840 3433 2152 3490 variarum
2197 3432 2525 3492 lectionum
2573 3447 2625 3493 et
2680 3438 3125 3495 correctionum
3168 3436 3593 3498 adnotatione:
3628 3441 3797 3517 adje-

625 3554 889 3605 cturum.
954 3543 1164 3601 Verum
1217 3538 1397 3615 longe
1442 3536 1629 3595 aliter
1668 3536 1893 3595 accidit
1924 3544 2105 3613 atque
2137 3539 2578 3621 exspectabam.
2630 3539 2943 3617 Siquidem
2980 3548 3046 3597 ut
3094 3541 3163 3598 de
3212 3542 3337 3616 ejus
3380 3542 3642 3601 editione
3682 3542 3800 3601 hoc

624 3646 822 3703 solum
846 3660 1008 3700 nunc
1040 3641 1238 3700 dicam
1263 3682 1277 3707 ,
1314 3637 1482 3717 quod
1507 3640 1675 3714 piam
1711 3626 1963 3715 quidem
2000 3648 2053 3698 et
2093 3640 2459 3699 catholicam
2486 3684 2503 3712 ,
2539 3642 2638 3698 sed
2672 3642 3012 3700 inchoatam
3050 3645 3261 3719 potius
3302 3661 3479 3720 quam
3526 3653 3801 3701 exactam

625 3754 731 3804 aut
762 3745 1091 3821 perfectam
1125 3739 1337 3799 multis
1373 3737 1721 3797 rationibus
1754 3738 1922 3797 credi
1969 3756 2089 3815 par
2122 3748 2205 3797 est
2227 3758 2247 3795 :
2294 3740 2382 3797 sic
2420 3740 2741 3799 meliorum
2769 3741 3045 3801 codicum
3077 3741 3297 3819 quibus
3337 3741 3466 3819 ipse
3495 3761 3640 3799 usus
3673 3753 3758 3800 est
3780 3787 3799 3815 ,

625 3848 915 3921 exiguum
947 3850 1051 3901 aut
1082 3844 1207 3920 fere
1256 3841 1495 3899 nullum
1523 3841 1797 3915 fructum
1827 3838 1907 3897 ad
1933 3842 2158 3899 multos
2198 3840 2396 3901 redire
2418 3842 2617 3913 video,
2652 3862 2785 3902 cum
2825 3853 3116 3921 quantum
3154 3863 3249 3901 eos
3280 3853 3521 3903 secutus
3551 3842 3644 3901 vel
3688 3846 3803 3902 im-

623 3952 875 4007 niutarit
922 3946 1010 4005 vel
1039 3943 1375 4011 addiderit,
1408 3943 1541 4000 suis
1574 3942 1748 4010 locis,
1782 3952 1848 4000 ut
1883 3942 2125 4015 decuit,
2158 3946 2281 4002 sive
2312 3943 2390 4001 ad
2438 3945 2795 4004 Gracorum
2831 3945 3315 4021 restitutionem,
3348 3946 3473 4003 sive
3517 3945 3599 4001 ad
3622 3944 3798 4021 [idem

624 4047 893 4105 versioni
922 4064 1044 4104 sua
1073 4056 1123 4102 et
1156 4042 1586 4100 auctoritatem
1630 4036 2136 4113 comparandam,
2166 4056 2290 4096 non
2320 4040 2659 4097 admoneat.
2697 4061 2723 4094 »
2763 4037 2979 4095 Petrus
3008 4054 3245 4113 quoque
3266 4037 3630 4097 Halloixius
3650 4083 3664 4106 ,
3698 4040 3798 4096 vir

622 4146 686 4203 in
716 4144 935 4220 primis
965 4140 1239 4199 eruditus
1295 4155 1365 4193 ac
1415 4134 1710 4209 diligens,
1747 4134 1809 4188 in
1842 4142 1999 4189 toma
2047 4132 2112 4189 ll
2138 4177 2152 4200 ,
2190 4152 2305 4209 quo
2346 4133 2685 4190 illustrium
2725 4130 3057 4190 Orientalis
3100 4130 3387 4190 Ecclesia
3426 4134 3796 4208 scriptorum

625 4242 793 4305 Vitas
828 4239 1177 4314 complexus
1212 4244 1318 4301 est,
1364 4234 1426 4287 in
1455 4229 1877 4288 natationibus
1927 4230 2005 4286 ad
2060 4232 2248 4287 Vitam
2287 4230 2353 4288 S.
2403 4230 2776 4305 Hegesippi,
2822 4248 2958 4304 cap.
3004 4231 3065 4299 3,
3117 4232 3186 4287 de
3227 4230 3485 4287 Joannis
3518 4231 3797 4291 Christo.

620 4342 919 4425 phorsoni
965 4338 1239 4395 versione
1288 4333 1439 4390 idem
1491 4330 1654 4408 quod
1684 4331 2005 4388 Curterius
2058 4333 2236 4388 sentit
2292 4349 2307 4388 :
2356 4352 2385 4386 α
2441 4328 2565 4388 Uno
2620 4330 2839 4399 verba,
2888 4332 3132 4407 inquit,
3169 4350 3367 4388 omnes
3400 4336 3521 4411 fere
3563 4355 3798 4395 errores

623 4424 1194 4510 Christophorsoni,
1229 4428 1334 4505 qui
1371 4434 1510 4483 sunt
1540 4444 1660 4481 non
1690 4426 1878 4500 pauci
1907 4468 1921 4494 ,
1956 4424 2257 4483 adharent
2305 4428 2478 4484 etiam
2524 4427 2789 4485 Baronio
2814 4468 2829 4495 ,
2881 4445 3009 4484 cuin
3048 4428 3173 4502 ejus
3204 4446 3430 4503 semper
3462 4440 3677 4490 utatur
3734 4452 3798 4491 ιη

624 4540 870 4603 citando
904 4534 1164 4594 Eusebio
1199 4530 1491 4588 versione.
1523 4529 1623 4585 Ita
1684 4528 1771 4601 ﬁt,
1814 4536 1883 4584 ut
1911 4526 2056 4584 aliis
2086 4529 2242 4585 alios
2274 4527 2653 4604 sequentibus
2682 4571 2696 4595 ,
2727 4544 2830 4583 nec
2868 4528 3063 4601 fontes
3114 4523 3354 4582 Gracos
3390 4530 3799 4588 examinanti-

623 4642 755 4710 bus,
787 4635 980 4715 primi
1009 4633 1274 4709 alicujus
1312 4630 1664 4705 interpretis
1693 4646 1929 4686 errores
1958 4628 2035 4685 ad
2072 4628 2553 4705 quamplurimas
2589 4628 2921 4704 scriptores
2945 4670 2959 4697 ,
3000 4629 3106 4701 qui
3137 4626 3266 4683 sala
3296 4628 3584 4685 nituntur
3615 4633 3796 4706 prio.

621 4760 757 4801 rum
786 4738 1179 4801 auctoritate,
1214 4736 1273 4790 in
1308 4734 1655 4788 immensum
1687 4727 2143 4805 diffundantur.
2177 4730 2276 4786 Ex
2310 4747 2427 4804 quo
2463 4730 2639 4784 etiam
2661 4772 2674 4796 ,
2707 4736 2931 4804 quanta
2963 4727 3041 4784 sit
3076 4726 3304 4800 lingua
3352 4727 3571 4786 Graca
3600 4748 3797 4787 neces-

620 4848 797 4908 sitas.
836 4844 897 4900 in
920 4847 1214 4916 promptu
1247 4845 1326 4892 est
1360 4852 1737 4909 cognoscere.
1780 4855 1805 4883 ι
1842 4825 2006 4890 Idem
2037 4833 2099 4891 in
2142 4831 2341 4889 eadem
2378 4832 2613 4905 Capite,
2643 4848 2784 4905 pag.
2820 4831 2971 4898 731,
3012 4829 3108 4907 ait
3131 4847 3189 4884 se
3227 4828 3478 4887 libenter
3506 4834 3797 4893 adnotare

626 4958 861 4999 errores
896 4937 998 5016 qui
1033 4942 1368 4993 occurrunt
1400 4934 1463 4987 in
1494 4931 1764 4987 versione
1795 4926 2365 5003 Cliristophorsoni,
2398 4945 2469 4985 ne
2502 4929 2626 5004 ejus
2657 4927 2925 4983 versione
2957 4924 3204 4983 lectores
3234 4929 3295 4985 in
3328 4947 3586 4989 errorem
3619 4935 3796 4991 indu-

623 5051 864 5100 cantur.
900 5040 983 5097 Ac
1014 5035 1238 5093 malum
1274 5032 1511 5109 quidem
1542 5031 1738 5107 ipsum
1765 5072 1779 5097 ,
1816 5037 1881 5086 ut
1925 5028 2142 5087 videtis
2169 5073 2184 5098 ,
2227 5028 2407 5085 multi
2439 5027 2993 5083 (mimadverterant
3020 5069 3035 5097 ,
3069 5023 3461 5103 damnumque
3493 5030 3652 5087 illud
3677 5048 3801 5107 pu-

626 5142 845 5200 blicum
874 5138 1181 5206 dolebant,
1215 5132 1379 5213 quod
1406 5142 1527 5189 tam
1561 5130 1738 5189 utiles
1774 5132 2164 5209 antiquitatis
2198 5129 2619 5188 ecclesiastica
2649 5128 2835 5197 libri,
2870 5137 2920 5185 et
2963 5127 3349 5185 scribentium
3391 5142 3441 5187 ct
3490 5130 3794 5207 interpr-5..

626 5254 753 5303 tum
785 5241 965 5317 culpa
995 5258 1063 5297 ac
1094 5234 1465 5312 negligentia
1498 5230 1643 5289 adeo
1676 5230 1997 5306 depravati
2033 5233 2400 5306 legerentur.
2434 5230 2700 5303 Quidam
2730 5232 2905 5287 etiam
2934 5248 3046 5304 pro
3077 5230 3251 5289 virili
3280 5241 3453 5306 parte
3475 5233 3797 5289 remedium

627 5342 903 5400 adhibere
930 5385 944 5407 ,
981 5341 1163 5398 certis
1210 5337 1516 5393 duntaxat
1554 5332 1702 5390 locis
1734 5341 2138 5391 tentaverunt.
2171 5333 2287 5391 Sed
2320 5352 2485 5389 nemo
2538 5332 2733 5391 adhuc
2783 5333 3019 5391 exstitit
3068 5334 3170 5410 qui
3204 5351 3416 5391 novam
3466 5331 3799 5391 Eusebiani

629 5443 827 5517 operis
861 5442 1183 5498 editionem
1214 5436 1799 5509 emendationemque
1832 5435 2205 5509 susciperet;
2242 5453 2343 5490 seu
2374 5432 2537 5510 quod
2571 5434 2800 5492 laboris
2841 5432 3254 5510 magnitudine
3296 5434 3574 5510 plerique
3605 5432 3796 5487 deter-

627 5538 955 5602 rebantur;
1001 5556 1104 5593 seu
1151 5532 1315 5611 quod
1350 5530 1726 5605 scriptorum
1759 5531 2195 5605 exemplarium
2220 5530 2402 5605 capia
2445 5540 2497 5587 et
2552 5531 2679 5587 otio
2715 5548 2784 5586 ac
2832 5530 3083 5607 reliquis
3136 5536 3429 5592 subsidiis
3464 5553 3592 5609 qua
3621 5529 3702 5589 ad
3732 5532 3797 5589 id

631 5656 783 5713 opus
820 5638 1151 5697 necessaria
1183 5643 1357 5706 sunt,
1396 5632 1887 5691 destituerentur.
1925 5633 2120 5691 Donec
2150 5651 2277 5703 vos,
2310 5650 2424 5706 pro
2457 5640 2653 5692 vestro
2688 5633 2751 5692 in
2798 5636 3226 5706 rempublicam
3264 5638 3628 5698 litterariam
3672 5642 3798 5693 stu-
