3996 6342
236 368 302 420 15
1194 362 1460 418 VALESH
1496 359 1814 416 EPISTOLA

1818 397 1825 411 ι
1861 355 2414 415 NUNCUPATORIA.
3118 356 3122 361 ’
3334 357 3396 411 η

235 482 360 552 dio,
393 480 461 542 id
489 500 642 558 opus
699 483 974 560 aggressi
1004 480 1166 552 estis,
1197 497 1527 556 novamque
1555 477 1908 538 Eusebiance
1947 475 2220 534 historia
2253 473 2574 534 editionem
2623 474 2953 534 curandam
2994 481 3172 553 atque
3218 475 3403 535 ador;

231 576 494 637 nandam
541 581 690 639 mihi
737 579 1124 638 commisistis
1154 599 1174 637 :
1211 586 1279 636 ut
1329 578 1552 636 amotis
1599 575 1992 650 superiorum
2031 571 2369 631 editionum
2415 573 2592 631 vitiis
2627 580 2806 651 atque
2851 571 3403 650 mendis;planior

234 676 509 753 deinceps
541 681 639 736 via
689 676 770 736 ad
818 677 1212 736 certissimam
1253 691 1460 732 rerum
1516 671 2060 742 ecclesiasticarum
2105 670 2393 728 notitiam
2444 669 2776 730 lectoribus
2821 680 3208 732 sterneretur.
3265 672 3400 748 Quo

169 833 174 838 .
231 785 469 841 nomine
510 783 777 842 studiosi
825 788 980 840 certe
1031 796 1230 837 omnes
1264 776 1436 834 vobis
1478 777 1818 853 plurimum
1850 765 2084 844 debent,
2118 790 2378 850 quorum
2415 774 2741 834 commodis
2769 776 3151 853 utilitatique
3186 786 3403 835 nostra

233 902 417 959 opera
445 883 788 940 consultum
820 899 942 938 esse
975 877 1286 936 voluistis.
1323 877 1615 936 Caterum
1641 883 1866 952 prater
1895 876 2006 934 has
2041 895 2254 935 causas
2288 893 2440 952 quas
2459 876 2590 951 jam
2619 884 3094 945 commemoravi,
3135 895 3265 955 quae
3292 895 3400 935 vos

231 978 310 1036 ad
330 995 550 1036 novam
585 977 1042 1038 Ecclesiasticm
1076 975 1370 1034 Historia:
1400 973 1720 1036 editionem
1751 973 2126 1047 impulerunt
2147 1019 2162 1044 ,
2192 973 2436 1032 suberat
2463 973 2640 1031 etiam
2669 972 2796 1032 alia
2821 1018 2838 1045 ,
2881 991 3256 1051 nequaquam
3280 1015 3298 1045 ,
3332 980 3401 1030 ut

231 1076 532 1147 arbitror,
563 1077 981 1151 praetereunda
1015 1099 1033 1137 :
1063 1079 1226 1155 quod
1255 1078 1490 1142 scilicet
1518 1078 1781 1137 Eusebio
1816 1077 1887 1136 de
1915 1077 2088 1137 vobis
2120 1077 2304 1156 deque
2352 1076 2674 1137 Gallicana
2707 1076 2984 1136 Ecclesia
3027 1079 3246 1152 optime
3288 1097 3404 1136 me-

232 1179 355 1236 rito
397 1181 660 1254 gratiam
690 1183 916 1257 referre
948 1180 1300 1242 studuistis.
1349 1180 1540 1240 Nemo
1575 1190 1731 1240 certe
1783 1190 1866 1240 est
1916 1200 1991 1240 ea:
2032 1181 2308 1257 antiquis
2344 1178 2628 1237 Ecclesia
2688 1179 3092 1255 scriptoribus
3141 1182 3247 1257 qui
3306 1188 3393 1239 tot

235 1277 518 1337 Ecclesia:
549 1279 876 1340 Gallicana:
920 1280 1166 1344 laudes.
1203 1291 1293 1340 tot
1324 1282 1595 1358 insignia
1639 1291 1822 1360 atque
1866 1289 2216 1340 ornamenta
2266 1279 2523 1355 scriptis
2559 1278 2686 1338 suis
2733 1266 3097 1339 intemuerit.
3144 1279 3296 1338 Nam
3344 1278 3400 1337 si

233 1369 659 1460 antiquitatem
685 1394 936 1461 spectes,
970 1385 1137 1464 quod
1174 1387 1562 1464 prtecipuum
1590 1394 2012 1462 argumentum
2056 1389 2138 1441 est
2173 1381 2561 1451 nobilitatis,
2592 1380 2693 1441 hic
2727 1388 2811 1438 est
2845 1380 2950 1458 qui
2994 1377 3359 1439 Crescentem
3382 1422 3399 1447 ,

231 1477 416 1538 Pauli
460 1485 732 1558 apostoli
778 1485 1188 1563 discipulum,
1225 1489 1291 1548 in
1340 1488 1579 1548 Gallias
1625 1475 2175 1558 venisseltestatur,
2223 1483 2427 1562 ibique
2483 1482 2880 1559 Evangelium
2907 1483 3292 1559 preedicasse.
3335 1479 3402 1541 Si

229 1586 581 1645 antistitum
607 1589 988 1648 sanctitatem
1019 1591 1490 1668 contemplemur
1527 1610 1596 1648 ac
1627 1591 1996 1660 doctrinam,
2034 1588 2363 1648 Pothinum
2394 1587 2572 1646 nobis
2604 1595 2784 1665 atque
2829 1589 3122 1647 Irenaum
3155 1584 3406 1661 Lugdua

230 1701 435 1748 nenses
466 1693 782 1769 episcopos
822 1694 1082 1772 profert.
1118 1694 1392 1769 Quorum
1426 1693 1530 1753 ille
1571 1712 1708 1753 cum
1759 1690 2092 1753 Ecclesium
2127 1708 2297 1750 suam
2342 1691 2589 1772 optimis
2619 1686 2908 1764 exemplis
2934 1704 3003 1744 ac
3033 1685 3403 1743 documentis

231 1787 577 1849 diutissime
605 1787 887 1862 fexisset,
929 1795 1166 1854 tandem
1195 1800 1607 1874 nonagenario
1640 1801 1838 1877 major
1877 1800 2064 1858 vitam
2093 1798 2337 1857 illustri
2370 1797 2670 1874 martyrio
2708 1792 3076 1854 terminavit.
3109 1790 3229 1852 Hic
3257 1811 3401 1850 vero

231 1883 374 1964 fidei
411 1890 779 1952 Christianae
811 1902 1080 1954 assertor
1109 1896 1523 1973 fortissimus,
1558 1896 1848 1957 adversus
1884 1917 2081 1956 omnes
2125 1897 2373 1955 haereses
2415 1894 2920 1954 luculentissimis
2964 1892 3142 1950 libris
3201 1892 3404 1949 decer-

229 1986 409 2048 iavit.
443 1989 580 2046 Iam
634 1991 689 2049 si
722 2001 1064 2069 martyrum
1092 1993 1524 2073 fortitudinem
1564 2005 1616 2055 et
1662 1999 1898 2055 sincera
1944 1993 2282 2054 earumdem
2330 1993 2638 2070 passionis
2663 1992 2815 2049 Acta
2854 1991 3176 2056 desideres,
3227 1987 3402 2046 nulla

229 2095 386 2145 certe
427 2088 701 2149 Ecclesia
759 2092 868 2150 hac
915 2094 981 2150 in
1016 2111 1081 2152 re
1128 2094 1347 2155 Gallia:
1387 2108 1610 2156 nostra:
1657 2094 2040 2174 anteferenda
2085 2101 2192 2154 est.
2240 2092 2586 2169 Epistolam
2641 2091 2796 2149 enim
2855 2089 3274 2150 Viennensium
3328 2096 3402 2145 ac”

229 2185 725 2262 Lugdunensium
755 2191 960 2249 statim
1002 2196 1417 2270 proferemus,
1458 2194 1621 2273 quod
1652 2195 2129 2272 pulcherrimum
2167 2202 2252 2251 est
2287 2201 2470 2266 atque
2505 2191 2979 2249 vetustissimum
3034 2193 3229 2249 totius
3273 2191 3395 2249 Ec-

229 2282 423 2343 clesia
452 2285 517 2344 in
548 2286 660 2345 hoc
695 2307 908 2365 genere
938 2307 1406 2357 monumentum.
1459 2299 1552 2372 De,
1570 2299 1745 2377 cujus
1793 2297 2077 2356 laudibus
2111 2314 2246 2355 cum
2287 2293 2481 2352 multa
2515 2293 2646 2370 jam
2699 2290 2864 2351 dicta
2910 2294 3034 2350 sint
3081 2311 3118 2350 a
3153 2291 3398 2374 multis,

228 2391 397 2440 nemo
435 2392 629 2444 tamen
655 2405 773 2465 pro
806 2391 982 2452 illius
1017 2394 1320 2472 dignitate
1342 2396 1630 2456 hactenus
1660 2406 1745 2456 est
1781 2396 2046 2457 locutus.
2078 2393 2242 2454 Adeo
2275 2393 2400 2472 ejus
2428 2389 2700 2468 epistolae
2753 2393 3029 2448 meritum
3060 2408 3128 2449 ac
3157 2389 3398 2467 pondus

229 2502 458 2549 omnem
511 2491 755 2556 dicendi
784 2505 903 2558 vim
934 2512 1204 2580 superat.
1237 2505 1432 2575 Atque
1490 2504 1556 2563 id
1583 2503 1938 2583 fatebuntur
1972 2503 2312 2580 quicunque
2344 2517 2468 2558 eam
2500 2495 2719 2572 sa’pius
2761 2489 3038 2567 legerint-
3091 2489 3222 2562 Οιιο
3257 2487 3399 2565 Plu‘

233 2590 389 2647 enim
438 2590 686 2667 legitur,
729 2615 792 2655 eo
823 2618 1053 2676 semper
1080 2602 1322 2661 videtur
1353 2622 1474 2662 esse
1499 2603 1918 2680 prastantior.
1952 2602 2086 2660 Hoc
2117 2618 2257 2658 vero
2306 2606 2428 2656 tam
2457 2595 2690 2670 insigne
2721 2589 3002 2649 Ecclesia
3035 2598 3244 2649 vestris
3277 2609 3400 2647 mo-'

227 2693 577 2749 numentum
606 2694 718 2752 uni
747 2695 1010 2758 Eusebio
1047 2707 1356 2778 acceptum
1396 2704 1556 2778 ferre
1584 2702 1877 2762 debemus.
1913 2701 2035 2774 Qui
2076 2699 2200 2758 nisi
2257 2696 2681 2757 Historiarum
2729 2698 2981 2749 suarum
3026 2687 3203 2748 libris
3239 2689 3401 2748 illud

228 2791 613 2867 intexuisset,
648 2807 816 2858 tanta
847 2804 1240 2883 antiquitatis
1284 2808 1700 2869 ecclesiastica
1735 2811 2016 2867 thesauro
2048 2824 2208 2865 nunc
2237 2789 2499 2886 fortasse
2529 2815 2886 2862 careremus.
2932 2792 3113 2868 Quod
3159 2792 3213 2852 si
3259 2791 3397 2869 ﬁdei

226 2895 555 2958 sinceritas
582 2921 649 2960 ac
679 2903 1044 2980 simplicitas
1069 2918 1406 2988 queratur,
1443 2910 1656 2971 Gallos
1683 2917 1930 2970 nostros
1961 2907 2258 2969 Eusebius
2292 2910 2356 2969 in
2387 2908 2496 2966 his
2530 2903 2705 2964 libris
2736 2894 2873 2958 hinc
2904 2895 3208 2974 pracipue
3238 2913 3399 2952 com-

227 2998 469 3056 mendat
495 3020 518 3058 :
548 2996 688 3061 dum
715 3008 804 3063 ait
838 3009 1312 3082 persecutionem
1342 3009 1710 3069 Diocletiani
1744 3010 1806 3066 in
1836 3006 2183 3067 Occidentis
2223 2994 2510 3085 partibus
2541 3016 2609 3062 ac
2659 2997 2997 3077 praesertim
3050 2995 3114 3052 in
3147 2992 3353 3051 Gallia
3381 3057 3398 3084 ν

226 3096 351 3153 cito
385 3108 507 3156 esse
536 3119 969 3180 compressam,
1010 3109 1128 3168 Deo
1177 3110 1308 3170 illis
1357 3120 1613 3190 propter
1660 3111 1802 3190 ﬁdei
1836 3112 2245 3172 sinceritatem
2289 3097 2609 3184 benignius
2645 3093 3015 3176 indulgente.
3056 3096 3194 3154 Jam
3229 3107 3394 3166 vero,

227 3208 361 3270 qua-
388 3196 671 3259 Ecclesia
700 3202 1027 3267 Gallicanis
1060 3228 1184 3267 non
1209 3219 1518 3285 postrema
1548 3211 1682 3270 laus
1712 3218 1794 3269 cst
1819 3256 1835 3282 ,
1867 3215 2223 3287 perpetuam
2255 3191 2574 3284 illiusjam
2606 3201 2742 3262 inde
2777 3221 2812 3258 a
2848 3199 3069 3274 primis
3104 3197 3394 3274 tempori-

227 3291 339 3350 bus
365 3304 504 3351 ‘cum
535 3295 666 3355 sede
693 3298 966 3359 Romana
996 3307 1460 3378 consensionem,
1497 3307 1559 3366 in
1596 3308 1690 3365 his
1717 3305 1971 3363 Eusebii
2004 3294 2181 3361 libris
2221 3315 2342 3359 non
2374 3298 2548 3357 semel
2581 3298 2716 3360 licet
2755 3302 3207 3380 deprehendere.
3259 3302 3400 3361 Pri-

227 3414 390 3455 mum
425 3400 663 3475 Quidem
714 3404 780 3463 in
825 3408 1086 3482 epistola
1114 3421 1452 3486 martyrum
1485 3408 2001 3487 Lugdunensium,
2065 3424 2243 3484 quam
2298 3402 2419 3476 illi,
2451 3402 2647 3462 adhuc
2689 3408 2753 3461 in
2801 3420 3033 3462 carcere
3071 3403 3286 3478 positi,
3319 3402 3399 3460 ad

227 3498 621 3560 Eleutherum
651 3508 1054 3583 scripserunt,
1086 3521 1228 3572 tunc
1265 3514 1538 3572 Romanae
1567 3513 1740 3571 urbis
1771 3513 2157 3588 episcopum,-
2188 3525 2326 3564 nam
2365 3524 2500 3564 cum
2529 3505 2749 3563 Asiani
2786 3504 3011 3562 litteris
3041 3505 3122 3560 ad
3155 3501 3400 3579 Lugdu-

228 3599 431 3655 nensis
459 3597 745 3660 Ecclesia
769 3604 993 3680 fratres
1023 3607 1185 3664 datis
1212 3626 1310 3664 eos
1341 3591 1813 3678 consuluissent,
1839 3599 1987 3682 quid
2013 3599 2390 3660 sentiendum
2415 3606 2561 3657 esset
2600 3598 2670 3656 de
2696 3615 2853 3655 nova
2882 3598 3235 3673 prophetia,
3267 3615 3396 3673 quin

233 3708 376 3758 tunc
406 3702 575 3776 apud
605 3702 935 3779 Phrygiam
971 3725 1172 3766 recens
1202 3712 1424 3767 exorta
1451 3707 1849 3783 gravissimos
1883 3703 2183 3763 tumultus
2215 3720 2325 3777 per
2355 3708 2542 3759 totam
2571 3698 2778 3757 Asiam
2824 3699 3163 3771 excitarat,
3199 3699 3398 3756 Galli-

231 3800 372 3858 cani
401 3811 699 3877 martyres
728 3820 850 3860 rem
878 3802 960 3860 ad
1003 3802 1396 3860 Eleutherum
1445 3803 1792 3861 detulerunt
1816 3845 1832 3873 ,
1867 3810 1936 3858 ut
1984 3800 2112 3877 ejus
2142 3801 2505 3863 interventu,
2539 3796 2714 3871 cujus
2767 3798 2830 3855 in
2866 3797 3136 3856 Ecde‘sia
3169 3805 3394 3853 summa

231 3910 357 3960 erat
392 3906 772 3978 auctoritas,
816 3923 948 3981 pars
975 3905 1222 3964 Asianis
1252 3905 1696 3964 restitueretur.
1732 3904 2005 3962 Alterum
2044 3900 2226 3976 hujus
2275 3895 2614 3957 concordia!
2663 3895 2999 3972 exemplum
3040 3891 3392 3968 suppeditat

230 4002 504 4079 synodus
538 4005 883 4076 Gallicana,
922 4007 986 4065 in
1029 4024 1148 4085 qua
1177 4009 1444 4066 Irenaeus
1493 4023 1615 4062 una
1657 4023 1790 4061 cum
1823 4002 2109 4080 pluribus
2139 3999 2485 4058 Galliarum
2515 3999 2852 4074 episcopis,
2908 3995 3171 4054 Victoris
3219 4005 3393 4068 papa

233 4109 544 4166 sententiae
578 4107 647 4166 de
681 4109 1080 4170 celebratione
1099 4111 1240 4189 festi
1275 4105 1607 4177 Paschalis,
1641 4099 1714 4166 ab'
1742 4105 2005 4164 Eusebio
2043 4101 2279 4161 dicitur
2307 4101 2760 4176 subscripsisse.
2797 4095 2957 4153 Idem
2998 4109 3234 4170 quoque
3266 4091 3393 4149 Ire-

230 4224 395 4266 net-us
431 4211 720 4269 adversus
768 4211 1091 4272 'Florinum
1137 4215 1243 4291 qui
1294 4211 1623 4270 Ecclesiam
1677 4211 1999 4268 Romanam
2049 4205 2401 4282 pernicioso
2439 4203 2757 4260 schismate
2803 4193 3113 4260 turbabat,
3145 4191 3394 4291 fortiter

232 4309 602 4372 insurrexit.
633 4312 1042 4372 Pratermitto
1077 4289 1400 4379 Reticium,
1438 4303 1780 4368 Maternum
1809 4325 1876 4365 ac
1912 4298 2249 4374 Marinum,
2282 4297 2502 4363 Gallia
2537 4299 2875 4377 episcopos,
2918 4295 3026 4372 qui
3076 4306 3208 4351 Cum
3244 4289 3393 4349 Mil-

231 4409 396 4468 tiade
421 4429 588 4487 papa
626 4415 689 4471 in
719 4412 950 4489 synodo
988 4410 1263 4468 Romana
1295 4407 1656 4478 residentes,
1685 4424 1864 4464 unam
1913 4422 2046 4463 cum
2098 4401 2208 4460 illo
2256 4399 2545 4460 adversus
2594 4401 2899 4458 Donatum
2930 4393 3120 4451 tulere
3152 4396 3392 4449 senten-

232 4509 399 4566 tiam.
438 4508 588 4567 Cum
621 4511 817 4586 igitur
861 4518 948 4569 tot
982 4519 1279 4588 tantaque
1330 4510 1663 4569 Gallicana:
1698 4508 1979 4567 Ecctesice
2025 4505 2233 4564 laudes
2277 4505 2347 4564 ab
2396 4503 2657 4563 Eusebio
2708 4504 3178 4560 commemorata
3228 4493 3389 4560 sint,

230 4611 456 4666 nemini
485 4612 703 4669 mirum
736 4611 934 4670 videri
966 4609 1154 4682 debet,
1187 4614 1242 4670 si
1271 4631 1384 4691 pro
1418 4613 1606 4670 tantis
1635 4609 2079 4668 antecessorum
2115 4617 2457 4666 vestrorum
2479 4607 2810 4684 prteconiis
2849 4605 3000 4664 hanc
3036 4602 3089 4661 ei
3132 4598 3392 4677 gratiam

232 4715 457 4787 referre
477 4713 829 4786 studuistis,
855 4723 919 4772 ut
963 4714 1397 4774 Ecclesiastica
1432 4715 1560 4795 ejus
1590 4713 1866 4771 Historia
1901 4729 2076 4788 quam
2104 4710 2241 4795 ﬁeri
2265 4722 2463 4786 posset
2499 4709 2979 4768 emendatissimo
3007 4712 3181 4787 atque
3212 4712 3392 4759 arna-e

233 4809 492 4880 tissima,
530 4813 746 4868 vestris
775 4808 1071 4889 auspiciis
1104 4816 1381 4872 ederetur
1410 4813 1472 4871 in
1505 4812 1718 4871 lucem.
1752 4809 1945 4883 Quam
1993 4809 2054 4866 in
2087 4789 2208 4866 r‘em
2245 4818 2378 4866 'cum
2415 4823 2503 4863 me
2533 4823 2716 4863 unum
2744 4825 2820 4864 ea:
2853 4802 3126 4863 omnibus
3156 4797 3387 4872 delege-

233 4910 398 4979 ritis,
435 4910 702 4987 equidem
730 4907 1066 4990 plurimum
1110 4918 1283 4976 vobis
1335 4935 1398 4974 eo
1443 4916 1686 4973 nomine
1729 4931 1816 4970 me
1862 4909 2432 4986 deberevproﬁteor,
2489 4909 2592 4986 q‘ui
2643 4899 2712 4964 de
2757 4923 2842 4962 me
2894 4907 3013 4960 tam
3064 4894 3389 4970 honbriﬁce

239 5008 565 5069 ‘enseritis.
601 5012 887 5089 Intelligo
921 5017 1114 5074 tamen
1145 5022 1438 5092 quantum
1474 5011 1624 5070 mihi
1652 5028 1686 5066 a
1714 5008 1884 5067 vobis
1939 5023 2094 5065 onus
2129 5008 2208 5066 sit
2242 5007 2596 5081 impositum
2636 5024 2656 5062 :
2706 5011 2771 5061 ut
2804 5008 2942 5078 post
2990 5006 3110 5056 tres
3144 4995 3388 5092 Latinos

237 5106 590 5183 interpretes
620 5124 878 5192 quartus
921 5119 1050 5193 ipse
1075 5090 1438 5194 procedam,
1493 5119 1546 5172 et
1590 5111 1844 5172 eamdem
1891 5125 2024 5168 cum
2079 5109 2211 5169 illis
2246 5108 2729 5168 existimationis
2757 5104 2942 5162 aleam
2964 5099 3223 5158 subeam.
3271 5090 3391 5155 Sed

237 5207 518 5276 quoniam
547 5211 687 5271 huic
729 5214 1028 5274 desiderio
1077 5225 1273 5274 vestro
1319 5234 1388 5273 ac
1437 5214 1720 5271 mandato
1755 5209 2060 5286 refragari
2108 5211 2275 5286 nefas
2325 5208 2472 5265 mihi
2515 5208 2637 5284 fuit
2666 5248 2682 5271 ,
2732 5205 2891 5261 hunc
2948 5198 3211 5257 laborem
3258 5199 3367 5250 1W“

235 5293 448 5374 vestra,
507 5321 631 5369 tum
667 5298 918 5378 Eusebii
965 5329 1149 5378 causa
1184 5317 1573 5377 libentissime
1620 5312 1899 5388 suscepi,
1932 5318 2274 5386 omnemque
2317 5309 2382 5366 in
2423 5303 2784 5365 emendando
2830 5309 2883 5359 et
2934 5300 3385 5373 interpretando

233 5403 564 5465 molestiam
596 5410 890 5471 diuturna
942 5415 1240 5491 patientia
1288 5412 1576 5472 concoxi.
1622 5395 1766 5468 ‘Alii
1807 5405 2046 5485 quidem
2087 5398 2436 5480 etingenio
2488 5410 2541 5460 et
2589 5402 2872 5458 doctrina
2917 5393 3384 5458 instructiores,

231 5503 411 5577 plura
449 5515 501 5563 et
537 5508 786 5567 meliora
810 5508 1210 5588 praestabunt.
1247 5516 1376 5589 Ego
1413 5512 1476 5570 id
1503 5511 1792 5587 perficere
1822 5513 2075 5564 conatus
2105 5521 2258 5576 sum,
2289 5523 2363 5563 ne
2391 5505 2529 5582 quis
2565 5503 2628 5560 in
2653 5500 2768 5576 hoc
2798 5513 2979 5574 opere
3005 5492 3392 5567 diligentiam

232 5623 409 5665 ’Μαίη
428 5609 578 5684 jure
606 5613 815 5669 ηπετὶιο
849 5609 1238 5674 desideraret.
1280 5614 1461 5687 Quod
1491 5611 1727 5690 quidem
1760 5616 1963 5666 utrum
1999 5613 2356 5664 consecutus
2397 5605 2550 5672 sim,
2606 5618 2710 5657 vos
2741 5639 2779 5684 ,ἰ
2808 5590 3218 5656 illustrissimi
3270 5590 3390 5648 An-

234 5704 469 5782 tistitss,
501 5723 624 5783 pro
655 5692 866 5767 vestra
889 5712 1173 5788 aequitate
1210 5711 1602 5787 jitdicabitis.
1639 5707 1934 5767 Caeterum
1964 5703 2019 5770 si
2055 5702 2212 5762 hunc
2239 5720 2276 5762 a
2309 5721 2394 5762 me
2425 5707 2766 5775 susceptum
2816 5702 2993 5771 atque
3025 5691 3385 5751 exhaustum
