3996 6342
658 364 725 419 ιδ
1403 431 1406 435 λ
1902 366 2166 420 νΑιεδιι
2204 367 2236 419 r

2271 367 2598 422 tEFATIO.
2878 419 2880 422 ,
3732 355 3739 364 ’
3788 377 3849 430 tc

655 475 920 535 laborem
964 479 1138 538 vobis
1190 478 1497 558 placuisse
1542 479 1944 549 intellexero,
1991 482 2377 556 promptiore
2424 483 2704 560 deinceps
2757 491 2811 542 et
2869 485 3175 544 alacriore
3225 506 3426 546 animo
3472 489 3850 568 reliquorum

655 579 1072 641 ecclesiastica
1100 581 1379 642 historia
1409 584 1789 658 scriptorum
1818 583 2145 641 editionem
2175 585 2526 660 aggrediar,
2559 585 2851 663 vobisque
2877 589 3224 664 faventibus
3259 588 3410 647 idem
3441 591 3502 648 in
3532 591 3660 649 illis
3686 592 3851 669 quod

654 681 719 740 in
747 681 1007 744 Eusebio
1041 694 1340 762 prwstare
1368 684 1662 746 conabor.
1715 713 1718 716 θ

2206 788 2582 844 Ιιιυδιτίεδὶιηπξ
2623 807 2684 844 ac
2719 791 3198 846 Reverendissima:
3229 795 3290 848 Ι).
3333 794 3393 848 V.
3431 791 3847 857 addictissimus,

2650 895 2916 959 llcmucus
2948 905 3244 960 Vaassmsu

659 1072 3816 1100 W—m—w

787 1242 883 1295 AD
924 1239 1218 1296 EOSDEM
1260 1237 1876 1296 ILLUSTRISSIMOS
1916 1239 2378 1304 ANTISTITES,
2423 1240 2518 1293 DE
2559 1239 2759 1295 NOVA
2803 1239 3253 1296 EUSEBIAN/E
3297 1240 3670 1298 HISTORIA?

1349 1349 1356 1361 ’
1842 1353 2209 1408 EDITIONE
2245 1353 2664 1409 PREFATIO.

732 1655 988 1716 Peracto
1032 1649 1336 1711 solemnis
1384 1651 1881 1726 nuncupationis
1931 1651 2175 1724 ofﬁcio,
2223 1649 2351 1728 jam
2403 1658 2652 1727 tempus
2705 1657 2841 1721 est,
2897 1651 3318 1712 illustrissimi
3363 1651 3736 1722 Antistites,
3777 1656 3844 1712 ut

652 1754 864 1832 operis
924 1751 1045 1812 mei
1104 1751 1475 1828 singillatim
1541 1753 1724 1814 vobis
1781 1755 2088 1814 rationem
2152 1755 2435 1815 reddam.
2490 1755 2646 1814 Cum
2713 1757 2881 1815 enim
2937 1763 3139 1815 vestra
3202 1754 3599 1830 potissimum
3654 1767 3843 1812 causa

655 1863 992 1930 vestroque
1041 1851 1225 1928 iussu
1288 1852 1390 1912 hic
1445 1869 1474 1912 a
1529 1869 1630 1913 me
1683 1865 2020 1930 susceptus
2064 1854 2144 1913 sit
2202 1854 2415 1926 labor,
2472 1870 2584 1914 vos
2645 1872 2770 1925 prae
2822 1855 3062 1915 caeteris
3109 1852 3405 1913 omnibus
3455 1852 3665 1928 Operis
3721 1847 3842 1908 mei

612 1956 914 2016 tlectores
952 1970 1021 2013 ac
1049 1951 1299 2029 judices
1332 1958 1390 2010 et
1437 1960 1584 2026 Opto
1625 1952 1812 2011 simul
1865 1960 1924 2014 et
1972 1970 2180 2029 spero.
2218 1954 2357 2013 Tria
2400 1964 2543 2014 sunt
2574 1956 2765 2030 igitur
2799 1973 2939 2032 quae
2987 1955 3048 2013 iu
3087 1952 3200 2014 hac
3233 1951 3518 2013 editione
3553 1955 3846 2026 prtestare

650 2053 894 2113 studui.
946 2052 1220 2112 Primum
1273 2059 1366 2110 est
1412 2051 1607 2110 Gtmei
1665 2058 1874 2112 textus
1929 2053 2321 2124 emendatio;
2365 2057 2715 2115 secundum
2777 2055 2990 2114 Latina
3046 2053 3326 2130 ejusdem
3380 2048 3845 2126 interpretatio,

655 2157 906 2215 tertium
963 2158 1054 2214 est
1108 2151 1419 2229 expositio
1455 2154 1896 2212 obscuriorum
1941 2152 2244 2214 locorum.
2284 2155 2353 2212 Et
2411 2157 2691 2215 Latinam
2745 2156 3005 2231 quidem
3053 2153 3634 2230 interpretationem
3675 2150 3845 2227 quod

653 2255 893 2324 attinet,
938 2260 1075 2330 post
1117 2261 1239 2311 tres
1276 2249 1648 2310 Eusebianm
1684 2251 1985 2312 Historiae
2024 2252 2426 2329 interpretes,
2467 2253 2600 2331 ipse
2633 2264 2915 2333 quartam
2951 2253 3291 2315 elaboravi.
3327 2251 3843 2312 En'iendationem

657 2363 1043 2430 veroatque
1091 2350 1558 2426 expositionem
1620 2349 1968 2409 Eusebiani
2019 2351 2274 2426 Operis,
2321 2366 2506 2410 nemo
2565 2361 2708 2411 ante
2771 2368 2886 2411 nos
2947 2357 3319 2410 tentaverat.
3371 2352 3603 2408 Verum
3658 2353 3724 2407 ut
3769 2345 3846 2406 de

654 2457 925 2534 singulis
995 2471 1111 2514 suo
1164 2452 1301 2513 loco
1351 2460 1538 2526 atque
1589 2453 1809 2510 ordine
1857 2452 2218 2512 distinctius
2267 2452 2502 2525 dicam,
2535 2454 2743 2537 ordiar
2773 2455 3042 2532 primum
3079 2453 3154 2514 ab
3192 2451 3656 2511 emendatione.
3692 2437 3847 2521 Qui-

649 2574 904 2635 cunque
937 2571 1159 2615 novam
1196 2559 1480 2610 veterum
1516 2551 1894 2626 scriptorum
1937 2551 2280 2610 editionem
2314 2552 2804 2627 aggrediuntur,
2857 2553 2898 2610 ii
2945 2569 3203 2612 necesse
3235 2552 3468 2613 habent
3506 2551 3582 2611 ab
3616 2567 3842 2609 emen-

651 2661 909 2720 datione
954 2654 1211 2714 initium
1264 2651 1496 2712 laboris
1545 2653 1642 2712 sui
1688 2653 1942 2712 ducere.
1983 2653 2081 2712 Sic
2127 2653 2443 2726 Origenes
2490 2671 2629 2714 cum
2690 2669 2911 2712 nevam
2956 2653 3364 2731 Septuaginta
3421 2654 3845 2729 lnterpretum

651 2758 997 2819 editionem
1035 2750 1457 2825 suscepisset,
1508 2751 1834 2828 multaque
1872 2751 1930 2808 in
1975 2751 2051 2809 iis
2088 2750 2275 2809 dubia
2310 2769 2380 2810 ac
2413 2751 2812 2810 dissonantia
2865 2753 2944 2811 ob
2979 2753 3346 2812 varietatem
3393 2751 3845 2829 exemplarium

653 2862 1029 2940 reperisset,
1069 2857 1129 2914 in
1172 2871 1388 2914 eorum
1448 2851 1894 2936 emendatione
1941 2851 2216 2924 primum
2259 2849 2599 2922 laboravit;
2659 2861 2721 2911 et
2769 2850 3011 2911 collatis
3059 2852 3458 2928 Septuaginta
3506 2852 3842 2912 Seuiorum

652 2959 1124 3042 exemplaribus
1175 2954 1396 3032 partim
1437 2968 1578 3009 cum
1630 2951 1948 3011 Hebraico
1992 2958 2162 3010 textu
2193 2996 2209 3019 ,
2253 2953 2476 3028 partim
2526 2969 2664 3011 cum
2707 2952 2905 3024 tribus
2942 2952 3081 3012 aliis
3131 2952 3561 3021 editionibns,
3600 2952 3848 3029 Aquila:

653 3068 931 3134 scilicet,
983 3050 1444 3119 Theodotionis
1497 3061 1556 3110 et
1613 3049 2012 3126 Symmachi,
2068 3067 2318 3111 errores
2373 3051 2486 3128 qui
2542 3053 2606 3111 in
2670 3053 3068 3129 Septuaginta
3117 3052 3447 3112 Seniorum
3501 3052 3845 3112 editionem

649 3166 1066 3241 irrepserant,
1117 3169 1343 3216 omnes
1396 3149 1677 3210 sustulit.
1732 3148 1905 3209 Idem
1971 3151 2136 3210 enim
2188 3151 2322 3226 ipse
2370 3151 2580 3212 innuit
2644 3152 2708 3212 in
2759 3160 3014 3212 tractatu
3071 3171 3177 3211 vni
3245 3153 3309 3212 in
3351 3153 3702 3217 Matthceum
3752 3156 3847 3215 his

656 3265 927 3328 verbis:
986 3281 1012 3313 ι(
1055 3259 1122 3316 In
1177 3250 1648 3326 exemplaribus
1708 3249 1969 3327 quidem
2020 3249 2271 3309 Veteris
2325 3250 2713 3310 Testamenli
2770 3269 3167 3328 qumeunque
3227 3252 3486 3312 fuerunt
3545 3254 3848 3315 inconso-

649 3367 898 3435 nantia,
945 3364 1073 3422 Deo
1108 3359 1470 3436 praestante,
1505 3331 1794 3426 coeptare
1819 3349 2137 3424 potuimus
2161 3392 2176 3418 ,
2216 3359 2462 3410 utentes
2485 3352 2731 3426 judicio
2763 3358 3123 3411 emterarum
3159 3350 3534 3411 editionum.
3560 3353 3647 3411 Ea
3676 3355 3848 3436 enim

651 3487 795 3547 qua;
847 3433 1223 3526 videbantur
1274 3455 1440 3533 apud
1501 3453 1912 3530 Septuaginta
1964 3451 2155 3512 dubia
2217 3469 2359 3512 esse
2418 3459 2672 3536 pt‘Optet‘
2725 3454 3211 3513 consonantiam
3265 3433 3796 3528 exemplariorurn
3831 3499 3848 3526 ,

649 3538 952 3631 facientes
1000 3538 1318 3640 judiciurri
1351 3572 1427 3617 ex
1460 3551 1854 3614 editionibus
1887 3549 2156 3626 reliquis
2184 3592 2202 3622 ,
2251 3551 2700 3610 convenientia
2752 3552 3167 3611 servavimus.
3204 3572 3232 3606 »
3280 3551 3586 3626 Origenis
3636 3571 3853 3614 exem-

655 3671 827 3748 plum
880 3671 1136 3724 secutus
1190 3665 1404 3738 postea
1457 3656 1530 3719 Β.
1577 3655 2048 3731 Hieronymus,
2095 3665 2330 3712 novam
2387 3652 2732 3714 editionem
2789 3653 3192 3730 Septuaginta
3233 3655 3660 3733 Interprelum
3705 3674 3740 3716 a
3785 3674 3852 3715 se

655 3767 1082 3839 emendatam“
1121 3771 1183 3822 et
1217 3760 1540 3822 asteriscis
1571 3759 1903 3836 obelisque
1934 3757 2298 3817 distinctam
2341 3773 2472 3815 suae
2517 3757 2750 3832 linguae
2789 3757 3159 3818 hominibus
3197 3757 3412 3832 dedit,
3461 3758 3624 3817 sicut
3660 3759 3853 3817 variis
3927 3791 3932 3799 -

652 3875 716 3934 in
756 3871 908 3932 locis
942 3869 1078 3944 ipse
1111 3870 1398 3926 testatur.
1432 3863 1640 3936 Atque
1689 3867 1754 3916 ut
1794 3855 1872 3916 de
1922 3855 2204 3932 profanis
2245 3854 2664 3929 scriptoribus
2706 3854 2890 3915 etiam
2935 3855 3197 3932 loquar,
3245 3854 3458 3912 Crates
3490 3861 3550 3912 et
3580 3853 3856 3911 Aristar-

654 3975 850 4042 chus,
902 3963 1336 4045 grammatici,
1388 3960 1499 4036 qui
1550 3956 2058 4018 accuratissimas
2104 3952 2428 4013 Homerici
2485 3953 2784 4013 carminis
2837 3953 3156 4012 editiones
3202 3951 3635 4017 elaborarunt,
3691 3949 3851 4007 nihil

653 4075 821 4139 aliud
871 4074 1005 4133 fere
1051 4084 1240 4147 quam
1287 4061 1798 4126 emendationem
1847 4059 2453 4134 distinctionemque
2503 4056 2674 4114 illius
2728 4053 2939 4128 Operis
2986 4049 3436 4129 praestiterunt.
3483 4048 3621 4107 Pari
3658 4047 3854 4120 igitur

652 4177 843 4240 modo
875 4190 1016 4234 cum
1062 4165 1434 4228 E'usebianze
1477 4164 1774 4224 Historim
1810 4178 2038 4220 novam
2077 4160 2425 4219 editionem
2458 4158 2731 4217 condere
2770 4155 3194 4214 instituissem
3220 4198 3235 4225 ,
3270 4153 3334 4211 in
3374 4152 3512 4229 ejus
3548 4156 3852 4212 emenda-

661 4279 836 4338 tione
887 4288 1137 4331 omnem
1200 4263 1576 4324 industriam
1643 4278 1714 4319 ac
1773 4258 2164 4334 diligentiam
2221 4257 2514 4316 adhibui.
2567 4257 2893 4315 Editiones
2946 4256 3316 4316 Euscbianae
3368 4258 3660 4317 Historia}
3710 4259 3852 4315 dum

657 4387 902 4441 tantum
947 4374 1253 4433 hactenus
1287 4367 1499 4426 Grmce
1535 4361 1908 4438 prodierunt
1941 4381 1954 4419 :
1992 4359 2181 4418 altera
2223 4357 2632 4428 Parisiensis,
2677 4373 2860 4432 quam
2899 4357 3209 4417 Roberlus
3248 4357 3600 4433 Stephanus
3647 4372 3846 4415 excu-

655 4487 788 4556 dit;
822 4481 914 4539 vir
944 4478 1020 4540 de
1053 4474 1278 4537 litteris
1313 4487 1388 4530 co
1420 4467 1686 4528 nomine
1720 4465 1959 4542 Optime
1993 4465 2256 4523 meritus
2280 4506 2296 4533 ,
2333 4464 2504 4538 quod
2546 4478 2772 4536 corpus
2809 4461 3088 4522 histOriae
3119 4458 3560 4523 ecclesiasticae
3591 4457 3845 4531 elegan-

660 4552 927 4648 tissimis
961 4581 1122 4657 typis
1160 4577 1400 4656 primus
1436 4568 1779 4650 publicavit
1808 4591 1824 4641 ;
1849 4569 2042 4628 altera
2075 4574 2167 4625 est
2205 4565 2603 4626 Gonevensis
2637 4565 2857 4626 editio.
2887 4567 3121 4626 Verum
3158 4565 3288 4624 haec
3317 4563 3381 4620 in
3418 4561 3634 4622 Graeco
3669 4568 3844 4621 textu

656 4687 1002 4752 editionem
1043 4683 1209 4742 illam
1255 4677 1510 4739 Roberti
1547 4672 1846 4750 Stephani
1884 4669 2126 4747 ubique
2167 4669 2520 4744 expressit,
2559 4667 2680 4727 nisi
2722 4670 2893 4746 quod
2933 4669 3133 4732 varias
3182 4667 3491 4728 lectiones
3529 4671 3866 4725 etamen;

658 4786 946 4848 dationes
972 4780 1046 4840 ad
1087 4780 1246 4837 latus
1287 4777 1472 4839 habet
1507 4778 1824 4854 appositas
1855 4792 1933 4835 ex
1965 4771 2290 4834 codicibus
2318 4771 2646 4832 doctorum
2681 4771 2999 4845 virorum;
3054 4779 3112 4832 et
3145 4770 3400 4831 lacunas
3438 4767 3680 4842 aliquot
3709 4784 3848 4844 quia

657 4890 724 4950 in
784 4882 960 4946 libris
1011 4879 1093 4937 De
1129 4877 1256 4934 vita
1303 4876 1701 4937 Constantini
1746 4882 2131 4943 occurrunt,
2166 4889 2238 4931 ex
2289 4869 2513 4930 iisdem
2561 4870 2886 4930 codicibus
2935 4871 3274 4948 supplevit.
3312 4869 3579 4929 Proinde
3626 4869 3686 4926 in
3725 4886 3845 4927 una

661 4995 966 5054 duntaxat
1006 4981 1261 5044 Roherti
1313 4976 1608 5052 Stephani
1653 4975 1943 5036 editione
1996 4971 2150 5032 mihi
2204 4967 2617 5030 laborandum
2667 4968 2806 5030 fuit.
2840 4971 3039 5042 Quam
3090 4969 3345 5048 quidem
3394 4984 3534 5028 cum
3574 4976 3847 5044 quatuor

662 5088 1108 5167 manuscriptis
1166 5080 1418 5159 optima:
1485 5085 1645 5138 notae
1705 5077 2032 5154 codicibus
2089 5081 2326 5153 quanta
2387 5071 2563 5149 potui
2624 5072 2953 5149 diligentia
3016 5074 3352 5144 collatam,
3420 5072 3634 5132 multis
3694 5073 3848 5136 locis

667 5199 939 5262 restitui.
3006 5182 3012 5197 '

746 5303 983 5364 Horum
1017 5301 1291 5374 quatuor
1323 5288 1610 5348 codicum
1649 5287 1812 5348 duos
1851 5287 2036 5348 nobis
2077 5279 2589 5346 subministravit
2637 5278 3011 5344 bibliotheca
3041 5274 3257 5351 Regia.
3309 5275 3484 5335 Prior
3525 5274 3845 5338 Francisci

670 5397 853 5474 primi
887 5395 1134 5473 prrefert
1178 5388 1494 5463 insignia;
1540 5390 1686 5443 ante
1723 5383 2228 5460 quadringentos
2274 5379 2414 5456 plus
2447 5379 2659 5437 minus
2693 5395 2893 5438 annos
2936 5378 3205 5454 scriptus
3238 5380 3301 5439 in
3340 5380 3548 5442 charta
3579 5383 3856 5465 bomby-'

666 5501 806 5560 cina
860 5503 918 5558 et
963 5494 1321 5571 singulares
1375 5490 1689 5552 interdum
1744 5487 2000 5548 exhibet
2055 5489 2398 5558 lectiones,
2459 5484 2862 5560 multumque
2900 5502 2931 5542 a
2966 5483 3228 5561 reliquis
3264 5485 3590 5547 codicibus
3615 5487 3847 5546 disere-

665 5613 912 5684 pantes.
961 5601 1075 5659 Hic
1121 5605 1214 5660 est
1251 5615 1440 5676 quem
1497 5595 1560 5653 in
1597 5592 2112 5653 adnotationibus
2145 5591 2410 5666 Regium
2453 5587 2730 5649 codicem
2766 5587 3110 5648 nominavi.
3152 5585 3320 5644 Alter
3369 5593 3464 5645 est
3514 5603 3592 5647 ex
3627 5582 3852 5644 biblio-

669 5704 845 5766 theca
884 5695 1199 5768 Medicam,
1227 5712 1365 5774 qum
1401 5712 1567 5756 nunc
1602 5693 1666 5752 in
1694 5691 1945 5767 Regiam
1986 5691 2303 5763 translata,
2341 5705 2464 5749 uno
2495 5685 2845 5761 eodemque
2880 5685 3086 5760 Regiae
3119 5688 3512 5750 bibliotheca)
3548 5685 3851 5750 vocabulo
