3996 6342
232 338 282 390 η
1455 331 1714 387 VALESH
1754 330 1810 385 PI

1816 331 2140 389 UEFATIO.
3220 330 3223 333 ’
3333 332 3394 387 η

226 456 521 512 censetur.
572 446 683 505 Hic
732 447 803 506 ad
846 447 1321 511 distinctionem
1368 451 1602 527 prioris
1634 451 1809 509 illius
1838 451 2115 523 codicis,
2154 450 2493 511 Medicasus
2536 451 2732 510 codex
2770 453 2834 511 in
2876 452 3393 512 adnotationibus

226 551 435 613 nostris
465 551 834 625 appellatur.
871 551 991 621 Qui
1031 554 1173 613 licet
1212 554 1397 630 paulo
1434 555 1751 614 recentior
1782 555 1884 625 sit,
1926 574 2000 614 ex
2036 558 2275 628 Optimo
2315 562 2519 615 tamen
2557 555 2897 628 exemplari
2930 563 2987 614 et
3021 556 3098 616 ab
3139 557 3386 616 erudita

226 671 393 714 manu
431 654 789 731 descriptus
839 658 953 714 est.
1006 643 1274 710 Duobus
1322 650 1420 711 his
1466 651 1942 729 exemplaribus
1981 670 2139 709 usus
2180 660 2309 711 erat
2343 652 2659 711 Robertus
2706 652 3059 727 Stephanus
3094 652 3155 712 in
3195 654 3389 713 Euse-

222 748 404 811 biante
444 749 741 823 Historiae
786 747 1084 809 editione.
1152 749 1221 805 Et
1274 748 1334 807 in
1388 748 1527 824 ipso
1576 748 1835 823 quidem
1890 755 2059 808 textu
2115 748 2526 819 excudendo,
2576 752 2841 830 Regium
2890 761 3208 835 exemplar
3257 758 3386 819 fere

218 846 435 923 ubique
469 853 724 907 secutus
755 853 885 915 est,
920 863 1191 923 raroque
1218 848 1553 906 admodum
1592 848 1666 906 ab
1703 851 1839 924 ejus
1874 848 2140 906 discedit
2183 849 2465 926 vestigiis
2491 896 2506 923 ,
2548 853 2714 915 sicut
2745 858 2804 917 in
2844 860 2997 919 meis
3028 862 3383 924 adnotatio-

216 951 389 1011 nibus
420 950 774 1010 observavi.
827 950 895 1007 ln
936 951 1211 1027 capitum
1248 958 1454 1009 autem
1504 949 1922 1009 distinctione
1949 995 1963 1019 ,
2012 949 2391 1011 Medicceum
2443 952 2728 1016 codicem
2770 962 3110 1034 expressit,
3151 962 3214 1022 in
3253 982 3381 1042 quo

212 1054 358 1113 tituli
406 1053 676 1129 singulis
731 1052 1083 1128 capitibus,
1140 1056 1198 1108 et
1238 1047 1495 1124 quidem
1550 1048 1833 1107 miniatis
1883 1048 2114 1109 litteris
2171 1050 2601 1127 prmtiguntur.
2654 1056 2908 1117 Tertius
2967 1059 3063 1119 his
3117 1065 3381 1123 accessit

208 1155 388 1214 codex
424 1149 913 1212 eminentissimi
949 1148 1290 1209 cardinalis
1321 1147 1469 1206 Julii
1501 1148 1823 1206 Mazarini.
1854 1150 1945 1206 De
1976 1146 2153 1224 cujus
2186 1150 2572 1224 exemplaris
2605 1152 2884 1215 bonitate
2921 1174 2991 1219 ac
3027 1163 3376 1234 praestantia

203 1262 528 1330 antequam
559 1254 759 1313 dicam
786 1296 802 1326 ,
846 1270 943 1312 res
984 1250 1292 1330 postulat,
1329 1252 1520 1327 idque
1567 1252 1775 1326 ipsum
1812 1271 1840 1311 a
1878 1269 1975 1311 me
2007 1251 2289 1328 ﬂagitare
2328 1254 2671 1335 videmini,
2705 1263 3039 1324 Antistites
3080 1264 3380 1326 illustris-

201 1358 374 1430 simi,
412 1365 479 1420 ut
522 1360 601 1419 de
650 1356 966 1418 cardinale
1016 1356 1523 1416 eminentissimo
1573 1374 1604 1417 a
1655 1358 2104 1440 quocndicem
2154 1356 2335 1417 illum
2383 1362 2848 1423 commodatum
2892 1368 3137 1443 accepi,
3185 1388 3375 1447 pauca

200 1455 492 1517 dicantur.
536 1460 687 1518 Nam
722 1475 862 1519 cum
892 1454 1013 1516 hic
1046 1456 1593 1518 eminentissimus
1631 1449 1925 1534 princeps
1972 1467 2030 1517 et
2079 1458 2151 1518 ad
2187 1477 2432 1519 summa
2491 1478 2758 1541 qumque
2806 1476 3025 1541 natus,
3076 1471 3376 1548 singulari

196 1556 454 1632 quadam
499 1554 941 1617 benevolentia
977 1556 1217 1613 litteras
1257 1556 1735 1631 complectatur,
1788 1574 1898 1617 nos
1934 1560 2042 1636 qui
2076 1559 2153 1618 ab
2190 1559 2447 1619 ineunte
2477 1569 2658 1621 {etate
2688 1565 2760 1625 ad
2790 1565 3133 1631 litterarum
3167 1571 3377 1632 studia
3410 1646 3413 1651 Α

195 1656 464 1714 animum
499 1655 924 1732 applicuimus
950 1699 965 1726 ,
1019 1655 1245 1729 ingrati
1289 1655 1570 1729 profecto
1606 1657 1809 1716 simus
1836 1701 1851 1727 ,
1900 1656 2034 1719 nisi,
2071 1666 2208 1717 tum‘
2258 1665 2512 1728 nostro,
2550 1668 2681 1743 tum
2718 1668 3042 1728 communi
3089 1668 3373 1728 omnium

194 1758 573 1818 eruditorum
610 1759 891 1829 nomine,
925 1757 1184 1832 gratiam
1219 1757 1275 1817 ei
1306 1768 1604 1836 quantam
1655 1777 2015 1836 possumus,
2053 1768 2111 1822 et
2151 1776 2301 1822 vnce
2335 1775 2397 1825 et
2428 1765 2683 1851 scriptis
2716 1768 2941 1827 referre
2981 1766 3374 1829 studeamus.

183 1852 377 1915 'Porro
414 1874 539 1934 quo
568 1857 784 1917 favore
818 1869 1181 1937 quantaque
1214 1863 1653 1925 benevolentia
1689 1875 2109 1943 prosequatur
2140 1868 2415 1939 litteras,
2471 1877 2736 1929 testatur
2774 1871 3015 1947 prolixa
3056 1872 3193 1948 ejus
3230 1890 3370 1948 erga

200 1955 475 2039 homines
508 1958 792 2016 eruditos
835 1958 1179 2019 liberalitas
1215 1963 1801 2038 ac'muniticentia;
1843 1984 2029 2042 quam
2069 1966 2365 2042 quidem,
2422 1976 2489 2026 ut
2533 1969 2610 2028 de
2647 1969 2785 2030 aliis
2824 1971 2977 2029 nihil
3013 1970 3246 2041 dicam,
3294 1972 3369 2031 ad

196 2068 290 2110 me
333 2070 584 2130 quoque
622 2056 780 2129 nihil
820 2057 1184 2138 hujusmodi
1230 2074 1586 2141 sperantem
1638 2084 1707 2125 ac
1758 2085 1833 2126 ne
1874 2069 2252 2143 cogitantem
2294 2070 2593 2147 quidem,
2644 2089 2847 2150 nuper
2892 2071 3086 2139 voluit
3144 2090 3367 2147 pervev

196 2149 349 2209 nire.
404 2151 572 2211 ldem
626 2155 897 2219 declarat
946 2162 1446 2239 locupletissima
1496 2165 1633 2240 ejus
1676 2163 2085 2225 bibliotheca.
2133 2166 2334 2238 Quam
2385 2186 2526 2227 cum
2584 2149 2936 2231 innumeris
2987 2170 3371 2259 eptimorum

192 2253 552 2330 scriptorum
602 2263 1118 2338 exemplaribus,
1175 2267 1393 2341 partim
1444 2267 1737 2338 excusis,
1802 2268 2023 2342 partim
2077 2285 2265 2328 manu
2321 2272 2593 2331 exaratis
2647 2270 3053 2341 instruxerit.
3112 2288 3235 2331 ηοη
3300 2276 3369 2331 Ut

192 2364 423 2417 veteres
468 2360 559 2420 illi
609 2363 1105 2428 Romameu'rbis
1147 2357 1474 2429 senatores
1510 2386 1671 2446 quos
1713 2386 1786 2429 eo
1821 2372 2077 2432 nomine
2114 2372 2484 2450 perstringit
2516 2375 2892 2433 Ammianus
2925 2373 3364 2461 Marcellinus,

189 2472 319 2513 eam
356 2458 544 2519 instar
578 2463 902 2539 cujusdam
938 2468 1215 2543 sepulcri
1252 2474 1555 2545 perpetuo
1587 2470 1860 2529 clausam
1901 2470 2129 2530 habet:
2172 2472 2279 2532 sed
2316 2473 2485 2532 velut
2520 2474 2829 2552 publicam
2866 2473 3120 2533 domum
3155 2460 3365 2532 omni-

188 2550 302 2610 bus
334 2558 531 2631 aperit
568 2563 869 2637 eruditis;
913 2568 1208 2643 ultroque
1240 2567 1309 2625 ad
1347 2584 1479 2625 eam
1524 2567 1745 2626 invitat
1779 2568 2103 2644 singulos;
2144 2577 2204 2629 et
2236 2573 2811 2649 manusCriptorum
2847 2573 3137 2632 codicum
3182 2587 3362 2630 usum

186 2654 516 2726 studiosis,
570 2664 1075 2741 quotiescunque
1130 2682 1290 2742 Opus
1342 2665 1721 2737 habuerint,
1778 2667 2114 2729 liberaliter
2160 2671 2461 2746 impertit.
2514 2674 2675 2745 Quid
2720 2673 2920 2733 dicam
2976 2672 3053 2733 de
3109 2670 3365 2748 reliquis

185 2747 348 2809 illius
388 2756 720 2817 virtutibus
758 2768 817 2819 et
849 2763 1101 2822 eximiis
1139 2762 1334 2822 animi
1376 2764 1679 2822 dotibus?
1713 2766 1866 2841 quid
1902 2767 1978 2827 de
2012 2769 2282 2849 mirabili
2329 2771 2759 2832 moderatione
2793 2790 2859 2831 ac
2898 2772 3193 2839 lenitate,
3241 2787 3361 2846 qua

184 2850 509 2915 intestinos
557 2867 763 2922 motus
810 2872 878 2924 ac
927 2868 1236 2929 tumultus
1276 2867 1413 2928 sine
1460 2868 1652 2928 ullius
1696 2871 1849 2931 civis
1900 2890 2125 2935 cruore
2172 2879 2749 2955 compescuit?Sed
2806 2878 2933 2939 htec
2978 2877 3133 2938 alias
3181 2896 3211 2937 a
3264 2894 3362 2935 me

181 2955 594 3029 commodius,
625 2967 731 3020 aut
760 2962 838 3022 ab
866 2962 1009 3023 aiiis
1040 2967 1335 3026 dicentur
1366 2967 1673 3027 Ornatius.
1722 2969 1901 3030 Nunc
1945 2974 2115 3034 enim
2161 2993 2267 3037 eas
2316 2983 2557 3039 tantum
2595 2981 2768 3041 illius
2810 2982 3027 3041 laudes
3066 2983 3356 3057 persequi

181 3050 513 3125 constitui,
562 3072 704 3132 qute
747 3063 1034 3135 privatim
1090 3069 1407 3145 pertinent
1436 3069 1510 3129 ad
1552 3072 1765 3133 studia
1801 3074 2176 3141 litterarum.
2218 3083 2598 3159 Temperare
2632 3092 2837 3146 tamen
2880 3086 3031 3145 mihi
3069 3090 3201 3163 ipse
3235 3105 3356 3148 non

182 3158 469 3220 possum,
515 3152 668 3225 quin
710 3156 811 3217 hic
842 3160 917 3219 de
953 3181 1101 3240 pace
1134 3165 1375 3242 aliquid
1421 3168 1620 3228 dicam
1653 3215 1668 3241 ,
1717 3190 1905 3248 quam
1954 3179 2503 3241 eminentissimus
2554 3186 2905 3253 cardinalis'
2934 3192 3107 3249 omni
3149 3188 3359 3249 studio

180 3250 354 3367 atque
406 3250 708 3317 industria
767 3277 935 3323 nunc
978 3264 1250 3325 maxime
1294 3276 1472 3341 urget
1520 3286 1590 3328 ac
1641 3280 2007 3347 promovet,
2060 3270 2122 3336 et
2170 3294 2356 3352 quam
2411 3280 2580 3342 brevi
2620 3303 2729 3362 per
2781 3267 3100 3363 praecones
3152 3292 3358 3367 regios

180 3340 417 3412 publice
451 3356 979 3422 pronuntiandam
1038 3379 1178 3423 esse
1221 3381 1574 3437 speramus.
1621 3366 1870 3446 Quippe
1905 3389 1973 3431 ea
2033 3392 2129 3434 res
2173 3377 2481 3456 prtecipue
2531 3340 3049 3451 adtcom‘modum
3090 3340 3359 3465 pertinet

183 3442 289 3465 l2“-
316 3462 437 3465 _M,,,
913 3456 922 3465 .
1034 3459 1043 3465 .

182 3442 512 3505 litterarum
540 3492 557 3520 ,
595 3470 750 3527 quas
794 3456 961 3531 pacis
992 3459 1278 3519 alumnas
1313 3480 1453 3521 esse
1477 3509 1492 3533 ,
1528 3471 1585 3525 et
1621 3465 1741 3525 sub
1780 3469 1918 3544 ejus
1957 3472 2176 3531 umbra
2208 3493 2274 3534 ac
2315 3479 2605 3550 praesidio
2638 3442 3128 3562 conquiesceret,
3171 3509 3357 3553 nemo
3428 3510 3433 3514 ·

177 3548 259 3600 est
303 3543 412 3618 qui
451 3549 709 3608 nesciat.
759 3553 916 3611 Cum
964 3554 1158 3630 igitur
1197 3559 1535 3620 cardinalis
1585 3564 2141 3629 eminentissimus
2187 3574 2627 3646 gubernaculis
2677 3543 3041 3660 reipubliem
3085 3543 3350 3655 p'rimum

176 3644 451 3707 admotus
478 3691 495 3718 ,
526 3651 759 3712 bellum
796 3673 982 3729 grave
1014 3676 1155 3717 eum
1202 3660 1501 3735 Hispanis
1542 3680 1666 3724 non
1713 3668 2044 3728 conﬂasset
2079 3671 2249 3745 ipse,
2294 3676 2400 3734 sed
2437 3644 2785 3739 conflatum.
2809 3682 2936 3758 jam
2980 3688 3351 3763 reperisset,

176 3744 379 3813 variis,
417 3754 484 3806 ut
522 3749 583 3807 in
621 3758 784 3810 tanta
817 3770 903 3820 re,
933 3756 1220 3813 consiliis
1255 3759 1359 3815 diu
1397 3768 1455 3816 et
1489 3772 1778 3822 accurate
1816 3767 2166 3839 perpensis,
2200 3769 2259 3827 id
2296 3772 2540 3832 tandem
2574 3744 2926 3851 constituit,
2961 3744 3350 3848 edomandos

175 3845 463 3909 diuturno
513 3851 684 3912 bello
734 3871 872 3914 esse
920 3855 1272 3932 Hispanos,
1328 3877 1523 3935 reque
1571 3863 1709 3937 ipsa
1761 3866 2192 3929 admonendos
2236 3861 2542 3946 quantum
2589 3877 2748 3937 Galli
2804 3884 3032 3954 armis,
3083 3886 3350 3962 Opibus,

171 3940 525 4009 fortitudine
553 3995 567 4019 ,
602 3959 952 4019 constantia
1006 3969 1062 4019 et
1100 3962 1362 4039 reliquis
1408 3963 1483 4022 all
1532 3965 1766 4025 bellum
1820 3972 2199 4032 necessariis
2242 3940 2552 4039 subsidiis
2601 3983 2961 4060 pollerent;
3018 3940 3085 4048 ut
3125 3940 3347 4051 hostes

171 4045 590 4111 imbecillitate
624 4071 734 4116 sua
771 4067 829 4119 et
862 4060 1185 4123 Gallorum
1224 4066 1498 4140 potentia
1530 4069 1776 4143 cognita
1802 4114 1817 4141 ,
1861 4074 2189 4147 segniores
2243 4077 2657 4156 imposterum
2712 4092 2923 4146 essent
2971 4088 3046 4147 ad
3095 4090 3367 4150 nostros‘

123 4170 125 4172 ·
171 4159 264 4207 aut
306 4156 499 4212 armis
539 4162 643 4213 aut
681 4157 911 4234 injuria
958 4161 1393 4226 lacessendos.
1447 4164 1661 4245 Neque
1700 4169 1868 4229 enim
1911 4173 2143 4234 ﬁrmam
2183 4193 2253 4237 ac
2284 4195 2571 4241 securam
2622 4200 2831 4261 pacem
2874 4203 3018 4255 cum
3057 4189 3346 4252 hostibus

171 4252 337 4313 aliter
372 4274 557 4331 posse
593 4263 926 4337 constitui,
959 4283 1314 4343 quamcum
1352 4269 1437 4329 illi
1471 4272 1666 4331 Gallis
1701 4291 1767 4334 se
1805 4274 1867 4335 in
1914 4280 2195 4352 gerendo
2234 4282 2399 4343 bello
2442 4285 2713 4362 impares
2751 4303 2892 4347 esse
2936 4289 3171 4350 crebris
3208 4291 3339 4351 cla-

172 4354 340 4418 dibus
399 4362 536 4422 suis
586 4365 1115 4445 detrimentisque
1163 4374 1541 4438 sensissent.
1593 4377 1812 4450 Itaque
1865 4399 2005 4441 cum
2060 4384 2325 4462 Hispani
2377 4388 2442 4451 id
2493 4408 2633 4452 sero
2672 4395 2919 4455 tandem
2975 4396 3232 4472 perinde
3274 4416 3344 4456 ac

172 4456 432 4537 Phryges
490 4467 989 4545 intellexissent,
1053 4482 1180 4533 tum
1241 4478 1496 4538 demum
1560 4482 1891 4543 cardinalis
1952 4486 2500 4555 eminentissimus
2558 4504 2983 4573 opportunum
3045 4498 3340 4558 ineundae

174 4569 319 4624 paets
355 4570 603 4637 tempus
633 4569 853 4630 adesse
883 4573 1388 4637 animadvertens
1418 4622 1433 4647 ,
1485 4596 1623 4639 eam
1675 4596 1818 4640 Cum
1876 4584 2166 4648 hostibus
2199 4589 2401 4652 facere
2438 4609 2560 4653 non
2601 4569 2939 4669 recusavit,
2994 4605 3050 4657 et
3089 4598 3165 4655 de
3192 4598 3337 4673 jure
3418 4660 3426 4667 _

171 4668 395 4778 ςοξίτο,
430 4665 507 4726 de
539 4685 779 4732 summa
822 4679 1009 4737 totius
1046 4680 1217 4755 belli,
1250 4684 1326 4742 de
1358 4701 1469 4760 spe
1500 4686 1776 4764 denique
1816 4697 2004 4766 atque
2041 4692 2297 4755 victoria
2328 4682 2533 4774 quam.
2569 4718 2727 4776 pene
2760 4702 2893 4778 jam
2935 4704 2993 4761 in
3053 4704 3336 4763 manibus

1202 4751 1212 4755 -
1395 4751 1407 4760 .
1672 4751 1687 4764 ,
1901 4751 1915 4766 ,
2149 4751 2297 4755 Ἱρή
2334 4751 2519 4774 .,--_.--
2569 4751 2727 4776 ,ηπ
2760 4751 2893 4778 δη...

172 4751 534 4874 Ρθὶθθὺδωυδ
565 4814 581 4841 ν
622 4774 860 4851 δῙίεῖυιά
901 4785 1282 4856 concedere.
1338 4805 1464 4865 QUO
1520 4794 1900 4868 populorum
1949 4799 2301 4858 commodis
2358 4807 2417 4860 et
2454 4802 2764 4865 bonorum
2812 4806 3095 4864 omnium
3137 4805 3331 4874 votis,

132 4864 339 4981 ~finitis
375 4873 653 4953 denique
683 4878 1021 4944 Christiani
1064 4889 1238 4948 orbis
1273 4864 2096 4969 desideriogratiﬁcaretur.
2146 4902 2218 4959 lu
2268 4920 2396 4980 quo
2442 4905 2823 4981 singularem
2854 4906 3005 4980 sejus
3052 4903 3333 4981 pruden-

170 4965 295 5023 tiam
325 4981 380 5031 et
416 4978 754 5041 salutarem
788 4987 1150 5063 reipublicae
1179 4995 1563 5070 sapientiam
1599 4999 1893 5076 equidem
1927 5002 2079 5063 satis
2111 5005 2323 5069 mirari
2358 5024 2482 5067 non
2519 5024 2803 5085 possum,

232 5111 439 5231 I‘ieque
470 5127 636 5188 enim
667 5131 749 5192 ob
790 5135 971 5213 aliam
1006 5157 1255 5202 causam
1295 5147 1507 5207 tandiu
1551 5149 1738 5210 dilata
1785 5168 1899 5227 pax
1932 5164 2055 5226 est,
2084 5173 2272 5231 quam
2310 5164 2376 5218 ut
2407 5158 2773 5219 diuturnior
2804 5155 3103 5231 deinceps
3156 5170 3327 5217 esset

170 5222 228 5268 ac
254 5214 501 5329 ﬁr'ﬂior-
529 5231 735 5307 Αίείιιθ
768 5234 899 5298 haec
919 5241 1124 5303 obiter
1154 5248 1315 5306 dicta
1346 5250 1474 5309 sint
1497 5252 1576 5313 de
1610 5252 1907 5315 laudibus
1939 5258 2279 5318 cardinalis
2297 5260 2809 5322 eminentissimi.
2838 5258 2958 5329 Qui
2995 5275 3134 5316 cum
3165 5259 3329 5319 inter

173 5328 315 5376 arma
346 5317 583 5447 litteras
623 5347 692 5391 ac
740 5333 1043 5400 litteratos
1091 5361 1316 5405 omnes
1362 5348 1822 5426 benignissime
1872 5352 2083 5413 fovere
2136 5356 2460 5436 nunquam
2515 5358 2852 5447 destiterit.
2888 5348 3087 5418 ίὩυΗΟ
3128 5361 3325 5434 magis

173 5422 522 5538 sperandum
558 5440 648 5538 est
684 5432 881 5508 illum,
920 5446 1087 5514 pacis
1119 5464 1250 5507 sua)
1287 5456 1567 5527 tempore
1592 5496 1606 5521 ,
1650 5456 1900 5513 easdem
1937 5463 2105 5516 artes
2154 5462 2473 5538 praecipuo
2505 5433 2773 5536 quodam
2809 5457 3021 5517 studio
3065 5476 3134 5517 ac
3168 5476 3319 5535 pro-

212 5515 217 5522 .
364 5521 373 5530 _
1418 5514 1431 5527 ,
1596 5514 1603 5521 ,
2047 5514 2097 5516 --
2154 5514 2469 5535 μην-ν
2512 5514 2769 5536 τηκρρ

175 5514 413 5579 valentia
445 5527 923 5599 complexurum
963 5558 977 5596 :
1012 5542 1519 5623 eﬂ'ecturumque
1570 5556 1635 5608 ut
1675 5550 1830 5607 Galli
1868 5553 2091 5625 nostri,
2140 5557 2252 5632 qui
2303 5514 2621 5632 ai'morum
2670 5555 2871 5632 gloria
2919 5572 3043 5631 prtn
3074 5557 3314 5617 cmteris

88 5702 97 5707 _
173 5622 430 5689 gentibus
462 5644 712 5706 semper
744 5635 1173 5717 eminuerunt,
1211 5663 1376 5707 nune
1416 5648 1765 5710 litterarum
1803 5650 1983 5712 laude
2018 5662 2075 5714 et
2111 5656 2489 5732 Optimarum
2525 5656 2750 5723 artium
2785 5658 3012 5718 studiis
3037 5658 3316 5719 antecel-
