3996 6342
551 467 615 521 I9
803 511 806 514 .
1791 451 2046 508 VALESII
2083 452 2129 504 P‘.

2136 446 2462 504 REFATIO.
2513 493 2517 501 .
3646 427 3714 480 90

550 587 703 646 lant.
737 584 852 644 Sed
889 599 1053 643 nunc
1080 588 1324 657 tempus
1350 585 1466 649 est,
1497 582 1560 637 ut
1590 591 1664 635 eo
1684 575 1857 635 unde
1883 573 2152 649 digressi
2173 587 2395 634 sumus
2419 568 2823 628 revertamur.
2846 556 3101 619 Tertius
3128 553 3317 631 igitur
3344 551 3456 622 ille
3486 547 3710 616 codex,

549 707 738 769 quem
768 689 1104 751 'cardinalis
1141 655 1627 747 eminentissimi
1671 677 2046 738 bibliotheca
2095 673 2275 735 nobis
2321 667 2774 749 suppeditavit,
2807 661 3089 724 omnium
3141 673 3302 736 quos
3351 655 3475 714 vidi
3511 656 3711 720 Euse-

546 792 885 853 bianorum
919 791 1206 850 codicum
1240 787 1426 858 longe
1459 782 1737 856 optimus
1783 785 1876 838 est
1918 794 1989 837 ac
2023 773 2514 835 vetustissimus.
2556 767 2883 841 Quotquot
2913 763 3083 822 enim
3132 756 3606 820 emendationes
3649 753 3712 812 in

542 889 690 952 aliis
719 887 1183 964 exemplaribus
1210 885 1586 962 reperimus,
1624 900 1728 942 eas
1773 881 1972 941 codex
2005 879 2112 938 ille
2155 893 2377 936 omnes
2418 869 2962 938 exhibet;‘mullre
2994 879 3143 924 vero
3182 862 3317 922 alite
3345 859 3413 919 in
3456 858 3564 916 illo
3604 855 3712 914 ha-

546 991 779 1051 b‘entur
831 989 1328 1058 emendatione-5,
1382 1003 1538 1063 quas
1572 986 1632 1044 in
1682 984 1820 1044 aliis
1869 979 2337 1057 exemplaribus
2389 989 2518 1036 non
2566 971 2796 1048 reperi,
2842 963 3374 1044 quemadmodum
3426 978 3499 1026 ex.
3556 958 3714 1017 meis

548 1092 1060 1152 adnotationibus
1109 1093 1378 1152 studiosi
1437 1088 1699 1152 lectores
1751 1094 2050 1166 poterunt
2101 1099 2506 1160 cognoscere.
2557 1076 2842 1151 Scriptus
2890 1079 2986 1132 est
3032 1071 3097 1129 in
3139 1064 3525 1126 membranis
3571 1069 3730 1145 ante.

544 1195 983 1269 septingentos
1017 1193 1155 1268 plus
1197 1193 1405 1254 minus
1445 1208 1667 1265 annos,
1712 1189 2183 1266 elegantissime
2214 1183 2406 1246 simul
2459 1189 2521 1243 et
2570 1173 3112 1242 emendatissimo.
3162 1166 3407 1269 Scholia
3452 1178 3712 1241 quoque

545 1297 620 1356 ad
655 1295 816 1355 latus
852 1295 1161 1355 interdum
1195 1294 1379 1356 habet
1409 1296 1714 1372 apposita,
1749 1309 1922 1352 nunc
1953 1289 2208 1365 antiqua
2243 1303 2456 1353 manu,
2492 1300 2658 1342 nunc
2697 1277 3072 1344 recentiore,
3100 1286 3240 1349 quae
3272 1253 3484 1327 nos/iu
3518 1264 3715 1328 adno-

545 1395 887 1456 tationibus
921 1396 1150 1460 nostris
1184 1410 1301 1455 suo
1333 1363 1600 1470 qumque
1646 1363 1782 1452 loco
1814 1363 2298 1463 descripsimus.
2331 1383 2527 1444 Multa
2556 1394 2814 1459 quoque
2841 1374 2960 1435 alia
2995 1373 3059 1430 in
3083 1367 3328 1445 Optimo
3356 1365 3470 1425 illo
3501 1363 3711 1427 codice

544 1494 930 1560 observanda
970 1501 1141 1564 sunt,
1188 1461 1414 1569 partim
1451 1461 1515 1548 in
1557 1487 1944 1566 accentibus,
1986 1461 2207 1560 partim
2257 1482 2323 1545 in
2377 1475 2784 1536 distinctione
2827 1487 2942 1535 seu
2977 1465 3517 1543 interpunctione.
3554 1461 3711 1531 Nam

542 1595 711 1671 quod
760 1595 1014 1671 quidem
1067 1594 1140 1654 ad
1191 1599 1490 1654 accentus
1533 1564 1778 1658 attinet,
1816 1604 1982 1661 saepe
2021 1584 2086 1646 in
2137 1583 2251 1642 illo
2296 1580 2512 1641 codice
2556 1579 2870 1636 acuuntur
2904 1569 3226 1637 vocabula,
3275 1581 3417 1643 quae
3453 1564 3518 1622 in
3567 1561 3728 1656 aliis.

544 1697 1008 1770 exemplaribus
1038 1702 1358 1756 accentum
1391 1694 1623 1753 habent
1654 1690 2151 1750 circumﬂexum.
2191 1680 2703 1759 Exempli‘gratia
2749 1683 2866 1741 «to;
2899 1681 2959 1735 et
2999 1679 3185 1748 ιαίσαρ
3230 1669 3296 1726 in
3345 1665 3457 1758 illo
3500 1663 3712 1726 codice

545 1814 794 1873 semper
825 1807 1156 1859 acuuntur.
1191 1797 1421 1856 Contra
1455 1811 1603 1855 vero
1637 1805 1808 1869 σφῑᾱι,
1843 1790 2010 1867 quod
2043 1791 2108 1849 in
2141 1789 2282 1849 aliis
2312 1785 2644 1847 codicibus
2674 1788 2857 1841 acuto
2899 1782 3153 1836 notatur
3175 1776 3461 1837 accentu,
3498 1767 3562 1826 in
3602 1765 3710 1824 illo

545 1869 755 1954 codice
781 1897 1309 1956 circumﬂectitur.
1341 1895 1547 1968 Atque
1574 1891 1635 1949 id
1659 1889 1911 1967 quidem
1936 1887 2163 1947 rectius
2193 1892 2368 1963 puto.
2408 1879 2588 1954 Quod
2616 1885 2823 1938 autem
2849 1880 3085 1952 Spectat
3105 1873 3180 1932 ad
3212 1869 3710 1937 distinctionem,

544 2011 731 2068 quam
768 2010 883 2056 nos
916 1996 1106 2070 vulgo
1137 1991 1712 2071 interpunctionem
1738 2005 2063 2059 vocamus,
2096 1987 2198 2046 hic
2227 1987 2424 2045 codex
2465 1983 2623 2042 adeo
2662 1987 2950 2040 accurate
2978 1977 3316 2036 distinctus
3341 1979 3459 2042 est,
3487 1975 3552 2030 ut
3582 1974 3710 2030 tota

543 2095 968 2173 distinguendi
1004 2100 1303 2158 rationem
1336 2115 1402 2162 ac
1427 2095 1777 2164 scientiam,
1810 2109 1950 2170 quae
1991 2090 2474 2168 haudquaquam
2497 2084 2654 2146 levis
2675 2079 2969 2142 momenti
2989 2085 3101 2148 est,
3125 2095 3200 2137 ex
3220 2076 3337 2136 hoc
3356 2093 3480 2134 uno
3499 2071 3710 2134 codice

541 2194 744 2270 possis
771 2211 1172 2270 cognoscere.
1206 2197 1386 2259 Certe
1418 2207 1750 2274 antequam
1778 2212 1921 2254 eum
1948 2198 2167 2253 nactus
2188 2204 2418 2256 essem,
2441 2186 2659 2246 media:
2691 2179 3114 2244 distinctionis
3148 2177 3481 2237 utilitatem
3506 2192 3575 2233 ac
3601 2189 3713 2232 ne-

541 2299 893 2390 cessitatem
921 2299 1200 2360 nondum
1235 2318 1712 2378 perspexeram;
1770 2315 1955 2375 quam
1993 2311 2156 2354 unus
2190 2292 2296 2352 ille
2326 2291 2525 2350 codex
2557 2285 2779 2350 sedulo
2809 2285 3132 2360 inspectus
3159 2289 3348 2357 atque
3379 2292 3709 2344 excussus,

540 2400 690 2460 mihi
728 2383 974 2461 tandem
1013 2400 1328 2477 patefecit.
1366 2403 1595 2459 Verum
1627 2401 1704 2459 de
1728 2397 2138 2458 distinctione
2171 2393 2467 2466 pluribus
2499 2389 2657 2450 infra
2681 2387 2912 2450 dicturi
2938 2401 3186 2444 sumus.
3214 2383 3373 2440 illud
3414 2386 3708 2456 praeterea

536 2501 604 2562 in
644 2500 1067 2559 vetustissimo
1096 2500 1203 2559 illo
1236 2501 1448 2562 codice
1475 2497 1826 2567 observavi,
1848 2495 2350 2573 quotiescunque
2375 2490 2554 2565 plena
2583 2484 2905 2545 distinctio
2933 2500 3044 2544 seu
3078 2486 3250 2542 τελείά
3299 2489 3492 2558 στιγμή
3522 2493 3714 2554 appo-

535 2601 651 2659 sita
691 2601 881 2673 est,in
915 2599 1127 2676 aliqua
1161 2599 1346 2669 linea,
1383 2598 1643 2674 primam
1677 2594 2002 2671 sequentis
2037 2591 2220 2650 linem
2253 2589 2519 2648 litteram
2561 2594 2732 2646 extra
2773 2585 3158 2663 reliquarum
3206 2583 3498 2642 ordinem
3556 2594 3713 2639 con-

535 2704 719 2778 Spici,
753 2711 834 2764 et.
861 2703 1237 2763 exteriorem
1293 2701 1636 2775 marginem
1676 2697 2039 2758 subi-adero.
2092 2691 2290 2766 quue
2326 2689 2628 2748 indicium
2681 2693 2793 2754 est,
2826 2703 3054 2746 novum
3091 2694 3280 2763 caput
3332 2692 3437 2745 aut
3481 2699 3707 2743 novam

536 2773 866 2883 periodum
899 2803 1177 2864 inchoari
1216 2812 1352 2880 post
1387 2773 1631 2863 ﬁnalem
1665 2801 1837 2859 illam
1881 2793 2392 2855 distinctionem.
2428 2791 2596 2849 Idem
2634 2788 2695 2847 in
2728 2773 2868 2847 aliis
2899 2787 3442 2878 quoque‘scriptis
3476 2781 3736 2842 codici-.

539 2859 658 2964 bus
692 2904 1041 2986 observavi.
1090 2859 1269 2964 Cerie
1321 2905 1381 2963 in
1424 2901 1743 2962 veteribus
1779 2899 1889 2959 sch
1916 2895 2060 2956 edis
2099 2892 2498 2952 bibliothecae
2543 2889 2747 2964 Regia:
2783 2859 2934 2966 qum
2964 2859 3441 2948 libros‘Eusebii
3477 2884 3558 2940 De
3584 2881 3713 2944 vita

539 3011 936 3072 Constantini
964 3011 1310 3077 continent,
1344 3005 1427 3067 ila
1479 3018 1725 3077 semper
1761 2999 1893 3061 ﬁeri
1934 2993 2371 3066 animadverti,
2393 2991 2642 3067 quoties
2672 3006 2900 3048 novum
2923 2994 3105 3062 caput
3137 2985 3484 3045 inchoatur.
3513 2981 3710 3054 Quare

536 3119 666 3183 tum
705 3122 996 3187 praeterea
1045 3111 1323 3170 codicem
1377 3102 1720 3163 habuimus
1783 3116 1855 3158 ex
1913 3094 2303 3159 bibliotheca
2349 3087 2758 3150 illustrissimi
2813 3086 2928 3145 viri
2976 3085 3209 3146 Nicolai
3261 3084 3569 3154 Fucketii,
3601 3077 3710 3157 qui

536 3210 850 3284 generalis
905 3209 972 3266 in
1023 3214 1246 3266 senatu
1299 3198 1634 3261 Parisiensi
1688 3192 2124 3273 procuratoris
2162 3189 2436 3248 officium
2485 3201 2729 3261 gerens,
2781 3183 3203 3260 praefecturam
3264 3181 3450 3241 simul
3487 3177 3711 3253 regalia

534 3308 736 3365 aerarii
774 3322 1012 3378 summa
1046 3322 1186 3365 cum
1227 3302 1405 3361 laude
1438 3296 1865 3357 administrat.
1897 3294 2110 3374 Atque
2143 3288 2241 3347 his
2273 3294 2544 3363 quatuor
2577 3283 3016 3358 manuscriptis
3043 3281 3368 3341 codicibus
3400 3280 3476 3339 ad
3500 3294 3713 3339 emens

535 3404 851 3482 dationem
889 3404 1189 3461 librorum
1219 3393 1665 3458 Ecclesiastica:
1699 3390 2014 3450 Historiis
2041 3386 2141 3474 usi
2173 3400 2415 3445 sumus.
2448 3384 2669 3443 Libros
2701 3400 2848 3442 vero
2879 3385 2962 3441 De
2990 3383 3119 3440 vita
3158 3384 3303 3457 imp.
3353 3377 3712 3438 Constanti-

532 3487 781 3561 nicum
835 3501 1050 3565 tribus;
1075 3491 1355 3572 antiquis
1406 3491 1732 3550 codicibus
1785 3469 2196 3552 contulimus.
2224 3484 2467 3542 Primus
2516 3489 2608 3541 est
2667 3483 2901 3558 Regius
2945 3483 3073 3554 ille,
3129 3483 3204 3540 de
3239 3498 3368 3558 quo
3417 3480 3712 3556 superius

534 3601 690 3676 dixi,
726 3602 785 3659 in
827 3616 952 3677 quo
985 3607 1126 3660 ante
1162 3567 1355 3657 libros
1391 3594 1836 3654 Ecclesiasticw
1855 3590 2155 3649 Historia:
2184 3595 2456 3665 quatuor
2497 3584 2638 3643 libri
2667 3584 2748 3642 De
2778 3584 2905 3642 vita
2942 3584 3087 3659 imp:
3116 3567 3531 3647 Constantini,
3561 3579 3710 3638 licet

535 3717 661 3760 non
700 3701 940 3769 eadem,
979 3706 1218 3758 vetusta
1276 3694 1692 3755 nihilominus
1746 3707 1935 3758 manu
1995 3686 2330 3764 perscripti
2377 3685 2694 3760 leguntur.
2745 3683 3101 3742 Secundum
3160 3682 3362 3741 locum
3424 3679 3713 3738 obtinent

535 3800 779 3861 schedia
835 3807 1076 3860 veteres
1128 3797 1526 3858 bibliothecae
1580 3793 1810 3868 Regina.
1857 3792 1957 3850 Sic
2015 3797 2221 3849 autem
2274 3802 2427 3846 voco
2475 3787 2746 3855 chartas,
2795 3802 2901 3860 per
2951 3783 3400 3862 quaterniones
3441 3779 3702 3855 quidem

535 3902 802 3975 digestas
853 3898 958 3958 sed
1007 3898 1371 3964 dissolutas,
1415 3911 1532 3952 nec
1568 3893 1630 3952 in
1677 3891 1912 3952 codicis
1958 3888 2207 3949 modum
2239 3896 2611 3962 compactas.
2661 3885 2733 3943 In
2783 3883 2886 3943 his
2931 3883 3206 3950 schedis,
3250 3890 3472 3955 praeter
3511 3877 3710 3934 libros

535 3998 792 4064 Eusebii
825 3997 910 4054 De
955 3996 1081 4054 vita
1118 3995 1526 4066 Constantini,
1575 4005 1635 4055 et
1679 3993 2043 4059 Orationem
2079 3988 2362 4066 ejusdem
2413 3986 2808 4065 imperatoris
2843 3987 2924 4041 ad
2974 3991 3237 4052 sanctos,
3279 3979 3516 4055 primus
3546 3994 3725 4051 qua-l

535 4096 740 4176 ternio
767 4094 1213 4164 Ecclesiasticw
1241 4094 1543 4167 Historia!
1576 4093 1885 4159 habetur;
1920 4088 2100 4164 cujus
2135 4085 2286 4144 etin
2319 4079 2840 4144 adnotationibus
2873 4077 3028 4135 meis
3062 4079 3446 4136 mentionem
3477 4074 3708 4150 saepius

535 4175 677 4257 feci.
709 4197 940 4256 Cretera
977 4196 1189 4265 nescio
1222 4209 1351 4270 quo
1394 4209 1542 4251 casu
1589 4193 1936 4266 perierunt.
1991 4187 2271 4245 Tertium
2321 4183 2504 4243 nobis
2536 4182 2813 4240 codicem
2851 4177 3278 4253 suppeditavit
3325 4175 3709 4236 bibliotheca
3783 4188 3788 4193 ‘

536 4295 898 4363 Fuketiana.
948 4296 1020 4353 In
1068 4311 1193 4371 quo
1241 4301 1382 4353 ante
1447 4298 1715 4367 quatuor
1760 4286 1956 4358 libros
2003 4284 2085 4341 De
2151 4283 2280 4352 vita
2328 4283 2474 4357 imp.
2511 4277 2922 4348 Constantini,
2973 4278 3261 4353 praeﬁxos
3314 4283 3407 4336 est
3447 4276 3708 4340 Eusebii

534 4396 968 4470 Panegyricus,
1001 4394 1203 4465 dictus
1232 4394 1433 4452 eidem
1469 4389 1884 4450 Constantino
1923 4403 2089 4450 anno
2153 4387 2289 4462 ejus
2325 4383 2577 4460 imperii
2619 4383 2962 4443 tricesimo.
2998 4385 3115 4444 Hic
3146 4385 3372 4453 codex,
3416 4382 3708 4459 quamvis

537 4501 763 4560 intima:
808 4499 1158 4564 vetustatis,
1187 4506 1279 4556 est
1314 4502 1517 4556 tamen
1556 4495 1809 4569 Optima;
1842 4499 2027 4562 notae,
2068 4492 2410 4565 multisque
2446 4489 2509 4546 in
2542 4486 2700 4546 locis
2739 4489 3131 4548 emendatior
3168 4497 3226 4548 et
3254 4487 3521 4564 amplior
3548 4488 3710 4546 duo-.

538 4602 657 4661 bus
695 4601 821 4658 illis
858 4598 1177 4674 prioribus
1206 4597 1444 4674 quibus
1477 4596 1539 4655 in
1578 4596 1857 4655 editione
1895 4611 2007 4653 sua
2041 4612 2194 4653 usus
2226 4601 2319 4652 est
2358 4591 2670 4664 ltobertus
2702 4592 3078 4668 Stephanus.

545 4701 547 4703 ’
614 4708 842 4766 Praeter
873 4703 988 4762 hos
1029 4719 1213 4760 manu
1248 4711 1531 4759 exaratos
1565 4697 1836 4765 codices,
1871 4696 2232 4771 adjumento
2267 4694 2447 4754 nobis
2479 4691 2736 4752 fuerunt
2771 4693 2951 4751 varias
2975 4692 3279 4752 lectiones
3311 4697 3369 4751 et
3401 4692 3702 4751 emenda-

531 4809 747 4867 .tiones
778 4819 937 4879 quas
987 4803 1103 4861 viri
1139 4802 1303 4869 docti
1354 4802 1429 4872 ad
1472 4802 1816 4876 marginem
1872 4798 2168 4858 editionis
2218 4797 2475 4856 Boberti
2514 4794 2815 4870 Stephani
2868 4811 3051 4865 manu
3086 4812 3198 4855 sua
3229 4797 3703 4857 adnotaverant.

540 4907 903 4986 Cujusmodi
946 4906 1194 4965 codices
1229 4903 1405 4973 multi
1442 4904 1784 4962 etiamnum
1835 4901 2260 4977 reperiuntur.
2297 4897 2411 4957 Sed
2451 4913 2563 4958 nos
2599 4895 2797 4956 tribus
2829 4896 3142 4973 prtecipue
3176 4895 3269 4952 usi
3305 4911 3552 4962 sumus,
3591 4896 3707 4971 qui

540 5011 728 5070 etiam
776 5009 836 5067 in
881 5006 1390 5068 adnotationibus
1426 5009 1656 5077 nostris
1703 5004 1934 5087 saepius
1985 5011 2580 5062 commemorantur.
2629 5001 2874 5059 Primus
2924 4997 3041 5061 fuit
3087 4999 3345 5070 Adriani
3396 5000 3701 5072 Turnebi,

540 5129 726 5187 quem
770 5110 876 5170 ille
909 5125 1046 5170 cum
1079 5108 1292 5168 codice
1327 5109 1523 5184 Regio
1554 5126 1623 5174 ac
1654 5109 1952 5169 Medicmo
1978 5106 2460 5182 diligentissime
2486 5103 2864 5163 contulerat.
2892 5103 3064 5162 Libri
3101 5121 3245 5163 vero
3285 5103 3364 5159 De
3395 5104 3521 5162 vita
3558 5104 3700 5180 imp.

543 5207 933 5268 Constantini
986 5224 1125 5268 cum
1169 5205 1516 5282 Anglicano
1565 5207 1836 5290 quodam
1881 5205 2223 5279 exemplari
2274 5202 2488 5261 collati
2537 5208 2740 5270 erant,
2793 5201 2927 5260 sive
2970 5200 3171 5275 ipsius
3221 5198 3517 5275 Adriani,
3569 5201 3704 5262 sive

539 5305 782 5365 Otiunls
832 5308 1106 5367 Turnebi
1163 5323 1377 5365 manu.
1430 5293 1606 5365 Alter
1653 5308 1854 5369 codex
1902 5307 2022 5366 fuit
2064 5302 2358 5365 Vulcobii
2400 5322 2415 5359 :
2474 5316 2661 5378 quem
2711 5297 3031 5375 quoniam.
3081 5299 3354 5359 Renatus
3412 5301 3702 5374 Moriens,

543 5402 821 5463 medicus
853 5406 1247 5476 l’arisiensis,
1285 5405 1439 5464 mihi
1483 5408 2013 5481 commodaverat,
2049 5405 2327 5466 codicem
2362 5402 2571 5460 Μοῐωὶ
2603 5399 2665 5458 in
2706 5398 3221 5460 adnotationibus
3257 5415 3474 5460 vocare
3504 5401 3702 5460 soleo.

543 5503 658 5562 llic
697 5505 858 5563 liher
897 5515 1112 5580 praeter
1142 5526 1244 5567 eas
1280 5509 1758 5568 emendationes
1793 5527 1933 5586 qum
1983 5512 2043 5569 in
2096 5507 2255 5566 libro
2288 5501 2568 5564 Turnebi
2615 5501 2949 5569 habentur,
2998 5515 3336 5573 perpaucas
3368 5500 3518 5558 alias
3551 5513 3706 5556 con-

545 5601 722 5658 tinet.
781 5604 1032 5664 Tertius
1076 5608 1271 5666 codex
1331 5606 1448 5664 fuit
1507 5604 1762 5666 Henrici
1819 5607 2059 5675 Savilii,
2123 5604 2242 5664 viri
2306 5599 2695 5670 doctissimi,
2734 5600 2812 5658 ad
2868 5615 2962 5657 me
3001 5598 3230 5657 missus
3278 5615 3354 5657 ex
3411 5597 3630 5671 Anglia
3669 5610 3704 5654 a

543 5703 770 5810 Jacobo
823 5707 1072 5768 Usserio
1106 5709 1528 5770 Armachano.
1560 5706 1710 5768 Nam
1742 5726 1880 5788 cum
1912 5711 1973 5769 in
2009 5708 2250 5770 .Usserii
2286 5707 2456 5766 notis
2485 5705 2556 5763 ad
2587 5703 2962 5779 Martyrium
2991 5702 3060 5760 Β.
3095 5697 3454 5779 Polycarpi,
3487 5710 3707 5756 marm-

546 5799 845 5877 scriptum
886 5805 1251 5868 Eusebianae
1293 5802 1586 5867 Historiae
1629 5805 1906 5867 codicem
1941 5822 2016 5867 ex
2051 5802 2427 5865 bibliotheca
2463 5797 2777 5861 Saviliana
2807 5797 3047 5858 laudari
3094 5792 3706 5862 animadvertissem,
