3996 6342
250 376 314 433 21
1497 385 1762 444 γΑιιιζειι
1800 387 2180 444 ΡΒΕἘΑἸΊΟ.
3278 453 3281 456 ,
3361 397 3428 450 22

248 516 524 578 eumque
560 501 837 563 corticem
870 503 1124 580 Optima
1155 510 1317 565 notas
1350 508 1487 566 esse
1518 525 1598 568 ex
1644 506 1884 592 aliquot
1930 512 2087 570 locis
2122 511 2198 569 ab
2247 510 2505 571 Usserio
2542 509 2805 587 prolatis
2836 509 3424 587 deprehendissem,

259 599 568 677 postulavi
603 600 678 660 ab
709 615 783 660 eo
816 617 925 677 per
951 600 1217 674 litteras,
1251 610 1318 663 ut
1354 605 1555 663 varias
1578 607 1713 681 ejus
1745 606 1984 668 codicis
2010 607 2313 667 lectiones
2338 605 2678 684 (integrum
2713 605 2878 664 enim
2912 605 2987 664 ab
3026 622 3100 668 eo
3132 607 3428 668 collatum

249 716 387 760 esse
420 699 876 779 existimabam)
917 700 989 760 ad
1027 720 1124 761 me
1155 706 1631 766 transmitteret.
1665 706 1779 767 Ille
1816 726 1963 767 vero
1996 708 2274 768 codicem
2311 707 2568 784 quidem
2611 705 2817 782 ipsum
2872 706 2934 764 in
2974 704 3187 766 charta
3220 707 3425 783 scrip-

249 805 376 859 tum
415 800 817 875 bombycina,
848 801 1247 865 bibliotheca)
1265 806 1616 865 Oxoniensi
1649 824 1678 866 a
1710 807 1946 867 Savilio
1972 810 2269 866 donatum
2302 804 2533 876 fuisse,
2562 802 2714 862 mihi
2742 790 3077 881 rescripsit.
3111 802 3421 864 Cmterum

246 898 591 960 editionem
624 900 878 961 Roherti
912 902 1209 978 Stephani
1247 905 1455 964 statim
1489 906 1560 965 ad
1598 922 1694 965 me
1730 906 1935 976 misit,
1974 907 2033 965 in
2082 906 2263 983 cujus
2315 906 2599 981 margine
2646 904 2916 962 Savifius
2950 901 3424 967 emendationes

248 1017 323 1061 ex
355 1017 473 1060 suo
507 1000 614 1060 illo
648 998 1076 1076 manuscripto
1110 998 1756 1077 codicedepromptas
1793 1002 2221 1061 adnotaverat.
2253 1000 2576 1072 Quantum
2635 1007 2840 1085 tamen
2894 999 3420 1075 conjicere'potni

247 1117 371 1164 non
410 1116 633 1170 omnes
672 1101 892 1177 scripti
927 1101 1162 1161 codicis
1210 1102 1512 1162 lectiones
1568 1102 1642 1161 ad
1700 1102 1862 1160 latus
1908 1102 2211 1161 editionis
2246 1103 2419 1161 illius
2472 1101 2772 1179 apposuit
2813 1097 3108 1167 Savilius,
3162 1097 3269 1156 sed
3318 1113 3421 1157 eas

246 1191 481 1261 tantum
548 1219 699 1279 quas
753 1202 953 1261 bonas
1000 1209 1330 1278 certasque
1381 1218 1522 1260 esse
1570 1200 1993 1261 existimabat.
2037 1199 2334 1271 Qumdam
2394 1202 2560 1262 enim
2614 1200 2919 1261 lectiones
2966 1194 3043 1255 ab
3089 1195 3336 1255 Usserio
3385 1209 3417 1252 e

243 1298 476 1376 scripto
511 1299 621 1360 illo
652 1300 867 1361 codice
898 1297 1325 1375 proferuntur,
1360 1315 1516 1377 quas
1550 1315 1581 1357 a
1620 1297 1853 1357 Savilio
1890 1297 2343 1373 prtetermissas
2376 1313 2516 1357 esse
2546 1302 2766 1373 postea
2799 1294 3214 1371 deprehendi.
3265 1294 3422 1352 Prte-

244 1405 407 1460 terea
436 1396 601 1459 idem
632 1400 902 1461 Savilius
928 1402 1001 1461 ad
1027 1418 1198 1462 oram
1239 1401 1416 1461 illius
1440 1401 1734 1459 editionis
1772 1400 2005 1468 multas
2034 1400 2322 1476 ascripsit
2356 1400 2839 1460 emendationes
2871 1416 2950 1459 ex
2982 1401 3202 1460 codice
3235 1400 3422 1457 Joan-

240 1496 339 1556 nis
368 1494 955 1573 ChrisIOphorsoni,
988 1517 1177 1578 quem
1212 1499 1456 1561 scilicet
1484 1498 2104 1575 ChristOphorsonus
2136 1516 2280 1561 cum
2314 1498 2559 1577 aliquot
2611 1498 3060 1576 manuscriptis
3095 1494 3421 1573 exempla-

242 1592 412 1653 ribus
448 1595 816 1657 contulerat.
1642 1591 1651 1600 ”
1990 1606 1997 1613 ’

310 1746 459 1808 Haec
494 1755 641 1826 sunt
686 1748 996 1810 librorum
1034 1750 1345 1825 subsidia,
1380 1753 1616 1830 quibus
1667 1752 1959 1813 instructi
2005 1753 2382 1815 Eusebianzc
2412 1749 2712 1812 Historiae
2760 1748 2953 1808 libros
2991 1743 3419 1805 emendandos

239 1848 657 1923 suscepimus.
684 1848 797 1908 Sed
828 1865 905 1907 ne
934 1848 1077 1923 quis
1109 1847 1265 1907 forte
1293 1848 1645 1926 quidquam
1672 1868 1705 1907 a
1730 1849 1915 1909 nobis
1951 1859 2181 1913 temere
2215 1856 2275 1911 et
2310 1868 2419 1927 pro
2448 1848 2706 1909 arbitrio
2739 1851 3047 1907 mutatum
3084 1860 3221 1903 esse
3254 1844 3423 1904 cxis-

241 1944 434 2017 timet,
468 1954 614 2006 ante
645 1948 856 2011 omnia
893 1946 1151 2007 lectores
1185 1949 1457 2007 monitos
1505 1966 1644 2008 esse
1677 1951 1997 2021 volumus,
2033 1950 2189 2010 nihil
2226 1966 2339 2008 nos
2370 1952 2509 2009 sine
2547 1949 2931 2023 Optimorum
2962 1944 3417 2022 exemplarium

238 2060 546 2105 consensu
582 2054 767 2126 atque
798 2049 1168 2110 auctoritate
1203 2049 1451 2113 fecisse.
1483 2053 1793 2131 Adeoque
1829 2056 2017 2115 nobis
2061 2054 2284 2131 religio
2322 2054 2461 2120 fuit.
2500 2054 2561 2111 in
2598 2054 2694 2113 his
2732 2052 2913 2112 libris
2951 2050 3191 2128 aliquid
3232 2050 3422 2107 inter-

240 2148 469 2223 polare,
502 2158 569 2209 ut
598 2168 671 2210 ne
705 2158 831 2209 tum
870 2149 1125 2227 quidem
1153 2170 1293 2212 cum
1330 2154 1536 2215 loeum
1574 2157 1982 2232 depravat-itu
2028 2174 2166 2216 esse
2200 2154 2727 2215 manifestissime
2776 2152 3142 2231 apparebat,
3198 2150 3419 2222 conje-

239 2256 424 2308 cturae
449 2256 679 2309 nostrte
713 2251 1041 2325 indulgere
1073 2256 1478 2319 voluerimus.
1510 2260 1893 2335 Argumento
1924 2261 2002 2319 sit
2036 2261 2209 2320 locus
2244 2260 2306 2318 in
2342 2260 2462 2319 line
2495 2259 2601 2319 lib.
2632 2278 2671 2317 x
2703 2258 2945 2316 Hister.
2968 2256 3164 2329 Eccl.,
3196 2272 3255 2330 p.
3277 2254 3415 2323 399,

238 2350 343 2427 qui
396 2352 491 2411 sic
539 2350 718 2413 habet
774 2351 880 2413 :‘O
916 2354 962 2413 δ’
995 2363 1147 2435 ἀρετῇ
1190 2364 1331 2438 πάσῃ
1387 2368 1682 2427 Θεοσεϐεἱας
1730 2371 1992 2443 ἐκπρεπῶς
2054 2369 2302 2442 μέγιστος
2349 2375 2553 2432 νικητής
2604 2371 3010 2422 Κωνσταντῑνος.
3045 2357 3411 2437 Ρυῑριηίιηιυε

238 2446 336 2508 hic
373 2466 579 2510 veram
621 2450 952 2513 lectionem
988 2456 1103 2529 levi
1141 2460 1395 2532 negotio
1436 2462 1800 2535 restituere,

1838 2470 1897 2523 et
1938 2482 2045 2538 pro
2075 2469 2338 2541 ἐκπρεπῶς
2374 2454 2705 2523 emendare
2754 2466 3038 2536 ἐκπρέπων.
3092 2454 3193 2512 Sic
3245 2452 3416 2511 enim

240 2566 380 2608 eum
432 2550 689 2609 Eusebii
753 2552 955 2613 locum
1007 2556 1154 2617 citat
1203 2557 1491 2619 Gelasius
1527 2561 1879 2635 Cyzicenus
1934 2563 1998 2622 in
2036 2564 2150 2623 lib.
2189 2582 2268 2632 ιι,
2324 2580 2440 2623 nec
2490 2562 2669 2622 aliter
2718 2556 3018 2619 scribitur
3070 2554 3131 2613 in
3194 2552 3302 2613 lib.
3371 2567 3415 2609 ιι

238 2649 491 2709 Eusebii
552 2651 636 2710 De
682 2653 808 2711 vita
856 2654 1267 2731 Constantini,
1330 2680 1462 2739 cap.
1524 2665 1619 2737 19,
1686 2666 1789 2724 ubi
1868 2658 1970 2727 hic
2037 2664 2217 2727 locus
2270 2666 2497 2727 iisdem
2562 2663 2744 2740 plane
2814 2657 3021 2719 verbis
3083 2657 3412 2728 repetitur.

237 2748 526 2827 Denique
571 2751 785 2811 nullus
824 2752 885 2812 in
938 2754 1051 2816 hac
1101 2759 1382 2819 editione
1441 2770 1651 2821 nostra
1696 2764 2063 2824 emendatus
2108 2771 2205 2823 est
2251 2763 2447 2836 locus,
2500 2762 2573 2823 de
2629 2778 2758 2831 quo
2797 2760 2859 2819 in
2900 2755 3415 2820 adnotationibus

242 2850 532 2911 lectorem
577 2867 703 2910 non
759 2855 1223 2929 admonuerim,
1286 2867 1345 2920 et
1401 2862 1866 2922 emendationis
1922 2880 2074 2923 mete
2142 2862 2448 2923 rationem
2519 2874 2647 2920 non
2712 2858 3116 2919 reddiderim.
3178 2855 3416 2913 Emen-

239 2948 514 3009 dationis
567 2968 707 3027 pars
760 2962 853 3015 est
908 2972 1033 3015 non
1082 2964 1430 3031 postrema,
1486 2958 1811 3019 distinctio
1868 2962 2001 3022 sive
2052 2961 2513 3038 interpunctio,
2560 2961 2637 3020 de
2696 2975 2816 3033 qua
2870 2955 3156 3016 nonnihil
3217 2972 3249 3013 a
3314 2967 3413 3011 me

237 3045 571 3108 dicendum
607 3059 723 3124 est,
762 3069 839 3111 ne
872 3054 1031 3113 forte
1067 3058 1328 3118 lectores
1360 3074 1525 3117 novo
1560 3059 2094 3135 interpunctionis
2126 3076 2355 3136 genere
2388 3059 2559 3135 quod
2597 3058 2656 3117 in
2688 3058 2843 3117 hanc
2876 3054 3217 3116 editionem
3250 3071 3279 3112 a
3315 3068 3411 3110 me

239 3149 512 3222 primum
550 3149 865 3212 invectum
905 3161 1021 3222 est,
1047 3156 1526 3216 conturbentur.
1565 3157 1936 3233 Quanquam
1971 3160 2024 3217 si
2064 3157 2317 3235 proprie
2353 3157 2525 3235 loqui
2573 3157 2865 3226 velimus,
2918 3170 3043 3214 non
3079 3152 3138 3214 id
3178 3169 3407 3209 novum

238 3246 666 3306 distinctionis
726 3265 950 3325 genus,
1005 3252 1111 3310 sed
1168 3252 1667 3314 vetustissimum
1719 3261 1843 3324 est,
1879 3254 2049 3314 etab
2100 3253 2377 3331 antiquis
2433 3253 2732 3313 omnibus
2771 3258 2891 3311 tam
2943 3248 3174 3309 Graecis
3224 3263 3409 3324 quam

238 3341 472 3402 Latinis
509 3356 881 3420 usurpatum
925 3369 938 3409 :
976 3353 1143 3417 quod
1181 3352 1599 3412 recentiorum
1637 3353 2015 3429 negligentia
2048 3352 2297 3431 penitus
2330 3352 2666 3421 abolitum,
2706 3352 2817 3411 hac
2841 3348 3118 3408 editione
3150 3353 3412 3406 conatus

238 3454 370 3497 Sum
402 3441 622 3498 saltem
666 3458 741 3501 ex
775 3450 945 3519 parte
982 3450 1516 3510 revocare..Prisci
1561 3450 1816 3526 quidem
1866 3451 1981 3522 illi,
2017 3468 2233 3511 recens
2282 3460 2412 3513 tum
2446 3450 2726 3510 inventis
2774 3447 3125 3508 litterarum
3173 3444 3410 3519 ﬁguris,

243 3550 359 3593 uno
416 3545 633 3596 tenore
682 3538 817 3599 sine
866 3541 987 3599 ulla
1041 3560 1296 3617 prorsus
1344 3544 1752 3605 distinctione
1798 3549 2177 3609 scribebant.
2223 3549 2376 3620 Quae
2427 3565 2526 3609 res
2584 3563 2724 3606 cum
2782 3546 3116 3605 maximam
3172 3552 3297 3602 tum
3346 3542 3410 3601 in

238 3628 504 3706 legendo
537 3645 664 3691 tum
704 3635 766 3693 in
804 3641 1267 3712 pronuntiando
1301 3642 1561 3703 haberet
1591 3645 2052 3717 dillicultatem,
2084 3655 2327 3708 veteres
2361 3644 2751 3724 grammatici
2789 3651 2914 3701 tres
2950 3642 3262 3716 posituras
3294 3656 3407 3700 seu
3457 3656 3470 3664 “

241 3730 677 3795 distinctiones
708 3736 1167 3808 eXCOgitarunt,
1207 3738 1441 3814 quibus
1486 3743 1660 3817 quasi
1695 3744 2071 3804 stationibus
2119 3746 2498 3819 quibusdam
2552 3759 2621 3801 ac
2651 3738 3019 3797 diversoriis
3066 3736 3407 3797 continuus

240 3827 541 3888 orationis
594 3844 813 3887 cursus
865 3829 1385 3904 distingueretur.
1456 3834 1719 3892 Primam
1782 3843 2077 3901 vocarunt
2132 3842 2496 3911 ὑποστιγμήν,
2546 3836 2603 3892 id
2650 3846 2743 3895 est
2796 3832 3410 3896 subdistinctionem;

241 3925 492 3986 alterum
522 3935 710 4005 μέσην,
747 3926 807 3985 id
841 3935 957 3999 est,
992 3927 1241 3985 mediam
1269 3926 1761 3996 distinctionem;
1796 3939 1814 3989 t

1831 3933 2041 3990 ertiam
2070 3939 2265 3990 τελείαν
2288 3942 2532 4009 στιγμήν,
2560 3931 2621 3989 id
2654 3938 2746 3991 est
2776 3932 3012 4009 ﬁnalem
3040 3946 3148 3987 seu
3175 3928 3409 4004 plenam

240 4021 708 4088 distinctionem.
742 4026 972 4086 Tribus
1008 4033 1212 4087 autem
1250 4027 1496 4105 punctis
1526 4028 1776 4086 diverso
1815 4028 1941 4087 situ
1976 4028 2297 4104 dispositis
2332 4029 2616 4104 singulas
2657 4032 3059 4089 notaverunt.
3097 4025 3412 4084 Punctum

245 4129 406 4188 enim
439 4131 513 4190 ad
553 4130 739 4190 imam
769 4130 1037 4190 litteram
1068 4127 1418 4205 appositum
1452 4127 2053 4191 subttistinctionem
2086 4129 2369 4205 designat
2400 4153 2416 4204 ;
2452 4130 2651 4189 media
2681 4146 2830 4190 vero
2860 4126 3189 4186 distinctio
3222 4140 3409 4201 quam

247 4226 440 4289 Latini
500 4246 739 4290 moram
785 4229 1205 4307 appellarunt,
1261 4228 1650 4303 signiﬁcatur
1699 4235 1927 4303 puncto
1966 4229 2041 4290 ad
2095 4230 2365 4290 mediam
2417 4230 2682 4290 litteram
2731 4228 2941 4289 affixo.
2996 4226 3157 4286 lllnd
3204 4232 3413 4285 autem

144 4336 147 4337 '
245 4339 569 4405 punctum,
609 4330 773 4407 quod
807 4327 879 4388 ad
918 4333 1101 4411 caput
1134 4325 1355 4385 litterae
1390 4327 1749 4403 apponitur,
1789 4326 2039 4388 iit'ialem
2092 4328 2348 4389 denotat
2392 4318 2890 4388 distinctionem.
2939 4326 3169 4384 Harum
3204 4333 3414 4383 autem

247 4410 715 4491 distinctionum
748 4445 887 4505 quae
916 4426 995 4486 sit
1033 4410 1126 4485 vis
1176 4445 1245 4487 ac
1284 4425 1461 4498 ratio,
1508 4427 1732 4488 docent
1762 4411 2191 4505 grammatici,
2250 4431 2527 4489 Donatus
2560 4432 2617 4487 cl
2652 4424 2888 4486 Marius
2926 4422 3315 4490 Vict0rinus,
3354 4425 3415 4477 et

245 4529 577 4591 Diomedes
607 4529 669 4589 iu
701 4530 809 4589 lib.
842 4545 913 4594 ιι.
942 4528 1048 4603 qui
1080 4546 1243 4588 unus
1282 4529 1480 4587 instar
1513 4529 1795 4590 omnium
1837 4532 2020 4593 nobis
2058 4534 2174 4593 erit
2211 4532 2325 4591 hoc
2361 4520 2525 4591 loco.
2561 4552 2588 4585 ‹‹
2626 4524 3204 4602 ιρρῑὶοηὶ,,ἱιι(ιυὶῐ,
3246 4521 3416 4600 posi-

249 4634 410 4687 turas
438 4630 732 4688 accedere
784 4625 876 4685 vel
929 4626 1367 4685 distinctiones
1422 4637 1690 4702 oportet,
1742 4648 1898 4705 quas
1940 4631 2133 4691 Graeci
2180 4638 2347 4697 θέσεις
2400 4636 2833 4706 vocemnque:
2865 4628 3031 4686 inter
3080 4623 3411 4700 legendum

250 4726 385 4785 dant
414 4726 658 4803 c0piam
692 4726 983 4800 Spiritum
1021 4725 1366 4796 reﬁciendi,
1410 4744 1490 4786 ne
1522 4729 1999 4791 continuatione
2048 4732 2318 4792 deﬁciat.
2352 4732 2460 4790 Hea
2501 4740 2621 4789 tres
2666 4726 2837 4800 sunt,
2878 4724 3223 4793 distinctio,
3257 4721 3413 4779 sub-

251 4825 588 4897 distinctio,
628 4826 832 4884 media
873 4825 1190 4885 distinctio
1238 4826 1372 4884 sive
1425 4843 1620 4897 mora,
1675 4828 1797 4896 vel,
1836 4835 1901 4887 ut
1938 4829 2313 4905 quibusdam
2364 4829 2657 4898 videtur,
2688 4824 3018 4887 submedia
3076 4843 3091 4880 :
3142 4838 3403 4897 quarum

254 4920 577 4981 diversitas
610 4923 809 4983 tribus
844 4924 1087 5001 punctis
1118 4924 1369 4985 diverso
1402 4926 1537 4985 loco
1583 4925 1804 5002 positis
1855 4926 2194 4986 indicatur.
2250 4948 2277 4981 ι
2325 4928 2397 4984 Et
2429 4926 2613 5001 paulo
2654 4932 2792 5000 post
2828 4946 2843 4984 :
2879 4947 2907 4979 α
2947 4920 3273 4982 Distinctio
3314 4924 3409 4974 est

246 5020 469 5080 silentii
505 5030 676 5091 nota,
710 5040 849 5083 cum
885 5040 1072 5084 sensu
1107 5025 1435 5084 terminato
1472 5026 1736 5083 liberum
1774 5032 1864 5084 est
1906 5043 2149 5087 cessare
2186 5026 2519 5102 prolixius.
2565 5027 2667 5084 Est
2706 5023 2897 5100 hujus
2929 5027 3071 5080 nota
3107 5025 3406 5093 punctum

252 5130 420 5189 supra
454 5140 704 5181 versum
740 5122 810 5181 ad
848 5130 1028 5197 caput
1071 5122 1292 5183 litterae
1328 5124 1627 5200 positum.
1667 5122 2118 5182 Suhdistinctio
2150 5132 2241 5185 est
2295 5124 2532 5184 silentii
2585 5132 2731 5183 nota
2766 5118 3054 5194 legitimi,
3095 5132 3214 5192 qua
3270 5134 3413 5191 pros

252 5212 652 5287 nuntiationjs
690 5220 995 5277 terminus
1038 5237 1229 5279 sensu
1264 5230 1553 5281 manente
1586 5222 1666 5281 ita
1701 5222 2134 5297 suspenditur,
2175 5233 2247 5282 ut
2280 5225 2497 5283 statim
2527 5219 2801 5299 id,quod
2836 5215 3149 5291 sequitur,
3183 5229 3407 5273 succe-

255 5305 386 5366 dere
418 5312 665 5376 debeat.
703 5317 904 5394 Hujus
939 5326 1147 5378 autem
1184 5325 1325 5377 nota
1359 5325 1454 5378 est
1487 5328 1789 5395 punctum
1835 5319 1950 5377 sub
1999 5336 2183 5379 versu
2226 5322 2528 5397 positum.
2563 5322 2732 5379 Mora
2770 5321 2865 5373 est
2912 5312 3067 5369 levis
3103 5312 3165 5371 in
3198 5312 3405 5371 conti-

255 5406 539 5466 nuatione
562 5426 862 5472 sensuum
893 5415 1265 5490 interposita
1296 5416 1617 5486 discretio,
1646 5414 1941 5488 legitimae
1960 5413 2395 5476 distinctionis
2422 5398 3106 5485 Subdistinctionisque
3130 5411 3406 5469 medium

254 5501 527 5562 obtinens
565 5504 791 5578 locum,
831 5511 914 5571 ita
948 5521 1011 5571 ut
1049 5531 1160 5572 nec
1194 5514 1463 5591 perfecta
1496 5515 1557 5572 in
1605 5519 1827 5582 totum,
1880 5527 1993 5569 nec
2024 5515 2257 5573 omissa
2310 5516 2618 5583 videatur,
2657 5510 2764 5571 sed
2797 5507 3262 5592 signiﬁcatione
3294 5510 3414 5568 im-

257 5602 543 5673 morandi,
583 5601 843 5663 alterius
892 5610 1214 5670 desideret
1272 5610 1650 5688 principium
1700 5626 1951 5673 sensus.
2001 5611 2087 5669 Et
2124 5612 2242 5672 hoc
2274 5610 2678 5673 solummodo
2727 5615 2942 5667 servat
2988 5606 3292 5680 ofﬁcium,
3342 5618 3412 5669 ut

259 5696 506 5774 legentis
541 5699 831 5777 spiritum
868 5703 1239 5768 brevissima
1279 5707 1697 5784 respiratione
1729 5706 1961 5782 reliciat
1990 5710 2356 5771 tte-nutriat.
2390 5708 2488 5769 Sic
2533 5705 2700 5768 enim
2739 5703 3210 5783 pronuntiando
3264 5706 3412 5765 reti-
