  <div class='ocr_page' id='page_1' title='image "/cluster/home/n/w/nwhite01/storage/ocr_20150623/20/pst.000005712052/019.png"; bbox 0 0 3996 6342; ppageno 0'>
   <div class='ocr_carea' id='block_1_1' title="bbox 499 407 2077 470">
    <p class='ocr_par' dir='ltr' id='par_1_1' title="bbox 499 412 2077 470">
     <span class='ocr_line' id='line_1_1' title="bbox 499 412 2077 470; baseline -0.004 0"><span class='ocrx_word' id='word_1_1' title='bbox 499 412 571 470; x_wconf 71' lang='grc'><strong>9-3</strong></span> <span class='ocrx_word' id='word_1_2' title='bbox 1751 413 2017 468; x_wconf 77' lang='lat' dir='ltr'><strong>VALES&quot;</strong></span> <span class='ocrx_word' id='word_1_3' title='bbox 2056 412 2077 465; x_wconf 79' lang='grc' dir='ltr'>Ι</span> 
     </span>
    </p>
   </div>
   <div class='ocr_carea' id='block_1_2' title="bbox 2109 407 3687 470">
    <p class='ocr_par' dir='ltr' id='par_1_2' title="bbox 2109 407 3687 467">
     <span class='ocr_line' id='line_1_2' title="bbox 2109 407 3687 467; baseline -0.004 -2"><span class='ocrx_word' id='word_1_4' title='bbox 2109 411 2442 467; x_wconf 65' lang='lat' dir='ltr'><strong>REFATIO.</strong></span> <span class='ocrx_word' id='word_1_5' title='bbox 3620 407 3687 459; x_wconf 63' lang='grc' dir='ltr'><strong><em>Ἃ</em></strong></span> 
     </span>
    </p>
   </div>
   <div class='ocr_carea' id='block_1_3' title="bbox 503 525 3686 621">
    <p class='ocr_par' dir='ltr' id='par_1_3' title="bbox 503 525 3686 621">
     <span class='ocr_line' id='line_1_3' title="bbox 503 525 3686 621; baseline -0.002 -28"><span class='ocrx_word' id='word_1_6' title='bbox 503 550 641 594; x_wconf 78' lang='lat' dir='ltr'><strong>cere</strong></span> <span class='ocrx_word' id='word_1_7' title='bbox 672 533 819 612; x_wconf 80' lang='lat' dir='ltr'><strong>quis</strong></span> <span class='ocrx_word' id='word_1_8' title='bbox 849 531 1060 604; x_wconf 84' lang='lat' dir='ltr'><strong>debet,</strong></span> <span class='ocrx_word' id='word_1_9' title='bbox 1092 536 1165 592; x_wconf 88' lang='lat' dir='ltr'><strong>ut</strong></span> <span class='ocrx_word' id='word_1_10' title='bbox 1193 530 1338 608; x_wconf 75' lang='lat' dir='ltr'><strong>quia</strong></span> <span class='ocrx_word' id='word_1_11' title='bbox 1373 530 1641 609; x_wconf 67' lang='lat' dir='ltr'><strong>Spiritus</strong></span> <span class='ocrx_word' id='word_1_12' title='bbox 1686 530 1822 609; x_wconf 90' lang='lat' dir='ltr'><strong>ipse</strong></span> <span class='ocrx_word' id='word_1_13' title='bbox 1862 534 2131 610; x_wconf 87' lang='lat' dir='ltr'><strong>quadam</strong></span> <span class='ocrx_word' id='word_1_14' title='bbox 2188 529 2543 591; x_wconf 78' lang='lat' dir='ltr'><strong>defectione</strong></span> <span class='ocrx_word' id='word_1_15' title='bbox 2588 531 2893 598; x_wconf 83' lang='lat' dir='ltr'><strong>mutatur,</strong></span> <span class='ocrx_word' id='word_1_16' title='bbox 2929 527 3163 588; x_wconf 90' lang='lat' dir='ltr'><strong>deinde</strong></span> <span class='ocrx_word' id='word_1_17' title='bbox 3202 530 3581 621; x_wconf 87' lang='lat' dir='ltr'><strong>resumatur.</strong></span> <span class='ocrx_word' id='word_1_18' title='bbox 3615 525 3686 587; x_wconf 87' lang='lat' dir='ltr'><strong>Ut</strong></span> 
     </span>
    </p>
   </div>
   <div class='ocr_carea' id='block_1_4' title="bbox 1299 728 2525 797">
    <p class='ocr_par' dir='ltr' id='par_1_4' title="bbox 1299 728 2525 797">
     <span class='ocr_line' id='line_1_4' title="bbox 1299 728 2525 797; baseline -0.002 -15"><span class='ocrx_word' id='word_1_19' title='bbox 1299 728 1367 782; x_wconf 88' lang='lat' dir='ltr'><strong>Ut</strong></span> <span class='ocrx_word' id='word_1_20' title='bbox 1396 729 1517 783; x_wconf 85' lang='lat' dir='ltr'><strong>belli</strong></span> <span class='ocrx_word' id='word_1_21' title='bbox 1543 730 1751 797; x_wconf 70' lang='lat' dir='ltr'><strong>signum</strong></span> <span class='ocrx_word' id='word_1_22' title='bbox 1785 728 2039 783; x_wconf 87' lang='lat' dir='ltr'><strong>Laurenti</strong></span> <span class='ocrx_word' id='word_1_23' title='bbox 2074 729 2283 780; x_wconf 78' lang='lat' dir='ltr'><strong>Turnus</strong></span> <span class='ocrx_word' id='word_1_24' title='bbox 2307 729 2373 779; x_wconf 89' lang='lat' dir='ltr'><strong>ab</strong></span> <span class='ocrx_word' id='word_1_25' title='bbox 2402 742 2525 781; x_wconf 84' lang='lat' dir='ltr'><strong>arce</strong></span> 
     </span>
    </p>
   </div>
   <div class='ocr_carea' id='block_1_5' title="bbox 1118 798 2619 863">
    <p class='ocr_par' dir='ltr' id='par_1_5' title="bbox 1118 798 2619 863">
     <span class='ocr_line' id='line_1_5' title="bbox 1118 798 2619 863; baseline -0.003 -12"><span class='ocrx_word' id='word_1_26' title='bbox 1118 813 1144 829; x_wconf 68' lang='grc' dir='ltr'><em>ι</em></span> <span class='ocrx_word' id='word_1_27' title='bbox 1300 798 1520 863; x_wconf 83' lang='lat' dir='ltr'><strong>Extulit,</strong></span> <span class='ocrx_word' id='word_1_28' title='bbox 1556 809 1608 853; x_wconf 92' lang='lat' dir='ltr'><strong>et</strong></span> <span class='ocrx_word' id='word_1_29' title='bbox 1637 815 1798 851; x_wconf 84' lang='lat' dir='ltr'><strong>rauco</strong></span> <span class='ocrx_word' id='word_1_30' title='bbox 1831 806 2172 863; x_wconf 86' lang='lat' dir='ltr'><strong>strepuerunt</strong></span> <span class='ocrx_word' id='word_1_31' title='bbox 2204 812 2401 848; x_wconf 87' lang='lat' dir='ltr'><strong>cornua</strong></span> <span class='ocrx_word' id='word_1_32' title='bbox 2428 804 2619 858; x_wconf 87' lang='lat' dir='ltr'><strong>cantu;</strong></span> 
     </span>
    </p>
   </div>
   <div class='ocr_carea' id='block_1_6' title="bbox 1290 866 2790 935">
    <p class='ocr_par' dir='ltr' id='par_1_6' title="bbox 1290 866 2790 935">
     <span class='ocr_line' id='line_1_6' title="bbox 1290 866 2790 935; baseline -0.001 -17"><span class='ocrx_word' id='word_1_33' title='bbox 1290 866 1464 933; x_wconf 83' lang='lat' dir='ltr'><strong>thue</strong></span> <span class='ocrx_word' id='word_1_34' title='bbox 1494 883 1642 922; x_wconf 86' lang='lat' dir='ltr'><strong>acres</strong></span> <span class='ocrx_word' id='word_1_35' title='bbox 1668 870 1937 922; x_wconf 86' lang='lat' dir='ltr'><strong>concussit</strong></span> <span class='ocrx_word' id='word_1_36' title='bbox 1962 881 2151 935; x_wconf 90' lang='lat' dir='ltr'><strong>equos,</strong></span> <span class='ocrx_word' id='word_1_37' title='bbox 2191 877 2350 935; x_wconf 90' lang='lat' dir='ltr'><strong>utque</strong></span> <span class='ocrx_word' id='word_1_38' title='bbox 2374 866 2582 933; x_wconf 86' lang='lat' dir='ltr'><strong>impulit</strong></span> <span class='ocrx_word' id='word_1_39' title='bbox 2611 878 2790 930; x_wconf 81' lang='lat' dir='ltr'><strong>arma;</strong></span> 
     </span>
    </p>
   </div>
   <div class='ocr_carea' id='block_1_7' title="bbox 1288 936 2008 1005">
    <p class='ocr_par' dir='ltr' id='par_1_7' title="bbox 1288 936 2008 1005">
     <span class='ocr_line' id='line_1_7' title="bbox 1288 936 2008 1005; baseline -0.004 -15"><span class='ocrx_word' id='word_1_40' title='bbox 1288 936 1567 1005; x_wconf 78' lang='lat' dir='ltr'><strong>Extemplo</strong></span> <span class='ocrx_word' id='word_1_41' title='bbox 1597 939 1788 990; x_wconf 81' lang='lat' dir='ltr'><strong>turbati</strong></span> <span class='ocrx_word' id='word_1_42' title='bbox 1820 936 2008 989; x_wconf 90' lang='lat' dir='ltr'><strong>animi.</strong></span> 
     </span>
    </p>
   </div>
   <div class='ocr_carea' id='block_1_8' title="bbox 489 1026 3680 1106">
    <p class='ocr_par' dir='ltr' id='par_1_8' title="bbox 489 1026 3680 1106">
     <span class='ocr_line' id='line_1_8' title="bbox 489 1026 3680 1106; baseline -0.001 -18"><span class='ocrx_word' id='word_1_43' title='bbox 489 1030 701 1091; x_wconf 63' lang='lat' dir='ltr'><strong>Multas</strong></span> <span class='ocrx_word' id='word_1_44' title='bbox 737 1030 908 1092; x_wconf 91' lang='lat' dir='ltr'><strong>enim</strong></span> <span class='ocrx_word' id='word_1_45' title='bbox 944 1028 1247 1092; x_wconf 78' lang='lat' dir='ltr'><strong>clausulae</strong></span> <span class='ocrx_word' id='word_1_46' title='bbox 1271 1037 1421 1091; x_wconf 89' lang='lat' dir='ltr'><strong>sunt</strong></span> <span class='ocrx_word' id='word_1_47' title='bbox 1470 1031 1692 1091; x_wconf 66' lang='lat' dir='ltr'><strong>mediae</strong></span> <span class='ocrx_word' id='word_1_48' title='bbox 1727 1030 1917 1106; x_wconf 84' lang='lat' dir='ltr'><strong>hujus</strong></span> <span class='ocrx_word' id='word_1_49' title='bbox 1950 1029 2264 1091; x_wconf 89' lang='lat' dir='ltr'><strong>lectionis.</strong></span> <span class='ocrx_word' id='word_1_50' title='bbox 2296 1031 2573 1089; x_wconf 89' lang='lat' dir='ltr'><strong>Primum</strong></span> <span class='ocrx_word' id='word_1_51' title='bbox 2606 1045 2687 1089; x_wconf 91' lang='lat' dir='ltr'><strong>ne</strong></span> <span class='ocrx_word' id='word_1_52' title='bbox 2716 1026 3200 1097; x_wconf 86' lang='lat' dir='ltr'><strong>confundantur,</strong></span> <span class='ocrx_word' id='word_1_53' title='bbox 3232 1046 3373 1106; x_wconf 63' lang='lat' dir='ltr'><strong>quae</strong></span> <span class='ocrx_word' id='word_1_54' title='bbox 3402 1031 3594 1089; x_wconf 79' lang='grc' dir='ltr'><strong>δίκωλα</strong></span> <span class='ocrx_word' id='word_1_55' title='bbox 3621 1032 3680 1087; x_wconf 90' lang='lat' dir='ltr'><strong>et</strong></span> 
     </span>
    </p>
   </div>
   <div class='ocr_carea' id='block_1_9' title="bbox 488 1122 3682 1210">
    <p class='ocr_par' dir='ltr' id='par_1_9' title="bbox 488 1122 3682 1210">
     <span class='ocr_line' id='line_1_9' title="bbox 488 1122 3682 1210; baseline -0.001 -20"><span class='ocrx_word' id='word_1_56' title='bbox 488 1139 714 1210; x_wconf 66' lang='grc' dir='ltr'><strong>τρίπωλα</strong></span> <span class='ocrx_word' id='word_1_57' title='bbox 744 1122 1074 1209; x_wconf 79' lang='lat' dir='ltr'><strong>pariuntur</strong></span> <span class='ocrx_word' id='word_1_58' title='bbox 1104 1140 1163 1192; x_wconf 90' lang='lat' dir='ltr'><strong>et</strong></span> <span class='ocrx_word' id='word_1_59' title='bbox 1200 1130 1372 1193; x_wconf 84' lang='lat' dir='ltr'><strong>talia.</strong></span> <span class='ocrx_word' id='word_1_60' title='bbox 1404 1128 1650 1191; x_wconf 87' lang='lat' dir='ltr'><strong>Deinde</strong></span> <span class='ocrx_word' id='word_1_61' title='bbox 1689 1139 1751 1191; x_wconf 90' lang='lat' dir='ltr'><strong>ut</strong></span> <span class='ocrx_word' id='word_1_62' title='bbox 1785 1140 1961 1194; x_wconf 89' lang='lat' dir='ltr'><strong>actus</strong></span> <span class='ocrx_word' id='word_1_63' title='bbox 1996 1134 2330 1194; x_wconf 88' lang='lat' dir='ltr'><strong>verborum</strong></span> <span class='ocrx_word' id='word_1_64' title='bbox 2378 1131 2654 1193; x_wconf 84' lang='lat' dir='ltr'><strong>emineat</strong></span> <span class='ocrx_word' id='word_1_65' title='bbox 2685 1136 2745 1189; x_wconf 90' lang='lat' dir='ltr'><strong>et</strong></span> <span class='ocrx_word' id='word_1_66' title='bbox 2785 1128 3010 1198; x_wconf 86' lang='lat' dir='ltr'><strong>luceat,</strong></span> <span class='ocrx_word' id='word_1_67' title='bbox 3040 1127 3147 1204; x_wconf 92' lang='lat' dir='ltr'><strong>qui</strong></span> <span class='ocrx_word' id='word_1_68' title='bbox 3184 1147 3259 1189; x_wconf 82' lang='lat' dir='ltr'><strong>ex</strong></span> <span class='ocrx_word' id='word_1_69' title='bbox 3290 1129 3504 1205; x_wconf 87' lang='lat' dir='ltr'><strong>aliquo</strong></span> <span class='ocrx_word' id='word_1_70' title='bbox 3540 1145 3682 1206; x_wconf 47' lang='lat' dir='ltr'><strong>mos</strong></span> 
     </span>
    </p>
   </div>
   <div class='ocr_carea' id='block_1_10' title="bbox 486 1232 3681 1309">
    <p class='ocr_par' dir='ltr' id='par_1_10' title="bbox 486 1232 3681 1309">
     <span class='ocr_line' id='line_1_10' title="bbox 486 1232 3681 1309; baseline 0 -18"><span class='ocrx_word' id='word_1_71' title='bbox 486 1235 1003 1307; x_wconf 77' lang='lat' dir='ltr'><strong>veaturaﬁ‘ectu,</strong></span> <span class='ocrx_word' id='word_1_72' title='bbox 1053 1237 1148 1296; x_wconf 92' lang='lat' dir='ltr'><strong>vel</strong></span> <span class='ocrx_word' id='word_1_73' title='bbox 1182 1233 1629 1309; x_wconf 82' lang='lat' dir='ltr'><strong>indignatione</strong></span> <span class='ocrx_word' id='word_1_74' title='bbox 1678 1235 1773 1296; x_wconf 93' lang='lat' dir='ltr'><strong>vel</strong></span> <span class='ocrx_word' id='word_1_75' title='bbox 1830 1236 2241 1298; x_wconf 89' lang='lat' dir='ltr'><strong>miseratione</strong></span> <span class='ocrx_word' id='word_1_76' title='bbox 2278 1234 2529 1305; x_wconf 91' lang='lat' dir='ltr'><strong>collata,</strong></span> <span class='ocrx_word' id='word_1_77' title='bbox 2568 1255 2598 1289; x_wconf 67' lang='lat' dir='ltr'><strong>in</strong></span> <span class='ocrx_word' id='word_1_78' title='bbox 2632 1240 2750 1293; x_wconf 88' lang='lat' dir='ltr'><strong>etc.</strong></span> <span class='ocrx_word' id='word_1_79' title='bbox 2786 1232 3166 1307; x_wconf 77' lang='lat' dir='ltr'><strong>Hujusmodi</strong></span> <span class='ocrx_word' id='word_1_80' title='bbox 3208 1234 3403 1308; x_wconf 85' lang='lat' dir='ltr'><strong>igitur</strong></span> <span class='ocrx_word' id='word_1_81' title='bbox 3455 1232 3681 1295; x_wconf 88' lang='lat' dir='ltr'><strong>distin-</strong></span> 
     </span>
    </p>
   </div>
   <div class='ocr_carea' id='block_1_11' title="bbox 488 1335 3677 1416">
    <p class='ocr_par' dir='ltr' id='par_1_11' title="bbox 488 1335 3677 1416">
     <span class='ocr_line' id='line_1_11' title="bbox 488 1335 3677 1416; baseline 0.002 -23"><span class='ocrx_word' id='word_1_82' title='bbox 488 1337 764 1398; x_wconf 89' lang='lat' dir='ltr'><strong>ctionum</strong></span> <span class='ocrx_word' id='word_1_83' title='bbox 796 1354 910 1398; x_wconf 88' lang='lat' dir='ltr'><strong>seu</strong></span> <span class='ocrx_word' id='word_1_84' title='bbox 945 1338 1538 1413; x_wconf 85' lang='lat' dir='ltr'><strong>interpunctionum</strong></span> <span class='ocrx_word' id='word_1_85' title='bbox 1576 1345 1756 1398; x_wconf 91' lang='lat' dir='ltr'><strong>notas</strong></span> <span class='ocrx_word' id='word_1_86' title='bbox 1782 1340 2317 1416; x_wconf 82' lang='lat' dir='ltr'><strong>antiquiomnes,</strong></span> <span class='ocrx_word' id='word_1_87' title='bbox 2351 1346 2473 1399; x_wconf 90' lang='lat' dir='ltr'><strong>tam</strong></span> <span class='ocrx_word' id='word_1_88' title='bbox 2507 1335 2703 1396; x_wconf 71' lang='lat' dir='ltr'><strong>Grmci</strong></span> <span class='ocrx_word' id='word_1_89' title='bbox 2743 1354 2935 1414; x_wconf 90' lang='lat' dir='ltr'><strong>quam</strong></span> <span class='ocrx_word' id='word_1_90' title='bbox 2972 1337 3202 1407; x_wconf 83' lang='lat' dir='ltr'><strong>Latini,</strong></span> <span class='ocrx_word' id='word_1_91' title='bbox 3234 1338 3297 1397; x_wconf 92' lang='lat' dir='ltr'><strong>in</strong></span> <span class='ocrx_word' id='word_1_92' title='bbox 3336 1337 3514 1398; x_wconf 90' lang='lat' dir='ltr'><strong>libris</strong></span> <span class='ocrx_word' id='word_1_93' title='bbox 3545 1339 3677 1403; x_wconf 89' lang='lat' dir='ltr'><strong>suis</strong></span> 
     </span>
    </p>
   </div>
   <div class='ocr_carea' id='block_1_12' title="bbox 484 1434 3674 1515">
    <p class='ocr_par' dir='ltr' id='par_1_12' title="bbox 484 1434 3674 1515">
     <span class='ocr_line' id='line_1_12' title="bbox 484 1434 3674 1515; baseline 0.001 -23"><span class='ocrx_word' id='word_1_94' title='bbox 484 1434 909 1497; x_wconf 87' lang='lat' dir='ltr'><strong>adhibuerunt</strong></span> <span class='ocrx_word' id='word_1_95' title='bbox 944 1456 961 1497; x_wconf 88' lang='lat'><strong>:</strong></span> <span class='ocrx_word' id='word_1_96' title='bbox 997 1454 1155 1513; x_wconf 89' lang='lat' dir='ltr'><strong>quas</strong></span> <span class='ocrx_word' id='word_1_97' title='bbox 1188 1435 1379 1496; x_wconf 90' lang='lat' dir='ltr'><strong>etiam</strong></span> <span class='ocrx_word' id='word_1_98' title='bbox 1433 1436 1661 1497; x_wconf 89' lang='lat' dir='ltr'><strong>lsidori</strong></span> <span class='ocrx_word' id='word_1_99' title='bbox 1695 1436 2099 1515; x_wconf 83' lang='lat' dir='ltr'><strong>Hispalensis</strong></span> <span class='ocrx_word' id='word_1_100' title='bbox 2145 1446 2323 1499; x_wconf 66' lang='lat' dir='ltr'><strong>aetate</strong></span> <span class='ocrx_word' id='word_1_101' title='bbox 2372 1437 2580 1499; x_wconf 90' lang='lat' dir='ltr'><strong>adhuc</strong></span> <span class='ocrx_word' id='word_1_102' title='bbox 2614 1438 2837 1498; x_wconf 49' lang='lat' dir='ltr'><strong>in‘usu</strong></span> <span class='ocrx_word' id='word_1_103' title='bbox 2884 1438 3082 1497; x_wconf 83' lang='lat' dir='ltr'><strong>fuisse</strong></span> <span class='ocrx_word' id='word_1_104' title='bbox 3114 1434 3376 1497; x_wconf 86' lang='lat' dir='ltr'><strong>constat.</strong></span> <span class='ocrx_word' id='word_1_105' title='bbox 3411 1438 3477 1496; x_wconf 87' lang='lat' dir='ltr'><strong>Id</strong></span> <span class='ocrx_word' id='word_1_106' title='bbox 3509 1438 3674 1496; x_wconf 92' lang='lat' dir='ltr'><strong>enim</strong></span> 
     </span>
    </p>
   </div>
   <div class='ocr_carea' id='block_1_13' title="bbox 484 1532 3678 1615">
    <p class='ocr_par' dir='ltr' id='par_1_13' title="bbox 484 1532 3678 1615">
     <span class='ocr_line' id='line_1_13' title="bbox 484 1532 3678 1615; baseline 0.001 -25"><span class='ocrx_word' id='word_1_107' title='bbox 484 1532 786 1593; x_wconf 88' lang='lat' dir='ltr'><strong>discimus</strong></span> <span class='ocrx_word' id='word_1_108' title='bbox 817 1551 893 1594; x_wconf 83' lang='lat' dir='ltr'><strong>ex</strong></span> <span class='ocrx_word' id='word_1_109' title='bbox 926 1535 1065 1610; x_wconf 83' lang='lat' dir='ltr'><strong>ejus</strong></span> <span class='ocrx_word' id='word_1_110' title='bbox 1095 1532 1423 1609; x_wconf 79' lang='lat' dir='ltr'><strong>Originum</strong></span> <span class='ocrx_word' id='word_1_111' title='bbox 1452 1534 1612 1594; x_wconf 88' lang='lat' dir='ltr'><strong>libro</strong></span> <span class='ocrx_word' id='word_1_112' title='bbox 1656 1552 1700 1604; x_wconf 84' lang='lat'><strong>1,</strong></span> <span class='ocrx_word' id='word_1_113' title='bbox 1746 1552 1884 1612; x_wconf 87' lang='lat' dir='ltr'><strong>cap.</strong></span> <span class='ocrx_word' id='word_1_114' title='bbox 1931 1536 2029 1597; x_wconf 87' lang='lat'><strong>19.</strong></span> <span class='ocrx_word' id='word_1_115' title='bbox 2066 1537 2137 1597; x_wconf 89' lang='lat' dir='ltr'><strong>ln</strong></span> <span class='ocrx_word' id='word_1_116' title='bbox 2192 1537 2637 1613; x_wconf 88' lang='lat' dir='ltr'><strong>manuscriptis</strong></span> <span class='ocrx_word' id='word_1_117' title='bbox 2673 1553 2929 1615; x_wconf 84' lang='lat' dir='ltr'><strong>quoque</strong></span> <span class='ocrx_word' id='word_1_118' title='bbox 2985 1535 3447 1611; x_wconf 74' lang='lat' dir='ltr'><strong>exemplaribus</strong></span> <span class='ocrx_word' id='word_1_119' title='bbox 3496 1534 3678 1610; x_wconf 89' lang='lat' dir='ltr'><strong>paulo</strong></span> 
     </span>
    </p>
   </div>
   <div class='ocr_carea' id='block_1_14' title="bbox 484 1631 3681 1711">
    <p class='ocr_par' dir='ltr' id='par_1_14' title="bbox 484 1631 3681 1711">
     <span class='ocr_line' id='line_1_14' title="bbox 484 1631 3681 1711; baseline 0.001 -22"><span class='ocrx_word' id='word_1_120' title='bbox 484 1631 944 1693; x_wconf 79' lang='lat' dir='ltr'><strong>vetustioribus</strong></span> <span class='ocrx_word' id='word_1_121' title='bbox 975 1632 1193 1691; x_wconf 86' lang='lat' dir='ltr'><strong>eadem</strong></span> <span class='ocrx_word' id='word_1_122' title='bbox 1229 1631 1674 1707; x_wconf 86' lang='lat' dir='ltr'><strong>distinguendi</strong></span> <span class='ocrx_word' id='word_1_123' title='bbox 1714 1634 2213 1711; x_wconf 88' lang='lat' dir='ltr'><strong>ratioperpetuo</strong></span> <span class='ocrx_word' id='word_1_124' title='bbox 2247 1643 2561 1697; x_wconf 88' lang='lat' dir='ltr'><strong>servatur.</strong></span> <span class='ocrx_word' id='word_1_125' title='bbox 2601 1638 2835 1695; x_wconf 90' lang='lat' dir='ltr'><strong>Verum</strong></span> <span class='ocrx_word' id='word_1_126' title='bbox 2877 1634 3283 1701; x_wconf 86' lang='lat' dir='ltr'><strong>recentiores,</strong></span> <span class='ocrx_word' id='word_1_127' title='bbox 3326 1651 3437 1693; x_wconf 87' lang='lat' dir='ltr'><strong>seu</strong></span> <span class='ocrx_word' id='word_1_128' title='bbox 3482 1633 3681 1708; x_wconf 85' lang='lat' dir='ltr'><strong>impe-</strong></span> 
     </span>
    </p>
   </div>
   <div class='ocr_carea' id='block_1_15' title="bbox 484 1729 3680 1812">
    <p class='ocr_par' dir='ltr' id='par_1_15' title="bbox 484 1729 3680 1812">
     <span class='ocr_line' id='line_1_15' title="bbox 484 1729 3680 1812; baseline 0.002 -25"><span class='ocrx_word' id='word_1_129' title='bbox 484 1729 626 1791; x_wconf 89' lang='lat' dir='ltr'><strong>ritia</strong></span> <span class='ocrx_word' id='word_1_130' title='bbox 659 1747 773 1791; x_wconf 90' lang='lat' dir='ltr'><strong>seu</strong></span> <span class='ocrx_word' id='word_1_131' title='bbox 809 1731 1051 1791; x_wconf 87' lang='lat' dir='ltr'><strong>desidia</strong></span> <span class='ocrx_word' id='word_1_132' title='bbox 1092 1732 1367 1807; x_wconf 89' lang='lat' dir='ltr'><strong>quadam</strong></span> <span class='ocrx_word' id='word_1_133' title='bbox 1409 1749 1480 1793; x_wconf 87' lang='lat' dir='ltr'><strong>ac</strong></span> <span class='ocrx_word' id='word_1_134' title='bbox 1509 1734 1920 1809; x_wconf 77' lang='lat' dir='ltr'><strong>negligentia,</strong></span> <span class='ocrx_word' id='word_1_135' title='bbox 1954 1737 2166 1796; x_wconf 90' lang='lat' dir='ltr'><strong>omnia</strong></span> <span class='ocrx_word' id='word_1_136' title='bbox 2196 1744 2693 1798; x_wconf 88' lang='lat' dir='ltr'><strong>commutarunt.</strong></span> <span class='ocrx_word' id='word_1_137' title='bbox 2727 1738 2814 1796; x_wconf 83' lang='lat' dir='ltr'><strong>Ac</strong></span> <span class='ocrx_word' id='word_1_138' title='bbox 2847 1752 2959 1812; x_wconf 89' lang='lat' dir='ltr'><strong>pro</strong></span> <span class='ocrx_word' id='word_1_139' title='bbox 2988 1732 3517 1796; x_wconf 86' lang='lat' dir='ltr'><strong>subdistinctione</strong></span> <span class='ocrx_word' id='word_1_140' title='bbox 3539 1734 3680 1808; x_wconf 88' lang='lat' dir='ltr'><strong>qui-</strong></span> 
     </span>
    </p>
   </div>
   <div class='ocr_carea' id='block_1_16' title="bbox 480 1830 3675 1912">
    <p class='ocr_par' dir='ltr' id='par_1_16' title="bbox 480 1830 3675 1912">
     <span class='ocr_line' id='line_1_16' title="bbox 480 1830 3675 1912; baseline 0.001 -23"><span class='ocrx_word' id='word_1_141' title='bbox 480 1830 623 1889; x_wconf 88' lang='lat' dir='ltr'><strong>dem</strong></span> <span class='ocrx_word' id='word_1_142' title='bbox 665 1831 945 1909; x_wconf 77' lang='lat' dir='ltr'><strong>virgulas</strong></span> <span class='ocrx_word' id='word_1_143' title='bbox 980 1838 1367 1910; x_wconf 88' lang='lat' dir='ltr'><strong>posuerunt;</strong></span> <span class='ocrx_word' id='word_1_144' title='bbox 1409 1848 1518 1910; x_wconf 90' lang='lat' dir='ltr'><strong>pro</strong></span> <span class='ocrx_word' id='word_1_145' title='bbox 1551 1833 1775 1891; x_wconf 70' lang='lat' dir='ltr'><strong>mediae</strong></span> <span class='ocrx_word' id='word_1_146' title='bbox 1807 1832 2238 1896; x_wconf 88' lang='lat' dir='ltr'><strong>distinctionis</strong></span> <span class='ocrx_word' id='word_1_147' title='bbox 2274 1843 2417 1897; x_wconf 89' lang='lat' dir='ltr'><strong>nota</strong></span> <span class='ocrx_word' id='word_1_148' title='bbox 2452 1836 2580 1897; x_wconf 92' lang='lat' dir='ltr'><strong>duo</strong></span> <span class='ocrx_word' id='word_1_149' title='bbox 2614 1842 2839 1912; x_wconf 87' lang='lat' dir='ltr'><strong>puncta</strong></span> <span class='ocrx_word' id='word_1_150' title='bbox 2872 1834 3112 1895; x_wconf 86' lang='lat' dir='ltr'><strong>:ﬁnalis</strong></span> <span class='ocrx_word' id='word_1_151' title='bbox 3145 1850 3293 1894; x_wconf 92' lang='lat' dir='ltr'><strong>vero</strong></span> <span class='ocrx_word' id='word_1_152' title='bbox 3323 1832 3675 1893; x_wconf 87' lang='lat' dir='ltr'><strong>distinctio-</strong></span> 
     </span>
    </p>
   </div>
   <div class='ocr_carea' id='block_1_17' title="bbox 486 1928 3674 2011">
    <p class='ocr_par' dir='ltr' id='par_1_17' title="bbox 486 1928 3674 2011">
     <span class='ocr_line' id='line_1_17' title="bbox 486 1928 3674 2011; baseline 0.001 -22"><span class='ocrx_word' id='word_1_153' title='bbox 486 1928 587 1989; x_wconf 86' lang='lat' dir='ltr'><strong>nis</strong></span> <span class='ocrx_word' id='word_1_154' title='bbox 639 1937 848 1989; x_wconf 91' lang='lat' dir='ltr'><strong>notam</strong></span> <span class='ocrx_word' id='word_1_155' title='bbox 890 1947 922 1990; x_wconf 92' lang='lat' dir='ltr'><strong>a</strong></span> <span class='ocrx_word' id='word_1_156' title='bbox 986 1930 1189 2007; x_wconf 89' lang='lat' dir='ltr'><strong>capite</strong></span> <span class='ocrx_word' id='word_1_157' title='bbox 1242 1928 1316 1989; x_wconf 88' lang='lat' dir='ltr'><strong>ad</strong></span> <span class='ocrx_word' id='word_1_158' title='bbox 1366 1928 1557 2006; x_wconf 85' lang='lat' dir='ltr'><strong>pedes</strong></span> <span class='ocrx_word' id='word_1_159' title='bbox 1607 1928 1833 1989; x_wconf 62' lang='lat' dir='ltr'><strong>litterae</strong></span> <span class='ocrx_word' id='word_1_160' title='bbox 1882 1931 2266 2008; x_wconf 88' lang='lat' dir='ltr'><strong>dejecerunt.</strong></span> <span class='ocrx_word' id='word_1_161' title='bbox 2320 1932 2521 2004; x_wconf 87' lang='lat' dir='ltr'><strong>Qu‘am</strong></span> <span class='ocrx_word' id='word_1_162' title='bbox 2582 1950 2830 2011; x_wconf 82' lang='lat' dir='ltr'><strong>pravam</strong></span> <span class='ocrx_word' id='word_1_163' title='bbox 2874 1931 3310 2007; x_wconf 88' lang='lat' dir='ltr'><strong>distinguendi</strong></span> <span class='ocrx_word' id='word_1_164' title='bbox 3372 1931 3674 1994; x_wconf 90' lang='lat' dir='ltr'><strong>rationem</strong></span> 
     </span>
    </p>
   </div>
   <div class='ocr_carea' id='block_1_18' title="bbox 476 2033 3679 2111">
    <p class='ocr_par' dir='ltr' id='par_1_18' title="bbox 476 2033 3679 2111">
     <span class='ocr_line' id='line_1_18' title="bbox 476 2033 3679 2111; baseline 0.001 -16"><span class='ocrx_word' id='word_1_165' title='bbox 476 2034 678 2095; x_wconf 88' lang='lat' dir='ltr'><strong>secuti</strong></span> <span class='ocrx_word' id='word_1_166' title='bbox 711 2040 856 2095; x_wconf 89' lang='lat' dir='ltr'><strong>sunt</strong></span> <span class='ocrx_word' id='word_1_167' title='bbox 890 2051 1112 2096; x_wconf 91' lang='lat' dir='ltr'><strong>omnes</strong></span> <span class='ocrx_word' id='word_1_168' title='bbox 1146 2033 1275 2095; x_wconf 84' lang='lat' dir='ltr'><strong>fere</strong></span> <span class='ocrx_word' id='word_1_169' title='bbox 1304 2033 1672 2111; x_wconf 79' lang='lat' dir='ltr'><strong>typographi</strong></span> <span class='ocrx_word' id='word_1_170' title='bbox 1705 2041 1930 2111; x_wconf 83' lang='lat' dir='ltr'><strong>praeter</strong></span> <span class='ocrx_word' id='word_1_171' title='bbox 1959 2036 2191 2096; x_wconf 76' lang='lat' dir='ltr'><strong>Aldum</strong></span> <span class='ocrx_word' id='word_1_172' title='bbox 2252 2038 2635 2099; x_wconf 90' lang='lat' dir='ltr'><strong>Manutium.</strong></span> <span class='ocrx_word' id='word_1_173' title='bbox 2674 2038 2790 2098; x_wconf 87' lang='lat' dir='ltr'><strong>Hic</strong></span> <span class='ocrx_word' id='word_1_174' title='bbox 2824 2035 2990 2098; x_wconf 91' lang='lat' dir='ltr'><strong>enim</strong></span> <span class='ocrx_word' id='word_1_175' title='bbox 3024 2037 3087 2095; x_wconf 92' lang='lat' dir='ltr'><strong>in</strong></span> <span class='ocrx_word' id='word_1_176' title='bbox 3126 2035 3403 2097; x_wconf 85' lang='lat' dir='ltr'><strong>editione</strong></span> <span class='ocrx_word' id='word_1_177' title='bbox 3433 2038 3679 2098; x_wconf 64' lang='lat' dir='ltr'><strong>Graeco-</strong></span> 
     </span>
    </p>
   </div>
   <div class='ocr_carea' id='block_1_19' title="bbox 476 2133 3671 2218">
    <p class='ocr_par' dir='ltr' id='par_1_19' title="bbox 476 2133 3671 2218">
     <span class='ocr_line' id='line_1_19' title="bbox 476 2133 3671 2218; baseline 0.002 -26"><span class='ocrx_word' id='word_1_178' title='bbox 476 2150 614 2192; x_wconf 90' lang='lat' dir='ltr'><strong>rum</strong></span> <span class='ocrx_word' id='word_1_179' title='bbox 670 2133 1004 2208; x_wconf 90' lang='lat' dir='ltr'><strong>librorum,</strong></span> <span class='ocrx_word' id='word_1_180' title='bbox 1038 2152 1197 2213; x_wconf 89' lang='lat' dir='ltr'><strong>quos</strong></span> <span class='ocrx_word' id='word_1_181' title='bbox 1237 2153 1400 2214; x_wconf 86' lang='lat' dir='ltr'><strong>pene</strong></span> <span class='ocrx_word' id='word_1_182' title='bbox 1438 2137 1941 2199; x_wconf 88' lang='lat' dir='ltr'><strong>innumerabiles</strong></span> <span class='ocrx_word' id='word_1_183' title='bbox 1974 2137 2255 2213; x_wconf 81' lang='lat' dir='ltr'><strong>excudit,</strong></span> <span class='ocrx_word' id='word_1_184' title='bbox 2293 2158 2425 2201; x_wconf 89' lang='lat' dir='ltr'><strong>eam</strong></span> <span class='ocrx_word' id='word_1_185' title='bbox 2472 2158 2722 2218; x_wconf 86' lang='lat' dir='ltr'><strong>semper</strong></span> <span class='ocrx_word' id='word_1_186' title='bbox 2751 2139 3332 2216; x_wconf 87' lang='lat' dir='ltr'><strong>interpunctionem</strong></span> <span class='ocrx_word' id='word_1_187' title='bbox 3378 2140 3671 2209; x_wconf 88' lang='lat' dir='ltr'><strong>retinuit,</strong></span> 
     </span>
    </p>
   </div>
   <div class='ocr_carea' id='block_1_20' title="bbox 472 2237 3668 2320">
    <p class='ocr_par' dir='ltr' id='par_1_20' title="bbox 472 2237 3668 2320">
     <span class='ocr_line' id='line_1_20' title="bbox 472 2237 3668 2320; baseline 0.002 -26"><span class='ocrx_word' id='word_1_188' title='bbox 472 2252 660 2312; x_wconf 88' lang='lat' dir='ltr'><strong>quam</strong></span> <span class='ocrx_word' id='word_1_189' title='bbox 710 2237 773 2296; x_wconf 93' lang='lat' dir='ltr'><strong>in</strong></span> <span class='ocrx_word' id='word_1_190' title='bbox 828 2239 1282 2316; x_wconf 87' lang='lat' dir='ltr'><strong>manuscriptis</strong></span> <span class='ocrx_word' id='word_1_191' title='bbox 1331 2237 1805 2314; x_wconf 77' lang='lat' dir='ltr'><strong>exemplaribus</strong></span> <span class='ocrx_word' id='word_1_192' title='bbox 1843 2240 2201 2301; x_wconf 87' lang='lat' dir='ltr'><strong>invenerat.</strong></span> <span class='ocrx_word' id='word_1_193' title='bbox 2236 2244 2308 2301; x_wconf 81' lang='lat' dir='ltr'><strong>Et</strong></span> <span class='ocrx_word' id='word_1_194' title='bbox 2344 2242 2622 2318; x_wconf 89' lang='lat' dir='ltr'><strong>virgulas</strong></span> <span class='ocrx_word' id='word_1_195' title='bbox 2655 2242 2911 2320; x_wconf 87' lang='lat' dir='ltr'><strong>quidem</strong></span> <span class='ocrx_word' id='word_1_196' title='bbox 2946 2241 3115 2319; x_wconf 89' lang='lat' dir='ltr'><strong>quod</strong></span> <span class='ocrx_word' id='word_1_197' title='bbox 3167 2243 3425 2313; x_wconf 89' lang='lat' dir='ltr'><strong>attinet,</strong></span> <span class='ocrx_word' id='word_1_198' title='bbox 3474 2242 3668 2302; x_wconf 88' lang='lat' dir='ltr'><strong>nolim</strong></span> 
     </span>
    </p>
   </div>
   <div class='ocr_carea' id='block_1_21' title="bbox 472 2332 3676 2412">
    <p class='ocr_par' dir='ltr' id='par_1_21' title="bbox 472 2332 3676 2412">
     <span class='ocr_line' id='line_1_21' title="bbox 472 2332 3676 2412; baseline 0 -18"><span class='ocrx_word' id='word_1_199' title='bbox 472 2349 577 2394; x_wconf 84' lang='lat' dir='ltr'><strong>eas</strong></span> <span class='ocrx_word' id='word_1_200' title='bbox 609 2332 930 2395; x_wconf 89' lang='lat' dir='ltr'><strong>damnare.</strong></span> <span class='ocrx_word' id='word_1_201' title='bbox 976 2337 1199 2397; x_wconf 88' lang='lat' dir='ltr'><strong>Parum</strong></span> <span class='ocrx_word' id='word_1_202' title='bbox 1247 2335 1417 2394; x_wconf 90' lang='lat' dir='ltr'><strong>enim</strong></span> <span class='ocrx_word' id='word_1_203' title='bbox 1475 2334 1759 2405; x_wconf 88' lang='lat' dir='ltr'><strong>interest,</strong></span> <span class='ocrx_word' id='word_1_204' title='bbox 1796 2353 1984 2412; x_wconf 88' lang='lat' dir='ltr'><strong>quam</strong></span> <span class='ocrx_word' id='word_1_205' title='bbox 2042 2345 2252 2397; x_wconf 91' lang='lat' dir='ltr'><strong>notam</strong></span> <span class='ocrx_word' id='word_1_206' title='bbox 2292 2338 2710 2398; x_wconf 84' lang='lat' dir='ltr'><strong>adhibeamus</strong></span> <span class='ocrx_word' id='word_1_207' title='bbox 2746 2338 2818 2397; x_wconf 91' lang='lat' dir='ltr'><strong>ad</strong></span> <span class='ocrx_word' id='word_1_208' title='bbox 2857 2336 3457 2397; x_wconf 89' lang='lat' dir='ltr'><strong>subdistinctionem</strong></span> <span class='ocrx_word' id='word_1_209' title='bbox 3506 2337 3676 2396; x_wconf 74' lang='lat' dir='ltr'><strong>desi.</strong></span> 
     </span>
    </p>
   </div>
   <div class='ocr_carea' id='block_1_22' title="bbox 471 2432 3673 2516">
    <p class='ocr_par' dir='ltr' id='par_1_22' title="bbox 471 2432 3673 2516">
     <span class='ocr_line' id='line_1_22' title="bbox 471 2432 3673 2516; baseline 0.002 -24"><span class='ocrx_word' id='word_1_210' title='bbox 471 2433 813 2511; x_wconf 86' lang='lat' dir='ltr'><strong>gnandam,</strong></span> <span class='ocrx_word' id='word_1_211' title='bbox 847 2434 1036 2516; x_wconf 83' lang='lat' dir='ltr'><strong>modo</strong></span> <span class='ocrx_word' id='word_1_212' title='bbox 1068 2453 1137 2495; x_wconf 92' lang='lat' dir='ltr'><strong>ea</strong></span> <span class='ocrx_word' id='word_1_213' title='bbox 1174 2440 1322 2493; x_wconf 89' lang='lat' dir='ltr'><strong>nota</strong></span> <span class='ocrx_word' id='word_1_214' title='bbox 1359 2434 1431 2494; x_wconf 87' lang='lat' dir='ltr'><strong>ad</strong></span> <span class='ocrx_word' id='word_1_215' title='bbox 1474 2432 1676 2508; x_wconf 64' lang='lat' dir='ltr'><strong>pedes,</strong></span> <span class='ocrx_word' id='word_1_216' title='bbox 1709 2444 2058 2510; x_wconf 85' lang='lat' dir='ltr'><strong>apponatur</strong></span> <span class='ocrx_word' id='word_1_217' title='bbox 2090 2437 2334 2497; x_wconf 66' lang='lat' dir='ltr'><strong>litterae.</strong></span> <span class='ocrx_word' id='word_1_218' title='bbox 2387 2437 2569 2496; x_wconf 89' lang='lat' dir='ltr'><strong>Certe</strong></span> <span class='ocrx_word' id='word_1_219' title='bbox 2601 2437 2662 2496; x_wconf 93' lang='lat' dir='ltr'><strong>in</strong></span> <span class='ocrx_word' id='word_1_220' title='bbox 2714 2438 2958 2513; x_wconf 83' lang='lat' dir='ltr'><strong>Optimo</strong></span> <span class='ocrx_word' id='word_1_221' title='bbox 3008 2436 3119 2497; x_wconf 91' lang='lat' dir='ltr'><strong>illo</strong></span> <span class='ocrx_word' id='word_1_222' title='bbox 3148 2455 3215 2497; x_wconf 88' lang='lat' dir='ltr'><strong>ac</strong></span> <span class='ocrx_word' id='word_1_223' title='bbox 3247 2437 3673 2498; x_wconf 89' lang='lat' dir='ltr'><strong>vetustissimo</strong></span> 
     </span>
    </p>
   </div>
   <div class='ocr_carea' id='block_1_23' title="bbox 470 2532 3669 2612">
    <p class='ocr_par' dir='ltr' id='par_1_23' title="bbox 470 2532 3669 2612">
     <span class='ocr_line' id='line_1_23' title="bbox 470 2532 3669 2612; baseline 0.001 -22"><span class='ocrx_word' id='word_1_224' title='bbox 470 2533 689 2595; x_wconf 84' lang='lat' dir='ltr'><strong>codice</strong></span> <span class='ocrx_word' id='word_1_225' title='bbox 718 2532 1125 2595; x_wconf 63' lang='lat' dir='ltr'><strong>bibliothecae</strong></span> <span class='ocrx_word' id='word_1_226' title='bbox 1155 2533 1513 2602; x_wconf 67' lang='lat' dir='ltr'><strong>Mazarinm.</strong></span> <span class='ocrx_word' id='word_1_227' title='bbox 1545 2533 1729 2608; x_wconf 80' lang='lat' dir='ltr'><strong>cujus</strong></span> <span class='ocrx_word' id='word_1_228' title='bbox 1761 2540 1946 2594; x_wconf 85' lang='lat' dir='ltr'><strong>antea</strong></span> <span class='ocrx_word' id='word_1_229' title='bbox 1981 2536 2372 2595; x_wconf 86' lang='lat' dir='ltr'><strong>mentionem</strong></span> <span class='ocrx_word' id='word_1_230' title='bbox 2405 2535 2549 2607; x_wconf 84' lang='lat' dir='ltr'><strong>feci,</strong></span> <span class='ocrx_word' id='word_1_231' title='bbox 2583 2536 2900 2595; x_wconf 88' lang='lat' dir='ltr'><strong>interdum</strong></span> <span class='ocrx_word' id='word_1_232' title='bbox 2939 2550 3053 2612; x_wconf 90' lang='lat' dir='ltr'><strong>pro</strong></span> <span class='ocrx_word' id='word_1_233' title='bbox 3087 2534 3315 2604; x_wconf 82' lang='lat' dir='ltr'><strong>media,</strong></span> <span class='ocrx_word' id='word_1_234' title='bbox 3356 2534 3669 2599; x_wconf 87' lang='lat' dir='ltr'><strong>interdum</strong></span> 
     </span>
    </p>
   </div>
   <div class='ocr_carea' id='block_1_24' title="bbox 471 2629 3671 2706">
    <p class='ocr_par' dir='ltr' id='par_1_24' title="bbox 471 2629 3671 2706">
     <span class='ocr_line' id='line_1_24' title="bbox 471 2629 3671 2706; baseline 0.003 -19"><span class='ocrx_word' id='word_1_235' title='bbox 471 2645 581 2703; x_wconf 88' lang='lat' dir='ltr'><strong>pro</strong></span> <span class='ocrx_word' id='word_1_236' title='bbox 616 2629 783 2693; x_wconf 86' lang='lat' dir='ltr'><strong>ﬁnali</strong></span> <span class='ocrx_word' id='word_1_237' title='bbox 824 2629 1237 2690; x_wconf 87' lang='lat' dir='ltr'><strong>distinctione</strong></span> <span class='ocrx_word' id='word_1_238' title='bbox 1267 2629 1574 2705; x_wconf 83' lang='lat' dir='ltr'><strong>virgulam</strong></span> <span class='ocrx_word' id='word_1_239' title='bbox 1610 2629 1959 2705; x_wconf 84' lang='lat' dir='ltr'><strong>appositam</strong></span> <span class='ocrx_word' id='word_1_240' title='bbox 2015 2631 2243 2705; x_wconf 90' lang='lat' dir='ltr'><strong>reperi,</strong></span> <span class='ocrx_word' id='word_1_241' title='bbox 2278 2632 2339 2691; x_wconf 93' lang='lat' dir='ltr'><strong>id</strong></span> <span class='ocrx_word' id='word_1_242' title='bbox 2376 2638 2493 2699; x_wconf 86' lang='lat' dir='ltr'><strong>est,</strong></span> <span class='ocrx_word' id='word_1_243' title='bbox 2528 2651 2701 2693; x_wconf 88' lang='lat' dir='ltr'><strong>nunc</strong></span> <span class='ocrx_word' id='word_1_244' title='bbox 2744 2633 2816 2692; x_wconf 93' lang='lat' dir='ltr'><strong>ad</strong></span> <span class='ocrx_word' id='word_1_245' title='bbox 2869 2635 3140 2694; x_wconf 90' lang='lat' dir='ltr'><strong>mediam</strong></span> <span class='ocrx_word' id='word_1_246' title='bbox 3175 2636 3469 2706; x_wconf 89' lang='lat' dir='ltr'><strong>litteram,</strong></span> <span class='ocrx_word' id='word_1_247' title='bbox 3504 2652 3671 2694; x_wconf 85' lang='lat' dir='ltr'><strong>nunc</strong></span> 
     </span>
    </p>
   </div>
   <div class='ocr_carea' id='block_1_25' title="bbox 468 2726 3673 2813">
    <p class='ocr_par' dir='ltr' id='par_1_25' title="bbox 468 2726 3673 2813">
     <span class='ocr_line' id='line_1_25' title="bbox 468 2726 3673 2813; baseline 0.001 -23"><span class='ocrx_word' id='word_1_248' title='bbox 468 2726 543 2790; x_wconf 74' lang='lat' dir='ltr'><strong>ad</strong></span> <span class='ocrx_word' id='word_1_249' title='bbox 577 2745 909 2788; x_wconf 89' lang='lat' dir='ltr'><strong>summam.</strong></span> <span class='ocrx_word' id='word_1_250' title='bbox 945 2728 1072 2793; x_wconf 86' lang='lat' dir='ltr'><strong>Nec</strong></span> <span class='ocrx_word' id='word_1_251' title='bbox 1108 2731 1313 2792; x_wconf 89' lang='lat' dir='ltr'><strong>solum</strong></span> <span class='ocrx_word' id='word_1_252' title='bbox 1351 2734 1617 2808; x_wconf 83' lang='lat' dir='ltr'><strong>virgula,</strong></span> <span class='ocrx_word' id='word_1_253' title='bbox 1661 2749 1878 2791; x_wconf 89' lang='lat' dir='ltr'><strong>verum</strong></span> <span class='ocrx_word' id='word_1_254' title='bbox 1913 2732 2101 2791; x_wconf 89' lang='lat' dir='ltr'><strong>etiam</strong></span> <span class='ocrx_word' id='word_1_255' title='bbox 2160 2734 2404 2794; x_wconf 80' lang='lat' dir='ltr'><strong>sicilico</strong></span> <span class='ocrx_word' id='word_1_256' title='bbox 2437 2750 2552 2795; x_wconf 89' lang='lat' dir='ltr'><strong>seu</strong></span> <span class='ocrx_word' id='word_1_257' title='bbox 2585 2740 2723 2812; x_wconf 71' lang='grc' dir='ltr'><strong>ἁπλῇ</strong></span> <span class='ocrx_word' id='word_1_258' title='bbox 2757 2743 2974 2795; x_wconf 76' lang='lat' dir='ltr'><strong>aVersa</strong></span> <span class='ocrx_word' id='word_1_259' title='bbox 3008 2753 3466 2813; x_wconf 86' lang='lat' dir='ltr'><strong>nonnunquam</strong></span> <span class='ocrx_word' id='word_1_260' title='bbox 3505 2735 3673 2795; x_wconf 51' lang='lat' dir='ltr'><strong>desi-</strong></span> 
     </span>
    </p>
   </div>
   <div class='ocr_carea' id='block_1_26' title="bbox 467 2819 3670 2914">
    <p class='ocr_par' dir='ltr' id='par_1_26' title="bbox 467 2819 3670 2914">
     <span class='ocr_line' id='line_1_26' title="bbox 467 2819 3670 2914; baseline 0.003 -29"><span class='ocrx_word' id='word_1_261' title='bbox 467 2826 778 2901; x_wconf 88' lang='lat' dir='ltr'><strong>gnabatur</strong></span> <span class='ocrx_word' id='word_1_262' title='bbox 828 2819 1032 2907; x_wconf 87' lang='lat' dir='ltr'><strong>media</strong></span> <span class='ocrx_word' id='word_1_263' title='bbox 1072 2830 1423 2902; x_wconf 85' lang='lat' dir='ltr'><strong>distinctio,</strong></span> <span class='ocrx_word' id='word_1_264' title='bbox 1488 2839 1553 2892; x_wconf 91' lang='lat' dir='ltr'><strong>ut</strong></span> <span class='ocrx_word' id='word_1_265' title='bbox 1610 2832 1794 2891; x_wconf 89' lang='lat' dir='ltr'><strong>docet</strong></span> <span class='ocrx_word' id='word_1_266' title='bbox 1825 2831 2190 2892; x_wconf 84' lang='lat' dir='ltr'><strong>Victorinus</strong></span> <span class='ocrx_word' id='word_1_267' title='bbox 2256 2832 2319 2892; x_wconf 91' lang='lat' dir='ltr'><strong>in</strong></span> <span class='ocrx_word' id='word_1_268' title='bbox 2371 2833 2576 2895; x_wconf 70' lang='lat' dir='ltr'><strong>libro:</strong></span> <span class='ocrx_word' id='word_1_269' title='bbox 2617 2835 2790 2893; x_wconf 80' lang='lat' dir='ltr'><strong>Artis</strong></span> <span class='ocrx_word' id='word_1_270' title='bbox 2828 2836 3254 2914; x_wconf 68' lang='lat' dir='ltr'><strong>grammaticae.</strong></span> <span class='ocrx_word' id='word_1_271' title='bbox 3311 2834 3493 2906; x_wconf 91' lang='lat' dir='ltr'><strong>Quod</strong></span> <span class='ocrx_word' id='word_1_272' title='bbox 3524 2850 3670 2895; x_wconf 87' lang='lat' dir='ltr'><strong>vero</strong></span> 
     </span>
    </p>
   </div>
   <div class='ocr_carea' id='block_1_27' title="bbox 465 2932 3670 3014">
    <p class='ocr_par' dir='ltr' id='par_1_27' title="bbox 465 2932 3670 3014">
     <span class='ocr_line' id='line_1_27' title="bbox 465 2932 3670 3014; baseline 0.002 -24"><span class='ocrx_word' id='word_1_273' title='bbox 465 2948 585 3012; x_wconf 90' lang='lat' dir='ltr'><strong>pro</strong></span> <span class='ocrx_word' id='word_1_274' title='bbox 621 2932 787 2993; x_wconf 86' lang='lat' dir='ltr'><strong>ﬁnali</strong></span> <span class='ocrx_word' id='word_1_275' title='bbox 823 2932 1244 3009; x_wconf 89' lang='lat' dir='ltr'><strong>distinctione</strong></span> <span class='ocrx_word' id='word_1_276' title='bbox 1285 2935 1476 2996; x_wconf 90' lang='lat' dir='ltr'><strong>hodie</strong></span> <span class='ocrx_word' id='word_1_277' title='bbox 1508 2941 1809 3010; x_wconf 87' lang='lat' dir='ltr'><strong>punctum</strong></span> <span class='ocrx_word' id='word_1_278' title='bbox 1850 2934 1921 2992; x_wconf 92' lang='lat' dir='ltr'><strong>ad</strong></span> <span class='ocrx_word' id='word_1_279' title='bbox 1947 2934 2152 3010; x_wconf 87' lang='lat' dir='ltr'><strong>.pedes</strong></span> <span class='ocrx_word' id='word_1_280' title='bbox 2188 2935 2409 2997; x_wconf 83' lang='lat' dir='ltr'><strong>litterae</strong></span> <span class='ocrx_word' id='word_1_281' title='bbox 2443 2937 2765 3012; x_wconf 84' lang='lat' dir='ltr'><strong>ponimus,</strong></span> <span class='ocrx_word' id='word_1_282' title='bbox 2817 2938 2905 3007; x_wconf 89' lang='lat' dir='ltr'><strong>id,</strong></span> <span class='ocrx_word' id='word_1_283' title='bbox 2936 2953 3075 2996; x_wconf 91' lang='lat' dir='ltr'><strong>meo</strong></span> <span class='ocrx_word' id='word_1_284' title='bbox 3108 2937 3367 3014; x_wconf 88' lang='lat' dir='ltr'><strong>quidem</strong></span> <span class='ocrx_word' id='word_1_285' title='bbox 3400 2937 3670 3014; x_wconf 86' lang='lat' dir='ltr'><strong>judicio,</strong></span> 
     </span>
    </p>
   </div>
   <div class='ocr_carea' id='block_1_28' title="bbox 465 3031 3684 3110">
    <p class='ocr_par' dir='ltr' id='par_1_28' title="bbox 465 3031 3684 3110">
     <span class='ocr_line' id='line_1_28' title="bbox 465 3031 3684 3110; baseline 0.002 -19"><span class='ocrx_word' id='word_1_286' title='bbox 465 3031 616 3092; x_wconf 85' lang='lat' dir='ltr'><strong>ferri</strong></span> <span class='ocrx_word' id='word_1_287' title='bbox 662 3032 1029 3093; x_wconf 87' lang='lat' dir='ltr'><strong>nullatenus</strong></span> <span class='ocrx_word' id='word_1_288' title='bbox 1081 3040 1311 3110; x_wconf 84' lang='lat' dir='ltr'><strong>potest.</strong></span> <span class='ocrx_word' id='word_1_289' title='bbox 1362 3034 1582 3108; x_wconf 89' lang='lat' dir='ltr'><strong>Neque</strong></span> <span class='ocrx_word' id='word_1_290' title='bbox 1627 3032 1798 3092; x_wconf 86' lang='lat' dir='ltr'><strong>enim</strong></span> <span class='ocrx_word' id='word_1_291' title='bbox 1851 3031 2057 3090; x_wconf 89' lang='lat' dir='ltr'><strong>solum</strong></span> <span class='ocrx_word' id='word_1_292' title='bbox 2111 3034 2408 3092; x_wconf 80' lang='lat' dir='ltr'><strong>vetustati</strong></span> <span class='ocrx_word' id='word_1_293' title='bbox 2452 3033 2511 3092; x_wconf 88' lang='lat' dir='ltr'><strong>id</strong></span> <span class='ocrx_word' id='word_1_294' title='bbox 2564 3041 2895 3110; x_wconf 72' lang='lat' dir='ltr'><strong>repugnat,</strong></span> <span class='ocrx_word' id='word_1_295' title='bbox 2933 3052 3146 3094; x_wconf 86' lang='lat' dir='ltr'><strong>verum</strong></span> <span class='ocrx_word' id='word_1_296' title='bbox 3184 3036 3367 3094; x_wconf 86' lang='lat' dir='ltr'><strong>etiam</strong></span> <span class='ocrx_word' id='word_1_297' title='bbox 3418 3036 3684 3101; x_wconf 71' lang='lat' dir='ltr'><strong>rationi.</strong></span> 
     </span>
    </p>
   </div>
   <div class='ocr_carea' id='block_1_29' title="bbox 464 3131 3666 3213">
    <p class='ocr_par' dir='ltr' id='par_1_29' title="bbox 464 3131 3666 3213">
     <span class='ocr_line' id='line_1_29' title="bbox 464 3131 3666 3213; baseline 0 -20"><span class='ocrx_word' id='word_1_298' title='bbox 464 3135 712 3213; x_wconf 86' lang='lat' dir='ltr'><strong>Quippe</strong></span> <span class='ocrx_word' id='word_1_299' title='bbox 747 3132 904 3194; x_wconf 87' lang='lat' dir='ltr'><strong>ratio</strong></span> <span class='ocrx_word' id='word_1_300' title='bbox 956 3141 1256 3211; x_wconf 68' lang='lat' dir='ltr'><strong>postulat,</strong></span> <span class='ocrx_word' id='word_1_301' title='bbox 1294 3139 1360 3192; x_wconf 91' lang='lat' dir='ltr'><strong>ut</strong></span> <span class='ocrx_word' id='word_1_302' title='bbox 1392 3139 1538 3197; x_wconf 86' lang='lat' dir='ltr'><strong>nota</strong></span> <span class='ocrx_word' id='word_1_303' title='bbox 1570 3131 1793 3192; x_wconf 90' lang='lat' dir='ltr'><strong>eodem</strong></span> <span class='ocrx_word' id='word_1_304' title='bbox 1845 3131 1969 3190; x_wconf 89' lang='lat' dir='ltr'><strong>situ</strong></span> <span class='ocrx_word' id='word_1_305' title='bbox 2020 3131 2219 3207; x_wconf 88' lang='lat' dir='ltr'><strong>posita</strong></span> <span class='ocrx_word' id='word_1_306' title='bbox 2269 3134 2554 3192; x_wconf 89' lang='lat' dir='ltr'><strong>eamdem</strong></span> <span class='ocrx_word' id='word_1_307' title='bbox 2603 3132 2893 3209; x_wconf 87' lang='lat' dir='ltr'><strong>designet</strong></span> <span class='ocrx_word' id='word_1_308' title='bbox 2940 3132 3437 3194; x_wconf 84' lang='lat' dir='ltr'><strong>distinctionem.</strong></span> <span class='ocrx_word' id='word_1_309' title='bbox 3494 3135 3666 3193; x_wconf 87' lang='lat' dir='ltr'><strong>Pun-</strong></span> 
     </span>
    </p>
   </div>
   <div class='ocr_carea' id='block_1_30' title="bbox 467 3222 3671 3312">
    <p class='ocr_par' dir='ltr' id='par_1_30' title="bbox 467 3222 3671 3312">
     <span class='ocr_line' id='line_1_30' title="bbox 467 3222 3671 3312; baseline -0 -21"><span class='ocrx_word' id='word_1_310' title='bbox 467 3238 633 3291; x_wconf 88' lang='lat' dir='ltr'><strong>ctum</strong></span> <span class='ocrx_word' id='word_1_311' title='bbox 672 3230 869 3308; x_wconf 80' lang='lat' dir='ltr'><strong>igitur</strong></span> <span class='ocrx_word' id='word_1_312' title='bbox 901 3231 961 3291; x_wconf 92' lang='lat' dir='ltr'><strong>in</strong></span> <span class='ocrx_word' id='word_1_313' title='bbox 1000 3232 1124 3292; x_wconf 89' lang='lat' dir='ltr'><strong>ima</strong></span> <span class='ocrx_word' id='word_1_314' title='bbox 1160 3236 1332 3305; x_wconf 85' lang='lat' dir='ltr'><strong>parte</strong></span> <span class='ocrx_word' id='word_1_315' title='bbox 1370 3229 1675 3307; x_wconf 86' lang='lat' dir='ltr'><strong>positum,</strong></span> <span class='ocrx_word' id='word_1_316' title='bbox 1717 3228 1884 3286; x_wconf 91' lang='lat' dir='ltr'><strong>idem</strong></span> <span class='ocrx_word' id='word_1_317' title='bbox 1920 3228 2276 3303; x_wconf 87' lang='lat' dir='ltr'><strong>signiﬁcare</strong></span> <span class='ocrx_word' id='word_1_318' title='bbox 2301 3229 2513 3298; x_wconf 87' lang='lat' dir='ltr'><strong>debet,</strong></span> <span class='ocrx_word' id='word_1_319' title='bbox 2547 3222 2711 3306; x_wconf 79' lang='lat' dir='ltr'><strong>quod</strong></span> <span class='ocrx_word' id='word_1_320' title='bbox 2746 3231 2984 3308; x_wconf 90' lang='lat' dir='ltr'><strong>virgula</strong></span> <span class='ocrx_word' id='word_1_321' title='bbox 3017 3252 3159 3312; x_wconf 62' lang='lat' dir='ltr'><strong>quae</strong></span> <span class='ocrx_word' id='word_1_322' title='bbox 3182 3236 3252 3295; x_wconf 88' lang='lat' dir='ltr'><strong>ad</strong></span> <span class='ocrx_word' id='word_1_323' title='bbox 3290 3236 3474 3295; x_wconf 88' lang='lat' dir='ltr'><strong>imam</strong></span> <span class='ocrx_word' id='word_1_324' title='bbox 3504 3236 3671 3295; x_wconf 69' lang='lat' dir='ltr'><strong>litte-</strong></span> 
     </span>
    </p>
   </div>
   <div class='ocr_carea' id='block_1_31' title="bbox 462 3326 3670 3415">
    <p class='ocr_par' dir='ltr' id='par_1_31' title="bbox 462 3326 3670 3415">
     <span class='ocr_line' id='line_1_31' title="bbox 462 3326 3670 3415; baseline 0.002 -24"><span class='ocrx_word' id='word_1_325' title='bbox 462 3349 595 3401; x_wconf 59' lang='lat' dir='ltr'><strong>ram</strong></span> <span class='ocrx_word' id='word_1_326' title='bbox 636 3339 845 3391; x_wconf 89' lang='lat' dir='ltr'><strong>notata</strong></span> <span class='ocrx_word' id='word_1_327' title='bbox 876 3343 995 3393; x_wconf 87' lang='lat' dir='ltr'><strong>est.</strong></span> <span class='ocrx_word' id='word_1_328' title='bbox 1033 3333 1255 3407; x_wconf 88' lang='lat' dir='ltr'><strong>Neque</strong></span> <span class='ocrx_word' id='word_1_329' title='bbox 1289 3328 1457 3389; x_wconf 91' lang='lat' dir='ltr'><strong>enim</strong></span> <span class='ocrx_word' id='word_1_330' title='bbox 1494 3333 1638 3387; x_wconf 88' lang='lat' dir='ltr'><strong>nota</strong></span> <span class='ocrx_word' id='word_1_331' title='bbox 1669 3326 1829 3403; x_wconf 76' lang='lat' dir='ltr'><strong>ipsa,</strong></span> <span class='ocrx_word' id='word_1_332' title='bbox 1867 3329 1974 3386; x_wconf 89' lang='lat' dir='ltr'><strong>sed</strong></span> <span class='ocrx_word' id='word_1_333' title='bbox 2012 3337 2177 3389; x_wconf 66' lang='lat' dir='ltr'><strong>notae</strong></span> <span class='ocrx_word' id='word_1_334' title='bbox 2212 3330 2373 3389; x_wconf 88' lang='lat' dir='ltr'><strong>situs</strong></span> <span class='ocrx_word' id='word_1_335' title='bbox 2406 3331 2607 3391; x_wconf 88' lang='lat' dir='ltr'><strong>variat</strong></span> <span class='ocrx_word' id='word_1_336' title='bbox 2639 3332 3150 3397; x_wconf 85' lang='lat' dir='ltr'><strong>distinctionem.</strong></span> <span class='ocrx_word' id='word_1_337' title='bbox 3186 3340 3271 3397; x_wconf 81' lang='lat' dir='ltr'><strong>Ex</strong></span> <span class='ocrx_word' id='word_1_338' title='bbox 3312 3355 3439 3415; x_wconf 91' lang='lat' dir='ltr'><strong>quo</strong></span> <span class='ocrx_word' id='word_1_339' title='bbox 3471 3336 3670 3400; x_wconf 76' lang='lat' dir='ltr'><strong>efﬁci-</strong></span> 
     </span>
    </p>
   </div>
   <div class='ocr_carea' id='block_1_32' title="bbox 464 3430 3665 3518">
    <p class='ocr_par' dir='ltr' id='par_1_32' title="bbox 464 3430 3665 3518">
     <span class='ocr_line' id='line_1_32' title="bbox 464 3430 3665 3518; baseline 0.002 -24"><span class='ocrx_word' id='word_1_340' title='bbox 464 3442 589 3505; x_wconf 83' lang='lat' dir='ltr'><strong>tur,</strong></span> <span class='ocrx_word' id='word_1_341' title='bbox 622 3434 872 3507; x_wconf 71' lang='lat' dir='ltr'><strong>ﬁnalem</strong></span> <span class='ocrx_word' id='word_1_342' title='bbox 907 3433 1386 3495; x_wconf 86' lang='lat' dir='ltr'><strong>distinctionem</strong></span> <span class='ocrx_word' id='word_1_343' title='bbox 1428 3446 1556 3490; x_wconf 90' lang='lat' dir='ltr'><strong>non</strong></span> <span class='ocrx_word' id='word_1_344' title='bbox 1610 3436 1777 3489; x_wconf 88' lang='lat' dir='ltr'><strong>recte</strong></span> <span class='ocrx_word' id='word_1_345' title='bbox 1808 3449 1837 3487; x_wconf 92' lang='lat' dir='ltr'><strong>a</strong></span> <span class='ocrx_word' id='word_1_346' title='bbox 1874 3430 2059 3489; x_wconf 88' lang='lat' dir='ltr'><strong>nobis</strong></span> <span class='ocrx_word' id='word_1_347' title='bbox 2109 3431 2431 3507; x_wconf 86' lang='lat' dir='ltr'><strong>designari</strong></span> <span class='ocrx_word' id='word_1_348' title='bbox 2481 3443 2714 3508; x_wconf 89' lang='lat' dir='ltr'><strong>punctu</strong></span> <span class='ocrx_word' id='word_1_349' title='bbox 2750 3437 2825 3497; x_wconf 89' lang='lat' dir='ltr'><strong>ad</strong></span> <span class='ocrx_word' id='word_1_350' title='bbox 2878 3439 3066 3513; x_wconf 85' lang='lat' dir='ltr'><strong>pedes</strong></span> <span class='ocrx_word' id='word_1_351' title='bbox 3104 3440 3325 3500; x_wconf 63' lang='lat' dir='ltr'><strong>littera;</strong></span> <span class='ocrx_word' id='word_1_352' title='bbox 3354 3441 3665 3518; x_wconf 85' lang='lat' dir='ltr'><strong>apposito.</strong></span> 
     </span>
    </p>
   </div>
   <div class='ocr_carea' id='block_1_33' title="bbox 460 3527 3668 3617">
    <p class='ocr_par' dir='ltr' id='par_1_33' title="bbox 460 3527 3668 3617">
     <span class='ocr_line' id='line_1_33' title="bbox 460 3527 3668 3617; baseline 0 -22"><span class='ocrx_word' id='word_1_353' title='bbox 460 3535 671 3617; x_wconf 86' lang='lat' dir='ltr'><strong>Quare</strong></span> <span class='ocrx_word' id='word_1_354' title='bbox 704 3551 831 3594; x_wconf 90' lang='lat' dir='ltr'><strong>non</strong></span> <span class='ocrx_word' id='word_1_355' title='bbox 866 3534 1003 3594; x_wconf 88' lang='lat' dir='ltr'><strong>sine</strong></span> <span class='ocrx_word' id='word_1_356' title='bbox 1033 3549 1219 3594; x_wconf 91' lang='lat' dir='ltr'><strong>causa</strong></span> <span class='ocrx_word' id='word_1_357' title='bbox 1254 3534 1531 3589; x_wconf 84' lang='lat' dir='ltr'><strong>veterem</strong></span> <span class='ocrx_word' id='word_1_358' title='bbox 1571 3527 2070 3605; x_wconf 84' lang='lat' dir='ltr'><strong>interpungendi</strong></span> <span class='ocrx_word' id='word_1_359' title='bbox 2100 3528 2403 3613; x_wconf 82' lang='lat' dir='ltr'><strong>rationem</strong></span> <span class='ocrx_word' id='word_1_360' title='bbox 2436 3531 2500 3589; x_wconf 90' lang='lat' dir='ltr'><strong>in</strong></span> <span class='ocrx_word' id='word_1_361' title='bbox 2549 3532 2664 3593; x_wconf 88' lang='lat' dir='ltr'><strong>hac</strong></span> <span class='ocrx_word' id='word_1_362' title='bbox 2698 3534 2982 3597; x_wconf 88' lang='lat' dir='ltr'><strong>editione</strong></span> <span class='ocrx_word' id='word_1_363' title='bbox 3024 3537 3359 3598; x_wconf 84' lang='lat' dir='ltr'><strong>restituere</strong></span> <span class='ocrx_word' id='word_1_364' title='bbox 3384 3555 3521 3598; x_wconf 92' lang='lat' dir='ltr'><strong>sum</strong></span> <span class='ocrx_word' id='word_1_365' title='bbox 3563 3555 3668 3599; x_wconf 83' lang='lat' dir='ltr'><strong>co-</strong></span> 
     </span>
    </p>
   </div>
   <div class='ocr_carea' id='block_1_34' title="bbox 462 3629 3659 3714">
    <p class='ocr_par' dir='ltr' id='par_1_34' title="bbox 462 3629 3659 3714">
     <span class='ocr_line' id='line_1_34' title="bbox 462 3629 3659 3714; baseline 0.005 -25"><span class='ocrx_word' id='word_1_366' title='bbox 462 3643 668 3699; x_wconf 83' lang='lat' dir='ltr'><strong>natus.</strong></span> <span class='ocrx_word' id='word_1_367' title='bbox 702 3636 793 3710; x_wconf 64' lang='lat' dir='ltr'><strong>Ac</strong></span> <span class='ocrx_word' id='word_1_368' title='bbox 820 3636 1134 3714; x_wconf 86' lang='lat' dir='ltr'><strong>virgulam</strong></span> <span class='ocrx_word' id='word_1_369' title='bbox 1178 3632 1437 3709; x_wconf 88' lang='lat' dir='ltr'><strong>quidem</strong></span> <span class='ocrx_word' id='word_1_370' title='bbox 1472 3629 1671 3705; x_wconf 89' lang='lat' dir='ltr'><strong>ipsam</strong></span> <span class='ocrx_word' id='word_1_371' title='bbox 1708 3630 1970 3698; x_wconf 87' lang='lat' dir='ltr'><strong>retinui,</strong></span> <span class='ocrx_word' id='word_1_372' title='bbox 1998 3629 2237 3708; x_wconf 85' lang='lat' dir='ltr'><strong>quippe</strong></span> <span class='ocrx_word' id='word_1_373' title='bbox 2262 3649 2401 3711; x_wconf 72' lang='lat' dir='ltr'><strong>quae</strong></span> <span class='ocrx_word' id='word_1_374' title='bbox 2438 3634 2500 3693; x_wconf 93' lang='lat' dir='ltr'><strong>in</strong></span> <span class='ocrx_word' id='word_1_375' title='bbox 2532 3637 2896 3698; x_wconf 88' lang='lat' dir='ltr'><strong>denotanda</strong></span> <span class='ocrx_word' id='word_1_376' title='bbox 2926 3640 3462 3705; x_wconf 88' lang='lat' dir='ltr'><strong>subdistinctione</strong></span> <span class='ocrx_word' id='word_1_377' title='bbox 3494 3644 3659 3705; x_wconf 90' lang='lat' dir='ltr'><strong>idem</strong></span> 
     </span>
    </p>
   </div>
   <div class='ocr_carea' id='block_1_35' title="bbox 460 3728 3664 3811">
    <p class='ocr_par' dir='ltr' id='par_1_35' title="bbox 460 3728 3664 3811">
     <span class='ocr_line' id='line_1_35' title="bbox 460 3728 3664 3811; baseline 0.002 -16"><span class='ocrx_word' id='word_1_378' title='bbox 460 3731 663 3795; x_wconf 87' lang='lat' dir='ltr'><strong>valeat</strong></span> <span class='ocrx_word' id='word_1_379' title='bbox 693 3748 763 3791; x_wconf 90' lang='lat' dir='ltr'><strong>ac</strong></span> <span class='ocrx_word' id='word_1_380' title='bbox 797 3740 1135 3809; x_wconf 88' lang='lat' dir='ltr'><strong>punctum;</strong></span> <span class='ocrx_word' id='word_1_381' title='bbox 1172 3730 1443 3791; x_wconf 90' lang='lat' dir='ltr'><strong>mediam</strong></span> <span class='ocrx_word' id='word_1_382' title='bbox 1496 3743 1645 3790; x_wconf 90' lang='lat' dir='ltr'><strong>vero</strong></span> <span class='ocrx_word' id='word_1_383' title='bbox 1695 3728 2173 3789; x_wconf 89' lang='lat' dir='ltr'><strong>distinctionem</strong></span> <span class='ocrx_word' id='word_1_384' title='bbox 2213 3746 2289 3790; x_wconf 79' lang='lat' dir='ltr'><strong>ex</strong></span> <span class='ocrx_word' id='word_1_385' title='bbox 2331 3733 2902 3811; x_wconf 90' lang='lat' dir='ltr'><strong>manuscriptorum</strong></span> <span class='ocrx_word' id='word_1_386' title='bbox 2953 3739 3241 3799; x_wconf 89' lang='lat' dir='ltr'><strong>codicum</strong></span> <span class='ocrx_word' id='word_1_387' title='bbox 3290 3741 3664 3801; x_wconf 88' lang='lat' dir='ltr'><strong>auctoritate</strong></span> 
     </span>
    </p>
   </div>
   <div class='ocr_carea' id='block_1_36' title="bbox 459 3823 3663 3910">
    <p class='ocr_par' dir='ltr' id='par_1_36' title="bbox 459 3823 3663 3910">
     <span class='ocr_line' id='line_1_36' title="bbox 459 3823 3663 3910; baseline 0.004 -24"><span class='ocrx_word' id='word_1_388' title='bbox 459 3826 594 3886; x_wconf 86' lang='lat' dir='ltr'><strong>suis</strong></span> <span class='ocrx_word' id='word_1_389' title='bbox 625 3826 780 3887; x_wconf 90' lang='lat' dir='ltr'><strong>locis</strong></span> <span class='ocrx_word' id='word_1_390' title='bbox 810 3827 991 3905; x_wconf 85' lang='lat' dir='ltr'><strong>quasi</strong></span> <span class='ocrx_word' id='word_1_391' title='bbox 1036 3825 1433 3909; x_wconf 83' lang='lat' dir='ltr'><strong>postliminio</strong></span> <span class='ocrx_word' id='word_1_392' title='bbox 1468 3823 1747 3885; x_wconf 87' lang='lat' dir='ltr'><strong>restitui.</strong></span> <span class='ocrx_word' id='word_1_393' title='bbox 1786 3825 1994 3903; x_wconf 85' lang='lat' dir='ltr'><strong>Hujus</strong></span> <span class='ocrx_word' id='word_1_394' title='bbox 2026 3842 2220 3902; x_wconf 82' lang='lat' dir='ltr'><strong>porro</strong></span> <span class='ocrx_word' id='word_1_395' title='bbox 2267 3827 2600 3890; x_wconf 86' lang='lat' dir='ltr'><strong>utilitatem</strong></span> <span class='ocrx_word' id='word_1_396' title='bbox 2635 3849 2705 3891; x_wconf 90' lang='lat' dir='ltr'><strong>ac</strong></span> <span class='ocrx_word' id='word_1_397' title='bbox 2758 3837 3199 3899; x_wconf 88' lang='lat' dir='ltr'><strong>necessitatem</strong></span> <span class='ocrx_word' id='word_1_398' title='bbox 3253 3836 3553 3910; x_wconf 81' lang='lat' dir='ltr'><strong>studiosi,</strong></span> <span class='ocrx_word' id='word_1_399' title='bbox 3595 3846 3663 3898; x_wconf 89' lang='lat' dir='ltr'><strong>ut</strong></span> 
     </span>
    </p>
   </div>
   <div class='ocr_carea' id='block_1_37' title="bbox 458 3910 3665 4007">
    <p class='ocr_par' dir='ltr' id='par_1_37' title="bbox 458 3910 3665 4007">
     <span class='ocr_line' id='line_1_37' title="bbox 458 3910 3665 4007; baseline 0.003 -22"><span class='ocrx_word' id='word_1_400' title='bbox 458 3942 672 4001; x_wconf 81' lang='lat' dir='ltr'><strong>spero,</strong></span> <span class='ocrx_word' id='word_1_401' title='bbox 706 3926 1001 3988; x_wconf 86' lang='lat' dir='ltr'><strong>celeriter</strong></span> <span class='ocrx_word' id='word_1_402' title='bbox 1032 3935 1403 4003; x_wconf 88' lang='lat' dir='ltr'><strong>agnoscent.</strong></span> <span class='ocrx_word' id='word_1_403' title='bbox 1436 3927 1659 4004; x_wconf 88' lang='lat' dir='ltr'><strong>Neque</strong></span> <span class='ocrx_word' id='word_1_404' title='bbox 1693 3925 1862 3986; x_wconf 89' lang='lat' dir='ltr'><strong>enim</strong></span> <span class='ocrx_word' id='word_1_405' title='bbox 1894 3910 2103 3986; x_wconf 80' lang='lat' dir='ltr'><strong>solum</strong></span> <span class='ocrx_word' id='word_1_406' title='bbox 2140 3943 2217 3987; x_wconf 92' lang='lat' dir='ltr'><strong>eo</strong></span> <span class='ocrx_word' id='word_1_407' title='bbox 2251 3927 2410 3989; x_wconf 85' lang='lat' dir='ltr'><strong>valet</strong></span> <span class='ocrx_word' id='word_1_408' title='bbox 2444 3930 2647 3991; x_wconf 83' lang='lat' dir='ltr'><strong>media</strong></span> <span class='ocrx_word' id='word_1_409' title='bbox 2681 3930 2787 3992; x_wconf 86' lang='lat' dir='ltr'><strong>illa</strong></span> <span class='ocrx_word' id='word_1_410' title='bbox 2819 3933 3173 4007; x_wconf 88' lang='lat' dir='ltr'><strong>distinctio,</strong></span> <span class='ocrx_word' id='word_1_411' title='bbox 3210 3944 3275 3996; x_wconf 90' lang='lat' dir='ltr'><strong>ut</strong></span> <span class='ocrx_word' id='word_1_412' title='bbox 3306 3947 3665 3996; x_wconf 89' lang='lat' dir='ltr'><strong>resumatur</strong></span> 
     </span>
    </p>
   </div>
   <div class='ocr_carea' id='block_1_38' title="bbox 459 4015 3659 4107">
    <p class='ocr_par' dir='ltr' id='par_1_38' title="bbox 459 4015 3659 4107">
     <span class='ocr_line' id='line_1_38' title="bbox 459 4015 3659 4107; baseline 0.003 -24"><span class='ocrx_word' id='word_1_413' title='bbox 459 4025 722 4101; x_wconf 72' lang='lat' dir='ltr'><strong>Spiritus</strong></span> <span class='ocrx_word' id='word_1_414' title='bbox 756 4026 831 4087; x_wconf 90' lang='lat' dir='ltr'><strong>ad</strong></span> <span class='ocrx_word' id='word_1_415' title='bbox 862 4025 1251 4104; x_wconf 85' lang='lat' dir='ltr'><strong>principium</strong></span> <span class='ocrx_word' id='word_1_416' title='bbox 1286 4015 1551 4088; x_wconf 86' lang='lat' dir='ltr'><strong>alterius</strong></span> <span class='ocrx_word' id='word_1_417' title='bbox 1578 4043 1810 4087; x_wconf 90' lang='lat' dir='ltr'><strong>sensus</strong></span> <span class='ocrx_word' id='word_1_418' title='bbox 1845 4028 2377 4099; x_wconf 84' lang='lat' dir='ltr'><strong>continuandum,</strong></span> <span class='ocrx_word' id='word_1_419' title='bbox 2405 4037 2465 4088; x_wconf 91' lang='lat' dir='ltr'><strong>et</strong></span> <span class='ocrx_word' id='word_1_420' title='bbox 2500 4037 2565 4090; x_wconf 90' lang='lat' dir='ltr'><strong>ut</strong></span> <span class='ocrx_word' id='word_1_421' title='bbox 2597 4042 2775 4091; x_wconf 90' lang='lat' dir='ltr'><strong>actus</strong></span> <span class='ocrx_word' id='word_1_422' title='bbox 2804 4034 3002 4107; x_wconf 86' lang='lat' dir='ltr'><strong>magis</strong></span> <span class='ocrx_word' id='word_1_423' title='bbox 3029 4032 3303 4094; x_wconf 87' lang='lat' dir='ltr'><strong>emineat</strong></span> <span class='ocrx_word' id='word_1_424' title='bbox 3335 4052 3403 4105; x_wconf 87' lang='lat' dir='ltr'><strong>ac</strong></span> <span class='ocrx_word' id='word_1_425' title='bbox 3433 4034 3659 4106; x_wconf 90' lang='lat' dir='ltr'><strong>luceat,</strong></span> 
     </span>
    </p>
   </div>
   <div class='ocr_carea' id='block_1_39' title="bbox 456 4124 3663 4208">
    <p class='ocr_par' dir='ltr' id='par_1_39' title="bbox 456 4124 3663 4208">
     <span class='ocr_line' id='line_1_39' title="bbox 456 4124 3663 4208; baseline 0.003 -25"><span class='ocrx_word' id='word_1_426' title='bbox 456 4124 998 4202; x_wconf 88' lang='lat' dir='ltr'><strong>quemadmodum</strong></span> <span class='ocrx_word' id='word_1_427' title='bbox 1041 4126 1268 4188; x_wconf 89' lang='lat' dir='ltr'><strong>scribit</strong></span> <span class='ocrx_word' id='word_1_428' title='bbox 1313 4129 1678 4199; x_wconf 89' lang='lat' dir='ltr'><strong>Diomedes,</strong></span> <span class='ocrx_word' id='word_1_429' title='bbox 1721 4143 1937 4188; x_wconf 86' lang='lat' dir='ltr'><strong>verum</strong></span> <span class='ocrx_word' id='word_1_430' title='bbox 1998 4126 2185 4187; x_wconf 84' lang='lat' dir='ltr'><strong>etiam</strong></span> <span class='ocrx_word' id='word_1_431' title='bbox 2250 4129 2323 4187; x_wconf 91' lang='lat' dir='ltr'><strong>ad</strong></span> <span class='ocrx_word' id='word_1_432' title='bbox 2374 4129 2722 4188; x_wconf 89' lang='lat' dir='ltr'><strong>notandum</strong></span> <span class='ocrx_word' id='word_1_433' title='bbox 2757 4130 3102 4192; x_wconf 88' lang='lat' dir='ltr'><strong>discrimen</strong></span> <span class='ocrx_word' id='word_1_434' title='bbox 3151 4148 3560 4208; x_wconf 88' lang='lat' dir='ltr'><strong>personarum</strong></span> <span class='ocrx_word' id='word_1_435' title='bbox 3591 4152 3663 4194; x_wconf 90' lang='lat' dir='ltr'><strong>ac</strong></span> 
     </span>
    </p>
   </div>
   <div class='ocr_carea' id='block_1_40' title="bbox 456 4225 2034 4312">
    <p class='ocr_par' dir='ltr' id='par_1_40' title="bbox 456 4225 2034 4302">
     <span class='ocr_line' id='line_1_40' title="bbox 456 4225 2034 4302; baseline 0.001 -18"><span class='ocrx_word' id='word_1_436' title='bbox 456 4225 865 4301; x_wconf 87' lang='lat' dir='ltr'><strong>dignitatum.</strong></span> <span class='ocrx_word' id='word_1_437' title='bbox 901 4228 1001 4289; x_wconf 91' lang='lat' dir='ltr'><strong>Sic</strong></span> <span class='ocrx_word' id='word_1_438' title='bbox 1028 4230 1266 4290; x_wconf 87' lang='lat' dir='ltr'><strong>alicubi</strong></span> <span class='ocrx_word' id='word_1_439' title='bbox 1304 4230 1367 4290; x_wconf 92' lang='lat' dir='ltr'><strong>in</strong></span> <span class='ocrx_word' id='word_1_440' title='bbox 1406 4230 1503 4289; x_wconf 93' lang='lat' dir='ltr'><strong>his</strong></span> <span class='ocrx_word' id='word_1_441' title='bbox 1536 4229 1746 4296; x_wconf 90' lang='lat' dir='ltr'><strong>libris,</strong></span> <span class='ocrx_word' id='word_1_442' title='bbox 1788 4229 1902 4286; x_wconf 83' lang='lat' dir='ltr'><strong>ubi</strong></span> <span class='ocrx_word' id='word_1_443' title='bbox 1948 4227 2034 4302; x_wconf 71' lang='lat' dir='ltr'><strong>leg</strong></span> 
     </span>
    </p>
   </div>
   <div class='ocr_carea' id='block_1_41' title="bbox 2081 4225 3659 4312">
    <p class='ocr_par' dir='ltr' id='par_1_41' title="bbox 2082 4232 3659 4312">
     <span class='ocr_line' id='line_1_41' title="bbox 2082 4232 3659 4312; baseline 0.008 -25"><span class='ocrx_word' id='word_1_444' title='bbox 2082 4236 2183 4287; x_wconf 90' lang='lat' dir='ltr'><strong>tur</strong></span> <span class='ocrx_word' id='word_1_445' title='bbox 2216 4232 2513 4289; x_wconf 80' lang='grc' dir='ltr'><strong>ἐπισκόπων</strong></span> <span class='ocrx_word' id='word_1_446' title='bbox 2556 4237 2928 4312; x_wconf 52' lang='grc' dir='ltr'><strong>πρεσϐυτέρων</strong></span> <span class='ocrx_word' id='word_1_447' title='bbox 2969 4260 3025 4295; x_wconf 79' lang='grc' dir='ltr'><strong>τι</strong></span> <span class='ocrx_word' id='word_1_448' title='bbox 3054 4243 3143 4293; x_wconf 78' lang='grc' dir='ltr'><strong>καὶ</strong></span> <span class='ocrx_word' id='word_1_449' title='bbox 3173 4236 3433 4308; x_wconf 75' lang='grc' dir='ltr'><strong>διακόνων,</strong></span> <span class='ocrx_word' id='word_1_450' title='bbox 3462 4237 3659 4299; x_wconf 75' lang='lat' dir='ltr'><strong>codex</strong></span> 
     </span>
    </p>
   </div>
   <div class='ocr_carea' id='block_1_42' title="bbox 457 4321 3662 4411">
    <p class='ocr_par' dir='ltr' id='par_1_42' title="bbox 457 4321 3662 4411">
     <span class='ocr_line' id='line_1_42' title="bbox 457 4321 3662 4411; baseline 0.002 -23"><span class='ocrx_word' id='word_1_451' title='bbox 457 4324 947 4388; x_wconf 85' lang='lat' dir='ltr'><strong>eminentissimi</strong></span> <span class='ocrx_word' id='word_1_452' title='bbox 981 4326 1320 4388; x_wconf 89' lang='lat' dir='ltr'><strong>cardinalis</strong></span> <span class='ocrx_word' id='word_1_453' title='bbox 1368 4333 1509 4403; x_wconf 91' lang='lat' dir='ltr'><strong>post</strong></span> <span class='ocrx_word' id='word_1_454' title='bbox 1541 4344 1761 4387; x_wconf 93' lang='lat' dir='ltr'><strong>vocem</strong></span> <span class='ocrx_word' id='word_1_455' title='bbox 1796 4329 2091 4385; x_wconf 64' lang='grc' dir='ltr'><strong>ἐπισκόπων</strong></span> <span class='ocrx_word' id='word_1_456' title='bbox 2125 4321 2394 4387; x_wconf 86' lang='lat' dir='ltr'><strong>mediam</strong></span> <span class='ocrx_word' id='word_1_457' title='bbox 2437 4329 2695 4391; x_wconf 87' lang='lat' dir='ltr'><strong>adhibet</strong></span> <span class='ocrx_word' id='word_1_458' title='bbox 2728 4331 3240 4394; x_wconf 88' lang='lat' dir='ltr'><strong>distinctionem.</strong></span> <span class='ocrx_word' id='word_1_459' title='bbox 3289 4334 3403 4392; x_wconf 87' lang='lat' dir='ltr'><strong>Sed</strong></span> <span class='ocrx_word' id='word_1_460' title='bbox 3441 4343 3499 4393; x_wconf 91' lang='lat' dir='ltr'><strong>et</strong></span> <span class='ocrx_word' id='word_1_461' title='bbox 3532 4337 3662 4411; x_wconf 88' lang='lat' dir='ltr'><strong>ple-</strong></span> 
     </span>
    </p>
   </div>
   <div class='ocr_carea' id='block_1_43' title="bbox 459 4416 3654 4507">
    <p class='ocr_par' dir='ltr' id='par_1_43' title="bbox 459 4416 3654 4507">
     <span class='ocr_line' id='line_1_43' title="bbox 459 4416 3654 4507; baseline 0.002 -21"><span class='ocrx_word' id='word_1_462' title='bbox 459 4426 674 4500; x_wconf 84' lang='lat' dir='ltr'><strong>risque</strong></span> <span class='ocrx_word' id='word_1_463' title='bbox 703 4425 767 4483; x_wconf 91' lang='lat' dir='ltr'><strong>in</strong></span> <span class='ocrx_word' id='word_1_464' title='bbox 810 4426 964 4485; x_wconf 92' lang='lat' dir='ltr'><strong>locis</strong></span> <span class='ocrx_word' id='word_1_465' title='bbox 1000 4435 1301 4503; x_wconf 88' lang='lat' dir='ltr'><strong>punctum</strong></span> <span class='ocrx_word' id='word_1_466' title='bbox 1347 4429 1421 4486; x_wconf 90' lang='lat' dir='ltr'><strong>ad</strong></span> <span class='ocrx_word' id='word_1_467' title='bbox 1457 4433 1644 4503; x_wconf 89' lang='lat' dir='ltr'><strong>caput</strong></span> <span class='ocrx_word' id='word_1_468' title='bbox 1691 4426 1918 4485; x_wconf 64' lang='lat' dir='ltr'><strong>littera)</strong></span> <span class='ocrx_word' id='word_1_469' title='bbox 1973 4427 2183 4501; x_wconf 89' lang='lat' dir='ltr'><strong>posui,</strong></span> <span class='ocrx_word' id='word_1_470' title='bbox 2224 4426 2303 4486; x_wconf 90' lang='lat' dir='ltr'><strong>ad</strong></span> <span class='ocrx_word' id='word_1_471' title='bbox 2341 4416 2592 4489; x_wconf 82' lang='lat' dir='ltr'><strong>ﬁnalem</strong></span> <span class='ocrx_word' id='word_1_472' title='bbox 2637 4431 3111 4493; x_wconf 88' lang='lat' dir='ltr'><strong>distinctionem</strong></span> <span class='ocrx_word' id='word_1_473' title='bbox 3147 4432 3597 4507; x_wconf 78' lang='lat' dir='ltr'><strong>designandum</strong></span> <span class='ocrx_word' id='word_1_474' title='bbox 3638 4455 3654 4492; x_wconf 94' lang='lat'><strong>:</strong></span> 
     </span>
    </p>
   </div>
   <div class='ocr_carea' id='block_1_44' title="bbox 460 4523 3657 4607">
    <p class='ocr_par' dir='ltr' id='par_1_44' title="bbox 460 4523 3657 4607">
     <span class='ocr_line' id='line_1_44' title="bbox 460 4523 3657 4607; baseline 0.003 -23"><span class='ocrx_word' id='word_1_475' title='bbox 460 4523 697 4599; x_wconf 88' lang='lat' dir='ltr'><strong>ubique</strong></span> <span class='ocrx_word' id='word_1_476' title='bbox 735 4524 795 4583; x_wconf 92' lang='lat' dir='ltr'><strong>id</strong></span> <span class='ocrx_word' id='word_1_477' title='bbox 834 4523 1118 4585; x_wconf 79' lang='lat' dir='ltr'><strong>facturus</strong></span> <span class='ocrx_word' id='word_1_478' title='bbox 1148 4569 1165 4597; x_wconf 94' lang='lat'><strong>,</strong></span> <span class='ocrx_word' id='word_1_479' title='bbox 1210 4527 1340 4587; x_wconf 92' lang='lat' dir='ltr'><strong>nisi</strong></span> <span class='ocrx_word' id='word_1_480' title='bbox 1371 4526 1464 4586; x_wconf 91' lang='lat' dir='ltr'><strong>vis</strong></span> <span class='ocrx_word' id='word_1_481' title='bbox 1512 4524 1753 4585; x_wconf 69' lang='lat' dir='ltr'><strong>inolitte</strong></span> <span class='ocrx_word' id='word_1_482' title='bbox 1786 4527 2281 4585; x_wconf 81' lang='lat' dir='ltr'><strong>consuetudinis</strong></span> <span class='ocrx_word' id='word_1_483' title='bbox 2341 4543 2439 4586; x_wconf 90' lang='lat' dir='ltr'><strong>me</strong></span> <span class='ocrx_word' id='word_1_484' title='bbox 2473 4527 2549 4587; x_wconf 89' lang='lat' dir='ltr'><strong>ab</strong></span> <span class='ocrx_word' id='word_1_485' title='bbox 2586 4528 2856 4607; x_wconf 73' lang='lat' dir='ltr'><strong>incmpto</strong></span> <span class='ocrx_word' id='word_1_486' title='bbox 2911 4538 3291 4592; x_wconf 83' lang='lat' dir='ltr'><strong>revocasset.</strong></span> <span class='ocrx_word' id='word_1_487' title='bbox 3349 4530 3657 4593; x_wconf 64' lang='lat' dir='ltr'><strong>Craterum</strong></span> 
     </span>
    </p>
   </div>
   <div class='ocr_carea' id='block_1_45' title="bbox 455 4622 3658 4704">
    <p class='ocr_par' dir='ltr' id='par_1_45' title="bbox 455 4622 3658 4704">
     <span class='ocr_line' id='line_1_45' title="bbox 455 4622 3658 4704; baseline 0.002 -21"><span class='ocrx_word' id='word_1_488' title='bbox 455 4622 627 4701; x_wconf 93' lang='lat' dir='ltr'><strong>quod</strong></span> <span class='ocrx_word' id='word_1_489' title='bbox 663 4638 782 4699; x_wconf 85' lang='lat' dir='ltr'><strong>ego</strong></span> <span class='ocrx_word' id='word_1_490' title='bbox 812 4622 877 4681; x_wconf 92' lang='lat' dir='ltr'><strong>in</strong></span> <span class='ocrx_word' id='word_1_491' title='bbox 914 4623 1029 4684; x_wconf 86' lang='lat' dir='ltr'><strong>hac</strong></span> <span class='ocrx_word' id='word_1_492' title='bbox 1065 4623 1347 4684; x_wconf 89' lang='lat' dir='ltr'><strong>editione</strong></span> <span class='ocrx_word' id='word_1_493' title='bbox 1374 4631 1616 4684; x_wconf 90' lang='lat' dir='ltr'><strong>tantum</strong></span> <span class='ocrx_word' id='word_1_494' title='bbox 1653 4640 1729 4683; x_wconf 82' lang='lat' dir='ltr'><strong>ex</strong></span> <span class='ocrx_word' id='word_1_495' title='bbox 1765 4630 1935 4695; x_wconf 86' lang='lat' dir='ltr'><strong>parte</strong></span> <span class='ocrx_word' id='word_1_496' title='bbox 1970 4624 2257 4700; x_wconf 62' lang='lat' dir='ltr'><strong>praestiti,</strong></span> <span class='ocrx_word' id='word_1_497' title='bbox 2304 4625 2368 4683; x_wconf 87' lang='lat' dir='ltr'><strong>id</strong></span> <span class='ocrx_word' id='word_1_498' title='bbox 2412 4624 2489 4685; x_wconf 89' lang='lat' dir='ltr'><strong>ab</strong></span> <span class='ocrx_word' id='word_1_499' title='bbox 2521 4626 2664 4685; x_wconf 89' lang='lat' dir='ltr'><strong>aliis</strong></span> <span class='ocrx_word' id='word_1_500' title='bbox 2694 4628 2927 4704; x_wconf 77' lang='lat' dir='ltr'><strong>majOre</strong></span> <span class='ocrx_word' id='word_1_501' title='bbox 2956 4626 3241 4689; x_wconf 86' lang='lat' dir='ltr'><strong>doctrina</strong></span> <span class='ocrx_word' id='word_1_502' title='bbox 3280 4634 3340 4689; x_wconf 91' lang='lat' dir='ltr'><strong>et</strong></span> <span class='ocrx_word' id='word_1_503' title='bbox 3384 4632 3658 4690; x_wconf 65' lang='lat' dir='ltr'><strong>auctori.</strong></span> 
     </span>
    </p>
   </div>
   <div class='ocr_carea' id='block_1_46' title="bbox 454 4721 3649 4802">
    <p class='ocr_par' dir='ltr' id='par_1_46' title="bbox 454 4721 3649 4802">
     <span class='ocr_line' id='line_1_46' title="bbox 454 4721 3649 4802; baseline 0.003 -22"><span class='ocrx_word' id='word_1_504' title='bbox 454 4728 578 4782; x_wconf 89' lang='lat' dir='ltr'><strong>tate</strong></span> <span class='ocrx_word' id='word_1_505' title='bbox 617 4721 924 4798; x_wconf 70' lang='lat' dir='ltr'><strong>praeditis,</strong></span> <span class='ocrx_word' id='word_1_506' title='bbox 956 4723 1072 4797; x_wconf 91' lang='lat' dir='ltr'><strong>qui</strong></span> <span class='ocrx_word' id='word_1_507' title='bbox 1105 4730 1389 4783; x_wconf 85' lang='lat' dir='ltr'><strong>veterum</strong></span> <span class='ocrx_word' id='word_1_508' title='bbox 1424 4722 1628 4783; x_wconf 91' lang='lat' dir='ltr'><strong>libros</strong></span> <span class='ocrx_word' id='word_1_509' title='bbox 1656 4722 1921 4800; x_wconf 88' lang='lat' dir='ltr'><strong>posthac</strong></span> <span class='ocrx_word' id='word_1_510' title='bbox 1952 4721 2184 4780; x_wconf 88' lang='lat' dir='ltr'><strong>edituri</strong></span> <span class='ocrx_word' id='word_1_511' title='bbox 2221 4729 2396 4795; x_wconf 91' lang='lat' dir='ltr'><strong>sunt,</strong></span> <span class='ocrx_word' id='word_1_512' title='bbox 2428 4725 2702 4798; x_wconf 90' lang='lat' dir='ltr'><strong>tandem,</strong></span> <span class='ocrx_word' id='word_1_513' title='bbox 2735 4733 2799 4785; x_wconf 90' lang='lat' dir='ltr'><strong>ut</strong></span> <span class='ocrx_word' id='word_1_514' title='bbox 2834 4742 3047 4802; x_wconf 81' lang='lat' dir='ltr'><strong>Spero,</strong></span> <span class='ocrx_word' id='word_1_515' title='bbox 3081 4729 3649 4790; x_wconf 85' lang='lat' dir='ltr'><strong>consummabitur.</strong></span> 
     </span>
    </p>
   </div>
   <div class='ocr_carea' id='block_1_47' title="bbox 453 4817 3650 4899">
    <p class='ocr_par' dir='ltr' id='par_1_47' title="bbox 453 4817 3650 4899">
     <span class='ocr_line' id='line_1_47' title="bbox 453 4817 3650 4899; baseline 0.003 -19"><span class='ocrx_word' id='word_1_516' title='bbox 453 4825 660 4899; x_wconf 77' lang='lat' dir='ltr'><strong>Atque</strong></span> <span class='ocrx_word' id='word_1_517' title='bbox 690 4821 822 4881; x_wconf 61' lang='lat' dir='ltr'><strong>haec</strong></span> <span class='ocrx_word' id='word_1_518' title='bbox 847 4821 931 4882; x_wconf 16' lang='lat' dir='ltr'><strong>ede</strong></span> <span class='ocrx_word' id='word_1_519' title='bbox 964 4818 1417 4887; x_wconf 83' lang='lat' dir='ltr'><strong>emendatione</strong></span> <span class='ocrx_word' id='word_1_520' title='bbox 1450 4827 1509 4880; x_wconf 91' lang='lat' dir='ltr'><strong>et</strong></span> <span class='ocrx_word' id='word_1_521' title='bbox 1540 4817 1954 4878; x_wconf 89' lang='lat' dir='ltr'><strong>distinctione</strong></span> <span class='ocrx_word' id='word_1_522' title='bbox 1990 4825 2202 4880; x_wconf 88' lang='lat' dir='ltr'><strong>nostra</strong></span> <span class='ocrx_word' id='word_1_523' title='bbox 2236 4821 2601 4881; x_wconf 90' lang='lat' dir='ltr'><strong>summatim</strong></span> <span class='ocrx_word' id='word_1_524' title='bbox 2637 4822 2803 4883; x_wconf 91' lang='lat' dir='ltr'><strong>dicta</strong></span> <span class='ocrx_word' id='word_1_525' title='bbox 2847 4823 3181 4888; x_wconf 74' lang='lat' dir='ltr'><strong>sufficiant.</strong></span> <span class='ocrx_word' id='word_1_526' title='bbox 3216 4828 3394 4889; x_wconf 87' lang='lat' dir='ltr'><strong>Nunc</strong></span> <span class='ocrx_word' id='word_1_527' title='bbox 3426 4830 3501 4890; x_wconf 88' lang='lat' dir='ltr'><strong>ad</strong></span> <span class='ocrx_word' id='word_1_528' title='bbox 3533 4831 3650 4890; x_wconf 87' lang='lat' dir='ltr'><strong>La-</strong></span> 
     </span>
    </p>
   </div>
   <div class='ocr_carea' id='block_1_48' title="bbox 344 4918 1670 4995">
    <p class='ocr_par' dir='ltr' id='par_1_48' title="bbox 344 4918 1670 4995">
     <span class='ocr_line' id='line_1_48' title="bbox 344 4918 1670 4995; baseline -0.004 -16"><span class='ocrx_word' id='word_1_529' title='bbox 344 4973 353 4983; x_wconf 93' lang='lat'><strong>.</strong></span> <span class='ocrx_word' id='word_1_530' title='bbox 452 4919 647 4987; x_wconf 89' lang='lat' dir='ltr'><strong>tinam</strong></span> <span class='ocrx_word' id='word_1_531' title='bbox 684 4918 1274 4995; x_wconf 79' lang='lat' dir='ltr'><strong>interpretationem</strong></span> <span class='ocrx_word' id='word_1_532' title='bbox 1312 4919 1670 4980; x_wconf 90' lang='lat' dir='ltr'><strong>veniamus.</strong></span> 
     </span>
    </p>
   </div>
   <div class='ocr_carea' id='block_1_49' title="bbox 528 5038 3653 5119">
    <p class='ocr_par' dir='ltr' id='par_1_49' title="bbox 528 5038 3653 5119">
     <span class='ocr_line' id='line_1_49' title="bbox 528 5038 3653 5119; baseline 0.003 -20"><span class='ocrx_word' id='word_1_533' title='bbox 528 5040 663 5106; x_wconf 85' lang='lat' dir='ltr'><strong>Non</strong></span> <span class='ocrx_word' id='word_1_534' title='bbox 721 5038 949 5103; x_wconf 89' lang='lat' dir='ltr'><strong>dubito</strong></span> <span class='ocrx_word' id='word_1_535' title='bbox 1016 5039 1249 5101; x_wconf 89' lang='lat' dir='ltr'><strong>multos</strong></span> <span class='ocrx_word' id='word_1_536' title='bbox 1310 5038 1443 5100; x_wconf 81' lang='lat' dir='ltr'><strong>fore</strong></span> <span class='ocrx_word' id='word_1_537' title='bbox 1494 5040 1607 5117; x_wconf 87' lang='lat' dir='ltr'><strong>qui</strong></span> <span class='ocrx_word' id='word_1_538' title='bbox 1656 5039 1970 5101; x_wconf 88' lang='lat' dir='ltr'><strong>mirentur</strong></span> <span class='ocrx_word' id='word_1_539' title='bbox 2009 5057 2201 5119; x_wconf 88' lang='lat' dir='ltr'><strong>quam</strong></span> <span class='ocrx_word' id='word_1_540' title='bbox 2251 5041 2332 5102; x_wconf 90' lang='lat' dir='ltr'><strong>ob</strong></span> <span class='ocrx_word' id='word_1_541' title='bbox 2380 5058 2506 5103; x_wconf 90' lang='lat' dir='ltr'><strong>rem</strong></span> <span class='ocrx_word' id='word_1_542' title='bbox 2543 5050 2686 5117; x_wconf 85' lang='lat' dir='ltr'><strong>post</strong></span> <span class='ocrx_word' id='word_1_543' title='bbox 2723 5052 2847 5104; x_wconf 91' lang='lat' dir='ltr'><strong>tres</strong></span> <span class='ocrx_word' id='word_1_544' title='bbox 2876 5045 3133 5105; x_wconf 84' lang='lat' dir='ltr'><strong>Latinos</strong></span> <span class='ocrx_word' id='word_1_545' title='bbox 3163 5044 3421 5107; x_wconf 83' lang='lat' dir='ltr'><strong>Eusebii</strong></span> <span class='ocrx_word' id='word_1_546' title='bbox 3454 5048 3653 5109; x_wconf 89' lang='lat' dir='ltr'><strong>inter-</strong></span> 
     </span>
    </p>
   </div>
   <div class='ocr_carea' id='block_1_50' title="bbox 446 5141 3649 5231">
    <p class='ocr_par' dir='ltr' id='par_1_50' title="bbox 446 5141 3649 5231">
     <span class='ocr_line' id='line_1_50' title="bbox 446 5141 3649 5231; baseline 0.002 -30"><span class='ocrx_word' id='word_1_547' title='bbox 446 5150 701 5231; x_wconf 77' lang='lat' dir='ltr'><strong>pretes,</strong></span> <span class='ocrx_word' id='word_1_548' title='bbox 758 5158 1002 5222; x_wconf 84' lang='lat' dir='ltr'><strong>eosque</strong></span> <span class='ocrx_word' id='word_1_549' title='bbox 1064 5141 1130 5202; x_wconf 90' lang='lat' dir='ltr'><strong>in</strong></span> <span class='ocrx_word' id='word_1_550' title='bbox 1178 5142 1413 5209; x_wconf 63' lang='lat' dir='ltr'><strong>Graecis</strong></span> <span class='ocrx_word' id='word_1_551' title='bbox 1468 5142 1695 5204; x_wconf 89' lang='lat' dir='ltr'><strong>litteris</strong></span> <span class='ocrx_word' id='word_1_552' title='bbox 1749 5160 1874 5203; x_wconf 90' lang='lat' dir='ltr'><strong>non</strong></span> <span class='ocrx_word' id='word_1_553' title='bbox 1929 5144 2336 5209; x_wconf 85' lang='lat' dir='ltr'><strong>mediocriter</strong></span> <span class='ocrx_word' id='word_1_554' title='bbox 2364 5145 2784 5214; x_wconf 82' lang='lat' dir='ltr'><strong>exercitatos,</strong></span> <span class='ocrx_word' id='word_1_555' title='bbox 2819 5155 3096 5222; x_wconf 90' lang='lat' dir='ltr'><strong>quartam</strong></span> <span class='ocrx_word' id='word_1_556' title='bbox 3132 5148 3264 5224; x_wconf 89' lang='lat' dir='ltr'><strong>ipse</strong></span> <span class='ocrx_word' id='word_1_557' title='bbox 3296 5149 3649 5212; x_wconf 87' lang='lat' dir='ltr'><strong>versionem</strong></span> 
     </span>
    </p>
   </div>
   <div class='ocr_carea' id='block_1_51' title="bbox 447 5230 3652 5327">
    <p class='ocr_par' dir='ltr' id='par_1_51' title="bbox 447 5230 3652 5327">
     <span class='ocr_line' id='line_1_51' title="bbox 447 5230 3652 5327; baseline 0.002 -21"><span class='ocrx_word' id='word_1_558' title='bbox 447 5230 931 5322; x_wconf 67' lang='lat' dir='ltr'><strong>elaboraverim.</strong></span> <span class='ocrx_word' id='word_1_559' title='bbox 960 5245 1212 5318; x_wconf 89' lang='lat' dir='ltr'><strong>Quibus</strong></span> <span class='ocrx_word' id='word_1_560' title='bbox 1246 5245 1519 5322; x_wconf 89' lang='lat' dir='ltr'><strong>primum</strong></span> <span class='ocrx_word' id='word_1_561' title='bbox 1554 5245 1641 5306; x_wconf 89' lang='lat' dir='ltr'><strong>ita</strong></span> <span class='ocrx_word' id='word_1_562' title='bbox 1676 5245 2067 5323; x_wconf 89' lang='lat' dir='ltr'><strong>respondeo:</strong></span> <span class='ocrx_word' id='word_1_563' title='bbox 2093 5247 2155 5306; x_wconf 94' lang='lat' dir='ltr'><strong>Si</strong></span> <span class='ocrx_word' id='word_1_564' title='bbox 2190 5254 2334 5322; x_wconf 86' lang='lat' dir='ltr'><strong>post</strong></span> <span class='ocrx_word' id='word_1_565' title='bbox 2362 5248 2696 5320; x_wconf 83' lang='lat' dir='ltr'><strong>Ruﬁnum,</strong></span> <span class='ocrx_word' id='word_1_566' title='bbox 2734 5247 2843 5327; x_wconf 89' lang='lat' dir='ltr'><strong>qui</strong></span> <span class='ocrx_word' id='word_1_567' title='bbox 2886 5248 3323 5313; x_wconf 71' lang='lat' dir='ltr'><strong>Ecclesiaslicaz</strong></span> <span class='ocrx_word' id='word_1_568' title='bbox 3356 5252 3652 5314; x_wconf 67' lang='lat' dir='ltr'><strong>Historiis</strong></span> 
     </span>
    </p>
   </div>
   <div class='ocr_carea' id='block_1_52' title="bbox 449 5339 3646 5428">
    <p class='ocr_par' dir='ltr' id='par_1_52' title="bbox 449 5339 3646 5428">
     <span class='ocr_line' id='line_1_52' title="bbox 449 5339 3646 5428; baseline 0.004 -26"><span class='ocrx_word' id='word_1_569' title='bbox 449 5339 644 5403; x_wconf 89' lang='lat' dir='ltr'><strong>libros</strong></span> <span class='ocrx_word' id='word_1_570' title='bbox 698 5346 944 5421; x_wconf 87' lang='lat' dir='ltr'><strong>primus</strong></span> <span class='ocrx_word' id='word_1_571' title='bbox 999 5346 1065 5405; x_wconf 83' lang='lat' dir='ltr'><strong>in</strong></span> <span class='ocrx_word' id='word_1_572' title='bbox 1115 5344 1409 5406; x_wconf 90' lang='lat' dir='ltr'><strong>Latinum</strong></span> <span class='ocrx_word' id='word_1_573' title='bbox 1448 5361 1809 5405; x_wconf 87' lang='lat' dir='ltr'><strong>sermonem</strong></span> <span class='ocrx_word' id='word_1_574' title='bbox 1858 5346 2209 5418; x_wconf 88' lang='lat' dir='ltr'><strong>convertit,</strong></span> <span class='ocrx_word' id='word_1_575' title='bbox 2263 5345 2441 5406; x_wconf 90' lang='lat' dir='ltr'><strong>licuit</strong></span> <span class='ocrx_word' id='word_1_576' title='bbox 2478 5347 2767 5408; x_wconf 89' lang='lat' dir='ltr'><strong>Musculo</strong></span> <span class='ocrx_word' id='word_1_577' title='bbox 2808 5364 3029 5408; x_wconf 89' lang='lat' dir='ltr'><strong>novam</strong></span> <span class='ocrx_word' id='word_1_578' title='bbox 3070 5352 3646 5428; x_wconf 80' lang='lat' dir='ltr'><strong>interpretationem</strong></span> 
     </span>
    </p>
   </div>
   <div class='ocr_carea' id='block_1_53' title="bbox 444 5442 3646 5533">
    <p class='ocr_par' dir='ltr' id='par_1_53' title="bbox 444 5442 3646 5533">
     <span class='ocr_line' id='line_1_53' title="bbox 444 5442 3646 5533; baseline 0.003 -34"><span class='ocrx_word' id='word_1_579' title='bbox 444 5442 751 5513; x_wconf 85' lang='lat' dir='ltr'><strong>condere,</strong></span> <span class='ocrx_word' id='word_1_580' title='bbox 802 5444 856 5504; x_wconf 92' lang='lat' dir='ltr'><strong>si</strong></span> <span class='ocrx_word' id='word_1_581' title='bbox 915 5462 1139 5506; x_wconf 88' lang='lat' dir='ltr'><strong>rursus</strong></span> <span class='ocrx_word' id='word_1_582' title='bbox 1188 5453 1331 5523; x_wconf 85' lang='lat' dir='ltr'><strong>post</strong></span> <span class='ocrx_word' id='word_1_583' title='bbox 1374 5442 1736 5505; x_wconf 83' lang='lat' dir='ltr'><strong>Musculum</strong></span> <span class='ocrx_word' id='word_1_584' title='bbox 1777 5443 1944 5504; x_wconf 89' lang='lat' dir='ltr'><strong>idem</strong></span> <span class='ocrx_word' id='word_1_585' title='bbox 1979 5444 2164 5504; x_wconf 92' lang='lat' dir='ltr'><strong>licuit</strong></span> <span class='ocrx_word' id='word_1_586' title='bbox 2196 5442 2813 5521; x_wconf 83' lang='lat' dir='ltr'><strong>ChristOphorsono,</strong></span> <span class='ocrx_word' id='word_1_587' title='bbox 2848 5464 2960 5507; x_wconf 90' lang='lat' dir='ltr'><strong>cur</strong></span> <span class='ocrx_word' id='word_1_588' title='bbox 2997 5449 3149 5509; x_wconf 87' lang='lat' dir='ltr'><strong>mibi</strong></span> <span class='ocrx_word' id='word_1_589' title='bbox 3189 5468 3441 5533; x_wconf 86' lang='lat' dir='ltr'><strong>quoque</strong></span> <span class='ocrx_word' id='word_1_590' title='bbox 3477 5452 3646 5513; x_wconf 88' lang='lat' dir='ltr'><strong>idem</strong></span> 
     </span>
    </p>
   </div>
   <div class='ocr_carea' id='block_1_54' title="bbox 434 5539 3649 5623">
    <p class='ocr_par' dir='ltr' id='par_1_54' title="bbox 434 5539 3649 5623">
     <span class='ocr_line' id='line_1_54' title="bbox 434 5539 3649 5623; baseline 0.004 -25"><span class='ocrx_word' id='word_1_591' title='bbox 434 5539 601 5617; x_wconf 84' lang='lat' dir='ltr'><strong>juris</strong></span> <span class='ocrx_word' id='word_1_592' title='bbox 663 5558 791 5603; x_wconf 90' lang='lat' dir='ltr'><strong>non</strong></span> <span class='ocrx_word' id='word_1_593' title='bbox 838 5542 1032 5607; x_wconf 83' lang='lat' dir='ltr'><strong>fuerit</strong></span> <span class='ocrx_word' id='word_1_594' title='bbox 1093 5546 1265 5623; x_wconf 91' lang='lat' dir='ltr'><strong>quod</strong></span> <span class='ocrx_word' id='word_1_595' title='bbox 1329 5543 1619 5609; x_wconf 71' lang='lat' dir='ltr'><strong>ueteris?</strong></span> <span class='ocrx_word' id='word_1_596' title='bbox 1666 5546 1849 5623; x_wconf 85' lang='lat' dir='ltr'><strong>Apud</strong></span> <span class='ocrx_word' id='word_1_597' title='bbox 1886 5546 2142 5606; x_wconf 67' lang='lat' dir='ltr'><strong>Judaaos</strong></span> <span class='ocrx_word' id='word_1_598' title='bbox 2177 5552 2323 5622; x_wconf 90' lang='lat' dir='ltr'><strong>post</strong></span> <span class='ocrx_word' id='word_1_599' title='bbox 2366 5545 2772 5622; x_wconf 86' lang='lat' dir='ltr'><strong>Septuaginta</strong></span> <span class='ocrx_word' id='word_1_600' title='bbox 2815 5548 3147 5612; x_wconf 89' lang='lat' dir='ltr'><strong>Seniorum</strong></span> <span class='ocrx_word' id='word_1_601' title='bbox 3185 5554 3525 5619; x_wconf 84' lang='lat' dir='ltr'><strong>editionem</strong></span> <span class='ocrx_word' id='word_1_602' title='bbox 3560 5560 3649 5613; x_wconf 91' lang='lat' dir='ltr'><strong>tot</strong></span> 
     </span>
    </p>
   </div>
   <div class='ocr_carea' id='block_1_55' title="bbox 444 5644 3646 5731">
    <p class='ocr_par' dir='ltr' id='par_1_55' title="bbox 444 5644 3646 5731">
     <span class='ocr_line' id='line_1_55' title="bbox 444 5644 3646 5731; baseline 0.005 -33"><span class='ocrx_word' id='word_1_603' title='bbox 444 5644 981 5705; x_wconf 82' lang='lat' dir='ltr'><strong>saeramentorum</strong></span> <span class='ocrx_word' id='word_1_604' title='bbox 1038 5645 1378 5721; x_wconf 88' lang='lat' dir='ltr'><strong>religione,</strong></span> <span class='ocrx_word' id='word_1_605' title='bbox 1430 5649 1519 5705; x_wconf 88' lang='lat' dir='ltr'><strong>tot</strong></span> <span class='ocrx_word' id='word_1_606' title='bbox 1576 5645 1954 5715; x_wconf 70' lang='lat' dir='ltr'><strong>saeculorum</strong></span> <span class='ocrx_word' id='word_1_607' title='bbox 1994 5645 2371 5707; x_wconf 87' lang='lat' dir='ltr'><strong>auctoritate</strong></span> <span class='ocrx_word' id='word_1_608' title='bbox 2421 5646 2771 5720; x_wconf 87' lang='lat' dir='ltr'><strong>ﬁrmatam,</strong></span> <span class='ocrx_word' id='word_1_609' title='bbox 2815 5648 3042 5727; x_wconf 84' lang='lat' dir='ltr'><strong>Aquila</strong></span> <span class='ocrx_word' id='word_1_610' title='bbox 3078 5653 3375 5731; x_wconf 85' lang='lat' dir='ltr'><strong>primum,</strong></span> <span class='ocrx_word' id='word_1_611' title='bbox 3415 5654 3646 5718; x_wconf 89' lang='lat' dir='ltr'><strong>deinde</strong></span> 
     </span>
    </p>
   </div>
   <div class='ocr_carea' id='block_1_56' title="bbox 288 5740 3693 5841">
    <p class='ocr_par' dir='ltr' id='par_1_56' title="bbox 288 5740 3693 5841">
     <span class='ocr_line' id='line_1_56' title="bbox 288 5740 3693 5841; baseline 0.006 -41"><span class='ocrx_word' id='word_1_612' title='bbox 288 5740 293 5743; x_wconf 81' lang='grc'><strong>’</strong></span> <span class='ocrx_word' id='word_1_613' title='bbox 378 5788 379 5791; x_wconf 56' lang='grc' dir='ltr'><strong>η</strong></span> <span class='ocrx_word' id='word_1_614' title='bbox 442 5743 838 5820; x_wconf 76' lang='lat' dir='ltr'><strong>Theodotion</strong></span> <span class='ocrx_word' id='word_1_615' title='bbox 880 5757 942 5810; x_wconf 90' lang='lat' dir='ltr'><strong>et</strong></span> <span class='ocrx_word' id='word_1_616' title='bbox 982 5747 1401 5826; x_wconf 76' lang='lat' dir='ltr'><strong>Symmachus</strong></span> <span class='ocrx_word' id='word_1_617' title='bbox 1453 5764 1646 5814; x_wconf 84' lang='lat' dir='ltr'><strong>novas</strong></span> <span class='ocrx_word' id='word_1_618' title='bbox 1701 5750 1945 5811; x_wconf 81' lang='lat' dir='ltr'><strong>Veteris</strong></span> <span class='ocrx_word' id='word_1_619' title='bbox 1976 5748 2364 5812; x_wconf 80' lang='lat' dir='ltr'><strong>TeStamenti</strong></span> <span class='ocrx_word' id='word_1_620' title='bbox 2413 5748 2978 5829; x_wconf 87' lang='lat' dir='ltr'><strong>interpretationes</strong></span> <span class='ocrx_word' id='word_1_621' title='bbox 3012 5757 3252 5836; x_wconf 83' lang='lat' dir='ltr'><strong>singuli</strong></span> <span class='ocrx_word' id='word_1_622' title='bbox 3290 5759 3645 5822; x_wconf 87' lang='lat' dir='ltr'><strong>ediderunt.</strong></span> <span class='ocrx_word' id='word_1_623' title='bbox 3685 5827 3693 5841; x_wconf 56' lang='grc'><em>,</em></span> 
     </span>
    </p>
   </div>
  </div>
