3996 6342
282 348 367 403 ες
1548 336 1814 392 VALEStl
1852 333 2242 391 ramrarto.
2392 324 2393 327 ‘
2616 395 2621 399 ,
2740 362 2743 365 -
3447 328 3519 387 se

283 470 559 543 Quinta»
605 466 748 525 item
793 464 1127 537 Sextmque
1162 477 1232 520 ac
1265 458 1559 535 Septima:
1599 454 1901 515 editionis
1941 460 2227 513 auctores
2269 450 2529 526 quidam
2582 448 2813 525 reperti
2855 458 3029 525 sunt,
3068 435 3341 529 quorum
3392 470 3515 512 no-

288 572 476 631 mina
510 570 923 644 ignorantur:
964 579 1203 639 easque
1246 552 1472 622 omnes
1504 556 2172 637 versionesOt-igenes
2209 554 2269 611 in
2310 551 2616 629 Hexaplis
2649 551 2785 611 suis
2815 555 3173 649 collocavit,
3210 562 3281 614 ut
3321 572 3355 614 a
3403 572 3511 616 ca-

290 674 560 735 tholicis
613 667 981 729 hominibus
1032 664 1419 739 legerentur.
1470 660 1653 733 Quod
1704 659 1901 734 igitur
1937 656 2174 717 Judaeis
2218 655 2279 713 in
2320 654 2535 714 Veteri
2587 652 3000 715 Testamento
3038 657 3243 729 licuit,
3290 674 3403 719 cur
3442 657 3509 717 in

290 778 584 840 Eusebio
620 772 771 833 mihi
805 786 929 830 non
966 768 1172 839 liceat,
1201 766 1478 826 maxime
1507 781 1650 825 cum
1695 764 1758 824 id
1790 763 2027 823 audere
2058 761 2131 829 in
2171 759 2448 819 Eusebio
2491 757 2703 818 minus
2738 758 3161 834 periculosum
3188 761 3292 831 sit,
3320 777 3508 838 quam

287 866 359 941 in
418 876 609 939 sacris
655 873 1013 933 divinarum
1063 868 1530 946 Scripturarum
1574 867 1783 927 libris?
1817 866 2157 925 Enimvero
2191 862 2405 922 multa;
2438 879 2655 941 eaeque
2695 862 3089 937 gravissimae
3117 865 3392 922 rationes
3430 864 3508 923 ad

219 1008 233 1019 ο
286 998 485 1045 novre
516 980 706 1054 hujus
755 972 1301 1049 interpretationis
1331 987 1495 1032 onus
1526 971 1922 1030 subeundum
1968 985 2065 1027 me
2101 966 2193 1027 vel
2238 966 2506 1025 invitum
2547 966 2963 1043 impulerunt.
3015 967 3163 1050 Nam
3210 984 3355 1027 cum
3398 984 3511 1027 no-

284 1100 439 1144 vam
463 1064 923 1138 VEcclesiasticw
968 1068 1274 1133 Historia:
1323 1070 1667 1129 editionem
1714 1075 1927 1127 vestro
1951 1067 2140 1141 jussu
2177 1064 2533 1139 vestrisque
2567 1064 2879 1140 auSpiciis
2915 1065 3381 1143 suscepissem,
3418 1066 3511 1125 vi-

284 1183 664 1248 deremnue,
697 1171 1102 1252 superiorum
1133 1171 1543 1245 interpretum
1570 1166 1894 1227 versiones
1916 1164 1997 1239 ob
2020 1164 2279 1241 crebros
2311 1180 2561 1223 errores
2594 1180 2665 1222 ac
2690 1170 3069 1242 παρσρμηνεεας
3104 1181 3506 1243 nequaquam

281 1282 657 1345 satisfacere
704 1274 1019 1337 desiderio
1070 1274 1400 1334 doctorum
1460 1274 1739 1333 virorum
1774 1314 1791 1343 ,
1852 1268 2386 1348 quemadmodum
2438 1268 2706 1329 Joannis
2743 1268 3021 1329 Curterii
3061 1277 3121 1329 et
3158 1270 3323 1328 Petri
3360 1270 3510 1329 Hal-

281 1386 475 1449 loixii
506 1381 866 1445 testimonio
892 1380 1014 1455 jam
1052 1384 1235 1438 antea
1275 1378 1656 1438 declaratum
1692 1383 1825 1446 est,
1876 1374 2146 1443 duorum
2178 1372 2445 1432 alterum
2474 1372 2628 1431 mihi
2667 1372 3031 1434 necessario
3080 1372 3504 1450 praestandum

284 1488 449 1560 fuit,
499 1484 705 1565 ut_vel
763 1482 1087 1557 antiquam
1148 1481 1737 1559 interpretationem
1789 1478 2195 1554 corrigerem,
2244 1475 2338 1535 vel
2362 1484 2548 1537 ~certe
2581 1477 2994 1553 procuderem
3029 1493 3280 1537 novam.
3312 1476 3507 1537 Porro

278 1590 559 1649 aliorum
605 1580 1195 1660 interpretationem
1243 1585 1584 1660 corrigere,
1644 1590 1709 1643 ut
1769 1578 2108 1642 molestum
2160 1597 2269 1655 per
2310 1597 2379 1639 se
2423 1596 2495 1640 ac
2533 1578 2817 1653 difﬁcile,
2852 1578 2936 1640 ita
2974 1580 3161 1639 etiam
3208 1579 3503 1638 odiosum

276 1693 642 1753 videbatur.
690 1690 812 1749 Sua
856 1687 1027 1746 enim
1064 1689 1301 1767 cuique
1337 1690 1498 1761 laus,
1530 1705 1688 1748 suus
1724 1687 1929 1748 honos
1962 1686 2228 1769 debetur
2262 1703 2291 1744 a
2327 1685 2540 1746 nobis.
2576 1686 2894 1746 Fecerunt
2936 1685 3024 1745 illi
3066 1686 3379 1763 quidquid
3420 1687 3484 1745 in

274 1794 450 1872 ipsis
499 1790 643 1859 fuit,
690 1794 751 1848 et
801 1801 919 1845 suo
969 1784 1182 1847 labore
1228 1795 1515 1847 nostrum
1564 1788 1838 1847 laborem
1878 1786 2086 1847 levare
2125 1802 2195 1846 ac
2230 1786 2524 1846 minuere
2557 1785 2768 1845 conati
2802 1793 2977 1844 sunt.
3035 1786 3307 1845 Proinde
3338 1802 3501 1859 Opus

278 1895 801 1973 uniuscujusque
839 1889 1205 1963 interpretis
1250 1889 1639 1949 laudandum
1688 1891 1903 1965 potius
1952 1898 2046 1948 est
2084 1907 2114 1948 a
2162 1889 2350 1948 nobis
2399 1904 2590 1965 quam
2628 1887 3169 1964 interpolandum.
3204 1888 3497 1960 Ruﬁnus,

274 1996 577 2075 quamvis
629 2006 887 2051 sensum
947 1990 1161 2064 potius
1212 1992 1475 2051 Eusebii
1524 1998 1826 2067 sequatur
1879 2007 2071 2069 quam
2106 1991 2319 2059 verba,
2361 1998 2567 2050 tersus
2599 2000 2691 2049 est
2720 1999 2928 2049 tamen
2963 2008 3034 2050 ac
3072 1992 3350 2063 nitidus,
3384 2009 3500 2053 nec

276 2094 649 2172 legentibus
682 2087 1107 2166 injucundus;
1140 2108 1210 2150 ac
1258 2097 1351 2150 Vel
1390 2110 1466 2151 eo
1500 2093 1759 2151 nomine
1799 2091 2138 2167 plurimum
2174 2090 2554 2163 laudandus,
2606 2090 2774 2166 quod
2812 2090 3310 2150 Ecclesias‘licam
3348 2090 3498 2149 His-

274 2200 511 2261 torium
548 2197 783 2273 primus
817 2189 1052 2249 Latinae
1085 2189 1317 2265 linguae
1352 2190 1723 2249 hominibus
1756 2190 1951 2259 dedit,
1988 2189 2167 2265 cujus
2222 2187 2542 2253 versione~
2568 2189 2640 2246 ad
2689 2195 2972 2271 nostram,
3000 2205 3204 2266 usque
3250 2198 3493 2251 aetatem

273 2320 402 2364 usa
443 2308 533 2361 est
568 2288 1261 2360 Occidentis'Ecclesia.
1297 2287 1629 2347 Musculus
1660 2288 1876 2349 verbis
1912 2288 2195 2364 pressius
2230 2286 2508 2347 adbmret
2533 2330 2549 2359 ,
2583 2292 2642 2345 et
2678 2285 2742 2345 in
2779 2286 3254 2363 interpretando
3287 2289 3497 2351 brevis
3563 2335 3569 2344 .

271 2410 380 2460 est
432 2408 619 2475 atque
673 2395 1067 2471 perSpicuus,
1109 2392 1459 2468 multisque
1497 2393 1562 2449 in
1605 2392 1758 2452 locis
1791 2378 2383 2467 Cliristoiihorsm‘io
2422 2388 2691 2449 felicior.
2727 2388 3384 2467 ChristOphorsonus,
3427 2405 3495 2456 ut

266 2501 642 2577 diligentior
689 2514 759 2558 ac
815 2494 1058 2557 doctior
1110 2497 1426 2569 Musculo,
1462 2496 1554 2556 sic
1603 2496 1791 2555 etiam
1843 2492 2247 2554 numerosior
2299 2494 2556 2566 incedit,
2589 2502 2647 2553 et
2680 2492 3159 2555 Ciceronianum
3194 2497 3492 2573 quiddam

160 2594 175 2606 ’
266 2613 494 2668 sonat.
539 2606 834 2663 Prteterea
874 2615 1031 2661 usus
1075 2607 1170 2658 est
1219 2599 1668 2673 manuscriptis
1702 2599 2176 2675 exemplaribus
2208 2597 2281 2657 ad
2316 2580 2908 2672 interpretationem
2942 2616 3119 2659 suam
3161 2601 3498 2663 elaboran-

264 2707 465 2766 dam:
506 2706 869 2783 primusque
902 2700 1347 2777 Panegyricum
1380 2701 1664 2775 Eusebii,
1701 2701 1940 2760 dictum
1976 2700 2438 2761 tricennalibus
2471 2698 2905 2772 Constantini,
2942 2703 3163 2763 Latino
3192 2721 3493 2768 sermone

264 2807 503 2876 edidit,
556 2822 741 2880 quem
801 2813 1016 2881 postea
1070 2806 1475 2876 Genevenses
1519 2805 1888 2883 typographi
1928 2807 2143 2867 Greece
2192 2808 2612 2868 excuderunt.
2663 2790 2839 2869 Dicet
2874 2809 2976 2872 hic
3014 2810 3291 2888 aliquis:
3326 2814 3493 2885 Quid

262 2905 474 2982 igitur
504 2921 661 2981 npus
695 2904 814 2965 fuit
846 2921 1007 2968 nova
1046 2909 1338 2969 versione
1365 2954 1381 2982 ,
1416 2926 1560 2970 cum
1608 2911 1697 2971 illi
1738 2911 2117 2985 interpretes
2151 2918 2239 2971 tot
2272 2912 2596 2990 tantisQue
2629 2899 3331 2978 laudibusabundent?
3362 2921 3492 2995 Ego

264 3028 433 3072 vero
469 3011 683 3071 laudes
710 3009 964 3071 illorum
997 3028 1448 3102 commemoro,
1486 3030 1611 3073 non
1655 3013 1802 3072 vitia
1836 3000 2060 3089 detego
2095 3036 2112 3075 :
2149 3032 2291 3090 qum
2312 3016 2569 3091 quidem
2605 3016 2877 3093 aliorum
2911 3018 3277 3079 testimonio
3300 3038 3487 3098 quam

260 3125 419 3173 meo
447 3111 622 3186 prodi
676 3109 913 3171 malim.
970 3112 1155 3191 Quod
1206 3113 1257 3172 si
1310 3111 1457 3190 quis
1497 3113 1937 3173 adnotationes
1984 3130 2155 3173 meas
2195 3113 2445 3190 legerit,
2502 3125 2610 3176 aut
2657 3114 3249 3195 interpretationem
3288 3138 3486 3182 meam

259 3233 419 3279 cum
453 3217 703 3277 illorum
737 3218 1033 3277 versione
1063 3212 1348 3274 conferre
1396 3214 1704 3287 voluerit,
1739 3214 2058 3291 intelliget
2098 3215 2378 3291 profecto
2411 3224 2568 3293 quot
2597 3218 2990 3296 quantisque
3030 3221 3358 3280 erroribus
3392 3241 3489 3282 re-

258 3317 451 3380 ferta;
478 3320 605 3398 sint
634 3320 887 3380 illorum
921 3321 1507 3394 interpretationes,
1547 3336 1661 3378 nec
1701 3317 1839 3378 sine
1872 3335 2058 3377 causa
2098 3334 2324 3379 novam
2352 3318 2614 3378 Eusebii
2658 3319 3013 3378 versionem
3049 3320 3203 3379 mihi
3243 3340 3275 3381 a
3308 3322 3486 3384 vobis

258 3417 619 3495 injunctam
668 3419 893 3481 fuisse.
931 3418 1050 3478 Sed
1090 3421 1398 3497 quoniam
1432 3436 1556 3480 non
1594 3420 1915 3480 voluntate
1949 3419 2057 3479 sed
2101 3421 2475 3481 necessitate
2507 3421 2775 3499 quadam
2811 3422 2875 3481 in
2914 3422 3087 3483 hunc
3119 3441 3481 3485 sermonem

228 3520 571 3600 ’delapsus
625 3538 793 3593 sum,
836 3526 917 3582 de
966 3519 1368 3593 superiorum
1400 3518 1817 3596 interpretum
1854 3520 2022 3579 vitiis
2057 3523 2417 3580 summatim
2458 3539 2651 3598 pauca
2692 3524 2923 3584 dicam.
2969 3526 3123 3584 Nam
3164 3526 3217 3584 si
3256 3535 3481 3595 cuncta

256 3618 531 3693 illorum
587 3623 864 3695 σφάλματα
915 3619 1286 3696 singillatim
1341 3622 1566 3681 vellem
1623 3640 2037 3698 percensere,
2088 3623 2153 3682 in
2203 3623 2586 3684 immensum
2640 3627 3094 3687 extende-retur
3140 3630 3365 3690 oratio.
3406 3612 3507 3690 Ut

256 3718 467 3793 igitur
516 3735 549 3777 a
608 3717 831 3778 Ruﬁno
877 3720 1206 3788 exordiar,
1236 3720 1386 3797 quis
1429 3722 1629 3781 nescit
1662 3722 1842 3782 illum
1886 3723 2159 3781 Eusebio
2195 3722 2387 3781 multa
2420 3739 2531 3797 pro
2565 3724 2827 3807 arbitrio
2876 3725 3238 3799 addidisse,
3283 3729 3475 3789 multa

256 3823 642 3896 detraxisse,
672 3822 864 3884 multa
900 3829 1206 3892 mutasse;
1238 3839 1311 3882 ac
1347 3820 1669 3900 plerisque
1702 3825 1764 3882 in
1805 3824 1957 3885 locis
1981 3831 2356 3904 παραφράστην
2385 3827 2595 3900 potius
2629 3843 2767 3885 esse
2795 3844 2981 3902 quam
3022 3828 3480 3903 interpretem?

254 3923 559 3995 Exempli
595 3924 811 4002 gratia,
845 3924 909 3983 in
936 3923 1098 3985 libro
1131 3944 1215 3988 vn
1248 3925 1325 3987 de
1358 3926 2121 4003 GregoriiTliaumaturgi
2148 3929 2496 4000 miraculis,
2531 3930 2682 3990 satis
2715 3931 3017 4007 prolixam
3053 3936 3477 3999 narrationem

252 4020 557 4095 inseruit,
590 4042 730 4102 quae
761 4026 822 4086 in
856 4028 1105 4090 Eusebii
1135 4032 1332 4093 nostri
1368 4032 1838 4108 exemplaribus
1870 4048 1996 4090 non
2041 4031 2328 4093 habetur.
2370 4033 2570 4102 Idem,
2605 4034 2668 4092 in
2715 4034 2876 4094 libro
2914 4053 2975 4093 xx
3012 4036 3271 4097 Luciani
3309 4055 3480 4102 mar-

252 4119 424 4195 tyris
458 4123 803 4186 orationem
840 4144 950 4204 pro
981 4132 1106 4193 fide
1144 4141 1355 4194 nostra
1388 4150 1461 4194 c0
1479 4150 1606 4193 ram
1643 4130 1863 4209 judice
1904 4130 2177 4191 habitam
2209 4143 2666 4192 commemorat
2691 4117 2943 4207 ,quam‘
2964 4134 3221 4195 Eusebii
3256 4128 3481 4200 exem-

254 4220 464 4296 plaria
492 4239 613 4282 non
646 4236 1020 4301 agnoscunt.
1055 4233 1190 4292 Jam
1228 4251 1377 4294 vero
1409 4233 1725 4292 decimum
1758 4231 2208 4292 Ecclesiastica:
2248 4234 2550 4293 Historia:
2586 4233 2812 4294 librum
2849 4242 3047 4295 totum
3080 4236 3209 4297 fere
3242 4237 3308 4298 in
3346 4258 3480 4301 ver-

251 4321 449 4381 sione
481 4340 591 4383 sua
637 4330 1050 4401 prmtermisxt.
1091 4332 1257 4392 Nihil
1289 4334 1389 4394 hic
1422 4332 1562 4393 dico
1601 4331 1679 4392 de
1720 4331 2032 4407 capitibus
2068 4330 2145 4389 ab
2179 4347 2253 4390 eo
2284 4332 2682 4391 commutatis
2720 4333 2780 4391 in
2834 4332 2993 4392 libro
3044 4340 3224 4394 sexto
3263 4354 3332 4395 ac
3366 4354 3466 4398 se-

250 4421 502 4497 ptimo,
543 4427 1049 4507 quandoquidem
1085 4432 1146 4490 in
1181 4431 1697 4492 adnotationibus
1732 4429 1892 4489 meis
1928 4428 2042 4488 hac
2076 4428 2154 4488 de
2197 4445 2261 4487 re
2303 4426 2596 4489 lectorem
2654 4429 2982 4513 admonui.
3019 4428 3185 4502 Quot
3222 4434 3475 4495 Eusebii

251 4518 397 4582 loca
450 4524 524 4585 ab
576 4526 686 4587 illo
740 4543 1064 4608 perperam
1119 4540 1370 4611 accepta
1418 4540 1479 4595 et
1532 4533 1937 4609 interpretata
1984 4532 2167 4592 sunt!
2208 4532 2328 4592 Hic
2360 4538 2455 4591 est
2492 4531 2601 4609 qui
2645 4550 2722 4592 ex
2772 4530 3067 4594 Zacharia
3104 4537 3507 4616 sacerdote,

250 4620 443 4719 cujus
492 4623 555 4685 in
595 4628 934 4706 Evangelio
984 4637 1165 4698 Lucae
1196 4638 1262 4697 ﬁt
1302 4639 1584 4707 mentio,
1620 4644 1955 4714 martyrem
2004 4636 2189 4697 nobis
2226 4637 2717 4713 Lugdunensem
2761 4640 2994 4700 effecit.
3045 4641 3161 4701 Hic
3218 4651 3313 4702 est
3361 4644 3470 4719 qui
3542 4663 3545 4666 ‘

258 4717 608 4786 Bibliadem
656 4745 797 4789 cum
837 4733 1141 4796 Blandina
1177 4739 1483 4799 confudit.
1538 4740 1655 4799 Hic
1700 4745 1794 4799 est
1834 4740 1945 4815 qui
1979 4738 2419 4799 Philoromum
2454 4739 2929 4801 nobilissimum
2971 4752 3351 4823 martyrem,
3381 4717 3472 4808 ex
3522 4774 3545 4781 ν-

252 4823 563 4889 rationale
607 4832 929 4897 tribunum
972 4841 1243 4902 militum
1282 4842 1453 4903 fecit.
1505 4846 1597 4905 De
1641 4843 1932 4905 Musculo
1982 4860 2132 4903 vero
2181 4844 2335 4922 quid
2369 4844 2595 4905 attinet
2626 4844 2864 4921 dicere,
2914 4848 3098 4925 cujus
3145 4850 3469 4913 versiones

255 4927 424 5001 (nam
480 4942 543 5003 et
591 4939 750 5001 alios
804 4943 1144 5022 scriptores
1209 4945 1425 5005 Latine
1477 4946 1930 5023 interpretatus
1986 4946 2103 5020 est)
2155 4963 2277 5005 non
2333 4963 2715 5023 magnopere
2761 4951 3111 5025 probantur
3157 4969 3187 5011 a
3224 4952 3471 5014 doctis?

251 5029 807 5134 lnnnumerabiles
836 5045 974 5121 ejus
1012 5064 1261 5108 errores
1300 5049 1581 5126 proferre
1618 5066 1864 5125 possem
1893 5092 1908 5119 ,
1946 5047 1997 5106 si
2056 5048 2282 5109 vellem
2321 5072 2336 5109 :
2376 5050 2541 5110 inter
2567 5068 2728 5130 quos
2767 5052 2868 5112 hic
2902 5053 3164 5115 eminet.
3220 5054 3467 5134 Diony-

249 5127 393 5237 sius
427 5132 926 5219 Alexandrinus,
962 5146 1025 5207 in
1056 5149 1319 5227 epistola
1352 5150 1659 5211 adversus
1702 5153 2087 5212 Germanum
2115 5192 2131 5220 ,
2165 5168 2354 5226 quam
2394 5152 2582 5215 refert
2614 5155 2937 5217 Eusebius
2970 5156 3028 5213 in
3062 5153 3225 5216 libro
3256 5170 3463 5237 sexto,

247 5231 438 5337 aitse
474 5241 775 5337 Ἶῖρξήλίου
812 5242 1019 5320 δυσμάς
1048 5254 1581 5328 comprehensum
1614 5274 1645 5316 8
1677 5257 1825 5317 mili;

1884 5273 2016 5326 ous,
2050 5263 2108 5314 et
2144 5256 2495 5332 Taposirim
2536 5276 2677 5320 esse
2718 5261 3117 5337 perductum.
3160 5264 3240 5323 At
3285 5231 3462 5330 Mus;

245 5332 434 5393 culus
480 5332 922 5440 Heliodysmas
968 5352 1271 5429 oppidum
1309 5372 1450 5416 esse
1482 5356 1769 5416 credidi:.
1804 5355 1906 5415 Sic
1935 5353 2101 5413 enim
2138 5356 2319 5413 vertit
2361 5376 2378 5417 ε
2410 5357 2541 5433 Ego
2573 5332 2829 5436 namque
2867 5376 3000 5416 cum
3031 5358 3462 5440 Heliodysmas

247 5453 376 5493 una
408 5454 539 5493 cum
568 5436 698 5497 illis
726 5444 835 5517 qui
862 5463 1085 5511 mecum
1117 5464 1288 5514 erant
1312 5498 1327 5525 ,
1359 5458 1685 5528 venissem,
1723 5455 2076 5533 Taposirim
2105 5473 2141 5512 α
2164 5454 2472 5516 militibus
2505 5456 2730 5517 ductus
2760 5476 2915 5516 sum.
2954 5460 3120 5521 idem
3160 5477 3458 5537 praeterea

240 5539 577 5602 Musculus
607 5540 835 5603 librum
875 5546 1133 5610 Eusebii
1166 5553 1253 5611 De
1284 5555 1662 5631 martyribus
1696 5554 2077 5627 Palaestinae,
2124 5558 2233 5634 qui
2274 5559 2603 5637 subjectus
2645 5564 2741 5620 est
2788 5558 2951 5619 libro
3004 5579 3117 5623 vm
3153 5566 3459 5630 Historia

242 5637 727 5715 Ecclesiasticc,
765 5648 962 5705 totum
994 5648 1059 5711 in
1093 5654 1387 5715 versione
1419 5674 1530 5718 sua
1578 5655 2018 5734 pi'tetcrmisit;
2053 5675 2239 5735 quam
2289 5661 2370 5721 ob
2417 5676 2693 5754 causam,
2732 5660 2971 5723 nescio.
3006 5664 3115 5726 Est
3145 5668 3314 5730 enim
3348 5670 3454 5733 ille
