3996 6342
522 454 594 509 27
1758 440 2026 495 VALESll
2061 434 2440 493 PREFATIO.
3625 422 3696 476 ‘18

526 566 779 629 Eusebii
836 564 995 627 liber
1038 560 1572 639 elegantissimus.
1618 558 1912 631 Superest
1935 551 2142 614 versio
2170 546 2435 610 Joannis
2463 544 3041 623 Christophorsoni,
3072 558 3214 621 quae
3244 557 3359 601 nec
3400 540 3535 615 ipsa
3568 555 3688 599 me-

526 667 620 725 vis
649 666 781 725 suis
814 672 1001 725 caret.
1032 664 1212 735 Nam,
1252 672 1323 725 ut
1359 663 1642 725 omittam
1681 657 2100 719 barbarismos
2128 654 2239 733 qui
2274 654 2340 712 in
2366 652 2468 710 illa
2493 650 2728 725 saepius
2758 654 3121 721 occurrunt,
3153 645 3416 705 nimium
3450 641 3691 717 prolixa

522 784 585 831 et
611 770 906 831 laciniosa
939 776 1033 829 est
1064 766 1202 841 ejus
1231 758 1689 834 interpretatio,
1721 755 1875 814 dum
1908 769 2091 812 voces
2116 749 2416 829 quasdam
2451 746 2625 806 addit
2653 748 2725 805 ad
2768 746 3139 821 esplendam
3188 742 3517 820 periodum
3540 782 3556 809 ,
3588 747 3695 799 aut

522 869 596 927 ad
635 863 1022 935 obscurioris
1073 840 1192 919 loci
1238 857 1711 935 expositionem
1752 854 1906 913 ‘suas
1953 850 2164 929 adjicit
2206 855 2561 920 ἐπεξηγήσης,
2614 844 2934 904 interdum
2970 844 3156 905 etiam
3188 860 3263 903 ex
3301 840 3548 900 duabus
3592 857 3697 913 pe-

522 970 719 1031 riodis
764 984 950 1029 unam
986 964 1168 1030 facit.
1199 969 1258 1021 et
1292 961 1418 1019 duo
1449 956 1747 1037 capita‘in
1777 970 1973 1014 unum
2026 950 2295 1021 confert,
2344 950 2499 1007 adeo
2537 954 2602 1005 ut
2638 947 3001 1005 Latinorum
3051 945 3323 1021 capitum
3366 941 3693 1001 distinctio
3782 1028 3789 1033 ι

522 1070 590 1131 in
638 1070 777 1145 ejus
827 1063 1346 1138 interpretatione
1395 1061 1659 1119 multum
1700 1057 2009 1129 discrepet
2042 1073 2072 1112 a
2101 1053 2339 1112 Graeca.
2368 1050 2522 1121 Qua:
2557 1064 2657 1107 res
2685 1057 2979 1124 quantam
3018 1046 3212 1120 pariat
3245 1043 3591 1117 molestiam
3625 1057 3695 1102 ac

526 1144 1063 1239 perturbationem
1102 1161 1162 1220 in
1193 1164 1463 1224 citandis
1487 1180 1562 1221 ex
1596 1158 1875 1221 Eusebio
1916 1156 2098 1227 locis,
2148 1160 2383 1214 norunt
2422 1168 2647 1225 omnes
2689 1149 2987 1209 studiosi.
3022 1149 3189 1207 Idem
3226 1150 3286 1206 in
3325 1144 3696 1220 theologicis

524 1262 784 1339 quidem
820 1261 973 1319 satis
1011 1260 1388 1324 exercitatus
1432 1263 1592 1335 fuit,
1627 1263 1732 1323 sed
1765 1261 1998 1321 criticze
2034 1259 2186 1318 artis
2222 1256 2441 1335 peritia
2476 1261 2535 1313 et
2561 1251 2958 1329 antiquitatis
2995 1252 3291 1310 Romanae
3333 1249 3692 1323 cognitione

523 1359 750 1419 leviter
798 1359 1167 1423 instructus.
1215 1364 1421 1430 Quare
1468 1359 1533 1417 in
1578 1356 1847 1435 propriis
1894 1353 2215 1416 vocabulis
2250 1350 2730 1426 magistratuum
2764 1349 3210 1416 Romanorum,
3245 1346 3519 1406 etiniis
3550 1361 3694 1421 quae

522 1463 596 1522 ad
650 1462 897 1521 civilem
934 1459 1539 1522 administrationem
1566 1456 1899 1535 pertinent,
1934 1462 2234 1532 perpetuo
2279 1452 2507 1512 labitur
2542 1471 2558 1509 :
2596 1449 2767 1509 verbi
2796 1448 3019 1525 gratia,
3056 1447 3123 1507 in
3154 1446 3550 1522 exponendis
3582 1462 3691 1505 vo-

523 1560 705 1633 cibus
733 1567 1000 1637 ἡγεμόνος,
1034 1574 1328 1637 στρατηγοῦ
1347 1604 1364 1634 ,
1402 1569 1694 1638 ἐπαρχικῆς
1726 1566 1922 1627 τάξεως
1950 1562 2010 1617 et
2040 1557 2101 1615 in

2137 1552 2455 1613 similibus
2486 1552 2657 1612 aliis.
2694 1552 3021 1614 Postremo
3054 1548 3281 1608 librum
3319 1548 3578 1611 Eusebii
3612 1548 3695 1607 De

516 1658 896 1734 martyribus
926 1657 1297 1731 Ραιωειίηω,
1332 1659 1440 1736 qui
1479 1660 1540 1716 in
1573 1658 1855 1717 editione
1892 1654 2147 1714 Roberti
2178 1650 2480 1727 Stephani
2526 1658 2588 1710 et
2618 1649 2686 1708 in
2734 1648 3184 1724 manuscriptis
3223 1648 3696 1725 exemplaribus

522 1757 899 1831 subjuuctus
950 1764 1042 1815 est
1091 1766 1305 1817 octavo
1355 1758 1656 1816 Historia:
1698 1750 2138 1812 Ecclesiaslicw
2190 1750 2351 1809 libro
2393 1745 3007 1822 ChristOphorsonus
3036 1746 3099 1804 in
3146 1752 3429 1804 octavum
3463 1744 3692 1804 librum

467 1915 469 1918 .
523 1859 894 1923 transfodit.
927 1876 1065 1919 cum
1114 1859 1251 1936 ejus
1285 1868 1520 1935 partem
1559 1858 1738 1917 illum
1787 1874 1931 1917 esse
1978 1856 2276 1916 crederet.
2321 1854 2521 1926 Quem
2566 1849 3121 1928 Christophorsoni
3172 1865 3444 1910 errorem
3489 1849 3694 1909 secuti

523 1964 733 2033 postea
762 1957 1134 2032 typographi
1176 1959 1599 2022 Genevenses.
1638 1963 1702 2015 ut
1736 1956 1941 2015 Graeca
1980 1954 2215 2012 Latinis
2253 1957 2531 2027 aptarent
2559 1995 2575 2023 ,
2607 1967 2683 2009 ex
2714 1949 2961 2007 duobus
2991 1944 3248 2007 Eusebii
3287 1948 3461 2008 libris
3496 1964 3691 2008 unum

518 2059 753 2119 fecere.
787 2064 994 2134 Atque
1039 2059 1165 2121 haec
1200 2056 1454 2131 carptim
1491 2056 1654 2115 dicta
1696 2055 1821 2112 sint
1855 2054 1929 2113 de
1978 2051 2145 2110 vitiis
2191 2048 2591 2126 superiorum
2638 2044 3262 2121 interpretationum;
3316 2062 3437 2106 non
3484 2046 3692 2126 obtre-

519 2159 727 2241 ctandi
759 2159 995 2229 animo,
1036 2175 1148 2217 nec
1174 2159 1524 2219 minuendae
1548 2158 1917 2235 cujusquam
1964 2152 2327 2228 interpretis
2348 2149 2610 2225 gloria),
2652 2150 2761 2209 sed
2804 2157 2867 2208 ut
2899 2148 3168 2209 studiosi
3200 2164 3418 2209 omnes
3458 2149 3691 2210 intelli-

518 2265 691 2331 gam,
736 2273 852 2315 1105
899 2272 1023 2315 ηοη
1055 2258 1191 2315 Sine
1226 2280 1409 2322 causa
1446 2280 1665 2324 novam
1715 2258 2283 2335 interpretationem
2324 2254 2704 2330 suscepisse.
2737 2255 2931 2325 Quam
2964 2265 3031 2315 ut
3064 2253 3393 2331 perfectam
3431 2255 3685 2331 quidem

519 2365 580 2418 et
623 2358 901 2418 numeris
936 2358 1233 2417 omnibus
1269 2362 1610 2420 absolutam
1651 2367 1939 2436 praestare
1976 2373 2096 2415 non
2131 2357 2332 2415 ausim
2366 2353 2451 2431 (id
2487 2353 2652 2414 enim
2692 2353 2899 2412 nimim
2931 2361 3092 2413 esset
3123 2355 3535 2432 conﬁdentiae)
3559 2398 3575 2422 ,
3606 2354 3684 2415 ita

518 2442 827 2533 plurimis'
861 2457 1106 2515 mendis
1163 2460 1396 2533 quibus
1440 2462 1801 2537 superiores
1843 2448 2389 2534 interpretationes
2439 2462 2705 2526 scatent,
2746 2473 2954 2515 carere
2988 2457 3245 2517 ﬁdenter
3270 2457 3528 2517 atlirmo.
3566 2457 3690 2518 Cae-

517 2572 717 2621 terum
765 2580 905 2623 cum
946 2566 1057 2622 tria
1100 2564 1491 2639 potissimum
1528 2564 1592 2621 in
1630 2562 1915 2621 w-rsione
1950 2560 2382 2637 requirantur,
2420 2567 2484 2616 ut
2518 2558 2809 2616 nimirum
2851 2558 3057 2619 tidelis
3090 2560 3192 2630 sit,
3227 2566 3296 2619 ut
3331 2560 3579 2635 elegans
3613 2575 3685 2622 ac

519 2664 869 2739 perspicua,
903 2680 1152 2739 Operam
1187 2660 1325 2722 dedi
1362 2676 1439 2717 ne
1467 2657 1615 2733 quid
1657 2655 1876 2715 borum
1911 2655 1977 2711 in
2008 2652 2298 2711 versione
2334 2659 2543 2709 nostra
2574 2651 3065 2713 desideraretur.

594 2761 1183 2837 Inter-pretationem
1213 2769 1571 2839 seqnuntur
1601 2758 2059 2817 adnotationes.
2099 2757 2165 2814 ln
2197 2756 2429 2833 quibus
2458 2756 2584 2814 duo
2621 2755 3015 2830 potissimum
3048 2758 3321 2832 spectavi
3365 2777 3381 2815 :
3415 2755 3679 2832 primum

522 2872 587 2922 ut
644 2867 1155 2924 emendationum
1216 2879 1494 2923 mearum
1558 2862 1862 2920 rationem
1918 2858 2263 2930 redderem,
2310 2866 2370 2917 et
2414 2858 2612 2916 varias
2652 2860 3025 2934 scriptorum
3058 2862 3342 2921 codicum
3380 2861 3681 2920 lectiones

518 2966 826 3025 studiosis
868 2980 1272 3042 proponeretn
1298 2982 1319 3025 :
1356 2960 1585 3019 deinde
1614 2966 1679 3017 ut
1709 2958 2107 3018 obscuriores
2141 2956 2396 3014 Eusebii
2430 2956 2601 3015 locos
2632 2957 3033 3027 illustrarem,
3068 2956 3135 3017 et
3154 2959 3443 3035 antiquos
3478 2957 3683 3015 Eccle-

519 3064 628 3122 sia!
666 3080 871 3123 mores
915 3083 984 3123 ac
1020 3066 1174 3123 ritus
1204 3062 1448 3123 collatis
1487 3059 1753 3118 aliorum
1796 3059 2167 3134 scriptorum
2209 3056 2360 3115 locis
2399 3057 2804 3133 explicarem.
2854 3060 3379 3121 Adnotationibus
3416 3072 3684 3134 quatuor

452 3180 455 3183 ·
519 3181 549 3220 a
605 3183 700 3222 me
734 3166 1077 3242 subjunct'ze
1108 3169 1254 3225 sunt
1284 3162 1788 3223 dissertationes.
1820 3161 2093 3231 Quarum
2145 3158 2339 3236 prima
2390 3166 2480 3217 est
2526 3160 2601 3217 de
2642 3159 2822 3219 initio
2859 3177 2927 3221 ac
2966 3178 3297 3235 progressu
3333 3161 3679 3221 schismatis

516 3261 1009 3322 Donatistarum.
1045 3264 1249 3321 Altera
1284 3262 1485 3323 estde
1523 3261 1806 3327 Anastasi
1841 3269 1901 3319 et
1949 3260 2243 3335 martyrio
2292 3258 2892 3334 Hierosolymitano.
2934 3262 3107 3323 Hanc
3142 3265 3427 3339 sequitur
3463 3263 3682 3339 dispu-

520 3357 672 3415 tatio
698 3360 773 3418 de
820 3361 1106 3419 versione
1153 3363 1323 3419 LXX
1355 3364 1766 3435 lnterpretum
1817 3361 2116 3419 adversus
2153 3360 2446 3418 Jacobum
2476 3358 2793 3420 Usserium
2818 3364 3294 3427 Armachanum.
3327 3366 3553 3438 Quarta
3592 3371 3682 3424 est

519 3456 595 3515 de
642 3460 1079 3537 Martyrologio
1122 3466 1397 3521 Romano
1440 3464 1602 3539 quod
1640 3462 1830 3520 euidit
1869 3462 2275 3537 Rosweydus.
2314 3462 2518 3537 Atque
2556 3463 2682 3521 base
2714 3473 2861 3523 sunt
2892 3484 3031 3543 qua:
3060 3469 3131 3525 ad
3171 3443 3531 3527 Eusebianaa
3563 3467 3680 3525 Hi-

520 3557 726 3615 storia:
777 3559 1256 3621 illustrationem
1290 3580 1320 3621 a
1370 3580 1466 3621 me
1515 3564 1577 3621 in
1624 3563 1737 3621 hac
1768 3563 2049 3622 editione
2080 3564 2396 3622 elaborata
2445 3572 2618 3621 sunt.
2656 3564 2808 3635 Quae
2842 3568 2892 3624 si
2926 3569 3193 3645 cuipiam
3228 3572 3487 3630 fortasse
3524 3569 3684 3629 levia

518 3654 903 3715 videbuntur
938 3676 1006 3718 ac
1038 3660 1180 3721 vilia
1204 3710 1219 3734 ,
1256 3666 1308 3723 is
1340 3666 1607 3741 cogitet,
1664 3666 2027 3734 huiusmodi
2062 3664 2189 3725 fere
2221 3675 2439 3727 cuncta
2486 3684 2624 3727 esse
2659 3685 2796 3743 quae
2827 3669 2890 3728 in
2927 3668 3041 3730 hoc
3070 3688 3295 3746 genere
3340 3672 3679 3730 litterarum

520 3755 957 3829 Ῐιτοῖθιύιιῐυπ,
989 3761 1189 3840 iisque
1225 3784 1331 3840 pro
1361 3768 1573 3830 studio
1613 3766 1950 3843 legentium
1994 3785 2062 3826 ac
2097 3768 2415 3827 stomacho
2457 3776 2563 3827 aut
2596 3770 2860 3845 pretium
2896 3778 3000 3830 aut
3047 3778 3465 3848 contemptum
3500 3788 3683 3830 acce-

518 3853 689 3914 dere.
746 3858 894 3915 Nam
947 3859 1000 3918 si
1055 3866 1306 3939 quidem
1349 3885 1598 3945 mquum
1652 3884 1721 3926 ac
1770 3865 2124 3926 studiosum
2174 3866 2468 3923 lectorem
2502 3866 2885 3938 invenerint,
2924 3872 3128 3944 magni
3166 3872 3591 3940 aestimantur;
3624 3870 3680 3927 si

520 3967 667 4011 vero
698 3955 762 4013 in
794 3956 1148 4021 fastidiosas
1188 3983 1374 4025 aures
1416 3966 1775 4037 inciderint,
1826 3981 1937 4042 pro
1985 3963 2182 4022 nihilo
2225 3964 2566 4033 ducuntur.
2616 3966 2860 4024 Deinde
2910 3970 3063 4040 quid
3114 3966 3233 4025 nisi
3285 3965 3534 4040 vulgare
3571 3967 3681 4025 ad-

519 4061 772 4121 modum
813 4072 869 4123 et
909 4068 1218 4131 mediocre
1256 4070 1745 4144 exspectandum
1782 4076 1897 4139 est,
1932 4088 1963 4129 a
1997 4087 2095 4129 me
2135 4069 2469 4147 prmsertim
2504 4070 2611 4144 qui
2647 4069 2726 4127 ob
2753 4067 3135 4149 debilitatem
3169 4068 3493 4127 oculorum
3528 4070 3680 4128 alie-

490 4158 615 4217 -nis
650 4163 847 4221 oculis
883 4182 953 4224 ac
990 4169 1275 4230 manibus
1320 4174 1602 4249 etlegere
1632 4190 1817 4249 cogor
1847 4182 1904 4234 et
1954 4176 2227 4235 scribere
2278 4196 2293 4233 :
2328 4182 2387 4231 et
2442 4174 2550 4250 qui
2602 4170 2749 4231 dum
2797 4181 3042 4247 promer
3080 4172 3306 4231 laboris
3364 4175 3679 4249 magnitu-

519 4259 730 4320 dinem
774 4281 1021 4339 εθωμυι·
1062 4271 1136 4329 ad
1184 4277 1477 4336 ulteriora
1517 4276 1769 4346 festino,
1818 4286 2013 4336 totum
2066 4278 2181 4337 hoc
2209 4278 2648 4353 qualecunque
2682 4281 2767 4333 est
2807 4291 2966 4349 opus
2999 4275 3079 4333 ita
3119 4286 3516 4351 properanter
3553 4278 3679 4338 dic-

460 4458 463 4461 .
515 4362 663 4431 tavi,
697 4373 763 4422 ut
795 4366 895 4425 vix
930 4368 1241 4444 relegendi
1282 4372 1430 4461 mihi
1467 4373 1662 4431 otium
1690 4373 1897 4433 fuerit.
1928 4374 2068 4449 Quo
2100 4374 2290 4448 magis
2315 4373 2699 4448 indulgenda
2740 4372 2889 4433 mihi
2925 4382 3016 4433 est
3058 4375 3263 4449 venia,
3312 4375 3506 4436 sicubi
3564 4377 3677 4437 for-

420 4516 427 4523 .
518 4465 683 4519 insse
729 4462 794 4519 in
844 4454 1650 4533 adnotationibus‘lectoris
1709 4477 2021 4535 desiderio
2061 4494 2182 4535 non
2235 4494 2688 4553 usquequaque
2720 4477 3013 4537 satisfeci.
3056 4477 3361 4537 Caeterum
3397 4481 3466 4537 ad
3510 4480 3676 4539 invi-

518 4564 735 4621 tandos
771 4563 1059 4634 lectores,
1109 4568 1170 4625 in
1200 4569 1339 4644 ipso
1372 4574 1579 4647 operis
1614 4575 1927 4635 vestibulo
1962 4578 2388 4635 doctissimam
2425 4577 2747 4652 epistolam
2786 4579 3126 4650 collocavi,
3164 4597 3345 4655 quam
3383 4580 3675 4640 illustris-

514 4661 715 4721 simus
766 4679 834 4722 ac
876 4668 1441 4727 reverendissitnus
1480 4670 1995 4747 archiepiscorins
2037 4673 2390 4731 Tolosanus
2420 4669 2638 4731 Petrus
2672 4676 2749 4733 de
2780 4676 3004 4746 Marce,
3047 4676 3138 4734 vir
3170 4675 3517 4733 divinarum
3562 4678 3675 4741 hu-
3732 4726 3735 4729 ,

515 4778 975 4837 manarumque.
1018 4780 1221 4824 rerum
1280 4769 1540 4832 scientia
1591 4772 2134 4841 instructissimus,
2189 4773 2262 4832 ad
2309 4789 2407 4830 me
2452 4774 2699 4849 scripsit
2737 4774 2812 4833 de
2850 4776 3040 4852 prima
3076 4775 3395 4849 Evangelii
3451 4778 3669 4845 pracdi-

514 4864 757 4925 catione
804 4865 862 4923 in
918 4864 1135 4925 Gallia.
1186 4867 1503 4948 Quidquid
1558 4874 1746 4950 igitur
1790 4875 1951 4933 tzedii
2002 4892 2071 4935 ac
2114 4876 2414 4939 molestia)
2443 4894 2517 4935 ex
2553 4876 3057 4936 lucubrationum
3097 4893 3368 4936 mearum
3404 4876 3669 4938 lectione

512 4964 940 5024 contraxerint
978 4963 1273 5037 studiosi,
1312 4964 1372 5027 id
1404 4967 1593 5046 hujus
1626 4968 1907 5047 epistolae
1939 4969 2295 5033 eruditione
2327 4980 2387 5032 et
2421 4972 2780 5035 amoenitate
2812 4974 2991 5036 facile
3028 4976 3374 5053 detergent.
