3996 6342
1165 372 1497 447 EPISTOLA
1532 373 1623 427 AD
1659 372 2009 428 HENRICUM
2047 372 2410 429 VALESIUM.

214 523 3363 555 w—W

925 683 1627 797 PETBUS
1699 686 1931 794 DE
1999 684 2637 796 MABCA

1244 946 1247 949 .
1321 913 1844 957 ARCHIEPISCOPUS
1878 911 2151 957 TOLOSAR
2162 913 2242 956 US

707 1055 1143 1114 CLARISSIHO
1188 1023 1295 1111 ET,
1329 1056 1868 1113 ERUDITISSIMO
1915 1056 2091 1112 ΠΕΟ
2142 1054 2482 1111 HENRICO
2527 1052 2835 1110 VALESIO

1674 1169 1733 1225 S.
1768 1170 1834 1225 P.
1868 1169 1937 1225 ι).

264 1460 524 1517 Gratulor
541 1462 654 1526 tibi,
673 1471 727 1516 et
750 1463 998 1517 Ecclesia:
1024 1462 1306 1522 universae,
1333 1461 1401 1514 ob
1419 1475 1535 1514 eam
1563 1475 1723 1529 quam
1751 1464 1797 1519 Α
1828 1459 2089 1529 Lugduni,
2114 1468 2216 1514 una
2246 1474 2367 1515 cum
2393 1458 2542 1513 urbis
2574 1458 2977 1527 magistratibus
3003 1472 3106 1515 non
3131 1458 3360 1514 infelici-

184 1552 234 1605 in
251 1556 511 1607 vertenda
531 1563 584 1607 et
606 1555 844 1607 ornanda
865 1555 1076 1607 Eusebii
1105 1552 1335 1605 Historia
1361 1550 1723 1605 Ecclesiaslica
1825 1562 1925 1614 ter,
1952 1561 2009 1604 ut
2041 1562 2187 1619 puto,
2219 1551 2601 1619 interpretatus
2642 1566 2783 1607 sum.
2825 1551 2953 1617 Qum
2997 1560 3171 1604 tamen
3205 1566 3359 1606 seve-

181 1656 396 1710 operatn
419 1642 660 1710 posuisti,
695 1642 849 1710 juxta
888 1626 1014 1699 cleri
1074 1642 1332 1699 Gallicani
1377 1644 1719 1699 desiderium.
1819 1642 1947 1693 riori
1972 1642 2159 1711 judicii
2198 1643 2271 1694 tui
2302 1656 2544 1695 censura:
2571 1642 2856 1695 submitto.
3126 1658 3156 1700 ι,

184 1728 328 1783 Illam
368 1733 564 1797 quippe
586 1733 727 1786 acris
760 1736 956 1799 ingenii
1001 1734 1278 1789 solertiam
1310 1736 1721 1801 maturiorisqne
1888 1731 2070 1785 Finem
2100 1732 2357 1786 faciebam
2391 1733 2514 1785 huic
2544 1732 2802 1798 epistolm,
2832 1736 3041 1798 quando
3065 1750 3149 1787 me
3174 1734 3356 1799 patria:

176 1819 367 1888 iudicii
412 1820 519 1874 \im
552 1838 673 1875 cum
722 1840 927 1877 summa
991 1828 1294 1879 eruditione
1359 1828 1718 1894 conjunctam,
1817 1832 1870 1875 et
1904 1825 2109 1877 luendae
2134 1824 2373 1876 veritatis
2396 1839 2567 1889 altior,
2600 1823 3035 1891 Lugdunensium"
3062 1812 3353 1895 martyrum

182 1925 340 1979 quam
367 1911 419 1962 in
445 1910 675 1965 editione
703 1913 1007 1977 Ammiani,
1058 1924 1112 1967 et
1154 1916 1535 1981 Excerptorum
1568 1917 1720 1985 Po|y~
1816 1915 2115 1975 occasione,
2176 1913 2399 1978 pupugit
2441 1920 2493 1963 et
2538 1914 2735 1978 adegit.
2798 1923 2854 1965 ut
2904 1914 3040 1977 apud
3081 1924 3130 1966 te
3169 1916 3353 1979 paucis

183 2002 274 2067 bii,
320 2002 534 2053 senatui
598 2002 951 2055 litteratorum
1011 2003 1135 2056 olim
1194 2006 1535 2070 probaverns.
1580 2016 1718 2058 nunc
1816 2016 2169 2065 conquererer
2199 2000 2263 2052 de
2295 2000 2485 2066 injuria
2511 1999 2683 2055 Gallis
2715 2000 2876 2061 facta,
2920 2019 3022 2053 non
3057 2002 3353 2055 abuteris

183 2091 389 2146 felicius
443 2093 725 2145 exseruisti
782 2093 833 2144 in
884 2092 1099 2158 majoris
1142 2098 1391 2147 momenti
1447 2095 1712 2160 Historia,

184 2193 289 2234 tum
321 2198 351 2233 ιι
382 2182 532 2235 vitiis
559 2181 867 2243 lectionum,
891 2189 1001 2233 tum
1040 2188 1105 2234 ab
1153 2184 1500 2249 interpretum
1543 2185 1711 2237 hallu-

180 2272 541 2325 cinationihus
566 2274 834 2338 purganda
861 2310 877 2335 ,
920 2273 1148 2341 egregiis
1180 2274 1406 2341 denique
1437 2278 1486 2327 in
1522 2275 1711 2328 diliici-

179 2360 337 2414 liores
364 2362 512 2413 locos
543 2360 794 2415 adhibitis
819 2364 1215 2415 commentariis
1251 2364 1581 2417 illustranda.
1612 2366 1710 2417 lle-

179 2463 289 2501 rum
333 2450 823 2503 ecclesiasticarum
852 2452 1088 2517 origines
1133 2452 1391 2511 ittdelessa
1436 2454 1706 2523 diligentia

182 2538 509 2605 perquisitas
541 2538 822 2604 descripsit
862 2538 1151 2601 Eusebius;
1190 2540 1281 2592 sed
1304 2555 1436 2619 usus
1474 2543 1737 2607 quandor

175 2642 275 2696 que
310 2630 557 2683 onilione
587 2645 651 2683 ex
687 2630 843 2698 genio
877 2629 1224 2683 Orientalium
1272 2630 1560 2698 perplexa;
1611 2632 1708 2682 ali-

176 2719 385 2786 quando
416 2736 542 2773 vero
570 2730 784 2788 propter
827 2720 1019 2785 lingua:
1060 2734 1375 2789 morumque
1415 2721 1705 2786 ignoratio-

1812 2088 2063 2154 quidem,
2111 2088 2202 2140 sed
2230 2102 2259 2140 a
2293 2088 2650 2149 nostratibus;
2700 2088 2791 2155 qui
2835 2090 3211 2141 reronditioris
3238 2099 3286 2141 et
3318 2106 3345 2140 a

1812 2178 1965 2244 vulgo
1996 2177 2320 2237 semotioris,
2375 2192 2474 2241 qua
2504 2177 2738 2243 pollent,
2793 2177 3051 2230 doctrina:
3099 2180 3347 2245 cupidine

1810 2266 1991 2329 illecti,
2042 2251 2316 2320 veritatem
2372 2282 2487 2333 quae
2529 2268 2581 2319 in
2631 2268 2914 2334 propatulo
2947 2278 3053 2329 est,
3098 2270 3241 2321 \elut
3291 2270 3345 2321 in

1810 2368 1967 2423 puteo
2004 2356 2251 2431 latentem
2286 2358 2385 2411 sibi
2427 2364 2761 2425 qttterentam
2808 2369 3080 2425 putarunt.
3138 2358 3326 2413 Galliis

1807 2448 2001 2515 quippe
2032 2449 2337 2508 detrahunt.
2364 2432 2522 2515 quam
2548 2447 2889 2515 Ethiopihus
2917 2460 2966 2501 et
2995 2451 3136 2502 tndis
3166 2451 3342 2503 sciunt

1807 2541 1872 2588 ab
1901 2524 2167 2604 apostolis
2196 2538 2323 2605 ipsis
2363 2539 2654 2590 exhibitam
2701 2539 2965 2606 Evangelii
3019 2540 3341 2606 praedicandi

1806 2643 1990 2681 curam
2026 2645 2041 2679 :
2075 2643 2136 2682 ac
2195 2629 2239 2681 si
2310 2626 2700 2681 florentissima:
2758 2639 2810 2679 et
2870 2629 3057 2680 \‘icinte
3096 2630 3341 2685 nationes

1806 2720 1965 2787 capiti
1992 2721 2229 2787 gentium
2266 2718 2480 2777 Romae,
2516 2732 2673 2782 quam
2718 2718 2975 2785 sanguine
3013 2734 3107 2769 suo
3157 2716 3342 2772 Petrus

176 2818 290 2857 nem
323 2808 508 2861 minus
539 2809 824 2862 intellecta.
864 2809 1027 2874 Quem
1065 2808 1348 2871 singularis
1389 2811 1707 2864 eruditionis
1741 2800 1777 2851 Β
1806 2821 1859 2863 et
1886 2810 2082 2864 Paulus
2116 2817 2525 2871 consecrarunt,
2554 2808 2926 2861 remotissimis
2958 2807 3059 2861 illis
3086 2820 3340 2872 extraque

178 2908 273 2950 ture
313 2898 454 2963 luce,
489 2902 687 2968 apertis
729 2902 1009 2954 vetustatis
1049 2900 1425 2954 ecclesiaSticte
1470 2904 1705 2967 arcanis,

174 2988 342 3042 civilis
373 3004 607 3058 quoqne,
639 2996 855 3057 quando
884 3006 967 3043 res
992 2991 1255 3057 exigebat,
1283 2992 1598 3059 patefecisti.
1631 2994 1705 3047 Ex
1745 3030 1752 3037 -

176 3094 273 3147 quo
310 3080 637 3147 voluptatem
668 3084 784 3148 cepi
811 3082 1128 3145 maximam;
1154 3098 1255 3134 non
1296 3080 1463 3134 solum
1492 3094 1707 3151 propter

179 3170 311 3222 illam
336 3210 354 3235 ,
398 3185 519 3238 qua:
562 3172 689 3224 mihi
722 3172 1018 3224 communis
1050 3170 1224 3225 futura
1269 3185 1350 3226 cst
1379 3190 1496 3225 cum
1525 3176 1705 3240 probis

176 3260 460 3315 eteruditis
484 3262 634 3323 viris,
657 3277 723 3315 ex
769 3278 829 3316 ea
875 3263 1095 3317 lecsione
1123 3264 1466 3317 hauriendam
1507 3268 1706 3320 doctri-

177 3364 252 3401 nae
276 3350 513 3415 copiam,
543 3351 633 3405 sed
669 3353 810 3418 quod
844 3353 1021 3405 studio
1056 3354 1355 3407 decessoris
1385 3357 1484 3409 mei
1525 3358 1699 3411 Caroli

177 3439 234 3491 de
278 3440 585 3505 Montchal,
636 3444 1022 3509 archiepiscopi
1053 3442 1301 3497 Tolosani
1328 3486 1343 3507 ,
1376 3447 1474 3498 viri
1506 3448 1701 3513 pietate

176 3537 223 3581 et
259 3530 569 3585 eruditione
602 3526 871 3597 quondam
911 3534 1264 3595 Celeberrinti,
1316 3536 1378 3585 ad
1430 3539 1528 3587 hoc
1570 3553 1701 3601 opus

176 3619 388 3670 arduum
431 3618 809 3685 perficiendum
848 3629 898 3672 te
940 3621 1238 3673 accinxisti.
1295 3622 1456 3689 Cujus
1516 3626 1695 3676 sedem

174 3723 282 3759 cum
317 3708 647 3777 possideam,
699 3708 1087 3761 reddendarum
1132 3711 1225 3760 tibi
1272 3714 1564 3777 gratiarum
1602 3729 1697 3766 no-

174 3811 306 3858 men,
329 3797 472 3864 quod
502 3795 845 3853 successione
870 3796 1136 3861 contraxi,
1162 3798 1243 3849 his
1260 3799 1468 3853 litteris
1490 3802 1694 3855 solvere

176 3901 442 3939 necessum
484 3887 686 3954 putavi.

232 3976 523 4038 Cancrum,
555 3984 837 4045 antequam
873 3974 1055 4027 ultima
1096 3989 1283 4027 manus
1321 3983 1549 4039 ponatur
1579 3975 1691 4026 edi-

1808 2901 2105 2956 Romanum
2159 2900 2440 2968 imperium
2492 2898 2608 2951 sitis
2665 2900 2969 2967 regionibus
3027 2900 3339 2965 posthabita:

1805 2995 2048 3049 fuissent.
2080 2995 2193 3048 Alia
2220 2994 2316 3047 fuit
2348 3008 2495 3045 mens
2522 2992 2917 3060 apostolorum,
2940 2992 3030 3058 qui
3056 2989 3252 3043 Gallias
3286 2992 3336 3043 in

1808 3088 1908 3140 fide
1941 3088 2275 3150 erudiendas,
2315 3087 2496 3139 statim
2528 3096 2649 3152 post
2684 3085 2973 3136 adventum
3026 3084 3078 3134 in
3130 3064 3335 3133 ltaiiam

1805 3187 2170 3245 susceperunt.
2198 3177 2391 3231 Beatus
2426 3179 2618 3245 quippe
2638 3175 2878 3241 Lucas,a
2904 3173 3050 3226 Pauli
3081 3174 3334 3226 comitatu

1806 3269 2101 3332 discedens,
2128 3270 2366 3337 magistri
2401 3270 2482 3323 sui
2522 3269 2771 3319 mandato
2802 3279 2860 3318 se
2891 3265 3112 3317 contulit
3138 3266 3186 3315 in
3212 3262 3337 3317 Gal-

1804 3360 1937 3422 lias;
1966 3362 2051 3412 ubi
2082 3362 2405 3428 praecipuum
2438 3359 2556 3413 fidei
2590 3361 2937 3426 prtedicandrc
2969 3357 3198 3409 studium
3230 3356 3333 3406 im-

1800 3452 2000 3517 pendit.
2046 3450 2242 3501 Deinde
2269 3465 2362 3516 per
2391 3449 2602 3502 Italiam
2633 3458 2681 3501 et
2720 3448 3029 3500 Dalmatiam
3063 3447 3112 3497 in
3145 3447 3328 3498 eodem

1798 3538 1956 3606 op'cre
1982 3541 2293 3592 industriam
2327 3555 2479 3593 suam
2507 3550 2803 3605 praestans,
2855 3538 2906 3588 iu
2949 3536 3328 3598 Macedoniam,

1797 3632 1979 3682 eodem
2010 3630 2285 3680 iuncturus
2312 3629 2516 3687 ofﬁcio,
2554 3643 2623 3680 se
2648 3612 2870 3691 recepit.
2910 3626 3191 3688 Auctorem
3230 3625 3324 3675 ha-

1796 3719 1979 3770 benms
2013 3718 2323 3784 locupletem
2372 3718 2528 3784 hujus
2572 3716 2899 3789 narrationis
2954 3713 3324 3779 Epiphaniam,

1794 3809 1880 3872 qui
1924 3808 2106 3858 haeresi
2138 3823 2185 3858 LI
2226 3792 2365 3872 quod
2408 3806 2637 3857 diximus
2670 3806 2734 3857 de
2770 3804 2909 3857 Luca
2938 3812 3182 3861 testatur.
3222 3818 3327 3854 uno

1790 3910 1852 3948 ex
1887 3911 1986 3949 nx
2015 3895 2307 3959 tliSt'ipuliS,
2344 3895 2425 3945 cui
2453 3909 2642 3945 munus
2688 3894 2957 3961 Evangelii
3002 3893 3323 3960 praedicandi

1790 3984 2044 4033 creditura
2072 3983 2148 4052 ait
2176 3999 2189 4030 :
2215 3981 2480 4051 Κηρύττει
2509 3980 2719 4051 πρῶτον
2753 3983 2807 4032 ὲν
2833 3982 3120 4052 Δαλματίᾳ.
3154 3981 3245 4033 καὶ
3268 3982 3326 4033 ἐν

174 4067 290 4119 tioni
322 4083 445 4135 qua:
488 4082 625 4120 nunc
678 4067 779 4125 sub
821 4068 970 4134 prelo
1022 4065 1225 4125 fervet,
1268 4066 1582 4116 monendum
1638 4073 1690 4115 te

1792 4069 1998 4139 Γαλλίᾳ,
2016 4070 2105 4121 καὶ
2135 4047 2189 4119 ἓν
2224 4047 2435 4139 Ἰτνᾷλξᾳ,
2455 4047 2896 4141 καὶ-Μακεδονίῃ
2920 4047 3060 4140 ἀρχὴ
3079 4047 3143 4121 ’δὲ
3173 4072 3228 4121 ὲν
3255 4072 3322 4140 τῇ

170 4154 311 4217 duxi,
356 4158 409 4207 itt
444 4156 823 4209 dissertatione
870 4164 1050 4207 nostra
1103 4153 1171 4205 De
1211 4154 1436 4220 primum
1474 4149 1685 4215 Lugdu-

172 4248 325 4309 nensi,
349 4262 468 4315 qua:
493 4246 545 4298 in
582 4246 879 4311 Appcudice
907 4247 969 4303 ad
1005 4244 1284 4305 concilium
1317 4243 1687 4296 Claromoma-

174 4349 302 4396 num,
328 4346 472 4389 torno
502 4334 663 4389 XXVI
693 4334 1047 4389 Conciliat-um
1078 4335 1215 4387 edita
1256 4343 1372 4400 est,
1426 4349 1522 4387 nos
1550 4348 1687 4400 qua:-

174 4424 278 4478 tlam
322 4430 606 4481 adnotasse
660 4442 878 4478 nmnero
931 4424 1062 4486 104,
1123 4424 1223 4486 105
1266 4434 1320 4476 et
1380 4423 1496 4488 l07,
1549 4424 1685 4476 illius

173 4520 573 4585 exercitationis,
598 4520 662 4572 ad
679 4518 954 4586 epistolam
974 4515 1405 4584 Lugdunensium
1429 4516 1686 4568 Christia-

175 4618 360 4669 norum,
395 4624 557 4675 quam
592 4608 809 4661 exhibet
843 4607 1099 4659 Eusebius
1141 4607 1233 4669 lib.
1294 4622 1324 4666 v
1364 4605 1529 4670 Hist.,
1566 4620 1682 4673 cap.

174 4695 215 4750 Ι.
240 4696 540 4770 Πινήγυριν
570 4700 711 4754 enim
747 4700 911 4761 illam,
947 4714 1062 4765 qua:
1106 4697 1345 4764 Lugduni
1391 4698 1685 4749 habebatur
1728 4739 1734 4747 .

174 4790 364 4851 quando
413 4790 668 4858 supplicia
722 4797 847 4841 sunt
879 4804 907 4839 a
959 4789 1286 4855 martyribus
1348 4796 1533 4840 exacta
1585 4785 1683 4839 sub

173 4873 439 4941 Antonino,
473 4882 538 4933 de
578 4888 842 4934 conventu
873 4878 1027 4930 trium
1062 4876 1352 4935 Galliarum
1383 4875 1682 4943 intelligen-

176 4962 276 5015 dam
298 4969 527 5036 scripsi;
565 4986 721 5039 quem
750 4985 817 5023 ex
858 4968 1127 5037 sexaginta
1153 4966 1363 5035 p0pulis
1397 4965 1677 5019 conflatum

176 5051 328 5107 docuit
374 5058 602 5123 Strabo,
635 5060 788 5128 cujus
832 5067 1060 5112 mentem
1097 5056 1323 5124 explicui
1368 5072 1511 5109 num.
1551 5054 1676 5119 102,

174 5152 372 5208 euntque
398 5158 520 5199 cum
554 5148 669 5200 loco
697 5146 867 5201 Taciti
893 5148 1174 5200 emendato
1201 5145 1491 5210 composui.
1539 5144 1679 5197 Ten;-

176 5230 263 5280 tavi
306 5245 513 5300 quoque
547 5235 793 5305 Gregorii
840 5235 1168 5289 Turonensis
1216 5236 1577 5291 testimonium
1615 5234 1677 5287 de

178 5320 468 5387 martyribus
481 5320 965 5389 Athanacensibus,
990 5342 1108 5379 cum
1135 5325 1219 5378 illa
1239 5327 1373 5392 apud
1393 5324 1674 5377 Eusebium

1787 4158 1998 4227 Γαλλίᾳ.
2034 4157 2193 4223 quue
2249 4161 2353 4223 ipse
2406 4163 2625 4223 primum
2681 4160 2735 4209 in
2794 4159 3096 4220 Dalmatia,
3150 4157 3323 4212 Gul/ia

1786 4256 1833 4298 et
1870 4246 2048 4308 Italia,
2080 4264 2137 4299 nc
2170 4246 2478 4299 Macedonia
2511 4249 2787 4313 prmatitit;
2813 4249 2901 4300 sed
2930 4248 2981 4299 in
3006 4246 3177 4301 Callia
3217 4265 3323 4313 pra:

1785 4336 2143 4399 Macrin-vel,
2196 4336 2237 4389 si
2273 4337 2443 4399 malis,
2498 4339 2807 4405 principium
2872 4339 3079 4406 rero_iu
3128 4334 3317 4390 Gallia.

1785 4426 2110 4494 Principium
2170 4428 2363 4481 fecisse
2424 4427 2816 4493 praedicationis
2873 4428 2923 4479 in
2973 4418 3163 4492 Gallia,
3212 4426 3324 4478 sive

1782 4519 2039 4583 potiorem
2072 4517 2185 4584 ejus
2210 4534 2389 4570 curam
2415 4519 2668 4586 gessisse.
2694 4518 3047 4570 disertissime
3079 4527 3319 4570 testatur.

1783 4608 1988 4677 Duplici
2052 4612 2247 4679 quippe
2305 4612 2700 4680 significatione
2762 4612 2874 4663 hinc
2920 4612 3079 4663 verba
3131 4609 3317 4675 exponi

1783 4710 2024 4768 possunt,
2058 4700 2200 4771 ἀρχὴ
2225 4700 2278 4752 δὲ
2312 4703 2367 4752 ὲν
2397 4704 2459 4770 τῇ
2486 4698 2702 4769 Γαλλίᾳ.
2734 4700 2883 4764 Quod
2907 4708 3078 4752 autem
3098 4698 3317 4763 primum

1781 4789 1831 4843 in
1862 4787 2125 4842 Dalmatia
2158 4792 2477 4858 praedicasse
2514 4792 2743 4852 dicatur,
2788 4789 2851 4840 ad
2903 4788 3067 4839 solam
3112 4786 3317 4839 Dalma-

1780 4881 1906 4932 tiam
1943 4882 2281 4932 relerendum
2324 4896 2427 4931 non
2484 4889 2587 4942 est,
2640 4881 2732 4932 sed
2764 4881 2827 4932 ad
2856 4878 3080 4935 Galliam
3116 4876 3311 4941 etiam,

1779 4979 1939 5036 atque
1977 4970 2205 5031 ltaliam,
2248 4970 2427 5023 habita
2478 4973 2685 5027 ratione
2734 4970 3070 5029 Macedonia},
3114 4966 3163 5017 in
3208 4978 3313 5032 qua

1776 5059 2062 5112 erudienda
2106 5062 2311 5111 demum
2364 5059 2645 5112 laboravit.
2707 5060 2833 5130 Qua:
2880 5058 3043 5111 dictio
3086 5055 3315 5108 fortasse

1775 5150 2105 5201 restituenda
2140 5158 2224 5201 est
2250 5150 2301 5200 in
2331 5160 2605 5213 contextu,
2641 5150 2788 5201 utsit
2825 5148 2965 5214 quod
2996 5145 3313 5211 respoadeat

1774 5237 1848 5306 τῷ
1892 5239 2135 5304 primum.
2190 5237 2387 5305 Sicque
2445 5239 2571 5291 illud
2618 5240 2843 5304 primum
2872 5250 2983 5287 .non
3034 5233 3311 5301 impediet,

1775 5325 1898 5392 quin
1947 5312 2210 5393 signiticet
2254 5326 2455 5378 ultimis
2484 5327 2662 5378 verbis
2704 5322 3059 5391 Epiphanius,
3112 5323 3315 5390 princi-

179 5409 452 5461 narratione
508 5413 818 5470 conciliare.
891 5417 1129 5485 Denique
1181 5418 1330 5489 lapsu
1382 5416 1556 5474 Rufini
1621 5424 1672 5467 et
1704 5415 1911 5483 Dpium
1942 5428 2118 5482 operte
2152 5430 2260 5467 sua:
2300 5414 2496 5467 Lucam
2518 5414 2760 5480 posuisse
2808 5411 2858 5462 in
2896 5410 3088 5463 Gallia.
3150 5412 3308 5471 Exci-

178 5494 616 5567 Christophorsoni
660 5502 978 5571 observato,
1025 5507 1199 5559 locum
1241 5506 1479 5574 epistolae
1535 5504 1674 5557 illius

181 5582 430 5656 insignem,
456 5589 521 5641 de
541 5587 896 5655 prchcnsiohe
925 5605 1238 5664 martyrum,
1266 5604 1318 5649 et
1355 5597 1419 5649 de
1441 5596 1671 5648 interro-

184 5675 359 5737 llllione
416 5677 557 5734 facta
614 5694 642 5733 δ
701 5680 912 5736 tribuno
962 5686 1191 5739 cohortis
1259 5701 1375 5754 quae
1427 5685 1672 5741 tendebat

1776 5503 1925 5571 piunt
1999 5504 2094 5555 viri
2153 5504 2383 5565 eruditi,
2430 5502 2635 5556 nescire
2690 5504 2748 5552 se
2795 5501 2859 5553 ab
2905 5500 3011 5553 ullo
3068 5510 3307 5556 veterum

1777 5603 2049 5645 auctorum
2068 5593 2294 5659 prodita,
2318 5606 2437 5660 quae
2465 5589 2677 5657 scripsit
2701 5589 3041 5656 Epiphanius.
3072 5593 3308 5649 Scilicet.

1778 5681 1881 5738 Sed
1917 5696 2018 5738 non
2051 5683 2168 5738 ideo
2197 5683 2370 5738 minus
2409 5689 2531 5735 sunt
2575 5695 2698 5734 vera
2744 5695 2861 5751 qua:
2914 5693 3059 5752 gesta
3120 5683 3306 5741 refert.
