3978 6342
524 408 585 461 δι
1810 401 2008 454 PETRI
2047 402 2132 453 DE
2170 402 2403 456 naues
2602 374 2605 375 ⁷
3659 411 3725 466 32

526 525 718 578 Petivit
745 524 831 577 ille
855 539 1005 578 suam
1042 526 1405 578 narrationem
1439 542 1501 579 ex
1536 527 1821 601 vetustiori
1858 528 2074 586 scripto-
2110 537 2152 589 Α
2187 528 2505 595 Epiphanio,
2531 528 2911 600 Chrysostomo
2938 544 2998 582 ac
3031 528 3390 591 Theodoreto,
3428 539 3481 582 et
3510 544 3539 583 e
3579 530 3722 584 Lati-

530 633 605 677 re,
638 632 761 681 quo,
786 627 839 668 ut
858 618 1126 683 plerisque
1147 618 1288 681 aliis,
1312 632 1581 669 caremus.
1608 617 1858 687 Fortasse
1879 634 1943 669 ex
1978 618 2080 670 He-

529 708 747 774 gesippo
780 708 902 760 illud
933 709 1224 769 hauserat,
1262 708 1350 772 qtti
1382 709 1431 760 in
1479 710 1776 775 paudendis
1812 709 2079 763 Ecclesia-

530 814 642 849 rnm
666 799 961 866 originibus
986 814 1043 851 se
1071 801 1335 852 exercuit.
1361 800 1617 852 Exstabat
1654 800 1919 865 integrum
1947 815 2081 866 opus

530 890 835 959 Ilegesippi,
881 907 984 943 non
1035 892 1207 944 solum
1257 892 1502 953 Eusebii,
1557 892 1649 943 sed
1686 894 1846 943 etiam
1902 891 2083 945 Ilieroo

529 981 667 1048 nymi
706 982 1059 1047 temporibus,
1095 991 1256 1048 atque
1288 982 1419 1034 adeo
1454 981 1758 1049 Epipltanii.
1795 981 2082 1047 Supererat

528 1084 739 1136 quoque
772 1070 987 1137 Georgii
1049 1070 1284 1139 Syttcelli
1321 1080 1515 1134 aelate,
1563 1073 1651 1140 qtti
1693 1071 1807 1137 ejus
1844 1073 2080 1125 auctoris

529 1158 889 1226 fragmentum
947 1160 1146 1227 profert
1181 1163 1231 1213 in
1268 1161 1548 1227 Chronico,
1586 1164 1727 1213 alittd
1757 1178 1782 1213 a
1821 1162 2081 1231 fragmen-

532 1253 600 1303 tis
645 1267 764 1318 qua}
813 1253 1002 1305 recitat
1039 1253 1317 1306 Eusebius.
1365 1252 1593 1308 Gravius
1650 1255 1802 1308 doleo
1860 1255 1926 1307 de
1976 1255 2076 1305 viri

532 1344 669 1395 illius
706 1345 1085 1406 eruditissimi,
1128 1347 1328 1412 tibique
1370 1363 1431 1399 ac
1470 1348 1598 1399 mihi
1645 1348 1911 1413 quondam
1942 1347 2077 1398 ami-

528 1436 728 1487 cissimi
783 1435 1147 1501 glossemate,
1192 1438 1366 1504 quiin
1410 1439 1969 1491 animadversiouilms
2013 1439 2077 1489 ad

528 1542 647 1577 eum
704 1525 989 1592 Epiphanii
1035 1526 1230 1585 locum,
1268 1529 1375 1577 vim
1426 1528 1725 1579 testimonii.
1761 1528 1900 1577 illius
1930 1529 2080 1578 nobis

529 1619 764 1670 adimere
801 1629 1045 1670 conatur.
1094 1620 1168 1671 De
1207 1618 1379 1672 Gallia
1428 1621 1569 1672 enim
1596 1619 1881 1691 Cisalpina
1936 1618 2077 1685 loqui

534 1706 881 1773 Epiphaniam
916 1718 1083 1759 notat.
1142 1707 1361 1761 Scilicet
1412 1710 1551 1777 apud
1611 1708 1757 1760 illum
1806 1719 2077 1761 auctorem

530 1798 854 1864 Cisalpinam
895 1798 1119 1852 Galliam
1170 1801 1554 1866 intelligimus,
1602 1815 1718 1865 qum
1768 1802 1905 1851 nulla
1957 1812 2080 1851 tunc

2182 620 2263 668 n'is
2313 618 2658 689 llierOuymo,
2692 629 2809 687 post
2866 621 3092 687 primum
3142 622 3427 673 adventum
3471 630 3624 673 suum
3670 620 3722 674 tn

2180 705 2399 772 Urbem,
2432 710 2518 761 ubi
2551 710 2819 761 biennium
2853 712 3025 777 exegit
3091 723 3116 760 a
3176 705 3315 758 Luca
3373 715 3721 760 memoratum

2179 796 2305 866 (quo
2350 800 2602 864 temporis
2640 800 2916 851 intervallo
2959 801 3161 853 lortean
3202 800 3373 853 Lucas
3433 802 3481 851 in
3552 801 3725 855 Gallia

2178 887 2610 952 prmdicationem
2646 888 2914 955 Evangelii
2962 890 3273 956 auspicatus
3331 887 3471 959 est),
3530 888 3727 957 Hispa-

2180 978 2296 1029 nias
2328 978 2518 1040 adivit,
2555 979 2617 1031 ad
2665 979 3104 1046 pronutlgandam
3156 980 3262 1031 illis
3314 980 3365 1032 in
3418 971 3729 1046 regionibus

2177 1071 2536 1123 Christianam
2580 1070 2757 1122 fidem.
2809 1070 2967 1136 Atqui
3019 1071 3298 1138 IIispauias
3337 1073 3557 1138 petenti,
3600 1087 3725 1137 per-

2178 1162 2403 1229 gendum
2435 1161 2534 1213 fuit
2564 1177 2661 1228 per
2701 1162 3108 1215 celeberrimam
3145 1164 3279 1229 apud
3337 1172 3546 1216 veteres
3584 1164 3724 1216 viam

2178 1252 2321 1303 illam
2354 1252 2648 1320 publicam,
2684 1266 2803 1318 qnzc
2835 1254 2901 1303 ah
2934 1252 3085 1303 Italia
3123 1267 3217 1317 per
3264 1251 3465 1306 Gallias
3491 1253 3542 1305 itt
3572 1254 3729 1305 Batti-

2176 1358 2293 1395 cam
2329 1345 2496 1411 ipsam
2544 1344 2708 1395 ducit.
2759 1344 2885 1411 Ejus
2922 1344 3334 1410 descriptionem
3375 1346 3589 1397 exhibet
3622 1361 3726 1398 non

2178 1436 2346 1487 solum
2374 1434 2629 1487 Antonini
2660 1434 3003 1487 ltinerarium
3034 1450 3060 1485 a
3105 1434 3274 1486 Nicaea
3307 1451 3400 1501 per
3431 1436 3728 1501 Arelatem,

2176 1526 2504 1588 Narbonem,
2548 1541 2815 1577 summum
2850 1525 3187 1595 Pyrenmum;
3234 1526 3566 1589 Juncariam,
3600 1528 3733 1581 Bar-

2177 1617 2450 1679 cinonem,
2500 1615 2793 1683 etreliqua
2845 1616 3004 1669 loca:
3055 1615 3144 1683 sed
3188 1618 3347 1668 etiam
3380 1617 3591 1682 Strabo,
3636 1619 3728 1686 qui

2178 1706 2364 1757 sedulo
2404 1720 2462 1757 se
2506 1705 2693 1756 habuit
2726 1706 2776 1756 in
2810 1706 2911 1757 viae
2940 1704 3081 1757 illius
3130 1705 3493 1772 explicatione
3523 1723 3537 1761 :
3570 1722 3728 1775 quam

2181 1796 2230 1846 iu
2264 1797 2531 1863 plerisque
2560 1795 2823 1862 capitibus
2854 1796 3031 1847 minus
3063 1794 3128 1847 ab
3164 1796 3546 1862 interpretibus
3583 1799 3743 1850 intela

528 1900 664 1953 erat,
695 1892 760 1941 ah
797 1892 924 1958 ipsis
955 1892 1175 1959 Augusti
1210 1892 1571 1957 temporihuS,
1616 1892 1705 1957 qui
1742 1906 1929 1942 novant
1964 1907 2084 1957 pro-
2115 1872 2155 1924 Β
2187 1887 2400 1947 lectam,
2435 1901 2531 1938 nos
2562 1885 2863 1951 patefacere
2900 1886 3075 1939 conati
3133 1901 3319 1939 sumus
3368 1887 3503 1943 libro
3558 1891 3733 1957 primo

527 1983 822 2033 viuciarum
850 1983 1054 2048 imperii
1086 1984 1400 2034 divisionem
1432 1982 1687 2033 instituit.
1747 1982 1967 2034 Atnovit
2022 1979 2087 2031 ah

528 2072 676 2123 Italia
706 2088 894 2125 nomen
933 2072 1398 2140 Galliarum.quas
1430 2074 1639 2137 objectn
1664 2073 1873 2139 Alpium
1904 2072 2088 2123 termi-

528 2163 705 2224 navit;
766 2162 971 2213 Italiam
1033 2163 1255 2215 solidam
1315 2165 1367 2215 itt
1417 2165 1667 2231 regiones
1727 2180 1778 2216 XI
1832 2164 2081 2231 partitus,

525 2254 711 2307 Galliis
735 2256 785 2306 in
810 2265 1036 2321 quatuor
1061 2256 1387 2322 provincias,
1419 2256 1846 2315 Narbonensem,
1876 2254 2087 2321 Lugdu—

528 2360 771 2408 nensem,
811 2344 1110 2413 Belgicam,
1145 2354 1196 2398 et
1221 2346 1599 2413 Aquitanicam
1625 2388 1636 2407 ,
1677 2347 1870 2409 sectis;
1905 2357 1961 2397 ut
1993 2346 2083 2396 do-

526 2446 652 2489 cent
692 2436 909 2498 Strabo,
942 2437 1072 2489 Mela
1106 2448 1157 2490 et
1183 2430 1415 2491 Plinius.
1451 2438 1618 2502 Quam
1653 2440 1917 2491 rationem
1954 2452 2083 2505 quo-

533 2544 635 2594 que
664 2539 881 2582 secutus
916 2538 998 2581 est
1048 2529 1367 2582 Ptolemteus
1408 2532 1458 2582 itt
1496 2533 1608 2583 suis
1650 2530 1879 2592 tabulis,
1930 2540 1984 2579 nt
2032 2538 2081 2581 et

528 2620 866 2683 Ammianus,
924 2637 983 2672 ac
1034 2620 1251 2688 reliqui,
1305 2636 1438 2688 quos
1493 2622 1559 2674 de
1599 2622 1786 2675 Galliis
1838 2630 1891 2673 et
1937 2621 2082 2672 Italia

530 2711 797 2762 disserere
831 2699 1042 2763 occasio
1088 2711 1281 2776 coegit.
1310 2710 1498 2778 Itaque
1542 2729 1642 2764 non
1686 2714 1789 2762 alia
1833 2722 1913 2763 est
1948 2713 2081 2776 apud

534 2799 888 2865 l‘lpiphanittm
923 2799 1119 2862 Gallia,
1168 2815 1328 2866 quam
1362 2816 1479 2867 qum
1513 2812 1633 2867 post
1679 2800 1949 2853 Christum
1990 2817 2084 2850 ιιίι⁶

536 2895 642 2935 tum
677 2885 743 2937 ab
773 2887 1018 2939 omnibus
1061 2889 1373 2939 auctoribus
1427 2900 1650 2941 vocatur
1676 2890 1887 2955 Gallia,
1929 2889 2081 2956 juxta

534 2974 733 3029 limites
773 2975 836 3027 ab
868 2978 1107 3043 Augusto
1143 2978 1440 3029 institutos.

602 3064 716 3118 Non
761 3065 929 3118 solum
970 3060 1149 3118 autem
1206 3066 1403 3121 Lucam
1452 3069 1813 3123 adhibuerunt
1855 3068 2080 3136 apostoli

534 3156 599 3207 ad
621 3154 984 3209 infortttandas
1012 3158 1063 3209 itt
1095 3157 1351 3226 religione
1385 3159 1606 3219 Gallias,
1638 3161 1730 3213 sed
1762 3161 1922 3212 etiam
1954 3161 2083 3213 Cre-

535 3258 795 3300 scentem.
850 3248 979 3314 Ejus
1046 3251 1119 3302 rei
1184 3252 1337 3303 testis
1393 3252 1504 3318 ipse
1565 3251 1780 3316 Paulus,
1842 3250 1883 3302 II
1936 3251 2077 3303 Tim.

532 3350 611 3404 tv,
643 3340 728 3406 qui
760 3340 977 3392 missum
1012 3339 1175 3393 fuisse
1204 3342 1355 3395 docet
1383 3342 1726 3395 Crescentem
1762 3345 1811 3394 itt
1836 3342 2081 3395 Galliam.

534 3431 754 3485 Certum
789 3431 1002 3498 quidem
1049 3442 1131 3485 est
1162 3433 1363 3484 variam
1410 3432 1575 3487 fuisse
1618 3434 1775 3498 hujus
1815 3436 1912 3485 loci
1951 3434 2087 3485 Pan-

537 3520 627 3572 Iini
657 3520 961 3576 lectionem.
1000 3522 1161 3573 etiam
1205 3524 1341 3588 apud
1389 3534 1616 3575 veteres.
1674 3524 1878 3574 Etenim
1914 3522 2076 3590 Chry-

534 3623 800 3663 sostomns
834 3622 888 3663 et
929 3612 1295 3665 Theodoretus
1326 3615 1464 3678 apud
1511 3613 1759 3675 Gnecos;
1825 3614 2085 3681 Vulgatns

539 3703 818 3769 interpres,
859 3714 911 3756 et
938 3704 1337 3756 Ambrosiaster
1364 3706 1501 3769 apud
1536 3705 1785 3768 Latinos,
1842 3704 2085 3771 legerunt

538 3790 819 3851 Galatiam,
865 3808 965 3845 non
1007 3803 1180 3844 autem
1223 3786 1473 3846 Calliam.
1536 3792 1639 3845 Sed
1688 3793 1992 3843 velttslioris
2035 3801 2087 3844 et

538 3884 764 3935 verioris
811 3883 1055 3937 lectionis
1084 3885 1347 3937 vindicem
1401 3884 1661 3938 habemus
1707 3884 2083 3951 Epiphanium,

538 3974 627 4041 qui
659 3984 969 4027 constanter
994 3975 1186 4028 scribit
1222 3977 1272 4026 in
1324 3976 1511 4028 Ita2rcsi
1565 3991 1613 4028 LI
1652 3991 1742 4028 eos
1770 3990 1955 4027 errare
1993 3975 2081 4041 qui

541 4064 642 4114 hoc
677 4064 790 4115 loco
837 4061 983 4114 Pauli
1014 4062 1277 4114 Galatiam
1324 4064 1539 4132 legunt.
1577 4082 1694 4117 cum
1739 4066 2081 4117 scribendum

541 4153 727 4203 doceat
778 4152 1021 4204 Calliam.
1068 4155 1139 4203 Οὐ
1188 4155 1295 4224 γὰρ
1325 4158 1379 4206 ὲν
1407 4160 1471 4227 τῇ
1518 4156 1777 4223 Γαλατίᾳ,
1827 4156 1901 4215 ὧς
1943 4173 2084 4218 τένες

543 4240 904 4310 πλανηθέντες
945 4243 1273 4312 νομίζουσιν.
1323 4244 1458 4298 ἀλλὰ
1507 4248 1561 4297 ἐν
1615 4246 1833 4314 Γαλλίᾳ.
1891 4245 2082 4297 Eodem

544 4338 699 4383 modo
765 4334 971 4383 creti-ris
1026 4337 1295 4399 antiquior
1342 4336 1603 4387 Eusebius
1672 4346 1791 4387 tuus
1849 4336 1977 4401 legit
2034 4336 2085 4388 in

543 4420 728 4473 codice
763 4420 909 4471 Pauli
943 4422 1203 4487 Calliam,
1241 4426 1684 4489 quemadmodum
1740 4426 2083 4491 Epiphanius,

545 4514 590 4566 si
635 4521 781 4563 recte
828 4513 987 4563 verba
1047 4511 1161 4577 ejus
1216 4514 1610 4579 expenduntur,
1678 4522 1729 4565 et
1773 4530 1894 4565 vera
1944 4517 2079 4581 apud
2118 4542 2161 4592 Β

543 4613 818 4656 auctorem
850 4601 995 4651 illum
1033 4600 1190 4653 lectio
1220 4604 1511 4653 retineatur
1542 4618 1605 4653 ex
1644 4602 1857 4665 Ilulino,
1891 4612 1941 4652 et
1974 4620 2088 4654 om-

542 4692 700 4745 nibus
731 4691 1001 4747 codicibus
1036 4706 1188 4753 mss.,
1227 4701 1282 4741 ttt
1305 4702 1357 4741 tu
1388 4692 1587 4743 diserte
1613 4693 1886 4744 monuisti.
1919 4691 2091 4743 Theo-

464 4822 477 4839 ,
544 4782 760 4835 doretus
804 4793 971 4843 sane,
1018 4781 1105 4845 qui
1142 4777 1368 4831 Calatia:
1392 4780 1681 4833 dictionem
1727 4781 1776 4831 in
1836 4773 2146 4832 contestu‘

543 4870 693 4925 Pauli
753 4870 967 4933 retinet,
1004 4868 1124 4922 licet
1175 4870 1240 4921 de
1286 4869 1495 4922 Galatia
1548 4869 1783 4921 Asiatica
1830 4872 2092 4936 potuisset

546 4964 686 5017 illam
714 4961 976 5028 accipere,
1018 4958 1205 5010 maluit.
1229 4960 1294 5011 ad
1328 4957 1551 5010 Galliam
1590 4968 1825 5011 nostram
1855 4999 1868 5021 ,
1912 4959 1963 5009 id
2012 4967 2093 5011 est

544 5055 607 5107 ad
639 5053 901 5109 Galatiam
930 5049 1319 5104 occidentalem
1350 5049 1567 5101 referre.
1606 5049 1754 5101 Adeo
1802 5060 1946 5101 certa
1973 5057 2090 5101 erat

544 5145 681 5211 apud
710 5158 896 5197 omnes
928 5150 1161 5203 veteres,
1190 5140 1496 5191 Crescentis
1543 5139 1596 5191 in
1631 5139 1799 5193 Gallia
1836 5141 2093 5207 preedica-

548 5236 638 5287 tio.
677 5234 729 5287 In
762 5250 867 5302 quo
894 5249 1012 5286 cum
1048 5232 1324 5305 veteribus
1371 5229 1601 5284 Usuardi
1632 5241 1687 5283 et
1716 5232 1918 5283 Adonis
1955 5232 2094 5282 Mar-

549 5327 823 5396 tyrologiis
854 5326 1205 5386 conveniunt;
1254 5323 1341 5390 qui
1397 5333 1513 5389 post
1540 5324 1693 5374 Iidem
1737 5339 1764 5374 a
1805 5323 2092 5375 Crescente

548 5420 598 5469 itt
646 5417 829 5471 Galliis
852 5417 1262 5485 promulgatam,
1310 5415 1603 5467 meminere
1644 5415 1841 5467 reditus
1873 5414 2012 5466 illius
2040 5414 2089 5465 in

547 5508 807 5561 Galatiam
842 5510 1153 5561 Asiaticam.

618 5596 901 5649 Enimvero
939 5600 1063 5665 quid
1111 5606 1277 5652 vetat,
1331 5596 1455 5663 qttin
1500 5594 1655 5646 Luca:
1700 5604 1753 5648 et
1795 5594 2089 5657 Cresccnli,

550 5687 777 5738 assiduis
819 5686 965 5739 Pauli
1012 5688 1316 5747 comitibus,
1369 5686 1722 5754 adjungamus
1763 5696 1815 5738 et
1870 5686 2089 5737 Paulum

550 5774 719 5840 ipsum
751 5778 1075 5843 apostolum,
1100 5779 1213 5847 qui,
1243 5779 1475 5832 testibus
1507 5775 1707 5831 Gt'aacis
1728 5818 1740 5841 ,
1778 5778 2088 5842 Athanasio,

2186 1974 2476 2028 Catalonia:
2520 1976 2819 2040 illustratw,
2859 1976 3009 2042 cujus
3054 1977 3341 2030 editionem
3381 1989 3731 2033 maturamus.

2185 2068 2297 2119 Non
2339 2070 2487 2122 iners
2540 2068 2640 2121 fuit
2674 2070 2868 2121 Paulus
2925 2070 2975 2122 in
3023 2068 3213 2122 Galliis
3255 2071 3585 2133 erudiendis,
3639 2073 3731 2138 qui

2184 2161 2421 2227 gentium
2474 2160 2699 2213 salutem
2728 2161 2825 2212 sibi
2862 2158 3168 2227 specialiter
3203 2165 3544 2214 commissam
3567 2203 3581 2225 ,
3623 2172 3733 2216 tam

2184 2250 2429 2319 ﬂagranti
2466 2254 2645 2305 studio
2684 2252 2993 2321 peragratis
3030 2252 3340 2320 regionibus
3379 2256 3737 2321 undequaun

2182 2344 2501 2410 procurabat
2534 2361 2547 2399 :
2581 2360 2685 2411 qua
2712 2346 2778 2395 de
2812 2358 2868 2395 re
2899 2344 3077 2395 statim
3113 2344 3329 2396 uberius
3360 2360 3597 2412 agemus.

2253 2432 2540 2485 Possumus
2569 2449 2780 2501 quoque
2824 2431 3049 2500 Philippi
3082 2434 3304 2497 apostoli
3340 2449 3558 2499 operam
3608 2434 3741 2487 Gal-

2182 2522 2266 2574 liis
2299 2524 2571 2575 vindicare
2602 2563 2617 2586 ,
2667 2525 2904 2591 ipsisque
2938 2523 3231 2575 Britanniis
3260 2563 3273 2585 ,
3306 2539 3373 2576 ex
3407 2525 3606 2578 Isidoro
3645 2526 3746 2578 Hi-

2181 2612 2432 2677 spalensi,
2464 2612 2555 2663 lib.
2591 2610 2662 2663 De
2703 2613 2805 2664 vita
2830 2623 2875 2664 et
2917 2626 3077 2663 marte
3120 2625 3417 2665 sanctorum
3446 2655 3459 2677 ,
3488 2630 3604 2683 Cap.
3644 2616 3743 2671 ⁸74.

2182 2703 2455 2769 Philippus
2505 2702 2675 2755 Gallis
2727 2705 2979 2771 prtett'icat
3040 2702 3340 2767 Christum;
3385 2705 3744 2773 barbarosque

2180 2806 2348 2862 gentes
2383 2796 2675 2861 vicinasque
2710 2796 2933 2849 tenebris
2955 2835 2967 2857 ,
3010 2805 3055 2847 et
3099 2795 3318 2845 tumenti
3363 2795 3570 2848 Oceano
3603 2814 3742 2848 con-

2172 2888 2409 2955 junctus,
2432 2889 2500 2938 nd
2528 2889 2760 2939 scientia:
2794 2888 2965 2937 lumen
2994 2888 3215 2954 ﬁdeique
3252 2898 3458 2952 portum
3491 2890 3735 2940 deducit.

2180 2979 2448 3045 Additqne
2499 2980 2602 3031 hoc
2633 2991 2855 3030 munere
2906 2974 3240 3042 perfunctum
3292 2975 3595 3043 Philippum
3624 3018 3638 3043 ,
3675 2980 3735 3029 in

2181 3065 2463 3137 Phrygiam
2500 3069 2798 3137 migrasse,
2843 3068 2929 3120 ubi
2975 3065 3242 3133 Hierapoli
3292 3068 3567 3122 occubuit.
3622 3069 3736 3121 Sed

2184 3161 2432 3222 quoniam
2464 3158 2608 3209 hunc
2649 3156 2941 3223 apostolum
2989 3154 3156 3209 Gallis
3194 3172 3409 3224 quoque
3434 3198 3447 3219 ,
3488 3168 3595 3210 tum
3633 3157 3741 3209 Ba-

2188 3252 2387 3312 ronius,
2424 3261 2533 3301 tum
2559 3264 2621 3301 eo
2653 3250 2786 3301 duce
2814 3250 2901 3301 alii
2932 3250 3249 3302 subtrahere
3282 3260 3567 3312 conantur,
3602 3266 3741 3302 nar-

2186 3344 2444 3394 rationem
2478 3342 2630 3392 istam
2667 3340 2731 3390 ad
2781 3340 2999 3393 Galatas
3048 3340 3314 3393 Asiaticos
3364 3341 3739 3405 traducendo,

2189 3448 2288 3483 non
2342 3431 2540 3497 pigebit
2572 3433 2669 3481 viri
2717 3432 3106 3493 eruditissimi,
3160 3431 3287 3484 licet
3335 3447 3365 3485 e
3412 3442 3740 3486 uovatorum

2188 3536 2363 3589 grege,
2404 3521 2603 3573 UsSCl‘II
2643 3522 2965 3574 Arntacltani
3001 3526 3155 3576 verba
3190 3523 3277 3575 hic
3317 3526 3684 3578 transcribere
3710 3542 3744 3579 e

2188 3628 2305 3679 cap.
2371 3629 2404 3664 tt
2464 3613 2524 3663 de
2549 3612 2945 3678 Antiquitatibus
2999 3615 3352 3669 Ecclesinrum
3403 3616 3746 3671 Britannica-

2190 3720 2300 3753 rum
2327 3720 2343 3755 :
2372 3704 2518 3767 Quod
2545 3717 2711 3755 uutcm
2756 3707 2816 3757 de
2849 3704 3075 3771 Philippi
3111 3708 3163 3758 in
3210 3704 3395 3758 Galliis
3436 3708 3746 3771 npostolatu

2188 3793 2337 3843 habet
2369 3792 2641 3856 Freculfns
2684 3812 2711 3844 ιι
2745 3778 3193 3847 tllalmcsburiensi
3222 3798 3511 3854 citatust
3540 3794 3747 3849 Isidori

2198 3885 2331 3935 libro
2374 3886 2445 3937 De
2480 3886 2727 3938 I’alribus
2768 3898 3048 3954 utriusque
3079 3887 3408 3938 Testamenti
3434 3926 3448 3950 ,
3486 3903 3603 3951 cap.
3640 3888 3742 3947 74,

2186 3978 2253 4027 ad
2282 3979 2483 4029 verbum
2512 3979 2782 4042 expressit.
2820 3978 2969 4043 Apud
3006 3987 3277 4039 utrumque
3301 3978 3434 4028 enim
3465 3978 3683 4045 legimus
3725 3996 3746 4032 :

2198 4086 2214 4117 ‹
2262 4045 2560 4134 Philippum
2593 4066 2757 4118 Gallis
2795 4069 3102 4133 pra’dicasse
3143 4067 3427 4128 Christum,
3460 4067 3749 4122 barbaras-

2186 4175 2280 4225 que
2320 4168 2491 4223 gentes
2516 4197 2531 4222 ,
2562 4158 2855 4226 vicinasque
2899 4159 3147 4220 tenebris,
3198 4169 3243 4208 et
3275 4159 3490 4208 tumenti
3528 4158 3749 4211 Oceano

2188 4249 2488 4314 conjunctas
2511 4287 2524 4308 ,
2558 4249 2624 4298 ad
2651 4249 2882 4299 scientia:
2936 4248 3100 4298 lucem
3144 4248 3369 4313 ﬁ'lcique
3413 4262 3616 4314 portum
3650 4254 3743 4301 de-

2189 4337 2418 4386 duxisse.
2447 4353 2465 4384 ι
2510 4334 2687 4402 Neque
2707 4336 2788 4386 hic
2818 4334 2941 4386 mihi
2974 4334 3190 4384 Baronii
3217 4333 3511 4399 conjectura
3547 4335 3747 4400 placet,

2190 4424 2387 4477 Isidori
2432 4428 2531 4477 ista
2580 4444 2608 4476 α
2648 4425 2813 4479 Gallis
2866 4426 3051 4477 nostvis
3102 4425 3166 4474 ad
3207 4423 3425 4475 Galatas
3478 4426 3748 4479 Asiaticos

2189 4517 2505 4566 (reducentis
2534 4530 2552 4566 :
2576 4518 2837 4584 multoque
2867 4520 3040 4567 minus
3081 4514 3259 4578 nuperi
3295 4530 3503 4575 operum
3542 4514 3749 4569 Isidori

2190 4606 2422 4667 editoris,
2452 4603 2634 4655 Jacobi
2668 4606 2864 4657 Brculii
2889 4606 3147 4656 temeritas
3173 4644 3185 4665 ,
3217 4603 3420 4656 Galalis
3444 4620 3537 4668 pro
3567 4605 3749 4660 Gallis

2192 4691 2244 4741 in
2282 4693 2387 4753 ipso
2426 4702 2571 4743 textu
2616 4694 2749 4761 (sine
2774 4694 2879 4743 ulla
2905 4695 3083 4744 veteris
3112 4693 3345 4743 lectionis
3372 4680 3750 4747 commemora.-

2193 4777 2349 4845 tione)
2381 4783 2687 4843 reponentis.
2730 4778 2865 4830 Nam
2891 4790 3233 4847 pra'terquum
3257 4784 3395 4842 quod
3425 4782 3662 4836 Isidorus
3688 4785 3749 4839 in

2193 4871 2285 4919 hoc
2308 4870 2415 4929 ipso
2450 4888 2618 4937 opere,
2649 4888 2760 4936 cnp.
2794 4871 2879 4935 82,
2917 4880 2963 4921 et
2994 4873 3043 4921 in
3077 4870 3260 4923 Ollicio
3292 4869 3545 4925 Tolelauo
3578 4878 3747 4943 (quod

2194 4960 2465 5012 Col/ticum
2497 4972 2542 5011 et
2583 4960 2923 5013 Mozarabunt
2963 4962 3114 5029 vulgo
3147 4964 3483 5032 appellatur),
3516 4967 3751 5036 itemque

2192 5050 2437 5102 Julianus
2473 5051 2748 5103 Toletanus
2801 5052 3215 5116 archiepiswpus
3256 5054 3310 5104 in
3356 5053 3565 5108 Nahum
3608 5075 3748 5125 pro-

2191 5151 2395 5213 phetam
2426 5148 2672 5211 scribens,
2708 5158 2751 5197 et
2794 5145 2936 5197 Beda
2968 5146 3062 5213 (vel
3090 5149 3377 5216 quicunque
3426 5162 3607 5204 auctor
3635 5154 3749 5219 fuit

2194 5236 2653 5288 Collectaueorum
2703 5248 2753 5288 et.
2788 5235 3025 5307 Florum)
3068 5238 3303 5305 Philippo
3335 5240 3555 5295 Galliam
3596 5246 3746 5297 assi-

2192 5338 2347 5394 gnant
2378 5343 2393 5377 :
2449 5328 2678 5393 idemque
2705 5327 2867 5379 Gallis
2902 5328 3273 5392 [II'iBlllCﬂVlssc
3300 5331 3569 5386 Christum
3602 5336 3751 5403 legi-

2194 5430 2277 5465 tur
2311 5417 2359 5465 in
2383 5415 2555 5465 libello
2590 5415 2660 5465 De
2690 5417 2834 5466 festis
2860 5416 3241 5483 apostolorum,
3271 5424 3359 5485 qui
3390 5426 3440 5473 in
3472 5421 3750 5492 Ilia-any-

2192 5506 2367 5554 miano
2410 5502 2787 5570 Murtyrologio
2828 5520 2921 5554 ms.
2968 5506 3182 5556 habetur
3222 5510 3303 5575 (ea:
3346 5528 3445 5575 quo
3491 5510 3750 5576 pleraque

2194 5596 2365 5645 omnia
2389 5597 2442 5643 in
2476 5594 2663 5644 librant
2689 5612 2837 5645 suum
2866 5597 2934 5649 De
2965 5596 3212 5659 Patribus
3240 5599 3367 5652 Novi
3405 5601 3749 5656 Testatnenti

2194 5683 2517 5747 trunscripsit
2576 5680 2901 5752 Isidorus):
2945 5686 3034 5735 illa
3090 5688 3429 5739 bmbmturum
3494 5689 3740 5753 gentium

2197 5774 2399 5826 Oceano
2433 5775 2823 5841 Ccnjunctarum
2852 5777 3055 5841 mentio,
3084 5776 3363 5843 Europaeos
3399 5775 3597 5841 Gallos,
3634 5794 3747 5834 non
