3996 6342
277 285 342 342 33
1232 288 1565 342 EPISTULA
1603 289 1692 342 AD
1730 287 2085 344 HENRICUM
2124 287 2491 346 VALESIUM.

3395 299 3462 350 34

277 402 654 461 ειτηερ-(ἔνατος
692 409 756 460 ab
793 408 1002 462 Isidoro
1037 409 1320 462 intellectas
1357 427 1466 462 esse
1497 412 1627 463 satis
1671 411 1808 462 evin-
1841 416 1887 470 Α
1915 410 1987 463 les
2012 453 2026 475 ,
2061 413 2148 464 sed
2183 424 2352 465 tamen
2382 411 2551 465 virtus
2575 414 2871 467 traditionis
2905 431 3007 468 una
3053 419 3102 469 et
3133 419 3310 470 eadem
3357 430 3455 476 est.

275 496 364 549 cit.

346 583 437 638 His
471 586 862 655 adjungendum
905 587 1084 655 putavi
1135 587 1495 639 testimonium
1557 590 1809 641 vetustis-

277 680 391 732 simi
424 681 618 731 codicis
645 678 989 744 manuscripti
1019 692 1080 729 ex
1100 677 1415 729 bibliotheca
1452 678 1637 730 Sancti
1670 677 1807 731 Ger-

278 769 413 820 mani
446 767 783 833 Parisiensis,
822 771 871 821 in
895 784 999 836 quo
1032 771 1130 820 iste
1165 777 1429 824 tractatus
1457 767 1641 821 Isidori
1688 779 1811 823 ante

277 861 598 926 octingentos
644 875 811 912 annos
841 860 1158 926 descriptus.
1212 876 1315 912 una
1348 877 1466 914 cum
1515 861 1634 913 aliis
1660 861 1805 930 ejus-

277 951 388 1002 dem
418 952 649 1002 auctoris
681 952 831 1003 libris
881 953 1202 1014 continetur,
1251 952 1337 1003 ubi
1398 953 1610 1020 antiqua
1647 953 1804 1004 lectio

275 1043 619 1096 disertissime
665 1043 874 1109 pra-.[ert
908 1043 1200 1112 Philippum
1252 1042 1417 1095 Collis
1446 1045 1762 1107 praulicasse
1787 1085 1802 1109 ,

275 1135 713 1200 quemadmodum
743 1151 860 1203 cap.
888 1136 975 1197 8'2,
1011 1136 1237 1188 habetur
1269 1134 1495 1188 Galliam
1537 1136 1609 1186 illi
1641 1135 1805 1188 fuisse

273 1211 611 1292 assignatam.
639 1225 1197 1279 Necdissiumlandum
1225 1235 1306 1278 est
1330 1228 1380 1278 in
1411 1227 1593 1278 eodem
1621 1228 1736 1278 cod‘
1778 1248 1805 1278 δ

273 1317 400 1384 legi,
427 1317 731 1385 Hispaniam
766 1318 966 1370 Jacobo
994 1315 1644 1385 apostolodatam,eumqr
1669 1359 1679 1367 _.
1712 1317 1804 1369 lli-

185 1420 191 1428 '
271 1411 445 1477 spanis
495 1410 648 1463 ﬁdem
697 1411 1029 1479 pradicasse.
1063 1410 1190 1476 Qute
1223 1420 1416 1462 vetusti
1453 1409 1655 1462 codicis
1705 1425 1801 1461 au-

271 1502 484 1553 ctoritas
517 1517 545 1553 a
576 1503 892 1570 quibusdam
927 1512 1238 1569 conceptam
1291 1501 1647 1567 suspicio-nem
1690 1501 1803 1551 exi-

272 1607 410 1642 mere
439 1594 595 1645 debet
625 1593 822 1645 vitiata:
852 1592 1055 1645 fortean
1101 1593 1218 1646 loco
1250 1593 1302 1646 in
1337 1593 1431 1644 illo
1473 1592 1719 1643 lectionis
1748 1591 1799 1643 in

269 1685 531 1749 prioribus
576 1684 900 1738 editionibus
936 1687 1000 1736 ab
1047 1685 1230 1752 aliquo
1279 1684 1632 1752 Hispanorum
1683 1700 1803 1750 par-

269 1772 395 1822 timn
429 1773 683 1825 studioso.
737 1773 1077 1842 Disceptatur
1111 1776 1323 1843 quidem
1373 1777 1510 1842 apud
1563 1777 1800 1826 eruditos
1834 1756 1872 1809 Β

269 1863 329 1913 de
360 1860 540 1916 JaCobi
592 1865 640 1916 in
682 1864 988 1934 Hispaniam
1031 1869 1258 1919 adventu
1287 1903 1304 1927 ς
1335 1883 1395 1918 ex
1443 1885 1508 1920 co
1538 1869 1802 1934 przecipue

267 1957 470 2021 capite,
508 1957 645 2022 quod
677 1957 899 2022 apostoli
949 1957 1176 2008 nondum
1227 1975 1254 2009 a
1297 1958 1475 2013 Jud;ea
1505 1998 1519 2019 ,
1569 1960 1800 2011 sortibus

268 2047 363 2098 sibi
399 2047 537 2113 :Iputl
585 2057 767 2114 gentes
805 2047 1122 2114 praedicandi
1175 2049 1476 2101 diStl'ilttttis
1506 2089 1518 2108 ,
1547 2048 1799 2100 recessis-

269 2143 400 2187 sent.
448 2135 550 2187 Sed
589 2135 1031 2202 (piemadtnodum
1078 2138 1395 2204 auctoritate
1445 2136 1668 2200 lsidori,
1703 2140 1792 2204 qui

268 2241 357 2278 sua
388 2241 450 2277 ex
501 2225 769 2290 prioribus
802 2225 1013 2278 haurire
1059 2230 1248 2293 potuit,
1293 2241 1349 2276 se
1401 2225 1527 2276 tueri
1567 2230 1785 2290 possunt

270 2315 475 2383 llispani
521 2317 773 2368 adversus
812 2315 1073 2384 opinionis
1099 2313 1334 2367 conﬁcta:
1360 2314 1639 2368 novitatem
1671 2329 1788 2383 qua:

268 2409 366 2460 illis
412 2409 603 2474 OppOIIl
636 2408 809 2470 solet,
857 2410 924 2458 ita
959 2407 1110 2460 nobis
1153 2406 1218 2459 de
1264 2407 1505 2475 Philippo
1533 2407 1792 2461 disserere

268 2499 421 2560 licet,
454 2515 516 2552 eo
569 2508 742 2552 tamen
792 2499 1070 2561 securius,
1126 2499 1265 2565 quod
1308 2499 1447 2550 illius
1492 2499 1798 2564 praedicatio

267 2592 396 2658 apud
424 2589 623 2644 Gallias
669 2608 788 2644 cum
824 2591 1019 2644 incidat
1069 2600 1186 2659 post
1217 2591 1550 2642 sortitionem
1582 2591 1799 2656 provin-

265 2681 467 2734 ciarum
497 2683 562 2734 ab
607 2681 864 2749 apostolis
899 2681 1088 2733 factam
1118 2722 1130 2744 ,
1163 2681 1327 2732 libera
1361 2689 1444 2733 est
1473 2679 1539 2730 ab
1577 2695 1639 2732 eo
1673 2678 1796 2742 telo,

265 2785 365 2836 quo
393 2772 698 2837 prmdicatio
737 2769 920 2825 Jacobi
951 2770 1086 2837 apud
1119 2770 1383 2837 Hispanos
1413 2769 1596 2836 impeti
1642 2771 1795 2822 solet.

265 2859 520 2912 Cancrum
579 2861 704 2913 illud
757 2861 857 2913 fuit
909 2859 1267 2928 apostolorum
1324 2859 1694 2928 propositum,
1745 2865 1800 2908 ut

265 2965 684 3017 quaquaversum
730 2952 873 3004 orbis
908 2960 1091 3019 patet,
1146 2951 1486 3017 Evangelium
1532 2949 1796 3002 dillunde-

265 3051 399 3103 rent,
436 3057 499 3092 ex
535 3043 784 3093 mamlato
808 3042 1028 3094 Christi.
1059 3042 1235 3105 Quare
1259 3081 1274 3104 ,
1309 3053 1364 3094 ut
1395 3041 1592 3109 optime
1634 3041 1794 3092 aduo-

267 3129 686 3192 tavitEusebius,
713 3130 800 3185 lib.
828 3147 885 3185 ιιι
920 3132 1203 3185 Demonstr.
1234 3131 1428 3199 Evang.
1465 3147 1580 3199 cap.
1608 3132 1664 3194 5,
1693 3148 1796 3184 non

261 3222 428 3274 solum
467 3222 690 3275 Romam
726 3234 886 3295 caput
931 3223 1161 3290 imperii,
1192 3234 1350 3290 atque
1377 3212 1646 3275 Romanas
1676 3239 1796 3290 pro-

261 3311 478 3372 vincias,
507 3313 598 3364 sed
630 3312 792 3364 etiam
823 3312 922 3363 alia
959 3327 1136 3378 regna,
1158 3321 1267 3365 tum
1304 3312 1659 3376 Parthorum,
1688 3323 1794 3364 tum

261 3399 628 3452 Armeniorum
657 3440 672 3462 ,
725 3402 1042 3470 Scytharum
1070 3443 1083 3466 ,
1120 3403 1364 3456 Indorum
1394 3445 1408 3466 ,
1441 3402 1752 3468 IEthiopum
1777 3443 1792 3465 ,

262 3491 468 3558 ipsimet
495 3492 959 3557 praedicationibus
992 3496 1100 3546 suis
1130 3495 1474 3546 instituerunt
1507 3513 1519 3546 :
1554 3496 1691 3558 adeo
1717 3505 1791 3558 ut,

261 3582 701 3649 quemadmodum
756 3583 1027 3650 subjungil
1073 3583 1329 3635 Eusebius
1359 3620 1375 3645 ,
1419 3583 1545 3647 ipsis
1596 3599 1794 3649 quoque

263 3674 572 3727 Britannicis
607 3673 816 3737 insulis,
857 3671 1114 3724 Oceanum
1143 3676 1460 3739 prtctcrcecti
1487 3714 1501 3737 ,
1540 3675 1662 3740 [idei
1709 3675 1793 3724 lu-

263 3782 367 3818 men
391 3765 689 3817 intulerint.
734 3764 876 3815 Sane
911 3761 1174 3813 neminem
1207 3771 1327 3826 puta
1364 3772 1467 3811 tam
1509 3762 1790 3826 insipidum

263 3858 346 3924 qui
396 3857 496 3909 sibi
527 3855 848 3924 persuadeat
871 3895 884 3920 ,
917 3857 980 3905 de
1009 3852 1189 3904 divisis
1229 3861 1339 3902 toto
1365 3852 1493 3901 orbe
1523 3849 1791 3903 Britannis

261 3945 515 3998 sollicitos
538 3945 806 4012 apostolos
834 3983 849 4005 ,
881 3940 1288 4007 negligentiores
1318 3937 1481 3989 fuisse
1513 3938 1563 3988 iu
1596 3935 1790 3990 Galliis

261 4053 349 4104 per
378 4053 515 4104 quas
549 4037 650 4089 iter
680 4043 760 4087 est
814 4036 878 4086 ad
912 4032 1238 4094 Britannias,
1268 4046 1360 4097 per
1387 4045 1443 4082 se
1473 4042 1562 4080 aut
1596 4045 1688 4096 per
1717 4029 1791 4080 le-

263 4141 408 4191 gaios
437 4128 665 4178 veritate
697 4123 1012 4176 imbuendis.
1053 4120 1201 4184 Quod
1243 4120 1452 4187 egregie
1481 4119 1550 4170 illi
1585 4121 1790 4186 praesti-

263 4226 435 4270 terunt
482 4233 574 4284 per
619 4214 916 4283 Philippum
949 4252 964 4275 ,
995 4228 1156 4264 unum
1201 4227 1264 4264 ex
1294 4226 1494 4264 eorum
1532 4212 1788 4279 collegio,

259 4303 478 4374 Lucam,
502 4307 844 4360 Crescentem
870 4344 884 4367 ,
913 4303 1292 4368 'l'hrophimum
1321 4343 1336 4366 ,
1376 4301 1617 4366 Paulum,
1653 4302 1792 4356 Mar-

1915 502 1981 554 Et
2009 520 2167 571 neque
2200 505 2278 555 lia'
2305 521 2422 574 qua:
2454 506 2506 557 in
2534 504 2818 558 Germania
2859 508 3091 574 (nudata:
3121 521 3238 560 sunt
3285 510 3458 562 Eccle-

1909 593 2034 658 sia',
2070 593 2224 644 aliter
2261 595 2515 656 credunt,
2554 608 2644 646 aut
2675 595 2830 646 aliter
2871 597 3081 647 tradunt
3117 611 3135 648 :
3177 614 3337 666 neque
3371 599 3454 651 hsu

1908 700 2027 751 qua:
2056 685 2108 735 in
2141 683 2305 736 lberis
2330 696 2448 736 sunt
2479 725 2492 748 ,
2542 703 2703 752 neque
2728 687 2807 739 lite
2839 704 2953 756 qua?
2977 689 3026 737 in
3059 687 3239 753 Celtis,
3294 707 3456 756 neque

1908 772 1989 822 lite
2011 789 2123 839 (μιαν
2151 775 2202 826 in
2245 773 2475 837 Oriente,
2497 792 2657 843 neque
2681 776 2766 827 lue
2795 793 2910 840 qua:
2933 780 2987 829 in
3011 777 3261 845 ZEgypto,
3294 795 3458 848 neque

1907 862 1986 912 Iuv
2012 878 2128 926 qua:
2160 864 2212 914 in
2251 862 2413 931 Libya
2437 904 2450 925 ,
2506 881 2664 932 neque
2707 867 2788 917 lia:
2824 884 2940 934 qua:
2981 869 3033 918 in
3072 869 3237 918 medio
3271 869 3452 920 mundi

1906 962 2026 1002 sunt
2058 955 2371 1007 constitutae.
2403 954 2506 1008 Sed
2545 959 2678 1009 sicut
2718 957 2796 1008 sol
2837 969 3075 1010 creatura
3113 957 3208 1010 Dei
3243 959 3297 1010 in
3340 961 3452 1012 uni-

1904 1058 2048 1092 verso
2079 1046 2270 1093 munito
2295 1061 2426 1096 unus
2454 1056 2498 1095 et
2537 1047 2669 1098 idem
2721 1058 2815 1108 est,
2851 1051 2926 1100 sic
2964 1059 3011 1100 et
3044 1050 3214 1100 lumen
3246 1061 3289 1100 et
3319 1067 3452 1116 prte-

1905 1135 2097 1185 tlicatio
2126 1136 2356 1186 veritatis
2375 1136 2562 1202 ubique
2589 1138 2745 1198 lucet,
2773 1148 2818 1189 et
2853 1139 3115 1192 illuminat
3155 1157 3327 1191 omnes
3357 1142 3451 1191 lto-

1903 1228 2065 1278 mines
2088 1228 2175 1289 qui
2198 1227 2371 1279 volunt
2399 1229 2468 1278 ad
2497 1230 2841 1294 cognitionem
2875 1231 3104 1282 veritatis
3130 1232 3321 1284 venire.
3355 1232 3446 1285 ltla

1907 1326 2218 1382 tempestate
2249 1357 2262 1378 ,
2313 1317 2618 1370 Ccrmanim
2671 1321 2881 1387 quidem
2932 1329 2983 1373 et
3036 1320 3280 1388 Hispanis
3325 1337 3450 1376 suas

1903 1404 2167 1458 Ecclesias
2203 1406 2367 1457 nostri
2401 1405 2698 1459 libera!iter
2749 1408 2950 1476 absque
2981 1409 3080 1463 ulla
3110 1414 3448 1467 restrictione

1903 1495 2213 1557 concedent,
2245 1497 2336 1549 sed
2368 1497 2800 1564 diglzuliabtmlttr
2842 1501 2905 1553 de
2938 1500 3100 1554 Celtis
3129 1514 3314 1554 contra
3344 1504 3450 1557 Ire-

1903 1603 2072 1638 nzeum
2111 1606 2124 1640 :
2155 1587 2242 1654 qui
2276 1587 2601 1656 generaliter
2628 1605 2748 1642 cum
2784 1592 2853 1642 sit
2898 1590 3104 1643 locutus
3151 1592 3213 1644 de
3243 1592 3402 1646 Celtis
3432 1634 3446 1655 ,

1902 1678 2016 1744 ejus
2047 1681 2365 1732 sententiam
2398 1681 2460 1731 ad
2496 1681 2779 1748 specialem
2817 1690 3044 1734 tractum
3082 1679 3336 1751 Lugduno
3369 1685 3451 1738 vi-

1901 1771 2075 1821 cinum
2105 1771 2362 1824 invidiose
2389 1775 2742 1831 cocreelmnt.,
2767 1773 2916 1825 Absit
2947 1772 3082 1826 livor
3123 1775 3220 1827 iste
3250 1768 3289 1827 ar
3319 1775 3444 1829 Gal-

1903 1859 2070 1911 lorum
2103 1860 2407 1927 pectoribus
2433 1901 2448 1922 ,
2495 1878 2663 1928 neque
2688 1866 2862 1930 gentis
2890 1865 3076 1916 honori
3110 1881 3299 1919 manus
3334 1883 3445 1919 νιο-

1901 1949 2071 2001 lentas
2102 1949 2356 2014 inferant,
2395 1953 2482 2003 cui
2529 1956 2694 2005 exteri
2730 1967 2994 2019 parcunt,
3033 1971 3196 2022 seque
3225 1958 3443 2009 multum

1898 2041 2170 2094 venditant
2205 2058 2268 2093 eo
2300 2043 2512 2094 nomine
2543 2086 2556 2107 ,
2592 2046 2730 2110 quod
2763 2047 2908 2111 paria
2942 2048 3215 2099 nobiscum
3251 2046 3446 2098 facian'

1899 2137 1950 2188 in
2000 2135 2118 2188 ﬁdei
2154 2144 2417 2202 susceptm
2452 2133 2636 2188 initiis.
2674 2134 2814 2186 Sane
2849 2149 2953 2200 quo
2991 2135 3040 2184 iu
3077 2147 3217 2188 statu
3260 2142 3403 2187 esset

1899 2226 2075 2277 Irena3i
2105 2232 2261 2277 suate
2290 2266 2302 2287 ,
2333 2223 2462 2275 ﬁdes
2491 2225 2795 2299 Christiana
2833 2226 2970 2290 apud
3004 2224 3185 2278 Gallos
3210 2267 3223 2288 ,
3259 2225 3344 2277 ille
3373 2225 3446 2278 fa-

1894 2314 1993 2364 cile
2023 2313 2268 2378 conjiciet
2295 2356 2309 2377 ,
2336 2317 2423 2382 qui
2458 2315 2841 2369 Tertulliaimm
2878 2317 3096 2385 triginta
3129 2327 3256 2387 post
3285 2323 3442 2372 annis

1896 2405 2241 2457 disserentem
2291 2406 2602 2472 expenderit
2653 2407 2718 2460 de
2767 2421 2980 2475 recepto
3015 2409 3298 2476 Evangelia
3349 2428 3443 2476 per

1898 2508 2080 2545 (mines
2111 2493 2348 2547 Orientis
2383 2504 2622 2561 tractus;
2667 2498 2860 2565 quibus
2888 2515 3006 2550 mox
3053 2501 3441 2568 subjuuguntur

1900 2583 1965 2634 ab
1993 2575 2225 2644 auctore,
2259 2581 2582 2636 Ctetulornm
2612 2574 2919 2651 irarietates,
2963 2588 3262 2642 Maurorum
3305 2594 3444 2643 mul-

1899 2672 2080 2738 tiﬁnes
2105 2714 2118 2737 ,
2164 2673 2545 2738 Hispaniarum
2584 2694 2757 2729 omnes
2793 2679 3000 2730 termini
3028 2720 3041 2740 ,
3074 2692 3118 2732 et
3153 2680 3441 2734 Galliarum

1899 2765 2112 2816 diversa?
2146 2766 2396 2822 nationes.
2423 2776 2468 2816 et
2496 2765 2869 2820 Britannorum
2903 2771 3165 2823 inaccessa
3200 2771 3442 2825 Romanis

1899 2855 2030 2918 loca,
2060 2853 2272 2907 Christo
2304 2872 2416 2909 vero
2447 2859 2656 2908 subdita
2693 2871 2712 2907 :
2745 2869 2789 2909 et
2819 2857 3184 2914 Sarmatarum
3205 2906 3217 2926 ,
3258 2875 3303 2913 et
3335 2865 3442 2914 Da-

1897 2963 2094 3008 corum,
2120 2958 2166 2998 et
2195 2944 2594 3010 Germanorum,
2619 2957 2662 2999 et
2689 2947 3022 3018 Scytharum,
3055 2961 3100 3001 et
3143 2952 3438 3004 abditarum

1902 3040 2180 3091 multarum
2231 3039 2462 3105 gentium
2521 3049 2567 3089 et
2619 3042 3002 3104 provinciarum
3054 3053 3101 3093 et
3153 3044 3442 3096 insularum

1902 3130 2184 3183 multarum
2229 3131 2374 3181 nobis
2416 3130 2708 3196 ignotarum
2739 3171 2752 3194 ,
2795 3140 2843 3182 et
2872 3148 2987 3199 qua?
3013 3150 3308 3187 enumerare
3343 3153 3442 3188 non

1901 3238 2192 3289 possumus.
2225 3221 2329 3286 I’et‘
2361 3221 2651 3273 Galliarum
2702 3205 2949 3276 diversas,
2986 3224 3229 3278 nationes
3257 3266 3271 3287 ,
3309 3224 3441 3298 Ter-

1903 3315 2151 3366 tullianus
2181 3304 2408 3380 quatuor
2440 3301 2730 3364 Galliarum
2760 3314 3063 3381 provincias
3089 3330 3150 3366 ex
3184 3315 3443 3367 divisione

1901 3405 2116 3472 Augusti
2146 3441 2160 3466 ,
2199 3401 2597 3455 Narbonensem
2627 3439 2641 3462 ,
2675 3400 3078 3468 Lugdunensem
3105 3443 3120 3464 ,
3157 3402 3439 3470 Belg‘ram,

1899 3505 1952 3545 et
1985 3491 2358 3559 Aquitanicam
2405 3491 2688 3558 intelligit:
2726 3506 2789 3542 ex
2839 3492 3035 3557 quibus
3083 3505 3273 3556 corpus
3318 3490 3444 3540 Gd-

1899 3584 2090 3635 liarutn
2120 3595 2244 3635 tunc
2281 3579 2572 3634 conﬂatum
2614 3591 2750 3643 erat,
2785 3581 2922 3646 quod
2952 3588 3134 3646 postea
3169 3580 3223 3632 in
3258 3583 3439 3634 decem

1896 3662 1950 3723 et
1989 3681 2188 3738 septem
2220 3670 2519 3736 provincias
2547 3660 2882 3722 distributum
2913 3670 3030 3721 fuit.

1967 3761 2141 3824 Quare
2177 3775 2294 3812 cum
2323 3761 2644 3811 testimoniis
2689 3759 3068 3813 vetustissimis
3096 3776 3159 3814 ac
3194 3761 3438 3815 ﬁrmissi-

1895 3849 1994 3900 mis
2020 3850 2218 3900 nitatur
2243 3849 2520 3900 exordium
2561 3848 2862 3913 praadicatte
2895 3850 3013 3901 ﬁdei
3060 3851 3112 3902 in
3161 3849 3343 3902 Galliis
3374 3868 3437 3903 ex

1893 3939 2252 4003 apostolorum
2285 3939 2615 4006 delegatione
2640 3979 2656 4003 ,
2700 3949 2754 3991 et
2779 3942 3040 4004 susceptae
3068 3955 3094 3990 a
3125 3940 3287 3992 Celtis
3312 3983 3326 4004 ,
3384 3953 3439 3994 ut

1893 4027 2132 4094 loquitur
2161 4024 2411 4086 lrenzeus,
2444 4040 2536 4077 seu
2566 4041 2593 4076 a
2632 4026 2854 4079 diversis
2891 4028 3193 4079 nationibus
3239 4027 3439 4082 Gallia-

1853 4120 1858 4124 ’
1894 4133 2010 4170 rum
2037 4157 2052 4181 ,
2101 4127 2158 4167 ut
2187 4117 2261 4167 ait
2293 4115 2653 4168 Tertullianus
2688 4133 2700 4166 :
2734 4116 3010 4182 nigerrimo
3043 4116 3156 4168 fero
3183 4132 3437 4184 quorum-

1893 4209 2011 4261 dam
2065 4208 2116 4260 in
2169 4222 2316 4260 suam
2349 4207 2574 4275 patriam
2623 4207 3010 4270 acerbitatem,
3059 4207 3147 4273 qui
3200 4209 3437 4276 origines

1892 4303 2128 4353 onmium
2162 4299 2521 4353 Ecclesiarum
2562 4298 2975 4362 Gallicanarum,
3011 4311 3204 4366 prxter
3235 4299 3441 4363 Lugdu-

264 4398 458 4459 lialem,
488 4398 726 4464 aliosque
751 4396 801 4448 in
832 4393 1020 4452 tabulis
1045 4392 1422 4444 ecclesiasticis
1463 4396 1744 4445 adnotatas
1771 4410 1784 4456 ;
1823 4427 1864 4480 ι)
1896 4406 2112 4444 nensem
2156 4402 2208 4444 et
2240 4391 2370 4442 alias
2404 4406 2602 4458 paucas
2625 4431 2642 4454 ,
2689 4391 2755 4442 ad
2792 4391 3023 4443 medium
3075 4391 3214 4442 tertii
3241 4391 3436 4443 .sznculi

263 4499 311 4541 et
360 4478 580 4558 pérfecit
612 4489 857 4540 Clemens
889 4500 980 4550 per
1010 4483 1314 4552 Dionysium
1346 4523 1360 4545 ,
1400 4485 1745 4538 Saturninum
1773 4522 1788 4549 ,

264 4582 564 4650 [intrepium
617 4578 998 4634 Santoncnsem
1026 4617 1040 4640 ,
1075 4575 1322 4628 Ursinum
1379 4574 1788 4641 Bitut‘icenscm,

263 4685 311 4724 et
340 4674 490 4726 alios.

327 4763 502 4832 Neque
525 4777 653 4816 sane
684 4758 999 4829 infrugifet'a
1032 4758 1130 4810 fuit
1160 4754 1414 4822 Philippi,
1445 4754 1624 4816 Luete,
1664 4755 1790 4810 Cre-

266 4856 449 4907 scentis
476 4864 529 4906 et
570 4853 898 4918 reliquorum
932 4887 947 4907 .
975 4863 1132 4914 quam
1183 4846 1234 4896 in
1264 4844 1449 4898 Galliis
1485 4853 1795 4911 sparserant

266 4940 570 4995 Christiana:
601 4942 724 4996 ﬁdei
758 4923 1013 4994 sementis
1039 4978 1052 5000 ,
1082 4939 1170 4990 Dei
1209 4937 1515 5000 clementia,
1548 4938 1637 5004 qui
1667 4936 1791 4987 reli-

267 5046 387 5098 quas
430 5035 578 5087 orbis
632 5035 877 5102 regiones
920 5032 1170 5092 fovebat,
1223 5026 1421 5080 Gallias
1471 5043 1574 5078 nou
1633 5027 1794 5079 desti—

270 5131 452 5174 tuente.
481 5122 634 5174 Dicet
661 5138 758 5189 pro
791 5124 946 5175 nobis
980 5122 1210 5173 lreuteus
1239 5157 1254 5181 ,
1283 5119 1372 5185 qui
1408 5118 1623 5169 circiter
1655 5131 1795 5169 anno

271 5214 360 5268 l90
390 5214 621 5281 scripsit,
656 5215 707 5266 in
732 5216 826 5270 lib.
860 5231 897 5280 ι,
932 5231 1049 5282 cap.
1083 5215 1137 5278 5,
1169 5228 1356 5266 veram
1392 5212 1548 5263 ﬁdem
1580 5211 1792 5278 probari

267 5319 324 5358 ex
367 5304 601 5375 ejusdem
648 5303 909 5358 doctrina:
958 5304 1330 5373 professione,
1376 5317 1494 5369 qua:
1545 5302 1594 5352 in
1627 5300 1794 5354 variis

268 5390 506 5448 Ecclesiis
541 5406 634 5460 per
670 5393 975 5444 universum
1011 5395 1194 5447 orbem
1213 5391 1518 5445 constitutis
1545 5400 1795 5443 constan-

271 5494 342 5538 ter
369 5488 610 5545 traditur,
646 5491 756 5535 tutn
793 5483 844 5534 in
880 5481 1123 5547 Oriente,
1171 5487 1221 5536 in
1259 5483 1488 5552 Egypto
1518 5493 1570 5534 et
1593 5479 1791 5548 Libya;

272 5585 368 5629 tum
396 5573 787 5635 iii-Germania,
819 5574 955 5638 apud
997 5573 1278 5639 llispanos,
1312 5585 1364 5626 et
1406 5573 1605 5634 Gallos,
1638 5584 1796 5636 atque

273 5668 401 5722 alibi.
429 5667 567 5724 Nam
600 5675 644 5719 et
674 5669 740 5734 si,
775 5663 963 5730 inquit,
1000 5661 1052 5714 in
1085 5665 1274 5716 inunita
1319 5663 1534 5732 loqueltc
1563 5661 1794 5714 dissimi-

1894 4480 2215 4544 detrudunt;
2250 4477 2406 4532 afﬁxo
2436 4494 2500 4531 ex
2534 4480 2794 4548 Gregorio
2821 4478 3115 4531 Turonensi
3142 4480 3295 4547 paulo
3315 4489 3438 4532 ante

1892 4568 2036 4622 Decii
2066 4580 2118 4623 et
2143 4569 2293 4623 Grati
2321 4569 2683 4628 consulatum,
2715 4569 2763 4619 id
2788 4577 2869 4620 est
2897 4568 3052 4636 paulo
3081 4579 3206 4620 ante
3241 4583 3434 4619 annum

1844 4694 1854 4732 έ
1891 4662 2017 4724 250,
2044 4652 2200 4714 initio
2230 4672 2433 4727 septem
2473 4661 2744 4712 sociorum
2776 4659 3166 4732 episcoporum,
3195 4657 3432 4710 Gratiani

1894 4750 2238 4815 Turonensis,
2268 4749 2539 4815 Tr0pbimi
2572 4749 2914 4811 Arelatensis,
2947 4748 3093 4801 Pauli
3127 4747 3433 4800 Naibenen-

1893 4845 1966 4898 sis
1993 4884 2007 4906 ,
2039 4843 2294 4895 Martialis
2324 4840 2718 4894 Lemovicensis
2745 4883 2760 4906 ,
2806 4841 3041 4916 Dionysii
3074 4837 3388 4890 Parisiensis
3414 4875 3428 4896 ,

1895 4935 2170 4987 Saturnini
2215 4932 2461 4985 Tolosani
2490 4973 2505 4996 ,
2534 4941 2588 4986 et
2623 4933 2911 4987 Streinonii
2941 4928 3316 4990 Arvernensis,
3343 4928 3428 4992 qui

1894 5024 2049 5093 primi
2090 5024 2140 5075 in
2177 5023 2294 5075 illas
2341 5021 2632 5076 Galliarum
2688 5033 2871 5090 partes
2923 5021 3100 5072 lumen
3159 5016 3429 5083 Evangelii

1893 5114 2205 5179 intulerunt,
2237 5123 2293 5167 et
2327 5114 2379 5167 in
2411 5112 2667 5167 Ecclesiis
2695 5129 2724 5166 a
2753 5126 2812 5165 se
2836 5107 3136 5165 constitutis
3162 5104 3435 5160 stabilive-

1895 5215 2034 5263 runt.

1961 5297 2098 5362 Quin
2125 5295 2280 5362 primi
2314 5295 2388 5348 illi
2420 5295 2584 5348 duces
2611 5292 2859 5362 praecipui
2892 5288 3087 5342 fuerint
3115 5285 3434 5342 Christiana:

1864 5384 2246 5454 expeditionis
2277 5386 2567 5452 provinciis
2603 5379 2932 5435 Narbonensi
2981 5387 3034 5429 et
3068 5376 3385 5444 Aquitanica
3417 5415 3433 5440 ,

1895 5487 1946 5531 et
1970 5479 2020 5528 in
2048 5477 2421 5530 remotioribus
2449 5475 2691 5544 partibus
2722 5473 2828 5537 Lug
2853 5467 3090 5520 ltitiensis
3119 5467 3433 5534 provinciae,

1895 5582 1922 5618 a
1963 5564 2174 5616 nemine
2203 5565 2495 5626 dubitatur,
2522 5558 2974 5617 consentientibus
3009 5558 3311 5610 tabularum
3341 5572 3431 5609 ec-

1896 5656 2313 5712 clesiasticarum
2362 5654 2754 5714 monumentis,
2801 5659 2853 5704 et
2900 5649 3225 5702 solemnibus
3267 5647 3437 5702 sacris
