3996 6342
619 262 691 314 35
1893 247 2089 302 PETRI
2122 242 2212 297 DE
2248 239 2481 298 MARCA
2967 256 2970 258 '
3714 231 3790 286 56

617 390 737 442 qua
758 376 810 427 in
840 387 1020 426 eorum
1046 352 1357 426 memoriam
1386 386 1562 424 annuo
1585 370 1712 435 ritu,
1739 368 1918 422 divino
1942 349 2153 419 Nemini
2180 369 2228 422 Α
2255 361 2397 413 latus
2423 361 2490 412 ab
2517 355 2817 411 Arelatensi
2847 353 3130 442 episcopo,
3164 350 3427 442 Simplicii
3466 347 3793 442 Viennensis

617 474 942 532 peraguntur
972 463 1025 516 in
1056 463 1278 527 singulis
1306 462 1577 514 Ecclesiis.
1612 459 1819 511 Illarum
1853 467 2027 509 autem
2051 471 2146 508 an-

619 556 777 622 tiqua:
808 554 1081 606 traditioni
1104 595 1118 615 ,
1148 553 1297 604 Beda:
1322 593 1336 617 ,
1371 551 1594 604 Usnardi
1625 551 1928 615 Adonisque
1957 549 2149 615 Marty-

621 645 927 712 rologiis-ct
959 644 1105 696 Actis
1135 644 1399 694 veteribus
1432 641 1574 693 fulta:
1606 642 1656 692 in
1694 633 1943 707 temporis
1967 636 2148 690 consi-

623 734 874 800 gnalinne
897 771 912 795 ,
942 747 1038 783 cur
1086 731 1327 796 derogari
1367 731 1553 781 debeat
1578 770 1592 792 ,
1622 728 1779 795 plane
1810 741 1910 778 non
1954 727 2106 778 video
2130 762 2148 788 ,

620 825 913 892 praesertim
951 838 1070 874 cum
1100 821 1217 872 aliis
1244 835 1450 887 quoque
1496 820 1820 886 argumentis
1855 818 1966 869 lucc
2012 817 2152 868 veri-
2200 875 2207 879 η

625 922 704 964 tas
733 913 1010 964 innitatur.
1047 909 1298 963 Sumatur
1326 910 1530 962 initium
1571 907 1913 959 discussionis
1949 921 1978 958 a
2022 905 2152 957 Tro-

631 1004 811 1069 pbimo
835 1043 849 1062 ,
876 1013 929 1055 et
988 1001 1348 1068 expenduntur
1395 1003 1552 1053 vetba
1611 999 1765 1052 libelli
1794 998 1860 1050 ab
1889 997 2152 1064 episcopis

624 1071 904 1158 provintiae
947 1090 1260 1144 Viennensis
1287 1091 1442 1143 Leoni
1479 1107 1620 1159 papa:
1647 1091 1807 1142 oblati
1836 1103 1972 1140 anno
2002 1087 2105 1140 456
2135 1106 2148 1140 :

630 1181 875 1237 Omnibus
909 1179 1191 1234 Gallicanis
1223 1184 1506 1248 regionibus
1543 1193 1716 1233 notum
1743 1190 1817 1232 est
1840 1220 1854 1242 ,
1890 1181 2148 1246 inquiunt,

630 1272 720 1323 sed
751 1288 836 1321 nec
863 1283 1203 1324 sacrosanctae
1248 1271 1492 1323 Romamn
1543 1269 1786 1323 Ecclesia:
1815 1269 2031 1321 habetur
2076 1271 2157 1320 in-

629 1361 908 1425 cognitum,
933 1363 1065 1426 quod
1089 1361 1254 1428 prima
1283 1356 1419 1411 intra
1451 1360 1650 1413 Gallias
1688 1361 2002 1412 Arelatensis
2027 1360 2153 1410 ciui-

631 1459 710 1501 tas
738 1452 944 1501 missum
966 1468 998 1501 α
1032 1451 1328 1502 beatissimo
1356 1449 1506 1502 Petro
1527 1450 1752 1516 apostolo
1779 1460 2012 1502 sanctum
2036 1448 2074 1500 Τ
2079 1465 2156 1499 νο-

630 1540 857 1607 p/iimum
892 1540 1078 1591 habere
1107 1542 1292 1591 meruit
1318 1543 1630 1591 sacerdotem
1656 1581 1671 1604 ,
1715 1549 1765 1592 et
1803 1541 1987 1593 exinde
2037 1539 2154 1593 aliis

631 1629 879 1694 paulatim
926 1628 1215 1694 regionibus
1259 1626 1551 1680 Galliarum
1595 1629 1777 1680 bonum
1809 1628 1928 1694 fidei
1959 1640 2002 1679 et
2033 1629 2153 1680 reli-

631 1718 796 1782 gionis
827 1717 1070 1785 infusum.
1102 1719 1266 1782 Quem
1298 1717 1583 1786 Gregorius
1623 1718 1850 1785 ponebat
1873 1721 1968 1771 sub
2001 1720 2154 1772 Decio

633 1806 975 1872 Trnpbimunt
1005 1846 1020 1870 ,
1069 1818 1240 1859 canus
1289 1808 1654 1875 episcoporum
1708 1808 2152 1874 provincialium,

632 1898 823 1963 quibus
850 1907 1153 1964 perspectus
1181 1909 1295 1949 erat
1317 1913 1505 1950 census
1528 1898 1880 1950 Ecclesiarum
1916 1913 2151 1959 suarum,

630 1986 826 2053 quique
872 1985 1183 2053 Gregorium
1233 1997 1444 2048 centum
1497 1996 1552 2040 et
1608 1988 1990 2056 quinquaginta
2045 1988 2155 2040 fere

631 2079 784 2129 annis
812 2076 1231 2139 antecedebant,
1269 2076 1616 2144 Trapbimum
1657 2094 1684 2129 a
1731 2078 1887 2131 Petro
1937 2078 2152 2131 missum

632 2173 822 2223 docent.
847 2207 860 2227 ,
890 2179 943 2220 et
975 2170 1034 2220 ut
1076 2183 1186 2219 rem
1236 2169 1485 2222 omnibus
1523 2172 2002 2236 perspectissimam
2037 2185 2160 2222 nar-

631 2270 747 2311 rant
777 2276 793 2323 ;
824 2257 1233 2326 subjiciuntque,
1259 2260 1440 2311 exinde
1457 2261 1573 2315 aliis
1593 2260 1840 2327 paulatim
1868 2262 2156 2328 regionibus

634 2345 962 2411 Galliarum,
991 2348 1175 2399 bonum
1212 2349 1334 2415 ﬁdei
1369 2360 1414 2400 et
1462 2349 1722 2418 religionis
1759 2350 2010 2417 infusum.
2047 2352 2156 2406 Hoc

634 2437 805 2503 ipsum
854 2438 1120 2503 signillCat
1162 2436 1404 2490 Zosimus
1449 2455 1578 2506 papa
1614 2424 1767 2505 epist.
1791 2439 1822 2491 5
1857 2457 1872 2492 :
1904 2441 1980 2491 Ad
2004 2459 2156 2509 quam

634 2523 1012 2592 (Arelatensem
1043 2525 1251 2594 urbem)
1278 2526 1497 2592 primum
1515 2543 1576 2578 e1:
1598 2532 1692 2578 hac
1719 2529 1841 2580 sede
1858 2527 2158 2588 Trophimus

635 2629 863 2664 summus
890 2615 1132 2679 antistes,
1178 2632 1242 2668 es:
1276 2618 1423 2684 cujus
1473 2618 1611 2682 fonte
1661 2628 1782 2670 tota
1825 2615 2010 2671 Galliae
2037 2619 2158 2686 ﬁdei

636 2701 829 2753 rivulos
861 2715 1184 2770 acceperunt,
1216 2708 1440 2757 directus
1467 2717 1560 2758 est.
1588 2705 1753 2758 Porro
1787 2708 1899 2761 lucc
1937 2710 2158 2775 epistola

637 2787 830 2843 Zosimi
863 2794 1000 2843 edita
1025 2811 1050 2842 a
1078 2791 1139 2848 V.
1166 2793 1224 2844 C.
1249 2794 1552 2855 Sirmondo,
1573 2806 1623 2848 et
1656 2796 1863 2848 laudata
1896 2798 2018 2848 olim
2053 2809 2180 2850 tam-

585 2902 596 2911 ·
637 2883 692 2934 in
724 2882 947 2933 concilio
979 2881 1462 2944 Francofordiensi,
1495 2899 1650 2949 quam
1678 2885 1836 2936 etiam
1870 2887 1935 2937 ab
1968 2885 2162 2938 Usuar-

2247 449 2625 517 impudentiam
2651 448 2865 498 damnat
2893 439 3050 511 epist.
3084 442 3138 505 7,
3193 441 3406 508 quodin
3447 454 3513 491 eo
3555 436 3792 491 concilio

2247 538 2585 607 postulasset,
2615 544 2671 588 ut
2704 534 2801 586 sibi
2832 531 3176 584 creandorum
3235 530 3567 582 sacerdotum
3593 529 3643 578 in
3663 541 3800 591 pro-

2247 631 2418 682 vincia
2477 627 2759 681 Viennensi
2808 622 3201 692 permitteretur
3258 621 3536 672 arbitrinm
3584 637 3598 670 :
3643 613 3795 685 quod

2249 721 2323 773 ait
2350 733 2466 772 esse
2492 728 2679 771 contra
2716 724 2911 767 statuta
2947 712 3185 774 Patrum,
3218 721 3271 763 et
3300 711 3467 765 sancti
3501 708 3791 774 Tmpbimi

2250 810 2601 865 reverentiam
2632 824 2646 860 :
2683 807 3025 872 decernitqne
3051 843 3067 867 ,
3101 804 3252 871 juxta
3314 817 3501 869 preces
3548 801 3792 853 Patrocli

2249 899 2596 960 Arelatensis,
2631 906 2689 949 ιιι
2717 896 2829 963 cjn.
2860 896 3092 948 civitatis
3124 894 3424 959 episcopus.
3454 891 3566 957 jam
3600 892 3719 943 inde
3757 907 3793 942 a

2253 990 2527 1057 Trapliimo
2555 987 2900 1042 ordinationis
2926 985 3108 1038 seriem
3151 985 3458 1048 temporibus
3485 984 3795 1034 roboratam

2252 1082 2562 1151 possideat,
2595 1094 2697 1131 non
2733 1080 2898 1130 solum
2938 1075 2988 1127 in
3016 1074 3284 1140 provincia
3322 1073 3606 1125 Viennensi
3636 1112 3650 1132 ,
3691 1070 3794 1123 sed

2252 1173 2412 1226 etiam
2456 1171 2508 1223 in
2557 1179 2777 1236 utraque
2817 1164 3166 1218 Narbonensi.
3219 1162 3385 1230 Cujus
3425 1162 3796 1226 pra-rogativze

2254 1264 2510 1315 rationem
2539 1274 2750 1327 quoque
2783 1257 2954 1310 reddit
2984 1254 3140 1320 epist.
3177 1252 3228 1318 8,
3271 1253 3335 1302 ad
3369 1251 3620 1303 llilariuni
3654 1249 3797 1301 Nar-

2253 1353 2537 1406 benensem
2567 1370 2580 1403 :
2616 1350 2870 1413 Quoniam
2918 1345 3225 1410 TrOpIiimus
3259 1340 3796 1408 sacerdos'quondam

2255 1439 2546 1491 Arelatensi
2571 1440 2682 1489 urbi
2711 1444 2772 1488 ab
2801 1434 3084 1501 apostolica
3119 1433 3237 1483 sede
3260 1426 3592 1481 transmissus
3621 1429 3686 1479 ad
3723 1428 3798 1479 il-

2258 1531 2334 1582 las
2387 1533 2614 1597 regiones
2689 1527 2922 1598 (scilicet
2971 1534 3247 1589 utramque
3293 1521 3686 1573 Narbonensem
3739 1526 3801 1570 et

2259 1623 2652 1687 Viennensem)
2685 1621 2813 1670 tanti
2843 1615 3061 1670 nominis
3089 1615 3424 1666 reuerentiam
3459 1611 3655 1679 primu
3696 1624 3798 1662 ea:-

2258 1713 2442 1776 Iiibuit,
2484 1723 2531 1763 et
2560 1713 2611 1764 in
2641 1711 2769 1761 alios
2800 1726 2900 1761 non
2940 1709 3212 1771 immerito,
3250 1722 3311 1758 ea
3343 1720 3494 1773 quam
3525 1711 3795 1769 acceperat

2260 1804 2565 1854 auctoritate
2603 1801 2906 1868 transfudit.
2947 1799 3129 1851 Totam
3155 1811 3282 1863 ergo
3305 1795 3561 1862 primatus
3585 1801 3796 1843 metro-

2257 1895 2456 1962 politici
2494 1909 2729 1952 causam,
2775 1895 2830 1944 ὲν
2869 1893 2932 1960 τῇ
3002 1885 3396 1959 πρωτοκλησίᾳ,
3433 1901 3524 1938 seu
3560 1884 3609 1936 in
3649 1885 3802 1952 prio-

2260 1999 2317 2038 re
2352 1987 2627 2039 vocatione
2653 1984 2718 2036 ad
2750 1983 2924 2036 ﬁdem.
2954 1991 3008 2034 et
3045 1982 3094 2032 in
3131 1979 3422 2031 vetustiore
3449 1976 3794 2044 episcopatus

2260 2077 2588 2131 institutione
2623 2071 2758 2140 apud
2785 2069 3051 2122 Arelatem
3088 2083 3118 2120 a
3159 2066 3444 2135 Trophimo
3474 2063 3610 2116 facta
3634 2103 3649 2127 ,
3676 2061 3792 2115 Zo-

2258 2167 2423 2220 simns
2457 2165 2654 2217 diserte
2703 2159 2998 2214 constituit.
3043 2158 3302 2212 Caeterum
3333 2195 3351 2219 ,
3381 2154 3628 2223 quoniam
3673 2153 3796 2204 lucc

2258 2255 2454 2309 Zosimi
2491 2253 2745 2320 rescripta
2789 2249 3164 2304 consuetudine
3195 2246 3405 2315 quidem
3444 2253 3647 2326 vetusta
3673 2282 3689 2307 ,
3727 2254 3795 2295 ut

2253 2330 2372 2414 ipse
2407 2345 2517 2410 ait,
2549 2358 2615 2395 ex
2661 2341 2914 2395 relatione
2946 2333 3171 2391 Patrocli
3206 2339 3529 2398 nitebantur,
3578 2335 3666 2386 sed
3703 2333 3794 2385 di-’

2261 2435 2530 2501 sciplinam
2579 2432 2825 2486 Ecclesiae
2849 2428 3190 2482 ~univ'ersalis
3238 2444 3265 2479 a
3321 2426 3526 2495 synodo
3575 2424 3796 2476 Nitazna

2262 2527 2527 2578 decretam
2579 2521 2981 2579 convellebant,
3029 2533 3149 2585 qtue
3197 2516 3431 2584 singulas
3484 2514 3795 2581 provincias

2273 2614 2381 2665 suis
2407 2612 2746 2664 commiserat
2778 2607 3197 2675 metropoli-lanis
3223 2645 3238 2669 ,
3272 2621 3372 2656 non
3409 2615 3583 2655 autem
3613 2604 3796 2672 plures

2262 2703 2559 2772 provincias
2599 2701 2685 2754 uni
2709 2717 2727 2764 ;-
2774 2701 2897 2753 hinc.
2941 2697 3177 2761 factum,
3221 2707 3277 2747 ut
3326 2695 3625 2747 Bonifacius
3654 2708 3795 2760 papa

2265 2809 2368 2845 non
2403 2792 2741 2861 exprobrarit
2768 2789 2976 2857 quidem
3001 2785 3244 2839 Patroclo
3270 2785 3566 2836 Arelatensi
3597 2795 3797 2835 metro-

2264 2883 2490 2950 politiczc
2530 2879 2807 2949 potestatis
2847 2878 3285 2945 usurpationem,
3321 2878 3413 2929 sed
3447 2879 3620 2945 potius
3654 2877 3800 2929 inte-

638 2971 706 3023 do
732 2980 787 3024 et
821 2973 1001 3023 Adone
1029 3010 1044 3034 ,
1093 2988 1210 3023 eum
1241 2973 1449 3037 scripta
1479 2975 1551 3026 sit
1595 2989 1735 3027 anno
1764 2974 1894 3038 “7,
1922 2975 2161 3045 Gregorii
2191 3013 2234 3067 ο
2265 2991 2411 3044 gram
2448 2975 2519 3026 illi
2560 2973 2858 3038 relinquens
2889 2973 2938 3023 in
2984 2969 3250 3040 provincia
3282 2968 3568 3021 Viennensi
3599 2998 3613 3032 ς
3649 2971 3797 3023 illius

641 3059 962 3112 Turonensis
989 3062 1289 3113 testimonio
1318 3064 1486 3129 potior
1515 3079 1630 3115 esse
1658 3064 1812 3116 debet
1841 3065 1891 3116 in
1921 3069 2160 3132 ponenda

640 3147 913 3213 Tropliimi
951 3153 1148 3215 epocba
1174 3191 1187 3212 ,
1236 3167 1390 3218 quam
1422 3154 1768 3205 disertissime
1795 3157 2024 3222 synodus
2052 3159 2162 3224 cpi-

640 3255 915 3307 scoportnn
955 3243 1359 3307 provincialium
1402 3244 1670 3309 relcrt,ad
1708 3244 1926 3298 {’etrnm
1952 3258 2165 3315 apostoo

641 3330 779 3392 lum;
825 3349 854 3382 a
881 3319 1077 3398 quibus
1121 3348 1228 3383 non
1279 3333 1496 3385 discedit
1528 3333 1802 3398 Zosimus,
1832 3353 1948 3388 cum
1979 3340 2166 3392 doceat

638 3423 864 3487 primum
915 3422 964 3471 in
1000 3421 1184 3473 Galliis
1223 3421 1568 3488 Tropbitnum
1617 3425 1778 3476 fuisse
1820 3427 2162 3480 constitutum

639 3511 972 3576 episcopium,
1018 3510 1203 3563 Libelli
1259 3513 1513 3579 supplicis
1567 3517 1630 3567 ad
1680 3531 1736 3567 se
1785 3517 1851 3569 ab
1900 3520 2162 3586 episcopis

639 3600 786 3651 missi
830 3603 1084 3653 rationem
1117 3601 1301 3653 liab'nit
1333 3602 1436 3654 Leo
1475 3605 1710 3670 pontifex
1743 3609 1995 3674 rescripto
2026 3613 2161 3676 quod

639 3690 705 3740 ad
751 3705 844 3742 eos
889 3693 1064 3741 statim
1121 3693 1306 3755 dedit,
1356 3708 1458 3760 quo
1492 3703 1718 3746 veterem
1759 3696 2078 3753 Arelatensis
2110 3708 2163 3750 et

641 3778 960 3834 Viennensis
989 3783 1230 3834 Ecclesiae
1263 3785 1325 3835 de
1354 3785 1737 3852 metropolitica
1764 3789 2014 3855 dignitate
2043 3805 2163 3842 con-

641 3872 926 3922 tentionem
951 3908 966 3933 ,
999 3871 1315 3924 Viennensis
1343 3876 1628 3940 provincia:
1648 3876 1906 3929 divisione
1954 3893 2162 3945 compo-

640 3957 740 4009 nit.
772 3958 993 4012 Necesse
1023 3971 1102 4012 est
1127 3964 1500 4016 controversia:
1530 3965 1671 4035 illius
1695 3976 1888 4019 statum
1917 3982 2160 4035 compen-

642 4048 731 4098 dio
770 4050 1161 4116 perstringere:
1197 4060 1252 4102 ut
1301 4054 1390 4118 qui
1439 4057 1639 4106 suborti
1688 4067 1810 4107 sunt
1850 4072 1912 4108 es
1961 4072 2023 4109 eo
2058 4074 2158 4110 non

641 4148 769 4185 sane
797 4147 1046 4202 percepto
1084 4137 1136 4188 in
1168 4141 1492 4192 eruditorum
1531 4143 1719 4194 animis
1747 4144 1997 4209 scrupuli,
2023 4148 2159 4211 quod

642 4224 707 4273 ad
731 4221 1001 4288 Tropbimi
1028 4228 1400 4292 antiquitatem
1429 4240 1653 4294 spectat,
1685 4232 1890 4286 facilius
1923 4219 2162 4288 eximan-

646 4322 748 4364 tur.
775 4313 972 4366 Vienna
1002 4316 1194 4368 civitas
1221 4323 1530 4388 metropolis
1563 4333 1679 4374 erat
1707 4325 1989 4390 provincia:
2010 4328 2162 4380 Vien-

644 4402 821 4454 nensis
851 4404 902 4454 in
957 4403 1207 4458 laterculo
1243 4409 1469 4474 imperii.
1520 4409 1690 4474 Unde,
1729 4413 1879 4478 juxta
1932 4429 2165 4470 canones

641 4492 921 4558 Nicamos,
955 4494 1044 4561 jus
1096 4500 1541 4566 metropoliticum
1595 4503 1657 4552 ad
1710 4518 1767 4554 se
1815 4505 2076 4569 pertinuere
2112 4508 2164 4560 in

643 4584 828 4634 ordine
857 4584 1222 4638 ecclesiastico
1269 4589 1617 4640 contenderat
1647 4590 1773 4640 olim
1826 4593 2128 4660 Simplicius
2151 4635 2166 4659 ,

643 4676 878 4730 civitatis
910 4675 1047 4727 illius
1075 4678 1356 4744 episcopus
1399 4679 1654 4731 adversus
1680 4680 2043 4734 Arelatensem
2069 4726 2085 4749 ,
2115 4685 2165 4736 in

641 4767 873 4819 concilio
907 4765 1414 4830 'l‘aurinensi,'atmo
1444 4767 1566 4820 597.
1595 4769 1706 4833 Qua
1745 4771 1916 4839 invlite
1949 4774 2164 4826 interlo-

643 4858 752 4908 cuti
789 4867 913 4909 sunt
942 4857 1144 4918 Patres,
1176 4873 1290 4910 eam
1316 4859 1581 4910 civitatem
1611 4860 1713 4912 frui
1747 4863 1936 4915 debere
1967 4849 2166 4918 lionore

644 4945 898 5008 primatus
925 4983 938 5006 ,
966 4958 1079 5008 qua:
1111 4946 1325 4996 doceret
1354 4960 1410 4996 se
1440 4960 1556 4997 esse
1585 4949 1869 5012 provincia:
1901 4969 2164 5022 metropo-

643 5032 765 5094 lim;
790 5034 909 5085 dato
945 5035 1153 5085 interim
1184 5032 1248 5084 ad
1269 5033 1546 5087 fovendam
1582 5043 1916 5093 concordiam
1951 5046 2162 5111 episeo-

644 5122 725 5188 pis
756 5124 996 5186 consilio,
1032 5135 1086 5176 ut
1123 5126 1347 5191 quisque
1382 5126 1665 5178 viciniores
1695 5131 1791 5181 sibi
1827 5133 2070 5186 civitates
2098 5135 2163 5186 ad

578 5232 580 5234 τ
646 5224 791 5259 suam
818 5227 994 5262 curant
1037 5221 1329 5264 revocaret.
1383 5211 1600 5263 Pessum
1641 5215 1758 5267 data
1805 5228 1920 5269 erat
1949 5219 2048 5270 liae
2083 5220 2163 5270 in-

573 5297 579 5301 ’
647 5298 986 5351 tcrlocutione
1018 5303 1348 5354 Arelatensis
1385 5303 1634 5357 Ecclesiae
1674 5308 1899 5370 dignitas
1924 5348 1939 5370 ,
1971 5323 2088 5376 qua:
2112 5310 2163 5361 in

644 5388 831 5439 ordine
888 5392 1059 5442 civilis
1120 5393 1482 5458 dispositionis
1530 5410 1559 5445 a
1627 5399 1897 5463 metropoli
1949 5400 2165 5449 Civitate

646 5473 926 5528 Viennensi
958 5483 1154 5547 absque
1182 5484 1341 5536 dubio
1390 5485 1672 5551 pendebat.
1722 5485 1893 5550 Quare
1920 5488 2162 5540 Zosimus

646 5567 825 5634 viginti
855 5579 969 5634 post
1017 5572 1275 5636 synodum
1310 5575 1694 5629 Taurinensem
1730 5579 1881 5631 annis
1914 5580 2163 5648 interpel-

2272 3076 2444 3117 tamen
2477 3065 2827 3118 temeritatem
2861 3062 3184 3113 damnaverit
3212 3061 3428 3126 epistola
3453 3062 3572 3111 data
3609 3063 3671 3112 ad
3704 3061 3801 3112 lli—

2267 3155 2456 3208 larium
2488 3153 2880 3206 Narbonensem
2910 3167 3048 3204 anno
3073 3150 3197 3214 422,
3225 3158 3359 3217 quod
3385 3151 3478 3203 scil
3502 3161 3586 3203 cet
3613 3153 3662 3203 in
3688 3151 3801 3203 Lu-

2271 3244 2477 3296 tubeusi
2507 3243 2740 3296 Ecclesia
2769 3242 3156 3295 ordinationem
3190 3241 3422 3308 episcopi
3471 3241 3799 3295 celebrasset

2268 3335 2321 3384 in
2353 3333 2521 3384 aliena
2549 3333 2807 3397 provincia
2835 3370 2851 3396 ,
2876 3327 3084 3398 inquit',
3111 3331 3311 3383 scilicet
3341 3332 3391 3383 in
3419 3330 3750 3384 Narbonensi
3779 3371 3797 3396 ,

2269 3439 2385 3490 qua:
2432 3439 2461 3474 a
2495 3423 2777 3475 Viennensi
2827 3431 2941 3475 erat
2989 3422 3257 3474 distincta.
3309 3421 3438 3474 lllud
3489 3434 3663 3474 autem
3712 3424 3802 3474 fa-

2268 3525 2407 3566 etnm
2470 3514 2738 3580 pertendit
2787 3521 2968 3564 contra
3018 3513 3202 3580 synodi
3253 3511 3479 3563 Nicauun
3525 3514 3798 3564 constituc

2270 3606 2463 3656 tionem
2491 3644 2507 3670 ,
2535 3619 2689 3671 quam
2719 3603 3012 3678 describit;
3049 3613 3456 3668 commonetque
3493 3602 3747 3654 llilariuin
3777 3640 3795 3665 ,

2267 3709 2327 3751 ut
2363 3678 2884 3766 inetropoliticojure
2931 3685 3198 3758 munitus,
3246 3707 3298 3748 et
3349 3695 3796 3761 przeceptionibus

2265 3789 2375 3842 suis
2409 3789 2594 3853 fretus,
2619 3805 2734 3856 qua:
2765 3787 3003 3840 facienda
3036 3795 3160 3838 sunt
3200 3785 3251 3835 in
3285 3783 3572 3835 Lutubensi
3604 3782 3797 3834 Eccle-

2265 3881 2342 3935 sia
2375 3888 2603 3947 pra'stet.
2648 3877 2827 3929 Noluit
2883 3876 3114 3927 Hilarius
3159 3874 3517 3936 Arelatensis,
3564 3873 3796 3926 Patrocli

2265 3984 2566 4030 successor,
2610 3966 2768 4018 fultus
2800 3973 2851 4016 et
2872 3962 3068 4015 Zosimi
3101 3962 3263 4027 prieri
3295 3961 3632 4034 rescriptoet
3662 3975 3797 4012 cono

2266 4059 2543 4111 suetudine
2572 4063 2796 4116 vetusta,
2816 4067 3000 4121 parere
3022 4053 3235 4103 decreto
3255 4048 3532 4110 Bonifacii,
3566 4052 3795 4103 restrin-

2266 4148 2437 4213 gentis
2469 4146 2602 4196 intra
2629 4142 2975 4195 Viennensem
3001 4140 3322 4206 provinciam
3344 4140 3668 4191 Arelatensis
3685 4139 3797 4206 epi~

2267 4237 2408 4302 ποιιί
2445 4241 2777 4300 potestatem.
2805 4232 2969 4297 Quam
3002 4230 3070 4283 ob
3107 4243 3240 4290 rem,
3279 4235 3333 4280 et
3365 4240 3583 4294 propter
3612 4230 3796 4282 Cbelhb

2193 4341 2237 4393 ι)
2267 4322 2406 4375 donii
2440 4337 2676 4382 causam,
2709 4320 2944 4387 aliusque
2970 4317 3312 4387 gravissimas
3341 4316 3596 4381 rationes,
3626 4318 3794 4371 iratus

2265 4411 2465 4468 Hilario
2491 4413 2594 4464 Leo
2629 4410 2730 4479 PP.
2753 4409 2893 4479 quod
2925 4412 3100 4462 minus
3128 4409 3304 4460 colere
3329 4406 3656 4473 majestatem
3686 4409 3796 4462 Ro-

2265 4520 2434 4556 manae
2465 4506 2604 4556 sedis
2628 4504 2916 4564 videretur,
2953 4501 3141 4553 acerbe
3186 4500 3237 4552 in
3289 4514 3406 4552 cum
3444 4502 3707 4555 invehitur
3736 4505 3791 4556 in

2265 4597 2484 4662 epistola
2517 4597 2580 4646 ad
2608 4595 2880 4662 episcopos
2902 4591 3218 4644 Viennensis
3253 4593 3540 4658 provincia:
3595 4596 3791 4660 scripta

2266 4701 2408 4738 anno
2433 4685 2556 4738 445.
2600 4685 2740 4737 Inter
2773 4694 2961 4736 extera
3015 4681 3087 4733 illi
3135 4683 3334 4745 objicit,
3372 4685 3512 4749 quod
3558 4685 3790 4751 projecto

2265 4777 2508 4843 episcopo
2538 4774 2746 4826 inﬁrmo
2769 4783 2822 4826 et
2857 4771 3134 4834 nescienti,
3182 4771 3338 4821 alium
3369 4777 3792 4839 superposuisset

2265 4859 2586 4932 episcopum,
2617 4865 2773 4928 idque
2800 4866 2851 4915 in
2878 4863 3048 4913 aliena
3083 4863 3364 4926 prouincia,
3407 4864 3607 4918 scilicet
3636 4877 3788 4920 extra

2265 4937 2634 5009 Viennensem.
2690 4953 2824 5018 Quid
2878 4955 2976 5003 sibi
3030 4951 3262 5002 Hilarius
3316 4956 3497 5018 quierit
3533 4957 3587 5007 in
3615 4957 3786 5008 aliena

2266 5030 2554 5113 protinam,
2572 5045 2760 5112 inquit,
2787 5054 2832 5094 et
2862 5043 2913 5093 id
2937 5041 3069 5108 quod
3089 5043 3261 5093 nullus
3283 5043 3600 5096 decessorum
3625 5048 3785 5110 ipsius

2265 5148 2382 5186 ante
2415 5118 2750 5184 Patroculum
2778 5132 2984 5195 habuit,-
3014 5145 3106 5179 cur
3135 5143 3367 5198 usurpat,
3402 5149 3515 5183 cum
3544 5145 3589 5184 et
3621 5136 3785 5198 ipsum

2264 5225 2398 5291 quod
2436 5221 2678 5273 Patroclo
2724 5237 2754 5271 a
2795 5212 2910 5270 sede
2955 5221 3236 5280 apostolica
3270 5223 3624 5289 tempora/iter
3651 5221 3788 5271 vide-

2265 5317 2415 5366 batur
2442 5331 2548 5365 esse
2580 5327 2872 5364 concessum
2895 5350 2906 5372 ,
2955 5313 3274 5377 postmodum
3305 5314 3365 5363 sit
3409 5314 3615 5363 meliore
3663 5325 3784 5359 sen-

2265 5406 2424 5455 tentia
2456 5403 2750 5453 mutatum?
2785 5388 2981 5463 Quibus
3008 5400 3180 5451 verbis
3208 5401 3313 5454 Leo
3349 5403 3683 5469 apertissime
3710 5400 3786 5447 si-

2265 5495 2484 5562 gniticat
2507 5492 2680 5558 priora
2712 5489 2902 5542 Zosimi
2934 5495 3212 5557 rescripta.
3243 5501 3294 5541 et
3331 5491 3594 5556 posterius
3623 5485 3784 5539 Boni-

2266 5584 2383 5636 facii
2419 5587 2708 5648 decretum,
2749 5597 2854 5650 quo
2884 5591 3117 5655 potestas
3169 5581 3496 5633 Arelatensis
3553 5575 3783 5646 episcopi
