3996 6342
269 350 331 405 57
1201 336 1529 392 EPISTOLA
1573 334 1660 388 AD
1699 330 2049 388 IIENRICUM
2091 326 2456 383 VALESIUM.

3370 324 3438 377 58

268 469 409 522 intra
431 466 627 520 limites
662 443 982 519 Viennensis
1010 458 1296 528 provincia:
1334 459 1706 514 coercebatur,
1744 460 1802 503 ut
1828 460 1873 512 Α
1902 448 2099 511 clcsiie,
2154 460 2271 514 qua:
2316 443 2448 497 vitio
2478 440 2712 511 episcopi
2737 441 2816 494 sui
2842 436 3030 493 Hilarii
3068 437 3291 505 antiquo
3315 434 3437 502 jure

269 557 515 625 superius
569 556 771 613 monui.
826 556 953 617 Qua:
999 560 1180 604 autem
1230 546 1576 613 exceptiones
1601 542 1800 609 objice-

269 657 457 701 rentur
484 648 735 700 adversus
782 642 978 696 Zosimi
1032 638 1355 705 rescriptum
1378 676 1393 699 ,
1431 635 1575 686 ineo
1622 630 1798 698 capite

272 740 413 805 quod
457 734 822 786 ordinationes
850 732 901 782 in
934 739 1161 795 utraque
1202 722 1533 778 Narbonensi
1558 718 1801 773 Patroclo

274 841 557 882 concessas
598 819 831 888 respicit.
885 821 1023 872 idem
1079 816 1363 871 manifeste
1393 814 1568 872 docet,
1603 812 1645 863 si
1688 808 1799 874 ejus

274 920 435 970 verba
502 918 649 983 juxta
702 913 910 980 regulas
956 910 1090 976 juris
1137 906 1522 974 expendautur.
1591 900 1803 953 Scilicet

284 1004 794 1075 obreptuinZosinio
856 1017 949 1070 per
1001 1000 1185 1051 falsam
1229 995 1456 1049 Patrocli
1506 991 1802 1061 suggestio-

276 1112 431 1160 nem,
460 1097 549 1164 qui
604 1095 865 1148 referebat
902 1091 967 1143 ad
1025 1088 1456 1142 consuetudinem
1501 1092 1801 1143 vetustam,

277 1200 430 1258 quam
490 1187 602 1250 ipse
656 1184 857 1250 primus
901 1178 1187 1247 usurpabat
1246 1176 1522 1229 ordinandi
1577 1179 1808 1239 potesta-

285 1257 384 1331 ioni
418 1277 469 1328 in
502 1274 770 1343 provincia
800 1257 1153 1325 Narbonensi.
1192 1268 1388 1320 Deinde
1437 1262 1806 1331 signiﬁcat,'ad

278 1382 535 1421 liminium
574 1352 1002 1431 “praerogativam
1037 1359 1181 1411 illam
1237 1372 1266 1410 a
1316 1356 1526 1409 Zosimo
1564 1355 1628 1407 ad
1673 1354 1807 1405 tem;

277 1468 374 1521 pos
404 1452 648 1503 Patroclo
696 1462 1002 1501 concessam
1038 1444 1254 1513 intelligi
1308 1445 1521 1497 debere.
1576 1442 1808 1508 Denique

278 1545 448 1597 utitur
479 1540 772 1610 posteriore
802 1537 1055 1590 Bonifacii
1084 1538 1318 1595 decreto,
1352 1538 1492 1601 quod
1537 1535 1689 1603 juxta
1718 1549 1810 1587 ca—

278 1648 475 1687 nonum
502 1622 889 1697 praescriptum,
916 1628 1254 1678 ambitiosum
1290 1624 1416 1677 illud
1453 1633 1504 1687 et
1536 1639 1632 1691 per
1661 1621 1812 1675 frau—

279 1722 395 1776 dem
424 1722 658 1774 elicitum
693 1718 890 1771 ZOsiuii
919 1718 1235 1784 rescriptum
1264 1754 1281 1778 ,
1330 1717 1462 1767 duas
1510 1714 1812 1781 provincias

1899 540 1950 591 in
1974 544 2286 605 perpetuum
2313 534 2509 601 privari
2536 547 2639 584 non
2667 539 2891 600 poterat.
2926 529 3237 595 ltaqnerem
3268 526 3433 579 totain

1893 625 2043 691 juxta
2097 621 2313 677 concilii
2363 619 2709 672 Taurinensis
2735 616 3010 675 consilium
3071 615 3249 667 datum
3309 614 3433 666 olim

1898 698 2337 789 contendentibus
2356 710 2575 761 duarum
2593 707 2865 759 civitatum
2894 705 3169 771 episcopis.
3197 703 3278 754 sic
3301 712 3434 754 tem-

1902 806 2131 875 peravit,
2164 813 2225 855 ut
2254 802 2505 869 majorem
2560 808 2760 867 partem
2790 798 3074 865 provincia:
3123 791 3438 846 Viennensis

1901 896 2212 948 restitueret
2268 890 2575 961 Arelatensi
2626 887 2918 949 Ecclesim;
2957 885 3083 937 solis
3106 893 3335 951 quatuor
3361 883 3439 935 ci-

1904 986 2159 1038 vitatibus
2188 997 2348 1048 penes
2385 968 2739 1032 Viennensem
2772 976 3073 1041 episcopum
3108 964 3305 1028 relict-is
3325 1010 3341 1035 .
3372 988 3438 1024 ne
3502 962 3508 968 ’

1904 1076 2156 1128 honorem
2189 1070 2631 1137 metropoliticnm
2659 1106 2675 1126 ,
2706 1081 2863 1132 quem
2901 1066 3124 1131 ipsemet
3150 1074 3439 1114 cuncesse~

1903 1173 2005 1227 rat,
2030 1163 2262 1215 adimere
2286 1174 2380 1225 per
2410 1156 2823 1214 inconstantiam
2860 1164 2944 1206 aut
2966 1151 3209 1218 injuriam
3236 1149 3443 1200 videre-

1905 1263 2022 1317 tur;
2052 1262 2125 1314 et,
2153 1260 2209 1302 ut
2233 1250 2342 1315 ipse
2374 1247 2624 1313 loquitur,
2657 1260 2722 1295 ne
2753 1243 3076 1298 Viennensis.
3104 1242 3186 1292 cui
3210 1247 3441 1307 potesta-

1908 1351 2011 1394 tem
2048 1337 2491 1404 metropoliticam
2529 1333 2731 1385 llilario
2772 1320 3002 1384 ablatam
3043 1330 3391 1396 deputaverat
3422 1364 3439 1387 ,
3524 1358 3527 1363 -

1905 1428 2177 1494 semetipso
2202 1426 2371 1493 [actus
2399 1424 2657 1476 videretur
2679 1421 2912 1485 inferior.
2946 1417 3047 1468 Sed
3085 1426 3194 1466 tum
3247 1414 3313 1494 de
3366 1412 3439 1464 is-

1911 1520 2033 1570 tliac
2077 1514 2437 1569 controversia
2463 1552 2479 1577 ,
2537 1522 2644 1563 ttun
2681 1509 2841 1561 etiam
2897 1507 2959 1560 de
2994 1506 3245 1572 dignitate
3283 1490 3443 1556 icivili

1906 1604 2225 1660 Viennensis
2246 1612 2299 1654 et
2320 1600 2643 1653 Arelatensis
2670 1597 2918 1657 civitatis,
2938 1604 3233 1646 accuratam
3266 1593 3443 1648 disce-

1909 1694 2196 1762 ptatioaem
2226 1690 2468 1742 dabimus
2508 1688 2560 1739 in
2590 1688 2821 1739 secunda
2861 1683 3095 1736 editione
3125 1678 3246 1732 libri
3276 1676 3443 1732 nostri

280 1812 368 1865 uni
404 1810 806 1875 metropolitano
831 1808 1162 1869 concedens,
1208 1806 1520 1858 resciderat.
1570 1798 1813 1856 Tandem

1922 1785 1982 1837 De
2013 1782 2342 1852 primatibus,
2363 1792 2523 1846 quam
2554 1778 2897 1829 adornamus.

280 1900 555 1967 praefracta
587 1898 770 1950 Hilarii
799 1897 1129 1949 Arelatensis
1158 1895 1491 1948 contumacia
1538 1892 1643 1946 Leo
1675 1908 1809 1962 papa

278 2004 590 2050 succensus,
626 1990 827 2055 absque
853 1987 1159 2054 cognitione
1204 2000 1379 2038 causa:
1409 1986 1663 2037 inauditis
1712 1985 1813 2036 illis

280 2093 508 2146 quorum
534 2078 815 2139 intererat,
845 2076 931 2143 jus
957 2090 1116 2127 nnine
1157 2075 1603 2140 metr0politicum
1652 2076 1810 2125 etiam

247 2173 250 2176 ’
282 2166 333 2219 in
362 2167 633 2235 provincia
668 2165 952 2218 Viennensi
982 2167 1181 2218 ademit
1217 2166 1469 2232 episeopo
1492 2164 1812 2227 Arelatensi,

280 2254 519 2321 illudque
557 2252 841 2306 Viennensi
886 2253 1229 2320 adjudicavit,
1281 2268 1343 2304 ac
1390 2253 1434 2312 si
1489 2254 1553 2303 ad
1582 2268 1701 2304 eum
1746 2267 1812 2303 ex

276 2345 397 2411 jure
429 2345 604 2399 civilis
630 2344 981 2410 tnetropoleos
1022 2342 1171 2408 juxta
1215 2357 1444 2395 canones
1477 2343 1766 2409 pertineret
1795 2382 1810 2405 ,

283 2432 725 2496 quemadmodum
754 2432 1143 2498 Siuiplicinsiu
1184 2432 1411 2483 concilio
1440 2430 1752 2483 Tauriueusi
1785 2447 1810 2481 ιι

284 2521 534 2574 Patribus
557 2519 681 2571 olim
722 2520 1008 2583 impetrare
1034 2527 1350 2569 tentavcrat.
1386 2514 1533 2567 Hanc
1572 2514 1815 2580 iujurium

283 2607 584 2660 Arelatensi
622 2605 875 2658 Ecclesia:
923 2605 1126 2656 illatam
1155 2607 1411 2656 adversus
1445 2603 1818 2655 vetustissima:

284 2698 684 2752 consuetudinis
702 2698 757 2748 ἐν
782 2699 846 2765 τῇ
879 2694 1255 2765 πρωτοκλησίᾳ
1284 2693 1517 2746 fundatae
1554 2704 1606 2746 et
1628 2710 1654 2742 a
1683 2692 1817 2745 Tro-

283 2788 471 2856 phimo
496 2788 669 2839 ductae
711 2788 1099 2847 auctoritatem,
1135 2785 1369 2853 episcopi
1414 2784 1703 2852 provincia:
1736 2780 1820 2833 Vi-

284 2875 562 2937 ennensis,
592 2876 687 2926 hac
716 2875 952 2926 novitate
979 2873 1230 2941 perculsi,
1256 2887 1507 2925 amovere
1536 2882 1848 2937 curarunt,.

286 2980 573 3019 OCC:ISl0lltl
596 2979 808 3032 arrepta
841 2980 904 3018 es
943 2965 1090 3017 obitu
1142 2964 1325 3016 llilarii
1352 3002 1368 3024 ,
1414 2974 1468 3015 et
1501 2964 1762 3015 electione
1792 2976 1822 3013 a

288 3072 348 3111 se
372 3057 510 3112 facta
532 3056 811 3119 Ravennii,
833 3058 928 3107 viri
966 3045 1265 3123 gravissimi
1292 3066 1347 3107 et
1372 3051 1535 3107 Leoni
1567 3052 1819 3119 pergrati.

285 3147 479 3218 Itaque
515 3148 689 3200 libello
718 3147 943 3213 supplici
974 3148 1040 3196 ad
1074 3145 1300 3196 Leonem
1334 3144 1461 3195 dato
1487 3182 1502 3205 ,
1560 3144 1821 3208 primatus

286 3238 621 3294 Arelatensis
663 3238 920 3305 originem
967 3246 1248 3288 arce-sunt
1281 3250 1309 3285 a
1359 3234 1694 3300 Tropliimo:
1735 3232 1823 3299 qui

287 3332 491 3385 missus
517 3345 547 3381 a
576 3328 636 3380 Β.
669 3330 844 3392 Petro,
863 3328 1063 3394 primus
1087 3328 1136 3377 iu
1163 3325 1345 3379 Galliis
1376 3324 1585 3376 Arelate
1617 3324 1825 3392 episco-

288 3432 476 3489 patum
506 3421 735 3472 instituit
766 3437 778 3470 :
811 3420 959 3483 cujus
987 3420 1198 3484 quidem
1232 3419 1494 3483 prim-.rvae
1532 3412 1851 3466 institutio-'

290 3512 375 3564 nis
405 3511 546 3562 ratio
578 3510 750 3575 potior
776 3508 847 3560 sit
894 3508 1160 3569 habenda,
1198 3523 1358 3574 quam
1390 3505 1563 3558 civilis
1600 3504 1829 3572 disposi-

293 3602 479 3664 tionis,
501 3617 617 3667 quae
652 3601 865 3651 Vicuuze
913 3600 1001 3665 jus
1041 3598 1392 3664 metropoleos
1443 3598 1667 3663 political:
1701 3596 1827 3646 olim

294 3694 584 3746 tribuerat.
612 3691 760 3753 Quod
810 3688 968 3739 telum
1002 3703 1063 3738 ex
1114 3688 1299 3738 ordine
1333 3687 1475 3737 civili
1523 3686 1740 3752 petitum
1775 3693 1831 3734 ut

295 3784 561 3851 repellant
591 3780 846 3844 episcopi,
880 3789 981 3827 non
1011 3776 1253 3826 dubitant
1283 3775 1490 3825 civilem
1514 3788 1725 3839 quoque
1749 3774 1832 3822 di-

294 3871 579 3937 gnitatem,
610 3881 710 3932 qua
743 3863 1068 3930 temporibus
1117 3860 1221 3912 illis
1243 3859 1463 3911 ﬂorebat
1485 3860 1677 3910 civitas
1707 3861 1833 3911 Are-

298 3960 544 4022 lateusis,
579 3957 737 4009 Leoni
763 3969 1084 4023 proponere:
1113 3953 1163 4005 in
1193 3968 1255 4005 ea
1281 3965 1466 4017 nempe
1491 3952 1669 4002 sedem
1700 3964 1834 4015 pne;
1880 4004 1883 4007 λ

298 4050 518 4103 lectura:
548 4050 834 4102 Galliarum
854 4064 880 4097 a
904 4047 1124 4103 civitate
1154 4043 1491 4096 Trevirorum
1520 4056 1584 4095 eo
1605 4041 1831 4092 transla-

298 4148 406 4190 tam
443 4143 737 4190 consistere
768 4155 781 4189 :
824 4148 978 4203 atque
1008 4137 1147 4186 adeo
1208 4135 1388 4186 urbem
1444 4133 1584 4183 illam
1619 4145 1833 4183 matrem

300 4232 536 4281 eueniunt
565 4224 851 4282 Galliarum
872 4242 1007 4279 esse.
1030 4225 1179 4288 Quod
1212 4226 1429 4287 dictum,
1459 4234 1515 4275 ut
1544 4234 1839 4290 opponatur

300 4317 545 4380 Viennze,
570 4335 688 4385 qua:
714 4334 809 4385 pro
842 4330 1010 4369 matre
1034 4298 1348 4369 Viennensis
1385 4312 1582 4367 tantum
1622 4316 1836 4382 provin—

1978 1876 2239 1927 Caaterum
2275 1866 2386 1923 huic
2427 1866 2702 1932 Trophinii
2754 1864 3053 1932 antiquitas
3095 1861 3443 1915 conﬁrmatur

1908 1964 2135 2032 epistola
2158 1960 2405 2030 Cypriani
2431 1959 2497 2010 ad
2530 1958 2857 2023 Stephanum
2888 1964 3075 2021 papam
3096 1991 3111 2014 ,
3150 1966 3251 2019 qua
3313 1950 3444 2017 petit

1910 2060 1968 2105 ut
1995 2053 2060 2103 ab
2108 2064 2173 2102 eo
2216 2046 2529 2100 scribantur.
2555 2044 2746 2095 litterae
2775 2045 2826 2094 in
2854 2041 3186 2093 Provinciam
3241 2039 3326 2105 (id
3361 2047 3445 2088 est
3473 2078 3479 2080 ν

1910 2140 2308 2193 Narbonensem
2349 2133 2597 2195 solidam,
2629 2144 2789 2195 quam
2822 2131 2986 2181 veteri
3032 2128 3320 2180 Provincim
3348 2142 3445 2176 no-

1911 2230 2053 2288 mine
2084 2224 2385 2292 nuncupat)
2430 2224 2623 2289 quibus
2669 2220 2938 2271 Mareiano
2968 2220 3214 2285 episeopo
3270 2218 3448 2268 Arela-

1916 2321 2048 2372 tensi
2112 2317 2379 2376 absteuto,
2410 2314 2545 2365 alius
2592 2313 2642 2364 in
2677 2312 2791 2377 ejus
2826 2312 2999 2362 locutu
3050 2311 3441 2367 substituatur;

1912 2409 2171 2478 quoniam
2196 2404 2389 2474 spretis
2421 2404 2748 2469 collegarum
2783 2400 3018 2461 monitis,
3059 2398 3331 2449 Noratiaui
3355 2412 3447 2449 er-

1915 2499 2130 2552 roribus
2160 2496 2510 2565 pervicaciter
2536 2490 2857 2544 adlimrebat.
2886 2488 3168 2541 Necessum
3213 2502 3335 2538 vero
3364 2494 3447 2538 est

1916 2589 2051 2641 hanc
2078 2587 2329 2656 Cypriani
2383 2584 2659 2653 epistolam
2690 2584 2945 2649 scriptam
2984 2595 3102 2633 esse
3131 2580 3281 2632 initio
3308 2581 3449 2632 sedis

1916 2679 2197 2744 Stephani,
2225 2677 2439 2746 quando
2474 2679 2607 2729 duos
2635 2678 2774 2728 inter
2803 2673 2920 2725 illos
2942 2672 3216 2740 pontiﬁces
3243 2671 3451 2722 dissen-

1918 2768 1998 2819 sio
2030 2770 2262 2819 uondum
2295 2767 2397 2820 ulla
2434 2749 2827 2819 intercesserat.
2872 2763 3080 2814 Initium
3118 2772 3291 2813 autem
3321 2754 3463 2812 illud

1919 2858 2173 2925 Stephani
2209 2875 2326 2911 cum
2354 2860 2515 2911 cadat
2542 2857 2594 2909 in
2639 2870 2838 2907 aurium
2868 2851 2995 2916 256,
3029 2851 3268 2918 sequitur
3310 2847 3451 2918 hlar-

1919 2950 2063 3003 ciani
2097 2949 2311 3001 exordia
2354 2938 2673 3000 antecedere
2722 2943 2865 2997 Decii
2917 2940 3272 3019 consulatum.
3303 2937 3453 2993 Unde

1923 3042 2221 3093 rectissime
2257 3030 2556 3105 colligitur,
2586 3036 2889 3089 missionem
2915 3033 3189 3100 Trophimi
3213 3034 3263 3081 in
3296 3040 3447 3081 ante-

1925 3131 2059 3182 riora
2081 3128 2513 3195 promerendam,
2535 3128 2702 3177 invito
2720 3126 2841 3175 licet
2858 3122 3117 3186 Gregorio
3134 3120 3453 3185 Turonensi,

1923 3222 2128 3275 scilicet
2153 3222 2218 3272 ad
2244 3220 2386 3271 Petri
2424 3216 2668 3275 'aatatem,
2696 3216 2847 3285 juxta
2889 3212 3048 3264 libelli
3080 3213 3453 3279 episcoporum

1924 3313 2208 3379 provincia:
2249 3309 2566 3363 Viennensis
2597 3308 2956 3380 testationepr.
2988 3303 3109 3355 Sola
3137 3302 3256 3359 falsi
3280 3303 3456 3369 suSpi—
3512 3320 3516 3323 π

1925 3400 2077 3453 cione
2109 3401 2247 3451 ultro
2273 3400 2571 3465 excogitata
2608 3406 2713 3447 ttuu
2764 3396 3020 3445 adversus
3045 3392 3295 3459 Cypriani
3344 3392 3458 3459 cpi-

1926 3493 2138 3554 stolam,
2168 3502 2275 3542 tum
2301 3492 2555 3541 adversus
2579 3486 2775 3540 Zosimi
2818 3488 3074 3551 rescripta
3103 3497 3154 3535 et
3180 3486 3459 3551 epist-ope-

1930 3598 2044 3634 rum
2075 3581 2325 3644 libellum,
2350 3580 2537 3631 nollem
2560 3593 2591 3629 a
2617 3576 2907 3628 manifestis
2931 3576 3033 3627 illis
3059 3574 3457 3640 probationibus

1928 3687 1985 3723 se
2016 3671 2299 3721 liberarent
2331 3668 2572 3735 Gregorii
2603 3665 2855 3718 fautores.
2890 3665 3133 3715 Admissn
3160 3667 3351 3730 quippe
3376 3680 3458 3716 sc-

1928 3760 2031 3812 ruel
2074 3761 2173 3811 hac
2225 3757 2573 3826 respondendi
2610 3766 2662 3807 et
2699 3754 3074 3822 prwscribcndi
3110 3757 3331 3815 ratione,
3366 3755 3459 3805 ad-

1928 3864 2113 3900 versus
2141 3848 2334 3913 scripta
2353 3861 2471 3913 quze
2496 3845 2621 3897 stilo
2651 3852 2705 3896 et
2737 3855 3060 3897 vetustorum
3084 3844 3320 3895 codicum
3341 3844 3455 3895 edi.

1930 3939 2235 4001 tionumqne
2274 3936 2395 3995 lide,
2450 3944 2795 4001 veterumque
2824 3942 3105 3983 auctorum
3152 3934 3457 3983 testimonio

1932 4025 2263 4083 muniuntur,
2295 4023 2436 4074 cadit
2474 4023 2646 4074 omnis
2672 4023 2738 4073 de
2767 4012 3145 4087 quaestionibus
3183 4020 3458 4073 litterariis

1933 4116 2226 4170 disserendi
2256 4116 2582 4182 ingeniorum
2615 4113 2912 4166 delectatio.
2943 4112 3152 4164 Interim
3203 4112 3457 4164 omisteu-
3515 4128 3519 4133 ν

1935 4211 2057 4261 dum
2091 4225 2191 4261 non
2226 4218 2304 4260 est
2338 4218 2595 4258 assertum
2644 4204 2916 4274 Cypriano
2943 4202 3215 4267 epistolam
3239 4220 3267 4252 a
3298 4200 3361 4255 V.
3397 4202 3457 4254 (Σ.

1938 4297 2167 4364 Rigaltio
2202 4297 2252 4347 in
2288 4294 2429 4347 netis
2454 4295 2518 4345 ad
2542 4294 2886 4362 Cyprianum,
2920 4292 3094 4344 discus
3129 4292 3173 4343 is
3208 4291 3321 4342 falsi
3372 4305 3460 4343 ar-

302 4410 400 4460 εῑω
458 4422 518 4460 sc
571 4383 807 4474 gerebat,
864 4407 1080 4456 Αιιιιιιηι
1129 4407 1287 4454 eum"
1321 4418 1333 4452 ε
1368 4401 1668 4468 Quicunque
1698 4402 1836 4453 εηινα
1869 4418 1911 4469 D
1939 4388 2200 4455 gumenlis
2227 4403 2255 4437 a
2280 4386 2395 4437 viro
2432 4385 2741 4437 doctissimo
2772 4383 2967 4435 allatis.
2992 4383 3218 4448 Operam
3249 4394 3461 4453 quoque

302 4490 531 4555 Gallias,
563 4495 768 4545 scilicet
789 4493 899 4557 jam
936 4494 1068 4544 inde
1095 4508 1122 4542 a
1158 4493 1506 4544 Constantino
1532 4492 1756 4542 Maximo
1786 4501 1837 4542 ct

309 4584 705 4643 Valentiniano,
726 4582 995 4635 ostentare
1029 4583 1184 4634 voluit
1213 4583 1439 4649 insignia
1465 4581 1755 4648 dignitatis,
1784 4582 1838 4632 in

304 4670 401 4723 hac
426 4678 555 4724 urbe
583 4673 903 4723 consulatum
931 4656 1211 4737 accepisse,
1248 4684 1293 4723 et
1338 4674 1537 4723 dedisse
1564 4688 1583 4722 :
1618 4673 1714 4723 hoc
1760 4683 1842 4722 cst

308 4764 644 4814 consiilatum
668 4764 993 4813 circensibus
1009 4762 1381 4824 celebravisse,
1402 4761 1839 4825 quemadmodum

308 4853 524 4918 egregie
561 4853 697 4903 lmoc
732 4853 898 4903 locum
920 4853 1313 4925 interpretatur
1339 4852 1419 4902 vir
1444 4852 1843 4903 eruditissimus

308 4938 579 4991 Adrianus
625 4939 880 5004 Valesius,
925 4943 1221 4993 litterarum
1248 4952 1301 4992 et
1332 4942 1600 5007 sanguinis
1634 4956 1844 5007 germa-

311 5027 481 5077 nitate
518 5026 679 5079 frater
720 5043 859 5090 tuus,
896 5047 927 5082 0
973 5032 1099 5081 mihi
1148 5032 1463 5083 charissime
1495 5028 1718 5085 llenrice
1743 5026 1844 5081 Va-

310 5111 426 5173 105i.
459 5115 515 5164 in
540 5113 671 5169 libro
702 5134 793 5172 vm
831 5119 1020 5172 Rerum
1052 5120 1446 5181 Francicarum,
1480 5138 1615 5186 quas
1644 5115 1843 5172 doctis?

315 5202 469 5253 simis
498 5204 644 5253 coris
675 5215 724 5255 et
752 5204 943 5274 ingenii
1001 5210 1079 5261 sui
1126 5210 1341 5281 solertia
1400 5211 1704 5261 illustravit.
1742 5210 1845 5259 Ex-

314 5290 494 5357 pensis
551 5294 756 5343 tandem
806 5298 1069 5350 rationum
1121 5300 1401 5351 momentis
1432 5338 1448 5360 ,
1499 5307 1615 5365 Quae
1672 5298 1845 5350 libello

317 5384 689 5446 episcoporum
720 5383 1124 5440 l‘roviocialium
1174 5391 1603 5451 continebantur,
1651 5390 1844 5441 auditis

318 5488 531 5538 quoque
559 5466 951 5535 allegationibus
977 5477 1205 5543 episcopi
1236 5479 1566 5543 Viennensis,
1592 5478 1694 5529 Leo
1713 5495 1843 5544 papa

320 5558 580 5626 privilegii
613 5560 942 5640 Arelatensis
973 5566 1226 5618 rationem
1264 5568 1560 5621 habendam
1596 5568 1801 5619 censuit
1830 5605 1845 5628 ,

322 5650 812 5718 reatituendamque
838 5653 1273 5719 metropoliticam
1302 5657 1607 5727 dignitatem
1644 5658 1712 5711 illi
1749 5657 1848 5711 Ec-

1940 4495 2042 4530 non
2098 4477 2458 4545 iudiligeutem
2508 4476 2682 4543 posuit
2744 4476 2819 4526 vir
2852 4477 3007 4542 plane
3046 4475 3280 4527 eruditus
3315 4473 3463 4539 llugo

1936 4550 2215 4619 Menardus
2251 4568 2299 4616 iu
2338 4562 2640 4615 refellendis
2690 4574 3011 4628 argumentis
3063 4564 3315 4614 adversus
3363 4561 3465 4628 Cy-

1939 4658 2109 4724 priani
2148 4656 2448 4723 epistolam,
2478 4665 2531 4708 et
2580 4656 2779 4708 Zosimi
2825 4654 3103 4721 rescripta,
3141 4663 3298 4720 atque
3324 4652 3467 4704 libel-
3492 4630 3515 4679 ’-

1940 4747 2045 4796 luni
2072 4747 2357 4812 supplicem
2393 4745 2652 4795 adductis.
3407 4726 3411 4730 ’

2008 4822 2489 4898 Qumtestimonia,
2543 4835 2662 4886 licet
2696 4835 2759 4885 ad
2790 4834 3155 4885 vindicandam
3190 4833 3463 4884 veritatem

1942 4926 2223 4989 subiciant,
2261 4940 2362 4976 non
2394 4925 2621 4975 alienum
2664 4926 2762 4975 erit
2798 4927 2863 4975 ad
2914 4925 3209 4975 traditionis
3239 4923 3468 4988 antiqua:

1942 5025 2134 5077 seriem
2180 5022 2658 5087 Comprobandam,
2700 5021 2934 5072 Adonem
2986 5019 3331 5071 Viennensem
3365 5030 3470 5071 tes-

1946 5126 2046 5168 tem
2074 5111 2324 5172 laudare;
2364 5111 2513 5174 cujus
2536 5113 2643 5162 luce
2676 5122 2798 5161 snnt
2827 5112 2981 5161 verba
3017 5111 3063 5159 in
3094 5106 3469 5177 Martyrologio

1945 5220 1993 5257 tv
2030 5201 2150 5253 It'ul.
2200 5201 2487 5251 Januarii:
2541 5201 2689 5266 Apud
2737 5201 3014 5259 Arelatem,
3066 5200 3249 5247 natalis
3298 5201 3466 5251 sancti

1947 5293 2206 5359 Trapliimi
2235 5293 2459 5357 episcopi
2482 5300 2527 5342 et
2550 5292 2877 5357 confessoris,
2927 5289 3168 5351 discipuli
3210 5290 3472 5345 apostolo-

1946 5401 2057 5436 rum
2097 5380 2234 5432 l’etri
2258 5394 2303 5431 et
2352 5378 2528 5434 Pauli.
2578 5380 2717 5433 ldetu
2754 5382 2965 5431 uberius
2996 5380 3043 5427 in
3080 5378 3254 5431 libello
3296 5382 3358 5430 de
3396 5379 3475 5431 fe-

1946 5474 2273 5526 Stivitatibus
2299 5475 2677 5539 apostolorum.
2715 5470 2922 5520 Natalis
2970 5470 3132 5517 sancti
3167 5468 3429 5532 Trophimi
3453 5510 3469 5533 ,

1947 5568 2007 5617 de
2028 5580 2124 5629 quo
2153 5565 2325 5613 scribit
2367 5563 2642 5629 Apostolus
2689 5562 2754 5611 ml
2810 5558 3125 5609 Timotheum
3152 5573 3169 5607 :
3202 5578 3218 5608 ι
3256 5554 3472 5626 Trophi-

1947 5670 2082 5705 mutu
2106 5664 2276 5709 autem
2316 5647 2494 5709 rdiaui
2523 5652 2783 5715 inﬁrmum
2811 5647 3001 5701 Mileti.
3038 5667 3055 5700 ι
3101 5649 3213 5712 liis,
3248 5651 3310 5703 ab
3346 5666 3473 5716 apo-
