3996 6342
2332 140 2355 155 ς

2400 222 2451 265 Χ,

595 328 665 381 sa
1018 297 1022 300 ⁴
1389 329 1405 415 χ
1884 327 2086 386 PETRI
2127 331 2213 385 ne
2253 328 2482 384 manca
3734 323 3806 376 to

593 447 741 502 stolis
774 447 953 500 Romm
982 447 1252 500 ordinatus
1281 450 1569 515 episcopus,
1610 450 1809 516 primus
1843 452 1915 501 ad
1966 450 2155 501 Arela-
2182 454 2227 508 Α
2256 465 2377 500 cum
2411 448 2576 501 Paulo
2604 449 2927 523 proconsule
2978 450 3187 511 miscet,
3238 448 3590 512 eamdemque
3639 443 3803 500 facit.

593 550 691 592 tem
715 539 891 591 urbem
912 535 1103 591 Galliae
1130 539 1192 589 ob
1241 538 1438 591 Christi
1480 536 1821 607 Evangelium
1855 540 2144 607 prwdicano

592 632 715 679 dum
749 628 975 679 directus
1012 635 1132 679 est:
1190 642 1255 678 ea:
1288 628 1439 693 cujus
1495 626 1655 694 fonte,
1707 636 1762 679 ut
1796 629 1971 680 beatus
2006 646 2143 695 papa

589 713 829 769 Zosimus
862 715 1058 773 scribit,
1083 721 1209 765 totw
1236 711 1421 766 Gallia:
1445 714 1567 781 ﬁdei
1618 716 1756 767 rivos
1781 727 2089 783 acceperunt
2124 732 2143 769 :

588 808 678 876 qui
704 806 843 871 apud
872 804 1102 855 eamdem
1135 806 1311 855 urbem
1350 805 1406 854 in
1434 806 1797 873 pacequievit.

658 894 857 947 Errare
887 890 1132 959 Gregorii
1167 890 1500 945 Turonensis
1531 894 1581 944 in
1617 892 1978 960 consignanda
2006 891 2140 947 Tro-

500 1046 501 1049 η
588 986 754 1053 phiini
790 983 995 1051 eppcha
1046 982 1353 1048 dispuncto,
1387 994 1444 1034 re
1476 982 1895 1050 impetrahiliore
1925 993 2142 1037 utemur

588 1074 641 1127 in
676 1072 951 1142 probanda
981 1070 1174 1123 similis
1200 1070 1441 1137 ejusdem
1482 1073 1720 1124 auctoris
1771 1071 2141 1128 hallucinatio-

587 1164 672 1216 nis
713 1162 1097 1215 conlutatione.
1147 1159 1372 1213 Paulum
1427 1160 1845 1240 Narbonensem
1883 1166 1947 1215 ad
1998 1165 2138 1217 Decii

587 1264 825 1322 tempora
847 1252 1141 1321 Gregorius
1174 1253 1382 1321 dejicit.
1413 1252 1511 1306 Cui
1548 1268 1876 1322 opponemus
1900 1254 2137 1322 locuple—

585 1345 853 1399 tissimum
884 1344 1245 1397 teSIimonium
1294 1344 1646 1396 vetustissimi
1693 1342 2051 1413 Martyrologii
2107 1361 2137 1398 a

585 1434 885 1503 Rosweydo
916 1433 1067 1493 editi,
1096 1448 1203 1500 quo
1238 1432 1476 1485 Ecclesia
1507 1431 1746 1486 Romana
1779 1435 1919 1487 inter
1943 1435 2136 1487 solem-

584 1540 681 1577 nes
734 1527 866 1577 ritus
912 1525 1181 1585 utebatur,
1234 1533 1371 1576 teste
1409 1523 1666 1591 Gregorio
1694 1524 1882 1593 Magno
1924 1526 2012 1578 lib.
2045 1540 2133 1587 vn,

583 1614 743 1681 epist.
775 1613 865 1666 99.
903 1612 1265 1681 Martyrologii
1311 1612 1452 1666 illius
1488 1613 1599 1666 lucc
1622 1623 1747 1665 sunt
1775 1616 1934 1667 verba
1970 1616 2036 1668 ad
2081 1632 2134 1668 χι

584 1702 701 1765 Kal.
733 1702 931 1770 Aprilis
962 1718 977 1753 :
1020 1702 1308 1764 Narbonar,
1350 1702 1520 1753 sancti
1554 1700 1713 1753 Pauli
1742 1705 2002 1771 episcopi,
2056 1706 2137 1757 di-

2244 538 2505 591 Przeterea
2540 540 2695 593 docet
2720 540 2770 592 in
2807 540 3143 607 possessione
3193 540 3530 605 episcopatus
3571 536 3807 589 institu-

2240 636 2355 681 tum
2392 642 2421 678 a
2458 626 2625 681 Paulo
2672 626 2909 695 apostolo
2952 627 3003 680 in
3040 624 3348 695 Hispaniam
3394 627 3802 695 proﬁciscente.

2243 718 2370 783 Qua:
2403 718 2618 784 quidem
2644 720 2933 783 prudenter
2957 720 3076 770 Ado
3110 732 3211 769 non
3246 698 3477 771 asseruit
3520 724 3578 768 ut
3614 726 3803 777 certa,

2242 809 2333 859 sed
2361 817 2412 859 ut
2440 805 2578 859 fama
2622 807 2913 859 vetustiore
2944 816 3156 873 recepta
3186 827 3198 859 ;
3254 806 3411 874 cujus
3461 804 3806 856 narrationis

2242 908 2491 950 auctores
2514 896 2750 958 Braulio,
2780 896 3044 963 Leander,
3077 894 3347 958 Julianus,
3378 904 3433 948 et
3461 894 3547 947 alii
3578 902 3805 947 veteres

2240 989 2530 1053 scriptores
2556 984 2770 1052 llispani
2796 985 3146 1053 proferuntur
3174 986 3226 1038 in
3277 984 3474 1039 litteris
3520 985 3801 1052 Stephani

2240 1092 2387 1144 papa:
2412 1077 2571 1129 editis
2602 1095 2629 1128 a
2650 1078 2782 1130 viris
2810 1076 3129 1129 clarissimis
3174 1085 3229 1129 et
3249 1077 3627 1131 eruditissimis
3652 1076 3801 1131 Gui-

2242 1164 2419 1217 lielmo
2450 1164 2669 1227 Catello,
2703 1175 2951 1219 senatore
2981 1164 3267 1231 Tolosano,
3293 1176 3346 1219 et
3377 1165 3620 1235 Philippo
3644 1166 3799 1219 Lab-

2237 1255 2373 1319 baeo,
2398 1254 2683 1309 Societatis
2710 1255 2834 1308 Jesu
2883 1257 3225 1324 presbytero;
3254 1271 3476 1324 quarum
3512 1255 3803 1322 exemplar

2242 1353 2420 1398 exstat
2450 1347 2610 1398 etiam
2646 1347 2700 1399 iu
2748 1346 2981 1399 archivis
3009 1345 3265 1399 Ecclesiae
3321 1345 3753 1399 Tarraconensis
3780 1381 3797 1407 ,

2237 1448 2568 1501 quarumque
2620 1434 2772 1487 ﬁdem
2818 1444 2872 1487 et
2902 1435 3215 1487 sententiam
3239 1433 3587 1500 expendimus
3616 1433 3669 1485 in
3699 1448 3799 1486 se-

2236 1524 2405 1575 cunda
2447 1523 2678 1575 editione
2705 1523 2822 1575 libri
2850 1524 3018 1575 nostri
3050 1523 3121 1573 De
3151 1522 3476 1588 primatibus.
3504 1514 3507 1515 ν

2305 1613 2457 1677 Quod
2485 1615 2677 1666 attinet
2704 1614 2770 1665 ad
2812 1612 3144 1678 Martialem,
3194 1613 3322 1665 illud
3354 1627 3514 1663 unum
3551 1613 3798 1666 habetur

2234 1702 2286 1755 in
2317 1702 2711 1771 Martyrologiis
2762 1700 3057 1763 veteribus,
3108 1714 3229 1752 eum
3277 1698 3569 1752 Lemovicaa
3614 1698 3800 1754 fuisse

584 1794 769 1860 scipnli
793 1791 1166 1861 apostolorum.
1209 1792 1285 1844 En
1316 1791 1536 1844 Paulum
1571 1796 1878 1862 episc0pum
1926 1794 2131 1848 Narbo-
2167 1778 2208 1830 Β
2237 1793 2569 1860 episcopum.
2619 1791 2997 1843 Verumtamen
3057 1792 3274 1858 antiqua
3306 1791 3421 1858 ejus
3452 1791 3570 1843 vita:
3606 1792 3747 1843 Acta
3775 1830 3793 1854 ,

586 1901 829 1951 nensem,
861 1883 1182 1950 discipulum
1230 1884 1620 1949 apostolorum,
1658 1886 1709 1938 id
1758 1897 1839 1939 est
1894 1890 1959 1940 ab
2007 1890 2134 1955 ipsis

584 1977 841 2045 apostolis
882 1976 1249 2048 Christianam
1282 1974 1439 2027 [idem
1500 1979 1767 2029 edoctum.
1820 1978 1987 2031 Causa
2041 1996 2132 2032 ca-

584 2069 727 2128 dam,
760 2065 857 2117 nisi
895 2074 1149 2117 constans
1179 2065 1252 2117 sit
1284 2066 1333 2116 in
1365 2064 1551 2117 eodem
1577 2064 1955 2134 Martyrologio
1984 2069 2130 2119 verbi

584 2159 725 2211 illius
755 2174 911 2225 quam
942 2158 1193 2226 proposui
1248 2157 1615 2223 signiﬁcatio;
1672 2176 1789 2228 quae
1837 2162 2133 2226 alia,certe

581 2264 699 2302 esse
732 2265 834 2301 non
860 2258 1033 2316 potest
1076 2247 1233 2314 juxta
1272 2236 1548 2316 proprium
1601 2249 1851 2303 dictionis
1891 2266 2127 2303 sensum.

582 2337 828 2390 Referam
864 2338 1001 2398 loca,
1034 2353 1098 2389 ex
1132 2338 1327 2403 quibus
1367 2338 1481 2391 haec
1516 2340 1827 2405 signiﬁcatio
1854 2340 1999 2392 verbi
2030 2341 2129 2391 ad-

582 2431 827 2483 su'uitur.
864 2428 1043 2481 Pridie
1084 2426 1267 2480 Nonas
1294 2426 1560 2481 Januarii.
1591 2428 1743 2493 Apud
1764 2428 1992 2492 Cretam,
2025 2430 2129 2481 Titi

582 2521 932 2586 apostolorum
958 2519 1200 2586 discipuli
1245 2534 1305 2571 tu
1350 2517 1476 2569 Kal.
1506 2517 1655 2570 Maii.
1684 2520 1831 2579 Apud
1868 2518 2128 2584 Paphum,

583 2610 791 2679 Tycliici
838 2611 1189 2674 apostolorum
1224 2610 1487 2675 discipuli.
1524 2625 1594 2661 γη
1662 2607 1925 2661 Kalendas
1956 2610 2125 2662 Junii.

580 2702 731 2767 Apud
763 2702 1011 2764 Athenas,
1039 2702 1296 2763 Quadrati
1321 2700 1672 2764 apostolorum
1708 2702 1967 2768 discipuli.
2002 2701 2127 2753 Pii-

580 2793 662 2842 die
692 2790 872 2843 Nonas
901 2792 1142 2858 Augusti.
1198 2790 1490 2843 Aristarchi
1508 2792 2125 2858 discipuliapostolorum.

581 2899 631 2935 tv
668 2880 793 2934 Kal.
826 2884 1140 2935 Decembris.
1204 2881 1471 2933 Sostltenis
1494 2882 1731 2950 discipuli
1757 2884 2124 2951 apostolorum.

586 2988 641 3024 γι
692 2971 954 3025 Kalendas
995 2971 1268 3025 Januarii.
1304 2972 1569 3040 Trophimi
1610 2974 1855 3041 episcopi,
1888 2975 2127 3041 discipuli

581 3062 931 3129 apostolorum
973 3063 1148 3127 Quare
1179 3064 1378 3115 diserta
1413 3073 1517 3126 est,
1542 3064 1747 3125 utdixi,
1770 3062 2126 3131 Martyroloin

593 3154 793 3206 veteris
822 3154 1044 3206 Romani
1082 3155 1315 3216 testatio,
1340 3154 1407 3206 ad
1448 3153 1713 3220 ﬁgendum
1740 3154 1885 3205 Pauli
1923 3153 2128 3207 Narbo-

580 3230 763 3296 nensis
794 3245 1157 3311 episcopatum
1206 3245 1258 3296 in
1316 3244 1446 3311 ipsis
1475 3245 1833 3311 apostolorum
1871 3244 2127 3312 tempori-

582 3333 700 3398 bus,
752 3334 997 3399 quamvis
1048 3332 1326 3400 Trophimi
1382 3334 1693 3400 episcopatu
1748 3334 2125 3399 posteriorem.

580 3421 1001 3475 Celeberrimum
1038 3422 1255 3488 quidem
1307 3421 1445 3487 apud
1471 3420 1718 3486 antiquos
1775 3417 1942 3471 fuisse
1978 3418 2125 3471 Pauli

581 3515 738 3581 hujus
776 3528 989 3575 nomen,
1014 3514 1169 3566 docet
1197 3511 1525 3565 Prudentius
1552 3510 1605 3563 iu
1638 3509 1961 3579 Martyribus
2006 3508 2125 3561 Ca:-

578 3600 975 3666 saraugustunis
1002 3615 1022 3653 :
1362 3610 1363 3613 “

650 3693 881 3747 Barcino
914 3695 1056 3747 claro
1092 3691 1347 3763 Cucufate
1378 3694 1514 3763 fulta

649 3785 855 3853 Surget,
887 3797 931 3839 et
967 3786 1131 3837 Paulo
1152 3787 1385 3855 speciosa
1417 3785 1618 3839 Narbo.

580 3875 685 3930 Sed
714 3876 963 3945 temporis
989 3879 1658 3946 veramiconsignatioaem
1713 3891 1777 3929 ex
1820 3874 2123 3927 testimonio

582 3969 944 4021 vetustissimo
978 3969 1231 4020 Romana:
1266 3966 1517 4022 Ecclesia:
1547 3983 1707 4036 supra
1738 3968 1950 4020 laudato
1990 3967 2123 4019 hau-

582 4058 689 4108 rire
736 4060 1009 4112 debemus.
1052 4056 1379 4109 Traditionis
1426 4073 1554 4110 vero
1590 4060 1757 4111 series
1789 4062 2010 4125 petenda
2039 4066 2123 4110 est

582 4156 689 4195 tum
713 4159 775 4196 ex
802 4143 1063 4207 Usuardo,
1087 4158 1139 4197 et
1165 4162 1228 4197 ex
1244 4146 1393 4197 Actis
1411 4147 1532 4197 vita:
1556 4146 1700 4197 Pauli
1726 4146 2118 4209 Narbonensis;

582 4243 693 4284 tum
717 4234 879 4283 etiam
909 4248 971 4283 ex
1025 4235 1229 4283 Adonis
1255 4234 1414 4301 Mart)
1430 4234 1629 4299 rologio
1654 4274 1667 4297 ,
1704 4242 1862 4300 atque
1891 4250 1954 4284 ex
1981 4234 2124 4299 ejus—

580 4328 697 4376 dem
735 4323 912 4376 libello
955 4325 1020 4391 de
1070 4322 1457 4375 festivitatibus
1521 4324 1915 4389 apostolorum;
1972 4326 2121 4390 cujus

2238 1898 2398 1932 unum
2430 1880 2593 1933 fuisse
2626 1893 2656 1931 e
2696 1894 2800 1931 ιιι
2864 1878 3137 1947 discipulis
3186 1878 3427 1941 Domini,
3468 1888 3521 1931 et
3561 1894 3589 1930 a
3622 1877 3800 1931 Petro

2237 1971 2479 2039 apostolo
2507 1971 2572 2022 ad
2612 1972 2906 2037 Aquitanos
2938 1972 3158 2022 missum
3195 1969 3421 2032 docent;
3451 1985 3611 2037 quam
3668 1980 3795 2022 tra-

2233 2065 2488 2118 ditionem
2516 2062 2756 2130 amplexa
2787 2071 2871 2115 est
2916 2062 3150 2130 synodus
3194 2060 3591 2114 Lemovicensis
3639 2077 3797 2114 anno

2234 2152 2372 2208 1054
2405 2153 2456 2204 in
2488 2151 2877 2219 disceptatione
2917 2165 3036 2217 qua:
3085 2152 3151 2203 de
3187 2149 3444 2203 Martialis
3480 2151 3793 2218 apostolatu

2232 2246 2283 2298 in
2309 2244 2494 2298 Galliis
2524 2244 2702 2297 habita
2730 2251 2830 2296 est.

2302 2336 2541 2406 Dionysii
2576 2335 2893 2391 Parisiensis
2917 2336 3159 2390 succedit
3188 2347 3379 2390 vexata
3403 2337 3795 2405 disputationi-

2231 2429 2329 2481 bus
2361 2429 2802 2494 gravissimorum
2852 2431 3087 2481 virorum
3116 2430 3322 2497 epocha
3353 2445 3366 2481 :
3404 2430 3484 2481 his
3507 2432 3793 2481 stantibus

2231 2528 2257 2564 a
2292 2513 2567 2579 Gregorio,
2602 2524 2656 2566 et
2705 2516 2769 2565 ad
2811 2514 2953 2567 Decii
2988 2526 3224 2584 tempora
3274 2518 3567 2570 antistitem
3624 2518 3787 2569 illum

2230 2604 2654 2667 detrudcntilius,
2682 2619 2787 2672 quo
2833 2620 2955 2673 spes
2989 2608 3163 2660 omnis
3196 2608 3550 2661 Parisiensem
3576 2609 3792 2678 Diony-

2228 2692 2363 2744 sium
2393 2709 2511 2745 cum
2541 2696 2864 2764 ArcOpagita
2905 2698 3257 2766 permiscendi
3295 2700 3684 2753 abscindatur:
3726 2702 3791 2753 il-

2229 2782 2297 2835 lis
2322 2798 2473 2848 vero,
2506 2786 2775 2837 contrario
2798 2788 3093 2854 proposito,
3122 2787 3186 2839 ad
3220 2788 3546 2841 Clementem
3576 2789 3792 2842 Βοηιεμ

2230 2890 2353 2928 num
2378 2875 2493 2942 ejus
2522 2876 2826 2928 missionem
2861 2877 3233 2931 referentibus.
3265 2878 3406 2931 Sane
3435 2893 3465 2929 a
3494 2878 3789 2933 Clemente

2228 2970 2279 3019 in
2304 2967 2505 3019 Callias
2530 2967 2837 3037 Dionysium
2869 2969 3089 3020 missum
3125 2967 3305 3034 fuisse,
3332 2968 3470 3021 Beda
3488 2980 3540 3023 et
3568 2968 3791 3024 Usuar-I

2158 3096 2196 3147 Ο
2230 3060 2325 3108 ilus
2353 3058 2549 3110 docent
2574 3057 2626 3110 in
2648 3059 2760 3112 suis
2781 3056 3172 3128 Martyrologiis
3197 3078 3209 3113 :
3238 3074 3396 3127 quam
3430 3060 3789 3144 traditionem

2231 3159 2322 3196 eos
2354 3148 2597 3201 hausisse
2622 3159 2823 3201 certum
2863 3161 3035 3203 estex
3066 3150 3207 3201 Actis
3254 3150 3489 3217 antiquis
3534 3150 3668 3205 Vitae
3720 3152 3787 3204 S.

2230 3240 2511 3308 Dionysii,
2567 3255 2685 3307 qua:
2730 3242 2927 3293 dudum
2978 3256 3043 3292 ex
3096 3256 3220 3293 mss.
3280 3242 3555 3293 codicibus
3606 3240 3793 3293 edidit

2230 3332 2294 3387 V.
2316 3332 2376 3385 C.
2406 3342 2461 3384 et
2494 3333 2889 3385 eruditissimus
2943 3332 3260 3385 Franciscus
3289 3332 3603 3399 Bosquetus,
3630 3349 3790 3387 nth

2231 3417 2612 3469 meritissiinus
2640 3420 2925 3485 episcopus
2949 3419 3201 3471 Ecclesia)
3222 3420 3645 3487 Monspeliensis.
3671 3421 3792 3475 No-

2229 3522 2350 3558 men
2376 3507 2609 3559 auctoris
2654 3506 2796 3559 illius
2831 3499 2965 3559 Vitae
2999 3504 3317 3573 deprehendi
3367 3510 3416 3562 in
3452 3511 3637 3564 codice
3668 3528 3785 3567 ms.

2228 3594 2555 3649 Turonensis
2583 3596 2857 3662 Ecclesia},
2904 3599 2995 3665 qui
3056 3600 3427 3667 complectitur
3462 3600 3606 3655 Vitas
3640 3618 3787 3656 san-

2226 3697 2431 3741 ctorum
2457 3687 2657 3754 aliquot
2688 3705 2715 3740 a
2748 3682 3042 3744 Fortunato
3070 3690 3389 3758 descriptas,
3410 3704 3469 3745 et
3501 3695 3637 3746 inter
3667 3709 3789 3746 cm-

2226 3787 2393 3842 teras,
2432 3778 2666 3847 Dionysii
2695 3778 3015 3835 Parisiensis
3056 3782 3197 3835 illam
3228 3798 3345 3849 qua:
3378 3782 3520 3849 jam,
3554 3792 3610 3835 ut
3634 3783 3785 3851 dixi,

2224 3872 2365 3925 edita
2397 3882 2478 3925 est
2511 3873 2563 3925 in
2599 3872 2892 3940 publicum.
2944 3873 3207 3926 Habemus
3260 3890 3385 3942 ergo
3414 3876 3782 3929 Fortunatum

2228 3963 2600 4017 Pictavensein
2636 3964 2942 4029 epise0pum
2966 4004 2979 4028 ,
3009 3964 3267 4029 aequalem
3305 3964 3542 4033 Gregorii
3597 3966 3785 4019 Tur:-

2224 4056 2427 4117 nensis,
2451 4054 2537 4119 qui
2567 4053 3140 4121 DionysiLParisicnsis
3166 4057 3420 4123 epoeham
3438 4057 3502 4109 ad
3531 4065 3780 4123 tempora

2224 4146 2512 4199 Clementis
2540 4144 2785 4196 retrahit.
2814 4143 2985 4207 Quam
3041 4147 3363 4199 sententiam
3423 4147 3590 4199 secuti
3643 4160 3784 4203 sunt

2222 4237 2773 4305 episcopiGalliarum
2808 4240 2860 4291 in
2897 4242 3116 4309 epistola
3149 4244 3213 4295 ad
3252 4245 3539 4312 Eugenium
3577 4260 3779 4311 papam

2225 4330 2420 4394 scripta
2452 4342 2591 4379 anno
2623 4328 2747 4393 824,
2776 4345 2895 4399 quae
2923 4333 3149 4386 habetur
3184 4338 3320 4399 apud
3367 4336 3650 4387 Baronium
3689 4351 3702 4386 :
3742 4350 3779 4389 ει

585 4417 697 4469 [nec
718 4424 841 4466 sunt
871 4414 1029 4465 verba
1063 4417 1127 4465 ad
1162 4415 1300 4466 diem
1338 4428 1387 4463 χι
1418 4412 1642 4467 Kalend.
1672 4414 1904 4479 Aprilis:
1947 4411 2119 4464 Nata-
2153 4414 2195 4467 D
2226 4417 2418 4483 quibus
2445 4415 2739 4471 Fortunato
2778 4430 2909 4473 teste
2942 4424 3073 4475 adeo
3121 4423 3387 4492 locuplete
3422 4423 3565 4477 fultis
3594 4423 3779 4477 disce-

577 4504 640 4557 lis
662 4506 827 4556 sancti
860 4502 1038 4568 Pauli,
1068 4521 1215 4572 quem
1241 4504 1377 4555 beati
1408 4504 1627 4569 apostoli
1675 4502 1977 4553 ordinatum
2008 4504 2121 4555 urbi

578 4595 845 4650 Narbona:
872 4597 1165 4662 episcopum
1218 4597 1491 4649 miserunt.
1536 4593 1700 4658 Quem
1736 4595 1948 4645 tradunt
1978 4611 2121 4646 eum-

576 4691 691 4742 dem
726 4690 891 4753 ipsum
924 4689 1085 4753 fuisse
1116 4687 1352 4756 Sergium
1386 4686 1610 4743 Paulum
1631 4684 2015 4752 proconsulem,
2047 4687 2121 4737 vi-

577 4797 688 4833 rum
717 4779 1038 4844 prudentem,
1068 4794 1098 4826 a
1131 4795 1231 4846 quo
1274 4779 1379 4845 ipse
1416 4776 1616 4829 Paulus
1649 4778 1866 4829 sortitus
1913 4786 1986 4828 est
2028 4792 2122 4827 nos

573 4888 709 4934 men,
745 4870 868 4937 quia
934 4884 1047 4920 eum
1096 4868 1219 4933 ﬁdei
1268 4868 1464 4921 Christi
1494 4869 1805 4936 subegerat:
1838 4867 2025 4935 quique
2056 4866 2118 4917 ab

574 4963 749 5014 eodem
780 4972 959 5012 sancto
1012 4958 1283 5024 apostolo,
1331 4974 1447 5009 cum
1496 4964 1559 5009 ad
1616 4956 1900 5025 Hispanias
1931 4956 2121 5024 μνωάὶ-

582 5054 739 5105 candi
777 5052 945 5120 gratia
993 5058 1241 5116 pergeret.
1274 5050 1410 5115 apud
1459 5051 1731 5117 prwfatam
1755 5049 1929 5101 urbem
1964 5046 2118 5099 Nar-

575 5148 757 5197 bonam
787 5144 1017 5205 relictus,
1046 5139 1431 5208 prcedicationis
1460 5142 1621 5208 oﬂicio
1646 5157 1745 5193 non
1774 5142 1997 5207 segniter
2027 5140 2118 5189 im-

573 5233 731 5300 pleto,
761 5234 937 5285 clarus
966 5228 1235 5283 miraculis
1266 5236 1541 5281 coronatus
1570 5230 1839 5290 sepelitur.
1891 5227 1986 5282 Hic
2012 5229 2117 5280 duo

576 5329 816 5391 qumdam
845 5322 1177 5377 observanda
1209 5329 1353 5373 sunt.
1398 5320 1475 5373 Ac
1513 5328 1685 5388 primo
1714 5322 1946 5389 quidem,
1984 5321 2117 5372 Pau-

578 5415 683 5483 lum
713 5414 1048 5468 Narbonensi
1080 5412 1335 5468 Ecclesia:
1367 5412 1677 5477 prmtectum
1717 5412 2023 5480 episcopum
2052 5410 2117 5462 ab

566 5506 713 5572 ipsis
746 5508 1103 5574 apostolorum
1146 5502 1497 5572 temporibus,
1541 5502 1777 5561 absoluta
1830 5515 2117 5557 estaucto-

575 5596 729 5657 ritas,
762 5610 881 5646 cum
912 5612 1092 5649 eorum
1121 5594 1411 5663 discipulus
1466 5590 1647 5657 fuerit,
1700 5604 1757 5645 ut
1803 5595 1931 5647 dixi.
1969 5594 2119 5646 Alte-

490 5716 495 5721 ι
576 5700 696 5739 tum
725 5685 935 5753 respicit
970 5699 1203 5743 veterem
1262 5688 1458 5741 fatuam
1486 5726 1500 5752 ,
1552 5700 1666 5753 qua:
1701 5684 1917 5739 Paulum
1964 5687 2112 5741 illum

2222 4505 2367 4566 dere,
2396 4504 2661 4572 piaculum
2686 4523 2806 4561 esse
2836 4522 2981 4577 puto.

2291 4594 2365 4647 De
2402 4595 2714 4659 Saturnino,
2749 4599 2975 4652 Gatiano
3006 4610 3057 4652 it
3098 4600 3405 4654 Stremonio
3452 4615 3576 4653 mox
3610 4615 3775 4670 agam

2221 4688 2472 4755 quoniam
2504 4690 2751 4757 specialis
2777 4692 2986 4743 illorum
3018 4700 3097 4744 est
3122 4707 3300 4744 causa.

2293 4778 2405 4831 Non
2443 4795 2525 4831 me
2556 4780 2708 4844 latet,
2740 4782 2867 4849 quid
2899 4784 3136 4835 eruditos
3169 4785 3313 4835 viros
3342 4764 3421 4833 ad.
3455 4780 3775 4848 deprimen-

2221 4868 2342 4923 dam
2399 4869 2449 4921 in
2497 4873 2796 4939 posteriora
2846 4879 3083 4938 tempora
3142 4882 3344 4938 septem
3392 4874 3773 4939 episcoporum

2221 4960 2503 5026 cpochaui,
2533 4962 2695 5013 veluti
2744 4962 3046 5031 prazcipites
3085 4963 3287 5027 egerit:
3324 4960 3508 5014 Severi
3550 4962 3774 5029 Sulpitii

2232 5063 2445 5115 nempe,
2471 5036 2631 5116 atque
2663 5051 2901 5119 Gregorii
2932 5050 3259 5102 Turonensis
3280 5052 3587 5106 auctoritas.
3617 5053 3773 5106 Scri-

2218 5140 2323 5207 psit
2349 5141 2434 5193 ille
2458 5182 2473 5207 ,
2520 5141 2627 5195 Sub
2660 5144 2868 5197 Aurelio
2892 5144 3153 5193 Antonino
3175 5142 3280 5194 visa
3305 5144 3525 5211 primum
3551 5148 3601 5198 in
3628 5145 3769 5208 Gal-

2222 5234 2308 5284 liis
2334 5236 2606 5303 martyrio,
2646 5235 2743 5287 Dei
2773 5234 3015 5302 religione
3052 5243 3193 5286 trans
3218 5234 3367 5301 Alpes
3392 5239 3557 5290 serius
3586 5253 3768 5290 susse-0

2218 5332 2325 5387 pta.
2379 5318 2529 5378 Unde
2584 5324 2779 5378 tabulis
2844 5324 3219 5379 ecclesiasticis
3280 5326 3433 5380 Iidem
3494 5344 3596 5379 non
3666 5341 3760 5379 e8-

2220 5427 2276 5465 se
2309 5412 2600 5465 habendam
2628 5414 2900 5481 colligunt.
2930 5430 3045 5481 qua:
3079 5416 3174 5467 sub
3205 5417 3519 5480 Domitiano,
3546 5415 3625 5468 vel
3656 5416 3759 5466 sub

2219 5487 2471 5571 Trajani),
2506 5514 2597 5555 aut
2624 5506 2860 5557 Adriano
2916 5521 3096 5573 passos
3149 5510 3362 5560 tradunt
3404 5508 3656 5575 quosdam
3687 5518 3752 5557 os

2217 5591 2484 5660 prioribus
2518 5591 2621 5644 illis
2672 5593 3034 5659 pontilicibus.
3072 5593 3287 5647 Utinam
3335 5594 3639 5646 maluissent
3670 5591 3755 5644 iu-

2221 5681 2600 5751 terpretatioue
2629 5698 2692 5737 cx
2752 5684 2880 5752 ipsis
2910 5686 3046 5753 juris
3078 5697 3133 5739 ct
3166 5686 3435 5739 rhetorum
3484 5668 3768 5751 principiis
