3978 6342
196 342 250 396 tt
397 384 401 391 .
1429 341 1694 397 menso
1735 341 2123 396 PRAEFM‘IU.
2168 368 2173 373 -
2890 402 2891 405 γ
3267 306 3273 312 ’
3320 339 3386 393 ω

196 458 365 515 ducta.
394 454 646 508 Severum
669 470 788 508 cum
826 454 1091 525 diptycbis
1120 456 1501 533 ecclesiasticis
1534 462 1585 513 in
1609 476 1742 514 con-
1764 467 1814 522 Α
1840 476 1944 514 non
1980 460 2159 521 debet,
2177 457 2305 525 quin
2336 452 2578 524 Gregorn
2601 462 2834 523 tempore
2856 454 3047 524 duplex
3077 456 3387 511 iuvaluisset

197 547 425 601 cordiam
457 546 761 609 adducere;
791 548 972 614 generi
998 548 1194 616 quippe
1243 563 1338 616 per
1366 550 1598 617 Speciem
1630 551 1729 606 de—

198 644 429 704 rogatur,
462 646 519 689 ut
569 639 762 691 docent
783 638 1174 704 iurisconsulti.
1210 638 1286 707 De
1331 642 1604 709 martyriis
1639 657 1732 709 ge-

199 727 461 780 neralibus
504 726 742 795 loquitur
791 728 1023 781 Severus
1046 768 1061 789 ,
1096 728 1305 782 scilicet
1353 730 1421 782 de
1449 731 1592 785 cznde
1618 739 1727 805 tum

197 817 522 882 pontiﬁcum,
565 828 674 869 tum
718 818 887 885 plebis
938 818 1295 880 Christianae,
1329 836 1427 887 per
1472 821 1729 889 supplicia

196 918 643 975 consumptorum,
680 919 737 961 ut
764 910 959 962 accidit
983 911 1035 962 in
1080 910 1329 965 Ecclesiis
1358 912 1642 966 Viennensi
1676 922 1731 966 et

197 991 524 1061 Lugdunensi
561 995 659 1048 sub
691 996 993 1059 Antonino,
1027 1013 1134 1065 quo
1186 999 1357 1052 solum
1412 1002 1731 1068 respiciebat

196 1083 448 1143 Severus;
475 1084 559 1135 cui
593 1084 730 1137 cladi
766 1086 958 1139 similis
993 1097 1116 1139 ante
1162 1088 1302 1141 nulla
1331 1092 1629 1156 cantigerat
1674 1093 1727 1146 in

193 1172 392 1227 Galliis.
427 1173 573 1237 Quod
616 1185 790 1227 tamen
843 1192 944 1230 non
976 1180 1195 1247 impedit
1232 1182 1359 1247 quin
1400 1184 1605 1249 priores
1633 1185 1731 1237 ali-

194 1272 321 1326 quot
340 1263 570 1329 episcopi
596 1268 692 1331 pro
716 1262 932 1319 Christo
969 1277 1194 1321 mortem
1233 1267 1486 1335 obierint,
1526 1273 1730 1339 absque

194 1352 293 1404 ulla
326 1362 496 1405 tamen
531 1355 763 1420 generali
802 1356 969 1422 plebis
986 1357 1309 1412 Christiana:
1342 1372 1537 1429 strage,
1560 1372 1617 1415 ut
1647 1363 1729 1415 fa-

192 1454 331 1493 etum
354 1452 532 1507 postea
553 1449 649 1496 sub
679 1443 855 1508 Decio,
877 1447 967 1515 qui
997 1447 1139 1500 solos
1170 1448 1221 1499 in
1252 1448 1531 1516 episcopos
1557 1451 1731 1504 anim-

190 1530 510 1585 advertebat.
528 1532 710 1601 Neque
735 1550 863 1590 vero
890 1540 1134 1606 sequitur
1157 1554 1367 1593 errasse
1395 1541 1645 1596 Severum
1676 1544 1727 1597 in

192 1624 511 1688 perterenda
576 1641 750 1680 rerum
798 1630 967 1692 serie,
1023 1644 1143 1682 cum
1202 1647 1299 1697 per
1356 1635 1728 1702 compendium

189 1728 398 1767 summa
423 1716 627 1769 illarum
657 1719 831 1785 capita
862 1720 1137 1788 attigerit,
1166 1738 1341 1790 neque
1370 1725 1423 1778 in
1453 1740 1511 1779 se
1549 1741 1732 1781 susce-

1838 549 2041 618 Opinio,
2058 556 2113 601 et
2139 548 2269 615 quin
2302 556 2530 613 utraque
2563 546 2675 599 sola
2706 545 2963 599 relatione
2985 546 3264 600 niteretur.
3294 547 3387 600 Al-

1814 649 1949 701 tera
1986 649 2253 707 estquam
2285 639 2529 707 sequitur
2554 636 2842 706 Gregorius
2874 636 2975 690 hoc
3006 638 3140 697 loco.
3170 652 3381 703 passum

1835 744 1956 781 esse
2005 726 2349 780 Saturninum
2401 724 2546 778 Decii
2573 722 2876 778 consulatu.
2907 720 3036 775 Illud
3077 733 3251 776 autem
3291 738 3383 773 au-

1836 823 1955 868 ctor
1978 813 2044 866 ab
2073 828 2137 867 eo
2160 812 2405 867 laudatus
2428 812 2625 873 hausit,
2646 827 2747 865 non
2767 825 2829 863 ex
2860 811 3083 865 vetustis
3111 810 3380 864 Saturnini

1834 903 2098 971 passionis
2133 904 2298 965 Actis,
2332 904 2423 955 sed
2453 916 2517 953 ex
2547 900 2692 967 ﬁdeli
2724 902 3094 963 recordatione,
3128 910 3181 953 ut
3211 900 3381 967 loqui-

1838 1003 1943 1046 tur.
1988 992 2207 1046 Vetusta
2235 994 2375 1046 enim
2404 992 2667 1059 passionis
2691 992 2844 1057 Acta,
2877 990 2962 1044 vel
2996 1006 3088 1059 per
3125 991 3381 1049 incuriam

1839 1092 2077 1150 tempore
2108 1082 2197 1135 illo
2224 1083 2423 1149 scripta
2466 1095 2570 1133 non
2619 1081 2855 1143 fuerant,
2885 1080 2966 1133 vel
2999 1095 3065 1133 ex
3100 1080 3380 1147 praesidum

1835 1174 2053 1226 decreto
2117 1172 2443 1241 temporibus
2474 1170 2621 1224 Decii
2680 1171 2801 1239 igne
2853 1171 3161 1238 perierant;
3210 1180 3266 1223 ut
3319 1170 3382 1222 de

1834 1265 1985 1318 Actis
2009 1272 2298 1333 martyrum
2325 1261 2648 1332 generaliter
2676 1269 2902 1315 testatur
2925 1261 3262 1315 Prudentius.
3290 1259 3383 1312 Al-

1837 1364 1951 1409 tera
1986 1357 2281 1416 sententia,
2327 1369 2421 1407 sua
2476 1348 2687 1420 quoque
2730 1352 2994 1406 relatione
3048 1350 3174 1404 fulta
3212 1350 3383 1419 (cujus

1837 1445 1992 1500 testis
2011 1446 2122 1515 ipse
2148 1444 2330 1514 Greg.,
2353 1445 2441 1497 lib.
2469 1460 2506 1507 ι,
2525 1458 2575 1496 c.
2600 1443 2692 1505 48,
2716 1443 2786 1495 De
2808 1442 3114 1509 miraculis),
3144 1440 3385 1492 tradebat

1838 1536 2055 1588 missum
2088 1534 2432 1588 Saturninum
2454 1552 2478 1585 a
2502 1532 2775 1607 discipulis
2800 1532 3177 1599 apostolorum,
3202 1530 3250 1582 id
3278 1539 3379 1593 est,

1836 1625 1954 1693 plus
1988 1640 2153 1694 quam
2187 1635 2398 1678 centum
2427 1635 2480 1678 et
2507 1624 2895 1692 quinquaginta
2940 1621 3094 1674 annis
3119 1624 3254 1685 ﬁante
3284 1618 3383 1671 De—

1836 1716 2001 1768 cium.
2052 1718 2200 1769 Adeo
2230 1724 2289 1768 ut
2310 1729 2319 1742 '
2341 1717 2391 1768 in
2436 1714 2653 1780 ancipiti
2702 1713 2891 1779 positis
2916 1752 2931 1775 ,
2960 1712 3116 1764 liceat
3144 1711 3378 1763 ultimam

188 1806 346 1870 perit,
378 1807 611 1876 origines
639 1809 996 1865 Ecclesiarum
1025 1813 1442 1881 Gallicanarum,
1461 1832 1596 1884 quas
1619 1833 1734 1871 om-
1764 1828 1806 1884 Β
1834 1803 2075 1871 Gregorii
2106 1804 2423 1857 sementium
2464 1803 2612 1870 εθίίυῖ
2635 1844 2650 1868 ο
2680 1817 2796 1870 (illi!3
2818 1807 3053 1855 θοιιθετθῑ
3086 1800 3252 1867 Primi
3307 1799 3380 1852 im

190 1894 314 1949 nino
360 1896 585 1950 intactas
636 1899 887 1966 reliquit,
921 1910 974 1954 et
1031 1901 1361 1970 singulorum
1418 1905 1730 1971 pontiﬁcum

187 1996 408 2040 eventus
442 1988 673 2043 tradere.
708 1990 856 2053 Quod
877 1998 1053 2042 autem
1076 1992 1368 2059 subjnngit,
1396 1994 1563 2047 serius
1582 2003 1733 2049 trans

186 2074 340 2141 Alpes
362 2087 649 2145 susceptam
691 2077 1006 2146 religionem,
1028 2094 1214 2132 verum
1247 2091 1348 2142 est,
1381 2070 1557 2135 habita
1587 2099 1732 2137 com-

185 2150 461 2231 paratione
485 2166 716 2233 partium
749 2163 1126 2228 Orientalium,
1163 2176 1325 2234 atque
1356 2168 1521 2230 ipsius
1547 2168 1729 2232 italiae,

185 2269 301 2320 qua:
353 2255 497 2324 prius
527 2257 727 2309 imbuta
779 2266 861 2309 est
908 2255 1147 2308 doctrina
1200 2256 1353 2318 ﬁdei,
1382 2267 1435 2311 et
1485 2258 1730 2312 fortassis

185 2358 303 2397 cum
326 2347 560 2399 uberiori
588 2357 640 2400 et
668 2346 894 2400 faciliori
927 2355 1182 2415 proventu
1228 2362 1390 2414 quam
1418 2348 1471 2401 in
1518 2348 1727 2415 Galliis,

185 2436 461 2505 gentilium
485 2437 917 2505 superstitionum
950 2437 1416 2493 retinentioribus.

253 2530 479 2597 Depulsa
510 2545 571 2583 ex
623 2530 819 2584 Severo
866 2536 1033 2600 petita
1080 2532 1324 2586 machina
1352 2571 1368 2593 ,
1406 2532 1557 2586 liberi
1608 2546 1728 2587 esse

181 2631 463 2683 possumus
490 2635 519 2671 a
555 2629 692 2672 metu
716 2620 977 2690 Gregorii.
1005 2624 1171 2677 Docet
1196 2622 1310 2690 ipse
1336 2622 1439 2675 duo
1462 2622 1726 2690 quaedam,

180 2702 275 2757 lib.
308 2720 324 2757 ι
390 2705 556 2770 Ηῑει.,
590 2723 708 2774 cap.
741 2696 809 2761 3O
840 2728 853 2761 :
886 2710 1133 2773 alterum,
1169 2719 1370 2778 septem
1392 2708 1510 2775 illos
1554 2712 1728 2766 socios

181 2795 366 2848 eodem
400 2807 637 2866 tempore
667 2799 721 2851 in
748 2797 949 2853 Gallias
982 2799 1308 2869 pervenisse,
1339 2799 1607 2856 Ecclesias
1637 2815 1726 2855 se—

178 2893 325 2951 ptem
375 2886 443 2939 ab
493 2902 557 2939 eo
601 2898 1044 2943 commemoratas
1087 2888 1302 2956 primos
1362 2890 1725 2955 constituisse;

178 2974 408 3029 alterum
454 2991 581 3031 vero
611 3017 626 3039 ,
677 2979 865 3031 borum
926 2980 1210 3032 adventum
1274 2980 1608 3034 referendum
1661 2984 1725 3036 ad

180 3074 421 3133 tempora
455 3070 754 3121 consulatui
785 3068 932 3123 Decii
962 3078 1016 3123 et
1066 3069 1217 3123 Grati
1252 3070 1448 3136 vicina,
1475 3072 1527 3123 id
1546 3081 1629 3125 est
1660 3072 1725 3123 ad

177 3170 381 3209 annum
416 3156 540 3222 250,
573 3170 664 3210 aut
698 3159 930 3212 circiter.
981 3159 1108 3223 Qua:
1152 3161 1393 3214 narratio
1446 3159 1727 3214 manifeste

176 3257 382 3313 pugnat
414 3262 535 3301 cum
590 3248 812 3311 Irenaeo,
849 3249 941 3317 qui
968 3249 1243 3319 sexaginta
1285 3259 1340 3303 et
1371 3250 1598 3317 amplius
1631 3264 1725 3301 au—

176 3335 261 3387 nis
294 3346 427 3389 ante
457 3336 596 3390 bunc
623 3337 957 3391 consulatum
984 3337 1345 3390 Ecclesiarum
1374 3338 1512 3407 apud
1549 3337 1726 3391 Celtas

177 3422 521 3478 fundatarum
560 3427 819 3480 meminit.
856 3427 1069 3495 'Pugnat
1115 3442 1328 3495 qucque
1356 3442 1477 3480 cum
1516 3426 1719 3480 Tertul-

175 3513 345 3576 liano,
365 3515 461 3580 qui
492 3515 709 3582 triginta
742 3518 1042 3586 etamplius
1068 3518 1225 3570 annis
1252 3526 1375 3571 ante
1421 3515 1567 3570 Decii
1596 3532 1726 3585 epo-

180 3607 364 3671 cbam,
393 3605 633 3660 diversas
657 3606 945 3661 Galliarum
993 3608 1243 3661 nationes
1279 3607 1436 3660 ﬁdem
1465 3608 1729 3662 Christia-

174 3710 301 3747 nam
362 3694 601 3763 proﬁteri
654 3704 932 3750 testatur:
972 3711 1091 3763 qua:
1142 3711 1261 3749 cum
1294 3698 1365 3749 sit
1410 3713 1476 3750 ex
1519 3697 1724 3760 auditu,

176 3788 338 3853 plane
370 3785 779 3852 praedicandum
821 3786 1107 3839 missorum
1158 3786 1457 3839 ministerio
1502 3789 1728 3841 diversis

176 3873 282 3929 illis
308 3874 612 3927 nationibus
638 3872 957 3925 infundenda
984 3873 1117 3939 fuit;
1150 3873 1239 3941 qui
1262 3873 1472 3945 quidem
1502 3874 1590 3926 alii
1620 3891 1725 3927 non

176 3975 303 4017 sunt
325 3975 523 4032 praeter
544 3979 634 4017 eos
654 4001 670 4025 ,
694 3977 826 4031 quos
847 3962 1033 4015 tabula:
1055 3963 1425 4017 ecclesiastica:
1449 3964 1724 4018 exhibent.

176 4054 398 4108 Erravit
426 4070 551 4114 ergo
576 4055 879 4122 Gregorius,
907 4062 1164 4120 praetextu
1180 4052 1319 4111 ,Vitaa
1339 4054 1507 4107 sancti
1539 4052 1732 4106 Satur-

176 4148 314 4207 nini,
337 4147 492 4212 cujus
516 4148 673 4199 verba
691 4146 887 4210 laudat,
913 4147 964 4199 in
999 4146 1202 4215 epocba
1229 4146 1371 4199 Decii
1399 4146 1725 4200 constituen-

177 4237 243 4289 da
271 4254 289 4300 ;
321 4243 491 4305 quam
524 4238 751 4304 scriptor
772 4237 859 4290 ille
882 4252 1001 4290 cum
1024 4237 1122 4290 soli
1155 4237 1448 4290 Saturnino
1469 4235 1727 4304 adigeret,

175 4323 478 4393 Gregorius
496 4325 562 4379 de
590 4340 686 4379 suo
709 4324 774 4377 ad
801 4323 935 4377 alios
980 4324 1251 4387 extendit,
1282 4338 1348 4376 ex
1379 4333 1589 4391 recepta
1617 4321 1727 4390 jam

177 4424 293 4468 tum
339 4417 597 4484 Opinione
620 4416 687 4469 de
717 4425 917 4484 septem
964 4413 1177 4468 illorum
1220 4415 1492 4468 societate.
1528 4413 1604 4467 De
1631 4428 1727 4466 suo

179 4506 459 4560 addidisse
483 4506 615 4569 dixi,
648 4504 898 4573 quoniam
932 4503 985 4557 in
1035 4503 1212 4558 verbis
1262 4506 1507 4557 Actorum
1539 4503 1726 4558 Satur-

180 4596 290 4648 nini
318 4610 445 4665 qua!
486 4597 771 4665 Gregorius
804 4597 1004 4659 laudat,
1034 4597 1177 4648 nulla
1221 4595 1279 4649 lit
1301 4612 1392 4649 sex
1420 4595 1725 4664 pontiﬁcum

182 4687 391 4757 mentio
426 4703 443 4750 ;
480 4701 650 4755 neque
678 4688 835 4740 etiam
867 4687 919 4739 in
942 4701 1165 4756 corpore
1187 4688 1431 4739 Actorum
1453 4701 1570 4755 qua:
1590 4688 1727 4753 apud

182 4775 408 4828 Surium
464 4786 671 4830 exstant
706 4793 721 4841 ;
758 4792 875 4845 qum
908 4778 1063 4845 plane
1098 4786 1224 4831 sunt
1254 4778 1439 4830 eadem
1494 4792 1612 4830 cum
1662 4778 1727 4831 iis

183 4866 332 4915 Actia
371 4880 438 4917 ex
488 4866 681 4933 quibus
724 4868 899 4920 locum
952 4882 981 4919 a
1022 4883 1080 4919 se
1123 4866 1392 4919 laudatum
1437 4865 1729 4935 Gregorius

185 4953 479 5021 decerpsit,
503 4971 623 5009 cum
663 4956 848 5010 iisdem
898 4957 1115 5011 omnino
1143 4957 1320 5011 verbis
1347 4958 1416 5011 ibi
1451 4957 1597 5013 locus
1641 4957 1729 5011 ille

186 5040 491 5106 descriptus
546 5045 862 5111 reperiatur.
918 5044 1084 5097 Porro
1116 5046 1243 5098 Acta
1293 5046 1381 5097 illa
1436 5048 1730 5113 composita

188 5138 313 5180 sunt
338 5126 497 5195 longo
528 5130 805 5187 intervallo
834 5142 959 5204 post
1003 5134 1204 5187 obitum
1237 5132 1516 5200 Exsuperii
1566 5135 1726 5187 Tolo-

186 5217 335 5280 sani,
367 5216 519 5281 cuius
552 5222 859 5289 meminere,
888 5234 946 5277 ut
978 5232 1123 5291 recte
1152 5222 1401 5276 observat
1438 5221 1590 5291 Hugo
1620 5223 1728 5277 Me-

190 5308 419 5362 aardus.
468 5307 780 5362 Destituitur
829 5314 1005 5381 itaque
1050 5312 1337 5382 Gregorius
1381 5312 1461 5365 sui
1494 5309 1735 5366 auctoris

209 5393 520 5454 estimonio,
575 5390 626 5443 in
671 5408 763 5446 sex
814 5399 1153 5464 pontiﬁcibus
1189 5400 1370 5453 :adeo
1416 5409 1476 5451 ut
1525 5402 1725 5469 epocba

188 5484 498 5539 consulatus
526 5483 699 5545 Decii,
732 5484 798 5534 ad
838 5488 1006 5541 solum
1040 5491 1388 5544 Saturninum
1424 5490 1726 5560 episcopum

187 5590 252 5628 ex
292 5575 388 5627 illo
412 5574 654 5626 Actorum
686 5574 943 5640 scriptore
967 5578 1239 5633 referenda
1260 5581 1349 5633 sit.

259 5667 419 5732 Quod
457 5674 633 5718 autem
676 5664 743 5715 ad
772 5663 1118 5722 Saturninum
1159 5671 1370 5737 attinet.
1401 5670 1727 5726 controverti

505 5757 770 5818 Panos.
813 5754 926 5815 Gtt.
961 5756 1101 5816 XX.

1834 1896 1973 1962 apud
1997 1909 2117 1946 eum
2146 1908 2247 1946 non
2278 1902 2651 1953 controversae,
2680 1892 2744 1944 de
2774 1906 2880 1944 non
2912 1890 3223 1943 divellendis
3250 1889 3381 1941 adeo

1833 1984 2038 2053 prolixa
2078 1993 2379 2051 temporum
2411 1980 2809 2047 intercapedine
2841 1995 2869 2032 a
2898 1994 2953 2032 se
2986 1979 3211 2033 invicem
3239 1979 3374 2047 prio-

1833 2075 1982 2126 ribus
2020 2073 2284 2142 episcopis
2321 2094 2333 2126 :
2365 2072 2509 2139 quia
2549 2070 2711 2123 Petro
2738 2081 2791 2123 et
2818 2068 3000 2133 Paulo,
3043 2079 3099 2122 et
3127 2070 3378 2137 deinceps

1827 2169 1860 2219 δ
1888 2164 2162 2219 Clemente
2187 2163 2546 2231 apostolorum
2569 2150 2827 2229 discipulo
2847 2199 2863 2224 ,
2895 2174 3001 2213 non
3030 2159 3186 2228 longo
3215 2162 3378 2214 inter-

1827 2254 1966 2307 vallo
2013 2253 2181 2316 misSi,
2208 2253 2427 2307 exordia
2461 2250 2581 2305 ﬁdei
2616 2266 2710 2319 per
2751 2250 2958 2306 Gallias
2994 2260 3376 2319 propagarunt.

1796 2370 1799 2374 η
1829 2344 1965 2397 1-1ἱιιο
1997 2344 2217 2407 factum,
2267 2353 2326 2397 ut
2354 2344 2468 2397 Ado
2519 2342 2571 2396 in
2608 2341 2986 2412 Martyrologio
3032 2341 3375 2395 Saturninum

1830 2435 2035 2489 scribat
2062 2449 2277 2502 passum
2305 2433 2402 2487 sub
2448 2433 2625 2494 Decio,
2668 2434 2823 2501 juxta
2871 2434 3098 2500 primam
3133 2432 3376 2500 Gregorii

1827 2524 2135 2593 Opinionem
2162 2538 2178 2578 :
2205 2522 2453 2575 [tabanus
2484 2530 2661 2573 autem
2696 2521 2750 2573 in
2778 2536 2873 2573 suo
2895 2520 3273 2592 Martyrologio
3290 2535 3377 2574 se-

1828 2626 2023 2683 quatur
2071 2612 2380 2674 secundam,
2412 2612 2682 2678 usurpatis
2713 2610 2922 2679 quoque
2970 2610 3215 2683 Gregorii
3259 2625 3378 2663 ver-

1826 2705 1911 2761 bis
1942 2723 1957 2760 :
1984 2704 2094 2758 Iste
2116 2720 2255 2769 vero,
2286 2702 2477 2769 inquit,
2510 2700 2825 2755 Saturninus
2853 2711 3073 2770 martyr,
3102 2709 3158 2753 ut
3192 2700 3375 2768 fertur,

1828 2798 1889 2851 ob
1921 2797 2270 2865 apostolorum
2293 2794 2557 2863 discipulis
2579 2794 2939 2857 ordinatus,in
2972 2794 3146 2845 urbem
3173 2790 3382 2844 Tolosa-
3412 2824 3416 2829 -

1827 2896 1940 2940 lunt
1967 2897 2041 2939 est
2072 2887 2322 2940 directus.
2351 2884 2500 2949 Quod
2551 2882 2947 2949 intelligendum
2980 2881 3046 2935 de
3066 2881 3373 2940 Clemente,

1827 2987 1857 3025 a
1882 2985 1989 3041 quo
2008 2972 2201 3025 missus
2234 2970 2425 3024 dicitur
2455 2968 2781 3024 Saturninus
2806 2983 2908 3021 una
2955 2983 3073 3022 cum
3105 2968 3377 3037 Dionysio,

1828 3064 1881 3116 iu
1934 3063 2075 3114 Actia
2112 3063 2384 3115 veteribus
2432 3060 2489 3115 S.
2534 3060 2771 3131 Dionysii
2818 3058 3129 3128 compositis
3171 3074 3203 3113 a
3247 3059 3378 3113 For-

1752 3145 1795 3202 C
1830 3158 2014 3205 tu'nato
2042 3151 2361 3212 Pictavensi,
2385 3150 2473 3219 qui
2529 3150 2815 3218 secundam
2857 3147 3106 3218 Gregorii
3157 3156 3377 3203 senten-

1824 3242 1953 3295 tiam
2026 3242 2381 3295 disertissime
2442 3240 2743 3293 conﬁrmat.
2799 3238 3120 3306 Quanquam
3168 3246 3376 3290 vetusta

1826 3329 1884 3384 S.
1924 3330 2195 3384 Saturnini
2233 3330 2365 3381 Acta
2391 3329 2610 3383 missum
2666 3344 2695 3382 a
2743 3330 2900 3383 Petro
2945 3330 3190 3391 doceant,
3222 3335 3277 3380 et
3323 3326 3376 3379 in

1825 3422 2061 3476 Elusana
2112 3423 2247 3475 urbe
2273 3420 2770 3488 Novempopnlanize
2803 3419 3006 3474 scilicet
3047 3417 3328 3486 metropoli
3356 3456 3374 3480 ,

1825 3510 2019 3565 deinde
2040 3511 2386 3578 Pompelone,
2408 3522 2463 3565 et
2489 3514 2543 3563 in
2570 3510 2691 3563 aliis
2714 3502 3091 3576 Hispaniarum
3126 3506 3374 3574 gentibus

1826 3600 2095 3655 Ecclesias
2127 3602 2509 3665 constituisse;
2542 3610 2601 3654 ut
2642 3614 2707 3652 ex
2760 3599 2872 3652 suis
2916 3612 3129 3665 quoque
3183 3595 3377 3649 tabulis

1824 3689 2062 3745 fatentur
2090 3701 2339 3743 auctores
2370 3688 2608 3756 Hispani.
2657 3687 2762 3740 Sed
2803 3685 2971 3737 satius
3021 3692 3123 3745 est,
3156 3693 3213 3735 ut
3266 3683 3376 3735 bae-

1825 3794 2041 3833 reamns
2068 3779 2252 3832 relatae
2288 3793 2319 3830 a
2369 3776 2627 3844 Gregorio
2661 3773 2957 3835 traditioni,
2989 3772 3197 3826 scilicet
3218 3787 3248 3824 a
3294 3772 3375 3822 di-

1824 3866 2045 3933 scipulis
2068 3866 2427 3933 apostolorum
2464 3863 2788 3925 ordinatum,
2821 3861 2872 3914 id
2905 3869 2991 3915 est
3019 3875 3049 3913 a
3078 3859 3372 3922 Clemente,

1819 3955 1971 4022 juxta
1994 3953 2369 4007 Fortunatum.

1896 4043 2091 4095 Eadem
2112 4041 2397 4108 explicatio
2437 4021 2733 4094 adliibenda
2765 4048 2846 4093 est
2879 4039 3032 4093 alteri
3059 4038 3197 4101 loco,
3232 4053 3281 4093 c.
3316 4038 3373 4103 8,

1827 4135 1902 4189 Dc
1925 4136 2094 4206 gloria
2118 4134 2503 4203 Confusarum,
2532 4136 2618 4188 ubi
2646 4135 2809 4189 tradit
2837 4133 3088 4188 Bituricae
3112 4136 3227 4188 urbi
3254 4148 3376 4187 ver-

1827 4225 1976 4289 bum_
2005 4225 2193 4278 salutis
2223 4224 2541 4293 przedicasse
2581 4220 2833 4277 Ursinum
2874 4221 3206 4289 episc0pum,
3232 4220 3319 4290 qui
3341 4236 3375 4270 α

1827 4313 2095 4381 discipulis
2129 4311 2481 4380 apostolorum
2529 4311 2585 4363 in
2632 4308 2837 4365 Gallias
2866 4309 3153 4361 destinatus
3183 4308 3373 4375 fuerat,

1828 4403 2037 4456 scilicet
2069 4418 2101 4456 a
2143 4401 2441 4465 Clemente,
2488 4405 2545 4451 ut
2570 4398 2687 4467 ejus
2716 4397 2847 4453 Viue
2885 4395 3016 4449 Acta
3059 4393 3373 4465 perantigua

1829 4502 2117 4547 testantur.

1900 4582 2174 4652 Speciales
2198 4596 2333 4651 quas
2377 4578 2717 4633 adhibuimus
2756 4576 3097 4647 probationes
3129 4588 3226 4642 pro
3272 4569 3375 4624 ful-

1829 4673 2019 4727 cienda
2055 4675 2226 4727 veteri
2276 4672 2477 4740 epocba
2510 4672 2745 4739 quinque
2783 4670 3113 4737 pontiﬁcum,
3145 4663 3372 4733 Trophi-

1829 4762 1922 4826 mi,
1953 4761 2126 4826 Pauli,
2155 4760 2431 4824 Martialis,
2456 4758 2712 4829 Dionysii,
2732 4757 3029 4822 Saturnini,
3058 4757 3369 4825 quibuscum

1828 4864 1925 4917 par
1985 4857 2070 4902 est
2106 4863 2269 4903 causa
2314 4846 2540 4917 plurium
2592 4847 2814 4901 aliorum
2868 4846 2955 4913 qui
3013 4845 3274 4897 Ecclesias
3318 4842 3368 4893 in

1832 4938 2019 4994 Galliis
2042 4940 2420 5003 fundaverant,
2460 4938 2738 5006 generales
2775 4938 3111 5006 probationes
3150 4950 3215 4987 ex
3261 4933 3371 4985 lre—

1831 5044 1967 5093 uaco,
2017 5030 2342 5082 Tertulliano
2370 5039 2424 5081 et
2451 5029 2700 5093 Eusebio,
2727 5029 2794 5081 de
2816 5035 3077 5079 vetustate
3112 5022 3373 5076 Ecclesia-

1832 5126 1979 5183 rum,‘
2000 5133 2057 5173 ut
2079 5121 2284 5189 juvant,
2308 5122 2387 5174 sic
2430 5128 2672 5171 mutuum
2694 5132 2906 5186 quoque
2938 5131 3005 5169 ex
3047 5115 3151 5166 illis
3193 5112 3370 5166 subsi-

1830 5211 1973 5264 dium
1994 5210 2229 5276 capiunt.
2263 5210 2376 5275 Qua
2406 5210 2475 5262 de
2506 5223 2564 5261 re
2602 5209 2882 5275 diligenter
2931 5205 3181 5265 disseruit
3234 5203 3370 5271 juris

1829 5300 2108 5366 utriusque
2137 5299 2517 5353 celeberrimus
2550 5307 2857 5349 antecessor
2878 5295 2930 5347 in
2954 5294 3237 5346 Academia
3264 5292 3372 5347 To-

1830 5390 2307 5457 losanaAntonius
2353 5388 2585 5440 Dadinus
2615 5388 2909 5449 Alteserra,
2945 5382 3038 5435 lib.
3069 5397 3124 5435 tv
3181 5382 3372 5436 Rerum

1832 5481 2277 5550 Aquitanicarum,
2305 5494 2354 5533 c.
2379 5479 2433 5533 9.
3080 5488 3083 5491 ’

1900 5573 2049 5638 Quod
2099 5582 2277 5627 autem
2340 5574 2532 5625 attinet
2586 5570 2650 5622 ad
2698 5568 2985 5622 Gatianum
3044 5567 3374 5622 Turonensis

1832 5662 2084 5720 Ecclesiae
2127 5663 2456 5732 episcopum,
2481 5675 2601 5715 cum
2624 5657 2738 5726 ejus
2761 5672 3039 5713 successor
3064 5656 3373 5727 Gregorius,
