3996 6342
600 241 669 295 ιδ
1812 294 1815 295 ν
1850 232 2118 293 νλιΕδιι
2153 238 2536 302 ΡΠᾹΣΕᾺΤΙΟ.
2851 323 2856 328 ,
3759 256 3836 312 ιι

600 361 684 416 cui
715 367 992 430 perspecta
1023 367 1181 414 erant
1227 359 1484 414 Ecclesia:
1517 373 1626 414 sua:
1657 361 1940 427 tabularia,
1975 366 2166 421 doceat
2194 370 2240 426 Δ
2270 370 2429 448 fidem
2487 373 2540 427 in
2601 389 2663 429 ea
2721 364 3067 442 Instituerunt
3128 375 3410 445 Dionysius
3476 376 3790 434 Parisiensis
3811 423 3828 445 ,

599 451 872 519 conceptis
903 450 1101 516 verbis,
1148 450 1242 505 lib.
1275 467 1326 516 ιχ
1390 449 1532 503 Hist.
1556 493 1570 516 ,
1602 465 1718 519 cap.
1745 452 1807 505 31
1835 494 1850 517 ,
1878 453 2164 509 Gatianum

599 559 738 598 anno
763 543 1106 612 Deciiprimo
1143 559 1171 596 a
1219 557 1357 612 papa
1399 543 1542 596 sedis
1585 541 1841 598 Romanae
1876 536 2166 601 transmis-

595 649 737 700 sum,
757 634 953 688 additis
978 648 1194 707 quoque
1217 633 1424 702 aliquot
1456 635 1571 700 ejus
1598 635 1834 703 episcopi
1859 638 2046 706 gestis,
2075 653 2168 692 ne-

594 744 698 799 que
723 728 826 782 ulla
875 729 1028 783 nobis
1065 727 1282 782 aliunde
1324 736 1575 797 suppetat
1602 730 1917 793 auctoritas,
1947 746 2053 800 qua
2101 731 2169 784 il-

592 821 700 874 lum
738 824 804 876 ad
834 821 1134 875 vetustiora
1158 827 1406 885 tempora
1441 833 1787 885 revocemus,
1815 823 2163 876 temerarium

591 928 787 970 censeo
845 913 1111 968 adversus
1161 909 1486 979 Gregorium
1532 911 1598 965 de
1643 905 1873 981 propria:
1915 912 2168 968 Ecclesia:

588 1017 733 1065 statu
767 1008 1065 1076 disputare.
1098 999 1574 1058 ldem'dicendum
1602 1014 1732 1074 puto
1762 1005 1829 1060 de
1869 1003 2178 1076 Stremonii,

583 1100 944 1156 Arvernensis
980 1097 1218 1165 episcopi
1277 1097 1481 1161 initiis;
1516 1111 1634 1164 qua:
1689 1095 2043 1167 Gregorium,
2082 1108 2166 1150 ut-

585 1181 714 1262 pote
738 1191 911 1260 patria
944 1189 1267 1248 Arvernum,
1291 1197 1452 1258 atque
1477 1189 1610 1242 adeo
1645 1189 1696 1241 in
1729 1188 1842 1242 suis
1874 1203 1977 1245 non
2009 1204 2166 1257 pere-

584 1283 824 1354 grinum,
887 1282 1057 1333 latere
1103 1295 1208 1333 non
1266 1287 1536 1349 poterant.
1598 1279 1726 1346 Qua:
1773 1278 2016 1334 fortasse
2067 1280 2168 1335 fuit

584 1375 802 1429 occasio
823 1359 922 1426 cur
949 1371 1309 1440 negligentius
1339 1385 1398 1426 se
1424 1371 1679 1425 habuerit
1722 1373 1773 1425 in
1806 1372 2034 1425 aliarum
2063 1373 2170 1427 Ec-

584 1466 874 1521 clesiarum
941 1462 1344 1532 investigandis
1418 1462 1608 1516 initiis.
1665 1461 1888 1532 Quibus,
1942 1465 2166 1518 exordia

583 1547 818 1614 duarum
883 1555 984 1610 sibi
1039 1554 1367 1619 chararum,
1397 1553 1732 1609 Turonensis
1781 1563 1835 1608 et
1885 1553 2163 1618 Arvernae,

580 1648 785 1719 mquari
836 1662 942 1702 non
996 1661 1158 1717 posse
1211 1662 1333 1702 cum
1365 1647 1596 1712 videret,
1631 1646 1822 1700 maluit
1873 1646 1940 1700 ad
1976 1647 2164 1702 harum

581 1750 831 1810 tempora
863 1740 1109 1810 priorum
1159 1738 1400 1808 quinque
1452 1736 1799 1794 fundationes
1831 1740 2163 1796 indiscussas

580 1833 906 1902 deprimere.
966 1831 1147 1898 Quare
1192 1845 1316 1883 cum
1374 1830 1519 1899 apud
1567 1830 1712 1885 viros
1766 1832 2162 1888 eruditissimos

579 1926 802 1996 antiqua
831 1923 1198 1978 Ecclesiarum
1225 1922 1628 1994 Gallicanarum
1654 1924 1927 1994 diptycha,
1959 1923 2011 1978 in
2043 1925 2162 1995 qui—

575 2022 679 2076 bus
701 2019 986 2088 poutilices
1026 2016 1148 2070 ﬁdei
1191 2017 1495 2087 prmdicalaa
1525 2018 1867 2087 antesignani
1904 2019 2160 2088 descripti

576 2121 726 2177 sunt,
778 2126 901 2164 cum
953 2110 1228 2173 missionis
1277 2111 1590 2177 apostolicae
1627 2111 1995 2166 vetustissima
2023 2127 2158 2180 epo-

575 2204 698 2271 cba,
734 2217 800 2256 ex
839 2215 904 2257 eo
933 2200 1053 2256 solo
1089 2200 1266 2269 capite
1313 2201 1556 2255 nutarint
1604 2201 1660 2255 in
1702 2201 1960 2270 temporis
2021 2203 2160 2258 assi-

575 2296 852 2365 gnatione,
879 2293 1022 2364 quod
1059 2307 1182 2347 cum
1238 2293 1443 2348 Severo
1495 2304 1549 2348 et
1601 2293 1868 2364 Gregorio
1918 2305 2192 2365 pugnare"

573 2384 911 2456 viderentur,
967 2381 1366 2452 religiosissimi
1412 2383 1654 2453 episcopi
1703 2383 1925 2453 collegre
1982 2385 2155 2440 nostri

573 2484 831 2544 poterunt
891 2475 1162 2542 intrepide
1217 2474 1269 2528 in
1315 2474 1428 2529 suis
1485 2474 1742 2530 Ecclesiis
1803 2476 2157 2532 decessorum

573 2581 798 2623 suorum
832 2567 1085 2628 traditam
1121 2582 1367 2624 asserere
1388 2577 1736 2634 vetustatem,
1762 2569 1940 2622 securi
1967 2569 2034 2622 de
2065 2567 2155 2622 illa

571 2671 694 2728 qua:
720 2659 925 2714 nostris
959 2658 1142 2728 ‘objici
1185 2659 1326 2714 solet
1350 2668 1595 2715 veterum
1622 2669 1905 2713 auctorum
1939 2659 2157 2729 ignora-

574 2751 725 2803 tione
753 2759 848 2803 aut
881 2760 1216 2819 contemptu,
1259 2752 1568 2806 tum-etiam
1602 2750 1669 2805 de
1695 2749 1878 2820 aliquo
1909 2750 2156 2805 veritatis

573 2843 846 2897 historica:
871 2842 1200 2912 dispendio:
1230 2856 1346 2912 quae
1380 2841 1584 2911 alioqui
1613 2841 1910 2910 laboraret,
1938 2844 1983 2897 si
2007 2843 2154 2896 Actis

527 2968 535 2976 ι
573 2937 814 3007 antiquis
843 2936 974 2991 ﬁdes
1002 2951 1098 2992 sua
1138 2935 1541 2990 detraheretur.
1571 2935 1758 3004 Itaque
1807 2946 2005 3005 prmter
2045 2952 2154 2992 cte-

573 3040 724 3084 teros
751 3028 1001 3096 superius
1030 3037 1385 3091 memoratos,
1415 3025 1746 3080 Clementem
1779 3041 1808 3078 a
1845 3026 2004 3082 Petro
2027 3041 2157 3095 apo-
2183 3070 2224 3124 Ε

572 3121 713 3179 stolo
748 3122 971 3174 missum
1010 3121 1115 3176 sibi
1163 3118 1517 3175 vindicabunt
1565 3118 1861 3182 Metenses,
1891 3132 1959 3170 ex
2008 3119 2153 3171 Actis

574 3212 718 3266 unde
768 3211 1144 3265 narrationem
1196 3224 1349 3265 suam
1395 3208 1575 3262 hausit
1618 3187 1847 3261 Paulus’
1871 3207 2152 3271 diaconus,

574 3305 764 3359 mediae
821 3304 1019 3366 astatis,
1070 3313 1125 3356 et
1183 3318 1293 3356 non
1345 3301 1757 3355 contemnenda:
1813 3301 2155 3354 auctoritatis

572 3397 831 3467 scriptor.
855 3394 1108 3463 Ejusdem
1139 3391 1367 3462 apostoli
1393 3406 1539 3446 curse
1561 3431 1576 3456 ,
1599 3401 1655 3445 et
1688 3400 1873 3460 postea
1910 3390 2157 3445 Clemen-

575 3493 666 3556 tis,
699 3489 887 3559 plures
928 3486 1109 3558 p0puli
1157 3493 1436 3553 acceptam
1461 3497 1675 3552 quoque
1716 3483 1860 3536 ferre
1902 3491 2158 3551 poterunt

571 3600 640 3641 ex
677 3581 950 3638 veteribus
993 3580 1139 3641 Actis
1163 3587 1217 3634 et
1254 3575 1658 3648 Martyrologiis
1691 3576 1919 3645 primam
1949 3577 2161 3644 episco.‘

572 3693 765 3748 porum
812 3691 1031 3730 suorum
1089 3673 1511 3728 institutionem.
1547 3669 1792 3736 Quorum
1845 3667 2064 3734 labores
2111 3667 2157 3722 si

569 3771 684 3826 suis
711 3768 1005 3839 provinciis
1037 3783 1105 3822 ex
1152 3765 1382 3836 Augusti
1417 3762 1669 3820 instituto
1716 3759 1993 3829 dispositis
2029 3759 2157 3814 red-

569 3866 790 3929 dantur,
849 3859 1472 3916 Tertulliani‘sentenlia
1523 3865 1864 3926 quantopere
1898 3866 2026 3906 vera
2063 3850 2154 3916 sit,

569 3953 637 4008 de
662 3952 889 4007 diversis
909 3950 1206 4007 Galliarum
1236 3949 1548 4005 nationibus
1571 3947 1885 4003 Christiana
1913 3945 2017 3999 ﬁde
2049 3944 2155 3998 im-

504 4049 507 4052 ’
567 4046 738 4111 bulis,
781 4044 1004 4113 patebit.
1051 4042 1424 4098 Narbonensis
1472 4043 1674 4112 quippe
1719 4041 2016 4111 provincia
2048 4055 2154 4094 nun

567 4138 743 4192 solum
770 4152 800 4189 a
834 4137 1129 4192 Crescente
1177 4135 1492 4200 Viennensi,
1521 4137 1615 4190 sed
1662 4120 1827 4188 etiam
1857 4149 1886 4186 a
1918 4131 2155 4202 Trophi-

569 4245 659 4286 mo
688 4229 1016 4295 Arelatensi,
1045 4244 1075 4282 a
1103 4228 1266 4284 Paulo
1290 4227 1651 4290 Narbonensi,
1677 4226 1770 4296 qui
1793 4226 2042 4295 proxime
2068 4240 2156 4279 se-

569 4327 730 4375 cutus
774 4329 860 4373 est
893 4318 1247 4386 Trophimum
1272 4360 1286 4384 ,
1316 4328 1371 4372 et
1403 4303 1621 4379 demum,
1649 4332 1678 4370 a
1731 4318 2029 4371 Saturnino
2056 4316 2156 4371 To-

2271 463 2589 519 Savinianus
2631 465 2958 521 Senonensis
2988 508 3006 534 ,
3060 466 3307 522 Nicasius
3357 467 3833 538 Rothomagensis,

2245 553 2550 633 Caraunus
2587 556 2972 623 Carnotensis,
3015 566 3070 614 et
3103 559 3346 614 Julianus
3392 564 3828 618 Cenomanensis.

2270 638 2528 713 Superest
2579 654 2639 699 ut
2694 648 2759 701 de
2813 647 3154 718 Lugdunensi
3202 650 3418 704 civitate
3469 665 3771 718 quaeramus
3814 669 3830 707 :

2267 751 2387 805 quae
2416 738 2632 807 quidem
2662 755 2784 794 cum
2814 741 3085 816 principia
3126 743 3466 811 episcopatus
3508 741 3701 796 debeat
3730 743 3832 797 Po-

2267 826 2440 893 thino,
2485 829 2576 896 qui
2629 843 2823 897 passus
2875 831 2975 884 sub
2996 832 3247 905 Qutonio,
3307 847 3448 885 anno
3474 833 3672 886 Christi
3707 834 3831 900 177,

2267 917 2636 986 nonagenario
2699 918 3024 985 major,_sed
3065 920 3292 976 inferior
3321 923 3596 991 Trophimi
3645 923 3833 976 Arela-

2267 1005 2442 1064 tensis
2498 1009 2869 1074 institutione,
2912 1026 3018 1064 non
3069 1013 3258 1067 dubito
3287 1014 3416 1082 quin
3465 1014 3625 1082 hujus
3654 1017 3834 1069 studio

2267 1100 2462 1156 debeat
2511 1101 2778 1170 primitias
2832 1101 2978 1155 ﬁdei.
3031 1100 3343 1170 Siquidem,
3389 1113 3447 1158 ut
3499 1101 3836 1160 tradiderunt

2268 1194 2502 1262 episcopi
2535 1195 2586 1247 in
2634 1193 2816 1248 libello
2852 1195 3033 1248 oblato
3071 1193 3235 1248 Leoni
3276 1197 3426 1272 papa:
3451 1212 3591 1250 anno
3618 1196 3741 1261 ‘50,
3763 1214 3832 1252 ex

2269 1285 2562 1354 Trophimo
2587 1287 2738 1340 velut
2769 1303 2833 1340 ex
2867 1286 3013 1341 fonte
3046 1287 3413 1356 proﬂuxerunt
3444 1290 3597 1343 rivuli
3630 1291 3745 1344 fidei
3777 1292 3832 1342 in

2268 1379 2403 1434 alias
2434 1377 2729 1434 Galliarum
2755 1391 2984 1446 partes;
3008 1380 3150 1447 quod
3177 1382 3461 1435 conﬁrmat
3481 1395 3694 1450 quoque
3724 1379 3833 1433 Zo-

2267 1471 2390 1522 simi
2445 1485 2594 1538 papze
2650 1469 2895 1536 epistola.
2953 1471 3130 1536 Quare
3208 1487 3329 1524 cum
3384 1472 3573 1526 Arelas
3629 1473 3832 1535 Italiae,

2267 1560 2506 1615 Orientis
2534 1569 2588 1613 et
2641 1558 2836 1613 Africae
2883 1561 3224 1614 commerciis
3252 1573 3478 1630 pateret,
3512 1573 3567 1616 et
3601 1563 3671 1618 ob
3710 1578 3831 1615 eam

2271 1650 2530 1704 rationem
2584 1649 2842 1717 Lugtluno
2884 1649 3266 1705 florentissimo
3296 1651 3591 1709 Galliarum
3639 1669 3833 1730 empo-

2271 1740 2350 1793 rio
2370 1739 2806 1808 coniungeretur,
2845 1740 3062 1793 obvium
3094 1741 3196 1794 fuit
3226 1741 3520 1810 Trophimo
3560 1757 3659 1812 per
3685 1759 3742 1798 se
3777 1753 3832 1799 et

2269 1846 2366 1901 per
2395 1831 2533 1884 alios
2555 1831 2759 1901 legatos
2797 1831 2917 1886 ﬁdei
2959 1832 3280 1887 Christiana:
3317 1847 3606 1889 sementem
3640 1836 3708 1890 ibi
3739 1849 3831 1890 se-

2269 1936 2412 1985 rere,
2441 1937 2558 1988 qua:
2591 1922 2803 1975 tandem
2844 1923 2893 1974 iu
2936 1938 3056 1976 eum
3113 1924 3346 1977 ﬁdelium
3390 1936 3588 1978 castum
3637 1927 3834 1991 crevit,

2267 2014 2414 2083 quia
2449 2012 2677 2068 Pothino
2709 2013 2961 2083 episcopo
2995 2016 3102 2084 regi
3130 2018 3445 2072 mereretur.

2337 2105 2451 2160 Non
2475 2121 2559 2159 me
2586 2096 2746 2168 latet,
2771 2106 2824 2159 in
2857 2108 3102 2176 quaedam
3133 2111 3290 2174 Acta,
3325 2110 3523 2180 quibus
3549 2111 3670 2166 vitae
3697 2126 3836 2181 pono

2267 2200 2472 2253 tiﬁcum
2516 2199 2728 2254 illorum
2781 2199 3183 2264 describuntur,
3234 2204 3418 2264 multa,
3456 2203 3599 2272 quod
3637 2205 3834 2257 attinet

2265 2293 2334 2344 ad
2357 2306 2544 2345 eorum
2579 2307 2666 2346 res
2697 2300 2902 2359 gestas,
2939 2291 3242 2360 irrepsisse,
3277 2309 3395 2360 qua:
3429 2309 3588 2346 manu
3622 2296 3831 2347 medica

2264 2393 2477 2453 egeant,
2516 2393 2574 2437 ut
2624 2395 3025 2454 repurgentur;
3073 2387 3524 2455 quemadmodum
3574 2385 3641 2441 de
3687 2389 3832 2442 Actis

2264 2475 2488 2543 hujusce
2527 2475 2748 2544 generis
2782 2477 3096 2533 decreverat
3122 2479 3246 2533 olim
3274 2476 3561 2532 concilient
3594 2477 3833 2531 Franco-

2263 2564 2538 2619 furdieuse
2573 2580 2715 2617 anno
2740 2564 2862 2622 794.
2889 2567 2940 2619 Id
2971 2577 3147 2622 tamen
3197 2582 3302 2621 non
3346 2565 3510 2621 ofﬁcit
3553 2568 3833 2622 missionis

2263 2655 2501 2721 veritati,
2535 2657 2600 2709 de
2627 2672 2734 2725 qua
2797 2656 2907 2710 sola
2952 2660 3237 2712 asserenda
3277 2675 3416 2712 nunc
3440 2659 3636 2729 agitur,
3661 2660 3834 2712 omis-

2263 2747 2337 2801 sis
2368 2749 2578 2801 czeteris
2622 2765 2742 2819 qua:
2788 2750 2838 2802 iu
2873 2751 3225 2816 quaastionem
3271 2752 3602 2805 adducentur
3636 2767 3667 2804 a
3696 2752 3832 2806 vii-is

2262 2842 2513 2905 eruditis,
2551 2843 2617 2895 de
2640 2842 2836 2910 quibus
2875 2842 3006 2895 alias
3033 2839 3261 2897 fortasse
3297 2846 3618 2898 sententiam
3651 2857 3829 2896 meatu

2261 2938 2525 3004 aperiam.
2551 2938 2766 2990 Interim
2795 2937 2998 2990 amicos
3040 2947 3251 2988 nostros
3293 2937 3552 3002 obtestor,
3601 2945 3658 2989 ut
3700 2937 3828 2990 boui

2262 3024 2839 3095 consulantquagiicet
2867 3025 3041 3079 aliena
3073 3027 3139 3080 ab
3161 3041 3344 3080 eorum
3367 3028 3657 3089 sententia,
3689 3027 3828 3092 dixi,

2258 3127 2581 3184 provocatus
2603 3118 2810 3177 tuendm
2839 3118 3084 3172 veritatis
3121 3119 3404 3181 desiderio,
3438 3119 3504 3173 ad
3533 3121 3828 3172 restituen-

2259 3209 2380 3259 dam
2437 3207 2697 3262 Ecclesia‘
2746 3205 3034 3261 Gallicanae
3067 3209 3428 3275 maiestatem,
3461 3210 3638 3278 aliquo
3664 3221 3827 3278 pacto

2259 3300 2595 3353 imminutam
2630 3315 2696 3354 ex
2730 3301 2984 3369 depressa
3036 3301 3261 3369 originis
3321 3301 3464 3355 illius
3512 3309 3826 3356 vetustate:

2258 3405 2378 3457 qua:
2427 3391 2479 3443 in
2536 3393 2697 3446 rebus
2745 3393 2917 3446 sacris
2970 3408 3074 3446 non
3115 3394 3388 3462 vulgarem
3418 3395 3826 3449 venerationem

2258 3482 2552 3536 conciliare
2591 3483 2748 3547 solet,
2771 3493 2886 3536 tum
2930 3482 3207 3548 Eeclesiis,
3239 3495 3348 3537 tum
3376 3484 3536 3538 etiam
3583 3485 3826 3554 imperiis

2258 3573 2588 3629 Christianis
2633 3575 2689 3628 in
2723 3575 2918 3643 quibus
2965 3585 3090 3628 sunt
3136 3578 3463 3632 constitutze.
3491 3575 3671 3643 Quare
3714 3593 3824 3630 non

2257 3665 2600 3730 evertendas,
2637 3666 2733 3719 sed
2780 3668 3088 3720 retinendas
3107 3667 3306 3736 .putavi'
3335 3681 3452 3734 qua:
3490 3681 3614 3720 vero
3638 3667 3826 3718 nitun—

2261 3767 2347 3810 tur
2396 3755 2715 3813 traditibnes
2759 3769 2989 3821 nostras,
3040 3760 3309 3828 prmcipuc
3330 3774 3457 3812 cum
3499 3759 3552 3810 in
3583 3758 3820 3810 Ecclesia

2255 3848 2526 3914 Romana,
2561 3866 2626 3907 ac
2667 3861 2778 3906 toto
2811 3853 2864 3904 in
2917 3852 3050 3905 orbe
3077 3851 3384 3906 Christiano
3421 3851 3530 3919 jam
3564 3849 3689 3902 olim
3733 3863 3822 3902 rc-

2255 3952 2424 4013 ceptae
2447 3942 2680 4010 fuerint;
2713 3945 2848 3998 adeo
2880 3953 2940 3997 ut
2979 3957 3085 3998 non
3110 3957 3360 4012 egeamus
3390 3956 3551 4009 prava
3583 3940 3670 3992 illa
3699 3939 3826 3992 dili-

2256 4038 2435 4108 gentia
2457 4051 2620 4106 quam
2655 4038 3019 4092 adhibuerunt
3067 4037 3141 4090 illi
3171 4035 3260 4104 qui
3293 4034 3454 4088 etiam
3483 4031 3629 4086 falsis
3655 4041 3822 4098 atque

2255 4129 2502 4183 conﬁctis
2528 4127 2630 4183 sub
2653 4129 2872 4183 nomine
2913 4139 3152 4183 veterum
3191 4138 3471 4181 auctorum
3504 4137 3822 4177 monumen-

2257 4220 2350 4286 tis,
2384 4227 2708 4274 votustatem
2751 4220 3076 4276 Christianae
3109 4217 3384 4287 religionis
3421 4215 3522 4270 sibi
3563 4229 3749 4282 arrogo
3766 4230 3821 4268 re

2258 4311 2518 4377 nituntur,
2554 4311 2639 4366 vel
2669 4312 2835 4366 etiam
2863 4323 3130 4381 receptam
3168 4311 3511 4365 conﬁrmare.

569 4413 759 4468 losano
793 4410 1009 4464 exculta
1043 4409 1160 4466 fuit.
1204 4412 1527 4480 Aquitanica
1567 4424 1596 4462 a
1636 4409 1881 4463 Martiale
1905 4408 2154 4464 Lemovi-
2183 4433 2230 4488 ο
2329 4402 2412 4456 Tu
2440 4418 2590 4470 vero,
2619 4404 2703 4458 vir
2751 4404 3076 4468 clarissime.
3106 4417 3203 4472 ρτο
3245 4415 3308 4453 ea
3357 4414 3459 4467 qua
3497 4396 3663 4466 Ροηθδ
3705 4411 3818 4451 ³³0⁸⁸

567 4503 745 4566 censi,
779 4501 975 4557 Ursino
1002 4500 1351 4565 Bituricensi,
1377 4501 1655 4555 Frontone
1690 4499 2149 4567 Petragoricensi,

567 4607 621 4653 et
672 4595 935 4662 Eutropio
963 4590 1314 4656 Santonensi,
1359 4606 1522 4661 atque
1575 4593 1737 4644 etiam
1785 4604 1816 4642 a
1853 4588 2150 4644 Saturnino

571 4689 625 4742 in
666 4683 1182 4753 Novcmpopulania,
1213 4697 1330 4752 qua:
1358 4691 1630 4751 parserat
1673 4679 1992 4750 Aquitaniae.
2038 4680 2150 4735 Bel-

569 4777 755 4846 gicam’
795 4782 1122 4830 curaverunt
1158 4773 1462 4829 Eucherius
1491 4771 1852 4835 Trevirensis,
1898 4770 2147 4826 Clemens

568 4867 848 4931 Metensis,
886 4864 1063 4936 thus
1118 4863 1423 4930 Bernensis,
1474 4872 1530 4916 et
1564 4859 1846 4916 Memmius
1898 4860 2148 4916 Catalau-

573 4963 776 5018 nensis.
825 4960 981 5029 Quod
1015 4958 1209 5013 attinet
1231 4957 1297 5012 ad
1328 4954 1738 5026 Lugdunensem
1769 4955 2100 5024 provinciam
2129 4995 2144 5021 ,

2257 4497 2428 4551 solum
2466 4498 2796 4563 eruditione,
2826 4500 2920 4553 sed
2967 4499 3147 4551 etiam.
3178 4491 3492 4563 prudentia,
3531 4491 3596 4544 de
3629 4501 3821 4545 nostro

2256 4586 2360 4641 isto
2393 4597 2610 4655 conatu,
2630 4600 2790 4658 prout
2817 4605 2916 4659 par
2956 4597 3065 4650 est,
3092 4587 3366 4647 decernes,
3408 4590 3462 4635 et
3497 4582 3818 4650 dignitatem

2253 4675 2621 4732 Ecclesiarum
2686 4677 3088 4734 Gallicanarum
3160 4673 3432 4728 robustius
3495 4669 3814 4724 vindicabis.

2255 4769 2404 4825 Vale.
3717 4790 3719 4792 ·

2323 4863 2547 4920 Lutetia:
2566 4859 3100 4926 Parisiorum,Roiiis
3117 4855 3471 4928 Septembris,
3485 4869 3631 4910 anno
3653 4852 3810 4914 l658.
3855 4888 3859 4892 ς
