3996 6342
601 282 659 336 Ἡ
1286 280 1547 334 ευδειιιι
1583 274 2048 331 CASSARIENSIS
2085 274 2127 328 0

2230 316 2231 321 η
2272 271 2449 325 PARS
2486 272 2526 324 l.
2566 301 2634 309 —
2671 268 3057 322 lllSTORlCA.
3700 265 3769 319 72

602 401 840 455 meditati
893 410 1019 453 sunt
1064 400 1301 452 inania?
1340 400 1638 451 Astiterunt
1691 411 1839 462 reges
1880 405 2035 447 terra:
2076 404 2127 447 et

2232 390 2432 460 σόμεθα
2479 393 2536 442 ἐν
2566 364 2677 451 τοῖς
2730 387 2934 439 ἔθνεσι·
2965 406 2983 436 ι
3023 386 3143 439 τοτὲ
3174 384 3229 437 δέ
3265 383 3553 453 ἀμηχανῶν
3591 382 3768 445 Δαυῒδ,

600 490 867 558 priuripes
911 501 1274 541 convenerunt
1321 492 1372 539 in
1420 504 1620 547 unum,
1668 486 1924 538 adversus
1957 486 2129 537 Domi-

601 597 725 633 num
748 592 801 633 et
832 582 1088 631 adversus
1112 579 1383 631 Christum
1412 578 1546 642 eius.
1581 595 1597 623 ι
1620 574 1820 639 Quibus
1850 576 1961 627 haec
1987 576 2132 627 dein-

602 670 666 722 de
694 666 963 737 subjungit
992 683 1056 718 ex
1106 682 1332 733 persona
1377 664 1577 715 Christi
1611 680 1622 713 :
1664 679 1681 709 ι
1721 663 1973 715 DOnIinns
2003 659 2132 712 dixit

529 733 545 750 ⁸
598 758 665 809 ad
695 773 777 810 me
812 775 825 808 :
852 756 1016 809 Filius
1043 771 1192 806 meus
1214 770 1271 805 es
1297 765 1350 803 tn
1382 794 1394 811 ,
1414 769 1511 819 ego
1548 754 1698 805 hodie
1739 752 1895 819 genui
1932 760 2001 801 te.
2033 751 2131 801 Po-

600 846 736 898 snda
766 864 791 897 a
829 861 934 905 me,
965 858 1018 897 et
1050 844 1186 896 dabo
1222 845 1311 894 tihi
1344 854 1528 910 gentes
1558 843 1925 894 [nereditatem
1963 850 2126 897 tuam,

598 946 651 988 et
684 938 1071 1003 possessionem
1106 946 1245 985 tuam
1276 934 1526 985 terminos
1555 945 1726 984 terrae.
1766 951 1785 981 ι
1806 930 1982 998 Neque
2005 944 2128 982 vero

598 1024 695 1075 soli
738 1023 927 1074 summi
960 1024 1293 1081 sacerdotes,
1324 1032 1505 1086 utpote
1548 1021 1638 1087 qui
1664 1020 1784 1071 oleo
1813 1019 1876 1070 ad
1916 1019 1964 1069 id
1995 1033 2130 1083 pra:-

601 1124 787 1179 parato
818 1114 996 1163 arcani
1045 1114 1316 1177 cujusdam
1370 1112 1603 1179 mysterii
1659 1125 1818 1161 causa
1867 1123 2129 1177 ungeren-

603 1212 707 1263 tur,
734 1201 935 1253 Christi
967 1202 1175 1252 nomine
1207 1202 1535 1259 ornabantur
1558 1201 1695 1263 apud
1726 1200 2009 1259 Hebraeos;
2040 1212 2127 1248 ve-

603 1216 707 1263 tur,
734 1216 935 1253 thrtSlt
967 1216 1175 1252 nonnne
1207 1216 1535 1259 ornanantur
1558 1217 1585 1249 ιι
1632 1216 1695 1250 nu
1726 1216 2009 1259 tteurzeos;
2040 1216 2124 1248 ve-

602 1310 714 1343 rum
744 1292 903 1343 etiam
953 1306 1103 1357 reges
1127 1329 1141 1350 ,
1187 1305 1318 1356 quos
1370 1216 1640 1355 propheli.‘
1691 1290 1868 1357 diviqo
1925 1289 2124 1341 incitati

599 1381 797 1449 Spiritu
828 1398 944 1433 cum
980 1382 1249 1433 unxissent
1276 1420 1291 1443 ,
1326 1383 1523 1448 typitais
1555 1382 1805 1447 quosdam
1845 1393 1899 1433 et
1940 1383 2129 1432 adum-

596 1471 778 1523 bratos
815 1471 1052 1523 Christos
1084 1469 1407 1523 ell‘ecerunt:
1437 1472 1692 1537 siquidem
1719 1481 1772 1523 et
1816 1471 1915 1537 ipsi
1966 1471 2121 1534 regia:

605 1558 749 1609 illius
778 1559 1048 1622 potestatis
1079 1575 1138 1609 ac
1160 1558 1537 1610 dominationis
1582 1559 1669 1610 Dei
1701 1560 1875 1620 Verbi,
1920 1560 2006 1625 qui
2039 1574 2119 1611 so-

601 1647 686 1698 lus
720 1662 979 1713 verosque
1007 1646 1250 1697 Christus
1278 1655 1359 1697 est
1382 1685 1397 1707 ,
1428 1646 1707 1713 imaginem
1729 1647 1800 1697 -in
1830 1648 2126 1713 semetipsis

2227 482 2313 533 διὰ
2342 480 2541 532 τούτων
2564 497 2576 508 ·
2634 499 2652 529 ι
2676 479 2790 529 ἰνα
2825 477 2878 527 τί
2922 473 3191 544 ἐφρύαξαν
3228 472 3352 540 ἔθνη
3382 472 3472 524 καὶ
3493 470 3609 522 λαοὶ
3640 472 3768 540 ἐμει-

2228 571 2451 639 λέτησαν
2480 570 2640 621 κενά*
2684 568 3024 638 παρέστησαν
3056 568 3103 616 oi
3132 564 3366 633 βασιλεῖς
3397 564 3494 632 τῆς
3523 564 3645 632 γῆς,
3677 562 3770 615 καὶ

2225 662 2274 713 οἱ
2302 662 2554 731 ἄρχοντες
2586 658 2919 727 συνήχθησαν
2952 656 3041 707 ἐπὶ
3084 655 3145 706 τὸ
3184 654 3331 715 αὐτὸ,
3373 653 3508 705 κατὰ
3538 653 3629 704 τοῦ
3659 654 3769 704 Κυ-

2228 753 2341 822 ρίου
2365 752 2458 803 καὶ
2489 750 2627 802 κατὰ
2662 749 2754 801 τοῦ
2800 748 3031 820 Χριστοῦ
3059 746 3219 799 αὐτοῦ
3246 762 3261 808 ;
3300 764 3318 794 ι
3356 742 3447 806 Οἷς
3476 744 3600 812 ἑξῆς
3651 745 3770 795 ἐπι·
3800 813 3807 819 ⁸

2225 841 2367 909 λέγει
2402 841 2461 904 ἐξ
2494 840 2652 892 αὐτοῦ
2678 840 2741 908 δὴ
2769 838 3053 909 προσώπου
3088 836 3180 888 τοῦ
3218 833 3478 904 Χριστοῦ·
3513 853 3531 883 ι
3568 833 3768 903 Κύριος

2225 932 2341 986 εἷπε
2374 932 2507 1003 πρὸς
2541 933 2629 1000 μὲ,
2658 932 2781 993 Υἱός
2806 948 2905 999 μου
2938 924 2987 979 εἶ
3013 930 3096 991 σὺ,
3122 927 3230 995 ἐγὼ
3262 929 3490 996 σήμερον
3515 926 3770 993 γεγέννη-

2225 1026 2295 1077 κά
2321 1041 2404 1075 σε.
2439 1023 2664 1093 Αἴτησαι
2700 1021 2822 1091 παρ’
2864 1018 3021 1089 ἐμοῦ,
3059 1019 3151 1069 καί
3191 1017 3341 1068 δώσω
3366 1015 3488 1083 ἐθνη
3516 1016 3611 1083 τὴν
3637 1014 3767 1083 κλη-

2225 1116 2477 1186 ρονομίαν
2518 1132 2634 1175 σου,
2676 1113 2768 1165 καὶ
2819 1113 2914 1181 τὴν
2947 1109 3267 1178 κατάσχεσίν
3312 1125 3402 1159 σου
3446 1106 3514 1159 τὰ
3556 1107 3768 1175 πέρατα

2222 1206 2321 1273 τῆς
2347 1205 2466 1274 γῆς.
2500 1223 2517 1254 t
2551 1205 2623 1256 υῦ
2656 1204 2842 1271 μόνους
2872 1202 2927 1252 δὲ
2958 1202 3064 1270 ἄρα
3094 1201 3214 1261 τοὺς
3243 1198 3609 1267 ἀρχιερωσύνη
3631 1213 3769 1247 τετι-

2228 1297 2496 1365 μημένους
2535 1294 2696 1363 ἐλαίῳ
2733 1292 3009 1361 σκευαστῷ
3031 1290 3120 1342 τοῦ
3161 1290 3419 1358 συμϐόλου
3454 1286 3768 1358 χρωμένους

2225 1387 2402 1448 ἓνεκα,
2437 1386 2496 1436 τὸ
2546 1384 2637 1436 τοῦ
2687 1382 2917 1453 Χριστοῦ
2971 1382 3290 1447 κατεκόσμει
3341 1380 3467 1447 παρ’
3504 1376 3770 1446 Ἑϐραίοις

2224 1475 2409 1542 ὄνομα,
2440 1474 2571 1526 ἀλλά
2598 1475 2691 1525 καὶ
2734 1474 2856 1533 τοὺς
2885 1471 3150 1538 βασιλέας,
3173 1468 3264 1531 οὓς
3290 1469 3379 1519 καὶ
3428 1467 3615 1528 αὐτοὺς
3647 1464 3771 1517 vati-

2231 1582 2355 1633 ματι
2387 1564 2510 1632 θείῳ
2554 1563 2823 1631 προφῆται
2865 1561 3120 1629 χρίοντες,
3154 1556 3444 1617 εἰκονικούς
3474 1572 3621 1615 τινας
3649 1570 3769 1623 χρι-

2230 1654 2382 1711 στους
2405 1648 2808 1718 ἀπειργάζοντο.
2842 1649 2962 1697 ’Ότι
2991 1647 3052 1714 δὴ
3087 1646 3180 1697 καὶ
3207 1644 3377 1705 αὐτοὶ,
3412 1643 3507 1710 τῆς
3534 1640 3626 1691 τοῦ
3670 1640 3769 1707 μό-

598 1736 875 1803 gerebant.
906 1736 1041 1799 Quin
1069 1738 1225 1787 etiam
1255 1752 1317 1788 ex
1344 1736 1618 1801 prophetis
1649 1729 1947 1787 nonnullos
1968 1752 2123 1788 sacro

2230 1759 2316 1792 νου
2346 1742 2436 1791 καὶ
2458 1739 2686 1808 ἀληθοῦς
2720 1737 2951 1808 Χριστοῦ
2980 1736 3070 1787 τοῦ
3116 1735 3251 1788 κατὰ
3280 1735 3490 1786 πάντων
3522 1730 3769 1801 βασιλεύ-

594 1828 713 1880 oleo
740 1829 999 1878 delibutos
1024 1864 1039 1887 ,
1080 1828 1256 1894 typiee
1299 1825 1539 1877 Christus
1589 1826 1748 1878 fuisse
1795 1828 2112 1893 accepimus.

593 1918 741 1969 Adeo
767 1927 822 1967 ut
844 1932 1029 1967 omnes
1062 1916 1110 1967 hi
1141 1916 1204 1966 ad
1238 1930 1415 1967 verum
1451 1914 1717 1966 Christum
1740 1953 1755 1976 ,
1790 1917 2024 1967 divinum
2063 1933 2124 1969 ac

594 2007 810 2059 caeleste
850 2006 1074 2058 Verbum
1104 2005 1435 2067 referantur;
1466 2006 1661 2070 quippe
1704 2006 1790 2071 qui
1828 2007 1972 2057 solus
2005 1984 2119 2055 oin-

595 2099 737 2149 nium
765 2098 994 2164 gentium
1027 2095 1281 2162 pontifex,
1314 2097 1458 2149 solus
1498 2111 1588 2148 rex
1629 2110 1690 2146 ac
1719 2097 1973 2147 Dominus
2002 2111 2121 2147 om-

593 2190 675 2241 nis
704 2200 981 2248 creatnraz,
1008 2187 1151 2239 solus
1180 2188 1408 2254 denique
1426 2188 1565 2239 inter
1584 2189 1867 2254 prophetas
1890 2202 2127 2239 summus

593 2278 846 2344 propheta
894 2277 1059 2329 Patiis
1104 2277 1352 2328 exsistat.
1405 2275 1571 2343 llujns
1616 2287 1791 2327 autent
1847 2277 1919 2326 rei
1964 2292 2127 2343 argu-

598 2379 830 2418 mentum
862 2368 985 2418 illud
1019 2376 1122 2425 est,
1155 2366 1290 2431 quod
1314 2380 1379 2416 ex
1407 2366 1657 2437 omnibus
1684 2365 1771 2431 qui
1804 2365 1943 2430 apud
1978 2376 2123 2416 vete~

598 2473 683 2508 res
714 2458 829 2508 oleo
875 2472 1031 2508 sacro
1072 2458 1244 2524 typice
1276 2458 1752 2517 eonsecrahantur,
1788 2456 1900 2505 sive
1942 2469 2006 2507 ex
2042 2469 2125 2506 sa-

598 2546 921 2607 t'erdotihus,
952 2546 1060 2596 sive
1090 2562 1149 2597 ex
1184 2547 1416 2613 regibus,
1460 2547 1572 2598 sive
1612 2561 1675 2597 ex
1708 2546 2000 2611 prophetis,
2035 2561 2128 2596 ne-

600 2651 685 2687 mo
712 2638 881 2687 adhue
909 2645 1105 2685 tantam
1134 2636 1322 2686 divina:
1355 2635 1563 2687 virtutis
1592 2636 1880 2702 potentiam
1909 2635 2127 2687 sortitus

598 2735 679 2777 est
701 2765 714 2787 ,
748 2736 999 2791 quantam
1028 2725 1284 2777 Servator
1314 2740 1376 2777 ac
1408 2727 1661 2778 Dominus
1706 2734 1888 2778 noster
1929 2724 2082 2777 Jesns
2109 2764 2123 2786 ,

598 2816 691 2883 qui
737 2815 878 2867 solus
907 2830 1168 2880 verosque
1216 2814 1461 2868 Christus
1490 2826 1614 2878 est,
1643 2817 1895 2868 ostendit.
1944 2815 2130 2867 Nullus

598 2916 741 2957 certe
776 2921 957 2957 eorum
992 2904 1334 2971 quantumvis
1380 2906 1635 2971 dignitate
1664 2914 1716 2957 et
1764 2908 1963 2957 honore
1990 2906 2127 2971 apud

599 3008 723 3044 suos
742 3009 829 3057 per
851 2995 1153 3044 continuam
1192 2992 1579 3057 antiquiSsintte
1602 2993 1784 3059 stirpis
1811 2999 2001 3044 seriem
2034 3005 2129 3042 uo-

598 3082 852 3144 bilitatus,
884 3097 946 3132 ex
982 3097 1042 3133 ea
1075 3081 1269 3133 Christi
1302 3086 1459 3146 quam
1493 3082 1712 3147 gerebat
1743 3075 1912 3148 typica
1945 3085 2125 3146 appel-

599 3172 793 3224 latione
826 3172 1061 3224 subditos
1090 3172 1188 3223 sibi
1217 3170 1550 3223 Christianos
1577 3172 1991 3237 cognominavit.
2023 3171 2127 3223 Sed

598 3277 666 3315 ne
691 3264 888 3314 cultum
924 3263 1130 3326 quidem
1167 3263 1325 3312 ullum
1355 3279 1383 3312 a
1417 3261 1669 3327 subjectis
1696 3263 1977 3327 quisquam
2010 3262 2126 3312 illo-

600 3366 714 3401 rum
750 3358 829 3401 est
862 3360 1177 3401 consecutus
1206 3366 1221 3400 :
1253 3365 1347 3402 nec
1381 3366 1508 3401 vero
1543 3351 1592 3401 iu
1643 3350 1803 3400 ullutn
1844 3366 1907 3402 ex
1944 3351 2127 3402 iisdem

598 3438 685 3505 qui
719 3440 821 3488 fato
843 3436 949 3503 jam
978 3437 1187 3489 functus
1235 3437 1452 3497 fuisset.
1484 3448 1625 3489 tanta
1658 3455 1886 3502 unquam
1913 3454 2131 3505 propen-

598 3532 680 3581 sio
728 3529 934 3579 exstitit
985 3531 1328 3591 animorum,
1373 3539 1430 3580 ut
1478 3531 1719 3583 homines
1781 3530 1919 3581 illius
1962 3531 2129 3596 gratia

599 3628 819 3669 mortem
856 3629 1109 3685 cppetere
1154 3620 1319 3685 parati
1369 3631 1563 3672 essent.
1610 3621 1685 3673 Ac
1732 3638 1796 3673 ne
1842 3638 1903 3673 ex
1952 3623 2129 3675 omni-

598 3708 695 3760 bus
747 3709 959 3775 quidem
1008 3709 1111 3760 illis
1167 3725 1300 3776 quos
1347 3711 1453 3762 dixi
1508 3712 1643 3763 ullus
1701 3728 1932 3777 unquam
1989 3714 2126 3775 fuit,

597 3797 747 3862 cujus
804 3813 965 3849 causa
1022 3800 1087 3849 ab
1138 3799 1400 3852 universis
1450 3815 1565 3865 quae
1626 3801 1810 3853 orbem
1869 3814 2127 3852 terrarum

598 3886 833 3939 incolunt
857 3888 1099 3955 gentibus
1131 3898 1306 3940 tantus
1328 3890 1521 3955 ubique
1545 3899 1716 3942 motus
1746 3893 1817 3943 sit
1841 3893 2124 3943 excitatus.

595 3974 775 4042 Neque
802 3977 941 4027 enim
972 3978 1150 4042 ligurse
1191 3977 1272 4026 vis
1304 3987 1505 4027 tantum
1544 3979 1592 4027 in
1628 3978 1730 4029 illis
1759 3990 1967 4043 poterat
1998 3993 2128 4040 Ope-

599 4065 725 4122 rari,
760 4076 1012 4128 quantum
1045 4065 1241 4116 veritas
1264 4066 1375 4130 ipsa
1406 4082 1496 4131 per
1526 4068 1861 4119 SerVatorem
1892 4079 2127 4120 nostrum

597 4154 851 4205 exhibita.
881 4154 976 4215 Qui
1015 4170 1134 4204 cum
1176 4170 1273 4205 nec
1325 4154 1550 4219 insignia
1604 4156 1791 4205 summi
1841 4156 2129 4207 sacerdotii

598 4244 666 4295 ab
700 4242 807 4293 ullo
840 4244 1151 4306 accepisset,
1192 4260 1253 4295 ac
1280 4260 1345 4294 ne
1375 4244 1691 4294 sacerdotali
1723 4244 1935 4307 quidem
1970 4260 2131 4309 gene—

2226 1848 2372 1891 οντος
2416 1829 2558 1881 θείου
2585 1830 2755 1895 Λόγου
2805 1828 3081 1895 βασιλικῆς
3119 1827 3209 1877 καὶ
3258 1825 3483 1895 ἀρχικῆς
3525 1822 3772 1886 ἐξουσίας

2225 1925 2346 1983 τοὺς
2373 1922 2567 1983 τύπους
2599 1920 2663 1972 δι’
2713 1919 2915 1970 ἑαυτῶν
2955 1918 3162 1987 ἔφερον.
3201 1916 3331 1984 Ἤδη
3361 1914 3414 1965 δὲ
3458 1914 3550 1965 καὶ
3590 1912 3772 1963 αὐτῶν

2224 2013 2331 2063 τῶν
2376 2010 2660 2080 προφητῶν
2719 2023 2870 2067 τινας
2914 2005 3001 2057 διὰ
3049 2005 3340 2074 χρίσματος
3404 2000 3653 2070 χριστοὺς
3711 2000 3770 2049 ἐν

2225 2098 2374 2166 τύπῳ
2395 2098 2667 2164 γεγονέναι
2698 2095 3103 2164 παρειλήφαμεν
3123 2110 3134 2121 ·
3166 2093 3240 2153 ὡς
3276 2091 3491 2152 τούτους
3526 2089 3769 2148 ἅπαντας

2226 2186 2319 2256 τὴν
2349 2190 2437 2239 ἐπὶ
2460 2188 2547 2238 τὸν
2570 2187 2737 2255 ἁληθῆ
2770 2185 3019 2260 Χριστὸν,
3049 2184 3139 2234 τὸν
3168 2182 3343 2233 ἔνθεον
3388 2180 3480 2231 καὶ
3520 2179 3772 2249 οὐράνιον

2226 2278 2412 2343 Λόγον,
2438 2276 2708 2347 ἀναφορὰν
2730 2278 2889 2344 ἔχειν·
2923 2276 3075 2343 μόνον
3095 2271 3350 2342 ἀρχιερέα
3380 2270 3483 2321 τῶν
3513 2269 3647 2322 ὅλων
3676 2268 3773 2319 καὶ

2230 2362 2382 2436 μόνον
2413 2368 2620 2434 ἁπάσης
2644 2366 2739 2433 τῆς
2761 2366 2983 2427 κτίσεως
3015 2364 3251 2432 βασιλέα,
3270 2362 3360 2413 καὶ
3381 2361 3533 2428 μόνον
3561 2373 3775 2427 προφη-

2225 2455 2329 2507 τῶν
2386 2457 2793 2524 ἀρχιπροφήτην
2849 2455 2954 2522 (56)
2998 2454 3089 2505 τοῦ
3152 2453 3359 2522 Πατρὸς
3416 2450 3769 2517 τυγχάνοντα,

2227 2544 2421 2595 Τούτου
2453 2546 2494 2595 δ’
2541 2544 2828 2607 ἀπόδειξις,
2867 2547 2926 2597 τὸ
2961 2547 3158 2617 μηδένα
3196 2564 3281 2598 πω
3323 2546 3428 2598 τῶν
3474 2544 3638 2595 πάλαι
3680 2542 3771 2595 διὰ

2226 2635 2319 2686 τοῦ
2346 2634 2609 2702 συμϐόλου
2634 2635 3023 2705 κεχρισμένων,
3059 2637 3192 2703 μήτε
3240 2636 3423 2704 ἱερέων
3451 2634 3584 2703 μήτε
3614 2632 3775 2700 βασι-

2226 2727 2378 2787 λέων,
2419 2728 2552 2794 μήτε
2592 2725 2693 2794 μὴν
2716 2726 3023 2794 προφητῶν,
3061 2724 3320 2794 τοσαύτην
3356 2723 3553 2793 ἀρετῆς
3587 2722 3771 2775 ἐνθέου

2227 2818 2450 2883 δύναμιν
2471 2816 2789 2885 κτήσασθαι,
2821 2818 2949 2885 ὅσην
2978 2819 3005 2867 ὁ
3037 2816 3218 2886 Σωτὴρ
3259 2818 3351 2868 καὶ
3384 2815 3583 2885 Κύριος
3612 2814 3771 2883 ἡμῶν

2240 2907 2442 2976 Ἰησοῦς
2464 2902 2509 2957 6⁷
2526 2906 2680 2974 μόνος
2707 2908 2800 2957 καὶ
2831 2906 3076 2977 ἀληθινὸς
3121 2906 3348 2975 Χριστὸς
3392 2904 3771 2958 ἐπιδέδεικται.

2232 2999 2414 3058 Οὐδείς
2438 2998 2501 3063 γέ
2528 3014 2607 3048 τοι
2629 2998 2847 3049 ἐκείνων
2880 2998 3077 3066 καίπερ
3109 2996 3366 3065 ἀξιώματι
3397 2998 3488 3048 καὶ
3512 2999 3640 3065 τιμῇ
3676 2996 3775 3045 ἐπὶ

2232 3088 2502 3147 πλείσταις
2522 3087 2671 3148 ὅσαις
2698 3090 2905 3154 γενεαῖς
2947 3087 3094 3157 παρὰ
3134 3090 3243 3149 τοῖς
3283 3089 3498 3149 οἰκείοις
3543 3088 3774 3157 διαλαμ-

2227 3178 2459 3245 ιξιάντων,
2488 3178 2611 3237 τοὺς
2641 3175 2912 3244 ὑπηκόους
2934 3177 3147 3227 πώποτε
3176 3178 3237 3228 ἐκ
3274 3178 3368 3244 τῆς
3418 3178 3541 3245 περὶ
3575 3176 3775 3237 αὐτοὺς

2229 3265 2495 3333 εἰκονικῆς
2532 3264 2624 3316 τοῦ
2658 3265 2888 3335 Χριστοῦ
2918 3266 3260 3334 προσρήσεως
3288 3266 3395 3334 (57)
3418 3267 3775 3336 Χριστιανοὺς

2229 3357 2589 3424 ἐπεφήμισεψ
2624 3355 2734 3407 ἀλλ’
2766 3355 2881 3406 οὐδὲ
2919 3355 3201 3423 σεϐάσμιός
3244 3373 3348 3408 τινι
3395 3357 3595 3434 τούτων
3634 3355 3775 3426 πρὸς

2228 3447 2333 3497 τῶν
2366 3449 2616 3516 ὑπηκόων
2658 3447 2866 3517 ὑπῆρξε
2908 3450 3035 3518 τιμή
3057 3466 3069 3478 ⁸
3094 3448 3202 3501 ἀλλ’
3233 3449 3347 3500 οὐδὲ
3391 3448 3524 3517 μετὰ
3550 3448 3646 3518 τὴν
3676 3466 3771 3500 τε-

2228 3536 2413 3605 λευτὴν
2440 3538 2671 3606 τοσαύτη
2702 3539 2955 3601 διάθεσις,
2986 3540 3123 3592 ὥστε
3155 3541 3245 3591 καὶ
3276 3542 3773 3611 ὑπεραποθνήσκειν

2230 3626 2455 3692 ετοίμως
2487 3624 2625 3694 ἔχειν
2654 3624 2743 3677 τοῦ
2774 3628 3099 3696 τιμωμένου.
3129 3629 3262 3680 Ἀλλ’
3288 3630 3403 3682 οὐδὲ
3425 3630 3640 3681 πάντων
3660 3628 3773 3678 τῶν
3794 3684 3805 3697 ,

2228 3716 2328 3768 ἀνὰ
2349 3717 2444 3785 τὴν
2470 3718 2783 3786 οἰκουμένην
2818 3718 2984 3769 ἐθνῶν
3014 3721 3137 3789 περί
3164 3737 3280 3771 τινα
3301 3720 3404 3771 τῶν
3436 3718 3552 3770 τότε
3575 3718 3775 3769 τοσαύ-

2228 3822 2291 3873 τη
2320 3805 2506 3871 γέγονε
2536 3806 2745 3875 κίνησις
2782 3805 2911 3874 (58),
2942 3808 3059 3858 ἐπεὶ
3088 3808 3217 3875 μηδὲ
3245 3807 3490 3858 τοσοῦτον
3521 3808 3579 3856 ἐν
3620 3805 3771 3858 ἐκεί-

2228 3908 2337 3951 νοις
2366 3894 2397 3960 ἡ
2433 3892 2522 3943 τοῦ
2547 3893 2810 3961 συμϐόλου
2833 3893 3053 3961 δύναμις
3080 3894 3168 3944 οἷα
3193 3910 3250 3944 τε
3269 3890 3333 3961 ἦν
3366 3896 3619 3960 ἐνεργεῖν,
3641 3894 3769 3945 ὅσον

2229 3983 2260 4049 ἡ
2300 3983 2395 4049 τῆς
2421 3982 2672 4051 ἀληθείας
2716 3982 3049 4050 παράστασις
3076 3982 3161 4032 διὰ
3190 3981 3282 4033 τοῦ
3328 3982 3570 4050 Σωτῆρος
3611 3982 3770 4051 ἡμῶν

2230 4072 2598 4140 ἐνδεικνυμένη
2620 4090 2633 4100 ·
2659 4072 2715 4133 ὃς
2746 4071 2863 4121 οὔτε
2892 4072 3125 4139 σύμϐολα
3151 4072 3241 4122 καὶ
3271 4071 3464 4131 τύπους
3507 4072 3775 4140 ἀρχιερωι

2233 4163 2394 4229 σύνης
2422 4162 2567 4229 παρά
2587 4178 2677 4211 του
2701 4160 2898 4223 λαϐὼν,
2933 4161 3041 4212 ἀλλ’
3064 4161 3181 4211 οὐδὲ
3203 4160 3353 4225 γένος
3372 4161 3430 4212 τὸ
3458 4162 3579 4230 περὶ
3608 4162 3773 4230 σῶμα

2233 4251 2288 4314 ἐξ
2321 4251 2623 4318 ἱερωμένων
2648 4252 2917 4318 κατάγων,
2941 4252 3046 4302 οὐδ’
3077 4250 3278 4319 ἀνδρῶν
3301 4251 3640 4321 δορυφορίαις
3677 4252 3773 4304 ἐπὶ

600 4347 657 4384 re
680 4332 966 4383 secundum
1007 4347 1220 4383 carnem
1251 4341 1391 4382 esset
1417 4332 1702 4391 oriundus;
1736 4346 1831 4381 nec
1860 4331 2127 4383 hominum

2236 4337 2504 4406 βασιλείαν
2528 4341 2831 4408 προαχθεὶς,
2855 4341 2971 4391 οὐδέ
2999 4338 3100 4407 μὴν
3133 4340 3408 4407 προφήτης
3433 4337 3628 4405 ὁμοίως
3658 4343 3773 4401 τοῖς

598 4422 850 4475 satellitio
906 4423 969 4472 ad
1006 4436 1225 4486 regnum
1265 4428 1409 4473 esset
1449 4431 1698 4481 evectus,
1737 4436 1832 4471 nec
1876 4422 2127 4486 propheta

599 4524 835 4564 veterum
867 4513 1244 4577 prophetarum
1287 4513 1389 4562 ritu
1417 4512 1587 4562 factus
1619 4510 1802 4561 luisset
1827 4528 1840 4571 ;
1869 4524 1987 4560 cum
2018 4513 2132 4559 titil-

600 4602 705 4654 lam
730 4602 947 4654 omnino
980 4600 1289 4665 dignitatem
1316 4609 1410 4650 aut
1437 4599 1837 4666 pra-rogativam
1878 4600 2013 4664 apud
2040 4598 2132 4650 .Iu-

603 4692 745 4743 dazos
772 4691 1037 4742 obtineret
1064 4704 1076 4738 :
1114 4688 1458 4739 nihilominus
1504 4688 1751 4738 omnibus
1782 4700 1885 4736 non
1916 4687 2127 4752 quidem

674 4832 782 4900 (36)
823 4831 1020 4883 Μόνον
1051 4830 1362 4900 προφητῶν
1382 4828 1842 4898 ἀρχιπροφήτην.
1873 4829 1979 4880 Vox
2011 4847 2135 4900 προ-

604 4899 784 4968 φητῶν
819 4902 1037 4951 delenda
1071 4899 1197 4949 mihi
1244 4902 1474 4962 videtur,
1508 4912 1687 4965 utp0te
1723 4899 1891 4949 otiosa
1935 4914 1999 4951 ac
2039 4899 2132 4951 Su-

641 4971 821 5019 erllna.

606 4985 917 5104 peilsl'l‘f’Ex
949 5036 1053 5103 τῆς
1079 5036 1208 5101 περὶ
1237 5033 1419 5086 αὐτοῦ
1445 5034 1738 5104 oleariam-1c
1763 5035 1865 5087 τοῦ
1888 5035 2134 5101 Χριστοῦ

607 5101 985 5171 προσρήσεως
1008 5101 1200 5175 ’(πόιάᾶι
1223 5102 1567 5170 Stephanus).
1602 5101 1657 5153 In
1685 5104 1863 5175 codice
1885 5104 2133 5175 Medicam

609 5176 919 5243 etttendatnr
974 5171 1098 5243 περὶ
1121 5175 1344 5233 αὐτοὺς,
1379 5186 1482 5243 quo
1506 5175 1657 5243 modo
1704 5171 1885 5243 etiam_
1911 5173 1960 5223 in
1992 5184 2138 5223 vete-

566 5248 571 5261 '
612 5241 757 5292 ribus
804 5244 1012 5294 srhedis
1046 5240 1272 5293 'thserte
1307 5242 1561 5301 scriptum
1610 5240 1807 5290 inveni.
1855 5241 2009 5291 Certe
2047 5250 2138 5292 aut

609 5310 733 5376 περ).
762 5311 952 5371 αὐτούς
985 5312 1318 5363 scribendum
1361 5318 1440 5358 est
1488 5316 1578 5357 aut
1614 5307 1737 5375 περὶ
1779 5309 1953 5371 αὐτόν,
1981 5320 2085 5361 etc.
2120 5326 2133 5360 :

610 5382 866 5443 pra-cessit
924 5382 1062 5429 enim
1094 5379 1263 5439 οὐδείς
1290 5376 1353 5443 γέ
1378 5392 1459 5425 τοι
1495 5376 1728 5426 ἐκείνων.

679 5444 786 5511 (58)
829 5449 1086 5512 Τοσαύτη
1147 5447 1350 5513 γέγονε
1412 5444 1665 5513 κίνησις.
1714 5444 1845 5497 Male
1896 5446 2137 5497 Christo-

612 5513 907 5630 Rhorsonns
969 5512 1333 5577 persecutionis
1397 5512 1672 5563 tumultum
1737 5514 2133 5580 interpretatur.

668 5580 833 5630 ίνττσις
864 5584 960 5630 hoc
998 5584 1112 5630 loco
1141 5584 1358 5630 verbqu
1390 5591 1471 5630 ml
1503 5582 1752 5630 medium.
1779 5584 1915 5630 uuod
1946 5592 2049 5630 tam
2083 5583 2133 5630 in

668 5580 833 5649 ίνησις
864 5584 960 5636 hoc
998 5584 1112 5637 loco
1141 5584 1359 5637 verbum
1390 5591 1471 5635 est
1503 5582 1752 5647 medium,
1779 5584 1915 5650 quod
1946 5592 2049 5635 tam
2083 5583 2133 5635 in

2236 4426 2396 4477 πάλαι
2416 4427 2715 4494 γενόμενος,
2746 4429 2851 4479 οὐδ’
2894 4429 3044 4491 ἀξίας
3071 4428 3202 4486 ὅλως
3230 4426 3261 4496 ἦ
3285 4443 3425 4487 τινος
3454 4426 3601 4494 παρὰ
3642 4428 3776 4479 Ἰου-

2234 4514 2396 4573 δαίοις
2419 4513 2591 4581 τυχὼν
2620 4517 2927 4584 προεδρίας,
2967 4517 3109 4584 ὅμως
3142 4518 3249 4576 τοῖς
3292 4517 3454 4566 πᾶσιν
3490 4517 3535 4567 εί
3571 4518 3663 4568 καὶ
3696 4520 3773 4589 μὴ

2234 4603 2342 4659 τοῖς
2376 4599 2676 4668 συμϐόλοις,
2719 4602 2832 4651 ἀλλ’
2877 4589 3009 4669 αὺτῇ
3050 4618 3110 4668 γε
3155 4603 3218 4668 τῇ
3254 4600 3473 4669 ἀληθείᾳ
3501 4602 3647 4670 παρὰ
3676 4603 3773 4655 τοῦ

2236 4687 2445 4756 Πατρὸς
2474 4689 2803 4758 ἐκεκόσμητο
2834 4690 2963 4758 (59).
3001 4691 3109 4756 Οὐχ
3132 4689 3326 4756 ὁμοίων
3350 4689 3391 4739 δ’
3426 4686 3514 4741 οὖν
3540 4684 3619 4752 οἷς
3640 4709 3777 4761 προ-

2238 4829 2429 4880 bonam
2462 4844 2617 4895 quam
2647 4831 2699 4881 in
2735 4830 2924 4881 malam
2956 4843 3153 4895 partem
3188 4831 3318 4883 sumi
3348 4840 3537 4897 potest,
3561 4847 3624 4885 ac
3658 4846 3767 4888 tant

2241 4899 2312 4966 de,
2330 4900 2594 4948 heneVolis
2616 4909 2664 4949 et
2693 4901 2877 4950 amicis
2904 4914 3059 4960 quam
3084 4901 3147 4949 de
3173 4900 3406 4954 hostibus
3430 4918 3491 4951 at:
3520 4917 3772 4966 perseeu-

2243 4963 2442 5041 torihns
2467 4966 2623 5017 debet
2650 4968 2887 5033 intelligi.
2915 4968 3091 5041 Itaque
3121 4967 3376 5041 Eusebius
3398 4963 3531 5020 dixit
3555 4972 3769 5041 κίνησιν

2239 5033 2363 5103 περί
2388 5051 2527 5095 τινα,
2558 5049 2659 5085 non
2695 5046 2867 5085 autem
2895 5036 3032 5086 κατά
3066 5052 3223 5096 τινος.
3260 5034 3376 5088 Vult
3407 5042 3545 5091 enim
3582 5033 3770 5095 die-etc

2241 5118 2507 5166 nunquam
2558 5103 2713 5176 ullius
2764 5104 2992 5176 hominis
3042 5117 3199 5176 causa
3252 5106 3404 5157 talem
3457 5118 3768 5176 tantumque

2244 5181 2440 5221 motum
2484 5171 2717 5241 omnium
2764 5173 2993 5235 gentium
3036 5174 3331 5235 exstitisse,
3368 5188 3593 5241 quantus
3637 5171 3768 5230 Ser-

2246 5241 2444 5312 vatoris
2487 5240 2652 5312 nostri
2692 5252 2850 5312 causa
2884 5242 3111 5312 exstitit;
3154 5244 3269 5296 aliis
3310 5240 3613 5312 religionem
3645 5248 3768 5309 ejus

2242 5306 2731 5380 attipleete_tttibi_ts_._
2765 5308 2913 5380 aliis“
2950 5306 3430 5377 impngnantibns.‘
3457 5306 3763 5380 Elegatiter,

2243 5391 2359 5444 meo
2386 5376 2595 5437 quidem
2620 5375 2840 5444 judicio,
2876 5375 3194 5444 Nii-i-phorus
3226 5382 3363 5434 hunc
3391 5375 3585 5434 motum
3619 5396 3769 5432 σεισ-

2243 5443 2340 5511 μὸν
2364 5444 2460 5509 τῆς
2489 5442 2803 5512 οἰκουμένης
2836 5442 3075 5509 appellat.

2309 5512 2417 5585 (59‘)
2458 5510 2617 5585 Παρὰ
2650 5510 2767 5585 τοῦ
2790 5515 3114 5581 πνεύματος
3150 5518 3525 5585 ἐκεκόσμητο.
3564 5514 3769 5569 Omnes

2239 5581 2405 5635 nostri
2430 5584 2661 5648 codices,
2695 5581 2889 5651 Regius
2931 5588 3165 5653 scilicet,
3204 5588 3334 5640 Mat.
3360 5581 3613 5648 ιε’ωειι..
3642 5599 3767 5636 cum
