3996 6342
206 279 255 330 73
1149 268 1489 325 HISTORIA-3
1528 268 2075 326 ECUESIASTICJE
2112 271 2237 327 LIB.
2278 272 2319 324 Ι.
3272 269 3335 321 τι

204 385 456 454 ειρήκαμεν
486 382 679 453 τυχὼν,
718 383 925 436 πάντων
952 382 1167 434 ἐκείνων
1186 382 1276 432 καὶ
1296 382 1520 451 Χριστὸς
1560 380 1676 449 μᾶλ-

1796 380 1963 450 signis
1995 398 2057 435 ac
2089 376 2368 452 iypis,'sed
2406 381 2647 436 veritatis
2674 381 2853 436 infulis
2874 396 2901 433 a
2925 380 3082 434 Patre
3106 394 3332 435 (τοι-ησ-

202 477 270 527 λον
292 475 647 544 ἀνηγόρευται.
672 476 777 526 Καὶ
806 474 880 534 ὡς
909 474 972 525 ἂν
995 474 1148 541 μόνος
1174 473 1265 524 καὶ
1296 471 1495 540 ἀληθὴς
1536 470 1693 532 αὐτὸς

201 564 539 631 ὣνὸΧριστὸς
561 564 652 615 τοῦ
678 563 830 626 Θεοῦ,
872 561 1203 632 Χριστιανῶν
1254 554 1343 611 τδν
1389 560 1559 611 πάντα
1602 561 1694 610 κό-

202 669 305 721 σμον
330 652 418 717 τῆς
444 650 605 711 ὅντως
634 650 829 718 σεμνῆς
855 649 1013 702 αὑτοῦ
1044 650 1134 701 καὶ
1167 650 1313 718 ἱερᾶς
1333 648 1695 716 προσηγορίας

199 738 517 805 κατέπλησεν,
542 738 719 789 οὐκέτι
751 738 948 799 τύπους
974 737 1091 789 οὐδὲ
1113 738 1341 797 εἰκόνας,
1382 736 1494 787 ἀλλ’
1529 735 1695 798 αὐτὰς

199 828 367 896 γυμνὰς
411 827 603 895 ἀρετὰς
643 828 733 878 καὶ⁴
780 827 889 897 βίον
929 828 1171 896 οὐράνιον
1217 822 1396 887 αὺτοῖς
1445 825 1696 894 ἀληθείας

196 917 384 984 δόγμασι
413 918 519 977 τοῖς
552 915 835 978 θιασώταις
864 910 1148 985 παραδοῦς.
1184 912 1256 966 Τό
1281 930 1339 966 τε
1369 918 1587 983 χρῖσμα,
1632 915 1691 967 οὑ

195 1009 242 1061 τὸ
266 1007 339 1079 διὰ
364 1010 618 1075 σωμάτων
643 1009 933 1061 σκευαστὸν
960 1008 1089 1076 (60),
1112 1007 1225 1059 ἀλλ’
1255 1006 1400 1075 αὐτῷ
1424 1006 1486 1076 δὴ
1528 1005 1695 1057 ΙΙνεῦ-

196 1114 300 1167 ματι
327 1097 444 1166 θείῳ
472 1096 867 1167 τὸθεοπρεπὲς,
909 1100 1103 1166 μετοχῇ
1147 1096 1243 1165 τῆς
1278 1097 1565 1165 ἀγεννήτου
1599 1098 1692 1148 καὶ

194 1186 420 1255 πατρικῆς
471 1186 716 1256 θεότητος
753 1186 1055 1256 ἀπειλήφει.
1093 1188 1155 1237 ‘0
1210 1186 1304 1237 καί
1353 1185 1483 1239 αὐτὸ
1535 1186 1691 1239 πάλιν

196 1274 384 1339 Ἦσαῖας
409 1277 661 1340 διδάσκει,
696 1280 770 1341 ὡς
795 1280 858 1331 ἂν
882 1278 939 1342 ἐξ
964 1279 1123 1331 αὐτοῦ
1167 1274 1268 1331 ὧδέ
1309 1296 1423 1339 πως
1452 1278 1691 1329 ἀναϐοῶν

190 1370 264 1421 τοῦ
289 1369 503 1439 Χριστοῦ
524 1386 537 1398 ο
575 1388 592 1419 i
635 1370 851 1439 Πνεῦμα
895 1370 1097 1440 Κυρίου
1128 1372 1211 1422 ἐπ’
1249 1370 1369 1437 ἐμὲ,
1396 1362 1456 1420 οὗ
1489 1370 1689 1420 εἵνεκεν

186 1461 336 1529 ἔχρισε
369 1477 448 1528 με,
498 1460 943 1526 εὐαγγελίσασθαι
979 1464 1207 1528 πτωχοῖς
1253 1460 1554 1512 ἀπέσταλκε
1597 1478 1687 1528 με,

185 1552 200 1622 {
211 1553 425 1605 ἰάσασθαι
473 1553 596 1613 τοὺς
638 1550 1119 1621 συντετριμμένους
1151 1550 1246 1619 τὴν
1276 1550 1521 1620 καρδίαν]
1553 1550 1684 1618 (6|),

186 1642 380 1711 κηρύξαι
397 1639 753 1709 αἰχμαλώτοις
780 1642 988 1707 ἄφεσιν,
1006 1641 1097 1691 καὶ
1114 1639 1329 1707 τυφλοῖς
1343 1639 1647 1707 ἀνάϐλεψιν.
1664 1658 1681 1689 ι

1802 480 1888 522 tus
1914 482 2018 523 est.
2044 470 2119 523 Ac
2151 470 2359 523 tametsi
2392 487 2494 524 non
2517 472 2700 525 eodem
2727 473 2880 524 modo
2902 485 3009 537 quo
3031 470 3104 523 illi
3133 472 3198 523 de
3219 473 3309 536 qui

1800 560 1895 612 bus
1929 574 2088 627 supra
2126 561 2257 623 dixi,
2289 574 2473 616 omnes
2520 562 2618 614 lios
2666 560 2844 614 titulos
2891 570 3205 615 consecutus
3232 563 3324 622 isii,

1797 660 1972 703 tamen
1998 660 2053 704 et
2080 652 2190 718 ipse
2212 653 2382 719 magis
2412 665 2567 715 quain
2602 650 2673 702 illi
2716 650 2961 704 Christus
2993 652 3327 720 cognominao

1796 748 1884 793 tus
1916 750 1997 793 est
2026 757 2040 793 :
2070 750 2121 793 et
2152 749 2335 807 utpote
2363 741 2507 793 solus
2539 754 2803 807 venisque
2829 741 2917 794 Dei
2946 741 3189 795 Christus
3215 742 3329 793 uni‘

1794 844 2009 883 versum
2067 840 2329 885 terrarum
2379 832 2564 885 orbem
2612 840 2835 899 augusto
2888 841 2941 885 et
2987 844 3330 887 sacrosancto

1793 920 2222 975 Christianorum
2251 924 2465 976 nomine
2495 922 2716 1003 replevit
2745 959 2761 985 ,
2814 936 2917 975 non
2950 924 3174 997 amplius
3200 924 3333 993 ligu-

1794 1024 1880 1062 ras
1909 1018 2003 1062 aut
2036 1009 2313 1076 imagines,
2332 1011 2421 1062 sed
2461 1009 2684 1063 virtutes
2708 1012 2877 1064 nudas
2922 1011 3190 1080 vitamque
3219 1026 3333 1067 cm-

1794 1098 1977 1151 lesteni
2004 1099 2163 1152 simul
2218 1115 2337 1153 eum
2385 1101 2497 1167 ipsa
2532 1102 2774 1154 veritatis
2825 1086 3067 1155 decirina
3118 1104 3331 1157 tradens
3374 1158 3379 1163 _
3446 1136 3451 1141 ι

1795 1184 2042 1241 initiatis.
2077 1186 2338 1242 Caeterum
2370 1200 2694 1257 unguentum
2717 1206 2824 1244 non
2856 1192 2982 1244 illud
3016 1208 3078 1245 ex
3110 1194 3332 1246 diversis

1792 1277 2073 1344 speciebus
2096 1281 2504 1348 'composiiuin,
2562 1283 2654 1335 sed
2705 1281 2943 1334 divinum
2992 1283 3239 1351 ingenita:
3273 1300 3333 1337 ac

1748 1402 1749 1405 η
1792 1376 2024 1433 ροισι-ηε
2068 1369 2359 1421 divinitatis
2408 1370 2813 1438 participatione
2842 1388 2942 1424 una
2994 1388 3112 1427 cum
3158 1374 3334 1427 divino

1790 1456 1993 1524 Spiritu
2021 1461 2244 1527 accepit.
2283 1460 2430 1525 Quod
2484 1462 2695 1527 quidem
2740 1464 2898 1516 docet
2930 1466 3088 1518 etiam
3142 1466 3329 1528 lsaias.

1790 1554 2041 1613 tanquam
2080 1561 2145 1600 ex
2192 1547 2360 1616 ipsius
2384 1547 2584 1601 Christi
2634 1563 2859 1616 persona
2893 1552 2971 1605 sic
3001 1552 3221 1620 loquens
3246 1553 3287 1584 ¹³
3315 1572 3329 1608 :

1797 1654 1815 1684 ι
1848 1637 2078 1702 Spiritus
2122 1636 2329 1691 Domini
2372 1652 2537 1706 super
2567 1655 2650 1693 me
2673 1655 2738 1695 eo
2769 1641 2911 1709 quod
2957 1644 3172 1695 unxerit
3209 1659 3329 1696 me:

184 1733 272 1783 Καὶ
298 1732 350 1783 οὐ
383 1731 535 1800 μόνον
567 1747 628 1797 γε
664 1730 906 1791 Ἡσαΐας,
939 1729 1069 1781 ἀλλὰ
1094 1730 1184 1781 καὶ
1213 1730 1374 1781 Δαὸὶδ
1404 1732 1481 1792 εἰς
1504 1728 1563 1781 τὸ
1588 1730 1676 1780 αὐ-

1787 1726 1854 1778 ad
1903 1725 2247 1793 Evangelium
2303 1732 2654 1784 nuntiandum
2686 1732 3010 1800 pauperibus
3046 1736 3187 1786 misit
3223 1751 3331 1794 me,

183 1820 258 1872 τοῦ
302 1820 571 1891 πρόσωπον
620 1820 905 1887 ἀναφωνεῖ,
957 1819 1154 1885 λέγων·
1190 1838 1207 1869 i
1258 1820 1313 1871 '0
1345 1819 1527 1889 θρόνος
1574 1837 1685 1881 σου,

181 1909 307 1971 Θεὸς,
336 1912 406 1970 είς
428 1909 518 1960 τὸν
542 1908 709 1961 αἰῶνα
737 1908 828 1959 τοῦ
850 1909 1055 1970 αἰῶνος.
1101 1907 1313 1970 Ῥάόδος
1338 1908 1627 1976 εὐθύτητος
1653 1911 1686 1977 ἡ

184 1996 346 2065 ρίὃδος
382 1998 477 2067 τῆς
521 1996 791 2065 βασιλείας
846 2014 958 2048 σου.
997 1993 1311 2065 Ἦγάπησας
1346 1996 1685 2064 δικαιοσύνην

182 2089 256 2139 καὶ
279 2088 529 2157 ἐμίσησας
558 2088 800 2157 ἀνομίαν.
836 2087 931 2139 Διά
974 2087 1129 2138 τοῦτο
1170 2086 1349 2155 ἐχρισέ
1384 2104 1441 2138 σε
1471 2090 1499 2138 6
1535 2084 1683 2147 Θεὸς,

178 2177 328 2239 ὀΘεός
352 2194 457 2241 σου,
481 2178 654 2231 ἔλαιον
675 2177 1039 2243 ἀγαλλιάσεως
1067 2179 1213 2247 παρὰ
1251 2178 1374 2238 τοὺς
1426 2176 1682 2245 μετόχους

178 2283 271 2317 σου.
305 2286 323 2317 ι
363 2268 442 2319 Ἐν
465 2262 545 2330 οἷς
571 2269 598 2319 6
623 2268 774 2334 λόγος
806 2270 861 2319 ὲν
897 2267 990 2334 μὲν
1022 2265 1096 2335 τῷ
1124 2265 1319 2335 πρώτῳ
1351 2264 1530 2332 στίχῳ,
1556 2264 1685 2316 Θεδν

178 2358 311 2408 αὑτὸν
337 2357 643 2427 ὲπιφημίζει
663 2375 675 2387 ·
712 2360 768 2409 ἐν
789 2358 845 2409 δὲ
874 2357 949 2426 τῷ
981 2356 1212 2425 δευτέρῳ
1241 2356 1497 2423 σκήπτρῳ
1535 2354 1683 2422 βασι-

176 2444 288 2513 λικῷ
314 2450 455 2515 τιμᾷ.
497 2443 607 2498 Εἴθ’
650 2446 772 2515 ἑξῆς
804 2446 1006 2508 ὑποϐὰς
1039 2446 1171 2514 μετά
1229 2444 1325 2513 τὴν
1371 2443 1549 2495 ἔνθεον
1590 2444 1683 2495 καὶ

179 2534 429 2604 βασιλικὴν
456 2535 699 2604 δύναμιν,
724 2538 876 2607 τρίτῃ
904 2537 1050 2599 τάξει
1077 2534 1304 2605 Χριστὸν
1334 2535 1493 2586 αὑτὸν
1529 2549 1684 2599 γεγο-

174 2625 296 2676 νέναι
320 2626 490 2693 ἐλαίῳ,
517 2629 575 2678 οὺ
598 2628 671 2696 τῷ
694 2626 749 2691 ἐξ
779 2626 905 2694 ὕλης
940 2625 1221 2693 σωμάτων,
1257 2624 1387 2675 ἀλλὰ
1415 2622 1490 2692 τῷ
1519 2622 1682 2689 ὲνθέῳ

172 2715 252 2783 τῆς
272 2718 619 2784 ἀγαλλιάσεως
644 2718 963 2787 ἠλειμμένον
993 2717 1298 2787 παρίστησι.
1327 2715 1474 2786 Παρὸ
1507 2714 1597 2767 καὶ
1622 2714 1682 2775 τὸ

172 2804 413 2875 ἐξαίρετον
443 2810 604 2860 αὑτοῦ
629 2810 720 2861 καὶ
754 2808 883 2860 πολὺ
915 2810 1153 2880 κρεῖττον
1181 2808 1273 2857 καὶ
1294 2805 1545 2875 διάφορον
1574 2805 1680 2856 τῶν

172 2896 313 2948 πάλαι
335 2897 414 2949 διὰ
432 2898 537 2949 τῶν
567 2899 785 2950 εἰκόνων
825 2896 1263 2967 σωματικώτερον
1313 2895 1679 2965 κεχρισμένων

168 2982 517 3051 ὑποσημαίνει.
557 2987 665 3037 Καὶ
716 2985 941 3054 ἀλλαχοῦ
970 2985 1025 3035 δὲ
1056 2986 1082 3035 6
1117 2983 1273 3044 αὐτὸς
1321 2977 1421 3035 ὧδέ
1468 3001 1581 3045 παυς
1612 2983 1681 3034 τὰ

1793 1823 1851 1866 ut
1879 1815 2124 1868 mederer
2158 1818 2401 1871 contritis
2432 1821 2611 1883 corde,
2639 1829 2695 1873 ut
2724 1822 3067 1889 praedicarem
3104 1824 3329 1890 captivis
3378 1890 3381 1893 _

1789 1902 2182 1966 liberationem,
2207 1916 2260 1958 et
2286 1910 2441 1961 cmcis
2475 1911 2928 1976 recuperationem
2964 1914 3133 1968 visus.
3160 1933 3183 1965 ι
3222 1914 3330 1967 Ne-

1787 1994 1889 2054 que
1922 2005 2048 2042 vero
2070 1989 2240 2044 solum
2277 1993 2457 2057 Isaias,
2491 1998 2582 2048 sed
2617 1997 2777 2049 etiam
2805 1998 2969 2051 David
2993 2000 3136 2053 illum
3157 2003 3325 2069 ipsum

1786 2072 2077 2141 alloquens,
2120 2076 2189 2127 ita
2240 2078 2410 2132 dicit:
2452 2099 2469 2128 ι
2508 2082 2672 2135 Sedes
2707 2093 2826 2149 tua,
2866 2087 3023 2152 Deus,
3062 2090 3113 2141 in
3161 2106 3325 2143 sarcu-

1788 2160 1893 2213 lum
1922 2161 2123 2215 sazcnli.
2150 2162 2309 2233 Virga
2347 2167 2690 2228 direCtionis,
2725 2172 2873 2241 virga
2927 2176 3073 2240 regni
3108 2176 3199 2229 tui.
3241 2174 3341 2229 Di-'

1788 2248 1960 2302 lexisti
2006 2251 2290 2318 justitiam,
2326 2265 2379 2307 et
2428 2256 2585 2310 odisti
2635 2258 3003 2328 iniquitatem;
3044 2275 3319 2332 propterea

1784 2340 1937 2391 unxit
1966 2349 2019 2394 te
2050 2340 2207 2406 Deus,
2240 2344 2376 2397 Deus
2401 2355 2539 2409 tuus,
2580 2348 2697 2402 oleo
2726 2349 2919 2404 latitia:
2949 2367 3055 2417 pra:
3100 2369 3319 2409 consor-

1786 2427 1923 2481 tibus
1960 2431 2064 2485 tuis
2082 2432 2180 2485 “.i
2208 2433 2407 2499 Quibus
2432 2438 2608 2492 verbis
2642 2455 2819 2493 sermo
2843 2442 3048 2497 divinus
3073 2444 3123 2496 in
3147 2448 3316 2513 primo

1758 2518 1995 2586 quidem
2023 2537 2181 2577 versu
2206 2524 2369 2578 Deum
2416 2525 2563 2579 illum
2604 2531 2873 2597 nominat;
2909 2532 2958 2584 in
2993 2533 3165 2587 altero
3192 2550 3317 2589 vero

1781 2618 2044 2675 sceptrum
2079 2614 2254 2681 regale
2292 2606 2487 2669 eidem'
2515 2616 2794 2683 attribuit;
2844 2635 2907 2673 ac
2940 2622 3191 2689 paulatim
3233 2627 3317 2679 de-

1780 2700 2061 2764 scandens,
2090 2712 2211 2769 post
2230 2703 2463 2757 divinam
2494 2720 2557 2759 ac
2591 2708 2788 2775 regiam
2810 2720 3141 2777 potestatem,
3166 2718 3316 2770 tertio

1782 2788 1996 2842 demum
2029 2790 2146 2845 loco
2176 2792 2443 2847 Christum
2473 2794 2641 2861 illum,
2678 2812 2782 2850 non
2812 2803 3077 2855 matcriali
3109 2807 3316 2872 quidem

1780 2881 1873 2931 sed
1905 2881 2085 2935 divino
2119 2882 2313 2938 lietitiae
2352 2886 2470 2939 oleo
2496 2888 2787 2943 delibutum
2820 2904 2939 2945 esse
2970 2894 3223 2948 declarat.
3260 2898 3313 2950 In

1780 2982 1884 3036 quo
1921 2972 2079 3024 etiam
2114 2976 2475 3041 prazstantiam
2510 2978 2651 3033 illius
2692 2980 2910 3047 indicat,
2957 2995 3315 3056 quantumque

171 3071 276 3139 περὶ
302 3072 453 3124 αὑτοῦ
478 3074 625 3143 δηλοῖ
647 3074 815 3141 λέγων
837 3092 850 3105 ο
891 3093 907 3124 i
942 3070 1101 3125 Εἶπεν
1129 3075 1156 3124 ὁ
1178 3073 1375 3142 Κύριος
1396 3070 1472 3141 τῷ
1488 3072 1675 3142 Κυρίῳ

1776 3058 1839 3110 iis
1876 3062 2121 3123 omnibus
2155 3066 2438 3120 antecellat
2471 3071 2558 3136 qui
2604 3085 2827 3138 corpore
2852 3082 3000 3127 tenus
3029 3079 3197 3145 typice
3220 3094 3312 3129 un-

171 3176 271 3226 μου,
298 3162 453 3215 κάθου
477 3166 540 3216 ὲκ
563 3164 746 3228 δεξιῶν
778 3181 896 3231 μου,
931 3164 1035 3224 ἕως
1074 3164 1138 3215 ἂν
1167 3162 1242 3213 θῶ
1290 3164 1414 3231 τοῦς
1456 3162 1677 3231 ἐχθρούς

168 3258 246 3298 σου
264 3249 529 3303 ὑποπόδιον
541 3252 645 3304 τῶν
662 3252 829 3304 ποδῶν
852 3268 962 3302 σου·
991 3270 1008 3299 ι
1032 3253 1142 3313 καὶ,
1180 3270 1195 3299 i
1220 3251 1313 3302 Ἐκ
1327 3251 1553 3319 γαστρὸς
1575 3247 1677 3320 πρὸ

175 3334 449 3407 Ἑωσφόρου
471 3340 729 3409 ὲγὲννησά
754 3357 830 3392 σε.
848 3342 1042 3408 Ὠμοσε
1072 3340 1288 3407 Κύριος,
1315 3340 1405 3391 καὶ
1426 3341 1483 3391 οὐ
1516 3357 1677 3408 μετα-

170 3425 521 3495 μεληθήσεται·
556 3431 619 3480 σὺ
647 3426 696 3479 εἶ
724 3433 895 3499 ἱερεὺς
922 3431 998 3490 εἰς
1045 3430 1132 3480 τὸν
1176 3429 1342 3480 αἰῶνα
1395 3429 1531 3480 κατὰ.
1577 3428 1672 3497 τὴν

164 3511 289 3575 τάξιν
310 3515 645 3583 Μελχισεδέκ.
688 3535 705 3567 ι
739 3512 899 3577 Οὗτος
936 3517 989 3566 δὲ
1011 3516 1282 3580 εἰσάγεται
1302 3518 1358 3566 ὲν
1386 3520 1494 3577 τοῖς
1511 3518 1672 3585 ἱεροῖς

164 3603 360 3669 λόγοιςό
384 3606 722 3673 Μελχισεδὲκ,
762 3608 933 3673 ἱερεὺς
973 3604 1063 3655 τοῦ
1115 3605 1245 3655 Θεοῦ
1288 3604 1378 3655 τοῦ
1428 3606 1667 3672 ὑψίστου,

164 3693 244 3744 οὐκ
265 3696 316 3746 ὲν
348 3694 616 3764 σκευαστῷ
645 3712 749 3746 τινι
787 3694 1039 3763 χρίσματι
1070 3694 1523 3762 ἁναδεδειγμένος,
1557 3694 1667 3745 ἀλλ’

161 3784 261 3835 οὐδὲ
300 3786 502 3856 διαδοχῇ
557 3786 743 3854 γένους
790 3784 1073 3854 προσήκων
1113 3786 1175 3851 τῇ
1225 3782 1343 3834 καθ’
1394 3783 1667 3852 Ἐϐραίους

162 3874 416 3948 ἱερωσύνῃ.
442 3877 528 3928 Διὸ
560 3875 697 3928 κατά
731 3876 826 3941 τὴν
870 3873 1029 3925 αὑτοῦ
1080 3872 1248 3935 τάξιν,
1282 3871 1393 3923 ἀλλ’
1425 3872 1483 3921 οὺ
1528 3871 1665 3922 κατὰ

159 3961 241 4031 τὴν
279 3964 378 4016 τῶν
416 3966 581 4019 ἄλλων
618 3965 853 4033 σύμϐολα
908 3966 998 4015 καὶ
1042 3963 1237 4022 τύπους
1287 3960 1661 4027 ἀνειληφότων,

157 4048 359 4121 Χριστὸς
384 4056 472 4109 καὶ
516 4058 690 4127 ἱερεὺς
735 4056 841 4124 (62)
874 4056 987 4123 μεθ’
1020 4054 1179 4123 ὅρκου
1229 4051 1584 4120 παραλήψεως
1636 4053 1662 4102 ὁ

158 4136 319 4213 Σωτὴρ
365 4147 512 4215 ἡμῶν
558 4146 933 4217 ἀνηγόρευται,
967 4144 1123 4195 Ὅθεν
1172 4142 1288 4194 οὐδὲ
1345 4139 1661 4209 σωματικῶς

158 4232 282 4299 παρὰ
317 4233 577 4297 Ἰουδαίοις
609 4234 891 4305 χρισθέντα
918 4233 1074 4285 αὑτὸν
1112 4232 1144 4301 ἡ
1190 4228 1392 4300 ἱστορία
1438 4226 1661 4297 παραδί-

152 4315 307 4383 δωσιν,
334 4324 441 4375 ἀλλ’
468 4324 573 4376 οὐδ’
598 4327 659 4375 ἐκ
681 4324 846 4393 φυλῆς
869 4322 973 4374 τῶν
1006 4320 1312 4391 ἱερωμένων
1353 4318 1656 4388 γενόμενον,

212 4410 250 4439 ¹³
276 4411 397 4480 Cap.
428 4430 533 4467 ιιι.
614 4414 656 4444 ’⁸
688 4414 825 4467 Psal.
863 4428 1004 4466 xuv.
1083 4412 1125 4441 ¹⁸
1152 4409 1294 4463 Psal.
1322 4422 1430 4461 eix.

1778 3149 2058 3215 gebantur.
2107 3153 2246 3208 Idem
2277 3158 2399 3211 alibi
2448 3160 2513 3212 de
2562 3158 2651 3213 illo
2687 3161 2764 3214 sic
2814 3162 3096 3231 loquitur:
3132 3186 3149 3217 i
3176 3168 3311 3221 Dixit

1778 3238 2028 3295 Dominus
2073 3244 2295 3301 Domino
2324 3246 2621 3315 meo,Sede
2655 3266 2683 3303 a
2718 3252 2923 3305 dextris
2967 3256 3117 3320 meis,
3148 3259 3311 3314 donec

1776 3342 1966 3393 ponam
1989 3333 2231 3391 inimicos
2247 3346 2364 3392 tuos
2376 3339 2664 3393 scabellum
2679 3340 2983 3415 pedumljl
3000 3351 3275 3404 tuorum”.
3290 3370 3307 3399 ι

1774 3418 1838 3470 Ει
1868 3435 1989 3475 mox
2026 3443 2038 3476 :
2078 3444 2095 3475 i
2123 3421 2201 3480 Ex
2233 3438 2386 3483 utero
2424 3442 2549 3487 ante
2604 3434 2906 3489 Luciferum
2938 3441 3095 3506 genui
3126 3453 3191 3494 te.
3219 3442 3308 3496 Ju-

1774 3513 1909 3565 ravit
1943 3514 2217 3580 Dominus,
2241 3526 2295 3571 et
2341 3536 2446 3574 non
2501 3524 2781 3589 pmnitebit
2816 3541 2958 3578 eum.
3012 3526 3087 3581 Tn
3133 3546 3191 3583 es
3222 3548 3306 3584 sa-

1770 3603 1960 3670 cerdos
2007 3606 2062 3657 in
2111 3618 2363 3662 aeternum
2419 3617 2725 3667 secundum
2758 3614 2999 3669 ordinem
3035 3618 3304 3674 Melchise-

1769 3691 1922 3745 dech.
1946 3712 1967 3745 ι
2006 3696 2100 3747 Hie
2130 3712 2293 3763 porro
2319 3698 2705 3756 Melchisedech
2734 3703 2785 3756 in
2818 3706 2991 3759 sacris
3037 3707 3188 3761 libris
3218 3711 3302 3762 in-

1768 3784 1980 3836 ducitur
2012 3790 2265 3843 sacerdos
2315 3792 2409 3845 Dei
2452 3794 2721 3857 altissimi,
2752 3796 2841 3849 sed
2888 3811 2990 3850 non
3043 3798 3300 3866 ejusmodi

1766 3871 1853 3935 qui
1886 3871 2113 3924 confecti
2142 3872 2365 3941 alicujus
2389 3877 2489 3931 olei
2521 3881 2772 3936 unctione
2804 3898 3170 3953 consecratus,
3202 3906 3298 3945 nec

1762 3958 1850 4025 qui
1883 3963 2092 4025 generis
2124 3966 2459 4019 successione
2488 3964 2626 4035 apud
2657 3965 2908 4024 Hebraos
2941 3976 3295 4031 sacerdotium

1763 4049 1832 4100 sit
1858 4052 2098 4118 adeptus.
2129 4053 2335 4109 ldcirco
2382 4059 2671 4111 secundum
2705 4059 2847 4113 illius
2877 4063 3136 4131 ordinem,
3190 4084 3294 4121 non

1764 4147 1936 4192 autem
1967 4146 2253 4196 secundum
2280 4147 2518 4199 ordinem
2543 4149 2789 4209 aliorum,
2821 4152 2909 4220 qui
2942 4153 3134 4220 ﬁguras
3162 4160 3292 4210 dun-

1760 4236 1908 4281 taxat
1934 4241 1988 4284 et
2018 4232 2165 4301 signa
2194 4246 2557 4305 susceperant,
2583 4238 2834 4292 Servator
2870 4252 3047 4296 noster
3064 4259 3182 4298 cum
3200 4247 3287 4313 ju-

1763 4318 2045 4387 risjnrandi
2086 4324 2379 4391 adiectione
2425 4328 2667 4383 Christus
2709 4340 2763 4384 et
2801 4336 3051 4389 sacerdos
3096 4351 3290 4391 renun-

155 4499 267 4575 Fiik_.
290 4520 349 4557 ac
390 4506 548 4559 Savil.
578 4508 835 4575 scriptum
882 4508 1078 4559 habent
1126 4502 1277 4575 παρὰ
1310 4500 1399 4553 τοῦ
1429 4499 1653 4575 -Παξρδς
1682 4502 1725 4555 ῐ)
1756 4499 1903 4575 sione
1930 4496 2044 4565 ejus
2068 4498 2586 4575 apparetaiiabetue
2602 4510 2775 4575 tamen
2805 4504 2856 4554 in
2889 4504 3083 4575 codice
3103 4500 3283 4573 Regio,

154 4572 441 4641 κεκόσμητο,
483 4566 704 4629 rectius:
750 4576 907 4629 Certe
957 4566 1309 4640 Nicephorius,
1352 4571 1439 4641 qui
1489 4566 1653 4621 Εῗιὶςο-

156 4638 271 4721 liiliui
296 4638 497 4709 ubique
536 4646 666 4697 solet
694 4645 1015 4721 exscribere,
1061 4638 1159 4721 Ii'oc
1195 4642 1309 4692 loco
1353 4640 1511 4716 habet
1549 4650 1653 4721 πα-

153 4707 327 4771 τρόθεν.
364 4707 429 4763 Et
484 4715 702 4765 verbum
746 4714 883 4779 quod
940 4712 1176 4779 proxime
1220 4708 1461 4779 sequitur
1498 4707 1651 4757 κεκό-

157 4786 315 4841 ςμητο,
344 4780 413 4830 ita
452 4775 782 4835 scribendum
814 4775 1245 4833 esse’couvincit.
1287 4775 1465 4841 Neque
1508 4779 1647 4825 enim
1678 4822 1687 4825 -

156 4836 409 4916 IFilnisDei
457 4866 486 4899 a
521 4851 720 4916 Spiritu
765 4860 947 4901 saneto
993 4836 1433 4916 oriiatiirpsed'a
1468 4843 1644 4916 Patre.

156 4905 197 4986 lu
226 4916 478 4986 veteribus
524 4905 733 4986 schedis
786 4919 1055 4986 scriptum
1091 4905 1261 4986 inveni
1306 4917 1435 4986 πννς.
1476 4914 1647 4975 Atque

156 4979 300 5051 Iliad
342 4986 627 5051 marginem
672 4979 909 5038 Μιεύίοωῖ
945 4983 1141 5037 codicis
1186 4983 1522 5034 emendatum
1566 4989 1647 5030 est

154 5044 307 5094 eadem
340 5044 509 5105 manu.

208 5110 301 5189 ('60)
340 5119 418 5189 0})
470 5119 531 5189 τὸ
584 5122 678 5174 διὰ
737 5122 1015 5189 σωμάτων
1072 5117 1425 5189 σκευαστᾴν.
1476 5114 1640 5189 Codd.

154 5170 260 5255 Filii:
284 5170 331 5231 ἐι
364 5185 525 5238 Savil.
570 5170 1057 5255 s-c'riptun'irlﬁiabent
1078 5170 1160 5239 δι’
1185 5185 1501 5255 ἀρωμάτων.
1539 5184 1642 5255 Sed

154 5248 259 5320 nihil
306 5264 432 5317 opus
484 5264 566 5307 est
616 5248 715 5309 hac
768 5260 1151 5311 emendatione.
1199 5248 1451 5320 Sequitur
1499 5254 1639 5305 enim

154 5315 419 5393 Paw-illest
453 5320 609 5390 ἐλαίῳ
634 5326 690 5375 οὑ
720 5326 794 5393 τῷ
824 5326 881 5389 ἐξ
918 5325 1043 5393 ῦλης
1072 5315 1351 5393 σωμάτων.

207 5382 631 5461 (θηριάσᾳσθὶῑι
658 5382 792 5456 τοὺξι
822 5382 1340 5461 σὺντεῖριμρεἦὊυς
1365 5406 1398 5441 τ
1402 5389 1475 5454 ἦν
1506 5405 1640 5454 παρ’

153 5447 437 5525 ζέανζξΐοιο
470 5459 579 5508 lizec
613 5447 852 5525 pericope
892 5447 1044 5515 abest.
1074 5447 1101 5512 εἶ
1127 5447 1337 5513 ἰιοειτίἐ
1368 5447 1636 5511 οόθὶοἱὺῖιε

154 5514 281 5603 ξίεηε,
312 5524 438 5603 iter},
464 5540 524 5578 ac
722 5514 873 5585 Dis»
903 5514 1057 5581 etiam
1091 5532 1139 5581 in
1174 5529 1436 5603 veteribus
1478 5529 1632 5579 sches
1696 5588 1697 5591 η

154 5588 345 5645 dis.Sed
376 5608 545 5660 neque
574 5588 791 5645 lliilinus
831 5612 946 5647 eam
993 5596 1259 5663 agnoscit,
1304 5601 1360 5648 ut
1402 5610 1463 5648 ex
1510 5604 1630 5647 Ver-

423 5686 685 5743 PATROL.
732 5683 845 5744 Gn.
891 5686 1037 5744 XX.

1754 4578 1806 4620 et
1851 4570 1901 4620 in
1950 4570 2157 4639 cunctis
2202 4569 2522 4639 editionihus
2568 4572 2716 4624 Isaia:
2763 4587 2877 4639 cap.
2918 4588 3023 4624 ιιι.
3076 4569 3284 4626 Videtur

1755 4646 1928 4707 tamen
1952 4638 2030 4707 ab
2060 4637 2304 4707 Eusebio
2355 4642 2707 4707 praetermissa
2744 4637 2838 4693 hie
2873 4656 3019 4703 esse,
3065 4644 3142 4694 vel
3193 4658 3283 4707 per

1754 4704 2184 4771 imprudentiam,
2212 4706 2333 4756 dum
2368 4706 2514 4759 Isaia:
2537 4709 2695 4761 verba
2726 4710 3035 4761 memoriter
3055 4704 3243 4763 recitat
3266 4730 3279 4766 :

1755 4774 1831 4843 vel
1864 4774 1928 4825 ile
1957 4774 2238 4836 industria,
2266 4789 2327 4826 eo
2357 4777 2494 4843 quod
2542 4776 2651 4829 hate
2687 4778 2846 4829 verba
2879 4792 3061 4843 parum
3089 4781 3150 4828 ad
3192 4780 3272 4830 in-

1751 4842 1992 4893 stitutum
2034 4844 2200 4909 ipsius
2235 4842 2409 4895 facere
2448 4845 2778 4897 videbantur.
2811 4842 2898 4896 Sic
2930 4860 3084 4907 supra
3127 4855 3276 4899 nota-

1754 4909 1920 4959 vimus
1950 4911 2209 4977 integrum
2250 4914 2548 4979 perimpcm
2580 4928 2640 4964 cx
2676 4913 2956 4977 Evangelio
2971 4912 3189 4979 Joannis
3211 4916 3275 4960 ah

1748 4990 1811 5026 eo
1853 4976 2104 5049 omissam
2138 4979 2319 5049 fuisse.
2349 4976 2502 5033 Certe
2531 4981 2785 5049 Origenes
2812 4976 2865 5031 in
2899 4991 3037 5049 toino
3073 4981 3086 5029 Ι
3124 4976 3276 5049 Com-

1748 5048 2115 5113 mentariorum
2158 5051 2210 5098 in
2240 5048 2519 5113 Joannem,
2569 5046 2656 5101 ubi
2702 5049 2875 5100 locum
2926 5046 3072 5098 Isaiae
3115 5048 3272 5109 citat,

1749 5112 1883 5183 hanc
1927 5128 2137 5181 quoque
2187 5118 2481 5183 perii’opem
2508 5112 2632 5169 non
2666 5116 2922 5179 agnoscit,
2961 5129 3056 5166 nec
3090 5113 3275 5168 Petrus

1744 5179 2131 5250 Alexandrinus
2158 5179 2208 5235 in
2249 5179 2491 5236 sermone
2524 5186 2595 5236 De
2630 5184 2946 5250 pwnitenlia,
2977 5188 3269 5243 caiione‘2;

1747 5262 1842 5299 nec
1874 5248 2098 5304 Basilius
2128 5252 2463 5304 Seleucensis
2493 5255 2543 5303 in
2574 5248 2810 5304 oratione
2841 5250 2927 5302 38.

1816 5318 1923 5383 (62)
1960 5319 2208 5384 Χριστὸς
2232 5320 2324 5370 καὶ
2365 5322 2567 5385 ἱερεύς.
2607 5318 2778 5369 Nostri
2806 5319 3017 5371 codices
3049 5318 3179 5371 Μαι.
3210 5336 3271 5373 ac

1747 5384 1888 5456 Med.
1916 5402 2035 5437 eum
2077 5386 2209 5440 Fuk.
2238 5403 2300 5439 ac
2331 5384 2490 5441 Savil.
2525 5386 3007 5456 scriptumrliabent
3043 5388 3271 5456 Χριστὸς

1742 5454 1831 5504 καὶ
1870 5455 2178 5523 ἀρχιερεύς,
2218 5470 2372 5522 quam
2411 5454 2691 5506 lectionem
2732 5455 2893 5506 etiam
2942 5457 2994 5508 in
3036 5454 3269 5523 margine

1743 5524 1885 5589 ltegii
1915 5526 2114 5578 codicis
2140 5528 2429 5591 ascriptain
2450 5523 2642 5578 inveni.

2924 5676 2963 5735 3
