3996 6342
606 317 668 372 19
1283 312 1547 367 EUSEBII
1580 312 2048 368 CESABIEKSIS
2083 312 2231 366 OPP.
2270 311 2447 365 PARS
2486 313 2525 363 ι.
2548 300 2626 349 ’-
2666 312 3045 367 HlSTOBlCA.
3378 366 3379 369 η
3698 312 3762 366 80

592 427 736 479 nium
763 423 972 492 Moyses
1013 421 1183 492 typice
1202 424 1409 491 agenda
1456 433 1513 476 et
1531 424 1877 477 custodienda
1901 422 2112 489 posteri:

2226 420 2387 472 αὐτὸν
2409 420 2601 491 ᾔδεσαν
2621 422 2710 474 τὸν
2733 422 2960 492 Χριστὸν
2979 421 3072 475 τοῦ
3114 422 3270 475 Θεοῦ·
3306 425 3415 490 εἴγε
3450 416 3633 490 ὦφθαι
3666 421 3761 490 μὲν

595 516 845 571 tradidit:
878 516 1016 569 sicut
1055 528 1225 580 neque
1270 528 1411 567 nunc
1440 515 1579 581 apud
1608 513 1942 567 Christianos
1974 513 2125 580 quid-

593 622 751 675 quam
784 606 969 659 horum
999 606 1224 674 geritur.
1268 604 1374 658 Sed
1422 612 1475 657 et
1505 603 1679 672 ipsum
1723 602 1994 656 Christum
2034 602 2122 655 Dei

592 695 841 748 distincte
881 694 1156 761 cognitum
1204 691 1836 759 habuerunt:siquidem
1887 691 2034 744 illum
2060 692 2125 743 ab

588 785 893 837 Abrahamo
944 783 1156 850 quidem
1197 783 1369 835 visum
1406 796 1543 846 esse,
1601 781 1784 834 lsaaco
1828 790 2002 833 autem
2044 793 2128 833 re-
2169 816 2178 821 -

589 888 839 942 sponsum
874 873 1102 933 dedisse,
1144 879 1201 924 et
1236 885 1355 924 cum
1377 867 1573 923 Jacobo
1602 869 1834 923 locutum
1862 883 1998 933 esse,
2037 870 2127 923 de.

588 969 749 1033 nique
785 978 903 1017 cum
932 962 1131 1030 Moyse,
1162 969 1217 1014 et
1245 960 1446 1013 secutis
1493 967 1678 1028 postea
1714 960 1985 1026 prophetis
2015 974 2125 1013 scr-

586 1070 800 1109 monem
832 1040 1085 1106 habuisse
1107 1051 1354 1118 superius
1395 1049 1743 1103 ostendimus.
1780 1047 1930 1102 Unde
1962 1048 2122 1102 etiam

586 1145 706 1199 illos
733 1143 841 1196 Deo
862 1150 1123 1213 acceptos
1147 1139 1389 1193 homines
1417 1138 1685 1192 interdum
1715 1137 1948 1205 reperias
1976 1137 2125 1191 Chri-

585 1237 651 1288 sti
686 1232 1036 1301 appellatione
1058 1232 1336 1283 decoratos
1364 1216 1549 1292 fuisSe,
1573 1238 1630 1282 ut
1653 1221 1709 1281 in
1741 1228 1824 1281 his
1845 1227 2124 1296 Propheta:

583 1324 796 1376 verbis:
830 1339 849 1371 ‹
881 1320 1055 1374 Nolite
1072 1330 1285 1388 tangere
1300 1320 1531 1373 christos
1545 1333 1712 1379 meos.
1735 1328 1789 1371 ct
1816 1318 1865 1371 iu
1897 1320 2123 1386 prophe-

586 1414 652 1466 tis
677 1414 809 1465 meis
826 1410 990 1463 nolite
1020 1409 1252 1478 maligne
1276 1423 1434 1476 agere
1453 1408 1548 1462 ".3
1588 1408 1661 1460 Ex
1686 1408 1881 1475 quibus
1901 1417 2121 1475 apparet

583 1501 818 1553 omnium
852 1499 1075 1569 primam
1107 1513 1170 1551 ac
1204 1497 1625 1551 vetustissimam
1675 1512 1793 1551 esse
1843 1497 2119 1566 religionis

585 1589 805 1640 formam
841 1587 984 1640 illam
1010 1587 1076 1640 ab
1106 1586 1188 1639 his
1215 1600 1353 1654 quos
1385 1586 1495 1639 dixi
1544 1586 1653 1639 Deo
1690 1587 1925 1654 acceptis
1950 1584 2119 1638 homi—

583 1678 739 1729 nibus
782 1678 1099 1741 institutam,
1132 1690 1251 1743 quae
1291 1689 1461 1742 nuper
1497 1691 1596 1744 per
1623 1662 1823 1730 Chiisti
1866 1676 2119 1744 praedica-

2223 512 2302 582 τῷ
2328 512 2595 583 Ἀϐραὰμ,
2616 514 2944 583 χρηματίσαι
2975 514 3031 566 δὲ
3060 514 3137 585 τῷ
3174 514 3375 577 Ἰσαὰκ,
3413 513 3761 582 λελαληκέναι

2221 605 2280 656 δὲ
2303 598 2387 674 τῷ
2411 604 2619 667 Ἰακὼϐ,
2637 607 2854 657 Μωῦσεῖ
2880 623 2937 657 τε
2966 607 3059 658 καὶ
3101 609 3213 668 τοῖς
3243 607 3380 674 μετά
3413 607 3591 659 ’ταῦτα
3626 624 3759 676 προ-

2224 696 2416 764 φήταις
2442 694 2770 763 ὡμιληκέναι
2794 697 3177 765 προδέδεικται.
3214 697 3409 769 Ἐνθεν
3447 699 3647 759 αὐτοὺς
3694 697 3758 769 δὴ

2220 776 2345 838 τοὺς
2376 776 2638 845 θεοφιλεῖς
2667 777 2901 839 ἐκείνους
2939 777 3115 848 εὕροις
3143 779 3208 831 ἂν
3240 780 3331 831 καὶ
3360 768 3459 849 τῆς
3485 779 3581 832 τοῦ
3621 768 3760 850 Χριὲ

2223 864 2345 918 στοῦ
2367 865 2793 935 κατηξιωμένους
2824 869 3217 937 προσωνυμίας,
3236 868 3373 920 κατά
3398 870 3497 938 τὴν
3523 870 3762 938 φάσκου-

2222 973 2319 1009 σαν
2348 958 2473 1027 περὶ
2500 956 2674 1010 αὐτῶν
2703 959 2900 1027 φωνήν·
2938 976 2956 1007 ι
2991 960 3079 1027 Μὴ
3116 958 3321 1028 ἆψησθε
3369 961 3475 1014 τῶν
3523 960 3760 1032 χριστῶν

2224 1064 2344 1116 μου,
2374 1048 2465 1098 καὶ
2489 1050 2546 1099 ὲν
2577 1049 2688 1108 τοῖς
2716 1048 3017 1117 προφήταις
3061 1064 3159 1115 μου
3193 1048 3266 1117 μὴ
3304 1050 3695 1120 πονηρεύησθε.
3733 1067 3754 1101 ι

2222 1137 2381 1188 Ὥστε
2411 1136 2595 1204 σαφῶς
2625 1137 2845 1206 πρώτην
2877 1136 3120 1205 ἡγεῖσθαι
3162 1137 3268 1188 δεῖν
3296 1140 3388 1190 καὶ
3413 1141 3629 1192 πάντων
3662 1158 3763 1192 m-

2218 1226 2501 1296 λαιοτάτην
2545 1244 2603 1278 τε
2652 1226 2745 1277 καὶ
2775 1226 3131 1297 ἀρχαιοτάτην
3179 1226 3481 1289 θεοσεϐείας
3518 1228 3756 1298 εὕρεσιν,

2217 1318 2393 1368 αὐτῶν
2423 1316 2643 1368 ἐκείνων
2670 1316 2732 1385 δὴ
2775 1315 2881 1368 τῶν
2916 1317 3057 1384 ἀμφὶ
3088 1317 3177 1369 τὸν
3211 1318 3454 1387 Ἀϐραὰμ
3498 1318 3761 1385 θεοφιλῶν

2216 1406 2444 1476 ἀνδρῶν,
2473 1407 2572 1475 τὴν
2592 1406 2789 1477 ἀρτίως
2819 1405 2905 1457 διὰ
2925 1406 3023 1474 τῆς
3043 1404 3133 1457 τοῦ
3164 1406 3394 1475 Χριστοῦ
3410 1407 3759 1468 διδασκαλίας

2218 1499 2378 1548 πᾶσιν
2416 1486 2587 1548 ἔθνεσι
2620 1496 3080 1565 κατηγγελμένην.
3127 1497 3189 1548 El.
3226 1497 3283 1562 δὲ
3312 1498 3378 1566 δὴ
3410 1496 3602 1567 μακρῷ
3636 1498 3757 1549 ποθ’

2216 1587 2435 1656 ὕστερον
2462 1587 2636 1657 χρόνῳ
2668 1587 2961 1655 περιτομῆς
2982 1603 3112 1653 φασι
3134 1586 3223 1638 τὸν
3258 1586 3501 1657 Ἀϐραὰμ
3537 1587 3759 1655 ἐντολὴν

2215 1676 2508 1746 εἰληφέναι,
2554 1674 2686 1728 ἀλλά
2706 1692 2767 1742 γε
2797 1675 2900 1744 πρὸ
2925 1675 3123 1744 ταύτης
3164 1675 3499 1742 δικαιοσύνην
3542 1675 3631 1727 διὰ
3671 1676 3759 1727 πί-

582 1769 778 1820 tionem
812 1768 1015 1820 cunctis
1066 1767 1311 1835 gentibus
1365 1766 1680 1819 annuntiata
1731 1776 1833 1821 est.
1876 1768 2025 1831 Quod
2069 1769 2112 1821 si

2218 1766 2383 1829 στεως
2420 1765 2779 1836 μαρτυρηθεὶς
2824 1764 3120 1834 ἀνείρηται,
3155 1758 3254 1818 (ἶ,δέ
3296 1780 3409 1825 πως
3462 1754 3569 1816 τοῦ
3611 1765 3757 1818 θείου

578 1858 916 1911 Abrahamus
939 1857 1096 1926 longo
1117 1868 1237 1924 post
1259 1866 1501 1922 tempore
1516 1858 1942 1912 circumcisionis
1971 1874 2117 1912 man-

577 1948 760 2000 datum
786 1948 1058 2015 accepisse
1083 1947 1304 2009 dicitur,
1327 1954 1452 1999 ante
1479 1945 1608 2001 illud
1634 1956 1810 2001 tamen
1841 1963 1937 2016 per
1958 1948 2113 2002 ﬁdem

571 2035 897 2105 juStiﬁcatus
927 2036 1091 2089 fuisse
1127 2035 1431 2105 Scriptura!
1458 2037 1762 2091 testimonio
1806 2038 2112 2106 comproba-

576 2135 684 2191 tur,
710 2128 788 2181 sie
810 2128 1033 2181 dicentis
1059 2145 1074 2179 :
1110 2145 1129 2178 ι
1156 2126 1393 2183 Credidit
1420 2128 1689 2183 Abraham
1718 2127 1845 2192 Deo,
1871 2138 1924 2182 et
1947 2134 2112 2197 depu-

576 2223 741 2272 tatum
764 2218 906 2271 estei
938 2218 1003 2271 ad
1030 2218 1286 2285 iustitiam
1325 2220 1388 2271 ιτ.
1415 2238 1434 2270 ι
1459 2217 1823 2287 Cumquejam
1858 2228 1982 2271 ante
2007 2220 2112 2271 cir-

574 2310 951 2363 cumcisionem
980 2308 1100 2363 talis
1122 2318 1284 2373 esset,
1310 2323 1337 2361 a
1363 2310 1470 2363 Deo
1491 2307 1582 2377 qui
1606 2322 1665 2361 se
1691 2308 1790 2375 ipsi
1821 2307 2109 2361 videndum

574 2401 861 2464 obtulerat,
896 2401 945 2454 id
980 2410 1059 2455 est
1092 2416 1120 2454 a
1163 2402 1379 2455 Christo
1428 2402 1520 2454 Dei
1572 2399 1776 2466 Verbo,
1811 2402 1877 2454 de
1916 2401 1982 2454 iis
2018 2402 2105 2467 qui

573 2489 958 2555 posterioribus
985 2489 1191 2542 saeculis
1218 2488 1381 2542 simili
1431 2503 1495 2541 ac
1529 2488 1642 2555 ipse
1686 2488 2108 2555 rationejustili-

572 2577 723 2630 caudi
745 2584 940 2639 essent,
969 2577 1240 2629 oraculum
1266 2576 1469 2644 accepit
1493 2576 1791 2644 hujusmodi
1819 2593 1834 2628 :
1867 2593 1885 2625 ι
1926 2578 1987 2628 Et
2018 2580 2108 2630 be-

492 2658 498 2665 ’
572 2669 882 2719 uedicentur
904 2666 955 2718 in
986 2678 1034 2719 te
1055 2680 1239 2720 omnes
1284 2665 1455 2717 tribus
1482 2673 1639 2717 terrae
1660 2664 1731 2733 l‘;
1760 2682 1776 2714 ι
1812 2674 1865 2717 et
1894 2665 2105 2720 iterum:

582 2776 603 2808 ι
630 2757 778 2821 Quod
807 2756 1015 2809 futurus
1043 2757 1113 2809 sit
1135 2756 1188 2808 in
1218 2765 1428 2825 gentem
1460 2769 1703 2823 magnam
1733 2764 1786 2807 et
1814 2756 2105 2819 robustam,

570 2855 625 2898 et
648 2843 1016 2897 beuetliccndze
1042 2844 1146 2896 sint
1170 2843 1220 2894 in
1252 2856 1314 2894 eo
1336 2855 1521 2893 omnes
1541 2840 1785 2893 nationes
1810 2850 1967 2893 terra:
1995 2840 2057 2892 “.
2080 2858 2100 2890 ι

578 2932 733 3000 Quod
773 2932 996 3000 quidem
1053 2932 1104 2983 iu
1134 2932 1286 2984 nobis
1333 2930 1542 2983 demum
1589 2930 1907 2997 completum
1942 2929 2105 2983 fuisse

569 3023 744 3091 quivis
793 3020 947 3074 facile
1002 3018 1380 3087 deprehendet.
1421 3018 1631 3071 Etenim
1689 3019 1777 3072 ille
1818 3034 1913 3086 per
1945 3019 2101 3073 (idem
2129 3060 2169 3116 Ο

569 3112 623 3166 in
653 3125 771 3163 eum
820 3109 909 3177 qui
949 3109 1047 3177 ipsi
1087 3118 1412 3177 apparuerat
1436 3108 1710 3161 Christum
1740 3107 1970 3161 Verbum
2008 3109 2100 3163 Dei

567 3205 744 3258 fuerat
784 3202 1104 3271 justiﬁeatus
1152 3219 1166 3253 :
1214 3215 1335 3254 cum
1387 3215 1417 3253 a
1471 3209 1692 3268 paterna
1754 3200 1966 3268 quidem
2012 3215 2103 3253 su-

569 3292 883 3362 perstitione
940 3301 994 3343 et
1053 3290 1280 3357 pristino
1341 3303 1527 3342 errore
1596 3288 1931 3353 descivisset,
1985 3288 2101 3341 uni-

568 3399 688 3436 cum
734 3396 862 3434 vero
914 3380 1297 3434 moderatorem
1346 3382 1580 3432 omnium
1630 3379 1790 3431 Deum
1823 3378 2101 3433 confessus

566 3483 1002 3538 essetusttmque
1048 3468 1261 3523 virtutis
1318 3470 1593 3537 operibus,
1620 3474 1740 3535 (non
1795 3479 1969 3524 autem
2024 3470 2100 3522 le-

566 3568 645 3633 gis
667 3578 783 3631 quae
807 3576 837 3613 a
868 3560 1044 3630 Moyse
1076 3566 1261 3627 postea
1288 3558 1479 3611 tradita
1508 3567 1591 3611 est
1632 3558 1961 3611 czeremoniis
1997 3558 2095 3625 17

566 3654 837 3707 coluisset.
878 3651 1009 3704 Cum
1060 3650 1217 3719 igitur
1275 3648 1533 3717 ejusmodi
1585 3656 1746 3712 esset,
1808 3648 2003 3700 dictum
2048 3650 2097 3700 ei

563 3742 739 3795 fuerat
766 3752 949 3792 omnes
975 3746 1132 3790 terrae
1156 3735 1328 3789 tribus
1364 3748 1436 3787 ac
1479 3735 1725 3787 nationes
1755 3734 1810 3789 in
1837 3734 1950 3803 ipso
1977 3748 2095 3789 esse

560 3829 1046 3887 benediceudas".
1080 3827 1231 3895 Apud
1260 3826 1404 3881 solos
1436 3835 1615 3881 autem
1647 3825 1976 3881 Christianos
2001 3841 2094 3894 per

563 3925 866 3975 universum
899 3931 1163 3975 terrarum
1187 3920 1395 3980 orbem,
1425 3917 1680 3985 operibus
1701 3919 1817 3984 qua:
1848 3930 2093 3971 sermone

562 4014 704 4065 omni
726 4011 1025 4065 'ellicaciora
1048 4018 1191 4072 sunt,
1227 4008 1437 4061 exculta
1468 4009 1577 4061 haec
1603 4007 1786 4060 eadem
1820 4005 2091 4073 religionis

560 4102 932 4153 Abrahamica:
980 4098 1151 4152 forma
1198 4096 1484 4165 reperitur.
1534 4095 1672 4159 Quid
1711 4110 1836 4162 ergo
1867 4096 2091 4162 posthac

561 4192 774 4246 obstare
822 4189 1033 4252 poterit,
1088 4186 1370 4255 quominus
1418 4198 1575 4235 unam
1620 4182 1965 4248 eamdemque
2010 4183 2090 4233 vi-

559 4279 714 4334 vendi
749 4279 1005 4329 rationem
1058 4290 1121 4327 ac
1160 4275 1490 4342 religionem,
1540 4286 1659 4325 cum
1712 4270 1865 4323 nobis
1916 4270 2009 4336 qui
2060 4283 2090 4321 a

2218 1856 2512 1924 φάσκοντος
2576 1856 2764 1921 λόγον·
2811 1874 2828 1905 ι
2869 1855 3177 1907 Ἐπίστευσε
3235 1855 3292 1906 δὲ
3360 1855 3614 1926 Ἀϐραὰμ
3679 1856 3759 1925 τῷ

2174 1984 2178 1988 Α
2213 1947 2349 2015 Θεῷ,
2381 1947 2471 2000 καὶ
2495 1946 2739 2015 ἐλογίσθη
2785 1945 2930 2015 αύτῷ
2959 1949 3037 2009 είς
3070 1946 3426 2016 δικαιοσύνην.
3469 1965 3487 1996 ι
3530 1948 3642 1998 Καὶ
3690 1946 3754 2015 δὴ

2170 2065 2173 2067 ε
2211 2036 2431 2106 τοιούτῳ
2458 2036 2562 2106 πρὸ
2598 2036 2695 2105 τῆς
2741 2036 3040 2106 περιτομῆς
3088 2037 3327 2103 γεγονότι
3372 2036 3610 2106 χρησμὸς
3649 2036 3758 2087 ὑπὸ

2210 2123 2303 2175 τοῦ
2339 2128 2600 2194 φήναντος
2625 2123 2808 2175 ἑαυτὸν
2835 2122 2981 2191 αὑτῷ
3025 2123 3184 2174 Θεοῦ·
3215 2116 3365 2185 οὗτος
3402 2124 3446 2175 δ’
3492 2120 3558 2192 ἦν
3590 2124 3757 2185 αὐτὸς

2209 2214 2237 2264 ὁ
2259 2213 2487 2281 Χριστὸς
2514 2216 2543 2265 ὁ
2566 2213 2657 2265 τοῦ
2688 2212 2820 2265 Θεοῦ
2850 2213 3016 2279 Λόγος
3034 2228 3046 2242 ·
3075 2212 3201 2283 περὶ
3225 2212 3331 2263 τῶν
3363 2214 3419 2263 ἐν
3448 2216 3554 2274 τοῖς
3618 2226 3757 2278 μετ-

2220 2302 2405 2358 έπειτα
2423 2303 2628 2376 χρόνοις
2654 2303 2743 2355 τὸν
2783 2303 2962 2371 ὅμοιον
3006 2304 3150 2371 αὐτῷ
3184 2302 3514 2355 δικαιοῦσθαι
3548 2304 3755 2373 τρόπον

2212 2393 2520 2461 μελλόντων,
2555 2394 2788 2463 ῥήμασιν
2832 2394 3012 2454 αὐτοῖς
3070 2393 3498 2463 προεπήγγελται
3539 2392 3752 2459 λέγων’

2216 2502 2234 2533 ι
2272 2485 2378 2535 Καὶ
2404 2461 2906 2553 ὲνευλογηθήσονται
2946 2487 3001 2534 ὲν
3036 2484 3115 2535 σοὶ
3146 2461 3313 2535 πᾶσαι
3360 2487 3413 2535 αἱ
3444 2484 3605 2552 φυλαὶ
3649 2485 3755 2554 τῆς

2206 2572 2838 2642 γῆς.»Καὶώς,ὂτιιέσται
2863 2575 2941 2635 είς
2979 2573 3127 2636 ἔθνος
3162 2575 3302 2644 μέγα
3342 2575 3435 2626 καὶ
3462 2573 3614 2626 πολύο
3651 2574 3754 2627 καὶ

2205 2663 2705 2733 ἐνευλογηθήσονται
2736 2665 2794 2715 ὲν
2822 2664 2968 2733 αὐτῷ
2997 2665 3169 2716 πάντα
3203 2666 3268 2715 τὰ
3289 2664 3411 2733 ἔθνη
3439 2666 3536 2733 τῆς
3567 2666 3693 2735 γῆς.
3724 2684 3747 2717 ι

2204 2751 2386 2819 Τούτῳ
2408 2751 2463 2809 δὲ
2491 2752 2583 2803 καὶ
2632 2751 2915 2818 ἐπιστῆσαι
2967 2753 3044 2813 είς
3092 2752 3233 2820 ἡμᾶς
3269 2750 3752 2819 έκπεπληρωμένῳ

2163 2869 2166 2871 λ
2205 2842 2452 2910 πάρεστι.
2487 2842 2670 2893 Πίστει
2700 2841 2797 2909 μὲν
2823 2841 2929 2909 γὰρ
2957 2843 3159 2902 ἐκεῖνος
3185 2844 3249 2909 τῇ
3280 2842 3360 2903 είς
3393 2842 3480 2892 τὸν
3509 2840 3749 2907 ὀφθέντα

2204 2932 2351 3001 αὐτῷ
2371 2932 2463 2983 τοῦ
2494 2932 2623 2983 Θεοῦ
2654 2932 2819 2999 Λόγον
2847 2932 2933 2983 τὸν
2974 2932 3201 3002 Χριστὸν
3237 2932 3590 2995 ἑδεδικαίωτο,
3641 2950 3752 2985 πα·-

2204 3019 2380 3089 τρῴας
2424 3023 2519 3089 μὲν
2549 3022 2786 3083 ἀποστὰς
2823 3020 3232 3086 δεισιδαιμονίας
3259 3022 3352 3073 καὶ
3387 3022 3589 3091 πλάνης
3628 3022 3750 3090 βίου

2205 3109 2486 3179 προτέρας,
2521 3109 2613 3161 ’ένα
2655 3110 2709 3161 δὲ
2746 3110 2834 3161 τὸν
2867 3110 2957 3161 ἐπὶ
2989 3111 3200 3163 πάντων
3233 3108 3560 3181 ὁμολογήσας
3587 3113 3747 3176 Θεὸν,

2203 3197 2292 3247 καὶ
2314 3197 2496 3249 τοῦτον
2525 3198 2701 3268 ἔργοις
2721 3200 2932 3268 ἀρετῆς,
2957 3201 3075 3268 οὐχὶ
3102 3200 3158 3254 δὲ
3188 3200 3445 3270 θρησκείᾳ
3464 3202 3623 3270 νόμου
3647 3202 3748 3254 τοῦ

2206 3287 2338 3353 μετά
2370 3287 2537 3339 ταῦτα
2561 3289 2832 3351 Μωῡσέως
2865 3290 3218 3359 θεραπεύσας.
3250 3292 3482 3362 Τοιούτῳ
3524 3311 3584 3344 τε
3628 3295 3749 3347 δντι

2200 3375 2400 3445 εἴρητο,
2423 3378 2503 3429 ὅτι
2523 3378 2585 3447 δὴ
2608 3380 2773 3431 πᾶσαι
2805 3382 2858 3431 αἱ
2884 3380 3047 3447 φυλαὶ
3071 3381 3169 3449 τῆς
3189 3383 3289 3451 γῆς
3326 3385 3417 3435 καὶ
3447 3384 3621 3438 πάντα
3667 3387 3744 3438 τά

2200 3464 2322 3536 ἔθνη
2354 3469 2410 3517 ἐν
2437 3468 2582 3537 αὐτῷ
2608 3469 3072 3541 εὐλογηθήσονται.
3091 3475 3309 3543 Ἔργοις
3334 3474 3388 3526 δὲ
3404 3474 3573 3542 λόγων
3589 3479 3747 3547 ἐναρ-

2199 3556 2470 3624 γεστέροις
2488 3558 2579 3608 ἐπὶ
2610 3558 2703 3609 τοῦ
2737 3561 2997 3630 παρόντος
3017 3562 3171 3635 παρὰ
3204 3564 3381 3631 μόνοις
3400 3567 3743 3633 Χριπιανοίς
3825 3592 3833 3609 ι

2198 3645 2314 3697 καθ’
2349 3646 2474 3717 ὅλης
2509 3650 2603 3717 τῆς
2632 3649 2947 3721 οἰκουμένης
2970 3653 3315 3723 ἀσκούμενος
3348 3657 3505 3717 αὐτὸς
3534 3659 3744 3720 ἐκεῖνος

2195 3736 2223 3786 ὀ
2249 3736 2345 3805 τῆς
2370 3736 2672 3801 θεοσεϐείας
2696 3739 2786 3791 τοῦ
2822 3740 3058 3812 Ἀϐραὰμ
3092 3744 3396 3815 ἀναπέφηνε
3426 3746 3639 3815 τρόπος.
3670 3747 3742 3798 Τί

2192 3825 2255 3894 δὴ
2282 3823 2371 3879 οὖν
2400 3828 2579 3881 λοιπὸν
2605 3831 2849 3900 ἐμποδὼν
2882 3832 2947 3885 ἂν
2972 3835 3076 3903 εἴη,
3116 3836 3188 3905 μὴ
3219 3837 3336 3903 οὐχὶ
3372 3838 3465 3888 ἕνα
3506 3838 3597 3888 καὶ
3643 3838 3741 3889 τὸν

2192 3913 2351 3965 αὐτὸν
2380 3915 2489 3983 βίον
2527 3934 2585 3968 τε
2609 3919 2700 3969 καὶ
2720 3920 2914 3987 τρόπον
2932 3923 3225 3983 εὐσεϐείας,
3248 3924 3376 3990 ἡμῖν
3403 3941 3460 3974 τε
3492 3927 3603 3984 τοῖς
3625 3926 3739 3977 ἀπὸ

2192 4005 2424 4072 Χριστοῦ
2465 4007 2559 4058 καὶ
2608 4011 2718 4068 τοίς
2772 4008 3042 4075 πρόπαλαι
3079 4007 3377 4076 θεοφιλέσιν
3420 4010 3736 4079 όμολογεῑνς

2192 4095 2329 4147 ὣστε
2391 4100 2462 4166 μὴ
2510 4097 2633 4147 νέαν
2673 4096 2766 4147 καὶ
2818 4095 2993 4164 ξένην,
3020 4097 3225 4161 ἀλλ’,εί
3254 4098 3332 4150 δεῖ
3382 4099 3544 4165 φάναι
3598 4101 3736 4169 ἀλη-

2192 4185 2431 4248 θεύοντα,
2453 4183 2669 4253 πρώτην
2694 4184 2951 4252 ὑπάρχειν
2974 4187 3065 4237 καὶ
3088 4186 3252 4255 μόνην
3277 4188 3368 4239 καὶ
3403 4188 3571 4258 ἀληθῆ
3601 4207 3741 4242 κατ-

2192 4271 2415 4339 όρθωσιν
2471 4272 2765 4344 εὐσεϐείας,
2796 4272 2893 4341 τὴν
2930 4274 3016 4327 διὰ
3044 4279 3139 4344 τῆς
3168 4276 3259 4327 τοῦ
3312 4278 3541 4346 Χριστοῦ
3590 4278 3738 4330 διδα-

562 4369 771 4422 Christo
797 4372 1204 4430 cognomentum
1239 4361 1517 4422 traximus,
1560 4370 1669 4410 tum
1711 4356 2089 4410 vetustissimis

2204 4359 2411 4419 τκαλίας
2442 4360 2827 4428 παραδοθεῖσαν
2846 4362 2973 4429 ἡμῖν
2997 4364 3417 4418 ἀποδείκνυσθαι.
3438 4366 3544 4418 Καὶ
3558 4367 3738 4421 ταῦτα

561 4460 664 4513 illis
687 4458 794 4509 Deo
820 4452 1077 4520 imprimis
1111 4449 1343 4516 acceptis
1373 4447 1681 4500 hominibus
1713 4444 1875 4497 fuisse
1915 4445 2074 4496 latea-

2186 4446 2282 4514 μὲν
2314 4442 2411 4498 ὧδε
2445 4448 2631 4516 ἐχέτω.

472 4616 477 4621 _
562 4567 699 4606 mur.
730 4545 957 4601 Proinde
976 4542 1265 4612 perlectam
1292 4540 1435 4591 illam
1466 4539 1775 4605 religionem
1797 4552 1913 4603 quae
1964 4535 2167 4589 Christi
2220 4540 2592 4604 praedicatione
2644 4540 2797 4596 nobis
2847 4520 3038 4595 tradita
3092 4551 3172 4598 est
3228 4557 3332 4595 non
3398 4557 3587 4597 novam
3636 4557 3736 4601 aut

563 4642 919 4716 peregrinam,
955 4635 1066 4699 sed,
1102 4633 1146 4686 si
1179 4645 1362 4684 verum
1397 4629 1577 4683 dicere
1636 4637 1866 4695 oportet,
1898 4625 2147 4694 primam,
2184 4624 2379 4689 solam,
2437 4643 2726 4698 veramque
2769 4643 2889 4684 esse
2924 4631 3125 4699 liquido
3168 4642 3402 4700 apparet.
3438 4633 3505 4687 Et
3538 4636 3604 4687 de
3643 4638 3733 4693 his

561 4738 775 4808 quidem
805 4734 1083 4785 hactenus.

1140 4817 1384 4873 CAPUT.
1446 4815 1509 4868 Ὺ.

701 4922 773 4974 De
807 4914 1117 4983 temporibus
1156 4911 1343 4977 quibus
1390 4882 1613 4983 priuatis
1660 4902 1954 4954 hominibus

1196 4986 1457 5044 apparuit.

633 5080 757 5131 Cum
791 5090 914 5130 vero
960 5080 1290 5141 quacunque
1330 5064 1394 5115 ad
1424 5059 1801 5115 ecclesiastica:
1852 5059 2085 5111 historia

498 5213 507 5223 .
563 5184 717 5238 quam
760 5165 1086 5220 tractandam
1115 5156 1468 5223 suscepimus,
1505 5152 1745 5204 notitiam
1789 5160 1941 5202 erant
1983 5163 2082 5204 ne-

633 5298 679 5329 “
704 5294 843 5350 Psal.
889 5310 995 5351 etv.
1071 5292 1112 5325 “
1137 5289 1274 5345 Gen.
1300 5302 1389 5340 xv.
1434 5283 1660 5341 “'Gen.
1695 5296 1829 5335 xm.
1906 5283 1947 5312 "
1969 5282 2101 5337 Gen.
2135 5301 2289 5339 xvul.

643 5409 752 5476 (70)
791 5406 937 5475 Vulg.
968 5409 1106 5475 φέρε·
1136 5407 1210 5471 δὴ
1242 5384 1397 5475 ’μετὰ
1436 5405 1550 5476 τὴν
1580 5402 1999 5476 δέουσαν-ᾔδη.
2038 5408 2096 5459 In

574 5472 743 5529 roddf
764 5472 921 5537 Medi,
954 5472 1084 5529 Mai.
1124 5488 1176 5529 et
1205 5472 1335 5529 Fuk.
1365 5475 1554 5542 legitur
1587 5473 1715 5541 φέρε
1748 5472 1803 5522 δὲ
1832 5473 1927 5540 ἤδη
1965 5476 2096 5541 μετά

571 5548 665 5613 τὴν
699 5546 909 5597 δέουσαν
934 5545 1385 5613 προκατασκευὴν,
1409 5554 1508 5595 etc.
1536 5543 1595 5592 In
1620 5542 1898 5607 exemplari
1922 5552 2093 5613 autem

577 5610 739 5682 Hegio
768 5623 817 5669 et
845 5614 895 5666 in
924 5610 1185 5668 vetet-ibus
1208 5610 1416 5668 scltedis
1439 5614 1693 5675 scriptum
1729 5622 1805 5663 est
1835 5622 1846 5660 ε
1884 5610 2007 5670 otiae
2040 5611 2090 5661 δὲ

2708 4808 3092 4862 ΚΕΦΑΛΑΙΟΝ
3135 4809 3208 4863 E'.

2194 4904 2329 4968 Περ.
2354 4900 2469 4951 τὼν
2505 4901 2731 4970 χρόνων
2776 4898 2880 4965 τῆς
2914 4899 3252 4970 ἐπιφανείας
3283 4899 3464 4953 αὑτοῦ
3486 4900 3595 4970 τῆς
3640 4906 3732 4970 είς

2532 4968 2871 5033 ἀνθρώπρυς
2902 4969 3036 5035 (Mc.
3070 4968 3139 5019 Η.
3173 4968 3239 5021 Ε.
3267 4984 3304 5029 ι,
3328 4969 3402 5039 6).

2261 5059 2393 5128 Φέρε
2426 5059 2482 5127 δε
2514 5056 2647 5125 μετὰ
2670 5056 2765 5125 τὴν
2788 5055 3016 5119 ,δέουσαν
3041 5054 3148 5124 (70)
3176 5060 3613 5129 προκατασκευὴν
3627 5063 3727 5131 τῆς

2192 5149 2539 5218 προτεθείσης
2575 5150 2701 5218 ἡμῖν
2740 5146 3184 5217 ὲκκλησιαστικῆς
3209 5150 3459 5219 ἱστορίας,
3496 5152 3593 5223 ἤδη
3614 5153 3725 5207 λοι-

2376 5285 2421 5315 "
2444 5284 2576 5338 Gen.
2602 5299 2697 5337 xu.

2195 5398 2330 5469 μετά
2354 5398 2450 5469 τὴν
2484 5397 2701 5469 δέουσαν
2725 5396 2855 5465 ἡμῖν
2892 5397 3350 5469 προκατασκενήν.
3380 5394 3481 5451 Sed
3520 5409 3723 5469 utrum-

2190 5464 2293 5535 que
2332 5464 2655 5536 superﬂuum
2696 5464 2777 5517 est
2805 5464 3030 5536 tanaim;
3059 5481 3216 5531 quam
3246 5464 3391 5535 ἡμῖν,
3420 5483 3537 5522 cum
3582 5466 3719 5521 iul’ta

2191 5533 2243 5593 iu
2267 5533 2448 5593 eadem
2475 5534 2692 5604 periodo
2718 5533 2884 5602 posita
2910 5533 3167 5601 lcgantur.
