3996 6342
239 312 300 366 1H
1234 307 1578 364 ΙΙΙΞΤΟΒΙᾸΞ
1617 305 2166 399 ΕΕΟΞΑΕΞῘᾹΞΤῘΕΛΕ
2208 308 2330 361 LIB.
2371 309 2439 368 i..

3335 312 3407 366 εξ

238 426 330 478 πον
350 425 456 478 ἀπὸ
483 429 578 497 τῆς
601 431 858 500 ἐνσάρκου
882 429 973 481 τοῦ
997 427 1244 497 Σωτῆρος
1264 427 1416 498 ἡμῶν
1444 426 1737 493 ἐπιφανείας

1835 455 1842 486 ι
1879 426 2135 490 cessaris,
2160 425 2270 495 jam
2302 425 2573 494 praemissa
2624 426 2751 488 sint,
2797 435 3037 495 superest
3074 436 3125 477 ut
3155 443 3180 478 a
3212 442 3398 493 corpo-

235 511 318 568 οῗά
369 534 512 578 τινος
559 519 856 588 ὁδοιπορίας
913 516 1262 586 ὲφαψώμεθα,
1309 517 1400 568 τὸν
1454 515 1544 568 τοῦ
1602 515 1770 581 Λόγου

234 605 448 675 Πατέρα
478 606 626 669 Θεὸν,
660 608 750 658 καὶ
775 607 862 658 τὸν
887 605 1200 674 δηλούμενον
1226 605 1384 657 αὐτὸν
1424 602 1623 672 Ἰησοῦν
1643 605 1770 673 Χρισ

235 694 352 745 στὸν
378 695 470 746 τὸν
500 696 724 762 Σωτῆρα
757 696 850 746 καὶ
882 694 1079 762 Κύριον
1110 695 1262 764 ἡμῶν
1285 695 1374 746 τὸν
1401 695 1642 767 οὐράνιον
1677 695 1768 746 τοῦ

231 784 359 835 Θεοῦ
383 786 570 851 Λόγον,
606 785 792 854 βοηθὸν
825 789 952 855 ημῖν
983 787 1074 838 καὶ
1106 787 1355 856 συνεργὸν
1386 787 1483 855 τῆς
1515 785 1650 838 κατὰ
1671 787 1768 855 τὴν

229 874 471 943 διήγησιν
509 875 762 944 ἀληθείας
786 875 1249 943 ἐπικαλεσάμενοι.
1275 872 1379 927 ἾΙν
1398 875 1461 944 δὴ
1486 871 1575 927 οὖν
1612 875 1767 927 τοῦτο

231 966 470 1034 δεύτερον
499 967 590 1018 καὶ
610 969 1034 1037 τεσσαρακοστὸν
1065 968 1180 1028 ἔτος
1205 966 1312 1036 (Ἠ)
1342 968 1439 1036 τῆς
1466 966 1764 1032 Αὐγούστου

233 1056 521 1123 βασιλείας,
569 1057 839 1125 Αἰγύπτου
871 1059 914 1110 δ’
945 1061 1214 1128 ὑποταγῆς
1260 1059 1351 1111 καὶ
1399 1059 1496 1125 τῆς
1517 1058 1764 1127 τελευτῆς

242 1147 514 1198 Ἀντωνίου
556 1149 648 1200 καὶ
691 1148 1055 1220 Κλεοπάτρας,
1092 1153 1169 1213 είς
1209 1151 1273 1220 ἦν
1317 1150 1605 1219 ὑστάτηνὴ
1645 1151 1761 1202 κατ’

229 1235 488 1300 Αἴγυπτον
506 1234 613 1286 τῶν
634 1237 796 1288 Πτολε
806 1238 974 1306 μαίων
990 1238 1243 1306 κατέληξε
1267 1237 1565 1300 δυναστεία,
1584 1237 1760 1304 ὃγδοον

231 1323 340 1384 ἔτος
368 1324 460 1374 καὶ
486 1325 743 1396 εἰκοστὸν,
763 1325 993 1394 ὁπηνίκα
1022 1329 1049 1378 ὁ
1077 1327 1259 1396 Σωτὴρ
1285 1327 1376 1379 καὶ
1397 1325 1760 1395 Κύριοςήμῶν

241 1412 436 1482 Ἰησοῦς
482 1414 710 1484 Χριστὸς
741 1415 830 1467 ἐπὶ
868 1415 964 1484 τῆς
1011 1416 1128 1467 τότε
1166 1415 1380 1487 πρώτης
1421 1414 1757 1482 ἀπογραφῆς,

221 1505 480 1575 Κυρηνίου
501 1503 915 1574 ἡγεμονεύοντος
950 1508 1046 1577 τῆς
1075 1508 1269 1576 Συρίας
1298 1509 1428 1574 (72),
1459 1506 1760 1568 ἀκολούθως

225 1595 334 1654 ταῖς
368 1595 494 1662 περὶ
539 1595 700 1647 αὐτοῦ
750 1597 1116 1666 προφητείαις,
1157 1599 1214 1648 ὲν
1243 1596 1483 1665 Βηθλεὲμ
1511 1596 1756 1662 γεννᾶται

224 1679 314 1749 τῆς
351 1682 620 1744 Ἰουδαίας.
641 1685 848 1753 Ταύτης
869 1685 924 1735 δὲ
956 1686 1051 1754 τῆς
1075 1686 1215 1738 κατὰ
1239 1687 1502 1755 Κυρήνιον
1521 1687 1758 1754 ἀπογρα-

224 1771 321 1838 φῆς
348 1773 440 1823 καὶ
466 1774 494 1824 ὀ
524 1774 627 1824 τῶν
669 1777 794 1845 παρ’
845 1775 1104 1847 Ἑϐραίοις
1145 1777 1532 1845 ἐπισημότατος
1559 1777 1754 1845 ἱστορι-

223 1860 325 1916 w'y
362 1860 580 1925 Φλαύῖος
630 1863 879 1931 Ἰώσηπος
907 1847 1225 1934 μνημονεύει
1275 1866 1406 1934 (75),
1440 1867 1532 1917 καὶ
1588 1865 1749 1935 ἄλλην

219 1951 586 2003 ὲπισυνάπτων
617 1954 850 2024 ἱστορίαν
873 1956 995 2023 περὶ
1024 1957 1118 2022 τῆς
1147 1955 1251 2007 τῶν
1291 1956 1578 2008 Γαλιλαίων
1613 1955 1750 2008 κατὰ

219 2042 338 2103 τοὺς
381 2043 571 2104 αὐτοὺς
617 2044 932 2112 ἐπιφυείσης
968 2046 1185 2113 χρόνους
1230 2045 1503 2114 αἱρέσεως,
1546 2042 1612 2115 ἦς
1656 2046 1748 2098 καὶ

219 2134 340 2201 παρ’
376 2134 503 2203 ἡμῖν
524 2135 551 2184 ὁ
576 2133 781 2196 Λουκᾶς
803 2135 859 2184 ὲν
877 2137 994 2196 ταῖς
1013 2135 1242 2203 Πράξεσι
1269 2137 1482 2204 μνήμην
1511 2129 1610 2187 ὧδέ
1631 2153 1744 2196 πως

217 2221 378 2288 λέγων
420 2223 724 2291 πεποίηται·
764 2241 780 2273 ι
812 2221 964 2274 Μετὰ
1009 2223 1188 2275 τοῦτον
1237 2222 1429 2292 ἀνέστη
1483 2221 1674 2284 Ἰούδας
1713 2223 1741 2274 ὁ

279 2315 318 2344 ³⁸
346 2312 472 2382 Cap.
509 2329 562 2369 v.
1181 2383 1185 2388 γ

277 2429 384 2498 (7i)
423 2421 700 2495 Δὲύτερον
745 2426 1365 2498 καὶητεσσαρακοστὸν
1405 2427 1554 2498 ἔτος.
1605 2427 1743 2481 Idem

218 2497 459 2550 numerus
496 2501 719 2550 habetur
745 2499 795 2548 in
828 2497 1080 2548 Chronico
1112 2498 1426 2549 Eusebiano.
1457 2497 1605 2548 Auno
1633 2512 1740 2550 XLII

217 2568 426 2629 Augusti
475 2567 628 2632 Jesus
682 2565 913 2617 Christus
957 2565 1128 2617 Filius
1181 2567 1273 2617 Dei
1342 2568 1394 2616 in
1445 2565 1738 2619 Brthlehem

214 2635 359 2689 lude:
387 2639 639 2688 nascitur.
673 2639 854 2688 Aunus
903 2650 1062 2703 porro
1091 2637 1290 2704 primus
1332 2637 1550 2700 Augusti
1569 2635 1735 2704 juxta

196 2706 630 2773 supputationem
655 2704 864 2756 Eusebii
918 2706 963 2757 is
988 2703 1098 2768 est,
1129 2720 1232 2771 quo
1258 2705 1458 2757 Hirtius
1488 2713 1543 2756 et.
1567 2703 1734 2758 Pansa

218 2774 452 2825 consules
497 2772 728 2827 fuerunt.
763 2774 994 2826 Proinde
1043 2775 1305 2826 secundus
1346 2785 1400 2825 et
1445 2773 1736 2840 quadrage-

217 2843 374 2893 simus
398 2843 616 2908 Augusti
662 2858 833 2894 annus
864 2843 1004 2895 cadit
1038 2843 1088 2894 in
1123 2843 1455 2894 consulatum
1501 2841 1734 2907 ejusdem

215 2911 424 2976 Augusti
480 2912 692 2962 tertium
746 2910 1032 2964 decimum.
1090 2910 1212 2963 Haec
1263 2911 1328 2962 de
1378 2924 1515 2963 anno
1571 2911 1735 2964 natali

213 2979 440 3032 Christi-
468 2979 614 3032 Diem
665 2995 790 3033 vero
836 2979 1084 3032 neutrubi
1132 2981 1396 3046 expressit
1452 2979 1730 3032 Eusebius.

213 3049 423 3102 Orosius
452 3051 665 3115 quidem
693 3050 743 3100 in
788 3049 880 3101 lib.
908 3063 997 3111 vn,
1024 3063 1141 3114 cap.
1165 3049 1222 3111 2,
1259 3059 1536 3116 postquam
1583 3047 1729 3118 juxta
1759 3059 1802 3118 ο

213 3117 514 3170 sententiam
556 3118 802 3180 Eusebii,
841 3132 995 3184 quem
1039 3119 1233 3185 ubique
1278 3119 1538 3184 sequitur,
1575 3117 1730 3169 Chri-

213 3197 340 3239 suim
381 3199 563 3240 natum
600 3201 716 3237 esse
744 3187 878 3238 dixit
915 3200 1052 3238 anno
1085 3186 1292 3253 imperii
1323 3187 1548 3252 Augusti
1590 3201 1728 3249 xui,

212 3253 344 3322 addit
367 3256 450 3307 die
485 3270 558 3306 vti
591 3254 854 3308 Kalendas
886 3253 1188 3308 Ianuarias.
1221 3255 1328 3308 Nec
1363 3255 1516 3307 aliter
1541 3255 1731 3322 legitur

211 3321 258 3373 in
289 3322 550 3390 veteribus
581 3324 734 3376 fastis
768 3339 900 3387 quos
935 3326 1034 3376 sub
1078 3325 1233 3377 ldacii
1277 3325 1488 3376 nomine
1531 3321 1730 3390 primus

207 3390 364 3459 edidit
400 3389 514 3459 Jac.
544 3391 886 3452 Sirmondus;
924 3391 1127 3458 fuitque
1151 3394 1264 3445 hzec
1294 3389 1586 3444 communis
1615 3393 1730 3459 opi-

211 3458 290 3511 nio
313 3458 666 3511 Occidentalis
691 3460 958 3514 Ecclesiae.
983 3461 1087 3513 Sed
1116 3477 1235 3512 cum
1259 3459 1552 3514 Orientales
1575 3458 1730 3512 aliter

209 3527 493 3588 senserint,
539 3528 810 3583 Christum
840 3529 1042 3581 scilicet
1087 3539 1268 3579 natum
1310 3544 1428 3580 esse
1473 3543 1565 3580 vni
1610 3529 1730 3582 ldus

204 3590 498 3655 Ianuarias,
526 3595 576 3646 in
611 3595 708 3646 hac
733 3610 939 3662 quoque
963 3598 1224 3647 sententia
1252 3597 1532 3650 Eusebium
1562 3597 1725 3649 fuisse

211 3665 412 3716 minime
443 3663 789 3716 dubitandum
817 3672 920 3715 est.
950 3663 1134 3729 Itaque
1169 3677 1232 3714 ex
1264 3669 1524 3716 sententia
1564 3665 1727 3716 Euse-

209 3733 295 3800 bii,
319 3736 517 3800 primus
535 3731 736 3784 Christi
775 3746 945 3784 annus
980 3733 1250 3783 concurrit
1285 3746 1405 3783 cum
1445 3748 1584 3785 anno
1616 3748 1724 3785 xui

209 3799 398 3868 imperii
447 3802 686 3868 Augusti.
738 3800 828 3853 Sic
863 3807 1009 3853 certe
1046 3800 1100 3852 in
1160 3800 1535 3868 vetustissimis
1577 3802 1725 3868 codi—

208 3866 346 3924 cibus
379 3866 660 3924 Eusebiaui
706 3868 970 3931 Chronici,
1001 3868 1288 3926 Acutiauo.
1324 3866 1489 3930 Lipsii
1530 3878 1584 3921 et
1627 3866 1726 3922 0r-

199 3941 306 3992 telii
343 3944 594 4008 scriptum
625 3941 872 4001 habetur,
902 3949 957 3991 ut
999 3947 1221 4008 testatus
1255 3946 1342 4008 est
1380 3934 1607 3988 Miratus.
1635 3937 1724 3989 Sic

208 4009 253 4060 iu
294 4005 653 4078 antiquissima
699 4010 928 4062 editione
970 4005 1367 4078 Mediolanensi,
1392 4018 1572 4078 quam
1602 4017 1722 4078 _nec

207 4073 434 4146 Scaliger:
464 4094 562 4131 nec
607 4079 870 4130 Pontacus
915 4079 1182 4134 viderunt.
1216 4074 1349 4128 Male
1391 4074 1462 4146 ἰιιΔ
1488 4073 1724 4126 editione

208 4143 446 4215 Scaligeri
491 4149 694 4215 primus
749 4147 946 4200 Christi
992 4160 1164 4198 anuus
1220 4143 1558 4212 componitur
1601 4155 1720 4215 cum

208 4212 506 4270 anitovxuti
543 4217 788 4285 Augusti,
814 4226 996 4285 contra
1046 4215 1199 4285 (idem
1234 4217 1548 4281 scriptorum
1578 4212 1723 4285 codi-

209 4301 338 4354 sum,
385 4280 854 4354 adeoque'contr'a
905 4285 1068 4354 ipsius
1117 4280 1355 4354 Eusebiii
1383 4282 1718 4354 sententiam.

209 4351 398 4404 Etenim
439 4350 696 4407 Eusebius
732 4355 781 4403 in
817 4355 918 4404 line
958 4353 1048 4404 lib.
1077 4367 1148 4404 vn
1190 4353 1269 4404 ait
1307 4350 1582 4404 historiam
1629 4364 1718 4401 ec-

209 4413 526 4475 rlesiasticie"
545 4422 903 4475 successionis
930 4434 958 4471 a
997 4435 1054 4473 se
1087 4422 1464 4488 conscriptam,
1499 4434 1529 4470 a
1553 4418 1718 4470 natali

207 4491 386 4543 Christi
427 4494 490 4543 ad
531 4506 699 4558 usque
737 4490 1134 4542 subversionem
1178 4489 1549 4552 Ecclesiarum,
1576 4503 1721 4558 com-

206 4558 344 4623 plecti
383 4576 549 4614 annos
572 4557 805 4627 quinque
837 4572 899 4610 ac
939 4567 1224 4627 trecentos.
1250 4558 1409 4625 Atqui
1441 4559 1483 4608 si
1518 4557 1723 4624 primus

206 4628 385 4679 Christi
425 4624 685 4680 annus—ab
721 4624 862 4679 anno
893 4640 1021 4678 mu
1062 4624 1284 4693 Augusti
1329 4624 1558 4682 ducitur.
1601 4628 1723 4678 inde

209 4698 263 4746 ad
297 4711 378 4748 χιι
417 4697 725 4750 Diocletiani
760 4710 957 4747 annum
995 4710 1102 4762 quo
1145 4696 1430 4747 destructa:
1467 4705 1591 4747 sunt
1632 4695 1726 4747 Ec-

210 4763 387 4833 clesiae,
410 4777 638 4833 quatuor
675 4774 874 4816 tantum
911 4779 974 4817 ac
1012 4765 1237 4815 trecenti
1272 4773 1393 4827 sunt
1430 4764 1578 4817 anni.
1623 4764 1723 4816 Ve-

211 4832 462 4903 rissimuiii
506 4836 668 4903 igitur
707 4843 817 4897 est,
861 4833 998 4901 quod
1046 4848 1203 4898 supra
1246 4835 1388 4896 dixi,
1439 4833 1720 4886 Eusebium

211 4899 397 4966 initium
425 4899 684 4955 annorum
710 4899 906 4956 Christi
936 4915 1074 4954 anno
1103 4915 1206 4953 xm
1239 4904 1493 4966 Augusti,
1545 4917 1723 4955 mense

209 4962 446 5023 Januario
513 4973 878 5025 collocavisse.
911 4967 1017 5022 'Et
1086 4971 1162 5038 si_c
1230 4962 1559 5038 Epiphanius
1621 4971 1719 5023 ad-

209 5047 374 5112 versus
405 5040 648 5093 heresim
691 5040 977 5112 Alogurum
1015 5054 1080 5093 ex
1112 5035 1634 5105 Eusebii'Chrunico,
1666 5049 1722 5091 ut

208 5115 391 5167 opinor.
709 5145 716 5160 .
1049 5160 1053 5164 ι
1187 5148 1192 5152 -

266 5170 364 5250 (72)
398 5179 695 5250 Κυρηνίου
741 5178 1196 5250 ἡγεμονεύοντος
1233 5173 1643 5250 τῆς-Συρίας..
1665 5177 1720 5230 Id

210 5249 296 5319 εει,
323 5257 432 5319 cum
457 5244 711 5319 Quirinus
740 5244 934 5317 leuatus
960 5257 1090 5300 esset
1132 5244 1580 5319 Syriw.-i_.egatos
1606 5246 1721 5319 Cae—

209 5315 324 5381 saris
345 5315 432 5378 qui
455 5317 505 5365 in
539 5315 845 5381 provincias
871 5319 1236 5378 mittebantur,
1271 5316 1443 5367 civilia
1477 5318 1632 5368 simul
1665 5322 1721 5367 et

211 5377 442 5454 militaria
471 5377 890 5454 recturi,iGrzeci
934 5388 1047 5440 fere
1091 5383 1357 5454 ἡγεμόνας
1398 5393 1608 5438 V0031!“-
1632 5385 1719 5454 Ha

212 5445 381 5508 Strabo
423 5450 482 5504 in
507 5450 616 5505 ﬁne
657 5445 750 5512 lib.
799 5471 929 5521 xvn,
975 5457 1068 5509 Dio
1113 5445 1544 5524 Chi-ysostomus,
1595 5452 1719 5505 alii-

214 5530 316 5571 uue.

226 5533 366 5665 :uf'i3)
404 5588 621 5656 Ταύτης
649 5587 718 5642 δὲ
739 5587 849 5665 τῇς
878 5593 1024 5665 {card
1048 5594 1341 5665 Κυρήνιον
1375 5587 1718 5665 ἀπογραφῆς

223 5653 470 5724 Ἰώσηπος
489 5653 858 5728 μνέημονεύὲι.
877 5653 1144 5729 Josephus
1161 5653 1368 5730 quidem
1397 5653 1717 5714 utetiiiouein

1790 1744 1828 1797 Β

1875 515 1969 565 rali
1998 514 2302 567 Servatoris
2351 517 2518 566 nostri
2568 517 2872 579 pra'sentia,
2904 527 3150 583 tanquam
3188 521 3398 574 itineris

1871 606 2034 657 nostri
2057 621 2326 658 sumamus
2371 606 2598 660 initium.
2667 605 2874 659 Patrem
2912 608 3062 660 Verbi
3099 608 3279 671 Deum,
3315 612 3392 677 ip-

1868 704 2092 761 sumque
2127 695 2191 747 de
2226 710 2332 764 quo
2369 696 2599 763 agimus,
2641 693 2820 748 Jesum
2868 696 3159 759 Christum,
3207 699 3390 751 Domi-

1867 799 1992 836 num
2021 800 2082 838 ac
2112 785 2454 842 Senatorem
2491 802 2752 854 nostrum,
2780 791 2997 843 cmteste
3031 792 3118 845 Dei
3163 792 3388 848 Verbum

1866 875 2116 939 precibus
2150 876 2481 946 invocantes,
2512 890 2570 934 ut
2595 883 2659 933 ad
2701 883 3119 949 prosequendum
3150 883 3392 935 ordinem

1863 963 2110 1016 veritatis
2144 966 2440 1022 auxiliator
2480 970 2631 1023 nobis
2663 981 2825 1040 atque
2853 972 3062 1036 adjutor
3081 973 3167 1025 sit.
3202 971 3389 1025 Aunus

1813 1059 1823 1065 ‘
1856 1052 1966 1118 jam
1992 1052 2249 1122 agebatur
2282 1058 2549 1112 secundus
2597 1071 2651 1113 et
2697 1062 3138 1130 quadragesimus
3182 1062 3387 1129 imperii

1859 1147 2107 1216 Augusti,
2145 1157 2189 1199 a‘
2235 1151 2454 1205 subacta
2494 1162 2671 1205 autem
2728 1152 2978 1223 Egypto,
3004 1163 3058 1206 et
3084 1155 3150 1206 ab
3174 1153 3388 1205 interitu

1859 1238 2076 1292 Antonii
2127 1243 2180 1290 et
2220 1236 2538 1306 Cleopatrae,
2591 1241 2642 1292 in
2707 1257 2810 1308 qua
2870 1241 3268 1295 Ptolemaeorum
3331 1243 3384 1294 in

1858 1326 2104 1397 Egypto'
2136 1328 2426 1381 dominatio
2475 1328 2653 1392 desiit,
2707 1338 2927 1382 octavus
2973 1346 3036 1382 ac
3062 1331 3385 1384 vicesimus:

1859 1433 1976 1471 cum
2024 1416 2279 1470 Senator
2324 1428 2378 1470 et
2428 1418 2682 1473 Dominus
2733 1427 2912 1473 noster
2965 1418 3121 1472 Jesus
3145 1418 3386 1471 Christus

1859 1508 2031 1574 prima
2066 1508 2156 1560 illa
2189 1509 2547 1574 descriptione
2579 1523 2774 1562 census
2801 1523 2918 1575 quae
2946 1509 3083 1562 facta
3134 1518 3216 1562 est
3255 1509 3382 1574 Qui-

1857 1596 1996 1650 rinio
2024 1595 2193 1666 Syriae
2221 1598 2562 1664 praesidente,
2593 1598 2884 1650 secundum
2917 1599 3293 1666 prophetarum
3322 1599 3385 1650 de

1861 1686 1948 1739 illo
1976 1688 2253 1748 vaticinia,
2287 1691 2337 1739 in
2366 1685 2672 1741 Bethlehem
2715 1687 2907 1743 Iudaea!
2939 1697 3094 1742 natus
3125 1699 3223 1742 est.
3273 1687 3380 1739 Hu-

1851 1773 1938 1842 jus
1987 1791 2156 1843 porro
2191 1775 2564 1842 descriptionis
2604 1791 2722 1844 qua:
2767 1774 2992 1840 Quirinii
3057 1776 3382 1842 temporibus

1856 1862 1994 1916 facta
2045 1863 2578 1930 est,_celeherrimus
2610 1863 2746 1929 apud
2791 1862 3001 1917 Judaeos
3043 1865 3377 1916 historiarum

1850 1953 2082 2019 scriptor
2111 1952 2326 2006 Flavius
2371 1951 2636 2019 Josephus
2669 1955 2994 2008 mentionem
3021 1955 3145 2006 facit
3175 1972 3188 2005 :
3217 1954 3375 2005 aliam

1849 2056 2058 2108 quoque
2115 2042 2472 2093 narrationem
2517 2043 2583 2095 de
2641 2042 2980 2095 Galilaeorum
3044 2051 3207 2104 secta,
3257 2056 3375 2108 quas

1847 2133 2034 2184 iisdem
2073 2133 2398 2200 temporibus
2429 2134 2648 2186 emersit
2690 2133 2866 2185 statim
2916 2132 3274 2196 subnectens;
3310 2132 3375 2182 de

1847 2236 1948 2291 qua
1982 2232 2160 2275 noster
2192 2223 2354 2276 etiam
2405 2221 2573 2278 Lucas
2603 2224 2655 2277 in
2683 2224 2903 2277 Actibus
2938 2221 3294 2288 apostolorum
3326 2221 3369 2250 ἰ

1849 2428 1973 2484 facit
1994 2430 2362 2499 descriptionis
2375 2430 2515 2484 illius
2532 2445 2648 2498 quae
2665 2445 2692 2482 a
2711 2428 2947 2494 Quirinio
2966 2426 3097 2499 facta
3113 2425 3367 2499 est_in§y.

1848 2501 1921 2551 ria
1947 2514 2008 2552 ac
2029 2495 2206 2552 Judaia
2230 2503 2405 2553 statim
2437 2495 2562 2567 post
2582 2499 2950 2565 relegationem
2975 2495 3234 2567 Archelai.
3260 2495 3367 2567 Sed

1845 2569 1996 2634 hujus
2041 2570 2360 2637 scriptionis,
2387 2564 2542 2635 quam
2574 2564 2744 2620 Lucas
2774 2577 3024 2637 regnante
3049 2565 3236 2637 adhuc
3260 2564 3363 2637 lie-

1843 2633 1967 2690 rode
1995 2633 2187 2690 factam
2216 2653 2333 2690 esse
2357 2633 2451 2701 ait,
2479 2653 2580 2690 non
2610 2638 2870 2690 meminit.
2895 2636 2970 2687 Ac
2995 2633 3120 2686 mihi
3153 2634 3359 2697 quidem

1841 2707 2051 2759 videtur
2079 2709 2297 2760 erroriu
2329 2717 2527 2758 textum
2570 2708 2722 2760 Lucae
2757 2706 3034 2773 irrepsisse
3062 2704 3110 2753 iu
3140 2701 3360 2766 Quirinii

1842 2776 2073 2837 nomine,
2102 2784 2155 2827 et
2183 2791 2279 2843 pro
2305 2776 2544 2840 Quirinio
2575 2776 2956 2828 restituendum
2977 2841 2983 2843 _
3003 2785 3140 2843 esse
3167 2785 3354 2843 nomen

1842 2845 2010 2897 Sentii
2064 2841 2354 2896 Saturnini.
2393 2845 2488 2897 Hic
2517 2846 2657 2896 enim
2690 2857 2884 2910 praeses
2915 2841 3044 2910 fuit!
3063 2841 3358 2910 subiinem

1843 2915 1990 2980 regni
2044 2912 2267 2966 Herodis
2317 2923 2453 2967 teste
2508 2908 2758 2980 Josepbo.
2801 2913 2957 2964 Certe
3007 2908 3359 2980 Tertulliauus

1845 2976 2033 3037 iu'lib.
2063 2997 2135 3044 tv,
2167 2985 2411 3035 adversus
2457 2976 2793 3043 Marcionem,
2841 2979 3125 3049 ceusnsmiu
3178 2976 3356 3028 Judwa

1833 3061 1983 3104 actos
2015 3051 2204 3105 scribit
2237 3066 2332 3118 per
2361 3052 2604 3103 Sentium
2632 3049 3004 3118 Saturninum.
3034 3046 3108 3118 ΕΞ
3138 3060 3241 3112 quo
3264 3059 3357 3118 ap-

1834 3128 2004 3182 paret,
2037 3115 2348 3174 Tertulliani
2400 3129 2636 3185 tempore
2683 3121 2938 3185 quosdam
2987 3117 3040 3167 in
3072 3115 3355 3185 Evangelia

1832 3188 1987 3241 Luca:
2038 3203 2136 3258 pro
2162 3190 2405 3253 Quirinio
2452 3184 2803 3258 saturninum
2853 3186 3066 3258 legisse.
3099 3184 3358 3258 Cgetermn

1832 3251 2140 3311 mirum-est
2185 3251 2326 3310 hanc
2357 3258 2582 3323 primam
2627 3251 3042 3323 descriptionem
3071 3267 3098 3302 a
3128 3251 3354 3323 Josepbo

1831 3321 2476 3399 praeterm-issam_fuisse,’
2499 3327 2586 3392 qui
2616 3335 2790 3377 tamen
2809 3321 3011 3391 patria:
3037 3330 3142 3399 sua:
3185 3321 3352 3399 histo-

1831 3396 1967 3446 riam
2003 3404 2149 3447 tanta
2182 3395 2454 3462 diligentia
2489 3404 2797 3462 persecutus
2847 3401 2946 3455 est,
2990 3401 3053 3462 ut
3085 3397 3137 3462 et
3169 3395 3350 3462 praesi-

1828 3463 1921 3516 des
1953 3463 2121 3533 Syriae
2148 3456 2335 3517 omnés
2363 3456 2712 3533 recensuerit.
2748 3460 2876 3513 Nam
2904 3459 3222 3533 et-Sentium
3256 3456 3354 3533 Sa-

1831 3525 2096 3584 turninum
2126 3541 2526 3595 commemorat,
2554 3531 2774 3598 ejusque
2796 3543 3158 3598 successorem
3185 3525 3351 3598 Quin-

1829 3599 1999 3651 tilium
2032 3600 2253 3653 Varum.
2280 3599 2405 3653 Haec
2437 3593 2556 3652 cuin
2581 3593 2919 3665 intelligeret
2950 3595 3244 3665 Eusebius,
3272 3593 3351 3645 sie

1827 3669 2064 3720 censuit:
2093 3684 2251 3720 unam
2285 3669 2630 3732 eamdemque
2656 3664 3348 3732 esse’descriptionem,_cu-

1821 3733 1908 3800 jus
1937 3736 2104 3788 Lucas
2129 3746 2183 3787 et
2213 3736 2474 3802 Iosephus
2503 3728 2913 3802 meminissent,
2943 3728 3349 3802 sedlosephum

1825 3795 1937 3872 ialli
1967 3805 2056 3869 qui
2085 3819 2200 3854 eam
2231 3795 2644 3872 descriptionem
2683 3812 2805 3872 post
2843 3800 3214 3872 relegationem
3231 3795 3348 3872 Ar-

1824 3865 2001 3922 chelai
2033 3871 2318 3937 contigisse
2363 3865 2642 3921 scriberet.
2681 3865 2860 3936 itaque
2907 3865 3042 3937 idem
3081 3865 3347 3937 Eusebius

1826 3941 1878 3989 in
1914 3932 2206 3999 Chronico:
2227 3937 2505 3989 tumultum
2544 3939 2687 3988 illum
2718 3932 2864 3990 ,Ιιιίιω
2891 3935 3114 3995 Galilzei,
3143 3932 3230 3999 qui
3265 3933 3346 3984 de-

1823 4005 2163 4072 scriptionem
2189 4005 2327 4058 illam
2355 4020 2384 4055 a
2415 4006 2662 4069 Quirinio
2689 4007 2882 4057 factam
2909 4007 3220 4056 subsecutus
3241 4009 3341 4058 est.

1823 4076 1922 4125 sub
1967 4082 2140 4126 ortum
2186 4073 2382 4126 Christi
2430 4082 2483 4126 et
2531 4085 2768 4126 extrema
2826 4072 3052 4126 Herodis
3104 4081 3345 4136 tempora

1823 4142 2065 4195 collocat.
2098 4141 2277 4209 Neque
2309 4142 2451 4196 enim
2485 4143 2618 4194 adeo
2647 4143 2888 4208 stupidus
2920 4140 3019 4192 fuit
3065 4138 3344 4201 Eusebius,

1823 4224 1879 4263 ut
1909 4226 2012 4264 non
2047 4213 2250 4265 videret
2277 4211 2472 4264 Lucam
2516 4221 2571 4263 et
2613 4209 2900 4278 Josephum
2936 4211 2987 4262 in
3030 4209 3345 4274 assignando

1825 4280 2200 4348 descriptionis
2254 4290 2492 4349 tempore
2540 4281 2679 4334 inter
2714 4295 2770 4334 se
2799 4279 3097 4333 dissentire.
3140 4279 3343 4349 Quippe

1827 4351 1876 4402 id
1907 4345 2120 4418 patebat
2150 4349 2309 4402 etiam
2334 4345 2496 4402 caeco.
2539 4349 2642 4404 Sed
2677 4352 2725 4402 in
2766 4351 2868 4402 hac
2897 4345 3342 4418 dissonantia,_ob

1827 4410 2094 4487 Evangelii
2122 4420 2470 4471 reverentiam
2505 4417 2697 4472 Lucam
2745 4419 2894 4486 sequi
2940 4415 3142 4479 maluit,
3177 4410 3343 4487 etJo-

1823 4482 2162 4560 sephdtidem
2194 4491 2472 4556 abrogare.
2503 4491 2629 4553 Quae
2645 4482 2855 4557 quidem
2884 4490 3145 4560 sententia
3167 4482 3342 4560 _longe

1823 4551 2151 4611 commodior
2186 4567 2266 4610 est
2297 4551 2354 4609 ei
2373 4551 2692 4624 expeditior,
2742 4571 2900 4624 quam
2938 4555 3020 4606 illa
3060 4551 3335 4624 Scaligeri,

1822 4629 1912 4694 qui
1977 4627 2110 4679 duas
2179 4626 2343 4698 fuisse
2382 4622 2576 4698 censet
2646 4622 2870 4698 Judieze
2906 4622 3338 4698 descriptiones;

1823 4687 2105 4762 utramque
2128 4710 2157 4746 a
2191 4695 2433 4760 Quirinio
2467 4699 2675 4747 factam.
2720 4695 2823 4748 Sed
2860 4695 2907 4744 in
2943 4687 3337 4762 hacHScaﬁligeri

1822 4755 2083 4816 sententia
2111 4755 2271 4815 mulia
2295 4773 2786 4831 occurruntparum
2812 4760 3137 4831 verisimilia.
3162 4755 3336 4806 Primo

1821 4833 1960 4884 enim
1991 4832 2288 4895 Quirinium
2321 4832 2401 4884 bis
2429 4827 2646 4884 missuiu
2679 4831 2843 4884 fuisse
2875 4836 3082 4896 oportet
3106 4827 3333 4888 legatum

1823 4901 1874 4950 in
1909 4898 2116 4968 Syriam
2142 4916 2156 4963 ;
2189 4901 2267 4951 bis
2299 4902 2367 4952 ad
2398 4903 2635 4953 eamdem
2675 4916 2804 4960 rem,
2836 4897 3078 4951 videlicet
3102 4899 3174 4968 ad
3204 4904 3335 4968 cen-

1818 4983 1909 5048 sus
1932 4962 2161 5048 agendos
2190 4970 2456 5048 {primum
2488 4971 2697 5048 quidem
2721 4971 2863 5022 circa
2894 4975 3063 5044 ortum
3094 4962 3330 5048 Christi:

1820 5027 2165 5105 deindevero
2197 5027 2381 5090 decem
2409 5027 2628 5092 circiter
2674 5047 2791 5105 post
2831 5035 3002 5095 annis,
3034 5045 3149 5105 cum
3202 5027 3334 5105 rele-

1818 5113 1972 5170 gatus
2004 5104 2190 5157 fuisset
2215 5098 2730 5173 ArchelausAtq'ui
2773 5117 2872 5173 non
2915 5098 3333 5173 est_prohab_iie,

1819 5168 2060 5245 eumdem
2096 5175 2364 5245 hominem
2411 5177 2492 5245 bis
2525 5168 2928 5245 niissumiuisse
2943 5168 3030 5245 .ad.
3049 5168 3333 5245 regendam

1817 5243 2171 5308 provinciam.
2233 5243 2388 5298 Certe
2419 5244 2678 5308 Josephus
2721 5237 3154 5308 diligentissimus
3201 5237 3336 5289 scri-

1814 5302 1954 5376 ptor,
1980 5323 2099 5362 cum
2120 5312 2343 5376 Quirinii
2374 5302 2652 5366 'adveuium
2679 5309 2728 5360 in
2757 5302 2963 5376 Syriam
2998 5320 3061 5376 ac
3095 5302 3332 5376 Judaaam

1817 5368 2017 5441 narrat,
2043 5368 2164 5432 eum
2185 5381 2294 5447 jam
2317 5393 2472 5435 antea
2501 5385 2551 5432 tn
2575 5368 3032 5447 Syriam‘veuisse’
3045 5391 3151 5428 non
3181 5375 3330 5447 dicit,

1816 5459 1916 5517 nec
1946 5445 2357 5517 descriptionem
2380 5459 2469 5502 aut
2491 5449 2556 5498 ab
2589 5446 2694 5509 illo,
2725 5451 2818 5495 aut
2846 5445 3049 5517 a__b_alio
3081 5445 3330 5517 quopiam

1817 5513 2056 5586 immane
2079 5512 2255 5583 judice
2287 5521 2398 5586 jam‘
2431 5523 2586 5586 antea
2614 5517 2830 5586 tactam
2867 5514 3048 5586 fuisse.
3095 5512 3332 5576 quod-si

1811 5583 1918 5649 jam
1963 5585 2102 5638 facta
2158 5583 2335 5639 fuerat
2378 5583 2680 5651 descriptio,
2739 5595 2836 5634 cur
2909 5584 3096 5635 iterum
3142 5587 3210 5651 tit
3241 5594 3331 5647 per

1815 5658 2058 5712 eumdem
2088 5654 2301 5712 virum?
2346 5653 2478 5712 Nam
2507 5649 2727 5709 si'rccte
2754 5663 2810 5708 et
2835 5654 2952 5708 siue
2987 5653 3172 5706 ira-ide
3195 5649 3330 5703 iactu
