  <div class='ocr_page' id='page_1' title='image "/cluster/home/n/w/nwhite01/storage/ocr_20150623/20/pst.000005712052/051.png"; bbox 0 0 3978 6342; ppageno 0'>
   <div class='ocr_carea' id='block_1_1' title="bbox 588 336 2103 397">
    <p class='ocr_par' dir='ltr' id='par_1_1' title="bbox 588 336 2103 397">
     <span class='ocr_line' id='line_1_1' title="bbox 588 336 2103 397; baseline -0.005 0"><span class='ocrx_word' id='word_1_1' title='bbox 588 342 655 397; x_wconf 86' lang='grc'>87</span> <span class='ocrx_word' id='word_1_2' title='bbox 1277 338 1552 397; x_wconf 60' lang='grc' dir='ltr'><strong>ΙΞΞΙᾸΞΕΒΙΙΔ</strong></span> <span class='ocrx_word' id='word_1_3' title='bbox 1578 336 2052 393; x_wconf 69' lang='grc' dir='ltr'><strong>ΕΑΞΞΔΒΙΕΝδΙὸ</strong></span> <span class='ocrx_word' id='word_1_4' title='bbox 2089 339 2103 390; x_wconf 73' lang='grc'><strong>1</strong></span> 
     </span>
    </p>
   </div>
   <div class='ocr_carea' id='block_1_2' title="bbox 2206 336 3760 397">
    <p class='ocr_par' dir='ltr' id='par_1_2' title="bbox 2206 338 3760 394">
     <span class='ocr_line' id='line_1_2' title="bbox 2206 338 3760 394; baseline 0.002 -5"><span class='ocrx_word' id='word_1_5' title='bbox 2206 340 2237 389; x_wconf 79' lang='grc'>’.</span> <span class='ocrx_word' id='word_1_6' title='bbox 2279 339 2454 394; x_wconf 80' lang='lat' dir='ltr'><strong>PARS</strong></span> <span class='ocrx_word' id='word_1_7' title='bbox 2492 340 2531 394; x_wconf 88' lang='grc'>1.</span> <span class='ocrx_word' id='word_1_8' title='bbox 2572 370 2637 378; x_wconf 87' lang='lat'><strong>——</strong></span> <span class='ocrx_word' id='word_1_9' title='bbox 2676 338 3051 393; x_wconf 75' lang='lat' dir='ltr'><strong>Hl‘STORlCA.</strong></span> <span class='ocrx_word' id='word_1_10' title='bbox 3693 338 3760 392; x_wconf 82' lang='grc'><strong>88</strong></span> 
     </span>
    </p>
   </div>
   <div class='ocr_carea' id='block_1_3' title="bbox 585 437 2103 532">
    <p class='ocr_par' dir='ltr' id='par_1_3' title="bbox 585 452 2103 526">
     <span class='ocr_line' id='line_1_3' title="bbox 585 452 2103 526; baseline -0.001 -17"><span class='ocrx_word' id='word_1_11' title='bbox 585 459 693 510; x_wconf 81' lang='lat' dir='ltr'><strong>tius</strong></span> <span class='ocrx_word' id='word_1_12' title='bbox 722 456 877 521; x_wconf 72' lang='lat' dir='ltr'><strong>vixit,</strong></span> <span class='ocrx_word' id='word_1_13' title='bbox 910 470 974 511; x_wconf 91' lang='lat' dir='ltr'><strong>eo</strong></span> <span class='ocrx_word' id='word_1_14' title='bbox 1006 456 1146 526; x_wconf 89' lang='lat' dir='ltr'><strong>quod</strong></span> <span class='ocrx_word' id='word_1_15' title='bbox 1192 463 1345 525; x_wconf 83' lang='lat' dir='ltr'><strong>paler</strong></span> <span class='ocrx_word' id='word_1_16' title='bbox 1392 452 1489 521; x_wconf 79' lang='lat' dir='ltr'><strong>prb</strong></span> <span class='ocrx_word' id='word_1_17' title='bbox 1538 455 1901 523; x_wconf 74' lang='lat' dir='ltr'><strong>redemptione</strong></span> <span class='ocrx_word' id='word_1_18' title='bbox 1954 454 2103 523; x_wconf 83' lang='lat' dir='ltr'><strong>ipsiu:</strong></span> 
     </span>
    </p>
   </div>
   <div class='ocr_carea' id='block_1_4' title="bbox 2206 437 3751 532">
    <p class='ocr_par' dir='ltr' id='par_1_4' title="bbox 2222 437 3751 532">
     <span class='ocr_line' id='line_1_4' title="bbox 2222 437 3751 532; baseline 0.008 -29"><span class='ocrx_word' id='word_1_19' title='bbox 2222 453 2444 516; x_wconf 87' lang='grc' dir='ltr'>ἐκείνοις</span> <span class='ocrx_word' id='word_1_20' title='bbox 2599 453 2685 505; x_wconf 84' lang='grc' dir='ltr'>διὰ</span> <span class='ocrx_word' id='word_1_21' title='bbox 2716 454 2774 505; x_wconf 83' lang='grc' dir='ltr'><strong>τὸ</strong></span> <span class='ocrx_word' id='word_1_22' title='bbox 2806 455 2878 524; x_wconf 86' lang='grc' dir='ltr'>μὴ</span> <span class='ocrx_word' id='word_1_23' title='bbox 2914 454 3164 507; x_wconf 85' lang='grc' dir='ltr'>δύνασθαι</span> <span class='ocrx_word' id='word_1_24' title='bbox 3203 455 3292 509; x_wconf 82' lang='grc' dir='ltr'><strong>τὸν</strong></span> <span class='ocrx_word' id='word_1_25' title='bbox 3324 455 3527 527; x_wconf 70' lang='grc' dir='ltr'>πατέρα</span> <span class='ocrx_word' id='word_1_26' title='bbox 3548 460 3751 532; x_wconf 75' lang='grc' dir='ltr'>πένητα</span> 
     </span>
    </p>
   </div>
   <div class='ocr_carea' id='block_1_5' title="bbox 580 542 2103 619">
    <p class='ocr_par' dir='ltr' id='par_1_5' title="bbox 580 544 2103 616">
     <span class='ocr_line' id='line_1_5' title="bbox 580 544 2103 616; baseline -0.001 -18"><span class='ocrx_word' id='word_1_27' title='bbox 580 546 811 616; x_wconf 84' lang='lat' dir='ltr'><strong>pretium</strong></span> <span class='ocrx_word' id='word_1_28' title='bbox 846 546 1053 601; x_wconf 80' lang='lat' dir='ltr'><strong>solvere</strong></span> <span class='ocrx_word' id='word_1_29' title='bbox 1101 561 1212 616; x_wconf 75' lang='lat' dir='ltr'><strong>pra:</strong></span> <span class='ocrx_word' id='word_1_30' title='bbox 1255 546 1432 614; x_wconf 86' lang='lat' dir='ltr'><strong>inopia</strong></span> <span class='ocrx_word' id='word_1_31' title='bbox 1476 560 1581 600; x_wconf 89' lang='lat' dir='ltr'><strong>non</strong></span> <span class='ocrx_word' id='word_1_32' title='bbox 1615 545 1836 599; x_wconf 89' lang='lat' dir='ltr'><strong>valeret.</strong></span> <span class='ocrx_word' id='word_1_33' title='bbox 1888 544 2103 599; x_wconf 74' lang='lat' dir='ltr'><strong>Moribu:</strong></span> 
     </span>
    </p>
   </div>
   <div class='ocr_carea' id='block_1_6' title="bbox 2206 542 3761 619">
    <p class='ocr_par' dir='ltr' id='par_1_6' title="bbox 2221 542 3761 619">
     <span class='ocr_line' id='line_1_6' title="bbox 2221 542 3761 619; baseline 0.005 -25"><span class='ocrx_word' id='word_1_34' title='bbox 2221 543 2349 594; x_wconf 74' lang='grc' dir='ltr'>ὄντα</span> <span class='ocrx_word' id='word_1_35' title='bbox 2374 542 2484 611; x_wconf 74' lang='grc'>(82)</span> <span class='ocrx_word' id='word_1_36' title='bbox 2513 544 2681 614; x_wconf 84' lang='grc' dir='ltr'>λύτρα</span> <span class='ocrx_word' id='word_1_37' title='bbox 2707 544 3033 597; x_wconf 80' lang='grc' dir='ltr'>καταθέσθαι</span> <span class='ocrx_word' id='word_1_38' title='bbox 3058 546 3194 617; x_wconf 82' lang='grc' dir='ltr'>ὑπὲρ</span> <span class='ocrx_word' id='word_1_39' title='bbox 3222 547 3402 599; x_wconf 81' lang='grc' dir='ltr'>αὐτοῦ.</span> <span class='ocrx_word' id='word_1_40' title='bbox 3449 548 3761 619; x_wconf 81' lang='grc' dir='ltr'>Ἐντραφεὶς</span> 
     </span>
    </p>
   </div>
   <div class='ocr_carea' id='block_1_7' title="bbox 582 632 2119 709">
    <p class='ocr_par' dir='ltr' id='par_1_7' title="bbox 582 632 2119 709">
     <span class='ocr_line' id='line_1_7' title="bbox 582 632 2119 709; baseline -0.003 -16"><span class='ocrx_word' id='word_1_41' title='bbox 582 640 747 708; x_wconf 88' lang='lat' dir='ltr'><strong>igitur</strong></span> <span class='ocrx_word' id='word_1_42' title='bbox 786 640 1155 709; x_wconf 78' lang='lat' dir='ltr'><strong>institutisque</strong></span> <span class='ocrx_word' id='word_1_43' title='bbox 1199 653 1385 694; x_wconf 91' lang='lat' dir='ltr'><strong>eorum</strong></span> <span class='ocrx_word' id='word_1_44' title='bbox 1438 632 1752 702; x_wconf 86' lang='lat' dir='ltr'><strong>innutritus,</strong></span> <span class='ocrx_word' id='word_1_45' title='bbox 1809 637 2021 691; x_wconf 81' lang='lat' dir='ltr'><strong>tandem</strong></span> <span class='ocrx_word' id='word_1_46' title='bbox 2069 638 2119 691; x_wconf 91' lang='lat' dir='ltr'><strong>in</strong></span> 
     </span>
    </p>
   </div>
   <div class='ocr_carea' id='block_1_8' title="bbox 582 726 2121 783">
    <p class='ocr_par' dir='ltr' id='par_1_8' title="bbox 582 726 2121 783">
     <span class='ocr_line' id='line_1_8' title="bbox 582 726 2121 783; baseline -0.001 -3"><span class='ocrx_word' id='word_1_47' title='bbox 582 727 824 782; x_wconf 86' lang='lat' dir='ltr'><strong>notitiam</strong></span> <span class='ocrx_word' id='word_1_48' title='bbox 861 726 1083 783; x_wconf 89' lang='lat' dir='ltr'><strong>Hircani</strong></span> <span class='ocrx_word' id='word_1_49' title='bbox 1110 727 1418 782; x_wconf 69' lang='lat' dir='ltr'><strong>Iudaeorum</strong></span> <span class='ocrx_word' id='word_1_50' title='bbox 1464 726 1759 781; x_wconf 73' lang='lat' dir='ltr'><strong>sacerdoﬁs</strong></span> <span class='ocrx_word' id='word_1_51' title='bbox 1804 726 2121 780; x_wconf 86' lang='lat' dir='ltr'><strong>amicitiam-</strong></span> 
     </span>
    </p>
   </div>
   <div class='ocr_carea' id='block_1_9' title="bbox 579 808 2119 885">
    <p class='ocr_par' dir='ltr' id='par_1_9' title="bbox 579 808 2119 885">
     <span class='ocr_line' id='line_1_9' title="bbox 579 808 2119 885; baseline 0.002 -17"><span class='ocrx_word' id='word_1_52' title='bbox 579 831 683 883; x_wconf 88' lang='lat' dir='ltr'><strong>que</strong></span> <span class='ocrx_word' id='word_1_53' title='bbox 719 818 987 885; x_wconf 83' lang='lat' dir='ltr'><strong>pervenit.</strong></span> <span class='ocrx_word' id='word_1_54' title='bbox 1020 816 1188 883; x_wconf 82' lang='lat' dir='ltr'><strong>Hujus</strong></span> <span class='ocrx_word' id='word_1_55' title='bbox 1220 816 1358 871; x_wconf 83' lang='lat' dir='ltr'><strong>ﬁlius</strong></span> <span class='ocrx_word' id='word_1_56' title='bbox 1390 808 1491 869; x_wconf 76' lang='lat' dir='ltr'><strong>fuit</strong></span> <span class='ocrx_word' id='word_1_57' title='bbox 1524 815 1758 870; x_wconf 90' lang='lat' dir='ltr'><strong>Herodes</strong></span> <span class='ocrx_word' id='word_1_58' title='bbox 1790 812 1963 883; x_wconf 53' lang='lat' dir='ltr'><strong>is&#39;qui</strong></span> <span class='ocrx_word' id='word_1_59' title='bbox 1994 819 2119 871; x_wconf 89' lang='lat' dir='ltr'><strong>Ser-</strong></span> 
     </span>
    </p>
   </div>
   <div class='ocr_carea' id='block_1_10' title="bbox 575 905 2118 975">
    <p class='ocr_par' dir='ltr' id='par_1_10' title="bbox 575 905 2118 975">
     <span class='ocr_line' id='line_1_10' title="bbox 575 905 2118 975; baseline 0.005 -20"><span class='ocrx_word' id='word_1_60' title='bbox 575 908 779 960; x_wconf 76' lang='lat' dir='ltr'><strong>vatoris</strong></span> <span class='ocrx_word' id='word_1_61' title='bbox 828 909 995 960; x_wconf 86' lang='lat' dir='ltr'><strong>nostri</strong></span> <span class='ocrx_word' id='word_1_62' title='bbox 1042 907 1376 975; x_wconf 82' lang='lat' dir='ltr'><strong>temporibus</strong></span> <span class='ocrx_word' id='word_1_63' title='bbox 1402 908 1553 961; x_wconf 87' lang='lat' dir='ltr'><strong>vixit.</strong></span> <span class='ocrx_word' id='word_1_64' title='bbox 1584 905 1763 975; x_wconf 81' lang='lat' dir='ltr'><strong>Itaque</strong></span> <span class='ocrx_word' id='word_1_65' title='bbox 1789 922 1908 961; x_wconf 89' lang='lat' dir='ltr'><strong>cum</strong></span> <span class='ocrx_word' id='word_1_66' title='bbox 1944 906 2118 962; x_wconf 67' lang='lat' dir='ltr'><strong>Judae-</strong></span> 
     </span>
    </p>
   </div>
   <div class='ocr_carea' id='block_1_11' title="bbox 576 995 2118 1062">
    <p class='ocr_par' dir='ltr' id='par_1_11' title="bbox 576 995 2118 1062">
     <span class='ocr_line' id='line_1_11' title="bbox 576 995 2118 1062; baseline 0.004 -17"><span class='ocrx_word' id='word_1_67' title='bbox 576 1010 727 1047; x_wconf 85' lang='lat' dir='ltr'><strong>orum</strong></span> <span class='ocrx_word' id='word_1_68' title='bbox 758 1010 976 1062; x_wconf 86' lang='lat' dir='ltr'><strong>regnum</strong></span> <span class='ocrx_word' id='word_1_69' title='bbox 1016 996 1079 1047; x_wconf 88' lang='lat' dir='ltr'><strong>ad</strong></span> <span class='ocrx_word' id='word_1_70' title='bbox 1120 995 1259 1048; x_wconf 92' lang='lat' dir='ltr'><strong>hunc</strong></span> <span class='ocrx_word' id='word_1_71' title='bbox 1308 995 1567 1050; x_wconf 82' lang='lat' dir='ltr'><strong>Herodem</strong></span> <span class='ocrx_word' id='word_1_72' title='bbox 1629 996 1955 1060; x_wconf 81' lang='lat' dir='ltr'><strong>deveniseet,</strong></span> <span class='ocrx_word' id='word_1_73' title='bbox 2001 1006 2118 1051; x_wconf 85' lang='lat' dir='ltr'><strong>erat</strong></span> 
     </span>
    </p>
   </div>
   <div class='ocr_carea' id='block_1_12' title="bbox 569 1082 2113 1152">
    <p class='ocr_par' dir='ltr' id='par_1_12' title="bbox 569 1082 2113 1152">
     <span class='ocr_line' id='line_1_12' title="bbox 569 1082 2113 1152; baseline 0.001 -18"><span class='ocrx_word' id='word_1_74' title='bbox 569 1082 677 1149; x_wconf 87' lang='lat' dir='ltr'><strong>jam</strong></span> <span class='ocrx_word' id='word_1_75' title='bbox 714 1082 1108 1149; x_wconf 86' lang='lat' dir='ltr'><strong>quodammodo</strong></span> <span class='ocrx_word' id='word_1_76' title='bbox 1133 1097 1229 1151; x_wconf 89' lang='lat' dir='ltr'><strong>pro</strong></span> <span class='ocrx_word' id='word_1_77' title='bbox 1254 1083 1457 1137; x_wconf 85' lang='lat' dir='ltr'><strong>foribus</strong></span> <span class='ocrx_word' id='word_1_78' title='bbox 1487 1084 1725 1152; x_wconf 88' lang='lat' dir='ltr'><strong>gentium</strong></span> <span class='ocrx_word' id='word_1_79' title='bbox 1759 1084 2113 1150; x_wconf 82' lang='lat' dir='ltr'><strong>exspectatio,</strong></span> 
     </span>
    </p>
   </div>
   <div class='ocr_carea' id='block_1_13' title="bbox 573 1172 2113 1240">
    <p class='ocr_par' dir='ltr' id='par_1_13' title="bbox 573 1172 2113 1240">
     <span class='ocr_line' id='line_1_13' title="bbox 573 1172 2113 1240; baseline 0.003 -18"><span class='ocrx_word' id='word_1_80' title='bbox 573 1180 729 1238; x_wconf 88' lang='lat' dir='ltr'><strong>prout</strong></span> <span class='ocrx_word' id='word_1_81' title='bbox 760 1186 788 1223; x_wconf 94' lang='lat' dir='ltr'><strong>a</strong></span> <span class='ocrx_word' id='word_1_82' title='bbox 826 1172 1103 1239; x_wconf 86' lang='lat' dir='ltr'><strong>prophetis</strong></span> <span class='ocrx_word' id='word_1_83' title='bbox 1137 1173 1444 1239; x_wconf 71' lang='lat' dir='ltr'><strong>praedictum</strong></span> <span class='ocrx_word' id='word_1_84' title='bbox 1488 1173 1668 1225; x_wconf 83' lang='lat' dir='ltr'><strong>fuerat</strong></span> <span class='ocrx_word' id='word_1_85' title='bbox 1708 1188 1722 1225; x_wconf 93' lang='lat'><strong>:</strong></span> <span class='ocrx_word' id='word_1_86' title='bbox 1758 1174 1958 1240; x_wconf 89' lang='lat' dir='ltr'><strong>quippe</strong></span> <span class='ocrx_word' id='word_1_87' title='bbox 1992 1189 2113 1227; x_wconf 85' lang='lat' dir='ltr'><strong>cum</strong></span> 
     </span>
    </p>
   </div>
   <div class='ocr_carea' id='block_1_14' title="bbox 570 1258 2113 1329">
    <p class='ocr_par' dir='ltr' id='par_1_14' title="bbox 570 1258 2113 1329">
     <span class='ocr_line' id='line_1_14' title="bbox 570 1258 2113 1329; baseline 0.003 -18"><span class='ocrx_word' id='word_1_88' title='bbox 570 1276 636 1314; x_wconf 81' lang='lat' dir='ltr'><strong>ex</strong></span> <span class='ocrx_word' id='word_1_89' title='bbox 670 1274 733 1314; x_wconf 85' lang='lat' dir='ltr'><strong>eo</strong></span> <span class='ocrx_word' id='word_1_90' title='bbox 764 1271 1009 1329; x_wconf 87' lang='lat' dir='ltr'><strong>tempore</strong></span> <span class='ocrx_word' id='word_1_91' title='bbox 1043 1262 1365 1317; x_wconf 88' lang='lat' dir='ltr'><strong>defecissent</strong></span> <span class='ocrx_word' id='word_1_92' title='bbox 1413 1258 1649 1315; x_wconf 86' lang='lat' dir='ltr'><strong>rectores</strong></span> <span class='ocrx_word' id='word_1_93' title='bbox 1694 1272 1751 1315; x_wconf 91' lang='lat' dir='ltr'><strong>et</strong></span> <span class='ocrx_word' id='word_1_94' title='bbox 1800 1262 1982 1327; x_wconf 85' lang='lat' dir='ltr'><strong>duces,</strong></span> <span class='ocrx_word' id='word_1_95' title='bbox 2024 1262 2113 1329; x_wconf 88' lang='lat' dir='ltr'><strong>qui</strong></span> 
     </span>
    </p>
   </div>
   <div class='ocr_carea' id='block_1_15' title="bbox 564 1351 2113 1422">
    <p class='ocr_par' dir='ltr' id='par_1_15' title="bbox 564 1351 2113 1422">
     <span class='ocr_line' id='line_1_15' title="bbox 564 1351 2113 1422; baseline -0.001 -17"><span class='ocrx_word' id='word_1_96' title='bbox 564 1351 675 1417; x_wconf 77' lang='lat' dir='ltr'><strong>jam</strong></span> <span class='ocrx_word' id='word_1_97' title='bbox 709 1353 829 1404; x_wconf 92' lang='lat' dir='ltr'><strong>inde</strong></span> <span class='ocrx_word' id='word_1_98' title='bbox 850 1353 916 1405; x_wconf 88' lang='lat' dir='ltr'><strong>ab</strong></span> <span class='ocrx_word' id='word_1_99' title='bbox 943 1353 1057 1419; x_wconf 91' lang='lat' dir='ltr'><strong>ipso</strong></span> <span class='ocrx_word' id='word_1_100' title='bbox 1073 1351 1249 1422; x_wconf 84' lang='lat' dir='ltr'><strong>Moyse</strong></span> <span class='ocrx_word' id='word_1_101' title='bbox 1275 1368 1368 1422; x_wconf 90' lang='lat' dir='ltr'><strong>per</strong></span> <span class='ocrx_word' id='word_1_102' title='bbox 1396 1355 1700 1407; x_wconf 88' lang='lat' dir='ltr'><strong>continuam</strong></span> <span class='ocrx_word' id='word_1_103' title='bbox 1718 1353 2113 1408; x_wconf 81' lang='lat' dir='ltr'><strong>successionem</strong></span> 
     </span>
    </p>
   </div>
   <div class='ocr_carea' id='block_1_16' title="bbox 571 1441 2115 1509">
    <p class='ocr_par' dir='ltr' id='par_1_16' title="bbox 571 1441 2115 1509">
     <span class='ocr_line' id='line_1_16' title="bbox 571 1441 2115 1509; baseline -0.001 -16"><span class='ocrx_word' id='word_1_104' title='bbox 571 1441 709 1507; x_wconf 89' lang='lat' dir='ltr'><strong>apud</strong></span> <span class='ocrx_word' id='word_1_105' title='bbox 736 1454 832 1495; x_wconf 88' lang='lat' dir='ltr'><strong>eos</strong></span> <span class='ocrx_word' id='word_1_106' title='bbox 869 1442 1225 1509; x_wconf 88' lang='lat' dir='ltr'><strong>principatum</strong></span> <span class='ocrx_word' id='word_1_107' title='bbox 1262 1452 1566 1496; x_wconf 87' lang='lat' dir='ltr'><strong>tenuerant.</strong></span> <span class='ocrx_word' id='word_1_108' title='bbox 1605 1441 1737 1494; x_wconf 87' lang='lat' dir='ltr'><strong>Nam</strong></span> <span class='ocrx_word' id='word_1_109' title='bbox 1788 1451 1911 1494; x_wconf 90' lang='lat' dir='ltr'><strong>ante</strong></span> <span class='ocrx_word' id='word_1_110' title='bbox 1943 1442 2115 1508; x_wconf 90' lang='lat' dir='ltr'><strong>capti-</strong></span> 
     </span>
    </p>
   </div>
   <div class='ocr_carea' id='block_1_17' title="bbox 565 1532 2113 1605">
    <p class='ocr_par' dir='ltr' id='par_1_17' title="bbox 565 1532 2113 1605">
     <span class='ocr_line' id='line_1_17' title="bbox 565 1532 2113 1605; baseline -0.001 -20"><span class='ocrx_word' id='word_1_111' title='bbox 565 1534 789 1605; x_wconf 86' lang='lat' dir='ltr'><strong>vitatem</strong></span> <span class='ocrx_word' id='word_1_112' title='bbox 841 1533 1076 1600; x_wconf 87' lang='lat' dir='ltr'><strong>quidem,</strong></span> <span class='ocrx_word' id='word_1_113' title='bbox 1106 1542 1159 1586; x_wconf 93' lang='lat' dir='ltr'><strong>et</strong></span> <span class='ocrx_word' id='word_1_114' title='bbox 1206 1534 1516 1601; x_wconf 84' lang='lat' dir='ltr'><strong>priusquam</strong></span> <span class='ocrx_word' id='word_1_115' title='bbox 1566 1532 1888 1601; x_wconf 89' lang='lat' dir='ltr'><strong>Babylonem</strong></span> <span class='ocrx_word' id='word_1_116' title='bbox 1939 1540 2113 1584; x_wconf 87' lang='lat' dir='ltr'><strong>trans-</strong></span> 
     </span>
    </p>
   </div>
   <div class='ocr_carea' id='block_1_18' title="bbox 565 1622 2098 1690">
    <p class='ocr_par' dir='ltr' id='par_1_18' title="bbox 565 1622 2098 1690">
     <span class='ocr_line' id='line_1_18' title="bbox 565 1622 2098 1690; baseline -0.001 -13"><span class='ocrx_word' id='word_1_117' title='bbox 565 1622 758 1690; x_wconf 83' lang='lat' dir='ltr'><strong>portati</strong></span> <span class='ocrx_word' id='word_1_118' title='bbox 805 1622 1050 1684; x_wconf 85' lang='lat' dir='ltr'><strong>fuissent,</strong></span> <span class='ocrx_word' id='word_1_119' title='bbox 1099 1637 1284 1690; x_wconf 85' lang='lat' dir='ltr'><strong>regum</strong></span> <span class='ocrx_word' id='word_1_120' title='bbox 1328 1622 1554 1688; x_wconf 89' lang='lat' dir='ltr'><strong>imperio</strong></span> <span class='ocrx_word' id='word_1_121' title='bbox 1605 1622 1940 1689; x_wconf 79' lang='lat' dir='ltr'><strong>agebantur:</strong></span> <span class='ocrx_word' id='word_1_122' title='bbox 1989 1626 2098 1688; x_wconf 84' lang='lat' dir='ltr'><strong>pri-</strong></span> 
     </span>
    </p>
   </div>
   <div class='ocr_carea' id='block_1_19' title="bbox 565 1710 2109 1781">
    <p class='ocr_par' dir='ltr' id='par_1_19' title="bbox 565 1710 2109 1781">
     <span class='ocr_line' id='line_1_19' title="bbox 565 1710 2109 1781; baseline -0.001 -15"><span class='ocrx_word' id='word_1_123' title='bbox 565 1713 746 1781; x_wconf 88' lang='lat' dir='ltr'><strong>mique</strong></span> <span class='ocrx_word' id='word_1_124' title='bbox 773 1712 897 1767; x_wconf 88' lang='lat' dir='ltr'><strong>Saul</strong></span> <span class='ocrx_word' id='word_1_125' title='bbox 924 1720 978 1765; x_wconf 90' lang='lat' dir='ltr'><strong>et</strong></span> <span class='ocrx_word' id='word_1_126' title='bbox 1017 1711 1185 1765; x_wconf 85' lang='lat' dir='ltr'><strong>David</strong></span> <span class='ocrx_word' id='word_1_127' title='bbox 1230 1724 1382 1778; x_wconf 89' lang='lat' dir='ltr'><strong>reges</strong></span> <span class='ocrx_word' id='word_1_128' title='bbox 1424 1710 1663 1762; x_wconf 83' lang='lat' dir='ltr'><strong>fuerunt.</strong></span> <span class='ocrx_word' id='word_1_129' title='bbox 1703 1712 1871 1762; x_wconf 87' lang='lat' dir='ltr'><strong>Antea</strong></span> <span class='ocrx_word' id='word_1_130' title='bbox 1921 1726 2051 1764; x_wconf 92' lang='lat' dir='ltr'><strong>vero</strong></span> <span class='ocrx_word' id='word_1_131' title='bbox 2080 1727 2109 1765; x_wconf 87' lang='lat' dir='ltr'><strong>a</strong></span> 
     </span>
    </p>
   </div>
   <div class='ocr_carea' id='block_1_20' title="bbox 2219 631 3762 707">
    <p class='ocr_par' dir='ltr' id='par_1_20' title="bbox 2219 631 3762 707">
     <span class='ocr_line' id='line_1_20' title="bbox 2219 631 3762 707; baseline 0.005 -24"><span class='ocrx_word' id='word_1_132' title='bbox 2219 631 2275 683; x_wconf 89' lang='grc' dir='ltr'><strong>δέ</strong></span> <span class='ocrx_word' id='word_1_133' title='bbox 2326 635 2437 694; x_wconf 85' lang='grc' dir='ltr'>τοῖς</span> <span class='ocrx_word' id='word_1_134' title='bbox 2487 634 2702 687; x_wconf 79' lang='grc' dir='ltr'>ἐκείνων</span> <span class='ocrx_word' id='word_1_135' title='bbox 2736 634 2937 702; x_wconf 71' lang='grc' dir='ltr'>ἤθεσιν,</span> <span class='ocrx_word' id='word_1_136' title='bbox 2987 634 3206 704; x_wconf 80' lang='grc' dir='ltr'>ὓστερον</span> <span class='ocrx_word' id='word_1_137' title='bbox 3243 637 3487 707; x_wconf 84' lang='grc' dir='ltr'>Ὑρκανῷ</span> <span class='ocrx_word' id='word_1_138' title='bbox 3514 638 3591 707; x_wconf 80' lang='grc' dir='ltr'>τῷ</span> <span class='ocrx_word' id='word_1_139' title='bbox 3630 639 3762 690; x_wconf 85' lang='grc' dir='ltr'>Ἰου-</span> 
     </span>
    </p>
   </div>
   <div class='ocr_carea' id='block_1_21' title="bbox 2217 722 3761 796">
    <p class='ocr_par' dir='ltr' id='par_1_21' title="bbox 2217 722 3761 796">
     <span class='ocr_line' id='line_1_21' title="bbox 2217 722 3761 796; baseline 0.003 -22"><span class='ocrx_word' id='word_1_140' title='bbox 2217 722 2378 774; x_wconf 85' lang='grc' dir='ltr'>δαίων</span> <span class='ocrx_word' id='word_1_141' title='bbox 2410 725 2651 791; x_wconf 80' lang='grc' dir='ltr'><strong>ἀρχιερεῖ</strong></span> <span class='ocrx_word' id='word_1_142' title='bbox 2677 723 2939 789; x_wconf 86' lang='grc' dir='ltr'>φιλιοῦται</span> <span class='ocrx_word' id='word_1_143' title='bbox 2971 724 3098 793; x_wconf 79' lang='grc'>(83).</span> <span class='ocrx_word' id='word_1_144' title='bbox 3129 725 3311 795; x_wconf 84' lang='grc' dir='ltr'>Τούτῳ</span> <span class='ocrx_word' id='word_1_145' title='bbox 3343 729 3469 790; x_wconf 78' lang='grc' dir='ltr'>παῖς</span> <span class='ocrx_word' id='word_1_146' title='bbox 3499 728 3705 796; x_wconf 87' lang='grc' dir='ltr'>γίνεται</span> <span class='ocrx_word' id='word_1_147' title='bbox 3733 729 3761 795; x_wconf 79' lang='grc' dir='ltr'><strong>ό</strong></span> 
     </span>
    </p>
   </div>
   <div class='ocr_carea' id='block_1_22' title="bbox 2216 809 3760 887">
    <p class='ocr_par' dir='ltr' id='par_1_22' title="bbox 2216 809 3760 887">
     <span class='ocr_line' id='line_1_22' title="bbox 2216 809 3760 887; baseline 0.007 -27"><span class='ocrx_word' id='word_1_148' title='bbox 2216 810 2307 861; x_wconf 78' lang='grc' dir='ltr'><strong>ἐπὶ</strong></span> <span class='ocrx_word' id='word_1_149' title='bbox 2354 809 2447 861; x_wconf 86' lang='grc' dir='ltr'><strong>τοῦ</strong></span> <span class='ocrx_word' id='word_1_150' title='bbox 2495 811 2741 881; x_wconf 83' lang='grc' dir='ltr'><strong>Σωτῆρος</strong></span> <span class='ocrx_word' id='word_1_151' title='bbox 2785 812 2937 881; x_wconf 79' lang='grc' dir='ltr'>ἡμῶν</span> <span class='ocrx_word' id='word_1_152' title='bbox 2980 812 3236 883; x_wconf 83' lang='grc' dir='ltr'>Ἡρώδης.</span> <span class='ocrx_word' id='word_1_153' title='bbox 3291 817 3382 878; x_wconf 84' lang='grc' dir='ltr'><strong>Εἰς</strong></span> <span class='ocrx_word' id='word_1_154' title='bbox 3417 817 3478 887; x_wconf 83' lang='grc' dir='ltr'>δὴ</span> <span class='ocrx_word' id='word_1_155' title='bbox 3523 816 3617 870; x_wconf 81' lang='grc' dir='ltr'><strong>οὖν</strong></span> <span class='ocrx_word' id='word_1_156' title='bbox 3668 818 3760 870; x_wconf 79' lang='grc' dir='ltr'>τὸν</span> 
     </span>
    </p>
   </div>
   <div class='ocr_carea' id='block_1_23' title="bbox 2216 890 3763 975">
    <p class='ocr_par' dir='ltr' id='par_1_23' title="bbox 2216 890 3763 975">
     <span class='ocr_line' id='line_1_23' title="bbox 2216 890 3763 975; baseline 0.005 -23"><span class='ocrx_word' id='word_1_157' title='bbox 2216 901 2449 953; x_wconf 88' lang='grc' dir='ltr'>τοιοῦτον</span> <span class='ocrx_word' id='word_1_158' title='bbox 2492 902 2590 970; x_wconf 86' lang='grc' dir='ltr'><strong>τῆς</strong></span> <span class='ocrx_word' id='word_1_159' title='bbox 2648 902 2905 955; x_wconf 85' lang='grc' dir='ltr'>Ἰουδαίων</span> <span class='ocrx_word' id='word_1_160' title='bbox 2937 904 3316 974; x_wconf 82' lang='grc' dir='ltr'><strong>περιελθούσης</strong></span> <span class='ocrx_word' id='word_1_161' title='bbox 3340 890 3632 975; x_wconf 85' lang='grc' dir='ltr'>βασιλείας,</span> <span class='ocrx_word' id='word_1_162' title='bbox 3666 909 3763 960; x_wconf 72' lang='grc' dir='ltr'>ἐπὶ</span> 
     </span>
    </p>
   </div>
   <div class='ocr_carea' id='block_1_24' title="bbox 2216 989 3762 1068">
    <p class='ocr_par' dir='ltr' id='par_1_24' title="bbox 2216 989 3762 1068">
     <span class='ocr_line' id='line_1_24' title="bbox 2216 989 3762 1068; baseline 0.005 -27"><span class='ocrx_word' id='word_1_163' title='bbox 2216 989 2403 1059; x_wconf 81' lang='grc' dir='ltr'>θύραις</span> <span class='ocrx_word' id='word_1_164' title='bbox 2548 993 2639 1044; x_wconf 73' lang='grc' dir='ltr'>καὶ</span> <span class='ocrx_word' id='word_1_165' title='bbox 2660 995 2692 1063; x_wconf 81' lang='grc' dir='ltr'><strong>ἡ</strong></span> <span class='ocrx_word' id='word_1_166' title='bbox 2715 993 2820 1045; x_wconf 89' lang='grc' dir='ltr'><strong>τῶν</strong></span> <span class='ocrx_word' id='word_1_167' title='bbox 2848 993 3009 1046; x_wconf 81' lang='grc' dir='ltr'>ἐθνῶν</span> <span class='ocrx_word' id='word_1_168' title='bbox 3037 994 3336 1058; x_wconf 79' lang='grc' dir='ltr'>ἀκολούθως</span> <span class='ocrx_word' id='word_1_169' title='bbox 3358 1000 3425 1067; x_wconf 79' lang='grc' dir='ltr'>τῇ</span> <span class='ocrx_word' id='word_1_170' title='bbox 3457 999 3762 1068; x_wconf 75' lang='grc' dir='ltr'>προφητείᾳ</span> 
     </span>
    </p>
   </div>
   <div class='ocr_carea' id='block_1_25' title="bbox 2215 1083 3762 1154">
    <p class='ocr_par' dir='ltr' id='par_1_25' title="bbox 2215 1083 3762 1154">
     <span class='ocr_line' id='line_1_25' title="bbox 2215 1083 3762 1154; baseline 0.006 -22"><span class='ocrx_word' id='word_1_171' title='bbox 2215 1083 2506 1151; x_wconf 82' lang='grc' dir='ltr'>προσδοκία</span> <span class='ocrx_word' id='word_1_172' title='bbox 2536 1084 2735 1154; x_wconf 80' lang='grc' dir='ltr'>παρῆν,</span> <span class='ocrx_word' id='word_1_173' title='bbox 2768 1085 2859 1137; x_wconf 82' lang='grc' dir='ltr'>ἆτε</span> <span class='ocrx_word' id='word_1_174' title='bbox 2890 1085 3292 1138; x_wconf 82' lang='grc' dir='ltr'>διαλελοιπότων</span> <span class='ocrx_word' id='word_1_175' title='bbox 3323 1087 3380 1150; x_wconf 81' lang='grc' dir='ltr'><strong>ἐξ</strong></span> <span class='ocrx_word' id='word_1_176' title='bbox 3410 1089 3616 1141; x_wconf 81' lang='grc' dir='ltr'>ἐκείνου</span> <span class='ocrx_word' id='word_1_177' title='bbox 3650 1090 3762 1142; x_wconf 87' lang='grc' dir='ltr'><strong>τῶν</strong></span> 
     </span>
    </p>
   </div>
   <div class='ocr_carea' id='block_1_26' title="bbox 2215 1172 3764 1249">
    <p class='ocr_par' dir='ltr' id='par_1_26' title="bbox 2215 1172 3764 1249">
     <span class='ocr_line' id='line_1_26' title="bbox 2215 1172 3764 1249; baseline 0.004 -24"><span class='ocrx_word' id='word_1_178' title='bbox 2215 1174 2343 1242; x_wconf 80' lang='grc' dir='ltr'>παρ’</span> <span class='ocrx_word' id='word_1_179' title='bbox 2377 1174 2553 1236; x_wconf 84' lang='grc' dir='ltr'>αὐτοῖς</span> <span class='ocrx_word' id='word_1_180' title='bbox 2571 1172 2630 1237; x_wconf 79' lang='grc' dir='ltr'><strong>ἐξ</strong></span> <span class='ocrx_word' id='word_1_181' title='bbox 2660 1174 2817 1227; x_wconf 87' lang='grc' dir='ltr'>αὐτοῦ</span> <span class='ocrx_word' id='word_1_182' title='bbox 2842 1176 3112 1237; x_wconf 82' lang='grc' dir='ltr'>Μωῦσὲως</span> <span class='ocrx_word' id='word_1_183' title='bbox 3134 1176 3269 1228; x_wconf 88' lang='grc' dir='ltr'><strong>κατά</strong></span> <span class='ocrx_word' id='word_1_184' title='bbox 3294 1176 3538 1247; x_wconf 84' lang='grc' dir='ltr'>διαδοχὴν</span> <span class='ocrx_word' id='word_1_185' title='bbox 3558 1178 3764 1249; x_wconf 83' lang='grc' dir='ltr'>ἀρξάν-</span> 
     </span>
    </p>
   </div>
   <div class='ocr_carea' id='block_1_27' title="bbox 2212 1263 3763 1336">
    <p class='ocr_par' dir='ltr' id='par_1_27' title="bbox 2212 1263 3763 1336">
     <span class='ocr_line' id='line_1_27' title="bbox 2212 1263 3763 1336; baseline 0.002 -21"><span class='ocrx_word' id='word_1_186' title='bbox 2212 1280 2318 1315; x_wconf 88' lang='grc' dir='ltr'><strong>των</strong></span> <span class='ocrx_word' id='word_1_187' title='bbox 2347 1280 2403 1315; x_wconf 88' lang='grc' dir='ltr'><strong>τε</strong></span> <span class='ocrx_word' id='word_1_188' title='bbox 2436 1265 2529 1316; x_wconf 74' lang='grc' dir='ltr'>καὶ</span> <span class='ocrx_word' id='word_1_189' title='bbox 2572 1263 2941 1334; x_wconf 78' lang='grc' dir='ltr'>ἡγησαμένων.</span> <span class='ocrx_word' id='word_1_190' title='bbox 2980 1266 3091 1335; x_wconf 85' lang='grc' dir='ltr'>Πρὸ</span> <span class='ocrx_word' id='word_1_191' title='bbox 3151 1265 3393 1333; x_wconf 82' lang='grc' dir='ltr'>μέντοιγε</span> <span class='ocrx_word' id='word_1_192' title='bbox 3433 1267 3531 1336; x_wconf 85' lang='grc' dir='ltr'><strong>τῆς</strong></span> <span class='ocrx_word' id='word_1_193' title='bbox 3556 1268 3763 1335; x_wconf 76' lang='grc' dir='ltr'>αἰχμα-</span> 
     </span>
    </p>
   </div>
   <div class='ocr_carea' id='block_1_28' title="bbox 2212 1354 3759 1424">
    <p class='ocr_par' dir='ltr' id='par_1_28' title="bbox 2212 1354 3759 1424">
     <span class='ocr_line' id='line_1_28' title="bbox 2212 1354 3759 1424; baseline 0.003 -19"><span class='ocrx_word' id='word_1_194' title='bbox 2212 1354 2407 1416; x_wconf 89' lang='grc' dir='ltr'>λωσίας</span> <span class='ocrx_word' id='word_1_195' title='bbox 2435 1354 2610 1406; x_wconf 80' lang='grc' dir='ltr'>αὐτῶν</span> <span class='ocrx_word' id='word_1_196' title='bbox 2639 1356 2731 1407; x_wconf 76' lang='grc' dir='ltr'>καὶ</span> <span class='ocrx_word' id='word_1_197' title='bbox 2755 1356 2853 1422; x_wconf 86' lang='grc' dir='ltr'><strong>τῆς</strong></span> <span class='ocrx_word' id='word_1_198' title='bbox 2884 1356 2962 1416; x_wconf 83' lang='grc' dir='ltr'><strong>είς</strong></span> <span class='ocrx_word' id='word_1_199' title='bbox 2978 1354 3260 1417; x_wconf 77' lang='grc' dir='ltr'>Βαϐυλῶνα</span> <span class='ocrx_word' id='word_1_200' title='bbox 3291 1357 3759 1424; x_wconf 75' lang='grc' dir='ltr'>μεταναστάσεως,</span> 
     </span>
    </p>
   </div>
   <div class='ocr_carea' id='block_1_29' title="bbox 2184 1440 3765 1514">
    <p class='ocr_par' dir='ltr' id='par_1_29' title="bbox 2184 1440 3765 1514">
     <span class='ocr_line' id='line_1_29' title="bbox 2184 1440 3765 1514; baseline 0.004 -22"><span class='ocrx_word' id='word_1_201' title='bbox 2184 1482 2189 1485; x_wconf 89' lang='grc'><strong>.</strong></span> <span class='ocrx_word' id='word_1_202' title='bbox 2214 1441 2581 1496; x_wconf 72' lang='grc' dir='ltr'>ἐϐασιλεύοντο</span> <span class='ocrx_word' id='word_1_203' title='bbox 2620 1442 2726 1495; x_wconf 84' lang='grc' dir='ltr'><strong>ἀπὸ</strong></span> <span class='ocrx_word' id='word_1_204' title='bbox 2752 1443 2919 1494; x_wconf 80' lang='grc' dir='ltr'>Σαοὺλ</span> <span class='ocrx_word' id='word_1_205' title='bbox 2947 1440 3160 1511; x_wconf 82' lang='grc' dir='ltr'>πρώτου</span> <span class='ocrx_word' id='word_1_206' title='bbox 3193 1442 3286 1495; x_wconf 77' lang='grc' dir='ltr'>καὶ</span> <span class='ocrx_word' id='word_1_207' title='bbox 3326 1443 3486 1495; x_wconf 74' lang='grc' dir='ltr'><strong>Δαόὶδ</strong></span> <span class='ocrx_word' id='word_1_208' title='bbox 3516 1444 3765 1514; x_wconf 68' lang='grc' dir='ltr'>ἀρξάμεσι</span> 
     </span>
    </p>
   </div>
   <div class='ocr_carea' id='block_1_30' title="bbox 2212 1532 3760 1603">
    <p class='ocr_par' dir='ltr' id='par_1_30' title="bbox 2212 1532 3760 1603">
     <span class='ocr_line' id='line_1_30' title="bbox 2212 1532 3760 1603; baseline 0.001 -19"><span class='ocrx_word' id='word_1_209' title='bbox 2212 1550 2309 1585; x_wconf 66' lang='grc' dir='ltr'>νου</span> <span class='ocrx_word' id='word_1_210' title='bbox 2337 1533 2442 1603; x_wconf 80' lang='grc' dir='ltr'><strong>πρὸ</strong></span> <span class='ocrx_word' id='word_1_211' title='bbox 2480 1533 2537 1585; x_wconf 88' lang='grc' dir='ltr'>δὲ</span> <span class='ocrx_word' id='word_1_212' title='bbox 2576 1533 2680 1585; x_wconf 91' lang='grc' dir='ltr'><strong>τῶν</strong></span> <span class='ocrx_word' id='word_1_213' title='bbox 2712 1532 2989 1601; x_wconf 86' lang='grc' dir='ltr'>βασιλέων,</span> <span class='ocrx_word' id='word_1_214' title='bbox 3025 1534 3278 1603; x_wconf 81' lang='grc' dir='ltr'>ἄρχοντες</span> <span class='ocrx_word' id='word_1_215' title='bbox 3309 1534 3498 1595; x_wconf 82' lang='grc' dir='ltr'>αὐτοὺς</span> <span class='ocrx_word' id='word_1_216' title='bbox 3527 1534 3760 1596; x_wconf 85' lang='grc' dir='ltr'>διεῖπον,</span> 
     </span>
    </p>
   </div>
   <div class='ocr_carea' id='block_1_31' title="bbox 2210 1622 3763 1692">
    <p class='ocr_par' dir='ltr' id='par_1_31' title="bbox 2210 1622 3763 1692">
     <span class='ocr_line' id='line_1_31' title="bbox 2210 1622 3763 1692; baseline 0.003 -19"><span class='ocrx_word' id='word_1_217' title='bbox 2210 1623 2257 1674; x_wconf 84' lang='grc' dir='ltr'>οἱ</span> <span class='ocrx_word' id='word_1_218' title='bbox 2291 1622 2802 1691; x_wconf 86' lang='grc' dir='ltr'>προσαγορευόμενοι</span> <span class='ocrx_word' id='word_1_219' title='bbox 2820 1622 3017 1690; x_wconf 84' lang='grc' dir='ltr'>κριταί·</span> <span class='ocrx_word' id='word_1_220' title='bbox 3049 1623 3302 1691; x_wconf 84' lang='grc' dir='ltr'>ἄρξαντες</span> <span class='ocrx_word' id='word_1_221' title='bbox 3325 1624 3416 1675; x_wconf 74' lang='grc' dir='ltr'>καὶ</span> <span class='ocrx_word' id='word_1_222' title='bbox 3438 1625 3587 1675; x_wconf 77' lang='grc' dir='ltr'>αὐτοὶ</span> <span class='ocrx_word' id='word_1_223' title='bbox 3619 1624 3763 1692; x_wconf 76' lang='grc' dir='ltr'>μετὰ</span> 
     </span>
    </p>
   </div>
   <div class='ocr_carea' id='block_1_32' title="bbox 2212 1712 3764 1783">
    <p class='ocr_par' dir='ltr' id='par_1_32' title="bbox 2212 1712 3764 1783">
     <span class='ocr_line' id='line_1_32' title="bbox 2212 1712 3764 1783; baseline 0.002 -19"><span class='ocrx_word' id='word_1_224' title='bbox 2212 1712 2441 1771; x_wconf 82' lang='grc' dir='ltr'>Μωῦσέα</span> <span class='ocrx_word' id='word_1_225' title='bbox 2497 1715 2587 1764; x_wconf 71' lang='grc' dir='ltr'><strong>καὶ</strong></span> <span class='ocrx_word' id='word_1_226' title='bbox 2621 1713 2709 1765; x_wconf 86' lang='grc' dir='ltr'><strong>τὸν</strong></span> <span class='ocrx_word' id='word_1_227' title='bbox 2748 1712 2933 1765; x_wconf 90' lang='grc' dir='ltr'>τούτου</span> <span class='ocrx_word' id='word_1_228' title='bbox 2973 1714 3207 1783; x_wconf 86' lang='grc' dir='ltr'>διάδοχον</span> <span class='ocrx_word' id='word_1_229' title='bbox 3251 1714 3470 1783; x_wconf 81' lang='grc' dir='ltr'>Ἰησοῦν.</span> <span class='ocrx_word' id='word_1_230' title='bbox 3517 1714 3679 1767; x_wconf 80' lang='grc' dir='ltr'>Μετὰ</span> <span class='ocrx_word' id='word_1_231' title='bbox 3703 1715 3764 1767; x_wconf 81' lang='grc' dir='ltr'>δὲ</span> 
     </span>
    </p>
   </div>
   <div class='ocr_carea' id='block_1_33' title="bbox 566 1794 2103 1874">
    <p class='ocr_par' dir='ltr' id='par_1_33' title="bbox 566 1800 2103 1869">
     <span class='ocr_line' id='line_1_33' title="bbox 566 1800 2103 1869; baseline 0.001 -16"><span class='ocrx_word' id='word_1_232' title='bbox 566 1802 991 1867; x_wconf 78' lang='lat' dir='ltr'><strong>magistratibus,</strong></span> <span class='ocrx_word' id='word_1_233' title='bbox 1017 1801 1105 1867; x_wconf 88' lang='lat' dir='ltr'><strong>qui</strong></span> <span class='ocrx_word' id='word_1_234' title='bbox 1144 1800 1351 1867; x_wconf 78' lang='lat' dir='ltr'><strong>iudices</strong></span> <span class='ocrx_word' id='word_1_235' title='bbox 1390 1800 1517 1853; x_wconf 91' lang='lat' dir='ltr'><strong>dicti</strong></span> <span class='ocrx_word' id='word_1_236' title='bbox 1562 1807 1707 1865; x_wconf 88' lang='lat' dir='ltr'><strong>sunt,</strong></span> <span class='ocrx_word' id='word_1_237' title='bbox 1748 1801 2103 1869; x_wconf 87' lang='lat' dir='ltr'><strong>regebantur;</strong></span> 
     </span>
    </p>
   </div>
   <div class='ocr_carea' id='block_1_34' title="bbox 2206 1794 3764 1874">
    <p class='ocr_par' dir='ltr' id='par_1_34' title="bbox 2208 1802 3764 1874">
     <span class='ocr_line' id='line_1_34' title="bbox 2208 1802 3764 1874; baseline 0.002 -22"><span class='ocrx_word' id='word_1_238' title='bbox 2208 1802 2305 1871; x_wconf 78' lang='grc' dir='ltr'>τὴν</span> <span class='ocrx_word' id='word_1_239' title='bbox 2356 1802 2461 1855; x_wconf 85' lang='grc' dir='ltr'><strong>ἀπὸ</strong></span> <span class='ocrx_word' id='word_1_240' title='bbox 2510 1802 2822 1865; x_wconf 78' lang='grc' dir='ltr'>Βαϐυλῶνος</span> <span class='ocrx_word' id='word_1_241' title='bbox 2874 1802 3124 1855; x_wconf 74' lang='grc' dir='ltr'>ἐπάνοδον</span> <span class='ocrx_word' id='word_1_242' title='bbox 3153 1803 3212 1854; x_wconf 79' lang='grc' dir='ltr'><strong>οὐ</strong></span> <span class='ocrx_word' id='word_1_243' title='bbox 3250 1802 3478 1855; x_wconf 83' lang='grc' dir='ltr'>διέλιπον</span> <span class='ocrx_word' id='word_1_244' title='bbox 3512 1804 3764 1874; x_wconf 76' lang='grc' dir='ltr'>πολιτείᾳ</span> 
     </span>
    </p>
   </div>
   <div class='ocr_carea' id='block_1_35' title="bbox 460 1885 2110 1958">
    <p class='ocr_par' dir='ltr' id='par_1_35' title="bbox 460 1885 2110 1958">
     <span class='ocr_line' id='line_1_35' title="bbox 460 1885 2110 1958; baseline 0 -16"><span class='ocrx_word' id='word_1_245' title='bbox 460 1916 468 1923; x_wconf 55' lang='grc' dir='ltr'><strong>κ</strong></span> <span class='ocrx_word' id='word_1_246' title='bbox 567 1892 654 1958; x_wconf 86' lang='lat' dir='ltr'><strong>qui</strong></span> <span class='ocrx_word' id='word_1_247' title='bbox 682 1891 893 1958; x_wconf 88' lang='lat' dir='ltr'><strong>quidem</strong></span> <span class='ocrx_word' id='word_1_248' title='bbox 934 1889 1113 1942; x_wconf 88' lang='lat' dir='ltr'><strong>statim</strong></span> <span class='ocrx_word' id='word_1_249' title='bbox 1145 1899 1263 1955; x_wconf 92' lang='lat' dir='ltr'><strong>post</strong></span> <span class='ocrx_word' id='word_1_250' title='bbox 1304 1886 1536 1955; x_wconf 83' lang='lat' dir='ltr'><strong>Moysem</strong></span> <span class='ocrx_word' id='word_1_251' title='bbox 1576 1885 1793 1955; x_wconf 84' lang='lat' dir='ltr'><strong>ejusque</strong></span> <span class='ocrx_word' id='word_1_252' title='bbox 1836 1904 2110 1943; x_wconf 82' lang='lat' dir='ltr'><strong>successo-</strong></span> 
     </span>
    </p>
   </div>
   <div class='ocr_carea' id='block_1_36' title="bbox 566 1976 2111 2046">
    <p class='ocr_par' dir='ltr' id='par_1_36' title="bbox 566 1976 2111 2046">
     <span class='ocr_line' id='line_1_36' title="bbox 566 1976 2111 2046; baseline 0 -14"><span class='ocrx_word' id='word_1_253' title='bbox 566 1994 679 2034; x_wconf 88' lang='lat' dir='ltr'><strong>rem</strong></span> <span class='ocrx_word' id='word_1_254' title='bbox 732 1976 912 2033; x_wconf 86' lang='lat' dir='ltr'><strong>Jesum</strong></span> <span class='ocrx_word' id='word_1_255' title='bbox 968 1977 1161 2046; x_wconf 86' lang='lat' dir='ltr'><strong>p0pulo</strong></span> <span class='ocrx_word' id='word_1_256' title='bbox 1216 1977 1495 2045; x_wconf 63' lang='lat' dir='ltr'><strong>praefuere.-</strong></span> <span class='ocrx_word' id='word_1_257' title='bbox 1550 1977 1770 2031; x_wconf 82' lang='lat' dir='ltr'><strong>Reversi</strong></span> <span class='ocrx_word' id='word_1_258' title='bbox 1825 1979 2035 2032; x_wconf 91' lang='lat' dir='ltr'><strong>demum</strong></span> <span class='ocrx_word' id='word_1_259' title='bbox 2080 1994 2111 2033; x_wconf 93' lang='lat' dir='ltr'><strong>e</strong></span> 
     </span>
    </p>
   </div>
   <div class='ocr_carea' id='block_1_37' title="bbox 565 2069 2106 2139">
    <p class='ocr_par' dir='ltr' id='par_1_37' title="bbox 565 2069 2106 2139">
     <span class='ocr_line' id='line_1_37' title="bbox 565 2069 2106 2139; baseline -0.001 -15"><span class='ocrx_word' id='word_1_260' title='bbox 565 2070 887 2139; x_wconf 83' lang='lat' dir='ltr'><strong>Babylonia,</strong></span> <span class='ocrx_word' id='word_1_261' title='bbox 920 2070 1236 2138; x_wconf 87' lang='lat' dir='ltr'><strong>optimatum</strong></span> <span class='ocrx_word' id='word_1_262' title='bbox 1270 2069 1492 2137; x_wconf 88' lang='lat' dir='ltr'><strong>imperio</strong></span> <span class='ocrx_word' id='word_1_263' title='bbox 1520 2077 1573 2123; x_wconf 85' lang='lat' dir='ltr'><strong>et</strong></span> <span class='ocrx_word' id='word_1_264' title='bbox 1595 2084 1886 2138; x_wconf 88' lang='lat' dir='ltr'><strong>paucorum</strong></span> <span class='ocrx_word' id='word_1_265' title='bbox 1933 2071 2106 2125; x_wconf 81' lang='lat' dir='ltr'><strong>domi—</strong></span> 
     </span>
    </p>
   </div>
   <div class='ocr_carea' id='block_1_38' title="bbox 565 2160 2109 2231">
    <p class='ocr_par' dir='ltr' id='par_1_38' title="bbox 565 2160 2109 2231">
     <span class='ocr_line' id='line_1_38' title="bbox 565 2160 2109 2231; baseline 0.001 -17"><span class='ocrx_word' id='word_1_266' title='bbox 565 2170 691 2215; x_wconf 92' lang='lat' dir='ltr'><strong>natu</strong></span> <span class='ocrx_word' id='word_1_267' title='bbox 728 2161 977 2229; x_wconf 88' lang='lat' dir='ltr'><strong>deinceps</strong></span> <span class='ocrx_word' id='word_1_268' title='bbox 1006 2160 1081 2213; x_wconf 91' lang='lat' dir='ltr'><strong>uti</strong></span> <span class='ocrx_word' id='word_1_269' title='bbox 1108 2174 1342 2229; x_wconf 61' lang='lat' dir='ltr'><strong>coepere.</strong></span> <span class='ocrx_word' id='word_1_270' title='bbox 1382 2160 1577 2214; x_wconf 85' lang='lat' dir='ltr'><strong>Rerum</strong></span> <span class='ocrx_word' id='word_1_271' title='bbox 1608 2162 1750 2213; x_wconf 91' lang='lat' dir='ltr'><strong>enim</strong></span> <span class='ocrx_word' id='word_1_272' title='bbox 1782 2177 1989 2214; x_wconf 90' lang='lat' dir='ltr'><strong>summa</strong></span> <span class='ocrx_word' id='word_1_273' title='bbox 2016 2176 2109 2231; x_wconf 81' lang='lat' dir='ltr'><strong>pe-</strong></span> 
     </span>
    </p>
   </div>
   <div class='ocr_carea' id='block_1_39' title="bbox 562 2250 2108 2321">
    <p class='ocr_par' dir='ltr' id='par_1_39' title="bbox 562 2250 2108 2321">
     <span class='ocr_line' id='line_1_39' title="bbox 562 2250 2108 2321; baseline 0.001 -15"><span class='ocrx_word' id='word_1_274' title='bbox 562 2269 658 2306; x_wconf 89' lang='lat' dir='ltr'><strong>nes</strong></span> <span class='ocrx_word' id='word_1_275' title='bbox 681 2253 956 2321; x_wconf 74' lang='lat' dir='ltr'><strong>pontitices</strong></span> <span class='ocrx_word' id='word_1_276' title='bbox 989 2259 1141 2307; x_wconf 85' lang='lat' dir='ltr'><strong>erat:</strong></span> <span class='ocrx_word' id='word_1_277' title='bbox 1178 2251 1348 2305; x_wconf 88' lang='lat' dir='ltr'><strong>donec</strong></span> <span class='ocrx_word' id='word_1_278' title='bbox 1380 2250 1666 2320; x_wconf 92' lang='lat' dir='ltr'><strong>Pompeius</strong></span> <span class='ocrx_word' id='word_1_279' title='bbox 1696 2255 1982 2319; x_wconf 79' lang='lat' dir='ltr'><strong>proconsul</strong></span> <span class='ocrx_word' id='word_1_280' title='bbox 2015 2268 2108 2320; x_wconf 87' lang='lat' dir='ltr'><strong>po-</strong></span> 
     </span>
    </p>
   </div>
   <div class='ocr_carea' id='block_1_40' title="bbox 562 2336 2103 2412">
    <p class='ocr_par' dir='ltr' id='par_1_40' title="bbox 562 2336 2103 2412">
     <span class='ocr_line' id='line_1_40' title="bbox 562 2336 2103 2412; baseline 0.001 -18"><span class='ocrx_word' id='word_1_281' title='bbox 562 2344 673 2412; x_wconf 87' lang='lat' dir='ltr'><strong>puli</strong></span> <span class='ocrx_word' id='word_1_282' title='bbox 706 2343 933 2396; x_wconf 86' lang='lat' dir='ltr'><strong>Romani</strong></span> <span class='ocrx_word' id='word_1_283' title='bbox 965 2356 1032 2396; x_wconf 89' lang='lat' dir='ltr'><strong>eo</strong></span> <span class='ocrx_word' id='word_1_284' title='bbox 1064 2341 1375 2405; x_wconf 77' lang='lat' dir='ltr'><strong>adveniens,</strong></span> <span class='ocrx_word' id='word_1_285' title='bbox 1405 2336 1839 2409; x_wconf 84' lang='lat' dir='ltr'><strong>Hierosolymam</strong></span> <span class='ocrx_word' id='word_1_286' title='bbox 1892 2344 2103 2410; x_wconf 88' lang='lat' dir='ltr'><strong>quidem</strong></span> 
     </span>
    </p>
   </div>
   <div class='ocr_carea' id='block_1_41' title="bbox 563 2428 2103 2500">
    <p class='ocr_par' dir='ltr' id='par_1_41' title="bbox 563 2428 2103 2500">
     <span class='ocr_line' id='line_1_41' title="bbox 563 2428 2103 2500; baseline -0.001 -16"><span class='ocrx_word' id='word_1_287' title='bbox 563 2432 727 2485; x_wconf 68' lang='lat' dir='ltr'><strong>armis</strong></span> <span class='ocrx_word' id='word_1_288' title='bbox 760 2430 1100 2500; x_wconf 75' lang='lat' dir='ltr'><strong>expugnavit,</strong></span> <span class='ocrx_word' id='word_1_289' title='bbox 1135 2436 1190 2483; x_wconf 84' lang='lat' dir='ltr'><strong>et</strong></span> <span class='ocrx_word' id='word_1_290' title='bbox 1214 2428 1282 2487; x_wconf 86' lang='lat' dir='ltr'><strong>ad</strong></span> <span class='ocrx_word' id='word_1_291' title='bbox 1309 2428 1557 2482; x_wconf 89' lang='lat' dir='ltr'><strong>intimum</strong></span> <span class='ocrx_word' id='word_1_292' title='bbox 1584 2444 1752 2495; x_wconf 89' lang='lat' dir='ltr'><strong>usque</strong></span> <span class='ocrx_word' id='word_1_293' title='bbox 1806 2431 2103 2483; x_wconf 87' lang='lat' dir='ltr'><strong>sacrarium</strong></span> 
     </span>
    </p>
   </div>
   <div class='ocr_carea' id='block_1_42' title="bbox 560 2519 2104 2591">
    <p class='ocr_par' dir='ltr' id='par_1_42' title="bbox 560 2519 2104 2591">
     <span class='ocr_line' id='line_1_42' title="bbox 560 2519 2104 2591; baseline -0.002 -15"><span class='ocrx_word' id='word_1_294' title='bbox 560 2536 876 2591; x_wconf 85' lang='lat' dir='ltr'><strong>progressus</strong></span> <span class='ocrx_word' id='word_1_295' title='bbox 903 2520 1154 2588; x_wconf 89' lang='lat' dir='ltr'><strong>templum</strong></span> <span class='ocrx_word' id='word_1_296' title='bbox 1194 2519 1425 2588; x_wconf 89' lang='lat' dir='ltr'><strong>polluit:</strong></span> <span class='ocrx_word' id='word_1_297' title='bbox 1456 2519 1820 2573; x_wconf 84' lang='lat' dir='ltr'><strong>Aristobulum</strong></span> <span class='ocrx_word' id='word_1_298' title='bbox 1851 2534 1977 2573; x_wconf 89' lang='lat' dir='ltr'><strong>vero</strong></span> <span class='ocrx_word' id='word_1_299' title='bbox 2013 2520 2104 2588; x_wconf 86' lang='lat' dir='ltr'><strong>qui</strong></span> 
     </span>
    </p>
   </div>
   <div class='ocr_carea' id='block_1_43' title="bbox 474 2609 2103 2682">
    <p class='ocr_par' dir='ltr' id='par_1_43' title="bbox 474 2609 2103 2682">
     <span class='ocr_line' id='line_1_43' title="bbox 474 2609 2103 2682; baseline -0.003 -14"><span class='ocrx_word' id='word_1_300' title='bbox 474 2630 487 2637; x_wconf 58' lang='grc' dir='ltr'><em>ν</em></span> <span class='ocrx_word' id='word_1_301' title='bbox 562 2629 660 2682; x_wconf 86' lang='lat' dir='ltr'><strong>per</strong></span> <span class='ocrx_word' id='word_1_302' title='bbox 693 2614 890 2666; x_wconf 83' lang='lat' dir='ltr'><strong>avitam</strong></span> <span class='ocrx_word' id='word_1_303' title='bbox 920 2611 1311 2666; x_wconf 84' lang='lat' dir='ltr'><strong>successionem</strong></span> <span class='ocrx_word' id='word_1_304' title='bbox 1341 2610 1405 2662; x_wconf 90' lang='lat' dir='ltr'><strong>ad</strong></span> <span class='ocrx_word' id='word_1_305' title='bbox 1446 2609 1498 2662; x_wconf 94' lang='lat' dir='ltr'><strong>id</strong></span> <span class='ocrx_word' id='word_1_306' title='bbox 1533 2624 1703 2675; x_wconf 91' lang='lat' dir='ltr'><strong>usque</strong></span> <span class='ocrx_word' id='word_1_307' title='bbox 1759 2619 1968 2676; x_wconf 86' lang='lat' dir='ltr'><strong>tempus</strong></span> <span class='ocrx_word' id='word_1_308' title='bbox 2007 2625 2103 2663; x_wconf 82' lang='lat' dir='ltr'><strong>rex</strong></span> 
     </span>
    </p>
   </div>
   <div class='ocr_carea' id='block_1_44' title="bbox 564 2700 2104 2773">
    <p class='ocr_par' dir='ltr' id='par_1_44' title="bbox 564 2700 2104 2773">
     <span class='ocr_line' id='line_1_44' title="bbox 564 2700 2104 2773; baseline -0.002 -16"><span class='ocrx_word' id='word_1_309' title='bbox 564 2703 720 2757; x_wconf 86' lang='lat' dir='ltr'><strong>simul</strong></span> <span class='ocrx_word' id='word_1_310' title='bbox 748 2713 800 2773; x_wconf 86' lang='lat' dir='ltr'><strong>et</strong></span> <span class='ocrx_word' id='word_1_311' title='bbox 826 2704 1077 2757; x_wconf 82' lang='lat' dir='ltr'><strong>sacerdos</strong></span> <span class='ocrx_word' id='word_1_312' title='bbox 1120 2709 1511 2769; x_wconf 82' lang='lat' dir='ltr'><strong>permanserat,</strong></span> <span class='ocrx_word' id='word_1_313' title='bbox 1539 2700 1774 2752; x_wconf 93' lang='lat' dir='ltr'><strong>vinctum</strong></span> <span class='ocrx_word' id='word_1_314' title='bbox 1810 2714 1931 2753; x_wconf 91' lang='lat' dir='ltr'><strong>eum</strong></span> <span class='ocrx_word' id='word_1_315' title='bbox 1972 2701 2104 2755; x_wconf 81' lang='lat' dir='ltr'><strong>lihe-</strong></span> 
     </span>
    </p>
   </div>
   <div class='ocr_carea' id='block_1_45' title="bbox 565 2789 2102 2857">
    <p class='ocr_par' dir='ltr' id='par_1_45' title="bbox 565 2789 2102 2857">
     <span class='ocr_line' id='line_1_45' title="bbox 565 2789 2102 2857; baseline 0 -11"><span class='ocrx_word' id='word_1_316' title='bbox 565 2795 638 2847; x_wconf 89' lang='lat' dir='ltr'><strong>ris</strong></span> <span class='ocrx_word' id='word_1_317' title='bbox 670 2794 890 2846; x_wconf 74' lang='lat' dir='ltr'><strong>Romam</strong></span> <span class='ocrx_word' id='word_1_318' title='bbox 939 2792 1125 2846; x_wconf 89' lang='lat' dir='ltr'><strong>misit:</strong></span> <span class='ocrx_word' id='word_1_319' title='bbox 1173 2802 1227 2846; x_wconf 89' lang='lat' dir='ltr'><strong>et</strong></span> <span class='ocrx_word' id='word_1_320' title='bbox 1275 2790 1510 2845; x_wconf 89' lang='lat' dir='ltr'><strong>Hircano</strong></span> <span class='ocrx_word' id='word_1_321' title='bbox 1542 2789 1755 2857; x_wconf 89' lang='lat' dir='ltr'><strong>quidem</strong></span> <span class='ocrx_word' id='word_1_322' title='bbox 1794 2790 1910 2857; x_wconf 85' lang='lat' dir='ltr'><strong>ejus</strong></span> <span class='ocrx_word' id='word_1_323' title='bbox 1943 2789 2102 2846; x_wconf 82' lang='lat' dir='ltr'><strong>fratri</strong></span> 
     </span>
    </p>
   </div>
   <div class='ocr_carea' id='block_1_46' title="bbox 561 2877 2099 2943">
    <p class='ocr_par' dir='ltr' id='par_1_46' title="bbox 561 2877 2099 2943">
     <span class='ocr_line' id='line_1_46' title="bbox 561 2877 2099 2943; baseline -0.001 -10"><span class='ocrx_word' id='word_1_324' title='bbox 561 2879 922 2933; x_wconf 80' lang='lat' dir='ltr'><strong>sacerdotium</strong></span> <span class='ocrx_word' id='word_1_325' title='bbox 956 2880 1192 2943; x_wconf 89' lang='lat' dir='ltr'><strong>tradidit,</strong></span> <span class='ocrx_word' id='word_1_326' title='bbox 1218 2879 1524 2933; x_wconf 90' lang='lat' dir='ltr'><strong>universam</strong></span> <span class='ocrx_word' id='word_1_327' title='bbox 1580 2886 1755 2931; x_wconf 87' lang='lat' dir='ltr'><strong>autem</strong></span> <span class='ocrx_word' id='word_1_328' title='bbox 1796 2877 2099 2934; x_wconf 69' lang='lat' dir='ltr'><strong>Judatorum</strong></span> 
     </span>
    </p>
   </div>
   <div class='ocr_carea' id='block_1_47' title="bbox 560 2963 2099 3034">
    <p class='ocr_par' dir='ltr' id='par_1_47' title="bbox 560 2963 2099 3034">
     <span class='ocr_line' id='line_1_47' title="bbox 560 2963 2099 3034; baseline 0.001 -13"><span class='ocrx_word' id='word_1_329' title='bbox 560 2975 768 3034; x_wconf 81' lang='lat' dir='ltr'><strong>gentem</strong></span> <span class='ocrx_word' id='word_1_330' title='bbox 823 2963 1016 3031; x_wconf 82' lang='lat' dir='ltr'><strong>exinde</strong></span> <span class='ocrx_word' id='word_1_331' title='bbox 1063 2966 1318 3020; x_wconf 80' lang='lat' dir='ltr'><strong>Romanis</strong></span> <span class='ocrx_word' id='word_1_332' title='bbox 1369 2966 1706 3019; x_wconf 89' lang='lat' dir='ltr'><strong>tributariam</strong></span> <span class='ocrx_word' id='word_1_333' title='bbox 1752 2965 1900 3020; x_wconf 90' lang='lat' dir='ltr'><strong>fecit.</strong></span> <span class='ocrx_word' id='word_1_334' title='bbox 1948 2967 2099 3022; x_wconf 85' lang='lat' dir='ltr'><strong>Haud</strong></span> 
     </span>
    </p>
   </div>
   <div class='ocr_carea' id='block_1_48' title="bbox 561 3056 2097 3127">
    <p class='ocr_par' dir='ltr' id='par_1_48' title="bbox 561 3056 2097 3127">
     <span class='ocr_line' id='line_1_48' title="bbox 561 3056 2097 3127; baseline -0.001 -17"><span class='ocrx_word' id='word_1_335' title='bbox 561 3057 725 3111; x_wconf 82' lang='lat' dir='ltr'><strong>multo</strong></span> <span class='ocrx_word' id='word_1_336' title='bbox 747 3068 872 3127; x_wconf 87' lang='lat' dir='ltr'><strong>post</strong></span> <span class='ocrx_word' id='word_1_337' title='bbox 908 3056 1158 3121; x_wconf 89' lang='lat' dir='ltr'><strong>Hircauo,</strong></span> <span class='ocrx_word' id='word_1_338' title='bbox 1188 3057 1238 3109; x_wconf 90' lang='lat' dir='ltr'><strong>iu</strong></span> <span class='ocrx_word' id='word_1_339' title='bbox 1265 3070 1421 3124; x_wconf 87' lang='lat' dir='ltr'><strong>quem</strong></span> <span class='ocrx_word' id='word_1_340' title='bbox 1468 3056 1712 3109; x_wconf 92' lang='lat' dir='ltr'><strong>ultimum</strong></span> <span class='ocrx_word' id='word_1_341' title='bbox 1763 3059 2097 3110; x_wconf 86' lang='lat' dir='ltr'><strong>sacerdotum</strong></span> 
     </span>
    </p>
   </div>
   <div class='ocr_carea' id='block_1_49' title="bbox 559 3145 2100 3216">
    <p class='ocr_par' dir='ltr' id='par_1_49' title="bbox 559 3145 2100 3216">
     <span class='ocr_line' id='line_1_49' title="bbox 559 3145 2100 3216; baseline 0.001 -15"><span class='ocrx_word' id='word_1_342' title='bbox 559 3150 842 3216; x_wconf 81' lang='lat' dir='ltr'><strong>progenies</strong></span> <span class='ocrx_word' id='word_1_343' title='bbox 872 3157 991 3201; x_wconf 81' lang='lat' dir='ltr'><strong>erat</strong></span> <span class='ocrx_word' id='word_1_344' title='bbox 1021 3148 1291 3212; x_wconf 87' lang='lat' dir='ltr'><strong>devoluta,</strong></span> <span class='ocrx_word' id='word_1_345' title='bbox 1327 3162 1356 3201; x_wconf 96' lang='lat' dir='ltr'><strong>a</strong></span> <span class='ocrx_word' id='word_1_346' title='bbox 1387 3145 1603 3200; x_wconf 90' lang='lat' dir='ltr'><strong>Parthis</strong></span> <span class='ocrx_word' id='word_1_347' title='bbox 1643 3147 1963 3215; x_wconf 84' lang='lat' dir='ltr'><strong>intercepto,</strong></span> <span class='ocrx_word' id='word_1_348' title='bbox 1992 3150 2100 3216; x_wconf 64' lang='lat' dir='ltr'><strong>prio</strong></span> 
     </span>
    </p>
   </div>
   <div class='ocr_carea' id='block_1_50' title="bbox 559 3230 2101 3329">
    <p class='ocr_par' dir='ltr' id='par_1_50' title="bbox 559 3230 2101 3329">
     <span class='ocr_line' id='line_1_50' title="bbox 559 3230 2101 3329; baseline 0 -36"><span class='ocrx_word' id='word_1_349' title='bbox 559 3256 700 3301; x_wconf 91' lang='lat' dir='ltr'><strong>mus,</strong></span> <span class='ocrx_word' id='word_1_350' title='bbox 728 3250 785 3292; x_wconf 90' lang='lat' dir='ltr'><strong>ut</strong></span> <span class='ocrx_word' id='word_1_351' title='bbox 815 3241 945 3303; x_wconf 90' lang='lat' dir='ltr'><strong>dixi,</strong></span> <span class='ocrx_word' id='word_1_352' title='bbox 996 3255 1062 3294; x_wconf 90' lang='lat' dir='ltr'><strong>ex</strong></span> <span class='ocrx_word' id='word_1_353' title='bbox 1119 3230 1426 3308; x_wconf 81' lang='lat' dir='ltr'><strong>alienigenis</strong></span> <span class='ocrx_word' id='word_1_354' title='bbox 1476 3238 1713 3329; x_wconf 70' lang='lat' dir='ltr'><strong>Herodes</strong></span> <span class='ocrx_word' id='word_1_355' title='bbox 1759 3254 1787 3291; x_wconf 91' lang='lat' dir='ltr'><strong>a</strong></span> <span class='ocrx_word' id='word_1_356' title='bbox 1833 3248 2019 3293; x_wconf 88' lang='lat' dir='ltr'><strong>senatu</strong></span> <span class='ocrx_word' id='word_1_357' title='bbox 2047 3250 2101 3293; x_wconf 90' lang='lat' dir='ltr'><strong>et</strong></span> 
     </span>
    </p>
   </div>
   <div class='ocr_carea' id='block_1_51' title="bbox 556 3327 2099 3396">
    <p class='ocr_par' dir='ltr' id='par_1_51' title="bbox 556 3327 2099 3396">
     <span class='ocr_line' id='line_1_51' title="bbox 556 3327 2099 3396; baseline 0.001 -15"><span class='ocrx_word' id='word_1_358' title='bbox 556 3334 796 3395; x_wconf 84' lang='lat' dir='ltr'><strong>Augusto</strong></span> <span class='ocrx_word' id='word_1_359' title='bbox 818 3328 1014 3383; x_wconf 70' lang='lat' dir='ltr'><strong>Iudaea:</strong></span> <span class='ocrx_word' id='word_1_360' title='bbox 1052 3344 1273 3395; x_wconf 85' lang='lat' dir='ltr'><strong>regnum</strong></span> <span class='ocrx_word' id='word_1_361' title='bbox 1303 3327 1529 3396; x_wconf 82' lang='lat' dir='ltr'><strong>accepit.</strong></span> <span class='ocrx_word' id='word_1_362' title='bbox 1561 3327 1676 3392; x_wconf 85' lang='lat' dir='ltr'><strong>Quo</strong></span> <span class='ocrx_word' id='word_1_363' title='bbox 1705 3336 1945 3394; x_wconf 89' lang='lat' dir='ltr'><strong>tempore</strong></span> <span class='ocrx_word' id='word_1_364' title='bbox 1978 3344 2099 3382; x_wconf 91' lang='lat' dir='ltr'><strong>cum</strong></span> 
     </span>
    </p>
   </div>
   <div class='ocr_carea' id='block_1_52' title="bbox 557 3412 2101 3485">
    <p class='ocr_par' dir='ltr' id='par_1_52' title="bbox 557 3412 2101 3485">
     <span class='ocr_line' id='line_1_52' title="bbox 557 3412 2101 3485; baseline -0.001 -15"><span class='ocrx_word' id='word_1_365' title='bbox 557 3412 757 3470; x_wconf 82' lang='lat' dir='ltr'><strong>Christi</strong></span> <span class='ocrx_word' id='word_1_366' title='bbox 791 3412 1083 3484; x_wconf 81' lang='lat' dir='ltr'><strong>corporalis</strong></span> <span class='ocrx_word' id='word_1_367' title='bbox 1117 3416 1401 3485; x_wconf 60' lang='lat' dir='ltr'><strong>praesentia</strong></span> <span class='ocrx_word' id='word_1_368' title='bbox 1447 3416 1563 3468; x_wconf 88' lang='lat' dir='ltr'><strong>orbi</strong></span> <span class='ocrx_word' id='word_1_369' title='bbox 1588 3416 1589 3419; x_wconf 60' lang='grc'><em>“</em></span> <span class='ocrx_word' id='word_1_370' title='bbox 1616 3416 1968 3482; x_wconf 82' lang='lat' dir='ltr'><strong>illucesceret,</strong></span> <span class='ocrx_word' id='word_1_371' title='bbox 2008 3432 2101 3471; x_wconf 86' lang='lat' dir='ltr'><strong>ex-</strong></span> 
     </span>
    </p>
   </div>
   <div class='ocr_carea' id='block_1_53' title="bbox 556 3506 2101 3575">
    <p class='ocr_par' dir='ltr' id='par_1_53' title="bbox 556 3506 2101 3575">
     <span class='ocr_line' id='line_1_53' title="bbox 556 3506 2101 3575; baseline 0 -16"><span class='ocrx_word' id='word_1_372' title='bbox 556 3516 794 3575; x_wconf 88' lang='lat' dir='ltr'><strong>spectata</strong></span> <span class='ocrx_word' id='word_1_373' title='bbox 825 3507 907 3559; x_wconf 85' lang='lat' dir='ltr'><strong>illa</strong></span> <span class='ocrx_word' id='word_1_374' title='bbox 930 3509 1163 3575; x_wconf 87' lang='lat' dir='ltr'><strong>gentium</strong></span> <span class='ocrx_word' id='word_1_375' title='bbox 1197 3508 1340 3560; x_wconf 88' lang='lat' dir='ltr'><strong>salus</strong></span> <span class='ocrx_word' id='word_1_376' title='bbox 1371 3508 1570 3559; x_wconf 85' lang='lat' dir='ltr'><strong>exitum</strong></span> <span class='ocrx_word' id='word_1_377' title='bbox 1599 3506 1785 3558; x_wconf 91' lang='lat' dir='ltr'><strong>sortita</strong></span> <span class='ocrx_word' id='word_1_378' title='bbox 1803 3517 1903 3573; x_wconf 90' lang='lat' dir='ltr'><strong>est,</strong></span> <span class='ocrx_word' id='word_1_379' title='bbox 1926 3516 1980 3561; x_wconf 88' lang='lat' dir='ltr'><strong>et</strong></span> <span class='ocrx_word' id='word_1_380' title='bbox 2006 3523 2101 3559; x_wconf 91' lang='lat' dir='ltr'><strong>na-</strong></span> 
     </span>
    </p>
   </div>
   <div class='ocr_carea' id='block_1_54' title="bbox 556 3597 2094 3665">
    <p class='ocr_par' dir='ltr' id='par_1_54' title="bbox 556 3597 2094 3665">
     <span class='ocr_line' id='line_1_54' title="bbox 556 3597 2094 3665; baseline 0.001 -17"><span class='ocrx_word' id='word_1_381' title='bbox 556 3599 759 3650; x_wconf 86' lang='lat' dir='ltr'><strong>tionum</strong></span> <span class='ocrx_word' id='word_1_382' title='bbox 790 3598 1021 3664; x_wconf 90' lang='lat' dir='ltr'><strong>vocatio,</strong></span> <span class='ocrx_word' id='word_1_383' title='bbox 1055 3606 1212 3664; x_wconf 91' lang='lat' dir='ltr'><strong>prout</strong></span> <span class='ocrx_word' id='word_1_384' title='bbox 1237 3597 1616 3665; x_wconf 89' lang='lat' dir='ltr'><strong>prophetarum</strong></span> <span class='ocrx_word' id='word_1_385' title='bbox 1645 3598 1879 3650; x_wconf 90' lang='lat' dir='ltr'><strong>oraculis</strong></span> <span class='ocrx_word' id='word_1_386' title='bbox 1910 3598 2094 3665; x_wconf 58' lang='lat' dir='ltr'><strong>praedi-</strong></span> 
     </span>
    </p>
   </div>
   <div class='ocr_carea' id='block_1_55' title="bbox 557 3685 2102 3753">
    <p class='ocr_par' dir='ltr' id='par_1_55' title="bbox 557 3685 2102 3753">
     <span class='ocr_line' id='line_1_55' title="bbox 557 3685 2102 3753; baseline 0.001 -15"><span class='ocrx_word' id='word_1_387' title='bbox 557 3696 702 3738; x_wconf 88' lang='lat' dir='ltr'><strong>ctum</strong></span> <span class='ocrx_word' id='word_1_388' title='bbox 751 3685 945 3752; x_wconf 87' lang='lat' dir='ltr'><strong>fuerat,</strong></span> <span class='ocrx_word' id='word_1_389' title='bbox 996 3686 1303 3740; x_wconf 89' lang='lat' dir='ltr'><strong>subsecuta.</strong></span> <span class='ocrx_word' id='word_1_390' title='bbox 1366 3685 1441 3737; x_wconf 80' lang='lat' dir='ltr'><strong>Ex</strong></span> <span class='ocrx_word' id='word_1_391' title='bbox 1492 3699 1598 3752; x_wconf 91' lang='lat' dir='ltr'><strong>quo</strong></span> <span class='ocrx_word' id='word_1_392' title='bbox 1647 3686 1808 3738; x_wconf 89' lang='lat' dir='ltr'><strong>etiam</strong></span> <span class='ocrx_word' id='word_1_393' title='bbox 1865 3696 2102 3753; x_wconf 89' lang='lat' dir='ltr'><strong>tempore</strong></span> 
     </span>
    </p>
   </div>
   <div class='ocr_carea' id='block_1_56' title="bbox 563 3774 2103 3846">
    <p class='ocr_par' dir='ltr' id='par_1_56' title="bbox 563 3774 2103 3846">
     <span class='ocr_line' id='line_1_56' title="bbox 563 3774 2103 3846; baseline 0.003 -17"><span class='ocrx_word' id='word_1_394' title='bbox 563 3792 683 3829; x_wconf 90' lang='lat' dir='ltr'><strong>cum</strong></span> <span class='ocrx_word' id='word_1_395' title='bbox 735 3778 1006 3846; x_wconf 88' lang='lat' dir='ltr'><strong>principes</strong></span> <span class='ocrx_word' id='word_1_396' title='bbox 1040 3786 1093 3832; x_wconf 90' lang='lat' dir='ltr'><strong>et</strong></span> <span class='ocrx_word' id='word_1_397' title='bbox 1130 3778 1289 3831; x_wconf 91' lang='lat' dir='ltr'><strong>duces</strong></span> <span class='ocrx_word' id='word_1_398' title='bbox 1322 3778 1386 3831; x_wconf 86' lang='lat' dir='ltr'><strong>ex</strong></span> <span class='ocrx_word' id='word_1_399' title='bbox 1414 3774 1572 3843; x_wconf 85' lang='lat' dir='ltr'><strong>Juda,</strong></span> <span class='ocrx_word' id='word_1_400' title='bbox 1609 3777 1659 3829; x_wconf 91' lang='lat' dir='ltr'><strong>id</strong></span> <span class='ocrx_word' id='word_1_401' title='bbox 1693 3786 1775 3831; x_wconf 89' lang='lat' dir='ltr'><strong>est</strong></span> <span class='ocrx_word' id='word_1_402' title='bbox 1804 3791 1867 3830; x_wconf 86' lang='lat' dir='ltr'><strong>ex</strong></span> <span class='ocrx_word' id='word_1_403' title='bbox 1893 3777 2103 3837; x_wconf 72' lang='lat' dir='ltr'><strong>.ludceo-</strong></span> 
     </span>
    </p>
   </div>
   <div class='ocr_carea' id='block_1_57' title="bbox 553 3867 2097 3937">
    <p class='ocr_par' dir='ltr' id='par_1_57' title="bbox 553 3867 2097 3937">
     <span class='ocr_line' id='line_1_57' title="bbox 553 3867 2097 3937; baseline -0.002 -14"><span class='ocrx_word' id='word_1_404' title='bbox 553 3885 671 3923; x_wconf 82' lang='lat' dir='ltr'><strong>rum</strong></span> <span class='ocrx_word' id='word_1_405' title='bbox 695 3878 851 3937; x_wconf 89' lang='lat' dir='ltr'><strong>gente</strong></span> <span class='ocrx_word' id='word_1_406' title='bbox 883 3868 1224 3934; x_wconf 87' lang='lat' dir='ltr'><strong>defecissent,</strong></span> <span class='ocrx_word' id='word_1_407' title='bbox 1259 3867 1532 3921; x_wconf 89' lang='lat' dir='ltr'><strong>successio</strong></span> <span class='ocrx_word' id='word_1_408' title='bbox 1564 3870 1759 3921; x_wconf 89' lang='lat' dir='ltr'><strong>summi</strong></span> <span class='ocrx_word' id='word_1_409' title='bbox 1788 3868 2097 3933; x_wconf 86' lang='lat' dir='ltr'><strong>sacerdotii,</strong></span> 
     </span>
    </p>
   </div>
   <div class='ocr_carea' id='block_1_58' title="bbox 554 3959 2097 4028">
    <p class='ocr_par' dir='ltr' id='par_1_58' title="bbox 554 3959 2097 4028">
     <span class='ocr_line' id='line_1_58' title="bbox 554 3959 2097 4028; baseline 0.003 -19"><span class='ocrx_word' id='word_1_410' title='bbox 554 3961 696 4026; x_wconf 81' lang='lat' dir='ltr'><strong>quod</strong></span> <span class='ocrx_word' id='word_1_411' title='bbox 731 3974 826 4027; x_wconf 89' lang='lat' dir='ltr'><strong>per</strong></span> <span class='ocrx_word' id='word_1_412' title='bbox 858 3959 1069 4028; x_wconf 88' lang='lat' dir='ltr'><strong>generis</strong></span> <span class='ocrx_word' id='word_1_413' title='bbox 1107 3959 1415 4013; x_wconf 90' lang='lat' dir='ltr'><strong>continuam</strong></span> <span class='ocrx_word' id='word_1_414' title='bbox 1462 3961 1655 4012; x_wconf 90' lang='lat' dir='ltr'><strong>seriem</strong></span> <span class='ocrx_word' id='word_1_415' title='bbox 1706 3961 1953 4025; x_wconf 85' lang='lat' dir='ltr'><strong>proximo</strong></span> <span class='ocrx_word' id='word_1_416' title='bbox 1982 3962 2097 4015; x_wconf 87' lang='lat' dir='ltr'><strong>cui-</strong></span> 
     </span>
    </p>
   </div>
   <div class='ocr_carea' id='block_1_59' title="bbox 552 4048 2098 4118">
    <p class='ocr_par' dir='ltr' id='par_1_59' title="bbox 552 4048 2098 4118">
     <span class='ocr_line' id='line_1_59' title="bbox 552 4048 2098 4118; baseline 0.003 -17"><span class='ocrx_word' id='word_1_417' title='bbox 552 4064 657 4118; x_wconf 87' lang='lat' dir='ltr'><strong>que</strong></span> <span class='ocrx_word' id='word_1_418' title='bbox 691 4050 949 4103; x_wconf 85' lang='lat' dir='ltr'><strong>hactenus</strong></span> <span class='ocrx_word' id='word_1_419' title='bbox 975 4049 1405 4102; x_wconf 87' lang='lat' dir='ltr'><strong>constantissime</strong></span> <span class='ocrx_word' id='word_1_420' title='bbox 1432 4049 1665 4102; x_wconf 92' lang='lat' dir='ltr'><strong>delatum</strong></span> <span class='ocrx_word' id='word_1_421' title='bbox 1694 4048 1891 4111; x_wconf 77' lang='lat' dir='ltr'><strong>fuerat,</strong></span> <span class='ocrx_word' id='word_1_422' title='bbox 1913 4066 2098 4105; x_wconf 88' lang='lat' dir='ltr'><strong>conse-</strong></span> 
     </span>
    </p>
   </div>
   <div class='ocr_carea' id='block_1_60' title="bbox 552 4138 2099 4208">
    <p class='ocr_par' dir='ltr' id='par_1_60' title="bbox 552 4138 2099 4208">
     <span class='ocr_line' id='line_1_60' title="bbox 552 4138 2099 4208; baseline 0.002 -18"><span class='ocrx_word' id='word_1_423' title='bbox 552 4149 780 4207; x_wconf 91' lang='lat' dir='ltr'><strong>quenter</strong></span> <span class='ocrx_word' id='word_1_424' title='bbox 828 4138 1031 4191; x_wconf 89' lang='lat' dir='ltr'><strong>turbari</strong></span> <span class='ocrx_word' id='word_1_425' title='bbox 1077 4148 1256 4206; x_wconf 71' lang='lat' dir='ltr'><strong>coepta</strong></span> <span class='ocrx_word' id='word_1_426' title='bbox 1286 4140 1393 4207; x_wconf 76' lang='lat'><strong>20</strong></span> <span class='ocrx_word' id='word_1_427' title='bbox 1420 4149 1517 4193; x_wconf 91' lang='lat' dir='ltr'><strong>est.</strong></span> <span class='ocrx_word' id='word_1_428' title='bbox 1562 4139 1731 4206; x_wconf 86' lang='lat' dir='ltr'><strong>Hujus</strong></span> <span class='ocrx_word' id='word_1_429' title='bbox 1758 4141 1833 4193; x_wconf 90' lang='lat' dir='ltr'><strong>rei</strong></span> <span class='ocrx_word' id='word_1_430' title='bbox 1865 4140 2099 4208; x_wconf 87' lang='lat' dir='ltr'><strong>locuple-</strong></span> 
     </span>
    </p>
   </div>
   <div class='ocr_carea' id='block_1_61' title="bbox 552 4228 2096 4297">
    <p class='ocr_par' dir='ltr' id='par_1_61' title="bbox 552 4228 2096 4297">
     <span class='ocr_line' id='line_1_61' title="bbox 552 4228 2096 4297; baseline 0.002 -18"><span class='ocrx_word' id='word_1_431' title='bbox 552 4229 820 4281; x_wconf 90' lang='lat' dir='ltr'><strong>tissimum</strong></span> <span class='ocrx_word' id='word_1_432' title='bbox 876 4237 1066 4281; x_wconf 86' lang='lat' dir='ltr'><strong>testem</strong></span> <span class='ocrx_word' id='word_1_433' title='bbox 1111 4229 1278 4282; x_wconf 89' lang='lat' dir='ltr'><strong>habes</strong></span> <span class='ocrx_word' id='word_1_434' title='bbox 1323 4229 1633 4297; x_wconf 81' lang='lat' dir='ltr'><strong>Josephum,</strong></span> <span class='ocrx_word' id='word_1_435' title='bbox 1687 4230 1777 4296; x_wconf 91' lang='lat' dir='ltr'><strong>qui</strong></span> <span class='ocrx_word' id='word_1_436' title='bbox 1836 4228 2096 4283; x_wconf 84' lang='lat' dir='ltr'><strong>Herodem</strong></span> 
     </span>
    </p>
   </div>
   <div class='ocr_carea' id='block_1_62' title="bbox 552 4308 2099 4385">
    <p class='ocr_par' dir='ltr' id='par_1_62' title="bbox 552 4308 2099 4385">
     <span class='ocr_line' id='line_1_62' title="bbox 552 4308 2099 4385; baseline -0.002 -11"><span class='ocrx_word' id='word_1_437' title='bbox 552 4318 764 4381; x_wconf 85' lang='lat' dir='ltr'><strong>scribit,</strong></span> <span class='ocrx_word' id='word_1_438' title='bbox 798 4329 1077 4385; x_wconf 86' lang='lat' dir='ltr'><strong>postquam</strong></span> <span class='ocrx_word' id='word_1_439' title='bbox 1129 4332 1223 4369; x_wconf 81' lang='lat' dir='ltr'><strong>rex</strong></span> <span class='ocrx_word' id='word_1_440' title='bbox 1257 4316 1451 4370; x_wconf 66' lang='lat' dir='ltr'><strong>iudica:</strong></span> <span class='ocrx_word' id='word_1_441' title='bbox 1480 4333 1510 4369; x_wconf 94' lang='lat' dir='ltr'><strong>a</strong></span> <span class='ocrx_word' id='word_1_442' title='bbox 1536 4308 1794 4371; x_wconf 83' lang='lat' dir='ltr'><strong>Romanis</strong></span> <span class='ocrx_word' id='word_1_443' title='bbox 1841 4320 2099 4371; x_wconf 85' lang='lat' dir='ltr'><strong>constitu-</strong></span> 
     </span>
    </p>
   </div>
   <div class='ocr_carea' id='block_1_63' title="bbox 2210 1878 3765 1965">
    <p class='ocr_par' dir='ltr' id='par_1_63' title="bbox 2210 1878 3765 1965">
     <span class='ocr_line' id='line_1_63' title="bbox 2210 1878 3765 1965; baseline 0.003 -23"><span class='ocrx_word' id='word_1_444' title='bbox 2210 1891 2472 1961; x_wconf 80' lang='grc' dir='ltr'>χρώμενοι</span> <span class='ocrx_word' id='word_1_445' title='bbox 2491 1893 2906 1964; x_wconf 77' lang='grc' dir='ltr'>ἀριστοκρατικῇ</span> <span class='ocrx_word' id='word_1_446' title='bbox 2931 1878 3415 1964; x_wconf 16' lang='grc' dir='ltr'>μτάδόλιγαρχίας.</span> <span class='ocrx_word' id='word_1_447' title='bbox 3441 1896 3501 1946; x_wconf 78' lang='lat' dir='ltr'><strong>Oi</strong></span> <span class='ocrx_word' id='word_1_448' title='bbox 3526 1894 3634 1965; x_wconf 80' lang='grc' dir='ltr'>γὰρ</span> <span class='ocrx_word' id='word_1_449' title='bbox 3657 1895 3765 1965; x_wconf 85' lang='grc' dir='ltr'>ἀρ·-</span> 
     </span>
    </p>
   </div>
   <div class='ocr_carea' id='block_1_64' title="bbox 2210 1971 3833 2055">
    <p class='ocr_par' dir='ltr' id='par_1_64' title="bbox 2210 1971 3833 2055">
     <span class='ocr_line' id='line_1_64' title="bbox 2210 1971 3833 2055; baseline 0.003 -22"><span class='ocrx_word' id='word_1_450' title='bbox 2210 1986 2409 2050; x_wconf 88' lang='grc' dir='ltr'>χιερεῖς</span> <span class='ocrx_word' id='word_1_451' title='bbox 2469 1977 2888 2052; x_wconf 83' lang='grc' dir='ltr'>προεστήκεισαν</span> <span class='ocrx_word' id='word_1_452' title='bbox 2935 1983 3043 2036; x_wconf 90' lang='grc' dir='ltr'><strong>τῶν</strong></span> <span class='ocrx_word' id='word_1_453' title='bbox 3076 1985 3426 2053; x_wconf 68' lang='grc' dir='ltr'>πραγμάτων,</span> <span class='ocrx_word' id='word_1_454' title='bbox 3482 1986 3641 2055; x_wconf 80' lang='grc' dir='ltr'>ἄχρις</span> <span class='ocrx_word' id='word_1_455' title='bbox 3695 1979 3761 2038; x_wconf 77' lang='grc' dir='ltr'><strong>οῦ</strong></span> <span class='ocrx_word' id='word_1_456' title='bbox 3824 1971 3833 1977; x_wconf 51' lang='grc'><em>’</em></span> 
     </span>
    </p>
   </div>
   <div class='ocr_carea' id='block_1_65' title="bbox 2208 2068 3761 2143">
    <p class='ocr_par' dir='ltr' id='par_1_65' title="bbox 2208 2068 3761 2143">
     <span class='ocr_line' id='line_1_65' title="bbox 2208 2068 3761 2143; baseline 0.005 -25"><span class='ocrx_word' id='word_1_457' title='bbox 2208 2068 2484 2138; x_wconf 84' lang='grc' dir='ltr'>Πομπήϊος</span> <span class='ocrx_word' id='word_1_458' title='bbox 2534 2070 2819 2143; x_wconf 75' lang='grc' dir='ltr'>Ῥωμαίων</span> <span class='ocrx_word' id='word_1_459' title='bbox 2875 2072 3170 2142; x_wconf 77' lang='grc' dir='ltr'>στρατηγὸς</span> <span class='ocrx_word' id='word_1_460' title='bbox 3228 2073 3470 2135; x_wconf 82' lang='grc' dir='ltr'>ἐπιστὰς,</span> <span class='ocrx_word' id='word_1_461' title='bbox 3516 2074 3617 2143; x_wconf 83' lang='grc' dir='ltr'><strong>τὴν</strong></span> <span class='ocrx_word' id='word_1_462' title='bbox 3654 2074 3761 2143; x_wconf 86' lang='grc' dir='ltr'><strong>μὲν</strong></span> 
     </span>
    </p>
   </div>
   <div class='ocr_carea' id='block_1_66' title="bbox 2219 2140 3762 2233">
    <p class='ocr_par' dir='ltr' id='par_1_66' title="bbox 2219 2140 3762 2233">
     <span class='ocr_line' id='line_1_66' title="bbox 2219 2140 3762 2233; baseline 0.006 -25"><span class='ocrx_word' id='word_1_463' title='bbox 2219 2140 2563 2229; x_wconf 80' lang='grc' dir='ltr'>Ἰερουσαλὴμ</span> <span class='ocrx_word' id='word_1_464' title='bbox 2609 2159 2881 2230; x_wconf 86' lang='grc' dir='ltr'>πολιορκεῖ</span> <span class='ocrx_word' id='word_1_465' title='bbox 2933 2140 3288 2233; x_wconf 81' lang='grc' dir='ltr'>κατακράτος,</span> <span class='ocrx_word' id='word_1_466' title='bbox 3341 2163 3534 2232; x_wconf 81' lang='grc' dir='ltr'>μιαίνει</span> <span class='ocrx_word' id='word_1_467' title='bbox 3572 2140 3762 2217; x_wconf 27' lang='grc' dir='ltr'>’τεντὰ</span> 
     </span>
    </p>
   </div>
   <div class='ocr_carea' id='block_1_67' title="bbox 2206 2246 3760 2322">
    <p class='ocr_par' dir='ltr' id='par_1_67' title="bbox 2206 2246 3760 2322">
     <span class='ocr_line' id='line_1_67' title="bbox 2206 2246 3760 2322; baseline 0.005 -25"><span class='ocrx_word' id='word_1_468' title='bbox 2206 2246 2334 2313; x_wconf 80' lang='grc' dir='ltr'>ἅγια</span> <span class='ocrx_word' id='word_1_469' title='bbox 2369 2247 2529 2318; x_wconf 84' lang='grc' dir='ltr'>μέχρι</span> <span class='ocrx_word' id='word_1_470' title='bbox 2562 2247 2667 2300; x_wconf 90' lang='grc' dir='ltr'><strong>τῶν</strong></span> <span class='ocrx_word' id='word_1_471' title='bbox 2713 2249 2916 2303; x_wconf 82' lang='grc' dir='ltr'>ἀδύτων</span> <span class='ocrx_word' id='word_1_472' title='bbox 2941 2250 3031 2303; x_wconf 89' lang='grc' dir='ltr'><strong>τοῦ</strong></span> <span class='ocrx_word' id='word_1_473' title='bbox 3066 2251 3206 2322; x_wconf 79' lang='grc' dir='ltr'>ἱεροῦ</span> <span class='ocrx_word' id='word_1_474' title='bbox 3237 2251 3525 2322; x_wconf 86' lang='grc' dir='ltr'>προελθών.</span> <span class='ocrx_word' id='word_1_475' title='bbox 3561 2253 3670 2305; x_wconf 86' lang='grc' dir='ltr'>Τὸν</span> <span class='ocrx_word' id='word_1_476' title='bbox 3702 2253 3760 2306; x_wconf 85' lang='grc' dir='ltr'>δὲ</span> 
     </span>
    </p>
   </div>
   <div class='ocr_carea' id='block_1_68' title="bbox 2206 2328 3761 2415">
    <p class='ocr_par' dir='ltr' id='par_1_68' title="bbox 2206 2328 3761 2415">
     <span class='ocr_line' id='line_1_68' title="bbox 2206 2328 3761 2415; baseline 0.005 -27"><span class='ocrx_word' id='word_1_477' title='bbox 2206 2340 2267 2388; x_wconf 90' lang='grc' dir='ltr'><strong>ἐκ</strong></span> <span class='ocrx_word' id='word_1_478' title='bbox 2298 2339 2570 2408; x_wconf 88' lang='grc' dir='ltr'>προγόνων</span> <span class='ocrx_word' id='word_1_479' title='bbox 2602 2328 2845 2411; x_wconf 87' lang='grc' dir='ltr'>διαδοχῆς</span> <span class='ocrx_word' id='word_1_480' title='bbox 2886 2343 2963 2403; x_wconf 88' lang='grc' dir='ltr'>εἰς</span> <span class='ocrx_word' id='word_1_481' title='bbox 3001 2345 3169 2395; x_wconf 88' lang='grc' dir='ltr'>ἐκεῖνο</span> <span class='ocrx_word' id='word_1_482' title='bbox 3196 2343 3285 2396; x_wconf 91' lang='grc' dir='ltr'><strong>τοῦ</strong></span> <span class='ocrx_word' id='word_1_483' title='bbox 3313 2344 3501 2414; x_wconf 80' lang='grc' dir='ltr'>καιροῦ</span> <span class='ocrx_word' id='word_1_484' title='bbox 3531 2345 3761 2415; x_wconf 78' lang='grc' dir='ltr'><strong>διαρ&gt;ιέ‹⁸</strong></span> 
     </span>
    </p>
   </div>
   <div class='ocr_carea' id='block_1_69' title="bbox 2207 2426 3761 2503">
    <p class='ocr_par' dir='ltr' id='par_1_69' title="bbox 2207 2426 3761 2503">
     <span class='ocr_line' id='line_1_69' title="bbox 2207 2426 3761 2503; baseline 0.006 -27"><span class='ocrx_word' id='word_1_485' title='bbox 2207 2442 2368 2479; x_wconf 90' lang='grc' dir='ltr'>σαντα</span> <span class='ocrx_word' id='word_1_486' title='bbox 2392 2426 2609 2495; x_wconf 75' lang='grc' dir='ltr'>βασιλέα</span> <span class='ocrx_word' id='word_1_487' title='bbox 2640 2446 2697 2481; x_wconf 91' lang='grc' dir='ltr'><strong>τε</strong></span> <span class='ocrx_word' id='word_1_488' title='bbox 2738 2429 2871 2497; x_wconf 90' lang='grc' dir='ltr'>ὁμοῦ</span> <span class='ocrx_word' id='word_1_489' title='bbox 2911 2431 3001 2483; x_wconf 79' lang='grc' dir='ltr'>καὶ</span> <span class='ocrx_word' id='word_1_490' title='bbox 3037 2432 3311 2502; x_wconf 85' lang='grc' dir='ltr'>ἀρχιερέα,</span> <span class='ocrx_word' id='word_1_491' title='bbox 3351 2432 3761 2503; x_wconf 78' lang='grc' dir='ltr'>Ἀριστόϐουλος</span> 
     </span>
    </p>
   </div>
   <div class='ocr_carea' id='block_1_70' title="bbox 2204 2502 3765 2591">
    <p class='ocr_par' dir='ltr' id='par_1_70' title="bbox 2204 2502 3765 2591">
     <span class='ocr_line' id='line_1_70' title="bbox 2204 2502 3765 2591; baseline 0.003 -23"><span class='ocrx_word' id='word_1_492' title='bbox 2204 2517 2369 2586; x_wconf 78' lang='grc' dir='ltr'>ὄνομα</span> <span class='ocrx_word' id='word_1_493' title='bbox 2394 2516 2459 2588; x_wconf 81' lang='grc' dir='ltr'>ἦν</span> <span class='ocrx_word' id='word_1_494' title='bbox 2486 2502 2651 2588; x_wconf 77' lang='grc' dir='ltr'>αὐτῷ,</span> <span class='ocrx_word' id='word_1_495' title='bbox 2675 2519 2899 2588; x_wconf 79' lang='grc' dir='ltr'>’δέσμιον</span> <span class='ocrx_word' id='word_1_496' title='bbox 2926 2520 3018 2572; x_wconf 76' lang='grc' dir='ltr'><strong>ἐπὶ</strong></span> <span class='ocrx_word' id='word_1_497' title='bbox 3053 2521 3263 2591; x_wconf 86' lang='grc' dir='ltr'>Ῥώμην</span> <span class='ocrx_word' id='word_1_498' title='bbox 3284 2522 3397 2591; x_wconf 74' lang='grc' dir='ltr'><strong>ἅμα</strong></span> <span class='ocrx_word' id='word_1_499' title='bbox 3422 2521 3630 2583; x_wconf 83' lang='grc' dir='ltr'>τέκνοις</span> <span class='ocrx_word' id='word_1_500' title='bbox 3663 2522 3765 2573; x_wconf 78' lang='grc' dir='ltr'>ἐκ·</span> 
     </span>
    </p>
   </div>
   <div class='ocr_carea' id='block_1_71' title="bbox 2205 2608 3764 2682">
    <p class='ocr_par' dir='ltr' id='par_1_71' title="bbox 2205 2608 3764 2682">
     <span class='ocr_line' id='line_1_71' title="bbox 2205 2608 3764 2682; baseline 0.004 -24"><span class='ocrx_word' id='word_1_501' title='bbox 2205 2608 2438 2676; x_wconf 69' lang='grc' dir='ltr'>πέμψας,</span> <span class='ocrx_word' id='word_1_502' title='bbox 2481 2608 2725 2679; x_wconf 83' lang='grc' dir='ltr'>Ὑρκανῷ</span> <span class='ocrx_word' id='word_1_503' title='bbox 2759 2610 2854 2678; x_wconf 81' lang='grc' dir='ltr'><strong>μὲν</strong></span> <span class='ocrx_word' id='word_1_504' title='bbox 2883 2610 2958 2681; x_wconf 79' lang='grc' dir='ltr'>τῷ</span> <span class='ocrx_word' id='word_1_505' title='bbox 2998 2612 3180 2664; x_wconf 88' lang='grc' dir='ltr'>τούτου</span> <span class='ocrx_word' id='word_1_506' title='bbox 3215 2610 3421 2681; x_wconf 81' lang='grc' dir='ltr'>ἀδελφῷ</span> <span class='ocrx_word' id='word_1_507' title='bbox 3450 2610 3543 2682; x_wconf 84' lang='grc' dir='ltr'><strong>τὴν</strong></span> <span class='ocrx_word' id='word_1_508' title='bbox 3563 2610 3764 2682; x_wconf 74' lang='grc' dir='ltr'>ἀρχιε-</span> 
     </span>
    </p>
   </div>
   <div class='ocr_carea' id='block_1_72' title="bbox 2215 2698 3768 2782">
    <p class='ocr_par' dir='ltr' id='par_1_72' title="bbox 2215 2698 3768 2782">
     <span class='ocr_line' id='line_1_72' title="bbox 2215 2698 3768 2782; baseline -0.009 -19"><span class='ocrx_word' id='word_1_509' title='bbox 2215 2707 2456 2782; x_wconf 87' lang='grc' dir='ltr'>ρωσύνην</span> <span class='ocrx_word' id='word_1_510' title='bbox 2508 2703 2833 2776; x_wconf 88' lang='grc' dir='ltr'>παραδίδωσί</span> <span class='ocrx_word' id='word_1_511' title='bbox 2885 2719 2942 2754; x_wconf 89' lang='grc' dir='ltr'><strong>τε</strong></span> <span class='ocrx_word' id='word_1_512' title='bbox 2991 2701 3082 2752; x_wconf 77' lang='grc' dir='ltr'>καὶ</span> <span class='ocrx_word' id='word_1_513' title='bbox 3131 2702 3234 2752; x_wconf 83' lang='grc' dir='ltr'>πᾶν</span> <span class='ocrx_word' id='word_1_514' title='bbox 3292 2699 3549 2751; x_wconf 85' lang='grc' dir='ltr'>Ἰουδαίων</span> <span class='ocrx_word' id='word_1_515' title='bbox 3601 2698 3768 2760; x_wconf 74' lang='grc' dir='ltr'>ἔθνος</span> 
     </span>
    </p>
   </div>
   <div class='ocr_carea' id='block_1_73' title="bbox 2210 2790 3765 2866">
    <p class='ocr_par' dir='ltr' id='par_1_73' title="bbox 2210 2790 3765 2866">
     <span class='ocr_line' id='line_1_73' title="bbox 2210 2790 3765 2866; baseline -0.008 -13"><span class='ocrx_word' id='word_1_516' title='bbox 2210 2801 2272 2866; x_wconf 81' lang='grc' dir='ltr'>ἐξ</span> <span class='ocrx_word' id='word_1_517' title='bbox 2312 2800 2516 2852; x_wconf 84' lang='grc' dir='ltr'>ἐκείνου</span> <span class='ocrx_word' id='word_1_518' title='bbox 2574 2795 2853 2866; x_wconf 88' lang='grc' dir='ltr'>Ῥωμαίοις</span> <span class='ocrx_word' id='word_1_519' title='bbox 2899 2793 3160 2862; x_wconf 80' lang='grc' dir='ltr'>ύπόφορον</span> <span class='ocrx_word' id='word_1_520' title='bbox 3209 2792 3586 2860; x_wconf 84' lang='grc' dir='ltr'>κατεστήσατο.</span> <span class='ocrx_word' id='word_1_521' title='bbox 3644 2790 3765 2840; x_wconf 77' lang='grc' dir='ltr'><strong>Δύ-</strong></span> 
     </span>
    </p>
   </div>
   <div class='ocr_carea' id='block_1_74' title="bbox 2211 2879 3768 2965">
    <p class='ocr_par' dir='ltr' id='par_1_74' title="bbox 2211 2879 3768 2965">
     <span class='ocr_line' id='line_1_74' title="bbox 2211 2879 3768 2965; baseline -0.011 -18"><span class='ocrx_word' id='word_1_522' title='bbox 2211 2895 2338 2965; x_wconf 79' lang='grc' dir='ltr'>τίκα</span> <span class='ocrx_word' id='word_1_523' title='bbox 2353 2879 2485 2960; x_wconf 37' lang='grc' dir='ltr'>’γοῦν</span> <span class='ocrx_word' id='word_1_524' title='bbox 2513 2891 2605 2943; x_wconf 76' lang='grc' dir='ltr'>καὶ</span> <span class='ocrx_word' id='word_1_525' title='bbox 2646 2885 2925 2957; x_wconf 78' lang='grc' dir='ltr'>Ὑρκανοῦ,</span> <span class='ocrx_word' id='word_1_526' title='bbox 2959 2887 3036 2946; x_wconf 85' lang='grc' dir='ltr'>εἰς</span> <span class='ocrx_word' id='word_1_527' title='bbox 3065 2885 3121 2936; x_wconf 84' lang='grc' dir='ltr'>ὃν</span> <span class='ocrx_word' id='word_1_528' title='bbox 3163 2883 3383 2935; x_wconf 77' lang='grc' dir='ltr'>ὕστατον</span> <span class='ocrx_word' id='word_1_529' title='bbox 3417 2880 3484 2933; x_wconf 87' lang='grc' dir='ltr'><strong>τά</strong></span> <span class='ocrx_word' id='word_1_530' title='bbox 3513 2880 3614 2947; x_wconf 88' lang='grc' dir='ltr'><strong>τῆς</strong></span> <span class='ocrx_word' id='word_1_531' title='bbox 3647 2880 3768 2931; x_wconf 88' lang='grc' dir='ltr'><strong>τῶν</strong></span> 
     </span>
    </p>
   </div>
   <div class='ocr_carea' id='block_1_75' title="bbox 2210 2970 3768 3051">
    <p class='ocr_par' dir='ltr' id='par_1_75' title="bbox 2210 2970 3768 3051">
     <span class='ocr_line' id='line_1_75' title="bbox 2210 2970 3768 3051; baseline -0.007 -18"><span class='ocrx_word' id='word_1_532' title='bbox 2210 2980 2506 3051; x_wconf 79' lang='grc' dir='ltr'>ἀρχιερέων</span> <span class='ocrx_word' id='word_1_533' title='bbox 2542 2977 2794 3047; x_wconf 85' lang='grc' dir='ltr'>περιέστη</span> <span class='ocrx_word' id='word_1_534' title='bbox 2836 2974 3097 3043; x_wconf 78' lang='grc' dir='ltr'>διαδοχῆς,</span> <span class='ocrx_word' id='word_1_535' title='bbox 3142 2972 3243 3023; x_wconf 80' lang='grc' dir='ltr'>ὑπὸ</span> <span class='ocrx_word' id='word_1_536' title='bbox 3280 2970 3505 3041; x_wconf 80' lang='grc' dir='ltr'>Πάρθων</span> <span class='ocrx_word' id='word_1_537' title='bbox 3548 2971 3768 3039; x_wconf 77' lang='grc' dir='ltr'>αἰχμα-</span> 
     </span>
    </p>
   </div>
   <div class='ocr_carea' id='block_1_76' title="bbox 2211 3060 3767 3142">
    <p class='ocr_par' dir='ltr' id='par_1_76' title="bbox 2211 3060 3767 3142">
     <span class='ocr_line' id='line_1_76' title="bbox 2211 3060 3767 3142; baseline -0.014 -14"><span class='ocrx_word' id='word_1_538' title='bbox 2211 3075 2378 3128; x_wconf 86' lang='grc' dir='ltr'>λώτου</span> <span class='ocrx_word' id='word_1_539' title='bbox 2416 3071 2725 3142; x_wconf 80' lang='grc' dir='ltr'>ληφθέντος,</span> <span class='ocrx_word' id='word_1_540' title='bbox 2763 3068 3004 3137; x_wconf 85' lang='grc' dir='ltr'>πρῶτος,</span> <span class='ocrx_word' id='word_1_541' title='bbox 3041 3066 3116 3127; x_wconf 87' lang='grc' dir='ltr'>ὼς</span> <span class='ocrx_word' id='word_1_542' title='bbox 3150 3062 3284 3131; x_wconf 90' lang='grc' dir='ltr'>γοῦν-</span> <span class='ocrx_word' id='word_1_543' title='bbox 3316 3062 3480 3131; x_wconf 74' lang='grc' dir='ltr'>ἔφην,</span> <span class='ocrx_word' id='word_1_544' title='bbox 3518 3060 3767 3127; x_wconf 65' lang='grc' dir='ltr'>ἀλλόφυ-</span> 
     </span>
    </p>
   </div>
   <div class='ocr_carea' id='block_1_77' title="bbox 2208 3152 3770 3233">
    <p class='ocr_par' dir='ltr' id='par_1_77' title="bbox 2208 3152 3770 3233">
     <span class='ocr_line' id='line_1_77' title="bbox 2208 3152 3770 3233; baseline -0.01 -16"><span class='ocrx_word' id='word_1_545' title='bbox 2208 3166 2295 3227; x_wconf 85' lang='grc' dir='ltr'>λος</span> <span class='ocrx_word' id='word_1_546' title='bbox 2344 3162 2588 3233; x_wconf 75' lang='grc' dir='ltr'>Ἥρώδης</span> <span class='ocrx_word' id='word_1_547' title='bbox 2626 3160 2726 3211; x_wconf 83' lang='grc' dir='ltr'>ὑπὸ</span> <span class='ocrx_word' id='word_1_548' title='bbox 2749 3159 2847 3227; x_wconf 84' lang='grc' dir='ltr'><strong>τῆς</strong></span> <span class='ocrx_word' id='word_1_549' title='bbox 2884 3156 3177 3225; x_wconf 65' lang='grc' dir='ltr'>συγκλήτου</span> <span class='ocrx_word' id='word_1_550' title='bbox 3219 3153 3494 3223; x_wconf 85' lang='grc' dir='ltr'>Ῥωμαίων</span> <span class='ocrx_word' id='word_1_551' title='bbox 3526 3152 3618 3203; x_wconf 72' lang='grc' dir='ltr'><strong>καὶ</strong></span> <span class='ocrx_word' id='word_1_552' title='bbox 3660 3152 3770 3203; x_wconf 81' lang='grc' dir='ltr'><strong>Αὐ-</strong></span> 
     </span>
    </p>
   </div>
   <div class='ocr_carea' id='block_1_78' title="bbox 2210 3240 3764 3322">
    <p class='ocr_par' dir='ltr' id='par_1_78' title="bbox 2210 3240 3764 3322">
     <span class='ocr_line' id='line_1_78' title="bbox 2210 3240 3764 3322; baseline -0.008 -16"><span class='ocrx_word' id='word_1_553' title='bbox 2210 3253 2438 3322; x_wconf 81' lang='grc' dir='ltr'>γούστου</span> <span class='ocrx_word' id='word_1_554' title='bbox 2479 3249 2734 3319; x_wconf 85' lang='grc' dir='ltr'>βασιλέως</span> <span class='ocrx_word' id='word_1_555' title='bbox 2768 3247 2827 3298; x_wconf 85' lang='grc' dir='ltr'><strong>τὸ</strong></span> <span class='ocrx_word' id='word_1_556' title='bbox 2875 3245 3137 3298; x_wconf 89' lang='grc' dir='ltr'>Ἰουδαίων</span> <span class='ocrx_word' id='word_1_557' title='bbox 3184 3240 3333 3305; x_wconf 71' lang='grc' dir='ltr'>ἔθνος</span> <span class='ocrx_word' id='word_1_558' title='bbox 3369 3241 3764 3311; x_wconf 76' lang='grc' dir='ltr'>ἐγχειρίζεται.</span> 
     </span>
    </p>
   </div>
   <div class='ocr_carea' id='block_1_79' title="bbox 2210 3330 3765 3410">
    <p class='ocr_par' dir='ltr' id='par_1_79' title="bbox 2210 3330 3765 3410">
     <span class='ocr_line' id='line_1_79' title="bbox 2210 3330 3765 3410; baseline -0.008 -13"><span class='ocrx_word' id='word_1_559' title='bbox 2210 3343 2343 3396; x_wconf 83' lang='grc' dir='ltr'>Καθ’</span> <span class='ocrx_word' id='word_1_560' title='bbox 2379 3342 2438 3394; x_wconf 84' lang='grc' dir='ltr'>ὃν</span> <span class='ocrx_word' id='word_1_561' title='bbox 2475 3339 2744 3410; x_wconf 83' lang='grc' dir='ltr'>ἐναργῶς,</span> <span class='ocrx_word' id='word_1_562' title='bbox 2781 3336 2878 3404; x_wconf 88' lang='grc' dir='ltr'><strong>τῆς</strong></span> <span class='ocrx_word' id='word_1_563' title='bbox 2924 3334 3018 3387; x_wconf 86' lang='grc' dir='ltr'><strong>τοῦ</strong></span> <span class='ocrx_word' id='word_1_564' title='bbox 3063 3332 3291 3405; x_wconf 86' lang='grc' dir='ltr'>Χριστοῦ</span> <span class='ocrx_word' id='word_1_565' title='bbox 3329 3330 3626 3402; x_wconf 82' lang='grc' dir='ltr'>παρουσίας</span> <span class='ocrx_word' id='word_1_566' title='bbox 3666 3334 3765 3386; x_wconf 81' lang='grc' dir='ltr'><strong>ὲν-</strong></span> 
     </span>
    </p>
   </div>
   <div class='ocr_carea' id='block_1_80' title="bbox 2212 3423 3764 3499">
    <p class='ocr_par' dir='ltr' id='par_1_80' title="bbox 2212 3423 3764 3499">
     <span class='ocr_line' id='line_1_80' title="bbox 2212 3423 3764 3499; baseline -0.005 -15"><span class='ocrx_word' id='word_1_567' title='bbox 2212 3432 2443 3499; x_wconf 86' lang='grc' dir='ltr'>στάσης,</span> <span class='ocrx_word' id='word_1_568' title='bbox 2500 3430 2606 3480; x_wconf 88' lang='grc' dir='ltr'><strong>τῶν</strong></span> <span class='ocrx_word' id='word_1_569' title='bbox 2656 3427 2821 3479; x_wconf 86' lang='grc' dir='ltr'>ἐθνῶν</span> <span class='ocrx_word' id='word_1_570' title='bbox 2864 3423 3352 3495; x_wconf 79' lang='grc' dir='ltr'>η’προσδοκωμένη</span> <span class='ocrx_word' id='word_1_571' title='bbox 3404 3423 3645 3494; x_wconf 87' lang='grc' dir='ltr'>σωτηρία</span> <span class='ocrx_word' id='word_1_572' title='bbox 3696 3441 3764 3476; x_wconf 81' lang='grc' dir='ltr'><strong>τε</strong></span> 
     </span>
    </p>
   </div>
   <div class='ocr_carea' id='block_1_81' title="bbox 2208 3504 3766 3590">
    <p class='ocr_par' dir='ltr' id='par_1_81' title="bbox 2208 3504 3766 3590">
     <span class='ocr_line' id='line_1_81' title="bbox 2208 3504 3766 3590; baseline -0.004 -15"><span class='ocrx_word' id='word_1_573' title='bbox 2208 3524 2301 3575; x_wconf 78' lang='grc' dir='ltr'>καὶ</span> <span class='ocrx_word' id='word_1_574' title='bbox 2347 3521 2535 3590; x_wconf 80' lang='grc' dir='ltr'>κλῆσις</span> <span class='ocrx_word' id='word_1_575' title='bbox 2575 3520 2682 3589; x_wconf 72' lang='grc'>(84)</span> <span class='ocrx_word' id='word_1_576' title='bbox 2720 3516 3018 3579; x_wconf 79' lang='grc' dir='ltr'>ἀκολούθως</span> <span class='ocrx_word' id='word_1_577' title='bbox 3063 3519 3129 3586; x_wconf 80' lang='grc' dir='ltr'>τῇ</span> <span class='ocrx_word' id='word_1_578' title='bbox 3168 3515 3466 3586; x_wconf 79' lang='grc' dir='ltr'>προφητείᾳ</span> <span class='ocrx_word' id='word_1_579' title='bbox 3500 3504 3766 3587; x_wconf 67' lang='grc' dir='ltr'>παρηκο-</span> 
     </span>
    </p>
   </div>
   <div class='ocr_carea' id='block_1_82' title="bbox 2205 3605 3763 3681">
    <p class='ocr_par' dir='ltr' id='par_1_82' title="bbox 2205 3605 3763 3681">
     <span class='ocr_line' id='line_1_82' title="bbox 2205 3605 3763 3681; baseline -0.002 -19"><span class='ocrx_word' id='word_1_580' title='bbox 2205 3609 2485 3681; x_wconf 87' lang='grc' dir='ltr'>λούθησεν·</span> <span class='ocrx_word' id='word_1_581' title='bbox 2518 3610 2574 3675; x_wconf 81' lang='grc' dir='ltr'><strong>ἐξ</strong></span> <span class='ocrx_word' id='word_1_582' title='bbox 2601 3605 2662 3662; x_wconf 72' lang='grc' dir='ltr'>οὗ</span> <span class='ocrx_word' id='word_1_583' title='bbox 2705 3609 2768 3680; x_wconf 83' lang='grc' dir='ltr'><strong>δὴ</strong></span> <span class='ocrx_word' id='word_1_584' title='bbox 2808 3610 2996 3678; x_wconf 88' lang='grc' dir='ltr'>χρόνου</span> <span class='ocrx_word' id='word_1_585' title='bbox 3035 3606 3143 3661; x_wconf 88' lang='grc' dir='ltr'><strong>τῶν</strong></span> <span class='ocrx_word' id='word_1_586' title='bbox 3173 3607 3232 3672; x_wconf 77' lang='grc' dir='ltr'><strong>ἐξ</strong></span> <span class='ocrx_word' id='word_1_587' title='bbox 3261 3607 3439 3681; x_wconf 88' lang='grc' dir='ltr'><strong>¹Ἰούδα</strong></span> <span class='ocrx_word' id='word_1_588' title='bbox 3470 3607 3763 3679; x_wconf 76' lang='grc' dir='ltr'>ἀρχόντων</span> 
     </span>
    </p>
   </div>
   <div class='ocr_carea' id='block_1_83' title="bbox 2204 3698 3761 3772">
    <p class='ocr_par' dir='ltr' id='par_1_83' title="bbox 2204 3698 3761 3772">
     <span class='ocr_line' id='line_1_83' title="bbox 2204 3698 3761 3772; baseline -0.001 -18"><span class='ocrx_word' id='word_1_589' title='bbox 2204 3720 2264 3754; x_wconf 90' lang='grc' dir='ltr'><strong>τε</strong></span> <span class='ocrx_word' id='word_1_590' title='bbox 2304 3704 2394 3755; x_wconf 72' lang='grc' dir='ltr'><strong>καὶ</strong></span> <span class='ocrx_word' id='word_1_591' title='bbox 2431 3702 2775 3771; x_wconf 76' lang='grc' dir='ltr'>ἡγουμένων,</span> <span class='ocrx_word' id='word_1_592' title='bbox 2812 3702 2951 3769; x_wconf 82' lang='grc' dir='ltr'>λέγω</span> <span class='ocrx_word' id='word_1_593' title='bbox 2994 3701 3051 3754; x_wconf 83' lang='grc' dir='ltr'>δὲ</span> <span class='ocrx_word' id='word_1_594' title='bbox 3087 3701 3200 3772; x_wconf 40' lang='grc' dir='ltr'>τῶν.</span> <span class='ocrx_word' id='word_1_595' title='bbox 3237 3702 3301 3753; x_wconf 88' lang='grc' dir='ltr'><strong>ἐκ</strong></span> <span class='ocrx_word' id='word_1_596' title='bbox 3343 3698 3436 3753; x_wconf 92' lang='grc' dir='ltr'><strong>τοῦ</strong></span> <span class='ocrx_word' id='word_1_597' title='bbox 3478 3700 3761 3753; x_wconf 83' lang='grc' dir='ltr'>Ἰουδαίων</span> 
     </span>
    </p>
   </div>
   <div class='ocr_carea' id='block_1_84' title="bbox 2205 3789 3760 3860">
    <p class='ocr_par' dir='ltr' id='par_1_84' title="bbox 2205 3789 3760 3860">
     <span class='ocr_line' id='line_1_84' title="bbox 2205 3789 3760 3860; baseline 0.001 -19"><span class='ocrx_word' id='word_1_598' title='bbox 2205 3791 2385 3853; x_wconf 77' lang='grc' dir='ltr'>ἔθνους</span> <span class='ocrx_word' id='word_1_599' title='bbox 2417 3792 2837 3855; x_wconf 88' lang='grc' dir='ltr'>διαλελοιπότων,</span> <span class='ocrx_word' id='word_1_600' title='bbox 2866 3792 3086 3854; x_wconf 84' lang='grc' dir='ltr'>εἰκότως</span> <span class='ocrx_word' id='word_1_601' title='bbox 3109 3791 3284 3854; x_wconf 81' lang='grc' dir='ltr'>αὐτοῖς</span> <span class='ocrx_word' id='word_1_602' title='bbox 3312 3791 3403 3843; x_wconf 73' lang='grc' dir='ltr'><strong>καὶ</strong></span> <span class='ocrx_word' id='word_1_603' title='bbox 3434 3789 3647 3860; x_wconf 45' lang='lat' dir='ltr'><strong>magri);</strong></span> <span class='ocrx_word' id='word_1_604' title='bbox 3688 3793 3760 3843; x_wconf 82' lang='grc' dir='ltr'><strong>ἐκ</strong></span> 
     </span>
    </p>
   </div>
   <div class='ocr_carea' id='block_1_85' title="bbox 2205 3875 3760 3949">
    <p class='ocr_par' dir='ltr' id='par_1_85' title="bbox 2205 3875 3760 3949">
     <span class='ocr_line' id='line_1_85' title="bbox 2205 3875 3760 3949; baseline -0.001 -19"><span class='ocrx_word' id='word_1_605' title='bbox 2205 3880 2478 3949; x_wconf 85' lang='grc' dir='ltr'>προγόνων</span> <span class='ocrx_word' id='word_1_606' title='bbox 2529 3880 2796 3943; x_wconf 86' lang='grc' dir='ltr'>εὐσταθῶς</span> <span class='ocrx_word' id='word_1_607' title='bbox 2852 3880 2940 3933; x_wconf 83' lang='grc' dir='ltr'><strong>ἐπὶ</strong></span> <span class='ocrx_word' id='word_1_608' title='bbox 3010 3881 3134 3942; x_wconf 80' lang='grc' dir='ltr'>τοὺς</span> <span class='ocrx_word' id='word_1_609' title='bbox 3194 3880 3413 3947; x_wconf 80' lang='grc' dir='ltr'>ἔγγιστα</span> <span class='ocrx_word' id='word_1_610' title='bbox 3471 3875 3760 3946; x_wconf 84' lang='grc' dir='ltr'>διαδόχους</span> 
     </span>
    </p>
   </div>
   <div class='ocr_carea' id='block_1_86' title="bbox 2204 3969 3755 4040">
    <p class='ocr_par' dir='ltr' id='par_1_86' title="bbox 2204 3969 3755 4040">
     <span class='ocr_line' id='line_1_86' title="bbox 2204 3969 3755 4040; baseline -0.001 -16"><span class='ocrx_word' id='word_1_611' title='bbox 2204 3972 2341 4024; x_wconf 82' lang='grc' dir='ltr'>κατὰ</span> <span class='ocrx_word' id='word_1_612' title='bbox 2379 3970 2566 4037; x_wconf 79' lang='grc' dir='ltr'>γενεὰν</span> <span class='ocrx_word' id='word_1_613' title='bbox 2616 3971 2900 4040; x_wconf 79' lang='grc' dir='ltr'>προϊούσης</span> <span class='ocrx_word' id='word_1_614' title='bbox 2935 3969 3367 4039; x_wconf 83' lang='grc' dir='ltr'>ἀρχιερωσύνης,</span> <span class='ocrx_word' id='word_1_615' title='bbox 3406 3970 3755 4040; x_wconf 87' lang='grc' dir='ltr'>παραχρῆμα</span> 
     </span>
    </p>
   </div>
   <div class='ocr_carea' id='block_1_87' title="bbox 2205 4046 3757 4132">
    <p class='ocr_par' dir='ltr' id='par_1_87' title="bbox 2205 4046 3757 4132">
     <span class='ocr_line' id='line_1_87' title="bbox 2205 4046 3757 4132; baseline -0.004 -16"><span class='ocrx_word' id='word_1_616' title='bbox 2205 4066 2490 4132; x_wconf 85' lang='grc' dir='ltr'>συγχεῖται.</span> <span class='ocrx_word' id='word_1_617' title='bbox 2540 4063 2719 4130; x_wconf 86' lang='grc' dir='ltr'>Ἔχεις</span> <span class='ocrx_word' id='word_1_618' title='bbox 2756 4060 2848 4113; x_wconf 69' lang='grc' dir='ltr'><strong>κα)⁴</strong></span> <span class='ocrx_word' id='word_1_619' title='bbox 2889 4060 3088 4112; x_wconf 87' lang='grc' dir='ltr'>τούτων</span> <span class='ocrx_word' id='word_1_620' title='bbox 3137 4060 3397 4129; x_wconf 79' lang='grc' dir='ltr'>ἀξιόχρεω</span> <span class='ocrx_word' id='word_1_621' title='bbox 3430 4046 3521 4113; x_wconf 83' lang='grc' dir='ltr'>τὸν</span> <span class='ocrx_word' id='word_1_622' title='bbox 3552 4058 3757 4129; x_wconf 73' lang='grc' dir='ltr'>Ἰώση-</span> 
     </span>
    </p>
   </div>
   <div class='ocr_carea' id='block_1_88' title="bbox 2204 4148 3756 4221">
    <p class='ocr_par' dir='ltr' id='par_1_88' title="bbox 2204 4148 3756 4221">
     <span class='ocr_line' id='line_1_88' title="bbox 2204 4148 3756 4221; baseline 0.003 -18"><span class='ocrx_word' id='word_1_623' title='bbox 2204 4170 2299 4204; x_wconf 86' lang='grc' dir='ltr'><strong>πον</strong></span> <span class='ocrx_word' id='word_1_624' title='bbox 2325 4154 2589 4221; x_wconf 84' lang='grc' dir='ltr'>μάρτυρα,</span> <span class='ocrx_word' id='word_1_625' title='bbox 2616 4149 2871 4216; x_wconf 87' lang='grc' dir='ltr'>δηλοῦντα</span> <span class='ocrx_word' id='word_1_626' title='bbox 2900 4149 2974 4211; x_wconf 85' lang='grc' dir='ltr'>ὠς</span> <span class='ocrx_word' id='word_1_627' title='bbox 2999 4150 3095 4220; x_wconf 85' lang='grc' dir='ltr'>τὴν</span> <span class='ocrx_word' id='word_1_628' title='bbox 3126 4148 3391 4218; x_wconf 86' lang='grc' dir='ltr'>βασιλείαν</span> <span class='ocrx_word' id='word_1_629' title='bbox 3423 4151 3572 4220; x_wconf 83' lang='grc' dir='ltr'>παρὰ</span> <span class='ocrx_word' id='word_1_630' title='bbox 3609 4151 3756 4207; x_wconf 77' lang='grc' dir='ltr'><strong>Ῥω-</strong></span> 
     </span>
    </p>
   </div>
   <div class='ocr_carea' id='block_1_89' title="bbox 2206 4239 3750 4311">
    <p class='ocr_par' dir='ltr' id='par_1_89' title="bbox 2206 4239 3750 4311">
     <span class='ocr_line' id='line_1_89' title="bbox 2206 4239 3750 4311; baseline -0.001 -20"><span class='ocrx_word' id='word_1_631' title='bbox 2206 4242 2375 4309; x_wconf 87' lang='grc' dir='ltr'>μαίων</span> <span class='ocrx_word' id='word_1_632' title='bbox 2408 4240 2721 4308; x_wconf 77' lang='grc' dir='ltr'>ἐπιτραπεὶς</span> <span class='ocrx_word' id='word_1_633' title='bbox 2764 4239 3021 4309; x_wconf 84' lang='grc' dir='ltr'>Ἦρώδης,</span> <span class='ocrx_word' id='word_1_634' title='bbox 3052 4241 3227 4293; x_wconf 78' lang='grc' dir='ltr'>οὐκέτι</span> <span class='ocrx_word' id='word_1_635' title='bbox 3262 4242 3385 4304; x_wconf 87' lang='grc' dir='ltr'>τοὺς</span> <span class='ocrx_word' id='word_1_636' title='bbox 3421 4243 3478 4305; x_wconf 83' lang='grc' dir='ltr'><strong>ἐξ</strong></span> <span class='ocrx_word' id='word_1_637' title='bbox 3509 4240 3750 4311; x_wconf 86' lang='grc' dir='ltr'>ἀρχαίου</span> 
     </span>
    </p>
   </div>
   <div class='ocr_carea' id='block_1_90' title="bbox 2202 4324 3751 4400">
    <p class='ocr_par' dir='ltr' id='par_1_90' title="bbox 2202 4324 3751 4400">
     <span class='ocr_line' id='line_1_90' title="bbox 2202 4324 3751 4400; baseline 0.003 -23"><span class='ocrx_word' id='word_1_638' title='bbox 2202 4327 2389 4393; x_wconf 78' lang='grc' dir='ltr'>γένους</span> <span class='ocrx_word' id='word_1_639' title='bbox 2442 4324 2753 4394; x_wconf 89' lang='grc' dir='ltr'>καθίστησιν</span> <span class='ocrx_word' id='word_1_640' title='bbox 2802 4329 3068 4400; x_wconf 81' lang='grc' dir='ltr'>ἀρχιερεῖς</span> <span class='ocrx_word' id='word_1_641' title='bbox 3094 4369 3107 4393; x_wconf 90' lang='grc'><strong>,</strong></span> <span class='ocrx_word' id='word_1_642' title='bbox 3145 4330 3276 4383; x_wconf 87' lang='grc' dir='ltr'><strong>ἀλλά</strong></span> <span class='ocrx_word' id='word_1_643' title='bbox 3326 4348 3463 4383; x_wconf 87' lang='grc' dir='ltr'>τισιν</span> <span class='ocrx_word' id='word_1_644' title='bbox 3500 4331 3751 4397; x_wconf 82' lang='grc' dir='ltr'>ἀσήμοις</span> 
     </span>
    </p>
   </div>
   <div class='ocr_carea' id='block_1_91' title="bbox 553 4409 2103 4495">
    <p class='ocr_par' dir='ltr' id='par_1_91' title="bbox 553 4409 2093 4477">
     <span class='ocr_line' id='line_1_91' title="bbox 553 4409 2093 4477; baseline -0.001 -12"><span class='ocrx_word' id='word_1_645' title='bbox 553 4424 640 4467; x_wconf 82' lang='grc' dir='ltr'><strong>ωε</strong></span> <span class='ocrx_word' id='word_1_646' title='bbox 667 4420 770 4475; x_wconf 89' lang='lat' dir='ltr'><strong>est,</strong></span> <span class='ocrx_word' id='word_1_647' title='bbox 806 4425 909 4463; x_wconf 95' lang='lat' dir='ltr'><strong>non</strong></span> <span class='ocrx_word' id='word_1_648' title='bbox 942 4409 1169 4476; x_wconf 86' lang='lat' dir='ltr'><strong>amplius</strong></span> <span class='ocrx_word' id='word_1_649' title='bbox 1200 4422 1265 4463; x_wconf 88' lang='lat' dir='ltr'><strong>ex</strong></span> <span class='ocrx_word' id='word_1_650' title='bbox 1297 4411 1514 4476; x_wconf 85' lang='lat' dir='ltr'><strong>antiqua</strong></span> <span class='ocrx_word' id='word_1_651' title='bbox 1564 4409 1871 4477; x_wconf 82' lang='lat' dir='ltr'><strong>pontificum</strong></span> <span class='ocrx_word' id='word_1_652' title='bbox 1926 4412 2093 4477; x_wconf 90' lang='lat' dir='ltr'><strong>stirpe</strong></span> 
     </span>
    </p>
   </div>
   <div class='ocr_carea' id='block_1_92' title="bbox 2206 4409 3755 4495">
    <p class='ocr_par' dir='ltr' id='par_1_92' title="bbox 2206 4414 3755 4495">
     <span class='ocr_line' id='line_1_92' title="bbox 2206 4414 3755 4495; baseline 0.008 -29"><span class='ocrx_word' id='word_1_653' title='bbox 2206 4414 2294 4483; x_wconf 75' lang='grc' dir='ltr'><strong>Ιεὴν</strong></span> <span class='ocrx_word' id='word_1_654' title='bbox 2326 4415 2486 4485; x_wconf 83' lang='grc' dir='ltr'>τιμὴν</span> <span class='ocrx_word' id='word_1_655' title='bbox 2518 4419 2798 4489; x_wconf 84' lang='grc' dir='ltr'>ἀπένεμεν·</span> <span class='ocrx_word' id='word_1_656' title='bbox 2830 4422 2895 4475; x_wconf 87' lang='grc' dir='ltr'>τὰ</span> <span class='ocrx_word' id='word_1_657' title='bbox 2926 4424 3081 4493; x_wconf 87' lang='grc' dir='ltr'>ὃμοια</span> <span class='ocrx_word' id='word_1_658' title='bbox 3108 4425 3164 4478; x_wconf 82' lang='grc' dir='ltr'>δὲ</span> <span class='ocrx_word' id='word_1_659' title='bbox 3195 4424 3391 4495; x_wconf 78' lang='grc' dir='ltr'>πρᾶξαι</span> <span class='ocrx_word' id='word_1_660' title='bbox 3424 4424 3499 4494; x_wconf 76' lang='grc' dir='ltr'>τῷ</span> <span class='ocrx_word' id='word_1_661' title='bbox 3530 4425 3755 4495; x_wconf 84' lang='grc' dir='ltr'>Ἡρώδῃ</span> 
     </span>
    </p>
   </div>
   <div class='ocr_carea' id='block_1_93' title="bbox 553 4498 2094 4571">
    <p class='ocr_par' dir='ltr' id='par_1_93' title="bbox 553 4498 2094 4571">
     <span class='ocr_line' id='line_1_93' title="bbox 553 4498 2094 4571; baseline -0.003 -13"><span class='ocrx_word' id='word_1_662' title='bbox 553 4518 796 4558; x_wconf 88' lang='lat' dir='ltr'><strong>summos</strong></span> <span class='ocrx_word' id='word_1_663' title='bbox 849 4503 1157 4555; x_wconf 90' lang='lat' dir='ltr'><strong>sacerdotes</strong></span> <span class='ocrx_word' id='word_1_664' title='bbox 1191 4501 1491 4565; x_wconf 28' lang='lat' dir='ltr'><strong>,creavisse,</strong></span> <span class='ocrx_word' id='word_1_665' title='bbox 1538 4498 1631 4552; x_wconf 91' lang='lat' dir='ltr'><strong>sed</strong></span> <span class='ocrx_word' id='word_1_666' title='bbox 1674 4498 1993 4571; x_wconf 75' lang='lat' dir='ltr'><strong>ignobilibus</strong></span> <span class='ocrx_word' id='word_1_667' title='bbox 2040 4509 2094 4554; x_wconf 89' lang='lat' dir='ltr'><strong>et</strong></span> 
     </span>
    </p>
   </div>
   <div class='ocr_carea' id='block_1_94' title="bbox 553 4586 2092 4663">
    <p class='ocr_par' dir='ltr' id='par_1_94' title="bbox 553 4586 2092 4663">
     <span class='ocr_line' id='line_1_94' title="bbox 553 4586 2092 4663; baseline -0.005 -14"><span class='ocrx_word' id='word_1_668' title='bbox 553 4592 800 4648; x_wconf 90' lang='lat' dir='ltr'><strong>obscuris</strong></span> <span class='ocrx_word' id='word_1_669' title='bbox 828 4590 1143 4663; x_wconf 81' lang='lat' dir='ltr'><strong>quibusdam</strong></span> <span class='ocrx_word' id='word_1_670' title='bbox 1177 4588 1481 4644; x_wconf 84' lang='lat' dir='ltr'><strong>hominibus</strong></span> <span class='ocrx_word' id='word_1_671' title='bbox 1503 4588 1758 4643; x_wconf 89' lang='lat' dir='ltr'><strong>honorem</strong></span> <span class='ocrx_word' id='word_1_672' title='bbox 1784 4586 1931 4641; x_wconf 89' lang='lat' dir='ltr'><strong>illum</strong></span> <span class='ocrx_word' id='word_1_673' title='bbox 1960 4601 2092 4641; x_wconf 89' lang='lat' dir='ltr'><strong>con-</strong></span> 
     </span>
    </p>
   </div>
   <div class='ocr_carea' id='block_1_95' title="bbox 605 4858 2083 4930">
    <p class='ocr_par' dir='ltr' id='par_1_95' title="bbox 605 4858 2083 4930">
     <span class='ocr_line' id='line_1_95' title="bbox 605 4858 2083 4930; baseline 0.004 -17"><span class='ocrx_word' id='word_1_674' title='bbox 605 4859 724 4930; x_wconf 67' lang='grc' dir='ltr'>(ΒΞ)</span> <span class='ocrx_word' id='word_1_675' title='bbox 753 4858 1177 4930; x_wconf 32' lang='grc' dir='ltr'>νυὶεεπτ-ωχὸν</span> <span class='ocrx_word' id='word_1_676' title='bbox 1217 4861 1377 4930; x_wconf 60' lang='grc' dir='ltr'>ὄντα.</span> <span class='ocrx_word' id='word_1_677' title='bbox 1424 4861 1495 4916; x_wconf 91' lang='lat' dir='ltr'><strong>lta</strong></span> <span class='ocrx_word' id='word_1_678' title='bbox 1528 4864 1742 4930; x_wconf 91' lang='lat' dir='ltr'><strong>quidem</strong></span> <span class='ocrx_word' id='word_1_679' title='bbox 1782 4864 1947 4918; x_wconf 85' lang='lat' dir='ltr'><strong>codex</strong></span> <span class='ocrx_word' id='word_1_680' title='bbox 1979 4863 2083 4919; x_wconf 82' lang='lat' dir='ltr'><strong>Re-</strong></span> 
     </span>
    </p>
   </div>
   <div class='ocr_carea' id='block_1_96' title="bbox 534 4927 2109 4998">
    <p class='ocr_par' dir='ltr' id='par_1_96' title="bbox 534 4927 2109 4998">
     <span class='ocr_line' id='line_1_96' title="bbox 534 4927 2109 4998; baseline 0.003 -16"><span class='ocrx_word' id='word_1_681' title='bbox 534 4932 672 4998; x_wconf 85' lang='lat' dir='ltr'><strong>gius.</strong></span> <span class='ocrx_word' id='word_1_682' title='bbox 704 4929 804 4982; x_wconf 89' lang='lat' dir='ltr'><strong>Sed</strong></span> <span class='ocrx_word' id='word_1_683' title='bbox 837 4927 1026 4995; x_wconf 90' lang='lat' dir='ltr'><strong>reliqui</strong></span> <span class='ocrx_word' id='word_1_684' title='bbox 1059 4943 1268 4998; x_wconf 87' lang='lat' dir='ltr'><strong>omnes,</strong></span> <span class='ocrx_word' id='word_1_685' title='bbox 1293 4929 1429 4984; x_wconf 87' lang='lat' dir='ltr'><strong>Med.</strong></span> <span class='ocrx_word' id='word_1_686' title='bbox 1461 4927 1662 4985; x_wconf 80' lang='lat' dir='ltr'><strong>scilicet</strong></span> <span class='ocrx_word' id='word_1_687' title='bbox 1697 4942 1750 4987; x_wconf 93' lang='lat' dir='ltr'><strong>et</strong></span> <span class='ocrx_word' id='word_1_688' title='bbox 1785 4933 1919 4986; x_wconf 61' lang='grc' dir='ltr'>Μαι.</span> <span class='ocrx_word' id='word_1_689' title='bbox 1960 4949 2109 4987; x_wconf 74' lang='grc' dir='ltr'><strong>ουηιΔ</strong></span> 
     </span>
    </p>
   </div>
   <div class='ocr_carea' id='block_1_97' title="bbox 534 4996 2084 5072">
    <p class='ocr_par' dir='ltr' id='par_1_97' title="bbox 534 4996 2084 5072">
     <span class='ocr_line' id='line_1_97' title="bbox 534 4996 2084 5072; baseline 0.003 -21"><span class='ocrx_word' id='word_1_690' title='bbox 534 4996 668 5072; x_wconf 70' lang='lat' dir='ltr'><strong>Fuk.</strong></span> <span class='ocrx_word' id='word_1_691' title='bbox 697 5015 760 5053; x_wconf 89' lang='lat' dir='ltr'><strong>ac</strong></span> <span class='ocrx_word' id='word_1_692' title='bbox 783 4998 954 5072; x_wconf 89' lang='lat' dir='ltr'><strong>_S_avil.</strong></span> <span class='ocrx_word' id='word_1_693' title='bbox 997 4996 1254 5072; x_wconf 80' lang='lat' dir='ltr'><strong>scriptum</strong></span> <span class='ocrx_word' id='word_1_694' title='bbox 1289 4998 1485 5072; x_wconf 79' lang='lat' dir='ltr'><strong>habent</strong></span> <span class='ocrx_word' id='word_1_695' title='bbox 1511 5000 1713 5071; x_wconf 80' lang='grc' dir='ltr'>πένητα</span> <span class='ocrx_word' id='word_1_696' title='bbox 1754 5002 1902 5064; x_wconf 74' lang='grc' dir='ltr'>ὄντα,</span> <span class='ocrx_word' id='word_1_697' title='bbox 1927 5004 2084 5072; x_wconf 89' lang='lat' dir='ltr'><strong>longe</strong></span> 
     </span>
    </p>
   </div>
   <div class='ocr_carea' id='block_1_98' title="bbox 532 5065 2079 5141">
    <p class='ocr_par' dir='ltr' id='par_1_98' title="bbox 532 5065 2079 5141">
     <span class='ocr_line' id='line_1_98' title="bbox 532 5065 2079 5141; baseline 0.004 -20"><span class='ocrx_word' id='word_1_698' title='bbox 532 5069 750 5141; x_wconf 78' lang='lat' dir='ltr'><strong>rectius.</strong></span> <span class='ocrx_word' id='word_1_699' title='bbox 781 5067 913 5121; x_wconf 88' lang='lat' dir='ltr'><strong>Nam</strong></span> <span class='ocrx_word' id='word_1_700' title='bbox 957 5065 1168 5141; x_wconf 75' lang='grc' dir='ltr'>πτωχός</span> <span class='ocrx_word' id='word_1_701' title='bbox 1204 5068 1417 5135; x_wconf 88' lang='lat' dir='ltr'><strong>proprie</strong></span> <span class='ocrx_word' id='word_1_702' title='bbox 1447 5065 1747 5141; x_wconf 77' lang='lat' dir='ltr'><strong>mendicum</strong></span> <span class='ocrx_word' id='word_1_703' title='bbox 1795 5065 2079 5141; x_wconf 58' lang='lat' dir='ltr'><strong>signitica&#39;t,</strong></span> 
     </span>
    </p>
   </div>
   <div class='ocr_carea' id='block_1_99' title="bbox 533 5136 2082 5207">
    <p class='ocr_par' dir='ltr' id='par_1_99' title="bbox 533 5136 2082 5207">
     <span class='ocr_line' id='line_1_99' title="bbox 533 5136 2082 5207; baseline 0.007 -21"><span class='ocrx_word' id='word_1_704' title='bbox 533 5136 625 5202; x_wconf 87' lang='lat' dir='ltr'><strong>qui</strong></span> <span class='ocrx_word' id='word_1_705' title='bbox 657 5138 844 5205; x_wconf 87' lang='lat' dir='ltr'><strong>stipem</strong></span> <span class='ocrx_word' id='word_1_706' title='bbox 875 5138 1045 5207; x_wconf 73' lang='lat' dir='ltr'><strong>poscit</strong></span> <span class='ocrx_word' id='word_1_707' title='bbox 1073 5136 1141 5207; x_wconf 82' lang='lat' dir='ltr'><strong>ab</strong></span> <span class='ocrx_word' id='word_1_708' title='bbox 1183 5137 1622 5207; x_wconf 73' lang='lat' dir='ltr'><strong>occurrentibus;</strong></span> <span class='ocrx_word' id='word_1_709' title='bbox 1655 5136 1959 5207; x_wconf 75' lang='lat' dir='ltr'><strong>cujusuiodi</strong></span> <span class='ocrx_word' id='word_1_710' title='bbox 1987 5158 2082 5197; x_wconf 87' lang='lat' dir='ltr'><strong>ne-</strong></span> 
     </span>
    </p>
   </div>
   <div class='ocr_carea' id='block_1_100' title="bbox 531 5205 2087 5298">
    <p class='ocr_par' dir='ltr' id='par_1_100' title="bbox 531 5205 2087 5298">
     <span class='ocr_line' id='line_1_100' title="bbox 531 5205 2087 5298; baseline 0 0"><span class='ocrx_word' id='word_1_711' title='bbox 531 5219 808 5298; x_wconf 64' lang='lat' dir='ltr'><strong>q&quot;?.‘i‘l“ﬂ‘_</strong></span> <span class='ocrx_word' id='word_1_712' title='bbox 827 5205 1766 5298; x_wconf 55' lang='grc' dir='ltr'><strong>ΞξιξξΗεῗτοτίξὲἱιίίὲίθξἑξὶίείυὲξϋς,ξ,</strong></span> <span class='ocrx_word' id='word_1_713' title='bbox 2080 5216 2087 5269; x_wconf 84' lang='lat'><strong>‘-</strong></span> 
     </span>
    </p>
   </div>
   <div class='ocr_carea' id='block_1_101' title="bbox 601 5272 2079 5340">
    <p class='ocr_par' dir='ltr' id='par_1_101' title="bbox 601 5272 2079 5340">
     <span class='ocr_line' id='line_1_101' title="bbox 601 5272 2079 5340; baseline 0.009 -17"><span class='ocrx_word' id='word_1_714' title='bbox 601 5272 711 5340; x_wconf 73' lang='grc'>(83))</span> <span class='ocrx_word' id='word_1_715' title='bbox 744 5272 1059 5328; x_wconf 72' lang='grc' dir='ltr'>Φιλιοῦται.</span> <span class='ocrx_word' id='word_1_716' title='bbox 1088 5272 1295 5332; x_wconf 79' lang='lat' dir='ltr'><strong>Omnes</strong></span> <span class='ocrx_word' id='word_1_717' title='bbox 1342 5272 1768 5339; x_wconf 20' lang='lat' dir='ltr'><strong>nostriicodices</strong></span> <span class='ocrx_word' id='word_1_718' title='bbox 1804 5295 1914 5334; x_wconf 92' lang='lat' dir='ltr'><strong>uno</strong></span> <span class='ocrx_word' id='word_1_719' title='bbox 1947 5298 2079 5336; x_wconf 92' lang='lat' dir='ltr'><strong>con-</strong></span> 
     </span>
    </p>
   </div>
   <div class='ocr_carea' id='block_1_102' title="bbox 2201 4504 3756 4584">
    <p class='ocr_par' dir='ltr' id='par_1_102' title="bbox 2201 4504 3756 4584">
     <span class='ocr_line' id='line_1_102' title="bbox 2201 4504 3756 4584; baseline 0.008 -31"><span class='ocrx_word' id='word_1_720' title='bbox 2201 4504 2325 4573; x_wconf 81' lang='grc' dir='ltr'>περὶ</span> <span class='ocrx_word' id='word_1_721' title='bbox 2350 4505 2449 4573; x_wconf 80' lang='grc' dir='ltr'><strong>τῆς</strong></span> <span class='ocrx_word' id='word_1_722' title='bbox 2479 4509 2854 4573; x_wconf 80' lang='grc' dir='ltr'>καταστάσεως</span> <span class='ocrx_word' id='word_1_723' title='bbox 2883 4511 2988 4564; x_wconf 90' lang='grc' dir='ltr'><strong>τῶν</strong></span> <span class='ocrx_word' id='word_1_724' title='bbox 3014 4515 3326 4584; x_wconf 81' lang='grc' dir='ltr'>ἀρχιερέων,</span> <span class='ocrx_word' id='word_1_725' title='bbox 3367 4514 3658 4583; x_wconf 84' lang='grc' dir='ltr'>Ἀρχέλαόν</span> <span class='ocrx_word' id='word_1_726' title='bbox 3685 4532 3756 4567; x_wconf 86' lang='grc' dir='ltr'><strong>τε</strong></span> 
     </span>
    </p>
   </div>
   <div class='ocr_carea' id='block_1_103' title="bbox 2197 4592 3757 4674">
    <p class='ocr_par' dir='ltr' id='par_1_103' title="bbox 2197 4592 3757 4674">
     <span class='ocr_line' id='line_1_103' title="bbox 2197 4592 3757 4674; baseline 0.006 -28"><span class='ocrx_word' id='word_1_727' title='bbox 2197 4592 2286 4647; x_wconf 87' lang='grc' dir='ltr'><strong>τὸν</strong></span> <span class='ocrx_word' id='word_1_728' title='bbox 2316 4595 2475 4649; x_wconf 82' lang='grc' dir='ltr'>παῖδα</span> <span class='ocrx_word' id='word_1_729' title='bbox 2495 4596 2676 4661; x_wconf 79' lang='grc' dir='ltr'>αὐτοῦ,</span> <span class='ocrx_word' id='word_1_730' title='bbox 2698 4600 2788 4655; x_wconf 76' lang='grc' dir='ltr'><strong>καὶ</strong></span> <span class='ocrx_word' id='word_1_731' title='bbox 2813 4602 2945 4671; x_wconf 86' lang='grc' dir='ltr'><strong>μετά</strong></span> <span class='ocrx_word' id='word_1_732' title='bbox 2965 4602 3148 4655; x_wconf 87' lang='grc' dir='ltr'>τοῦτον</span> <span class='ocrx_word' id='word_1_733' title='bbox 3184 4604 3497 4673; x_wconf 81' lang='grc' dir='ltr'>Ῥωμαίους,</span> <span class='ocrx_word' id='word_1_734' title='bbox 3518 4603 3621 4672; x_wconf 81' lang='grc' dir='ltr'><strong>τὴν</strong></span> <span class='ocrx_word' id='word_1_735' title='bbox 3648 4605 3757 4674; x_wconf 79' lang='grc' dir='ltr'>ἀρ-</span> 
     </span>
    </p>
   </div>
   <div class='ocr_carea' id='block_1_104' title="bbox 2196 4860 3750 4933">
    <p class='ocr_par' dir='ltr' id='par_1_104' title="bbox 2196 4860 3750 4933">
     <span class='ocr_line' id='line_1_104' title="bbox 2196 4860 3750 4933; baseline 0.001 -18"><span class='ocrx_word' id='word_1_736' title='bbox 2196 4890 2197 4893; x_wconf 58' lang='grc' dir='ltr'><strong>η</strong></span> <span class='ocrx_word' id='word_1_737' title='bbox 2262 4863 2370 4933; x_wconf 63' lang='grc'>(84)</span> <span class='ocrx_word' id='word_1_738' title='bbox 2396 4861 2559 4933; x_wconf 78' lang='lat' dir='ltr'><strong>Vulg.</strong></span> <span class='ocrx_word' id='word_1_739' title='bbox 2596 4866 2851 4933; x_wconf 80' lang='grc' dir='ltr'>σωτηρία</span> <span class='ocrx_word' id='word_1_740' title='bbox 2877 4869 3049 4930; x_wconf 82' lang='grc' dir='ltr'>τέλος</span> <span class='ocrx_word' id='word_1_741' title='bbox 3076 4860 3511 4933; x_wconf 36' lang='grc' dir='ltr'>ἐλάμϐανε-,καί</span> <span class='ocrx_word' id='word_1_742' title='bbox 3540 4862 3580 4928; x_wconf 76' lang='grc' dir='ltr'><strong><em>ἡ</em></strong></span> <span class='ocrx_word' id='word_1_743' title='bbox 3618 4862 3750 4916; x_wconf 68' lang='grc' dir='ltr'><strong>τῶν⁵</strong></span> 
     </span>
    </p>
   </div>
   <div class='ocr_carea' id='block_1_105' title="bbox 2189 4929 3742 5000">
    <p class='ocr_par' dir='ltr' id='par_1_105' title="bbox 2189 4929 3742 5000">
     <span class='ocr_line' id='line_1_105' title="bbox 2189 4929 3742 5000; baseline 0 -13"><span class='ocrx_word' id='word_1_744' title='bbox 2189 4929 2376 4987; x_wconf 63' lang='grc' dir='ltr'>ἐθνῶν</span> <span class='ocrx_word' id='word_1_745' title='bbox 2404 4929 2640 4999; x_wconf 79' lang='grc' dir='ltr'>κλῆσις.</span> <span class='ocrx_word' id='word_1_746' title='bbox 2669 4934 2724 4987; x_wconf 85' lang='lat' dir='ltr'><strong>In</strong></span> <span class='ocrx_word' id='word_1_747' title='bbox 2740 4929 2935 4990; x_wconf 39' lang='lat' dir='ltr'><strong>“codice</strong></span> <span class='ocrx_word' id='word_1_748' title='bbox 2974 4929 3137 5000; x_wconf 80' lang='lat' dir='ltr'><strong>Regio</strong></span> <span class='ocrx_word' id='word_1_749' title='bbox 3176 4929 3319 4985; x_wconf 74' lang='lat' dir='ltr'><strong>totus</strong></span> <span class='ocrx_word' id='word_1_750' title='bbox 3360 4929 3446 4982; x_wconf 92' lang='lat' dir='ltr'><strong>hic</strong></span> <span class='ocrx_word' id='word_1_751' title='bbox 3462 4930 3632 5000; x_wconf 79' lang='lat' dir='ltr'><strong>locus</strong></span> <span class='ocrx_word' id='word_1_752' title='bbox 3662 4933 3742 4987; x_wconf 84' lang='lat' dir='ltr'><strong>ita</strong></span> 
     </span>
    </p>
   </div>
   <div class='ocr_carea' id='block_1_106' title="bbox 2189 4999 3743 5075">
    <p class='ocr_par' dir='ltr' id='par_1_106' title="bbox 2189 4999 3743 5075">
     <span class='ocr_line' id='line_1_106' title="bbox 2189 4999 3743 5075; baseline -0.001 -20"><span class='ocrx_word' id='word_1_753' title='bbox 2189 5005 2390 5075; x_wconf 71' lang='lat' dir='ltr'><strong>legitur</strong></span> <span class='ocrx_word' id='word_1_754' title='bbox 2421 5019 2435 5053; x_wconf 90' lang='lat'><strong>:</strong></span> <span class='ocrx_word' id='word_1_755' title='bbox 2580 5004 2859 5075; x_wconf 87' lang='grc' dir='ltr'>ἐνστάσης,</span> <span class='ocrx_word' id='word_1_756' title='bbox 2902 5003 3009 5075; x_wconf 89' lang='grc' dir='ltr'><strong>τῶν</strong></span> <span class='ocrx_word' id='word_1_757' title='bbox 3045 4999 3209 5075; x_wconf 68' lang='grc' dir='ltr'>ἐθνῶν</span> <span class='ocrx_word' id='word_1_758' title='bbox 3247 5001 3291 5069; x_wconf 69' lang='grc' dir='ltr'><strong>ἡ</strong></span> <span class='ocrx_word' id='word_1_759' title='bbox 3315 4999 3743 5075; x_wconf 68' lang='grc' dir='ltr'>προσδοκωμένη</span> 
     </span>
    </p>
   </div>
   <div class='ocr_carea' id='block_1_107' title="bbox 2191 5068 3747 5143">
    <p class='ocr_par' dir='ltr' id='par_1_107' title="bbox 2191 5068 3747 5143">
     <span class='ocr_line' id='line_1_107' title="bbox 2191 5068 3747 5143; baseline 0 -20"><span class='ocrx_word' id='word_1_760' title='bbox 2191 5068 2427 5143; x_wconf 80' lang='grc' dir='ltr'>σωτηρία</span> <span class='ocrx_word' id='word_1_761' title='bbox 2474 5087 2533 5143; x_wconf 74' lang='grc' dir='ltr'><strong>τε</strong></span> <span class='ocrx_word' id='word_1_762' title='bbox 2579 5075 2671 5125; x_wconf 83' lang='grc' dir='ltr'>καὶ</span> <span class='ocrx_word' id='word_1_763' title='bbox 2719 5068 2905 5143; x_wconf 78' lang='grc' dir='ltr'>κλῆσις</span> <span class='ocrx_word' id='word_1_764' title='bbox 2942 5068 3384 5143; x_wconf 15' lang='grc' dir='ltr'>ἀκᾲουλούθως-τῇ</span> <span class='ocrx_word' id='word_1_765' title='bbox 3430 5068 3747 5143; x_wconf 67' lang='grc' dir='ltr'>προφητείᾴ</span> 
     </span>
    </p>
   </div>
   <div class='ocr_carea' id='block_1_108' title="bbox 2188 5137 3749 5209">
    <p class='ocr_par' dir='ltr' id='par_1_108' title="bbox 2188 5137 3749 5209">
     <span class='ocr_line' id='line_1_108' title="bbox 2188 5137 3749 5209; baseline 0.003 -18"><span class='ocrx_word' id='word_1_766' title='bbox 2188 5137 2693 5209; x_wconf 48' lang='grc' dir='ltr'>παρηκολούθησεν-</span> <span class='ocrx_word' id='word_1_767' title='bbox 2716 5137 2887 5207; x_wconf 78' lang='lat' dir='ltr'><strong>Quam</strong></span> <span class='ocrx_word' id='word_1_768' title='bbox 2931 5141 3143 5209; x_wconf 87' lang='lat' dir='ltr'><strong>quidem</strong></span> <span class='ocrx_word' id='word_1_769' title='bbox 3182 5137 3479 5209; x_wconf 62' lang='lat' dir='ltr'><strong>lectionem</strong></span> <span class='ocrx_word' id='word_1_770' title='bbox 3504 5137 3749 5208; x_wconf 52' lang='lat' dir='ltr'><strong>vulgatae:</strong></span> 
     </span>
    </p>
   </div>
   <div class='ocr_carea' id='block_1_109' title="bbox 2080 5205 3751 5281">
    <p class='ocr_par' dir='ltr' id='par_1_109' title="bbox 2080 5205 3751 5281">
     <span class='ocr_line' id='line_1_109' title="bbox 2080 5205 3751 5281; baseline -0.001 -18"><span class='ocrx_word' id='word_1_771' title='bbox 2080 5216 2091 5269; x_wconf 63' lang='grc' dir='ltr'><strong><em>ξ</em></strong></span> <span class='ocrx_word' id='word_1_772' title='bbox 2186 5205 2463 5281; x_wconf 55' lang='lat' dir='ltr'><strong>scriptura;</strong></span> <span class='ocrx_word' id='word_1_773' title='bbox 2516 5205 2671 5280; x_wconf 81' lang='lat' dir='ltr'><strong>longe</strong></span> <span class='ocrx_word' id='word_1_774' title='bbox 2713 5205 3092 5281; x_wconf 79' lang='lat' dir='ltr'><strong>praeferendam</strong></span> <span class='ocrx_word' id='word_1_775' title='bbox 3134 5206 3404 5281; x_wconf 67' lang='lat' dir='ltr'><strong>existimo.</strong></span> <span class='ocrx_word' id='word_1_776' title='bbox 3438 5205 3536 5281; x_wconf 19' lang='lat' dir='ltr'><strong>‘lta</strong></span> <span class='ocrx_word' id='word_1_777' title='bbox 3570 5205 3751 5281; x_wconf 59' lang='lat' dir='ltr'><strong>certe</strong></span> 
     </span>
    </p>
   </div>
   <div class='ocr_carea' id='block_1_110' title="bbox 2186 5272 3749 5346">
    <p class='ocr_par' dir='ltr' id='par_1_110' title="bbox 2186 5272 3749 5346">
     <span class='ocr_line' id='line_1_110' title="bbox 2186 5272 3749 5346; baseline 0.001 -16"><span class='ocrx_word' id='word_1_778' title='bbox 2186 5272 2311 5346; x_wconf 80' lang='lat' dir='ltr'><strong>legit</strong></span> <span class='ocrx_word' id='word_1_779' title='bbox 2341 5276 2588 5346; x_wconf 77' lang='lat' dir='ltr'><strong>Butinus,</strong></span> <span class='ocrx_word' id='word_1_780' title='bbox 2610 5272 2695 5334; x_wconf 69' lang='lat' dir='ltr'><strong>sic</strong></span> <span class='ocrx_word' id='word_1_781' title='bbox 2714 5272 2863 5334; x_wconf 63' lang='lat' dir='ltr'><strong>&#39;enim</strong></span> <span class='ocrx_word' id='word_1_782' title='bbox 2891 5276 3050 5331; x_wconf 87' lang='lat' dir='ltr'><strong>vertit</strong></span> <span class='ocrx_word' id='word_1_783' title='bbox 3079 5291 3091 5325; x_wconf 85' lang='lat'><strong>:</strong></span> <span class='ocrx_word' id='word_1_784' title='bbox 3126 5272 3231 5326; x_wconf 86' lang='lat' dir='ltr'><strong>Sub</strong></span> <span class='ocrx_word' id='word_1_785' title='bbox 3266 5290 3364 5344; x_wconf 84' lang='lat' dir='ltr'><strong>quo</strong></span> <span class='ocrx_word' id='word_1_786' title='bbox 3384 5314 3399 5336; x_wconf 87' lang='lat'><strong>,</strong></span> <span class='ocrx_word' id='word_1_787' title='bbox 3432 5276 3749 5346; x_wconf 76' lang='lat' dir='ltr'><strong>imminente</strong></span> 
     </span>
    </p>
   </div>
   <div class='ocr_carea' id='block_1_111' title="bbox 528 5342 3746 5417">
    <p class='ocr_par' dir='ltr' id='par_1_111' title="bbox 528 5342 3746 5417">
     <span class='ocr_line' id='line_1_111' title="bbox 528 5342 3746 5417; baseline 0.002 -25"><span class='ocrx_word' id='word_1_788' title='bbox 528 5356 688 5417; x_wconf 72' lang='lat' dir='ltr'><strong>sensu</strong></span> <span class='ocrx_word' id='word_1_789' title='bbox 745 5346 1025 5417; x_wconf 70' lang='lat' dir='ltr'><strong>scrip_tum_</strong></span> <span class='ocrx_word' id='word_1_790' title='bbox 1054 5344 1305 5397; x_wconf 88' lang='lat' dir='ltr'><strong>exhibent</strong></span> <span class='ocrx_word' id='word_1_791' title='bbox 1343 5342 1605 5417; x_wconf 64' lang='lat' dir='ltr'><strong>cptiteﬁ&#39;rat.</strong></span> <span class='ocrx_word' id='word_1_792' title='bbox 1646 5344 1812 5409; x_wconf 87' lang='lat' dir='ltr'><strong>Quem</strong></span> <span class='ocrx_word' id='word_1_793' title='bbox 1864 5352 2077 5417; x_wconf 79' lang='lat' dir='ltr'><strong>quidem</strong></span> <span class='ocrx_word' id='word_1_794' title='bbox 2179 5342 2296 5417; x_wconf 66' lang='lat' dir='ltr'><strong>jain</strong></span> <span class='ocrx_word' id='word_1_795' title='bbox 2325 5345 2612 5402; x_wconf 74' lang='lat' dir='ltr'><strong>Saluatoris</strong></span> <span class='ocrx_word' id='word_1_796' title='bbox 2642 5350 2881 5411; x_wconf 82' lang='lat' dir='ltr'><strong>adventu,</strong></span> <span class='ocrx_word' id='word_1_797' title='bbox 2912 5346 3071 5417; x_wconf 19' lang='lat' dir='ltr'><strong>etiam;</strong></span> <span class='ocrx_word' id='word_1_798' title='bbox 3098 5342 3321 5411; x_wconf 75' lang='lat' dir='ltr'><strong>gentium</strong></span> <span class='ocrx_word' id='word_1_799' title='bbox 3359 5345 3501 5399; x_wconf 78' lang='lat' dir='ltr'><strong>salus</strong></span> <span class='ocrx_word' id='word_1_800' title='bbox 3524 5388 3537 5405; x_wconf 86' lang='grc'><strong>,</strong></span> <span class='ocrx_word' id='word_1_801' title='bbox 3561 5357 3619 5417; x_wconf 82' lang='lat' dir='ltr'><strong>et</strong></span> <span class='ocrx_word' id='word_1_802' title='bbox 3642 5363 3746 5399; x_wconf 79' lang='lat' dir='ltr'><strong>vo-</strong></span> 
     </span>
    </p>
   </div>
   <div class='ocr_carea' id='block_1_112' title="bbox 528 5411 3748 5485">
    <p class='ocr_par' dir='ltr' id='par_1_112' title="bbox 528 5411 3748 5485">
     <span class='ocr_line' id='line_1_112' title="bbox 528 5411 3748 5485; baseline 0.002 -22"><span class='ocrx_word' id='word_1_803' title='bbox 528 5411 849 5485; x_wconf 73' lang='lat' dir='ltr'><strong>censensum</strong></span> <span class='ocrx_word' id='word_1_804' title='bbox 888 5413 1306 5485; x_wconf 83' lang='lat' dir='ltr'><strong>haudquaquam</strong></span> <span class='ocrx_word' id='word_1_805' title='bbox 1332 5411 1701 5485; x_wconf 75' lang='lat' dir='ltr'><strong>negligendum</strong></span> <span class='ocrx_word' id='word_1_806' title='bbox 1735 5411 2090 5484; x_wconf 51' lang='lat' dir='ltr'><strong>putofTotus.</strong></span> <span class='ocrx_word' id='word_1_807' title='bbox 2180 5411 2321 5469; x_wconf 53' lang='lat' dir='ltr'><strong>ratio</strong></span> <span class='ocrx_word' id='word_1_808' title='bbox 2366 5428 2659 5485; x_wconf 70' lang='lat' dir='ltr'><strong>exspectata</strong></span> <span class='ocrx_word' id='word_1_809' title='bbox 2708 5418 2835 5479; x_wconf 80' lang='lat' dir='ltr'><strong>illa,</strong></span> <span class='ocrx_word' id='word_1_810' title='bbox 2884 5412 3159 5485; x_wconf 62' lang='lat' dir='ltr'><strong>secundum</strong></span> <span class='ocrx_word' id='word_1_811' title='bbox 3204 5430 3264 5466; x_wconf 88' lang='lat' dir='ltr'><strong>ea</strong></span> <span class='ocrx_word' id='word_1_812' title='bbox 3309 5431 3423 5483; x_wconf 64' lang='lat' dir='ltr'><strong>quia</strong></span> <span class='ocrx_word' id='word_1_813' title='bbox 3468 5416 3748 5482; x_wconf 66' lang='lat' dir='ltr'><strong>propheta</strong></span> 
     </span>
    </p>
   </div>
   <div class='ocr_carea' id='block_1_113' title="bbox 529 5480 2103 5555">
    <p class='ocr_par' dir='ltr' id='par_1_113' title="bbox 529 5480 2074 5555">
     <span class='ocr_line' id='line_1_113' title="bbox 529 5480 2074 5555; baseline 0.01 -28"><span class='ocrx_word' id='word_1_814' title='bbox 529 5490 705 5555; x_wconf 60' lang='lat' dir='ltr'><strong>autem</strong></span> <span class='ocrx_word' id='word_1_815' title='bbox 734 5480 960 5555; x_wconf 68' lang='lat' dir='ltr'><strong>locusin</strong></span> <span class='ocrx_word' id='word_1_816' title='bbox 990 5480 1824 5555; x_wconf 39' lang='lat' dir='ltr'><strong>vetustissimo“codice_Maz.&#39;ita</strong></span> <span class='ocrx_word' id='word_1_817' title='bbox 1856 5489 2074 5555; x_wconf 83' lang='lat' dir='ltr'><strong>legitur:</strong></span> 
     </span>
    </p>
   </div>
   <div class='ocr_carea' id='block_1_114' title="bbox 2206 5480 3743 5555">
    <p class='ocr_par' dir='ltr' id='par_1_114' title="bbox 2206 5480 3743 5555">
     <span class='ocr_line' id='line_1_114' title="bbox 2206 5480 3743 5555; baseline 0.001 -20"><span class='ocrx_word' id='word_1_818' title='bbox 2206 5480 2556 5548; x_wconf 74' lang='lat' dir='ltr'><strong>n-wdixerant,</strong></span> <span class='ocrx_word' id='word_1_819' title='bbox 2588 5496 2859 5539; x_wconf 79' lang='lat' dir='ltr'><strong>consecuta</strong></span> <span class='ocrx_word' id='word_1_820' title='bbox 2886 5492 2981 5555; x_wconf 73' lang='lat' dir='ltr'><strong>est.</strong></span> <span class='ocrx_word' id='word_1_821' title='bbox 3013 5481 3235 5555; x_wconf 79' lang='lat' dir='ltr'><strong>Vulgata</strong></span> <span class='ocrx_word' id='word_1_822' title='bbox 3270 5480 3445 5537; x_wconf 83' lang='lat' dir='ltr'><strong>tamen</strong></span> <span class='ocrx_word' id='word_1_823' title='bbox 3468 5480 3641 5537; x_wconf 84' lang='lat' dir='ltr'><strong>lectio</strong></span> <span class='ocrx_word' id='word_1_824' title='bbox 3665 5485 3743 5555; x_wconf 75' lang='lat' dir='ltr'><strong>ad</strong></span> 
     </span>
    </p>
   </div>
   <div class='ocr_carea' id='block_1_115' title="bbox 527 5546 2103 5627">
    <p class='ocr_par' dir='ltr' id='par_1_115' title="bbox 527 5546 2077 5627">
     <span class='ocr_line' id='line_1_115' title="bbox 527 5546 2077 5627; baseline 0.006 -28"><span class='ocrx_word' id='word_1_825' title='bbox 527 5546 839 5627; x_wconf 51' lang='lat' dir='ltr'><strong>&#39;liv:p}psiq</strong></span> <span class='ocrx_word' id='word_1_826' title='bbox 866 5548 921 5627; x_wconf 72' lang='grc' dir='ltr'>δὲ</span> <span class='ocrx_word' id='word_1_827' title='bbox 949 5551 1320 5627; x_wconf 40' lang='grc' dir='ltr'>τοῖς-ἐκείνων</span> <span class='ocrx_word' id='word_1_828' title='bbox 1348 5549 1541 5627; x_wconf 58' lang='grc' dir='ltr'>ἔθεσιν,</span> <span class='ocrx_word' id='word_1_829' title='bbox 1570 5550 1790 5621; x_wconf 81' lang='grc' dir='ltr'>ὕστερον</span> <span class='ocrx_word' id='word_1_830' title='bbox 1832 5546 2077 5627; x_wconf 62' lang='grc' dir='ltr'>Ὑρκανῷ</span> 
     </span>
    </p>
   </div>
   <div class='ocr_carea' id='block_1_116' title="bbox 2206 5546 3743 5627">
    <p class='ocr_par' dir='ltr' id='par_1_116' title="bbox 2206 5546 3743 5627">
     <span class='ocr_line' id='line_1_116' title="bbox 2206 5546 3743 5627; baseline 0.003 -22"><span class='ocrx_word' id='word_1_831' title='bbox 2206 5546 2569 5627; x_wconf 65' lang='lat' dir='ltr'><strong>iram__codicis</strong></span> <span class='ocrx_word' id='word_1_832' title='bbox 2596 5556 2743 5627; x_wconf 74' lang='lat' dir='ltr'><strong>Regii</strong></span> <span class='ocrx_word' id='word_1_833' title='bbox 2772 5546 3319 5627; x_wconf 59' lang='lat' dir='ltr'><strong>ascriptaest&#39;eadem</strong></span> <span class='ocrx_word' id='word_1_834' title='bbox 3352 5569 3510 5609; x_wconf 88' lang='lat' dir='ltr'><strong>manu</strong></span> <span class='ocrx_word' id='word_1_835' title='bbox 3539 5570 3555 5619; x_wconf 89' lang='lat'>;</span> <span class='ocrx_word' id='word_1_836' title='bbox 3587 5561 3643 5606; x_wconf 71' lang='grc' dir='ltr'>ες</span> <span class='ocrx_word' id='word_1_837' title='bbox 3675 5551 3743 5609; x_wconf 72' lang='lat' dir='ltr'><strong>in</strong></span> 
     </span>
    </p>
   </div>
   <div class='ocr_carea' id='block_1_117' title="bbox 526 5616 2103 5699">
    <p class='ocr_par' dir='ltr' id='par_1_117' title="bbox 526 5616 2075 5699">
     <span class='ocr_line' id='line_1_117' title="bbox 526 5616 2075 5699; baseline 0.008 -31"><span class='ocrx_word' id='word_1_838' title='bbox 526 5616 602 5684; x_wconf 82' lang='grc' dir='ltr'><strong>τῷ</strong></span> <span class='ocrx_word' id='word_1_839' title='bbox 631 5616 734 5694; x_wconf 77' lang='grc' dir='ltr'><strong>τῶν</strong></span> <span class='ocrx_word' id='word_1_840' title='bbox 758 5616 1035 5699; x_wconf 44' lang='grc' dir='ltr'>’Ἰουδαίων</span> <span class='ocrx_word' id='word_1_841' title='bbox 1066 5620 1308 5699; x_wconf 61' lang='grc' dir='ltr'>ἀρχιερεῖ</span> <span class='ocrx_word' id='word_1_842' title='bbox 1327 5620 1616 5699; x_wconf 40' lang='grc' dir='ltr'>.φιλοῦ.ται.,</span> <span class='ocrx_word' id='word_1_843' title='bbox 1657 5616 1816 5689; x_wconf 76' lang='lat' dir='ltr'><strong>quam</strong></span> <span class='ocrx_word' id='word_1_844' title='bbox 1848 5616 2075 5699; x_wconf 46' lang='lat' dir='ltr'><strong>scriptu.-</strong></span> 
     </span>
    </p>
   </div>
   <div class='ocr_carea' id='block_1_118' title="bbox 2206 5616 3654 5699">
    <p class='ocr_par' dir='ltr' id='par_1_118' title="bbox 2206 5616 3654 5699">
     <span class='ocr_line' id='line_1_118' title="bbox 2206 5616 3654 5699; baseline -0.003 -21"><span class='ocrx_word' id='word_1_845' title='bbox 2206 5624 2455 5680; x_wconf 83' lang='lat' dir='ltr'><strong>:odicibus</strong></span> <span class='ocrx_word' id='word_1_846' title='bbox 2488 5624 2645 5693; x_wconf 81' lang='lat' dir='ltr'><strong>Maz.,</strong></span> <span class='ocrx_word' id='word_1_847' title='bbox 2670 5616 2805 5682; x_wconf 57' lang='lat' dir='ltr'><strong>ﬂed.</strong></span> <span class='ocrx_word' id='word_1_848' title='bbox 2842 5616 3059 5679; x_wconf 38' lang='lat' dir='ltr'><strong>ac-lt‘uk.</strong></span> <span class='ocrx_word' id='word_1_849' title='bbox 3088 5623 3327 5699; x_wconf 63' lang='lat' dir='ltr'><strong>habetur,</strong></span> <span class='ocrx_word' id='word_1_850' title='bbox 3393 5637 3401 5644; x_wconf 58' lang='grc' dir='ltr'>δ</span> <span class='ocrx_word' id='word_1_851' title='bbox 3540 5616 3547 5619; x_wconf 64' lang='grc'>⁷</span> <span class='ocrx_word' id='word_1_852' title='bbox 3650 5660 3654 5663; x_wconf 87' lang='grc'><strong>-</strong></span> 
     </span>
    </p>
   </div>
   <div class='ocr_carea' id='block_1_119' title="bbox 527 5684 3325 5753">
    <p class='ocr_par' dir='ltr' id='par_1_119' title="bbox 527 5684 3325 5753">
     <span class='ocr_line' id='line_1_119' title="bbox 527 5684 3325 5753; baseline 0.006 -14"><span class='ocrx_word' id='word_1_853' title='bbox 527 5702 637 5739; x_wconf 78' lang='lat' dir='ltr'><strong>iam</strong></span> <span class='ocrx_word' id='word_1_854' title='bbox 667 5685 717 5739; x_wconf 80' lang='lat' dir='ltr'><strong>in</strong></span> <span class='ocrx_word' id='word_1_855' title='bbox 756 5684 887 5739; x_wconf 81' lang='lat' dir='ltr'><strong>Med.</strong></span> <span class='ocrx_word' id='word_1_856' title='bbox 923 5684 1378 5753; x_wconf 31' lang='lat' dir='ltr'><strong>qqutieﬂet&#39;Fuk&#39;.</strong></span> <span class='ocrx_word' id='word_1_857' title='bbox 1412 5684 1689 5747; x_wconf 66' lang='lat' dir='ltr'><strong>codicibus</strong></span> <span class='ocrx_word' id='word_1_858' title='bbox 1708 5694 1897 5749; x_wconf 73' lang='lat' dir='ltr'><strong>reperi.</strong></span> <span class='ocrx_word' id='word_1_859' title='bbox 1958 5684 1973 5696; x_wconf 82' lang='grc'><strong><em>“</em></strong></span> <span class='ocrx_word' id='word_1_860' title='bbox 2631 5684 2641 5693; x_wconf 73' lang='grc'><strong>’</strong></span> <span class='ocrx_word' id='word_1_861' title='bbox 3317 5692 3325 5700; x_wconf 36' lang='grc'>⁸</span> 
     </span>
    </p>
   </div>
  </div>
