3996 6342
227 351 282 404 89
1190 351 1527 405 ΗΙΒΤΟΗΙᾹΞ
1570 349 2109 402 ECCLESIASTICxE
2150 350 2274 402 LIB.
2317 350 2356 401 1.
3276 353 3337 411 9(

225 466 306 535 χὴν
324 464 424 514 τῶν
454 463 715 516 Ἰουδαίων
743 466 1156 535 παρειληφότας,
1296 468 1340 519 δ’
1360 466 1529 525 αὐτὸς
1562 464 1700 532 δηλοῖ

1790 494 1798 520 ι
1832 464 2031 515 tulisse.
2060 462 2253 515 Eadem
2283 465 2332 515 in
2369 446 2706 535 designandis
2751 465 3117 518 sacerdotibus
3164 467 3346 519 obsera

224 558 284 618 ὼς
308 556 401 620 ἄρα
430 554 517 605 καὶ
540 554 634 623 τὴν
662 548 811 624 ίεράν
839 557 1025 625 στολὴν
1049 557 1140 609 τοῦ
1186 558 1499 627 ἀρχιερέως,
1519 556 1723 623 πρῶτος

233 642 444 713 Ἡρώδης
459 643 798 707 ἀποκλείσας,
830 646 932 697 ὑπὸ
964 646 1093 697 ίδίαν
1124 648 1388 715 σφραγῖδα
1416 627 1718 712 πεποίηται,

225 732 385 803 μηκέτ’
416 733 575 799 αὐτὴν
594 735 701 795 τοῖς
734 734 1068 803 ἀρχιερεῦσιν
1095 736 1232 803 ἔχειν
1252 736 1337 801 ὑφ’
1366 736 1579 795 ἑαυτοὺς
1606 736 1721 784 ἑπι-

221 824 410 893 τρέψαςο
440 824 597 873 ταύτὸ
621 824 675 874 δὲ
708 824 798 876 καὶ
833 824 921 876 τὸν
954 826 1067 893 μετ’
1102 826 1260 877 αὑτὸν
1296 826 1592 895 Ἀρχέλαον,
1628 825 1719 874 καὶ

223 912 333 981 μετὰ
359 912 533 963 τοῦτον
565 913 858 979 Ῥωμαίους
906 914 1315 983 διαπράξασθαι.
1352 915 1457 967 Καὶ
1485 914 1650 965 ταῦτα
1675 914 1717 964 δ’

220 1002 327 1069 ἡμῖν
352 999 590 1067 εἰρήσθω,
623 1000 699 1061 εἰς
730 1000 915 1069 ἑτέρας
941 1001 1205 1064 ἀπόδειξιν
1231 1000 1556 1071 προφητείας
1582 1000 1717 1052 κατὰ

217 1090 298 1157 τὴν
338 1089 636 1155 ἐπιφάνειαν
661 1090 752 1141 τοῦ
792 1092 1051 1160 Σωτῆρως
1093 1091 1245 1161 ὴμῶν
1286 1090 1456 1161 Ἰησοῦ
1490 1090 1716 1159 Χριστοῦ

217 1181 610 1249 πεπερασμένης.
651 1182 960 1246 Σαφέστατα
988 1180 1115 1247 γοῦν
1161 1184 1217 1233 ὲν
1257 1181 1334 1248 τῷ
1364 1179 1550 1248 Δανιὴλ
1575 1179 1718 1231 ἐϐδο-

219 1268 372 1335 μάδων
412 1268 564 1319 τινῶν
600 1268 822 1338 ἀριθμὸν
864 1271 1114 1338 ὀνομαστὶ
1155 1270 1257 1330 ἕως
1298 1266 1527 1337 Χριστοῦ
1559 1271 1716 1334 ἡγου-

216 1356 355 1425 μένου
381 1358 668 1426 περιλαϐὼν
701 1362 728 1411 ὁ
774 1359 947 1425 λόγος,
989 1360 1112 1429 περὶ
1152 1353 1225 1411 ὧν
1268 1362 1323 1410 ὲν
1365 1359 1566 1426 ἑτέροις
1590 1357 1715 1409 διει-

214 1446 425 1513 λήῳαμεν
463 1446 593 1515 (85),
639 1448 773 1516 μετά
808 1450 866 1500 τὸ
904 1450 1102 1501 τούτων
1143 1449 1507 1519 συμπέρασμα
1545 1447 1715 1511 ἐξολο-

213 1530 561 1600 θρευθήσεσϐαι
598 1536 666 1587 τὸΔ
694 1536 841 1607 παρὰ
873 1536 1135 1599 Ἰουδαίοις
1149 1539 1348 1605 χρῖσμα
1372 1535 1709 1604 προφητεύει.

213 1622 304 1673 Καὶ
323 1622 465 1675 τοῦτο
490 1624 543 1675 δὲ
579 1616 759 1691 σαφῶς
788 1626 921 1679 κατὰ
950 1628 1037 1679 τὸν
1066 1627 1251 1696 καιρὸν
1291 1627 1386 1695 τῆς
1422 1625 1515 1677 τοῦ
1545 1626 1716 1693 Σωτῆ-

213 1723 286 1777 ρος
318 1711 458 1778 ἡμῶν
510 1714 678 1781 Ίησοῦ
721 1714 953 1785 Χριστοῦ
1000 1718 1296 1785 γεννήσεως
1343 1716 1711 1768 ἀποδείκνυται

1826 568 1981 604 vasse
2013 555 2087 605 ait
2122 554 2439 606 Archeiaum
2471 554 2698 606 Herodis
2730 555 2911 613 filium,
2941 570 3003 605 ac
3032 556 3220 606 deinde
3242 554 3350 607 Ro-

1826 656 2031 701 manos,
2077 643 2163 707 qui
2222 651 2339 707 post
2390 642 2531 693 illum
2573 640 2766 692 Judaea'.
2810 644 3081 706 imperium
3124 657 3349 706 occupa-

1826 741 1968 785 runt.
2008 731 2144 783 Idem
2179 732 2291 797 ipse
2340 729 2601 796 Josephus
2646 732 2808 782 tradit
2839 733 3063 797 primum
3113 734 3345 785 omnium

1828 820 2085 873 llerodem
2111 835 2319 872 sacram
2347 822 2642 873 sacerdotis
2668 829 2866 870 vestem
2914 821 3009 872 sub
3038 821 3241 887 privato
3270 822 3344 872 si-

1822 909 1946 977 gillo
1994 911 2227 961 tenuisse
2268 909 2590 971 conclusam,
2631 924 2729 961 nec
2764 911 3013 975 deinceps
3054 910 3347 962 sacerdoti-

1823 1001 1923 1051 bus
1949 1000 2254 1066 permisisse
2301 1009 2359 1051 ut
2401 999 2544 1052 illam
2592 1015 2753 1066 penes
2777 1015 2833 1053 se
2864 1001 3117 1052 haberent
3144 1018 3156 1051 :
3184 1002 3347 1053 idem-

1820 1101 1922 1155 quc
1950 1088 2017 1139 ab
2077 1088 2339 1141 Archelao
2396 1089 2509 1157 ejus
2570 1104 2872 1142 successore
2921 1099 2975 1141 et
3028 1105 3056 1141 a
3096 1088 3346 1143 Romanis

1820 1185 2004 1243 postea
2036 1176 2233 1228 factum
2279 1176 2459 1229 fuisse.
2485 1176 2655 1243 Atque
2682 1177 2795 1229 haec
2827 1193 2854 1229 a
2884 1179 3038 1230 nobis
3064 1178 3203 1231 dicta
3242 1178 3345 1231 sint

1783 1266 1884 1316 ‘ad
1934 1266 2380 1332 comprobandam
2439 1266 2715 1317 veritatem
2772 1267 2987 1320 alterius
3040 1269 3369 1335 prophetiae,

1820 1370 1937 1418 qua:
1996 1354 2048 1405 in
2096 1353 2325 1405 adventu
2400 1353 2701 1407 Servaturis
2752 1356 2959 1409 Domini
3006 1360 3168 1411 nostri
3222 1356 3343 1410 Jesu

1817 1445 2017 1499 Christi
2049 1446 2250 1497 exitum
2283 1446 2471 1495 sortita
2509 1454 2609 1497 est.
2652 1446 2859 1496 Etenim
2896 1448 2944 1496 in
2988 1448 3123 1499 libro
3155 1448 3343 1499 Danie-

1819 1537 1902 1596 lis,
1930 1545 2205 1604 postquam
2235 1545 2438 1587 certum
2468 1550 2745 1586 numerum
2795 1538 3210 1603 septimanarum
3257 1553 3345 1590 us-

1817 1640 1920 1692 que
1949 1624 2012 1675 ad
2041 1623 2240 1675 Christi
2279 1624 2633 1691 principatum
2666 1637 2815 1675 sacra
2853 1624 3126 1692 Scriptura
3174 1626 3345 1677 nomi-

1821 1716 1982 1766 natim
2012 1714 2341 1780 percensuit,
2375 1714 2440 1765 de
2473 1715 2665 1779 quibus
2690 1696 2825 1767 alibi,
2849 1717 3217 1776 disseruimus,
3260 1720 3342 1769 his

208 1800 725 1869 συμπεπληρωμένον.
757 1804 937 1857 Ταῦτα
954 1806 997 1857 δ’
1023 1808 1150 1875 ἡμῖν
1168 1806 1476 1871 ἀναγκαίως
1506 1807 1584 1865 είς
1616 1821 1700 1855 πα·

1815 1804 2026 1855 demum
2069 1802 2370 1869 completis,
2417 1804 2555 1855 sacri
2588 1805 2688 1857 olei
2729 1806 3034 1857 unctionem
3071 1805 3205 1872 apud
3248 1805 3341 1858 Ju-

210 1887 540 1957 ράστασιντῆς
565 1891 669 1943 τῶν
693 1894 893 1961 χρόνων
925 1895 1175 1964 ἀληθείας
1205 1911 1435 1964 προτετη
1446 1893 1643 1962 ρήσϐω.

1820 1893 1960 1944 deos
2001 1891 2311 1945 abolendam
2365 1907 2484 1945 esse
2533 1894 2788 1959 pnedicit.
2840 1893 2986 1958 Quod
3033 1895 3241 1961 quidem
3276 1909 3340 1947 eo

207 1979 308 2045 ipso
334 1996 430 2046 quo
459 1982 713 2036 Servator
740 1998 918 2039 uoster
947 1986 1101 2041 Jesus
1143 1988 1391 2041 Christus
1431 1998 1585 2039 natus
1610 1994 1693 2038 est
1723 1994 1979 2053 tempore,
2018 1984 2295 2037 manifeste
2327 1985 2596 2050 impletum
2626 2001 2745 2039 esse
2772 1987 3121 2049 convincitur.
3169 1989 3338 2055 Atque

206 2069 303 2124 haec
326 2072 384 2126 ad
414 2077 790 2137 ostendendam
835 2087 1127 2144 temporum
1158 2080 1436 2132 veritatem
1470 2077 1767 2131 necessario
1788 2092 1815 2128 a
1846 2076 1994 2129 nobis
2020 2077 2289 2143 prmmissa
2326 2076 2454 2130 sint.

692 2216 1075 2268 ΚΕΦΔΛΔΙΟΝ
1118 2217 1192 2270 Ζ’.

202 2335 320 2423 Περὶ
380 2340 483 2423 τῆς
534 2344 603 2395 ἐν
650 2344 794 2420 ’.τοῖς
877 2344 1254 2423 εὐαγχενζζοις
1327 2342 1702 2423 ξομιζομέτςης

260 2412 557 2479 διαφωνίας
591 2412 711 2482 τῆς
764 2414 893 2479 περὶ
952 2412 1055 2465 τοῦ
1120 2413 1371 2480 Χριστοῦ
1430 2419 1700 2482 γενεαλο-

259 2483 373 2547 γίας
407 2482 541 2543 (Nic.
581 2480 652 2532 Η.
687 2482 749 2534 E.
782 2498 819 2542 ι,
845 2484 895 2545 7,
927 2482 1034 2550 ιι).
1097 2527 1101 2531 ,
1282 2488 1285 2491 ·
1440 2480 1452 2520 ⁷.

265 2571 458 2640 Ἐπειδὴ
483 2572 538 2622 δὲ
568 2570 664 2641 τὴν
691 2572 815 2641 περὶ
841 2570 933 2622 τοῦ
957 2569 1187 2641 Χριστοῦ
1225 2572 1564 2639 γενεαλογίαν
1592 2573 1701 2624 δια-

200 2660 352 2729 φόρως
376 2664 496 2729 ἡμῖν
523 2663 551 2713 ὅ
588 2679 646 2713 τε
688 2663 954 2725 Ματθαίος
986 2665 1077 2716 καὶ
1129 2668 1156 2717 ό
1186 2667 1389 2725 Λουκᾶς
1423 2665 1699 2732 εὐαγγελι-

200 2748 379 2816 ζόμενοι
404 2748 827 2820 παραδεδώκασι,
855 2752 1135 2819 διαφωνεῖν
1167 2770 1223 2805 τε
1256 2753 1552 2822 νομίζονται
1586 2757 1698 2816 τοῖς

197 2838 395 2900 πολλοῖς,
425 2839 529 2890 τῶν
550 2840 605 2891 δὲ
634 2841 833 2893 πιστῶν
874 2841 1094 2905 ἕκαστος
1131 2844 1237 2914 (86)
1276 2846 1462 2913 ἀγνοίᾳ.
1492 2848 1537 2897 τ’
1571 2847 1698 2916 ἀλη-
1736 2908 1739 2921 ν

196 2923 297 2983 ϐοῦς
346 2927 691 2995 εὑρεσιλογεῖν
741 2931 819 2990 εἰς
859 2920 981 2991 τοὺς
1026 2931 1221 2994 τόπους
1264 2933 1729 3005 πεφιλοτίμηται(

196 3014 304 3082 φέρε
348 3016 436 3066 καὶ
474 3017 571 3084 τὴν
610 3018 735 3088 περὶ
776 3019 974 3071 τούτων
1025 3022 1379 3074 κατελθοῦσαν
1424 3026 1502 3086 εἰς
1555 3028 1697 3095 ἡμᾶς

195 3104 399 3173 ἱστορίαν
439 3106 825 3176 παραθὼμεθα,
871 3109 935 3178 ἣν
965 3109 1029 3186 δι’
1060 3111 1341 3180 ἐπιστολῆς
1397 3114 1695 3187 Ἀριστείδῃ

192 3197 385 3264 γράφων
427 3199 551 3270 περὶ
594 3200 899 3267 συμφωνίας
949 3183 1046 3269 τῆς
1080 3203 1143 3252 ὲν
1188 3204 1299 3265 τοῖς
1351 3183 1695 3271 Εὐαγγελίοις

192 3287 520 3355 γενεαλογίας,
546 3293 572 3341 ό
603 3290 779 3360 μικρῷ
807 3290 1033 3360 πρόσθεν
1062 3293 1189 3362 ἡμῖν
1214 3294 1470 3363 δηλωθεὶς
1506 3295 1691 3363 Ἀφρι-

190 3377 323 3438 κανὸς
360 3381 744 3448 ἐμνημόνευσε,
778 3381 875 3447 τὰς
914 3382 1009 3450 μὲν
1051 3383 1113 3453 δὴ
1158 3382 1265 3435 τῶν
1308 3383 1502 3436 λοιπῶν
1539 3384 1693 3447 δόξας

2382 2212 2605 2268 CAPUT
2648 2215 2753 2269 VH.

1806 2346 1881 2399 De
1923 2347 2157 2399 dissensu
2203 2346 2291 2414 qui
2335 2347 2722 2417 creditur_esse
2771 2347 2905 2399 inter
2946 2347 3226 2417 Evangelia
3280 2351 3332 2401 in

2369 2416 2527 2482 stirpe
2567 2414 2783 2468 Christi.

1873 2572 1977 2627 Sed
2018 2573 2265 2640 quoniam
2309 2572 2588 2627 Mattbzeus
2622 2580 2674 2626 et
2709 2572 2879 2625 Lucas
2920 2574 2973 2625 in
3021 2572 3331 2646 Evangelio-

1802 2659 2093 2722 rum'libris
2116 2666 2309 2723 Christi
2340 2687 2506 2738 genus
2530 2687 2591 2724 ac
2622 2671 2839 2739 stirpem
2872 2672 3015 2724 varie
3044 2674 3193 2726 nobis
3225 2684 3330 2725 tra-

1802 2760 2067 2822 diderunt,
2114 2771 2168 2813 et
2228 2762 2512 2828 plurimum
2558 2764 2695 2815 inter
2741 2778 2798 2815 se
2843 2763 3128 2816 dissentire
3170 2766 3327 2830 vulgo

1801 2849 2194 2911 existimantur,
2222 2853 2353 2904 adeo
2387 2862 2443 2904 ut
2472 2853 2667 2919 singuli
2700 2851 2934 2905 fidelium
2976 2854 3044 2905 ob
3086 2854 3328 2907 veritatis

1803 2942 2212 3009 ignorationem,
2241 2943 2419 2995 varias
2452 2958 2633 2995 eorum
2663 2942 2901 2995 locorum
2946 2943 3327 3010 explicationes

1800 3032 2042 3083 certatim
2068 3034 2492 3099 excogitaverint
2531 3050 2544 3085 :
2588 3034 2653 3086 de
2703 3033 2785 3085 his
2829 3034 3164 3087 traditionem
3207 3051 3324 3101 qua:

1762 3158 1769 3163 .
1798 3120 1862 3170 ad
1893 3135 1988 3173 nos
2017 3135 2182 3187 usque
2207 3122 2428 3173 deducta
2457 3132 2542 3174 est
2579 3136 2957 3188 proponamus.
2986 3137 3142 3189 quam
3176 3122 3221 3174 is
3259 3123 3325 3175 de

1790 3223 1905 3277 quo
1935 3211 2092 3278 paulo
2136 3223 2259 3264 ante
2302 3212 2531 3264 diximus
2578 3212 2882 3274 Africanus,
2911 3212 2960 3264 in
3001 3212 3231 3279 Epistula
3258 3212 3325 3263 ad

1796 3299 2079 3353 Aristidem
2125 3301 2190 3354 de
2246 3316 2507 3359 coasensu
2570 3301 2978 3369 Evangeliorum
3043 3302 3096 3353 in
3157 3302 3322 3368 stirpe

1796 3389 1992 3443 Christi
2042 3394 2342 3456 narranda,
2402 3392 2859 3445 commemoravit.
2933 3391 3031 3444 Ubi
3099 3393 3320 3445 aliorum

188 3466 248 3570 (ἐς
279 3466 336 3518 ἂν
370 3468 568 3535 βιαίους
600 3471 692 3522 καὶ
733 3470 1115 3541 διεψευσμένας
1148 3474 1441 3540 ἀπελέγξας
1466 3475 1596 3553 (87),
1625 3478 1690 3545 ἢν

1796 3480 2007 3546 quidem
2045 3480 2323 3547 opiniones
2364 3492 2617 3549 tanquam
2647 3482 2909 3534 violentas
2936 3492 2989 3533 et
3022 3480 3157 3535 falso
3187 3497 3319 3535 con-

186 3553 222 3607 6'
238 3556 377 3617 αὐτὸς
397 3556 721 3626 παρείληφεν
749 3559 1003 3629 ἱστορίαν,
1032 3560 1238 3623 τούτοις
1268 3564 1447 3625 αὐτοῖς
1487 3562 1693 3617 ἐκτιθέ-

189 3662 318 3713 μενος
340 3649 443 3709 τοῖς
485 3647 749 3714 ῥήμασιν⁸
789 3664 807 3695 ι
851 3648 1062 3717 Ἐπειδὴ
1088 3648 1193 3717 γὰρ
1226 3650 1292 3702 τὰ
1318 3651 1551 3726 ὀνόματα
1581 3652 1686 3720 (88)

185 3736 270 3787 τῶν
294 3737 452 3804 γενῶν
489 3737 546 3788 ὲν
603 3735 813 3807 Ἰσραὴλ
848 3736 1128 3805 ἠριθμεῖτο
1164 3739 1196 3806 ἢ
1238 3738 1413 3804 φύσει,
1457 3740 1489 3808 ἢ
1520 3741 1684 3809 νόμῳ,

185 3826 316 3892 φύσει
359 3827 473 3895 μὲν,
512 3826 729 3895 γνησίου
776 3826 1084 3895 σπέρματος
1137 3827 1373 3897 διαδοχῇ,
1422 3832 1568 3899 νόμῳ
1608 3832 1684 3893 δὲ,

183 3916 337 3985 ἑτέρου
390 3917 854 3985 παιδοποιουμένου
914 3918 991 3978 είς
1049 3916 1213 3986 ὄνομα
1277 3917 1685 3987 τελευτήσαντος

181 4006 375 4073 ἀδελφοῦ
407 4009 627 4062 ἀτέκνου
648 4024 660 4037 ·
690 4009 769 4061 ὅτι
802 4007 906 4077 γὰρ
931 4008 1137 4059 οὐδέπω
1175 4007 1347 4059 δέδοτο
1382 4006 1531 4068 ἐλπὶς
1558 4010 1684 4059 ἀνα-

182 4096 389 4160 στάσεως
419 4097 609 4167 σαφὴς,
636 4096 731 4166 τὴν
753 4096 1044 4167 μέλλουσαν
1088 4094 1409 4163 ὲπαγγβλίαν
1453 4094 1682 4147 ἀναστά-

179 4201 248 4236 σει
268 4188 543 4257 ἐμιμοῦντο
569 4188 754 4257 oms,
775 4189 869 4240 ’ἵνα
899 4187 1241 4241 ἀνέκλειπτον
1278 4186 1407 4256 μένῃ
1433 4186 1492 4236 τὸ
1519 4186 1683 4254 ὄνομα

178 4277 254 4329 τοῦ
282 4280 686 4350 μετηλλαχότος
724 4279 843 4332 ἐπεὶ
870 4274 961 4331 οὖν
990 4280 1039 4329 οἱ
1078 4281 1141 4349 τῇ
1174 4277 1481 4347 γενεαλογίᾳ
1517 4278 1684 4350 ταύτῃ

1793 3564 1941 3620 ﬁctas
1960 3569 2369 3639 coarguit;ipse
2405 3584 2532 3621 vero
2575 3584 2729 3634 quam
2778 3573 3110 3632 compererat
3155 3566 3321 3618 hism-

1774 3656 1945 3731 .riam,
1978 3657 2060 3709 his
2078 3656 2242 3709 refert
2265 3658 2439 3710 verbis
2465 3658 2649 3709 :cNam
2675 3658 2944 3722 quoniam,
2973 3655 3161 3721 inquit,
3182 3658 3318 3721 apud

1785 3744 2051 3797 lsraelitas
2072 3746 2468 3810 generationum
2491 3744 2722 3803 nomina,
2754 3743 2852 3808 21
2896 3742 2975 3793 vel
2995 3757 3058 3793 ex
3094 3755 3313 3804 naturae,

1785 3832 1866 3885 vel
1895 3848 1961 3885 ex
1998 3833 2124 3897 legis
2162 3832 2348 3884 ordine
2375 3831 2788 3882 numerabantur
2815 3847 2829 3881 :
2855 3840 3055 3883 naturae
3076 3830 3311 3897 quidem,

1782 3936 1900 3973 cum
1936 3920 2157 3986 legitimi
2193 3918 2283 3970 ﬁlii
2310 3920 2622 3985 parentibus
2652 3918 2979 3981 succedunt;
3007 3919 3136 3985 legis
3163 3932 3311 3980 vero,

1778 4011 1988 4075 quoties
2036 4009 2156 4075 quis
2200 4010 2255 4074 in
2300 4024 2493 4062 nomen
2557 4023 2621 4060 ac
2669 4008 2921 4060 familiam
2969 4008 3151 4061 fratris
3194 4008 3312 4060 sine

1778 4098 1959 4151 liberis
2013 4098 2241 4151 defuncti
2294 4099 2431 4152 filios
2481 4098 2717 4151 sustulit.
2771 4098 2902 4164 Cum
2955 4099 3095 4150 enim
3164 4110 3312 4152 certa

1780 4202 1901 4253 spes
1932 4187 2334 4239 resurrectionis
2372 4170 2601 4239 n'ondum
2633 4188 2710 4239 eis
2741 4188 2859 4238 data
2887 4198 3048 4248 esset,
3077 4185 3309 4240 futuram

1782 4277 1897 4343 ejus
1935 4278 2337 4346 promissionem
2383 4278 2595 4330 mortali
2649 4278 2874 4345 quadam
2923 4280 3311 4331 resurrectione

233 4472 328 4545 (85)
358 4474 491 4543 Περὶ
526 4468 612 4528 ὧν
651 4476 720 4528 ἐν
748 4473 965 4540 ἑτέροις
1006 4432 1403 4545 διεάήφᾴμεν.
1434 4475 1678 4543 lntelligit
1708 4480 1749 4533 D
1775 4474 1836 4544 δὴ
1862 4475 1975 4545 τῶν
2015 4437 2211 4529 λοιπῶν
2236 4474 2387 4539 δόξας
2430 4474 2632 4543 βιαίους
2662 4477 2752 4527 καὶ
2779 4476 3155 4545 διεψευσμένας
3174 4477 3306 4529 ἀπο-

178 4540 319 4597 libros
337 4540 794 4597 Deruonstrationis
820 4543 1142 4607 evangelicw.
1167 4540 1374 4597 Etenim
1402 4547 1450 4596 in
1483 4540 1673 4599 octavo

182 4610 273 4667 eius
316 4615 485 4680 operis
538 4614 675 4667 libro
716 4613 824 4681 agit
867 4612 937 4681 de
958 4611 1374 4665 hebdomadibus
1419 4615 1669 4677 Danielis,

179 4690 286 4741 quas
309 4687 536 4750 adventu,
555 4679 1203 4750 Citristifompletagesse
1225 4683 1499 4750 contendit
1519 4684 1669 4750 juxta

179 4750 454 4801 Sententiam
472 4749 726 4802 Africani.
755 4748 1006 4801 Eumdem
1052 4747 1263 4800 Eusebii
1296 4749 1463 4801 locum
1488 4747 1553 4803 e'x
1576 4753 1667 4804 lib.

177 4826 272 4889 )'tIt_
298 4817 765 4889 Demonstrationis
798 4814 1103 4889 strangelicae
1149 4817 1280 4868 citat
1319 4817 1668 4889 Hieronymus

180 4880 219 4930 in
240 4882 609 4938 Commentariis
641 4888 695 4937 in
730 4880 1011 4936 Danielém.

209 4950 469 5026 λεὼ-Τῶν
490 4956 556 5008 δὲ
585 4955 810 5026 πιστῶν
835 4953 1102 5026 ἕκαστος.
1130 4951 1370 5026 Quatuor
1391 4958 1567 5026 nostri
1583 4974 1671 5010 co-

182 5013 519 5088 dices,Regius
549 5024 753 5077 scilicet
792 5038 853 5075 ac
904 5013 1210 5082 Mam—cuin
1262 5023 1395 5074 Med.
1425 5038 1477 5077 et
1511 5022 1665 5087 Fiik.,

186 5085 617 5149 seriptum‘habeut
642 5093 750 5145 τῶν
779 5109 837 5143 τε
862 5089 1081 5151 πιστῶν,
1117 5100 1220 5141 etc.
1252 5089 1356 5142 Sed
1384 5092 1514 5147 Rob.
1546 5085 1664 5147 SteQ

187 5152 352 5228 plianus
378 5173 491 5210 cum
526 5161 661 5213 hanc
674 5160 979 5226 particulam
1006 5158 1111 5224 jam
1140 5166 1292 5228 antea
1316 5161 1365 5210 in
1394 5166 1665 5228 superiore

186 5222 376 5297 ἔψεξηώιο
400 5229 620 5297 positam
647 5222 869 5290 videret,
894 5229 992 5280 hoc
1009 5222 1131 5297 loco
1156 5222 1535 5297 Béisubstituit;
1567 5249 1657 5285 no-

185 5284 420 5361 δίᾳ-μειωρὴ
451 5296 644 5349 rectior
672 5284 880 5351 videtur
897 5297 1090 5361 scripta
1114 5296 1286 5347 lectio.

240 5355 335 5435 (.871
353 5357 496 5435 Vulg.
525 5355 1339 5435 διεψευσμέναςᾶστοὸείξας.
1388 5368 1500 5426 Hoc
1544 5373 1663 5427 loco

190 5418 292 5506 Bob.
310 5418 537 5506 Stephani
560 5418 848 5506 consilium
861 5418 1074 5490 laudare
1093 5418 1241 5489 nullo
1251 5418 1659 5506 inﬁdo—ﬁdssliiﬁ",

196 5496 376 5576 quicum
395 5496 607 5567 Regium
632 5503 864 5576 codicem
894 5507 991 5559 sibi
1016 5506 1337 5576 sequendum
1363 5496 1661 5576 proposuis;

199 5569 387 5647 ganeum
408 5577 637 5647 exnparte
657 5570 911 5647 duntaxat
932 5569 1207 5647 expressit.
1232 5569 1375 5647 lNam
1405 5569 1475 5629 iu-
1498 5579 1659 5647 Regio

199 5629 358 5690 lluidetu
387 5628 553 5692 codice
582 5645 725 5692 totus
766 5639 849 5694 hic
894 5628 1039 5697 locus
1066 5645 1135 5697 ita
1169 5628 1354 5706 lcﬁi‘tur
1383 5663 1393 5697 :
1430 5628 1652 5709 έάξμῖέέέ

1774 4544 1968 4608 δείξας.
2018 4546 2073 4597 In
2124 4546 2343 4606 reliquis
2388 4555 2564 4599 autem
2599 4545 2885 4606 codicibus,
2921 4544 3055 4598 Med.
3107 4546 3304 4599 scilicet

1773 4626 1825 4666 et
1859 4615 1994 4666 Μαι.
2044 4631 2106 4665 ac
2156 4614 2313 4673 Fuk.,
2363 4614 2433 4665 ita
2475 4615 2705 4679 scriptus
2736 4624 2819 4667 est
2850 4634 2862 4666 :
2892 4614 2987 4675 τὰς
3049 4614 3144 4681 μὲν
3200 4613 3304 4664 τῶν

1770 4681 1967 4735 λοιπῶν
2000 4682 2151 4745 δόξας
2197 4682 2351 4752 ὼσὰνγ
2387 4682 2586 4750 βιαίους
2641 4683 2731 4734 καὶ
2774 4684 3149 4752 διεψευσμένας
3175 4685 3304 4733 ἀπε-

1772 4752 1979 4817 λέγξας.
2025 4754 2195 4816 Atque
2236 4753 2304 4801 ita
2343 4751 2535 4817 legitur
2567 4752 2726 4802 etiam
2758 4754 2891 4817 apud
2930 4752 3297 4816 Nicephorum.

1772 4821 1967 4883 Duplex
1993 4822 2153 4885 igitur
2174 4820 2275 4870 fuit
2301 4822 2561 4883 scriptura
2600 4820 2756 4883 hujus
2779 4822 2895 4876 loci.
2918 4836 3034 4871 cum
3056 4819 3140 4868 alii
3171 4818 3301 4867 ἁπο-

1767 4887 1937 4955 δείξας
1960 4889 2205 4952 legerent.
2233 4887 2317 4937 alii
2335 4888 2650 4953 ἀπελέγξας.
2678 4889 2777 4940 Sed
2804 4890 2893 4955 qui
2918 4889 3154 4951 legebant
3174 4886 3300 4955 ἀπο-

1773 4952 1965 5019 δείξας,
1997 4958 2029 5007 ii
2049 4957 2353 5007 adverbium
2390 4957 2513 5007 illntl
2542 4952 3085 5023 disciveytpungebant,
3106 4954 3297 5018 quippe

1771 5027 1905 5090 quod
1941 5025 2085 5076 nullo
2133 5025 2285 5073 modo
2312 5026 2594 5077 convenire
2628 5021 2790 5090 possit
2826 5021 2941 5075 cum
2974 5021 3129 5090 verbo
3161 5023 3295 5071 ἀπο-

1767 5088 1960 5155 δείξας.
1995 5091 2100 5144 Nos
2146 5092 2443 5158 ἁπελέγξας
2483 5088 2824 5159 prmtulimus,
2856 5103 2960 5140 tmn
3004 5089 3123 5153 quia
3172 5091 3291 5154 plu-

1768 5163 1901 5211 rium
1945 5161 2326 5226 exemplarium
2364 5163 2686 5213 auctoritate
2723 5161 2980 5214 firmatur,
3014 5166 3118 5205 tum
3147 5160 3287 5223 quod

1766 5228 2009 5280 Ruﬁnum
2056 5228 2127 5280 ita
2184 5229 2370 5297 legisse
2426 5246 2491 5282 ex
2549 5229 2660 5293 ejus
2715 5227 2953 5278 versione
3017 5230 3286 5293 comperi-

1763 5314 1897 5350 lllllS.
2022 5314 2025 5319 ”

1725 5347 1935 5435 -“ξ(88)
1989 5364 2216 5433 Ἐπειδὴ
2268 5347 2488 5435 γὰρ’τά
2541 5367 2809 5435 ὀνόμᾳτα·
2857 5359 3126 5435 Εθῖίίεωὲ
3174 5365 3280 5430 γάρ

1757 5427 1956 5485 δὺέειή
1987 5437 2180 5486 nostris
2203 5427 2473 5488 codicibus
2504 5427 2829 5492 Ma2..,1\led.,
2857 5427 2984 5479 Fuk.
3014 5441 3065 5482 et
3090 5427 3277 5497 Sat-ib,

1756 5516 1854 5553 nec
1905 5502 2130 5577 habetur
2172 5506 2221 5555 in
2261 5498 2928 5577 interprﬂatiopcﬂltulini.
2978 5499 3158 5577 Exstat
3195 5512 3278 5552 ta-

1754 5570 1969 5691 ;nl'elnbin
2012 5575 2193 5627 codice
2230 5564 2475 5643 Regio'et
2505 5567 2639 5635 apud
2685 5564 3037 5634 Nicephorum
3071 5568 3122 5621 in
3160 5585 3275 5636 cap.

1861 5656 1870 5690 ι
1916 5680 1927 5691 .
1962 5653 2002 5691 t.
2732 5670 2733 5675 η
