3978 6342
537 337 600 392 9|
1243 336 1511 393 EL’SEBII
1550 337 2020 394 CESARIENSIS
2058 335 2207 392 OPP.
2246 335 2447 391 PARS.
2488 335 2528 388 1.
2564 365 2629 375 -
2673 333 3057 389 HlSTORlCA.
3556 393 3559 397 Α
3672 324 3739 378 9?.

537 544 816 597 lcraiidiim
851 543 1066 595 szecnlis
1099 555 1141 607 pi
1172 551 1462 595 riuaueret.
1496 542 1757 607 Quoniam
1803 543 1966 609 igitur
1995 558 2087 595 eo-

458 647 463 653 '
536 644 652 681 rum
690 630 778 698 qui
805 630 946 683 inter
975 629 1210 694 majores
1240 630 1450 682 Christi
1480 638 1845 691 recensentur,
1879 631 1969 682 alii
1996 646 2086 681 na-

537 719 692 771 turali
725 718 867 785 jure,
912 728 969 771 ut
1016 719 1131 778 lilii,
1159 724 1477 786 parentibus
1514 729 1915 781 successerunt,
1958 736 2088 771 non—

539 810 667 862 nulli
702 826 829 864 vero
855 827 976 863 cum
1009 810 1077 864 ab
1104 811 1223 862 aliis
1248 814 1516 877 procreati
1546 820 1747 873 εωθιιι,
1771 810 1892 862 aliis
1918 811 2087 863 ascri-

538 902 610 968 pti
646 912 775 955 sunt
807 920 820 955 :
853 903 971 955 ideo
1016 910 1369 969 utrorumque
1424 902 1621 954 mentio
1662 901 1802 955 facta
1840 910 1943 964 est,
1982 912 2086 955 tam

535 1003 721 1041 eorum
774 989 865 1055 qui
915 1003 1045 1042 vere
1085 1000 1287 1058 patres,
1333 1006 1492 1056 quam
1542 990 1752 1042 illorum
1810 992 1899 1058 qui
1937 992 2086 1058 quasi

539 1093 719 1147 patres
761 1080 996 1136 fuerunt.
1034 1082 1105 1135 Ita
1154 1082 1230 1145 lit,
1271 1094 1328 1137 ut
1374 1095 1623 1136 neutrum
1676 1083 2088 1152 Evangelioruin

539 1172 731 1225 falsum
766 1174 857 1237 sit,
894 1189 1015 1228 cum
1062 1174 1290 1228 alterum
1346 1185 1617 1236 naturam,
1657 1174 1881 1227 alterum
1921 1175 2088 1243 legem

540 1265 593 1317 in
635 1262 926 1329 majoribus
968 1267 1346 1319 enumerandis
1393 1277 1670 1333 sequatur.
1718 1265 1847 1318 Nam
1882 1266 2093 1318 fainilite

540 1370 659 1423 quin
698 1372 817 1408 cum
847 1372 877 1409 a
918 1356 1226 1420 Salomone,
1262 1367 1375 1412 tum
1423 1375 1451 1409 a
1501 1357 1708 1411 Nathan
1740 1358 2091 1421 deducuntur,

543 1448 678 1499 adeo
727 1448 868 1501 inter
910 1464 969 1503 se
1022 1450 1295 1517 permistae
1343 1459 1489 1515 sunt,
1521 1450 1717 1519 partim
1760 1450 2094 1517 reparatione

544 1538 778 1590 nominis
819 1554 1007 1592 eorum
1059 1539 1151 1607 qui
1200 1543 1316 1593 sine
1354 1540 1503 1607 prole
1546 1539 1927 1603 decessissent,
1968 1554 2093 1607 par-

544 1629 635 1679 tim
672 1631 926 1682 secundis
960 1630 1179 1699 nuptiis,
1204 1632 1403 1699 partim
1431 1632 1591 1683 etiam
1624 1630 1845 1684 seminis
1872 1631 2096 1684 Suscita-

545 1719 706 1777 tione,
751 1728 809 1771 ut
847 1720 1007 1772 iidem
1046 1720 1290 1774 homines
1333 1720 1581 1774 diversos
1626 1728 1807 1789 patres
1842 1721 2097 1774 habuisse

434 484 439 495 -
538 454 905 520 delineabant,
938 464 995 507 ut
1042 456 1239 507 mortui
1276 471 1468 507 nomen
1500 456 1661 507 nullis
1694 470 1928 523 unquam
1958 453 2094 507 obli-

2202 452 2574 527 ὲμφερόειενοι,
2625 450 2675 502 οἱ
2710 450 2808 519 μὲν
2836 448 3132 513 διεδέξαντο
3160 446 3341 510 παῖδες
3366 444 3571 515 πατέρα
3615 460 3743 512 γνη-

2192 548 2339 611 σίως,
2382 550 2431 599 οξ
2472 548 2530 599 δὲ
2570 546 2779 617 ἑτέροις
2837 545 2936 614 μὲν
2993 542 3378 611 ἐγεννήθησαν,
3431 540 3632 610 ἑτέροις
3687 540 3741 591 δὲ

2190 636 2590 708 προσετέθησαν
2623 636 2827 707 κλήσει,
2863 634 3184 705 ἀμφοτέρων
3206 633 3440 711 ,γέγονεν
3468 633 3500 702 ἡ
3538 632 3740 700 μνήμη,

2188 729 2278 781 καὶ
2311 727 2419 778 τῶν
2464 727 2879 796 γεγεννηκότων,
2925 728 3017 778 καὶ
3066 724 3171 777 τῶν
3206 726 3281 787 ὡς
3328 722 3741 791 γεγεννηκότων.

2188 814 2368 879 Οὕτως
2390 816 2663 886 οὐδέτερον
2695 816 2799 867 τῶν
2833 814 3173 883 Εὐαγγελξων
3214 814 3479 882 ψεύδεται,
3524 812 3615 863 καὶ
3646 810 3744 878 φύ-

2188 922 2272 957 σιν
2303 903 2565 973 ἀριθμοῦν
2609 904 2703 955 xal.
2742 904 2899 973 νόμον
2918 920 2933 932 °
2970 900 3343 968 συνεπεπλάκη
3373 897 3478 968 γὰρ
3507 896 3744 965 ἀλλήλοις

2185 996 2404 1063 τὰγένη
2433 995 2562 1064 (89),
2596 994 2656 1046 τό
2702 1012 2762 1046 τε
2789 976 2911 1046 ἀπο
2930 992 3021 1045 τοῦ
3043 992 3400 1060 Σολομῶντος,
3432 990 3523 1042 καὶ
3555 989 3612 1039 τὸ
3642 988 3745 1039 ἀπὸ

2186 1087 2279 1138 τοῦ
2303 1085 2507 1143 Νάθαν,
2530 1083 2881 1136 ἀναστάσεσιν
2913 1082 3148 1134 ἀτέκνων
3167 1082 3294 1145 (90).
3313 1081 3404 1133 καὶ
3429 1080 3745 1150 δεμτερογα-

2193 1177 2361 1246 μὶαις,
2381 1176 2472 1227 καὶ
2488 1174 2807 1227 ἀναστάσεσι
2824 1169 3145 1243 σπερμάτων
3160 1171 3290 1237 (91),
3306 1172 3379 1234 ὡς
3393 1171 3610 1233 δικαίως
3626 1171 3747 1232 τοὺς

2188 1268 2383 1330 αὐτοὺς
2402 1266 2587 1319 ἄλλοτε
2616 1265 2786 1318 ἄλλων
2808 1262 3114 1332 νομίζεσθαι
3149 1262 3281 1331 (92),
3298 1263 3402 1314 τῶν
3424 1262 3519 1331 μὲν
3534 1261 3743 1314 δοκούν-

2188 1376 2295 1409 των
2319 1356 2588 1428 πατέρων,
2628 1354 2735 1408 τῶν
2750 1354 2805 1407 δὲ
2830 1352 3177 1423 ὑπαρχόντων
3196 1368 3209 1381 ·
3242 1351 3315 1413 ὡς
3332 1351 3638 1420 ἀμφοτέρας
3653 1349 3747 1429 τὰς

2190 1449 2463 1517 διηγήσεις
2507 1446 2727 1515 ἀληθεῖς
2761 1444 2947 1505 οὔσας,
2989 1443 3079 1495 ἐπὶ
3108 1443 3199 1494 τὸν
3249 1442 3444 1511 Ἰωσὴφ
3486 1440 3747 1492 πολυπλὸ-

2193 1556 2303 1601 κως
2346 1537 2465 1607 μὲν,
2521 1536 2635 1589 ἀλλ’
2687 1534 2925 1607 ἀκριϐῶς
2976 1532 3273 1586 κατελθεῖν.
3328 1532 3440 1583 Ἱνα
3482 1532 3540 1584 δὲ
3587 1532 3749 1598 σαφὲς

2198 1625 2230 1701 ᾖ
2263 1628 2322 1680 τὸ
2341 1626 2653 1699 λεγόμενον,
2682 1625 2778 1696 τὴν
2814 1624 3120 1693 ἐπαλλαγὴν
3166 1622 3271 1675 τῶν
3302 1621 3471 1688 γενῶν
3502 1621 3608 1691 (95)
3635 1620 3751 1691 διη-

2193 1722 2447 1790 γήσομαι.
2491 1718 2621 1771 Ἀπὸ
2648 1718 2741 1770 τοῦ
2764 1712 2924 1768 Δα6’;δ
2958 1716 3044 1768 διὰ
3076 1713 3413 1782 Σολομῶντος
3439 1712 3535 1774 τὰς
3564 1712 3750 1778 γενεὰς

543 1811 737 1863 merito
770 1812 1101 1878 credantur;
1144 1813 1243 1866 lios
1281 1814 1497 1881 quidem
1532 1813 1774 1876 lictitios,
1820 1811 1937 1865 illos
1967 1827 2095 1864 vero

2202 1807 2761 1879 καταριθμουμένοις,
2829 1804 3009 1875 τρίτος
3060 1804 3167 1857 ἀπὸ
3215 1803 3399 1864 τέλους
3446 1801 3752 1871 εὑρίσκεται

544 1903 838 1956 naturales.
879 1903 995 1968 Quo
1038 1903 1112 1964 lit,
1150 1915 1205 1956 ut
1238 1903 1514 1973 Evangelii
1552 1903 1830 1971 utriusque
1857 1902 2095 1955 narratio

545 1994 786 2047 absolute
832 1996 1135 2057 verissima,
1190 1997 1342 2048 vario
1385 1996 1601 2063 quidem
1657 1994 1916 2047 linearum
1967 2008 2095 2045 con-

515 2125 519 2128 .
552 2093 724 2144 textu,
756 2085 850 2137 sed
884 2096 1134 2139 accurate
1172 2086 1237 2139 ad
1262 2083 1554 2152 Joseplium
1583 2098 1752 2152 usque
1782 2082 2092 2135 descendat.

549 2175 742 2229 Verum
780 2188 836 2227 ut
878 2176 927 2229 id
964 2176 1105 2245 quod
1147 2175 1405 2238 diximus,
1433 2177 1638 2229 clarius
1665 2176 1777 2235 ﬁat,
1816 2174 2095 2238 utriusque

545 2268 729 2333 stirpis
770 2267 962 2320 seriem
1012 2282 1393 2335 proponemus.
1426 2265 1595 2334 Igitur
1628 2265 1671 2319 si
1710 2280 1740 2318 a
1773 2263 1970 2316 Davide
2003 2278 2096 2330 per

620 2376 744 2452 (89)_
766 2376 917 2452 Vulg.
967 2382 1314 2452 συνεπλάκη
1365 2384 1472 2450 γὰρ
1504 2382 1794 2448 ἀλλήλοις
1826 2381 1897 2433 τὰ
1931 2380 2090 2452 γένη.

548 2444 621 2496 lla
656 2449 869 2512 quidem
896 2466 959 2500 ex
993 2453 1175 2503 codice
1216 2444 1461 2505 hlediczco
1490 2444 1657 2503 edidit
1702 2444 1835 2503 Rob.
1869 2444 2098 2517 Stepha-

548 2532 667 2567 nus.
704 2518 757 2568 lu
791 2518 953 2584 Regio
996 2521 1284 2585 exemplari
1356 2522 1503 2586 prius
1546 2522 1804 2586 scriptum
1849 2530 1962 2572 erat
2003 2522 2099 2571 ὲπ·

546 2586 774 2655 επλάκη.
805 2586 992 2639 Postea
1016 2604 1140 2642 vero
1161 2590 1495 2641 emendatum
1515 2599 1595 2643 est
1623 2591 1777 2657 paulo
1809 2590 2097 2643 recentiore

547 2670 707 2727 manu
746 2657 1142 2727 συνεπεπλάκη.
1187 2658 1422 2710 Priorem
1467 2660 1608 2710 illam
1667 2659 1943 2710 lectionem
1974 2660 2097 2727 £7:-

546 2723 755 2791 επλάκη
774 2723 1347 2794 ΓριίιιυίιΝἰοιῖρΙιοιουδ.
1368 2729 1713 2781 (ὲοιΙάΑιυιρηι
1738 2726 1867 2778 Maz.
1892 2737 1941 2778 et
1963 2726 2094 2781 Fuk.

550 2794 807 2859 scriptum
852 2796 1047 2847 habent
1080 2797 1491 2859 συνεπεπλάχει,
1524 2798 1624 2857 vel,
1654 2799 1794 2863 quod
1822 2798 1956 2847 idem
1996 2806 2093 2857 est,

548 2863 943 2931 συνεπεπλάκη.
970 2868 1142 2931 Atque
1170 2868 1239 2918 ita
1268 2868 1458 2933 legisse
1480 2866 1688 2917 videtur
1718 2864 1941 2917 Ruﬁnus
1974 2883 1986 2917 :
2020 2868 2096 2917 sic

551 2939 691 2985 L‘Itllll
729 2934 885 2985 vertit
915 2950 927 2985 :
956 2933 1359 3001 Recoajuuctnm
1396 2936 1614 2999 namque
1652 2944 1722 2985 est
1758 2936 1855 2985 sibi
1886 2936 2098 2986 invicem

548 3021 731 3071 genus,
758 3013 804 3055 et
838 3005 966 3053 illud
1008 3006 1143 3071 quod
1182 3019 1272 3070 per
1310 3002 1657 3063 Sulomonem,
1700 3015 1745 3053 et
1778 3004 1909 3054 illud

550 3089 639 3141 per
659 3074 871 3124 Notium
900 3073 1194 3131 deducitur,
1222 3083 1323 3124 etc.
1365 3072 1459 3123 Ubi
1509 3074 1645 3122 .ides
1690 3072 1933 3124 Rulinuui
1970 3076 2100 3125 duas

557 3144 674 3195 illas
706 3144 1101 3207 pl’ﬂ‘pOSillOlles
1132 3143 1277 3194 verbi
1306 3141 1693 3193 συνεπεπλάκει
1725 3144 1939 3193 intidem
1959 3141 2102 3193 Lati-

558 3214 638 3265 nis
677 3212 974 3277 exprimere
1007 3211 1253 3265 voluisse.
1310 3212 1362 3262 lu
1404 3212 1629 3277 vulgatis
1678 3214 1889 3278 quidem
1926 3213 2097 3263 ltulini

557 3282 876 3333 cilttionibus
900 3281 1113 3345 legitur,
1142 3281 1471 3346 ronjunctum
1488 3296 1705 3345 nimique
1742 3289 1817 3331 est
1840 3282 1933 3331 sibi
1974 3284 2103 3331 invi-

555 3366 663 3403 cem
687 3366 866 3415 genus,
886 3361 989 3406 etc.
1019 3350 1209 3401 Verum
1243 3352 1292 3400 in
1327 3352 1532 3401 duobus
1558 3350 1930 3416 manusmiptis
1958 3352 2103 3401 codi-

551 3419 722 3478 cihas,
774 3419 945 3471 altero
976 3419 1313 3470 bibliotheca:
1336 3420 1535 3485 Regi-.13,
1582 3421 1752 3471 altero
1784 3418 2102 3473 Parisiensis

556 3488 826 3549 Ecclesize,
856 3497 911 3539 et
941 3490 991 3538 in
1029 3489 1405 3540 VClllSllSStllliS
1449 3489 1773 3540 editiouilius
1805 3489 1993 3554 legitur
2018 3506 2095 3539 re-

551 3558 909 3619 coniunctum.
950 3557 1053 3611 Nec
1078 3568 1251 3608 tamen
1282 3558 1507 3622 probare
1540 3573 1750 3621 possunt
1786 3559 2101 3623 interpretii-

554 3628 755 3679 tioncm
818 3626 1012 3678 Ruﬁni.
1066 3626 1195 3677 Nam
1245 3629 1556 3693 reconjungi
1592 3628 1803 3692 quidem
1853 3628 2102 3678 dicuntur

554 3698 669 3749 duae
711 3696 940 3759 familnr,
975 3712 1092 3763 qua:
1134 3712 1255 3749 cum
1294 3711 1357 3748 ex
1393 3699 1575 3748 eadem
1618 3706 1773 3762 gente
1807 3706 1935 3748 orta:
1975 3698 2098 3753 sint.

554 3767 755 3818 mutuis
782 3776 987 3830 postea
1022 3766 1307 3819 connubiis
1339 3768 1476 3835 inter
1503 3782 1561 3819 se
1592 3768 1964 3835 rejunguutttr.
1996 3767 2101 3819 Sed

508 3837 517 3847 '
554 3837 606 3889 in
644 3838 744 3888 hoc
772 3837 887 3887 loco
918 3837 1072 3903 longe
1108 3836 1209 3887 alia
1238 3834 1477 3888 Africani
1505 3851 1654 3889 mens
1686 3834 1787 3888 est.
1823 3836 1933 3888 Non
1959 3838 2099 3887 cnim

554 3907 682 3957 dicit
719 3905 1002 3957 Alricanus
1053 3906 1373 3957 Natlianteos
1419 3920 1480 3958 ac
1516 3908 1850 3959 Salomonios
1888 3908 1973 3973 qui
2035 3922 2100 3957 ex

552 3975 737 4026 eadem
780 3985 936 4043 gente
989 3975 1234 4028 Davidica
1277 3975 1537 4041 originem
1578 3978 1860 4039 ducebant,
1906 3979 2101 4028 mutuis

556 4046 693 4096 inter
720 4059 776 4096 se
827 4046 1108 4097 connubiis
1153 4053 1335 4111 postea
1385 4046 1652 4112 rejuuctos
1694 4048 1873 4098 fuisse.
1902 4045 2098 4097 Verum

554 4114 655 4167 hoc
685 4116 833 4177 dicit,
890 4118 1261 4181 generationes
1306 4116 1440 4177 illas,
1473 4124 1580 4166 tum
1622 4131 1741 4183 qua:
1775 4132 1802 4167 a
1836 4116 2102 4178 Nathaue,

558 4193 665 4233 tum
694 4197 809 4248 qum
832 4200 860 4233 a
898 4184 1178 4237 Salomone
1202 4186 1486 4243 ducuntur,
1529 4186 1785 4251 implean
1808 4201 1925 4237 esse
1947 4197 2102 4250 atque

558 4251 852 4313 intricatas,
885 4256 951 4304 ob
982 4255 1242 4305 secundas
1274 4254 1477 4305 scilicet
1510 4260 1722 4320 nuptias
1751 4256 2023 4305 viduarum
2048 4262 2101 4305 et

558 4322 820 4403 seminum
848 4322 1241 4399 suscitatiunes,
1272 4323 1673 4403 Qtlll'é‘llldlltlllls
1698 4322 2105 4403 generatiimnni
2138 4341 2182 4395 ι)

557 4389 762 4440 illartnn
782 4392 1031 4454 gradibus
1046 4400 1351 4441 occtirrunt.
1368 4390 1592 4441 Proinde
1610 4391 1908 4456 prie-positio
1922 4391 2002 4439 illa
2019 4391 2105 4440 ἐπί

556 4458 610 4508 in
645 4458 807 4509 verbo
839 4459 1253 4519 συνεπεπλάκει,
1290 4474 1391 4509 non
1423 4463 1730 4523 exponenda
1762 4468 1876 4511 erat
1906 4472 1998 4523 per
2052 4475 2104 4509 re

560 4526 768 4577 utl’ccit
833 4526 1074 4586 ltulinus,
1132 4528 1223 4577 sed
1293 4528 1471 4591 putius
1530 4541 1624 4591 per
1676 4527 2103 4592 przrpositionem

556 4611 729 4661 super.
794 4596 873 4646 Ad
929 4596 1169 4659 verbum,
1208 4593 1621 4657 συνεπεπλάκει,
1673 4594 2108 4662 ιυρεήηινίαωη

558 4676 651 4716 est.

629 4733 737 4803 (90)
803 4730 1237 4803 Ἀναστάονεσιν·Δ
1276 4730 1556 4784 ἀτέκνων.
1584 4732 1715 4803 _Vir
1769 4732 2107 4783 doctissimus

557 4801 789 4858 Joannes
822 4801 1053 4869 Langus,
1078 4802 1165 4866 qui
1198 4801 1551 4867 Nicephorum
1583 4801 1771 4853 Latine
1800 4802 2114 4866 interpreta-

561 4886 645 4925 Ius
678 4884 779 4930 cst,
811 4875 950 4923 hunc
986 4873 1153 4925 locum
1182 4871 1250 4922 ita
1281 4873 1475 4923 vertit:
1512 4872 1785 4937 Implicutu
1809 4872 1943 4920 cnim
1973 4871 2111 4920 inter

558 4961 611 4995 se
642 4953 761 4995 sunt
790 4958 998 5007 genera,
1018 4950 1064 4991 et
1090 4943 1225 5005 quod
1245 4958 1275 4990 α
1301 4938 1579 4991 Salomone
1606 4944 1805 5007 etquod
1836 4955 1867 4989 a
1900 4938 2112 4989 Nat/tau

560 5014 843 5071 descendit,
896 5018 1343 5075 reprmentutioue
1390 5024 1568 5059 eorum
1626 5012 1712 5075 qui
1764 5010 1947 5059 liberos
2011 5025 2111 5059 non

563 5092 821 5147 creasse"!
862 5082 1201 5147 secundisque
1250 5078 1444 5141 nuptiis
1494 5095 1557 5128 ac
1605 5079 1997 5130 resnscitationc
2028 5094 2109 5129 se-

564 5144 782 5204 minum.
816 5152 1040 5203 Rulinus
1069 5144 1195 5201 vero
1229 5148 1449 5197 liberius
1484 5149 1721 5213 quidem,
1750 5150 1839 5199 sed
1865 5163 1969 5198 non
1998 5149 2113 5200 sine

564 5222 823 5288 elegantia
861 5223 929 5273 ita
968 5220 1161 5271 vertit:
1204 5216 1607 5288 Reconjunciiim
1642 5232 1858 5283 namque
1883 5218 1981 5268 sibi
2013 5225 2109 5288 est

562 5284 774 5341 invicem
801 5308 978 5359 genus,
1002 5300 1049 5341 et
1076 5288 1205 5359 illud
1238 5287 1375 5354 quod
1399 5288 1490 5352 iter
1518 5284 1866 5359 Solomonem,
1901 5297 1947 5359 et
1983 5286 2113 5359 illud

561 5363 695 5425 quod
725 5356 815 5424 per
845 5360 1058 5411 Nat/ian
1090 5358 1389 5418 deducitur,
1421 5368 1511 5418 per
1544 5356 1756 5425 legales
1779 5358 2114 5407 substitutio-

564 5424 649 5478 nes
670 5444 786 5495 qua:
814 5431 1005 5494 ﬁebant
1034 5428 1115 5479 liis
1146 5427 1235 5494 qui
1267 5427 1379 5477 sine
1400 5424 1579 5495 liberis
1604 5424 1933 5489 decedebant,
1957 5436 2001 5477 et
2024 5438 2115 5489 per

562 5494 822 5554 secundas.
868 5497 1207 5550 nihilominus
1259 5494 1491 5561 nuptias,
1538 5494 1722 5560 quibus
1779 5509 1910 5545 unus
1960 5508 2116 5559 atque

562 5568 698 5617 idem
723 5568 845 5618 aliis
887 5568 1187 5632 parentibus
1222 5563 1545 5633 progenitus,
1581 5564 1805 5633 oliorum
1833 5579 1943 5614 esse
1974 5566 2115 5624 ﬁlms
2146 5590 2161 5608 ρ

564 5638 849 5689 videbatur.
891 5636 1082 5690 Omisit
1119 5632 1342 5687 Ruﬁnus
1388 5632 1549 5685 verba
1575 5632 1662 5683 illa
1694 5632 1929 5683 Africani
1972 5644 1997 5683 :‘
2024 5633 2116 5683 καὶ

566 5708 882 5759 numidas:
911 5705 1255 5775 σπερμάτων,
1278 5719 1395 5772 qute
1411 5714 1554 5757 certe
1572 5698 1833 5769 superﬂua
1855 5704 2111 5755 Videntur.
2146 5709 2154 5715 ‘

2198 1900 2440 1960 Ματθὰν,
2473 1898 2530 1960 ὃς
2574 1898 2827 1967 ἐγέννησε
2883 1895 2973 1948 τὸν
3036 1894 3223 1947 Ἰακὼϐ
3275 1892 3368 1945 τοῦ
3429 1893 3623 1962 Ἰωσὴφ
3666 1892 3751 1943 τὸν

2199 1990 2445 2060 πατέρα’
2494 1988 2602 2041 ἀπὸ
2645 1988 2702 2040 δὲ
2749 1985 2929 2039 Νάθαν
2980 1985 3076 2037 τοῦ
3123 1984 3283 2039 Δαὸὶδ
3334 1983 3471 2037 κατὰ
3521 1985 3750 2046 Λουκᾶν,

2198 2081 2399 2150 ὁμοίως
2429 2078 2610 2150 τρίτος
2650 2077 2757 2130 ἀπὸ
2792 2075 2975 2136 τέλους
3019 2076 3211 2145 Μελχὶ,
3250 2071 3310 2128 οὗ
3346 2075 3455 2137 υἱὸς
3502 2075 3530 2125 ὁ
3578 2074 3694 2125 Ἠλὶ
3724 2074 3754 2125 ὁ

2196 2170 2289 2223 τοῦ
2358 2170 2552 2238 Ἰωσὴφ
2603 2170 2814 2238 πατήρ·
2884 2168 3077 2239 Ἰωσὴφ
3146 2168 3255 2238 γὰρ
3318 2166 3430 2228 υἱὸς
3494 2166 3612 2217 Ἠλὶ
3660 2164 3752 2216 τοῦ

2198 2263 2387 2331 Μελχί.
2429 2262 2640 2315 Σκοποῦ
2679 2264 2851 2314 τοίνυν
2895 2263 3025 2331 ἡμῖν
3084 2262 3333 2330 κειμένου
3386 2257 3475 2310 τοῦ
3539 2256 3752 2327 Ἰωσὴφ,

2199 2381 2330 2433 Cum
2359 2381 2502 2434 enim
2542 2380 2652 2445 jam
2693 2389 2845 2431 antea
2879 2378 3076 2432 dixerit
3112 2376 3464 2429 ἀναστάσεσιν
3511 2374 3751 2430 ἀτέκνων

2202 2452 2473 2517 rejunctas
2520 2450 2685 2502 fuisse
2726 2450 2975 2511 familias,
2995 2450 3118 2514 quid
3140 2462 3269 2513 opus
3296 2458 3376 2498 est
3403 2446 3595 2497 addere
3628 2447 3754 2498 ἁνα-

2200 2524 2451 2573 στάσεσιν
2487 2518 2834 2589 σπερμάτων,
2864 2520 3015 2589 quod
3045 2534 3202 2589 unum
3243 2519 3597 2589 idemqueiest
3622 2526 3753 2569 teste

2197 2590 2450 2641 Africano
2480 2590 2531 2641 in
2566 2583 2666 2641 hac
2689 2590 2796 2655 ipsa
2830 2590 2896 2639 ad
2924 2588 3204 2639 Aristidem
3223 2587 3457 2651 epistola.
3489 2583 3745 2637 Cu'ternzu

2197 2658 2483 2712 obscurum
2530 2668 2613 2709 est
2656 2659 2793 2724 quod
2827 2658 2910 2709 hic
2966 2658 3037 2707 ait
3073 2655 3373 2715 Africani“,
3419 2655 3754 2719 reparatione

2198 2728 2399 2780 scilicet
2429 2728 2651 2780 seminis
2668 2742 2851 2779 eorum
2886 2728 2971 2791 qui
3008 2728 3121 2775 sine
3164 2725 3342 2776 liberis
3379 2725 3751 2789 decessissent,

2205 2797 2417 2849 misceri
2443 2798 2629 2848 solitas
2655 2812 2774 2848 esse
2801 2797 3049 2847 latuilias.
3082 2792 3210 2844 Nam
3230 2794 3440 2858 thlies
3471 2795 3633 2844 l‘raler
3663 2810 3747 2845 en-

2205 2868 2323 2917 dem
2368 2874 2517 2932 patre
2546 2876 2702 2918 natus
2749 2865 2987 2916 relictam
3026 2864 3207 2915 fratris
3245 2864 3321 2913 sui
3366 2864 3414 2913 in
3446 2862 3749 2928 conjuginm

2202 2934 2449 3003 ducebat,
2480 2936 2620 2986 nulla
2647 2941 2767 2987 erat
2803 2937 3102 3003 agnationis
3135 2934 3373 2983 mutatio.
3402 2932 3502 2983 Sed
3530 2934 3572 2982 si
3618 2934 3755 2988 forte

1966 3004 2101 3072 quod
2128 3010 2169 3065 (ζ
2205 3001 2629 3072 frateruteriuus
2680 3004 2890 3053 viduam
2926 3002 3107 3055 fratris
3146 3002 3224 3053 sui
3260 3016 3474 3053 uxorem
3511 3003 3751 3067 duceret,

2210 3084 2334 3124 tunc
2378 3074 2551 3140 aliqua
2610 3071 2933 3124 familiarum
3001 3072 3273 3137 permistio
3323 3072 3462 3140 nasci
3524 3080 3752 3133 pltlt’lel.

2189 3142 2386 3206 .ltaquc
2448 3139 2639 3195 merito
2685 3143 2885 3193 addidit
2938 3143 3237 3203 Africanus,
3288 3141 3379 3193 καὶ
3431 3139 3750 3209 δεντερογα-

2210 3212 2376 3278 μίαις.
2412 3211 2534 3264 llzcc
2565 3213 2707 3263 enim
2756 3213 3017 3277 praecipua
3063 3211 3156 3263 fuit
3203 3226 3360 3263 eausa
3388 3212 3753 3276 permistinnis

2208 3283 2555 3341 familiarum,
2585 3281 2797 3347 quaties
2840 3283 3028 3334 mulier
3058 3282 3316 3346 susceptis
3349 3281 3459 3343 jam
3486 3280 3663 3331 liberis
3684 3296 3752 3334 ex

2207 3352 2384 3417 priore
2414 3352 2775 3409 matrimtmio,
2804 3353 2865 3399 ad
2911 3352 3171 3401 secundas
3203 3352 3412 3414 nuptias
3456 3351 3756 3401 transmla-

2209 3422 2317 3480 lml,
2364 3431 2415 3471 et
2447 3420 2581 3472 ﬁlios
2604 3436 2666 3471 ex
2694 3420 2985 3485 posteriore
3014 3423 3175 3470 etiam
3203 3420 3315 3470 viro
3352 3419 3606 3486 pariebat.
3635 3420 3753 3484 Quo

2206 3488 2370 3549 facto,
2398 3493 2563 3541 lilium
2590 3505 2651 3540 cx
2688 3490 2863 3554 priore
2897 3490 3234 3541 matrimonio
3283 3501 3484 3548 natum,
3528 3505 3752 3543 uxorein

2205 3562 2444 3621 duxisse,
2472 3570 2523 3607 ct
2553 3559 2827 3624 improlcm
2859 3569 3037 3625 postea
3063 3559 3254 3611 obiisse
3282 3559 3561 3626 litigamus.
3601 3558 3756 3614 Tunc

2205 3629 2247 3679 si
2286 3629 2613 3681 li‘aleriHius
2643 3629 2882 3679 ulerinus
2918 3630 3123 3680 viduam
3163 3631 3211 3680 in
3244 3629 3542 3694 conjugium
3581 3629 3754 3681 duxe-

2207 3699 2296 3760 rit,
2324 3709 2375 3749 et
2407 3715 2469 3749 ex
2512 3714 2569 3749 ea
2612 3698 2805 3749 liberos
2857 3698 3152 3760 sustulerit,
3212 3700 3261 3750 in
3293 3713 3513 3764 persona
3552 3698 3755 3749 libero-

2205 3783 2319 3818 rum
2352 3770 2453 3819 erit
2490 3768 2665 3833 aliqua
2714 3766 3037 3819 familiarum
3070 3769 3333 3825 conlusio,
3369 3770 3435 3818 ita
3468 3777 3522 3816 ut
3559 3778 3754 3819 natura

2204 3838 2411 3903 quidem
2449 3838 2624 3901 hujus,
2664 3837 2775 3904 lege
2802 3848 2976 3889 autem
3007 3838 3146 3888 illius
3176 3838 3263 3887 lilii
3294 3840 3556 3904 dicantur.

2274 3906 2380 3975 (91)
2410 3906 2515 3959 Καὶ
2542 3902 2910 3959 ἀναστάσεσι
2932 3905 3299 3972 σπερμάτων.
3320 3907 3469 3975 Apud
3492 3902 3761 3975 Nicepho-

2199 3973 2317 4027 rnni
2348 3978 2536 4042 legitur
2552 3976 2863 4034 ἀναστάσει,
2884 3987 3043 4043 atque
3068 3990 3138 4025 lla
3160 3980 3207 4026 in
3226 3975 3405 4043 codice
3428 3973 3585 4039 Regio
3607 3976 3758 4036 prius

2202 4048 2457 4109 St't‘ipltttll
2510 4047 2701 4101 liinrat,
2754 4056 2933 4111 postea
2966 4042 3479 4111 vero‘emendatum
3521 4051 3600 4092 est
3644 4046 3755 4095 alia

2205 4132 2361 4165 nninu
2418 4109 2765 4175 ἀναστάσεσιζ
2826 4111 3021 4163 Verum
3090 4109 3370 4178 Nicepliori
3427 4111 3581 4161 lectio
3636 4129 3758 4161 ina-

2203 4186 2283 4249 gis
2337 4184 2530 4250 placet,
2587 4200 2707 4236 cum
2744 4185 2899 4247 paulo
2945 4190 3065 4234 ante
3112 4182 3337 4247 positum
3402 4182 3470 4231 sit
3522 4178 3763 4233 ἀναστά-

2204 4269 2336 4302 σεσι.

2278 4321 2387 4387 (92)
2440 4323 2681 4371 Ἀλλοτε
2708 4318 2911 4371 ἄλλων
2964 4315 3313 4387 νομίζεσθαι.
3368 4314 3489 4367 llmc
3510 4326 3591 4368 est
3619 4319 3764 4372 scri-

2211 4386 2361 4452 ptura
2403 4390 2545 4449 Regii
2594 4392 2810 4451 codicis,
2858 4404 3016 4456 quam
3066 4386 3758 4456 Nicephorusetiamicon.

2212 4460 2406 4510 lit'niat.
2456 4458 2631 4510 Nestri
2681 4454 3117 4525 lzllllttllVCOlllCCS
3162 4455 3321 4518 Med,
3389 4454 3545 4521 Μυκη
3591 4455 3758 4525 Fuk.,

2206 4528 2457 4586 seriptum
2484 4528 2674 4576 habent
2696 4525 2880 4577 ἄλλοτε
2905 4524 3093 4586 ἄλλως.

2280 4580 2389 4663 (93)
2423 4592 2575 4659 Vulg.
2596 4580 3100 4663 theano/Iovino}
3137 4585 3251 4637 τῶν
3274 4583 3480 4663 γενῶζ.
3514 4580 3634 4663 Hinc
3673 4598 3756 4639 es;

2210 4652 2471 4730 scriptura
2492 4652 2689 4712 codicis
2709 4660 2874 4727 Regii,
2897 4674 3051 4725 quem
3070 4665 3281 4709 secutus
3299 4662 3379 4706 est
3432 4652 3741 4719 Stephanus

2208 4732 2315 4784 Nec
2350 4734 2504 4783 aliter
2554 4732 2740 4796 legisse
2784 4733 2990 4781 videtur
3036 4730 3254 4782 Rulinus
3308 4730 3393 4795 qui
3440 4732 3515 4781 sic
3562 4734 3750 4791 vertit,

2210 4804 2343 4865 ipsus
2360 4801 2743 4867 generutiunum
2758 4800 3140 4867 consequentias
3155 4799 3526 4849 enarrabimus.
3542 4797 3756 4861 Reliqui

2213 4880 2388 4921 tamen
2419 4871 2627 4920 codices
2656 4870 2808 4927 .\l:iz.,
2858 4868 3016 4927 Ναὶ..
3063 4867 3197 4919 Fuk.
3233 4882 3293 4919 ac
3328 4868 3530 4930 Savilii,
3570 4872 3761 4935 pracfe-

2214 4950 2333 4990 runt
2378 4936 2471 5005 τὴν
2513 4936 2817 5007 ἐπαλλαγὴν
2847 4936 2951 4989 τῶν
2994 4936 3202 5007 γενῶντμ
3233 4936 3401 4999 Quam
3440 4938 3647 5001 quidem
3683 4940 3761 4994 le-

2212 5004 2443 5059 ctionem
2467 5010 2623 5058 etiam
2672 5013 2735 5058 ad
2778 5004 2913 5057 latus
2941 5010 3141 5059 codicis
3175 5004 3631 5074 Regiiascriptam
3668 5010 3757 5063 in-

2212 5078 2353 5129 veni.
2405 5077 2730 5143 Neephorus
2780 5086 2951 5127 autem
3004 5077 3160 5127 habet
3210 5073 3519 5146 ἐναλλαγήν,
3571 5079 3618 5128 id
3671 5090 3761 5134 est

2212 5147 2683 5197 commutationem.
2726 5146 2788 5198 Et
2828 5146 3337 5210 Christoptiorsunus
3373 5151 3582 5213 quidem
3626 5154 3758 5202 νηί-

2213 5226 2387 5282 gatam
2416 5231 2443 5265 a
2473 5214 2606 5267 Rob.
2638 5218 2909 5282 Stephano
2950 5216 3226 5266 lectionem
3270 5227 3481 5269 secutus
3507 5228 3606 5270 est.
3640 5219 3762 5283 Ego

2215 5298 2339 5357 vero
2364 5283 2583 5335 alteram
2598 5285 2888 5357 lectionem
2914 5284 3183 5357 amplexus
3213 5299 3349 5347 smn,
3380 5288 3570 5357 quippe
3587 5303 3759 5353 quam

2213 5355 2399 5420 plures
2426 5361 2479 5404 et
2510 5354 2758 5406 meliores
2777 5353 2987 5405 codices
3024 5354 3352 5408 exhibereut.
3388 5353 3585 5411 Deinde
3606 5358 3759 5410 Alri-

2214 5438 2383 5475 canus
2408 5422 2509 5474 hoc
2533 5422 2647 5475 loco
2680 5436 3008 5489 nequaquam
3047 5435 3286 5476 recenset
3317 5429 3507 5480 seriem
3540 5427 3757 5480 utrius-

2213 5506 2318 5556 que
2364 5492 2741 5558 generationis.
2807 5491 2983 5557 Neque
3006 5494 3146 5544 enim
3213 5497 3549 5561 progreditur
3605 5498 3753 5547 ultra

2220 5561 2454 5612 Mattban
2500 5572 2553 5613 et
2600 5561 2805 5615 Melchi.
2859 5564 2961 5613 Sed
3015 5572 3211 5616 tantum
3257 5568 3472 5631 exponit
3516 5564 3759 5617 ἐπαλλα-

2216 5630 2337 5699 γὴν,
2369 5632 2417 5681 id
2449 5639 2533 5682 est
2577 5630 2983 5685 commistioneni
3030 5649 3121 5685 seu
3155 5630 3596 5699 complicationem
3621 5636 3757 5687 dua~

2220 5717 2333 5754 tum
2363 5699 2679 5755 familiarum
2708 5703 2758 5753 in
2799 5702 3099 5772 genealogia
3136 5704 3353 5758 Christi.
