3996 6342
724 370 793 426 95

1433 372 1700 428 EUSEBH
1739 372 2214 427 CIESARIENSIS
2250 373 2397 427 OPP.
2439 374 2620 427 PARS
2656 376 2699 429 Ι.
2737 406 2807 419 —-
2846 374 3230 431 HISTOBICA.
3841 380 3895 433 96

726 488 848 561 dit),
878 489 1017 545 ﬁlius
1060 489 1256 559 Joseph
1312 493 1402 561 qui
1459 495 1558 544 luit
1598 492 1734 553 lleli,
1766 493 2005 560 quil‘uit
2056 494 2241 548 Melchi

2341 513 2484 559 nec,
2529 497 2829 565 παρέδοσαν
2878 497 2971 550 καὶ
3015 497 3222 553 ταῦτα,
3277 492 3349 558 ὼς
3406 496 3687 566 Ἰδουμαῖοι
3736 497 3897 568 λῃσταὶ

724 581 909 649 Neque
942 582 1085 635 enim
1121 592 1332 651 poterat
1383 582 1639 635 disertius
1680 584 1909 650 exprimi
1959 583 2145 637 ﬁctitia
2191 584 2278 636 illa

721 671 1011 737 generandi
1054 672 1193 724 ratio
1230 686 1349 738 qua:
1400 684 1468 724 ex
1512 670 1629 738 lege
1657 672 1896 739 profecta
1925 684 2027 726 est.
2061 672 2183 726 ldeo
2225 674 2276 726 in

722 746 1030 827 huiusmodi
1088 760 1381 814 liberorum
1439 762 1806 829 generatione,
1842 764 2063 815 verbum
2126 764 2273 825 illud,

2394 586 2687 639 Ἀσκάλωνι
2729 588 2877 639 πόλει
2919 588 3019 657 τῆς
3078 586 3435 657 Παλαιστίνης
3478 586 3812 651 ἐπελθόντες,
3850 590 3897 655 ἐξ

2378 675 2641 728 είδωλείου
2687 676 3029 741 Ἀπόλλωνος,
3068 676 3096 727 ὃ
3123 678 3253 746 πρὸς
3298 678 3410 738 τοῖς
3451 675 3681 745 τείχεσιν
3724 676 3893 747 ἵδρυτο,

2390 768 2737 838 Ἀντίπατρον
2792 768 3026 837 Ἡρώδου
3061 768 3200 831 τινὸς
3251 766 3357 837 (93)
3400 768 3694 838 ίεροδούλου
3738 768 3896 832 παῖδα,

720 852 923 918 genuit,
964 852 1031 905 ad
1074 852 1234 903 ﬁnem
1276 864 1447 918 usque
1490 850 1725 913 reticuit,
1755 850 1967 906 cum‘ad
1998 854 2171 920 ipsum
2197 870 2241 907 ut

2375 859 2509 928 πρὸς
2543 862 2654 921 τοῖς
2687 858 2860 921 ἄλλοις
2906 859 3079 920 σύλοις
3120 857 3457 927 αἰχμάλωτον
3494 858 3734 927 ἀπῆγον
3763 858 3894 927 τῷδὲ

716 938 825 1009 que
844 936 1128 1003 Adamum,
1156 940 1247 1006 qui
1269 939 1368 994 fuit
1388 940 1502 1006 Dei,
1533 943 1795 1010 gradatim
1814 946 2169 1011 ascendendo,
2196 954 2275 997 to-

718 1033 825 1086 tius
840 1032 1055 1101 generis
1080 1032 1273 1085 seriem
1302 1032 1660 1099 perduxisset.
1686 1032 1868 1101 Neque
1884 1049 2010 1087 vero
2043 1035 2102 1113 id-
2122 1023 2270 1088 c‘eria

715 1122 924 1177 ratione
953 1122 1263 1176 destitutum
1286 1125 1381 1175 'aut
1409 1130 1609 1177 temere
1635 1124 1919 1178 conﬁctum
1941 1132 2038 1178 est.
2061 1124 2270 1193 Cogna-

718 1216 756 1267 ti
788 1215 930 1269 enim
960 1213 1262 1268 Servatoris
1296 1216 1485 1278 nostri,
1519 1217 1631 1269 sive
1660 1217 1725 1269 ad
1771 1216 2149 1268 ostendendam
2178 1232 2274 1286 ge—

714 1307 863 1361 neris
890 1307 970 1360 sui
997 1307 1349 1372 nobilitatem,
1378 1307 1490 1361 sive
1518 1317 1575 1359 ut
1612 1306 1932 1373 simpliciter
1967 1322 2081 1359 rem
2109 1308 2266 1361 doce-

713 1408 856 1461 rent,
893 1397 1079 1450 veraci
1125 1397 1308 1465 utique
1361 1412 1615 1450 sermone
1664 1399 1775 1449 ha:c
1819 1396 1971 1449 nobis
2028 1396 2263 1449 tradide-

710 1496 840 1540 runt
888 1504 903 1540 :
956 1487 1194 1543 latrones
1237 1490 1448 1541 scilicet
1501 1485 1781 1550 Idumaeos,
1838 1503 1958 1545 cum
2013 1488 2261 1541 Ascaloni

711 1576 1010 1631 Palaestina:
1040 1578 1241 1631 civitati
1282 1578 1742 1645 supervenissent,
1781 1592 1847 1630 ex
1880 1576 2104 1630 delubro
2134 1591 2261 1643 quo-

708 1668 830 1722 dam
860 1669 1125 1736 Apollinis
1154 1671 1295 1738 quod
1323 1669 1388 1721 ad
1434 1670 1579 1737 ipsos
1630 1668 1781 1721 urbis
1816 1683 1999 1719 muros
2030 1668 2257 1734 positum

704 1767 843 1824 erat,
876 1761 1215 1828 Antipatrum
1260 1758 1486 1811 Herodis
1546 1756 1825 1825 Cujusdam
1879 1758 2141 1811 hieroduli
2198 1756 2254 1809 ﬁ-

703 1848 831 1903 lium
863 1851 1022 1903 simul
1058 1866 1176 1903 cum
1212 1850 1412 1917 reliqua
1446 1865 1599 1902 sacra
1634 1852 1810 1916 pmda
1863 1850 2128 1917 captivum
2157 1849 2256 1900 du-

705 1941 873 1992 xisse.
904 1939 1036 1993 Cum
1066 1953 1198 1992 vero
1229 1954 1325 2007 pro
1352 1940 1718 2007 redemptione
1742 1938 1833 1991 ﬁlii
1857 1928 2100 1991 minister
2122 1947 2254 1990 tem-

701 2030 771 2095 pli
800 2029 1027 2095 pretium
1056 2030 1265 2083 solvere
1296 2046 1401 2082 non
1434 2030 1659 2093 valeret,
1694 2030 1971 2097 Antipater
2000 2028 2253 2081 Idumteo-

701 2132 817 2168 rum
850 2132 997 2170 more
1039 2118 1391 2187 institutoque
1444 2120 1724 2182 educatus,
1754 2119 2089 2187 postmodum
2121 2118 2248 2171 Hir-

697 2203 817 2254 cani
870 2206 1062 2257 summi
1106 2206 1410 2261 Judaeorum
1462 2192 1734 2277 pontiﬁcis
1787 2210 1995 2263 amicus
2025 2209 2253 2264 effectus

696 2304 797 2347 est.
830 2294 949 2348 Mox
983 2296 1192 2365 legatus
1217 2299 1287 2351 ad
1317 2299 1629 2368 Pompeium
1663 2300 1857 2354 missus
1890 2302 1955 2353 ab
1986 2300 2256 2365 Hircano,‘

696 2401 819 2438 cum
847 2387 894 2464 ei
931 2403 1149 2457 regnum
1183 2391 1325 2457 quod
1352 2390 1696 2464 Aristobulus
1725 2391 1959 2443 maxima
1992 2406 2058 2443 ex
2092 2400 2245 2456 parte

696 2462 1075 2546 occupaverat,
1107 2481 1332 2534 liberum
1359 2462 1704 2545 restituisset,
1736 2484 1800 2534 ad
1827 2498 2087 2535 summam
2126 2482 2243 2535 feli-

694 2569 913 2621 citatem
981 2571 1246 2637 pervenit,
1304 2552 1553 2624 curaior'
1592 2572 1890 2625 Palaestinae
1946 2584 2243 2638 promotus.

695 2651 931 2705 Tandem
973 2654 1039 2706 ab
1079 2656 1143 2707 iis
1187 2656 1275 2722 qui
1325 2656 1570 2711 felicitati
1612 2660 1726 2727 ejus
1771 2661 2106 2723 invidebant,
2148 2676 2240 2729 per

695 2741 919 2795 insidias
969 2744 1301 2810 interfectus,
1355 2747 1619 2801 Herodem
1668 2750 1832 2801 ﬁiium
1869 2765 2236 2803 successorem

696 2831 932 2896 reliquit,
986 2836 1068 2885 cui
1121 2845 1306 2901 postea
1357 2839 1623 2891 Antonius
1654 2840 1756 2907 23
1787 2849 1840 2892 et
1878 2841 2238 2907 Augustus'ex

690 2922 1157 2975 senatusconsulto
1185 2940 1405 2991 regnum
1433 2924 1629 2979 Judwae
1654 2927 2046 2994 adjudicaruut.
2073 2924 2240 2992 Hujus

692 3009 917 3064 Herodis
960 3010 1108 3065 ﬁlius
1156 3013 1255 3067 fuit
1292 3014 1529 3070 Herodes
1569 3016 1767 3085 aliique
1819 3015 2121 3069 tetrarchte.
2173 3014 2237 3068 Et

2372 949 2542 1019 λύτρα
2561 950 2731 1018 ὑπὲρ·
2752 947 2843 1000 τοῦ
2896 948 3011 1000 υἱοῦ
3056 946 3376 999 καταθέσθαι
3418 947 3499 1018 μὴ
3529 947 3778 1000 δύνασθαι
3818 946 3892 1001 {in

2373 1041 2522 1109 ἱερέα
2547 1039 2676 1110 (99),
2692 1024 2736 1091 ό
2776 1040 3123 1109 Ἀντίπατρος
3144 1041 3255 1100 τοῖς
3274 1038 3380 1090 τῶν
3415 1038 3720 1107 Ἰδουμαίων
3746 1037 3894 1090 ἔθεσιν

2369 1130 2671 1197 ἐντραφεὶς,
2720 1128 2938 1198 ὕστερον
2998 1127 3241 1199 Ὑρκανῷ
3286 1127 3548 1196 φιλιοῦται
3581 1128 3656 1198 (1)
3697 1128 3773 1197 τῷ
3813 1129 3895 1197 τῆς

2379 1220 2633 1282 Ἰουδαίας
2671 1220 2929 1289 ἀρχιερεῖ.
2962 1219 3307 1290 Πρεσὸεύσας
3351 1219 3408 1271 δὲ
3458 1219 3590 1289 πρὸς
3637 1219 3891 1288 Πομπήϊον

2367 1311 2505 1379 ὑπὲρ
2537 1310 2627 1362 τοῦ
2667 1308 2951 1381 Ὑρκανοῦ,
2987 1311 3078 1362 καὶ
3118 1310 3214 1377 τὴν
3246 1309 3518 1380 βασιλείαν
3551 1309 3893 1380 ὲλευθερᾞσας

2366 1400 2514 1470 αὐτῷ
2550 1401 2655 1453 ὑπὸ
2718 1400 3117 1470 Ἀριστοϐούλου
3173 1400 3263 1452 τοῦ
3308 1399 3534 1468 ἀδελφοῦ
3586 1416 3891 1469 περικοπτο-

2341 1492 2548 1561 μένην,
2582 1490 2741 1553 αὐτὸς
2786 1490 3084 1561 ηὑτύχησεν
3126 1489 3451 1559 ἐπιμελητὴς
3483 1489 3582 1557 τῆς
3630 1487 3893 1539 Παλαιστι-

2360 1596 2455 1647 νης
2497 1580 2773 1649 προκόψας
2816 1579 2909 1647 (2)’
2952 1579 3249 1649 διαδέχεται
3299 1577 3354 1627 δὲ
3402 1576 3491 1627 τὸν
3566 1574 3890 1641 Ἀντίπατρον

2360 1668 2536 1736 φθόνῳ
2573 1669 2672 1737 τῆς
2722 1668 2916 1736 πολλῆς
2959 1668 3203 1736 εὐτυχίας
3244 1664 3676 1735 δολοφονηθέντα,
3720 1667 3747 1716 ό
3786 1665 3890 1726 υἱὸς

2368 1760 2629 1829 Ἡρώδης,
2680 1760 2736 1819 ὃς
2785 1759 3005 1827 ὕστερον
3051 1758 3139 1809 ὑπ’
3199 1756 3475 1808 Ἀντωνίου
3523 1757 3616 1807 καὶ
3662 1755 3758 1820 ’ιοῦ⁸
3792 1756 3887 1807 Ab-

2358 1850 2604 1915 γούστου,
2657 1848 2955 1918 συγκλήτου
2988 1848 3213 1917 δόγματι
3256 1846 3362 1897 τῶν
3409 1846 3673 1922 Ἰουδαίων
3714 1844 3887 1917 ἐκρίθη

2360 1939 2687 2007 βασιλεύειν·
2745 1935 2807 1991 οὗ
2862 1938 3066 2001 παῖδες,
3101 1937 3374 2009 λἩρώδης
3424 1936 3479 1988 οἵ
3518 1937 3565 1987 τ’
3614 1935 3758 1988 ἄλλοι
3806 1952 3885 1987 τε·-

2318 2029 2609 2099 τράρχαι.
2650 2028 2831 2080 Ταῦτα
2885 2028 2981 2097 μὲν
3025 2027 3086 2096 δὴ
3138 2025 3291 2078 κοινὰ
3338 2025 3429 2077 καὶ
3478 2027 3596 2086 ταῖς
3639 2024 3887 2093 Ἑλλήνων

2356 2120 2631 2189 ἱστορίαις.
2676 2118 3059 2189 Ἀναγράπτων
3081 2116 3136 2169 δὲ
3166 2118 3243 2178 είς
3267 2116 3386 2167 τότε
3422 2116 3479 2167 ὲν
3520 2116 3631 2175 τοῖς
3664 2114 3885 2182 ἀρχείοις

2348 2210 2514 2262 ὄντων
2536 2210 2641 2263 τῶν
2674 2208 2972 2277 Ἑϐραϊκῶν
3010 2206 3199 2275 γενῶν,
3238 2204 3459 2258 καὶτῶν
3487 2204 3612 2274 ἄχρι
3636 2203 3886 2273 προσηλύ-

2348 2319 2453 2353 των
2474 2302 2546 2370 (5)
2576 2299 3009 2369 ἀναφερομένων,
3055 2298 3128 2359 ὡς
3167 2294 3361 2365 Ἀχιὼρ
3401 2294 3492 2347 τοῦ
3548 2293 3884 2363 ’Δμμανίτου,

2350 2392 2442 2442 καὶ
2481 2389 2633 2442 Ῥοὺθ
2670 2390 2772 2458 τῆς
2806 2384 3163 2447 Μωαϐίτιδος,
3218 2384 3325 2435 τῶν
3365 2400 3427 2434 τε
3476 2384 3569 2436 ἀπ’
3622 2382 3881 2449 Αἰγύπτου

2351 2478 2781 2530 συνεκπεσόντων
2819 2475 3138 2541 ἐπιμίκτων,
3194 2470 3434 2541 Ἡρώδης
3470 2469 3620 2522 οὐδέν
3664 2488 3713 2523 τι
3754 2486 3887 2537 συμ-

2351 2570 2674 2638 ϐαλλομένου
2703 2566 2793 2619 τοῦ
2816 2566 2922 2619 τῶν
2950 2562 3288 2634 Ἰσραηλιτῶν
3304 2561 3490 2629 γένους
3512 2560 3787 2630 αὐτῶνκαὶ
3812 2558 3881 2628 τῷ

2346 2659 2601 2711 συνειδότι
2622 2659 2719 2726 τῆς
2752 2656 3059 2724 δυσγενείας
3098 2653 3440 2724 κρουόμενος,
3474 2652 3763 2722 ἐνέπρησεν
3796 2651 3884 2703 αὑ-

2340 2750 2448 2801 τῶν
2491 2748 2587 2811 τὰς
2632 2748 2947 2817 ἀναγραφὰς
2979 2747 3050 2816 (4)
3075 2745 3181 2798 τῶν
3214 2736 3405 2813 γενῶν,
3461 2743 3700 2813 οἰόμενος
3735 2744 3883 2810 εὖγε-

2342 2840 2437 2909 νὴς
2458 2839 2863 2908 ἁναφανεῐσθαι,
2892 2838 2971 2908 τῷ
3011 2836 3139 2905 μηδὲ
3182 2836 3336 2887 ἄλλον
3366 2833 3506 2902 ἔχειν
3537 2836 3601 2885 ὲκ
3632 2834 3882 2903 δημοσίου

2344 2932 2655 3002 συγγραφῆς
2698 2930 2757 2982 τὸ
2793 2930 2948 2998 γένος
2998 2928 3213 2994 ἀνάγειν
3251 2926 3341 2977 ἐπὶ
3391 2923 3515 2985 τοὺς
3552 2925 3883 2994 πατριάρχας

2340 3016 2373 3086 ἢ
2433 3016 2793 3087 προσηλύτους
2860 3016 2953 3087 (ὅ),
3020 3015 3143 3077 τούς
3204 3029 3263 3065 τε
3325 3011 3683 3081 καλουμένους
3728 3013 3885 3082 γειὼο

714 3216 720 3221 .
757 3167 868 3238 (98)
900 3169 1303 3237 ηἈντίπατρον
1352 3170 1596 3237 Ἡρώδου
1641 3171 1821 3235 τινός.
1853 3170 1983 3240 (Haec
2004 3168 2235 3240 narratio
2261 3173 2305 3234 ο
2335 3182 2452 3240 esse
2478 3168 2581 3221 τῶν
2601 3146 3501 3240 dxptrtbv_dpxt1tpocqldrwv,etc..
3520 3173 3877 3239 ηιάρχιπροσε

684 3254 909 3305 prorsus
944 3239 1177 3291 fabulosa
1223 3249 1303 3292 cst
1336 3250 1387 3293 et
1426 3243 1813 3293 commentitia.
1850 3239 1978 3291 Nam
2014 3239 2233 3303 Antipa-

686 3316 769 3361 ter
791 3317 993 3373 patrem
1023 3310 1203 3361 habuit
1238 3326 1339 3360 uou
1372 3308 1658 3368 Herodem,
1692 3309 2021 3361 hierodulum
2050 3306 2231 3370 templi

684 3376 965 3445 Apollinis,
1004 3380 1093 3445 sed
1128 3378 1468 3444 Antipatrum
1506 3377 1815 3439 ldumzeum,
1844 3388 1900 3428 ιιι
1925 3377 2113 3429 scribit
2142 3375 2243 3445 .lo-.

684 3444 881 3513 sephns
920 3447 972 3513 in
1008 3444 1099 3497 lib.
1151 3461 1259 3508 xrv,
1302 3462 1419 3511 cap.
1449 3446 1503 3497 2.
1542 3447 1707 3509 Quem
1744 3448 2078 3513 Antipatrum
2108 3444 2231 3494 Ale-

687 3511 891 3567 xander
935 3512 1237 3565 Juda'orum
1298 3530 1385 3566 rex
1436 3515 1741 3578 prtefcctum
1787 3516 1947 3565 totius
1988 3511 2231 3564 lduma'aa

2334 3238 2516 3307 ήλυτοι
2557 3238 2967 3307 εἱιιιρῐίηςίρεε
3007 3249 3061 3291 et
3093 3238 3239 3305 quasi
3282 3240 3598 3305 patriarcha:
3647 3238 3877 3307 prosely-

2340 3306 2548 3365 torum;
2581 3306 2873 3370 cujusmodi
2916 3306 3012 3357 l'nit
3056 3308 3255 3360 Achior
3296 3310 3647 3367 Ammanites.
3678 3319 3727 3360 et
3755 3306 3876 3359 cou-

2335 3390 2484 3445 veme
2516 3376 2587 3425 illi
2612 3375 2702 3440 qui
2746 3374 3000 3445 Israelitis
3030 3390 3095 3445 ex
3123 3375 3351 3443 Egyptu
3379 3376 3774 3445 egredientibus
3795 3392 3875 3426 se-

2335 3459 2392 3495 se
2422 3444 2795 3511 adjunxernnt.
2814 3442 2940 3505 Qure
2964 3444 3176 3510 quidem
3210 3442 3577 3511 interpretatio
3604 3446 3733 3497 mihi
3753 3462 3870 3499 eer-

2336 3521 2387 3561 te
2420 3528 2520 3563 non
2555 3510 2817 3577 displicet.
2855 3512 2908 3563 lu
2937 3512 3121 3565 codice
3152 3513 3313 3579 Regio
3336 3510 3591 3580 seriptum
3624 3526 3708 3567 est
3731 3529 3787 3567 ut
3822 3517 3869 3566 in

684 3582 1006 3651 constituit,
1036 3582 1349 3647 Prinmsque
1394 3584 1479 3634 hic
1520 3583 1800 3649 Antipater
1838 3593 2023 3651 auctor
2069 3580 2233 3633 luisse
2327 3582 2508 3643 editis,
2564 3581 2695 3651 (ἄχρι
2721 3580 3085 3649 προσηλύτων.
3149 3581 3475 3651 Nicephorns
3526 3600 3736 3651 quoque
3763 3586 3871 3635 vul-

683 3652 894 3703 videtur
923 3650 1079 3713 hujus
1111 3652 1379 3717 potentim,
1408 3651 1470 3701 ad
1489 3666 1645 3716 quam
1674 3650 1867 3715 pOSIcri
1896 3650 2061 3717 ipsius
2086 3659 2233 3713 post-

683 3734 746 3772 ea
783 3731 1159 3787 pervenerunt.
1189 3719 1318 3772 Nam
1344 3731 1397 3773 et
1437 3720 1809 3787 praal'ccturam
1845 3718 2084 3771 Idumam:
2111 3734 2232 3785 ges-

683 3789 1076 3842 sitAlcxandro
1104 3800 1154 3841 et
1188 3791 1489 3843 Alexandra
1535 3790 1909 3855 regnantibus;
1943 3798 1996 3838 et
2047 3788 2227 3853 hospi-

683 3859 759 3911 tio
805 3869 965 3924 atque
1015 3859 1249 3911 amicitia
1299 3876 1417 3913 cum
1466 3859 1786 3911 Ascalonitis
1836 3855 2134 3910 ct'Gazaais
2176 3865 2229 3909 et

681 3927 945 3979 Arabibus
982 3928 1129 3986 inita,
1155 3930 1410 3981 maximas
1438 3930 1534 3981 sibi
1566 3943 1694 3994 opes
1717 3929 2064 3991 comparavit.

755 3996 864 4064 (99)
897 3996 1005 4049 Τὸν
1043 3996 1215 4063 Ιερέα.
1263 3998 1555 4065 lmproprie
1591 3998 1926 4049 sacerdotém
1959 4005 2109 4048 vocat
2133 3998 2223 4064 qui

682 4076 800 4117 erat
832 4066 1156 4120 hicrOdulus.
1196 4066 1369 4133 Longe
1404 4069 1545 4120 enim
1578 4067 1843 4118 htecinter
1866 4081 1923 4118 se
1951 4065 2221 4131 differunt,

682 4142 741 4185 ut
788 4150 946 4200 supra
977 4138 1178 4191 notavi.
1212 4136 1347 4189 Fieri
1386 4146 1560 4205 tamen
1602 4136 1790 4203 potuit,
1824 4144 1881 4187 ut
1911 4134 2045 4187 idem
2087 4146 2231 4188 esset

681 4205 937 4255 sacerdos
966 4214 1019 4255 et
1072 4206 1417 4267 hierodulus;
1456 4214 1581 4271 puta
1621 4219 1665 4256 su
1700 4205 1813 4255 ba'c
1847 4213 1961 4255 erat
1992 4205 2227 4257 conditio

682 4273 988 4334 sacerdotii,
1031 4283 1087 4324 ut
1132 4290 1235 4327 non
1288 4275 1389 4326 nisi
1431 4286 1593 4325 exuta
1630 4273 1891 4324 'Iibcrtate
1923 4274 2228 4324 sacerdotes

681 4350 1023 4403 caperentur.

750 4408 825 4477 (Ι)
859 4407 1112 4474 Ὑρκανῷ
1138 4409 1450 4475 φιλιοῦται.
1482 4409 1594 4460 Iloc
1616 4423 1825 4474 quoque
1843 4410 1893 4459 in
1922 4409 2036 4477 loco
2060 4407 2222 4459 nostri
2250 4426 2251 4429 η

2329 3657 2504 3715 gatam
2563 3649 2843 3701 lectionem
2904 3659 3097 3704 tuetur.
3156 3650 3320 3703 Paulo
3376 3664 3500 3706 ante
3544 3649 3726 3705 nostri
3777 3669 3868 3707 co-

2327 3718 2472 3790 dices
2532 3716 2689 3777 Maz..
2716 3716 2851 3790 Med.
2911 3734 2973 3771 ac
3004 3719 3133 3773 Fuk.
3165 3723 3421 3790 scriptum
3469 3721 3667 3775 habent
3703 3722 3866 3784 είς-τὸ

2322 3785 2463 3850 τότε,
2498 3802 2616 3837 cum
2651 3787 2877 3841 articulo
2894 3790 3247 3855 pra-positivo.

2395 3856 2469 3925 (4)
2482 3855 2839 3923 Ἐνέπρησεν
2850 3858 3043 3910 αὐτῶν
3057 3858 3159 3922 τὰς
3173 3858 3531 3927 ἀναγραφάς.
3548 3859 3620 3912 Ha
3630 3875 3693 3913 nc
3706 3862 3865 3914 etiam
3885 3878 3889 3881 '

2331 3926 2689 3997 narrationem
2715 3942 2901 3991 parum
2938 3937 3141 3980 certam
3174 3926 3438 3980 existimo.
3456 3928 3585 3981 Nam
3606 3928 3866 3997 Iosephus

2330 3993 2385 4046 in
2422 3994 2558 4048 libro
2599 3996 2670 4048 De
2691 3998 2793 4048 vita
2820 4014 2915 4048 sua
2950 3996 3206 4063 originem
3250 4004 3303 4048 et
3331 3998 3694 4062 antiquitatem
3734 3993 3864 4051 stir-

2330 4065 2409 4129 pis
2438 4079 2547 4116 sua:
2574 4079 3023 4123 commemorans,
3049 4079 3111 4115 ex
3131 4063 3351 4130 publicis
3379 4066 3607 4118 archivis
3629 4082 3745 4119 eam
3780 4083 3862 4119 re-

2330 4134 2478 4203 petit.
2500 4132 2662 4200 lgitur
2694 4134 2967 4203 restabant
2998 4131 3171 4203 adhuc
3201 4143 3362 4203 astate
3398 4131 3609 4200 Josephi
3655 4138 3861 4203 publica

2331 4201 2607 4273 tabularia,
2640 4203 2691 4254 in
2716 4202 2908 4273 quibus
2932 4200 3269 4273 Judaicarttm
3295 4200 3609 4273 familiarum
3628 4200 3861 4273 origines

2326 4271 2762 4322 continebantur.
2792 4270 2867 4320 Ac
2895 4268 3119 4335 proinde
3159 4271 3344 4323 falsum
3369 4282 3453 4323 est
3486 4268 3748 4326 Herodem
3799 4290 3861 4325 ea

2325 4338 2707 4409 combussisse.
2740 4337 2905 4409 Porro
2938 4340 3048 4391 huic
3087 4339 3341 4392 tabularia
3387 4351 3539 4393 erant
3579 4342 3859 4409 in.templo

2326 4404 2806 4475 llierosolymjtano
2827 4408 2923 4459 sub
2945 4409 3179 4462 custodia
3204 4411 3515 4471 scribarum,
3536 4418 3594 4462 ut
3614 4404 3857 4475 equidem

678 4463 891 4531 Codices
910 4463 1479 4545 'ilegius.'Mazarinus,
1514 4463 1870 4529 Mediczeusac
1901 4476 2221 4545 Fuketiauus
2256 4463 2298 4515 Ῑ)
2326 4463 2591 4545 existimo:
2647 4473 2828 4545 Itaque
2881 4478 3083 4545 optime
3131 4477 3353 4531 Ruﬁnus
3398 4463 3559 4530 verba
3620 4463 3855 4530 A'l'ricatt.‘

681 4556 989 4599 constanter
1010 4544 1270 4613 scriptum
1297 4548 1494 4599 habent
1512 4545 1774 4613 φιλοῦται.
1797 4547 1964 4609 Quam
1995 4544 2224 4609 scriptu-

684 4632 793 4667 ram
826 4616 1003 4668 nescio
1032 4631 1127 4667 cur
1162 4616 1427 4667 liobertus
1451 4616 1753 4679 Stephanus
1792 4616 2111 4681 repudiavit.
2136 4614 2227 4664 Φι-

680 4684 861 4755 λοῦται
879 4686 1031 4755 enim
1067 4686 1259 4737 dicitur
1292 4696 1347 4735 ut
1368 4684 1670 4755 ἐχθροῠται.

750 4754 825 4821 (‘2)
877 4753 1269 4819 Ἐπιμελητὴς
1318 4753 1853 4821 τῆξΠαλαιστίν-ης
1892 4753 2221 4818 προκόψας.

678 4824 960 4885 Antipater
994 4822 1216 4873 Herodis
1266 4840 1476 4889 parens,
1512 4826 1610 4877 sub
1662 4824 1892 4877 Hircauo
1916 4823 2221 4874 Jtulaeorum

680 4892 1245 4963 regeprocuratiouem
1271 4894 1430 4944 totius
1454 4895 1596 4963 regni
1616 4893 1868 4961 gessit,et
1886 4892 2092 4963 negotia
2116 4904 2221 4941 tam

680 4962 856 5011 civilia
890 4976 1048 5026 quam
1078 4960 1330 5029 militaria
1370 4960 1783 5013 administravit.
1823 4963 2005 5029 Itaque
2031 4962 2224 5028 ἐπιμε-

678 5028 841 5099 λητὴς
870 5031 966 5099 τῆς
994 5027 1249 5099 Ἰουδαίας
1293 5039 1345 5079 et
1380 5031 1664 5099 ἐπίτροπος
1692 5027 1953 5082 vocatura
1990 5030 2222 5096 Joseplio

682 5097 731 5168 in
770 5097 1099 5151 dicto'libro.
1132 5097 1302 5168 (Porro
1346 5097 1513 5149 codeir
1564 5100 1696 5151 Med.
1733 5113 1784 5151 et
1816 5100 1979 5152 Savil.
2014 5116 2224 5168 χρημα-

674 5164 1106 5236 τίσςᾳςᾼεετὶριιιιιι
1130 5166 1343 5223 habent.
1370 5183 1470 5216 nun
1504 5168 1790 5236 προκόψας.
1821 5168 1873 5219 In
1893 5164 2220 5222 Mazfau't'etn

678 5242 732 5306 et
754 5234 1106 5306 Fult._legitur
1136 5236 1483 5305 χρηματίσαι.
1526 5234 1692 5302 Quam
1738 5241 2053 5306 scripturam
2095 5253 2221 5289 cou-

681 5302 860 5373 fir_mat
904 5302 1290 5373 Nicephorius;
1312 5309 1402 5357 Sic
1444 5306 1585 5355 enim
1643 5306 1796 5357 habet
1847 5302 1964 5373 cap.
2021 5323 2070 5358 ιι
2126 5308 2215 5358 lib.

677 5370 855 5436 primi,
905 5367 1204 5444 qt’rrtixqasv
1237 5367 1387 5435 οὗτος
1444 5373 1768 5444 ἐπιμελητὴς
1796 5377 1891 5444 τῆς
1915 5367 2223 5427 ’Παλαιστί-

677 5440 1407 5560 νηξέσζενέσθαίζιειεειιιιιεε
1458 5440 1628 5495 Graeci
1660 5440 1859 5509 dicunt,
1887 5446 2122 5514 εὐτυχεῖν
2160 5444 2219 5495 τὸ

678 5523 742 5560 γε
869 5526 945 5560 αι.

678 5523 945 5574 γενεσθαι.

748 5578 821 5649 (5)
844 5577 1108 5649 Mirr-dpr
1134 5582 1545 5648 προσηλύτων.
1567 5580 1753 5633 Mirum
1773 5592 1851 5633 est
1878 5582 1927 5633 in
1954 5584 2219 5637 codicibus

678 5646 880 5721 h091ﬁ§
906 5646 1070 5721 βίη..
1097 5646 1260 5721 Med,
1288 5646 1419 5703 Fuk.
1449 5667 1513 5704 ac
1548 5651 1711 5704 Savil.
1741 5652 1903 5703 scribi
1928 5651 2030 5702 τῶν
2066 5654 2218 5721 ἀρχι-

679 5714 1047 5783 πτοσηλύτων.
1097 5718 1244 5773 Unde
1275 5721 1539 5788 conjicere
1568 5722 1687 5788 quis
1733 5731 1907 5789 pUSscl
1935 5714 2215 5790 legendum

2328 4542 2397 4593 ita
2428 4545 2629 4614 vertit:
2669 4543 2862 4614 Omnes
2906 4544 3235 4599 Hebrworum
3270 4548 3620 4614 generationes
3660 4548 3856 4598 descri-

2322 4622 2445 4681 ριιιξ,
2484 4612 2537 4663 in
2566 4613 2786 4664 archivis
2822 4617 2994 4681 templi
3027 4612 3384 4667 secretioribus
3417 4616 3753 4666 habebantur.

2394 4680 2469 4752 (5)
2498 4683 2564 4732 Ἢ
2598 4680 3027 4749 προσηλύτους.
3058 4684 3258 4737 Mallem
3288 4685 3521 4737 scribere
3558 4683 3861 4752 dpxmpoc:

2323 4748 2551 4817 ηλύτους
2565 4761 2621 4802 ιιι
2655 4766 2841 4820 (supra.
2871 4748 3051 4820 Neqbe
3080 4755 3221 4805 enim
3256 4753 3319 4804 de
3340 4752 3554 4803 novitiis
3577 4748 3854 4806 ari—recen-

2326 4821 2464 4889 tibus
2494 4819 2773 4889 proselytis
2820 4823 2907 4875 hic
2943 4819 3172 4886 lnquitur
3208 4820 3511 4881 Africanus,
3542 4822 3635 4872 sed
3676 4826 3739 4873 de
3764 4838 3855 4875 uo-

2324 4887 2598 4941 bilissimis
2637 4887 2937 4957 quibusque
2977 4902 3029 4943 et
3068 4889 3468 4955 antiquissimis,
3499 4902 3724 4954 quorum
3756 4907 3853 4944 no—

2301 4955 2442 5026 'uicn
2481 4960 2530 5007 in
2566 4955 2733 5011 sacris
2756 4955 2905 5013 libr—is
2930 4966 3398 5026 commemoratum
3430 4962 3850 5026 est;cujusmodi

2324 5023 2423 5094 fuit
2448 5028 2666 5091 Achior,
2701 5029 2765 5080 de
2794 5044 2897 5094 quo
2938 5024 2985 5080 in
3012 5030 3145 5081 libro
3168 5025 3348 5077 .ludith
3374 5040 3511 5093 saepe
3543 5027 3600 5077 ﬁt
3622 5023 3848 5085 mentio.

2308 5093 2527 5160 Quippe
2558 5096 2656 5150 hoc
2686 5093 2943 5166 locoagit
2974 5096 3253 5166 Africanus
3282 5096 3345 5145 de
3375 5096 3671 5166 nobilitate,
3700 5102 3850 5165 cujus

2361 5167 2644 5229 raecipuum
2678 5164 2891 5233 insigne
2920 5176 3000 5219 est
3023 5164 3304 5233 antiquitas
3326 5164 3558 5229 generis.
3596 5168 3683 5220 Ait
3705 5164 3847 5221 enim

2370 5235 2580 5286 erodem
2611 5232 2853 5301 origines,
2869 5234 3188 5288 familiarum
3226 5232 3342 5302 ideo
3365 5245 3759 5302 concremasse,
3783 5254 3849 5291 ne

2321 5304 2439 5366 quis
2477 5317 2541 5355 ex
2576 5305 2801 5370 publicis
2824 5302 3179 5370 monumentis
3208 5301 3431 5367 probare
3459 5317 3637 5370 posset
3678 5322 3737 5359 se
3782 5308 3847 5359 ab

2320 5372 2447 5435 ipsis
2477 5375 2797 5440 patriarchis
2824 5384 2915 5425 aut
2945 5369 3217 5442 prophetis
3244 5369 3501 5442 originem
3532 5377 3743 5442 generis
3766 5376 3847 5429 sui

2319 5439 2529 5512 ducere.
2573 5442 2724 5508 Quod
2774 5442 2820 5495 si
2845 5440 3083 5512 novellos
3130 5439 3845 5512 proselytos'_in&lligamns,

2319 5508 2656 5576 perit'omnis
2679 5509 2946 5577 bujusloci
2970 5510 3253 5577 sententia,
3283 5524 3402 5561 cum
3440 5508 3666 5566 Herodis
3689 5521 3847 5565 aetate

2320 5574 2731 5657 innumerabiles
2748 5574 2940 5657 essent
2968 5577 3020 5657 i_n
3060 5574 3234 5657 Iudaea
3261 5580 3361 5657 (qui
3398 5594 3565 5657 genus
3594 5595 3752 5657 suum
3778 5582 3841 5633 ad

2320 5648 2553 5701 novellos
2593 5650 2883 5717 proselytos
2912 5644 3186 5706 referrent,
3217 5644 3523 5714 utpote’avo
3543 5644 3659 5702 ~nati
3690 5663 3840 5717 pros-

2318 5720 2477 5787 elyto.
2513 5716 2610 5783 Qui
2648 5716 2885 5787 profecto
2925 5716 3259 5772 archivormn
3294 5716 3544 5784 suffragio
3575 5730 3708 5786 Opus
3740 5734 3821 5773 Ilt:
