3978 6342
597 275 699 328 105

1280 268 1541 323 EUSEBll
1580 263 2045 318 CESARlENSlS
2083 262 2228 314 OPP.
2272 260 2446 313 PARS
2484 261 2521 311 Ι.
2563 291 2626 299 ——
2667 258 3049 310 lliSTORlCA.

3650 248 3751 308 1'05

595 388 812 440 Insidias
843 387 1095 439 adversus
1122 384 1462 436 Servatorem
1498 382 1833 447 reliquosque
1888 379 2115 429 infantes

2215 376 2462 444 θεήλατος
2490 374 2645 425 αὑτὸν
2667 370 3035 423 καταλαϐοῦσα
3062 369 3252 437 μάστιξ
3270 371 3346 430 είς
3374 369 3597 421 θάνατον
3628 385 3750 419 συν-

595 487 960 546 comparatas,
992 475 1171 526 statim
1217 474 1454 524 immisso
1495 471 1707 521 cmlitus
1747 470 1928 519 morbo
1974 468 2120 532 quasi

595 566 810 618 verbere
840 566 901 616 ad
940 572 1163 613 mortem
1217 563 1437 612 adactus
1473 569 1571 619 est,
1600 573 1701 609 non
1734 558 1961 609 alienum
2006 556 2124 606 fue-

592 660 661 707 rit
712 670 778 706 ex
827 656 941 720 ipso
982 654 1245 718 scriptore
1290 665 1611 715 cognoscere
1637 687 1651 708 ,
1690 652 1777 713 qui
1818 648 1866 698 in
1899 648 2123 711 septimo

589 743 971 810 Antiquitamm
1018 742 1152 792 libro
1204 740 1429 790 Herodis
1456 740 1653 790 exitum
1688 738 1850 789 refert
1894 737 1976 787 his
2008 750 2124 787 ver-

588 832 709 884 bis:
746 849 763 879 ι
807 830 1066 881 Herodem
1118 842 1277 893 porro
1305 866 1320 889 ,
1362 827 1571 891 inquit,
1608 826 1774 876 morbi
1823 825 1902 876 vis
1945 825 2121 875 acrius

591 922 643 973 in
674 922 787 971 dies
822 918 1130 984 exagitabat
1156 955 1170 978 ,
1203 916 1308 967 Deo
1336 931 1516 980 poenas
1545 915 1798 965 scelerum
1829 914 1969 965 illius
2009 913 2119 965 exi—

588 1020 766 1075 gente.
795 1008 933 1072 Ignis
959 1006 1172 1071 quidam
1205 1012 1320 1055 erat
1346 1003 1520 1054 lentus
1550 1004 1637 1068 qui
1678 1017 1777 1053 non
1808 1010 2009 1053 tantum
2036 1016 2119 1053 cu-

591 1110 695 1149 tem
738 1094 1190 1149 contrectantibus
1225 1092 1469 1143 ardorem
1505 1091 1784 1142 nuntiabat
1811 1130 1825 1154 ,
1858 1099 2114 1154 quantum

592 1187 733 1236 intus
764 1184 969 1234 viscera
1005 1178 1407 1246 depascebatur.
1435 1176 1623 1244 lugens
1668 1187 1921 1243 praeterea
1947 1178 2117 1229 avidi-

592 1283 671 1325 tas
704 1270 988 1335 accipiendi
1026 1268 1127 1321 cibi
1154 1308 1167 1328 ,
1196 1268 1276 1319 cui
1314 1267 1573 1333 denegare
1604 1268 1893 1333 quidquam
1923 1283 2027 1318 non
2054 1267 2118 1318 li-

591 1357 759 1409 cebat.
799 1354 1081 1407 Scatebant
1113 1354 1375 1404 ulceribus
1424 1354 1671 1404 intestina
1701 1394 1713 1414 ,
1745 1364 1797 1406 et
1836 1356 2117 1429 acerbissi-

592 1448 691 1497 mis
716 1445 815 1496 coli
860 1444 1125 1495 doloribus
1154 1443 1505 1493 cruciabatur.
1545 1442 1712 1494 Pedes
1756 1444 1984 1495 humore
2012 1444 2121 1507 pel-

592 1535 764 1588 lucido
810 1532 1057 1592 distenti,
1089 1532 1376 1597 eademque
1420 1532 1563 1583 circa
1608 1532 1959 1583 ventriculum
1995 1531 2117 1584 mali

593 1624 737 1677 labes
766 1635 895 1677 erat.
929 1622 1039 1689 Ipsa
1068 1637 1271 1689 quoque
1303 1622 1548 1687 genitalia
1584 1622 1881 1687 putrefacta
1926 1622 2117 1673 veruti-

2222 463 2434 532 ήλασεν,
2474 464 2532 513 οὑ
2570 463 2745 527 χεῖρον
2777 457 2869 508 καὶ
2912 457 3015 507 τῶν
3076 456 3262 523 φωνῶν
3290 456 3379 506 τοῦ
3404 455 3750 543 συγγραφέως

2220 551 2421 602 ἐπακοῦ
2436 568 2534 605 ται.
2566 549 2703 599 κατά
2749 546 2887 609 λέξιν
2914 550 2968 598 ὲν
2996 546 3423 615 ἑπτακαιδεκάτῃ
3468 545 3567 613 τῆς
3605 545 3748 594 Ἰου-

2210 634 2420 701 δαϊκῆς
2436 635 2966 710 Ἀρχαιολογίαςτὴν
2990 635 3361 704 καταστροφὴν
3386 634 3477 685 τοῦ
3510 634 3625 685 κατ’
3653 634 3747 684 αὑ-

2216 726 2305 776 τὸν
2336 724 2446 792 βίου
2485 724 2667 775 τοῦτον
2700 724 2995 793 γράφοντος
3025 724 3115 776 τὸν
3150 722 3364 793 τρόπον’
3401 741 3418 771 ι
3454 720 3659 791 Ἡρώδῃ
3693 720 3747 771 δὲ

2221 814 2471 883 μειζόνως
2494 816 2525 881 ἡ
2551 814 2698 875 νόσος
2723 814 3139 882 ἐνεπικραίνετο,
3161 812 3314 878 δίκην
3337 806 3409 863 ὧν
3437 812 3747 880 παρανομή-

2211 918 2375 965 σειεν,
2403 903 2836 972 ἐκπρασσομένου
2865 902 2958 953 τοῦ
2987 901 3136 952 Θεοῦ.
3178 900 3291 969 Πῦρ
3326 900 3421 967 μὲν
3450 901 3555 970 γὰρ
3578 899 3746 969 μαλα-

2217 994 2307 1043 κὸν
2338 988 2425 1061 ἦν,
2459 993 2552 1060 οὑχ
2578 986 2677 1043 ὧδε
2703 991 2897 1059 πολλὴν
2937 993 3299 1058 ἀποσημαῖνον
3324 992 3433 1049 τοῖς
3458 988 3747 1057 ἐπαφωμέα

2216 1098 2323 1140 νοις
2351 1081 2444 1149 τὴν
2474 1081 2755 1146 φλόγωσιν,
2783 1080 2911 1147 ὅσην
2952 1082 3062 1139 τοῖς
3107 1078 3255 1138 ὲντὸς
3308 1077 3608 1147 προσετίθει
3652 1077 3745 1145 τὴν

2217 1172 2481 1221 κάκωσιν·
2529 1170 2784 1237 ἐπιθυμία
2816 1170 2871 1220 δὲ
2905 1168 3047 1237 δεινὴ
3076 1168 3167 1219 τοῦ
3214 1167 3457 1230 δέξασθαί
3506 1183 3558 1216 τι
3614 1166 3741 1233 (18),

2216 1260 2332 1309 οὐδὲ
2349 1254 2413 1325 ἦν
2445 1259 2515 1326 μὴ
2538 1260 2630 1324 οὐχ
2661 1259 2963 1326 ὑπουργεῖν·
2994 1258 3083 1307 καὶ
3108 1256 3357 1316 ὲλκὼσεις
3386 1255 3489 1305 τῶν
3516 1272 3573 1305 τε
3601 1255 3743 1305 ἐντέ-

2222 1367 2324 1418 ρων
2354 1349 2481 1417 (l9),
2517 1348 2606 1399 καὶ
2651 1347 2875 1415 μάλιστα
2908 1345 2998 1396 τοῦ
3027 1343 3195 1395 κώλου
3232 1344 3398 1395 δειναὶ
3426 1343 3708 1412 ἀλγηδόνες
3727 1359 3739 1370 ·

2218 1442 2307 1492 καὶ
2341 1438 2550 1506 φλέγμα
2572 1438 2732 1506 ὑγρὸν
2762 1438 2887 1504 περὶ
2914 1437 3035 1497 τοὺς
3064 1436 3226 1495 πόδας
3249 1434 3338 1485 καὶ
3363 1434 3596 1498 διαυγές.
3637 1433 3746 1483 Πα-

2221 1527 2485 1598 ραπλησία
2516 1527 2569 1576 δὲ
2608 1528 2697 1577 καὶ
2740 1528 2769 1593 ή
2801 1526 2923 1594 περὶ
2950 1527 3009 1576 τὸ
3048 1522 3207 1593 ἦτρον
3237 1526 3469 1585 κάκωσις
3514 1520 3601 1593 ἦν.
3641 1525 3744 1575 Ναὶ

2223 1621 2323 1688 μὴν
2375 1618 2465 1669 καὶ
2510 1617 2601 1667 τοῦ
2656 1616 2849 1668 αἰδοίου
2899 1615 3056 1683 σῆψις
3107 1615 3384 1683 σκώληκας
3427 1616 3741 1683 ἐμποιοῦσα,

592 1713 724 1765 culis
752 1711 1127 1764 scaluriebant.
1164 1709 1464 1760 Accedebat
1510 1708 1774 1759 anhelitus
1814 1708 2111 1769 contentio,

2216 1707 2515 1775 πνεύματός
2572 1722 2627 1755 τε
2676 1704 2827 1773 ὀρθία
2883 1704 3091 1765 ἔντασις
3134 1704 3262 1771 (20,,
3306 1704 3397 1755 καὶ
3450 1706 3580 1774 αὑτὴ
3628 1704 3743 1756 λίαν

592 1812 701 1853 tum
734 1802 801 1852 ob
835 1800 1053 1850 fetorem
1090 1808 1198 1849 tum
1226 1798 1294 1849 ob
1338 1796 1549 1846 nimiam
1592 1796 1928 1848 crebritatem
1958 1797 2120 1848 mole-

594 1891 851 1943 stissima.
894 1890 1128 1954 Denique
1158 1885 1531 1938 convulsiones
1579 1901 1673 1953 per
1722 1886 1967 1938 universa
1996 1901 2119 1951 pro-

593 1980 869 2045 pemodum
904 1977 1139 2028 membra
1166 2014 1181 2037 ,
1231 1976 1587 2041 insuperabile
1634 1976 1730 2041 ipsi
1778 1977 1937 2026 robur
1966 1975 2121 2025 adde-

594 2070 739 2120 bant.
793 2068 1021 2119 Aiebant
1070 2079 1228 2131 porro
1279 2063 1439 2115 divini
1492 2073 1543 2114 et
1588 2064 1673 2129 qui
1722 2063 1773 2114 in
1822 2063 2116 2127 huiusmodi

595 2152 908 2205 vaticinandi
955 2152 1175 2203 scientia
1218 2150 1451 2203 studium
1498 2157 1647 2202 suum
1694 2150 2114 2212 collocaveram,

594 2245 729 2295 hanc
777 2242 1081 2308 multiplicis
1132 2242 1420 2307 impietatis
1464 2256 1673 2307 pinnam
1726 2242 1885 2292 Deum
1921 2256 1949 2292 a
1997 2256 2117 2308 rege

592 2346 897 2398 exposcere.
927 2348 943 2379 ι
978 2330 1096 2382 llazc
1126 2339 1249 2381 sunt
1279 2346 1397 2397 qum
1422 2333 1472 2407 in
1499 2329 1801 2395 supradicto
1832 2329 1965 2381 libro
1988 2331 2115 2381 scri-

595 2432 711 2488 ptor
736 2422 843 2489 jam
879 2436 906 2473 a
936 2422 1087 2472 nobis
1116 2421 1355 2474 laudatus
1389 2428 1788 2472 commemorat.
1808 2418 1859 2469 lu
1888 2417 2119 2470 secundo

595 2520 765 2562 autem
810 2512 941 2563 libro
984 2511 1101 2561 belli
1128 2497 1339 2563 Iudaici
1388 2516 1571 2564 eadem
1618 2512 1681 2564 de
1723 2511 1810 2562 illo
1849 2510 2009 2561 tradit
2040 2509 2119 2559 his

596 2599 805 2651 verbis:
838 2618 855 2649 ι
891 2600 1016 2652 Post
1061 2603 1169 2651 haec
1192 2642 1205 2664 ,
1236 2602 1403 2668 inquit
1430 2642 1443 2664 ,
1483 2601 1647 2652 morbi
1682 2602 1759 2651 vis
1790 2613 1884 2665 per
1908 2599 2119 2650 univer-

597 2702 712 2738 sum
740 2688 853 2754 ejus
885 2690 1310 2754 corpus’dill‘usa,
1348 2691 1541 2742 diversi
1585 2688 1798 2755 generis
1844 2686 2118 2737 doloribus

598 2774 889 2827 distrahere
934 2776 1059 2826 illud
1106 2778 1286 2843 coapit.
1329 2778 1510 2829 Febris
1552 2777 1788 2841 qumdam
1830 2782 1944 2825 erat
1992 2774 2121 2838 tepi-

601 2860 752 2921 dior;
785 2862 1015 2926 pruritus
1047 2878 1136 2929 per
1165 2864 1465 2915 universam
1492 2862 1769 2913 cuticulam
1804 2861 2117 2912 intolerabi-

602 2950 691 3013 lis;
729 2952 829 3003 coli
859 2966 1065 3019 quoque
1114 2953 1322 3005 dolores
1350 2952 1603 3003 continui.
1652 2952 1801 3003 Circa
1849 2951 2006 3017 pedes
2034 2960 2115 2999 tu-

3374 1792 3398 1804 α

2218 1798 2398 1865 ἀηδὴς,
2433 1796 2675 1863 ἀχθηδόνι
2700 1812 2755 1845 τε
2790 1793 2887 1861 τῆς
2919 1795 3192 1862 ἀποφορᾶς
3216 1795 3304 1845 καὶ
3332 1793 3406 1861 τῷ
3444 1794 3627 1861 πυκνῷ
3648 1794 3743 1846 τοῦ

2216 1888 2501 1955 ἄσθματος.
2538 1884 2899 1951 Ἐσπασμένος
2926 1901 2982 1934 τε
3015 1884 3122 1951 (2i)
3155 1884 3275 1952 περὶ
3306 1886 3409 1935 πᾶν
3450 1880 3517 1952 ἦν
3562 1885 3742 1954 μέρος,

2220 1977 2365 2044 ἰσχὺν
2393 1976 2487 2042 οὑχ
2517 1974 2849 2041 ὑπομενητὴν
2881 1974 3308 2041 προστιθέμενος.
3356 1974 3591 2040 Ἐλέγετο
3618 1974 3745 2034 γοῦν

2216 2066 2317 2116 ὑπὸ
2334 2065 2434 2115 τῶν
2451 2064 2759 2133 θειαζόντων
2788 2064 2877 2114 καὶ
2909 2058 2987 2122 οἷς
3015 2064 3183 2115 ταῦτα
3209 2064 3744 2132 προαποφθέγγεσθαι

2216 2154 2372 2222 σοφίᾳ.
2423 2154 2701 2222 προῦκειτο
2728 2193 2740 2213 ,
2790 2153 2972 2222 ποινὴν
3034 2152 3125 2204 τοῦ
3183 2153 3371 2204 πολλοῦ
3422 2155 3512 2205 καὶ
3556 2154 3745 2204 δυσσε-

2216 2244 2339 2305 ϐοῦς
2390 2244 2495 2311 (22)
2535 2243 2732 2310 ταύτην
2775 2245 2802 2293 ὁ
2846 2242 2973 2303 Θεὸς
3020 2243 3428 2311 εἰσπράττεσθαι
3475 2243 3621 2309 παρὰ
3650 2242 3742 2293 τοῦ

2218 2332 2493 2399 βασιλέως.
2524 2351 2541 2380 ›
2573 2333 2752 2382 Ταῦτα
2785 2332 2878 2399 μὲν
2910 2328 3000 2383 οὖν
3030 2334 3084 2382 ὲν
3114 2333 3193 2399 .τῇ
3230 2329 3520 2399 δηλωθείσῃ
3560 2334 3740 2398 γραφῇ

2218 2422 2675 2489 παρασημαίνεται
2711 2422 2736 2470 ό
2772 2418 3172 2489 προειρημένος.
3209 2419 3313 2469 Καὶ
3342 2418 3398 2467 ἐν
3426 2419 3488 2485 τῇ
3524 2418 3743 2485 δευτέρα

2215 2510 2270 2558 δὲ
2298 2508 2399 2558 τῶν
2420 2505 2918 2573 Ἰστοριῶν(25)τὰ
2940 2508 3284 2577 παραπλήσια
3311 2509 3434 2576 περὶ
3462 2507 3553 2557 τοῦ
3582 2507 3743 2558 αὑτοῦ

2218 2596 2561 2664 παραδίδωσι,
2607 2590 2703 2647 ὧδέ
2750 2614 2861 2657 πως
2916 2596 3163 2664 γράφων·
3198 2615 3215 2645 ι
3259 2596 3443 2647 Ἔνθεν
3489 2595 3649 2647 αὑτοῦ
3685 2594 3743 2647 τδ

2219 2687 2372 2751 σῶμα
2406 2688 2504 2736 πᾶν
2555 2688 2585 2753 ἡ
2633 2687 2779 2747 νόσος
2817 2685 3155 2746 διαλαϐοῦσα,
3213 2686 3467 2746 ποικίλοις
3520 2686 3742 2738 πάθεσιν

2219 2775 2449 2841 ἐμέριζε.
2484 2774 2715 2842 Πυρετὸς
2750 2776 2843 2841 μὲν
2874 2775 2978 2842 γὰρ
3001 2771 3064 2842 ἦν
3098 2776 3309 2843 χλιαρὸς
3339 2776 3443 2843 (24)
3464 2816 3477 2839 ,
3507 2776 3741 2842 κνησμὸς

2216 2862 2258 2913 δ’
2288 2863 2548 2931 ἀφόρητος
2572 2865 2667 2930 τῆς
2695 2864 3002 2928 ἐπιφανείας
3022 2864 3164 2930 ὅλης,
3190 2866 3279 2915 καὶ
3305 2864 3473 2915 κώλου
3508 2866 3742 2933 συνεχεῖς

2219 2950 2515 3019 ἀλγηδόνες,
2549 2952 2670 3019 περί
2703 2967 2758 3000 τε
2790 2953 2910 3011 τοὺς
2939 2952 3101 3012 πόδας
3126 2951 3197 3012 ὠς
3214 2953 3581 3020 ὑδρωπιῶντος
3601 2954 3741 3021 οίδή-

604 3055 721 3091 inor
761 3042 909 3107 quasi
940 3056 1069 3107 aqua
1109 3042 1364 3094 intercute
1390 3040 1692 3092 laborantis.
1732 3040 1809 3091 Ad
1834 3040 1941 3090 haec
1972 3036 2115 3090 infla-

2222 3057 2378 3106 ματα,
2413 3040 2501 3090 τοῦ
2533 3057 2590 3089 τε
2628 3042 2788 3109 ἤτρου
2833 3041 3119 3110 φλεγμονὴ,
3161 3043 3251 3093 καὶ
3278 3043 3470 3093 αἰδοίου
3500 3043 3741 3111 σηπεδὼν

606 3130 676 3181 tio
715 3129 1011 3190 ventriculi,
1054 3139 1104 3181 et
1142 3130 1443 3196 genitalium
1487 3130 1749 3180 vermibus
1805 3126 2116 3179 scatentium

606 3219 773 3273 tabes.
803 3218 1075 3271 Postremo
1111 3220 1381 3271 contentio
1411 3218 1705 3279 anhelitus,
1739 3226 1787 3267 et
1828 3214 2119 3280 respirandi

602 3306 876 3359 dillicultas
904 3347 918 3370 ,
950 3317 1001 3360 et
1050 3309 1401 3359 membrorum
1446 3308 1686 3359 omnium
1722 3304 1995 3357 convulsio
2026 3304 2119 3354 h0-

671 3451 777 3519 (18)
810 3452 914 3504 Τοῦ
942 3453 1221 3515 δέξασθαί
1268 3474 1336 3507 τι.
1390 3456 1442 3507 ln
1466 3456 1679 3522 Josephi
1722 3454 2040 3506 editi0nibus
2067 3466 2119 3506 et

604 3523 737 3584 apud
789 3523 1139 3587 Nicephorum
1174 3536 1287 3590 post
1343 3527 1437 3576 has
1477 3527 1657 3575 'voces
1715 3524 1976 3573 adduntur
2011 3525 2119 3575 lucc

602 3590 871 3657 verbma‘tz‘
900 3591 1076 3649 αὑτοῦ,
1100 3608 1215 3657 (ιιιιο
1239 3604 1407 3643 tzunen
1434 3593 1688 3654 superﬂua
1713 3605 1828 3641 esse
1852 3591 2116 3642 existimo.

670 3658 775 3722 (19)
799 3658 902 3727 lt'a;
930 3658 1206 3723 ἑλκὼσεις
1235 3660 1345 3710 τῶν
1382 3660 1645 3723 ἐντέρων.
1691 3658 1808 3709 llazc
1849 3659 2119 3727 estilectio

602 3727 799 3775 codicis
827 3724 995 3790 liegii,
1022 3737 1073 3778 et
1104 3743 1161 3778 ea
1191 3731 1397 3794 quidem
1425 3746 1524 3779 non
1552 3728 1913 3793 improbanda.
1942 3726 2115 3779 Nostri

601 3800 773 3845 tamen
804 3796 1008 3845 codices
1040 3796 1169 3847 Maz.
1214 3814 1273 3849 ac
1305 3796 1461 3859 Mem,
1495 3813 1615 3849 cum
1648 3794 1776 3847 Fuk.
1808 3809 1869 3846 ac
1924 3795 2114 3857 Savil.,

600 3860 975 3930 aliquantulum
1012 3865 1343 3930 discrepant;
1381 3867 1456 3918 sic
1486 3868 1622 3917 enim
1658 3866 1853 3915 habent
1880 3881 1892 3914 :
1916 3863 2005 3913 καὶ
2030 3863 2115 3913 ἕλ-

598 3943 762 4001 κωσις
798 3928 901 4001 τῷν
934 3947 990 3980 τε
1024 3928 1265 4001 ἐντέρων,
1298 3936 1387 3985 καὶ
1416 3934 1638 4001 μάλιστα
1669 3930 1758 3981 τοῦ
1788 3930 1976 3995 κώλου,
2008 3944 2113 3985 etc.

600 3994 655 4046 lu
681 3996 972 4063 Nicephoro
1004 3994 1161 4051 etiam
1200 3994 1449 4053 scribitur
1476 4003 1717 4062 ἕλκωσις.

670 4065 775 4135 (2οη)
816 4069 1144 4132 Ππνεὺματός
1167 4086 1227 4120 τε
1253 4072 1411 4135 ὀρθία
1452 4071 1705 4132 ἔντασις.
1726 4068 2114 4133 ,Sigismundus

602 4131 848 4183 Gelenius
888 4131 1175 4199 (caliginem
1206 4131 1581 4202 interpretatus
1608 4131 1706 4189 est.
1726 4131 1964 4190 'lluliuus
1993 4155 2115 4189 vero

605 4212 885 4269 utrumque
917 4216 1128 4252 sensum
1165 4206 1213 4253 in
1246 4207 1486 4255 versione
1531 4221 1622 4257 sua
1679 4208 1984 4269 complexus
2014 4217 2110 4257 est.

605 4266 829 4337 Spiritus
855 4284 1049 4333 quoque
1076 4270 1383 4320 incredibilis
1410 4273 1625 4335 inﬂatio,
1656 4283 1699 4322 el
1724 4266 1909 4337 teniigo
1940 4276 2112 4324 obsce-

604 4350 669 4383 na
701 4336 825 4383 satis
853 4348 895 4383 et
923 4340 1251 4405 essecranda.
1282 4340 1382 4388 Sed
1413 4338 1668 4403 Joscphus
1697 4336 2000 4405 suimetipse
2029 4342 2109 4391 in-

606 4412 807 4465 terpres
842 4413 938 4452 est.
972 4403 1099 4476 Nam
1152 4403 1202 4476 in
1234 4405 1349 4476 lib.
1397 4423 1421 4476 |_
1459 4406 1529 4454 De
1558 4406 1683 4455 bello
1718 4403 1938 4457 Judaico
1964 4408 2113 4476 ὀρθό-

602 4484 786 4517 πνοιαν
819 4485 909 4534 pro
935 4472 1115 4519 eodem
1145 4472 1286 4521 dicit.
1322 4472 1424 4523 Sed
1456 4481 1507 4522 et
1533 4488 1647 4536 qua:
1687 4472 2116 4535 sequuntur'ma—

604 4536 790 4587 nil'cste
826 4546 1050 4603 arguunt
1106 4537 1445 4589 intentionem
1489 4542 1701 4605 Spiritus
1736 4542 1817 4589 hic
1877 4543 2111 4605 intelligi,

605 4618 707 4676 [ton
732 4616 904 4676 autem
923 4608 1205 4676 obscenam
1229 4606 1531 4676 tentigiuem
1568 4608 1688 4657 :xoz‘t
1716 4607 1847 4676 αὑτὴ
1870 4607 1983 4676 λίαν
2015 4611 2112 4676 ἀη-

602 4669 760 4742 δής...
793 4671 1114 4742 ἀχθηδόνιίτε
1145 4674 1237 4739 τῆς
1271 4669 1536 4741 ἀποὶρορᾶς
1564 4677 1651 4725 καὶ
1682 4674 1758 4740 τῷ
1802 4669 1981 4742 πυκνῴ
2023 4669 2111 4726 τοῦ

602 4739 886 4806 ἄσθματος,
922 4744 1006 4790 ubi
1036 4741 1307 4807 ἀποψοράν
1338 4739 2113 4804 respirationemvertunt-Lau-

603 4822 715 4872 gus.
746 4809 1009 4859 Musvulus
1040 4821 1090 4858 et
1120 4810 1648 4877 Christophorsumts.
1699 4814 1766 4860 At
1795 4810 2009 4863 Ruliuus
2038 4814 2111 4877 [e-

605 4885 759 4925 torem
787 4878 970 4935 vertit;
1000 4892 1153 4941 quem
1188 4893 1279 4927 nos
1302 4892 1417 4927 cmn
1457 4876 1673 4928 Gelenio
1717 4883 1879 4929 secuti
1910 4876 2106 4931 Sinnes.

672 4944 779 5009 (2|)
820 4943 1221 5009 Ἐσπίισμένος
1248 4960 1329 4994 τε.
1358 4942 1410 4993 lu
1434 4945 1610 4995 codice
1638 4943 1761 4996 Fuk.
1796 4959 1845 4997 et
1872 4948 2034 4999 Savil.
2060 4957 2111 4999 et

606 5014 736 5080 apud
766 5013 1109 5076 Νἰοιιριιςνιιιιιι
1139 5014 1325 5077 legitur
1351 5012 1587 5078 σπασμός
1608 5028 1664 5061 τε
1683 5028 1695 5040 ⁸
1722 5028 1875 5079 quam
1903 5016 2107 5080 quidem

608 5078 918 5143 scripturam
956 5092 1167 5132 secutus
1216 5091 1295 5131 est
1346 5080 1874 5144 Cbriswpborsonus,
1920 5078 1983 5134 iut
2045 5099 2109 5133 ex
2151 5085 2160 5101 '

610 5149 847 5218 versione
876 5150 987 5210 ejus
1035 5161 1271 5215 apparet.
1319 5147 1599 5197 Nervorum
1627 5158 1865 5211 prwterea
1902 5164 2108 5202 contra-

608 5220 704 5259 clto
730 5231 818 5277 per
841 5220 1011 5267 omnia
1036 5220 1255 5266 membra
1283 5219 1519 5283 pervasit,
1545 5231 1655 5280 qua:
1695 5218 1892 5281 quidem
1938 5222 2035 5269 vim
2061 5228 2107 5268 et

606 5283 938 5333 acrimoniam
985 5287 1169 5350 inflixit
1210 5288 1254 5337 ei
1285 5286 1437 5353 plane
1476 5283 1861 5353 intolerabilem.
1894 5286 2108 5337 Rutinus

602 5357 731 5397 vero
763 5354 982 5413 pessime
1016 5354 1168 5404 vertit
1198 5349 1295 5405 hoc
1344 5352 1493 5403 modo
1524 5366 1533 5397 :
1564 5349 1645 5400 lla
1690 5367 1750 5401 cx
1789 5357 1921 5403 omni
1965 5369 2107 5417 pane

606 5418 1086 5499 cruciatibus-fesso,
1123 5422 1277 5473 nulla-
1302 5421 1521 5488 att/ﬁcere
1549 5423 1674 5469 vires
1702 5420 1765 5469 ad
1787 5423 2105 5499 tolerantiam

606 5494 854 5555 poterant.
906 5487 977 5536 Ex
1016 5504 1119 5553 quo
1163 5501 1331 5541 tamen
1364 5487 1576 5553 apparet
1621 5500 1739 5537 eum
1781 5489 2105 5555 ἐσπασμένος

607 5549 809 5617 legisse,
863 5554 996 5608 sicut
1028 5549 1076 5610 in
1110 5562 1318 5617 optimis
1362 5549 1630 5610 codicibus
1685 5560 1875 5609 nostris
1906 5549 2067 5618 nemo
2089 5596 2102 5619 .

2219 3128 2495 3196 σκώληκας
2545 3129 2802 3194 γεννῶσα.
2859 3129 2996 3198 Πρὸς
3045 3129 3245 3191 τούτοις
3296 3132 3596 3200 ὀρθόπνοια,
3648 3132 3742 3185 καὶ

2216 3220 2484 3280 δύσπνοια,
2514 3221 2603 3269 καὶ
2653 3220 2885 3285 σπασμοὶ
2918 3220 3161 3271 ἁπάντων
3203 3220 3308 3270 τῶν
3364 3221 3556 3289 μελῶν,
3605 3222 3739 3275 ὥστε

2216 3311 2337 3370 τοὺς
2366 3308 2774 3371 ἐπιθειάζοντας,
2800 3309 2983 3378 ποινὴν
3011 3306 3224 3361 εἶναιτὰ
3238 3314 3529 3379 νοσήματα,
3547 3313 3739 3381 λέγειν.

2220 3458 2373 3519 Maz.,
2407 3456 2539 3527 Med.
2578 3466 2629 3509 et
2671 3459 2804 3523 apud
2838 3458 3122 3525 Josephum
3167 3458 3405 3527 habetur.
3462 3459 3520 3512 Et
3550 3476 3736 3527 parum

2218 3528 2425 3598 quidem
2444 3526 2655 3598 _rcl'erre
2682 3527 2949 3598 existimo,
2996 3525 3329 3598 onacp6;_tle
3370 3542 3433 3578 an
3468 3525 3738 3598 ἔστὶασμῦ

2217 3612 2301 3655 νος
2334 3595 2416 3645 hic
2444 3594 2696 3661 legamus,
2738 3610 2857 3647 cum
2906 3597 2952 3647 in
2993 3608 3213 3659 utraque
3248 3596 3468 3647 lectione
3502 3594 3736 3647 idcm'sit

2217 3677 2415 3713 sensus.
2446 3663 2547 3714 Sed
2579 3663 2857 3715 dillicullas
2880 3674 2959 3713 est
2994 3664 3041 3713 in
3076 3664 3135 3713 iis
3163 3665 3334 3713 verbis
3358 3680 3471 3723 qua:
3506 3678 3736 3728 sequun-

2217 3739 2336 3801 tur:
2376 3732 2520 3801 ἰσχὺν
2548 3732 2642 3798 οὐχ
2687 3730 3018 3801 ὑπομενητὴν
3056 3730 3499 3801 προστιθέμενος.
3540 3730 3736 3785 Omnes

2214 3799 2350 3849 enim
2387 3800 2695 3864 interpretes
2749 3798 2857 3852 haec
2894 3798 3123 3864 Jos‘ephi
3161 3798 3317 3850 verba
3346 3801 3409 3849 de
3437 3801 3485 3848 vi
3526 3814 3589 3851 ac
3624 3802 3733 3847 vin-

2215 3866 2371 3918 lentia
2396 3868 2559 3919 morbi
2598 3868 2995 3925 intellexerunt,
3028 3881 3144 3931 qua:
3193 3875 3331 3917 esset
3364 3867 3729 3919 intolerabilis.

2215 3935 2323 4001 Ego
2354 3951 2476 3987 vero
2508 3935 2571 3987 de
2599 3936 2759 4001 ipsius
2804 3935 2982 4000 δἐι-οιί
3009 3934 3211 3984 viribus
3243 3936 3291 3983 id
3335 3934 3531 3985 dictum
3582 3947 3729 4000 puto,

2212 4018 2342 4067 quas
2367 4016 2645 4053 nervorum
2697 4002 2987 4054 contractio
3038 4016 3354 4066 magnopere
3403 4002 3729 4057 intendebat.

2213 4072 2365 4123 Certe
2395 4070 2540 4136 ἰσχύς
2567 4071 2630 4120 de
2658 4072 2703 4119 vi
2747 4071 2915 4121 morbi
2950 4068 3050 4119 diei
3088 4085 3186 4121 non
3225 4077 3416 4133 potest.
3464 4068 3631 4121 Porro
3676 4072 3727 4123 in

2214 4140 2389 4189 codice
2418 4138 2578 4203 [legio
2602 4137 2933 4205 ὑπομονητήν
2956 4136 3207 4201 scriptum
3240 4138 3435 4197 inveni,
3465 4141 3729 4203 quomodo

2213 4207 2368 4256 etiam
2401 4206 2585 4269 legitur
2619 4209 2753 4271 apud
2784 4205 3087 4270 Josephum.

2284 4272 2391 4337 (22)
2412 4270 2630 4335 Ποινὴν
2653 4270 2755 4323 τοῦ
2782 4272 3008 4323 πολλοῦ
3030 4272 3124 4322 καὶ
3150 4270 3500 4334 δυσσεϐοῦς.
3551 4271 3603 4323 lu
3636 4287 3725 4325 Cn-

2212 4340 2326 4392 dice
2354 4340 2510 4398 M..z..
2539 4339 2667 4393 Fuk.
2698 4356 2759 4392 ac
2796 4342 2957 4391 Savil.
2990 4341 3355 4405 necnouapud
3379 4339 3725 4405 Nicephorum

2213 4409 2359 4458 deest
2384 4408 2638 4473 particula
2662 4409 3014 4471 conjunctiva.

2281 4472 2393 4541 (25)
2426 4476 2516 4524 Ἐν
2539 4474 2609 4540 τῇ
2634 4474 2871 4540 δευτέρᾳ
2896 4476 3010 4525 τῶν
3048 4473 3355 4539 Ἰστοριῶν.
3379 4472 3545 4527 Verba
3575 4474 3724 4528 lose-

2214 4543 2299 4605 plu
2337 4544 2487 4593 hodie
2515 4543 2759 4608 leguntur
2786 4546 2834 4594 in
2874 4544 2966 4595 lib.
3002 4558 3041 4604 ι,
3075 4558 3192 4608 cap.
3226 4542 3313 4602 21,
3349 4542 3421 4593 De
3466 4545 3595 4593 bello
3624 4543 3716 4594 ,Ιη-

2213 4611 2382 4679 daico.
2418 4609 2623 4679 Verum
2679 4613 2729 4662 in
2781 4613 3153 4679 manuscriptis
3182 4611 3450 4679 codicibus
3481 4609 3720 4679 Josephi,

2212 4677 2311 4749 alia
2340 4677 2456 4749 luit
2485 4678 2735 4749 librorum
2780 4678 3086 4749 distinctio,
3119 4693 3277 4749 quam
3322 4677 3541 4749 Ruﬁnus
3577 4677 3720 4749 siqui

2212 4743 2377 4815 noluit
2405 4745 2744 4815 :qui_li_l_)rum_
2770 4747 2995 4810 primum
3023 4746 3089 4797 ad
3120 4747 3333 4797 nimiam
3375 4748 3561 4798 molem
3598 4743 3719 4815 pro-

2211 4812 2379 4881 duxit,
2409 4822 2462 4881 ut
2487 4812 2551 4881 ad
2575 4812 2798 4881 Herodis
2822 4828 2987 4879 usque
3004 4824 3222 4864 mortem
3250 4828 3365 4865 eum
3390 4812 3713 4881 perduceret.

2210 4877 2389 4943 Itaque
2418 4880 2468 4929 in
2496 4878 2594 4930 hoc
2622 4880 2833 4931 Eusebii
2865 4877 2978 4931 loco
3002 4881 3129 4931 nihil
3155 4877 3457 4933 mutandum
3494 4896 3590 4936 est.
3619 4888 3719 4937 Sa-

2209 4946 2366 4997 vilius
2392 4947 2529 4997 hunc
2557 4947 2766 5013 Eusebii
2796 4948 2964 4998 locum
3012 4948 3162 4999 aliter
3190 4950 3463 5002 intellexit.
3508 4951 3717 5007 Putavit

2208 5013 2776 5087 enimuﬁsuct-Epavn'tfbv
2812 5014 3091 5087 Ἱστοριῶν
3119 5018 3183 5067 ab
3215 5017 3301 5067 illo
3341 5020 3438 5071 dici
3485 5036 3614 5087 opus
3646 5024 3719 5075 Dc

2209 5082 2407 5131 excidio
2434 5084 2570 5132 urbis
2592 5082 3252 5153 AHierosolymilamgquod
3283 5101 3411 5153 Opus
3432 5082 3714 5143 secundum

2208 5158 2548 5223 estrespectu
2592 5150 3034 5223 ’ᾼρχαιολογιαᾳ
3066 5149 3233 5223 Verba
3263 5149 3381 5208 sunt
3410 5158 3576 5223 ipsius
3617 5160 3712 5210 Sa-

2208 5218 2339 5277 vilii,
2369 5230 2483 5281 qua:
2504 5218 2734 5281 proiecto
2769 5227 2911 5268 tanto
2939 5219 3051 5269 viro
3083 5222 3337 5274 excidisse
3366 5218 3577 5279 nollem.

2278 5284 2384 5353 (‘2‘)
2411 5284 2661 5362 Πυρετδς
2684 5284 2798 5362 μὲιῖ
2820 5286 2925 5362 ατί-ρ
2962 5281 3036 5362 ἦν
3059 5291 3313 5362 χλωρός-
3346 5293 3474 5362 Haec
3507 5294 3712 5362 quidem

2206 5355 2827 5422 estscripturaﬂcodieis
2876 5355 3041 5417 liegii.
3090 5360 3187 5408 Sed
3226 5358 3294 5411 -iu
3342 5355 3713 5422 Mala-Med"

2206 5420 2337 5497 Fok.
2358 5436 2419 5497 ac
2457 5420 2659 5497 $avilii.
2683 5431 2743 5497 et
2780 5423 2915 5497 apud
2946 5422 3295 5493 Nicephorum
3333 5420 3526 5497 legitur
3554 5442 3715 5495 πυρε-

2205 5490 2290 5550 τὸς
2316 5488 2411 5556 μὲν
2432 5488 2536 5556 γὰρ
2556 5484 2621 5556 ἦν
2645 5487 2703 5538 οὑ
2727 5484 2936 5558 λαϐρός.
