3978 6342
189 332 258 387 105
1132 329 1482 388 ΗιετοιιιΔζ
1519 329 2073 388 ECCLESIASTICIE
2111 328 2239 389 LIB.
2281 332 2320 390 l.
3227 335 3323 388 Ιυθ

193 449 233 528 ’θ
249 448 289 500 δὲ
311 447 540 502 παλαίων
570 448 841 516 τοσούτοις
867 451 1114 516 πάθεσιν,
1133 453 1283 522 ὅμως
1304 452 1397 506 τοῦ
1424 453 1524 524 ζῇν
1550 454 1676 507 ἀντ-
1703 458 1750 515 Α

1777 454 1977 508 minem
2008 455 2308 522 cruciabat,
2338 453 2474 508 adeo
2515 462 2573 508 ut
2616 454 2807 509 harioli
2844 454 3146 524 lmjusmodi
3180 471 3322 509 mor-

186 539 327 610 είχετο,
357 541 620 611 σωτηρίαν
650 559 710 594 τε
758 543 970 614 ήλπιζε,
1009 543 1101 596 καὶ
1133 541 1423 614 θεραπείας
1445 543 1670 618 ἐπενόει,

1774 545 1897 597 bum
1943 558 2158 613 pmnam
2201 558 2321 601 esse
2363 545 2608 601 dicerent
2654 546 2865 600 caelitus
2910 547 3224 613 irrogatam.
3257 547 3323 622 At

185 630 334 694 Διαϐὰς
351 630 473 699 γοῦν
495 632 586 684 τὸν
619 633 902 703 Ἰορδάνην,
927 637 1038 696 τοῖς
1065 635 1204 687 κατά
1232 634 1532 706 Καλλιρόην
1559 634 1677 706 θερ-

1773 634 1864 690 ille
1909 637 2124 691 tametsi
2169 652 2290 692 cum
2327 648 2402 694 tot
2433 639 2744 694 morborum
2774 637 3056 708 generibus
3085 637 3319 691 luctare-

185 722 267 790 μοῖς
295 721 495 792 ἐχρῆτο.
525 722 704 775 Ταῦτα
725 723 781 776 δὲ
806 723 966 787 ἔξεισι
995 724 1092 794 μὲν
1111 727 1188 787 είς
1212 725 1311 797 τὴν
1338 727 1675 795 Ἀσφαλτῖτιν

1776 737 1882 788 ιιιι·,
1916 742 2065 796 spem
2097 736 2273 782 tamen
2302 729 2478 784 adhuc
2502 729 2626 784 vitre
2655 729 2893 784 retinens
2919 769 2934 793 ,
2968 727 3198 783 remedia
3228 741 3323 781 ex-

182 813 342 882 λὶμνην,
375 803 474 864 ὑπὸ
505 812 835 882 γλυκύτητος
865 815 921 867 δέ
963 817 1079 868 ἐστι
1113 817 1206 868 καὶ
1240 818 1464 888 πότιμα.
1511 816 1674 882 Δόξαν

1773 818 2070 887 cogitabat.
2107 820 2301 888 Itaque
2349 820 2580 889 trajecta
2609 819 2855 875 Iordane
2881 859 2896 880 ,
2938 807 3086 886 aquis
3132 819 3321 872 calidis

181 902 218 955 δὲ
243 902 441 956 ἐνταῦθα
472 906 586 966 τοῖς
613 905 834 976 ίατροῖς,
856 905 1015 976 ἐλαίῳ
1033 907 1216 978 θερμῷ
1244 910 1349 961 πᾶν
1373 908 1674 977 ἀναθάλψαι

1772 922 1892 977 qua:
1931 907 2080 976 juxta
2113 909 2419 965 Callirhoen
2453 920 2582 965 sunt
2609 950 2623 974 ,
2670 924 2799 963 usus
2831 918 2930 963 est.
2963 908 3053 962 Hae
3084 908 3313 962 inlinunt

179 992 222 1055 ιδ
247 992 378 1063 σῶμα
415 994 678 1063 χαλασθὲν
715 997 795 1058 είς
819 995 993 1048 ἐλαίου
1028 997 1206 1068 πλήρη
1257 998 1468 1061 πύελον,
1498 999 1674 1053 ἐκλύει

1774 999 1988 1067 quidem
2009 1001 2062 1054 in
2093 1001 2449 1069 Asphaltitem
2476 1002 2672 1064 lacum,
2700 1001 2793 1055 sed
2823 1000 2956 1054 adeo
2979 999 3154 1053 dulces
3176 1008 3318 1060 sunt,

178 1083 265 1146 τοὺς
278 1083 568 1154 ὀφθαλμοὺς
592 1086 686 1138 καὶ
713 1086 787 1150 ὡς
814 1086 1040 1151 τεθνεὼς
1062 1089 1401 1159 ἀνέστρεψεν.
1436 1089 1673 1161 Θορύϐου

1773 1098 1834 1142 ιιι
1858 1090 2021 1143 etiam
2051 1091 2200 1160 potui
2232 1091 2527 1146 commodae
2557 1092 2686 1144 sint.
2716 1088 2790 1144 lbi
2821 1103 2941 1143 cum
2989 1088 3206 1142 medicis
3237 1087 3316 1138 vi-

176 1171 214 1225 δὲ
233 1173 316 1226 τῶν
340 1172 674 1245 θεραπόντων
709 1177 1016 1247 γενομένου,
1036 1179 1167 1248 πρὸς
1196 1180 1292 1250 μὲν
1311 1181 1407 1250 τὴν
1430 1181 1673 1252 κραυγὴν

1773 1193 1889 1232 sum
1925 1190 2071 1234 esset
2116 1191 2175 1234 ut
2200 1189 2416 1251 tepente
2464 1183 2583 1236 oleo
2627 1181 2921 1244 foveretur,
2961 1180 3233 1234 demissus
3267 1178 3318 1232 in

175 1264 435 1334 ἀνήνεγκεν.
467 1266 561 1330 Εἰς
592 1267 646 1319 δὲ
669 1265 730 1320 τὸ
749 1267 930 1320 λοιπὸν
962 1271 1228 1337 ἀπογνοὺς
1257 1270 1356 1340 τὴν
1383 1271 1671 1342 σωτηρίαν,

1764 1270 1961 1325 dolium
1996 1272 2210 1342 plenum
2235 1274 2358 1336 olei,
2387 1282 2496 1327 toto
2518 1287 2740 1340 corpore
2773 1274 2907 1325 adeo
2932 1270 3194 1325 resolutus
3217 1281 3317 1333 est,

175 1358 252 1417 τοῖς
273 1373 331 1410 ,τε
373 1358 724 1428 στρατιώταις
756 1357 861 1411 ’ἀνὰ
897 1360 1143 1431 δραχμὰς
1186 1361 1516 1430 πεντήκοντα
1555 1361 1675 1414 ἐκέ-

1774 1368 1830 1412 ιιι
1861 1361 2023 1415 etiam
2048 1363 2190 1416 oculi
2215 1363 2385 1417 instar
2412 1363 2644 1416 hominis
2673 1361 2867 1415 mortui
2900 1361 3315 1415 revolverentur.

175 1454 285 1498 Αευσε
317 1447 616 1517 διανεῖμαι,
661 1449 755 1503 καὶ¹
801 1450 970 1503 πολλὰ
1002 1452 1256 1522 χρήματα
1301 1456 1411 1515 τοῖς
1443 1453 1672 1523 ἡγεμόσι

1775 1445 1977 1502 Deinde
2025 1449 2387 1503 ministrorum
2425 1450 2877 1503 tumultuantium
2919 1449 3155 1504 clamore
3179 1449 3324 1502 exci-

172 1536 351 1601 καὶτοῖς
371 1539 558 1606 φίλοις.
590 1540 757 1605 Αὐτὸς
787 1542 829 1594 δ’
852 1542 1208 1614 ὑποστρέψας,
1235 1543 1313 1606 είς
1355 1544 1674 1614 Ἱεριχοῦντα

1773 1544 1936 1602 tatus,
1965 1540 2031 1594 ad
2059 1555 2118 1595 se
2147 1541 2361 1610 quidem
2391 1541 2570 1594 rediit.
2609 1539 2875 1595 Caeterum
2908 1554 3001 1609 sne
3053 1539 3239 1593 salutis
3269 1539 3323 1592 iu

172 1628 493 1698 παραγίνεται,
522 1631 874 1702 ,μελαγχολῶν
906 1634 1029 1704 ήδη,
1075 1635 1166 1687 καὶ
1213 1636 1488 1706 μονονουχὶ
1527 1636 1674 1708 αὐτῷ

1773 1640 2044 1698 posterum
2079 1633 2311 1700 abjecta,
2341 1631 2733 1700 quinquaginta
2763 1630 3046 1684 draclimas
3067 1629 3326 1684 militibus

171 1720 280 1789 τιτῷ
303 1720 507 1792 θανάτῳ
527 1724 780 1786 ἀπειλῶν,
806 1725 1105 1795 προέκοψεν
1138 1727 1216 1789 είς
1236 1726 1523 1797 ἐπιϐουλὴν
1550 1728 1674 1781 ἀθε-

1774 1718 1976 1772 viritim
2008 1759 2022 1782 .
2055 1722 2278 1775 ducibus
2320 1734 2451 1774 vero
2496 1729 2552 1774 et
2595 1719 2788 1774 amicis
2815 1735 3064 1787 magnam
3091 1719 3325 1786 pecunia

172 1809 286 1879 μίτον
329 1813 574 1882 πράξεως
785 1815 923 1877 Τοὺς
956 1815 1062 1886 γάρ
1105 1816 1195 1883 ἀφ’
1218 1816 1450 1886 ἑκάστης
1484 1817 1674 1889 κώμης
1705 1811 1743 1866 Β

1773 1810 1882 1863 vim
1928 1811 2174 1865 distribui
2221 1811 2402 1880 jussit.
2452 1810 2581 1865 Inde
2633 1810 3031 1865 llierichuntem
3081 1824 3324 1864 reversus

169 1900 418 1970 ἐπισήμους
452 1902 649 1972 ἄνδρας
680 1903 739 1966 ἐξ
770 1904 898 1972 ὅλης
941 1905 1198 1968 ἰουδαίας
1224 1905 1560 1975 συναγαγὼν,
1597 1910 1675 1970 είς

1774 1915 1876 1966 est,
1900 1900 2121 1970 jamque
2155 1911 2272 1954 atra
2309 1902 2415 1956 bile
2440 1910 2739 1969 correptus,
2773 1911 2828 1955 et
2854 1901 2950 1970 ipsi
2978 1903 3325 1970 quodammo-

167 1992 230 2042 τὸν
272 1991 588 2060 καλούμενον
649 1993 980 2064 ἱππόδρομον
1029 1995 1280 2048 ἐκέλευσε
1341 1997 1671 2066 συγκλεῖσαι.

1773 1992 1840 2045 do
1869 1992 2026 2045 morti
2073 1991 2332 2044 minitans
2355 2030 2370 2056 ,
2409 1993 2742 2046 teterrimum
2776 1990 2984 2044 facinus
3018 1999 3323 2059 perpetrare

168 2081 628 2153 Προσκαλεσάμενος
658 2083 713 2135 δὲ
745 2083 1007 2154 Σαλώμην
1046 2086 1145 2156 τὴν
1175 2085 1407 2156 ἀδελφὴν
1450 2088 1542 2140 καὶ
1583 2088 1674 2140 τὸν

1772 2083 1974 2135 Statuit.
2014 2081 2225 2134 Etenim
2251 2081 2648 2134 illustrissimos
2663 2095 2908 2148 quosque
2935 2081 3102 2135 totius
3131 2079 3323 2135 Judzea‘.

166 2170 290 2241 ἄνδρα
304 2174 498 2242 ταύτης
518 2174 872 2245 Ἀλέξανδρον·
900 2194 918 2225 ι
937 2171 1085 2237 Οἶδα,
1123 2175 1246 2246 ἔφη,
1281 2176 1561 2239 Ἰουδαίους
1585 2177 1673 2230 τὸν

1772 2173 1916 2226 viros
1961 2187 2028 2224 et
2078 2171 2301 2241 singulis
2335 2170 2470 2223 vicis
2523 2170 2774 2223 collectos
2804 2209 2818 2230 ,
2854 2169 2919 2223 in
2967 2168 3322 2238 Hippodromo

165 2263 262 2328 ἐμὸν
291 2264 634 2334 ἑορτάσοντας
687 2243 932 2319 θάνατον.
992 2243 1233 2337 Δύναμαι
1283 2267 1338 2320 δέ
1366 2267 1673 2322 πενθεῖσθαι

1831 2260 2011 2315 ιηοΙυιΙί
2059 2260 2336 2328 praecepit.
2363 2258 2497 2312 Tum
2542 2257 2803 2313 accersita
2838 2257 3052 2312 Salome
3096 2259 3321 2326 viroque
3391 2243 3402 2256 ’

164 2353 210 2404 δι’
229 2356 408 2426 ἐτέρων
441 2359 532 2410 καὶ
562 2357 809 2428 λαμπρὸν
856 2358 1138 2428 ἐπιτάφιον
1177 2361 1342 2429 σχεῖν,
1402 2360 1467 2414 ἂν
1517 2361 1674 2430 ὑμεῖς

1770 2351 1886 2420 ejus
1913 2351 2218 2404 Alexandro
2243 2369 2257 2404 :
2295 2353 2319 2401 ἰ
2351 2348 2483 2404 Novi
2511 2387 2529 2413 .
2561 2349 2752 2419 inquit,
2774 2347 2984 2402 Judasos
3008 2358 3179 2402 morte
3205 2363 3320 2402 mea

164 2445 408 2519 ἐθελήσητε
432 2453 548 2512 ταῖς
587 2451 742 2520 ἐμαῖς
776 2450 1013 2523 ἐντολαῖς
1061 2450 1417 2523 ὑπουργῆσαι.
1473 2449 1671 2503 Τούσδε

1769 2443 2153 2498 ειευιιοιιιιοε.
2182 2443 2288 2499 Sed
2317 2443 2484 2514 lugeri
2520 2443 2746 2496 aliorum
2774 2455 2960 2506 causa,
3005 2451 3060 2495 et
3094 2439 3323 2494 illustres

163 2536 256 2599 τοὺς
310 2519 735 2610 φρουρουμένους
789 2519 1022 2612 ἄνδρας,
1087 2519 1302 2594 ἐπειδὰν
1355 2539 1670 2604 ἐκπνεύσω,

1771 2535 2054 2603 exsequias
2087 2535 2346 2604 consequi
2380 2549 2599 2603 possum
2628 2573 2644 2598 ,
2679 2533 2971 2587 dummodo
3002 2533 3134 2587 meis
3166 2546 3319 2584 mau-

161 2626 347 2696 τὸχιστα
381 2631 625 2685 κτείνατε
678 2634 1100 2703 περιστήσαντες
1146 2633 1270 2696 τοὺς
1320 2630 1670 2703 στρατιώτας,

1772 2626 1910 2680 datis
1925 2628 2148 2697 obsequi
2181 2628 2381 2684 velitis.
2419 2627 2525 2683 Hos
2551 2628 2697 2680 viros
2725 2639 2863 2695 quos
2892 2624 3142 2679 custodiae
3172 2637 3323 2676 man-

163 2718 224 2770 ἵνα
250 2723 384 2774 πᾶσα
408 2724 440 2793 ἡ
473 2722 699 2779 Ἰουδαία
717 2723 810 2776 καὶ
838 2725 944 2786 πᾶς
971 2706 1135 2786 οἶκος,
1168 2723 1262 2776 καὶ
1290 2724 1436 2777 ἄκων
1453 2723 1674 2794 ἐπ’ἐμοὶ⁷

1772 2717 1940 2782 (lavi,
1991 2714 2151 2773 simul
2199 2729 2364 2788 atque
2409 2711 2644 2773 animam
2698 2716 3022 2771 exbalavero
3067 2713 3321 2770 militibus

160 2808 379 2880 δακρύσῃ.
411 2831 427 2862 ι
470 2813 578 2864 Καὶ
611 2813 748 2883 μετά
783 2813 982 2885 βραχέα
1011 2813 1188 2882 φησίνο
1223 2833 1240 2864 ι
1277 2810 1438 2876 Αὖθις
1474 2813 1549 2874 δέ,
1582 2814 1676 2867 καὶ

1773 2810 2155 2874 circumdatos,
2190 2825 2378 2866 omnes
2409 2809 2835 2876 interﬁcite,quo
2859 2815 2915 2862 et
2949 2808 3201 2860 universa
3228 2803 3320 2860 Juo

161 2903 242 2973 γὰρ
278 2904 440 2975 ἐνδείᾳ
483 2905 689 2976 τροφῆς
725 2907 817 2958 καὶ
851 2905 976 2977 βηχὶ
1011 2901 1321 2976 σπασμώδει
1367 2906 1670 2966 διετείνετο.

1774 2904 1885 2958 data
1918 2909 1974 2956 et
2016 2901 2244 2970 singulae
2273 2902 2462 2956 domus
2503 2899 2588 2953 vel
2639 2900 2817 2954 invita:
2853 2913 2967 2952 mea
2998 2905 3170 2953 morte
3212 2897 3324 2950 illa-

158 2993 240 3044 τῶν
269 2995 562 3064 ἀλγηδόνων
594 2995 878 3068 ἡττηθεὶς,
935 2996 1134 3066 φθάσαι
1189 2996 1286 3067 τὴν
1339 2996 1673 3068 εἱμαρμένην

1775 3003 2105 3066 crymentur.
2160 3015 2178 3048 ι
2212 2995 2278 3050 Et
2327 2992 2489 3063 paulo
2537 2999 2702 3060 post:
2744 3008 2763 3042 ι
2818 2989 3025 3044 Rursus
3052 3030 3068 3052 ,
3105 2990 3276 3058 inquit
3305 3028 3321 3050 ,

158 3082 427 3135 ἐπεϐάλετο.
470 3081 664 3136 Λαϐὼν
687 3084 743 3136 δὲ
785 3084 949 3155 μῆλον
977 3084 1109 3155 (26).
1156 3083 1323 3155 ᾔτησε
1355 3086 1446 3138 καλ⁸
1473 3085 1672 3156 μαχαί-
1702 3137 1729 3156 ,

1775 3099 1898 3139 cum
1928 3086 2120 3154 partim
2164 3084 2360 3146 inedia,
2394 3081 2588 3150 partim
2628 3079 2793 3133 tussis
2822 3079 3071 3131 violentia
3103 3078 3314 3131 crucia-

159 3189 263 3241 ριον,
297 3173 465 3227 εἰώθει
509 3174 619 3245 γὰρ
649 3174 963 3244 ἀποτέμνων
1004 3174 1221 3236 ἐσθίειν,
1257 3174 1445 3228 ἔπειτα
1484 3193 1674 3246 περια-
1699 3169 1730 3194 ““

1776 3186 1945 3241 retur,
1975 3178 2150 3230 victus
2197 3174 2469 3228 doloribus
2515 3172 2684 3226 fatum
2721 3177 3066 3224 antevertere
3112 3169 3320 3221 statuit.

156 3255 331 3333 θρήσας
359 3267 428 3336 μή
456 3283 540 3330 τις
563 3267 590 3317 ὁ
613 3266 833 3335 κωλύων
856 3267 1012 3319 αὐτὸν
1043 3267 1145 3337 εἴη,
1171 3265 1344 3338 ἐπῆρε
1365 3267 1462 3338 τὴν
1496 3268 1674 3334 δεξιὰν

1781 3261 1999 3333 Βυηιριο
2049 3264 2212 3333 igitur
2256 3277 2415 3332 pomo
2442 3301 2458 3325 ,
2488 3259 2760 3315 cultellum
2808 3259 3069 3328 poposcit.
3126 3256 3324 3311 Solitus

155 3351 219 3415 ὡς·
235 3353 433 3424 πλήξων
462 3354 672 3407 ἑαυτόν.
711 3373 728 3405 t
774 3355 893 3407 Ἐπὶ
919 3355 975 3408 δὲ
1004 3355 1207 3418 τούτοις
1226 3358 1255 3408 ὁ
1285 3356 1447 3420 αὐτὸς
1479 3357 1679 3428 ἱστορεῖ

1773 3354 1917 3406 enim
1958 3361 2075 3407 erat
2109 3366 2269 3422 poma
2329 3367 2486 3405 manu
2523 3365 2616 3403 sua
2649 3349 2819 3404 incisa
2856 3349 3154 3402 comedere.
3188 3345 3321 3399 Tum

156 3441 484 3508 δαγγραφεὺς,
547 3443 731 3512 ἕτερον
763 3443 924 3495 αὐτοῦ
965 3445 1184 3512 γνήσιον
1228 3446 1393 3498 παῖδα
1443 3446 1550 3517 πρὸ
1576 3449 1674 3518 τῆς

1774 3443 2215 3512 circumspiciens
2245 3457 2311 3497 ne
2340 3441 2460 3510 quis
2504 3450 2649 3495 esset
2691 3439 2784 3510 qui
2835 3438 3138 3507 impediret,
3206 3446 3321 3490 tan-

154 3527 350 3598 ἐσχάτης
390 3531 480 3582 τοῦ
526 3531 640 3600 βίου
685 3533 956 3602 τελευτῆς,
999 3533 1177 3605 τρίτον
1222 3536 1314 3587 ἐπὶ
1372 3535 1521 3589 δυσὶν
1571 3537 1672 3609 ῆδη

1772 3548 1936 3602 quam
1975 3551 2036 3590 se
2063 3551 2416 3603 percussurus
2449 3535 2694 3589 dextram
2736 3532 2952 3587 levavit.
2993 3550 3012 3583 ι
3046 3530 3323 3585 Postremo

153 3619 584 3690 ιροανῃρημένοις
612 3621 680 3672 δι’
703 3622 1001 3685 ἐπιτάξεως
1034 3623 1306 3687 ἀνελόντα,
1340 3626 1672 3696 παραχρῆμα

1774 3622 1913 3676 idem
1938 3624 2169 3692 scriptor
2197 3632 2405 3688 narrat,
2434 3637 2539 3691 quo
2572 3629 2731 3689 pacto
2756 3620 2916 3690 paulo
2965 3629 3090 3673 ante
3119 3621 3318 3673 exitum

151 3706 228 3775 τὴν
248 3705 379 3778 ζωὴν
401 3708 459 3760 ού
483 3707 620 3778 μετά
641 3708 882 3779 σμικρῶν
902 3710 1201 3779 ἀλγηδόνων
1221 3711 1542 3783 ἀπορρῆξαι.
1563 3715 1673 3768 Καὶ

1773 3712 1895 3766 vita:
1920 3717 2197 3782 proprium
2227 3714 2393 3768 lilium
2421 3753 2436 3779 ,
2472 3722 2594 3782 post
2620 3715 2752 3767 duos
2780 3726 2914 3780 quos
2937 3709 3049 3779 jam
3077 3720 3202 3763 ante
3232 3726 3321 3762 ne-

152 3797 324 3850 τοιοῦτο
346 3799 445 3868 μὲν
479 3798 540 3851 τὸ
590 3798 760 3868 πέρας
791 3799 892 3868 τῆς
930 3798 1165 3868 Ἡρώδου
1187 3800 1372 3868 γέγονε
1395 3801 1670 3872 τελευτῆς,

1771 3813 2009 3868 caverat,
2042 3805 2202 3873 impie
2230 3803 2391 3870 jussit
2435 3803 2636 3867 occidi,
2671 3812 2831 3870 atque
2874 3801 2946 3853 ita
2973 3800 3183 3854 demum
3216 3813 3317 3853 nou

152 3886 307 3958 ποινὴν
342 3888 552 3941 δικαίαν
600 3886 909 3950 ἐκτίσαντος
964 3882 1037 3940 ὧν
1089 3889 1231 3958 ἀμφὶ
1272 3888 1369 3959 τὴν
1425 3890 1671 3962 Βηθλεέμ

1768 3889 1887 3946 sine
1919 3892 2170 3945 maximis
2217 3892 2547 3946 cruciatibus
2595 3891 2826 3945 animam
2855 3888 3068 3943 eﬂiavit.
3123 3890 3318 3958 Hujus-

150 3977 293 4032 ιὶνεθιε
339 3980 562 4043 παίδων,
614 3980 711 4050 τῆς
744 3978 835 4032 τοῦ
876 3979 1124 4052 Σωτῆρος
1173 3978 1327 4049 ήμῶν
1381 3979 1670 4049 ἐπιϐουλῆς

1770 3982 1912 4035 nodi
1969 3983 2173 4034 exitum
2204 3982 2328 4034 vita:
2355 3979 2542 4033 habuit
2574 3980 2847 4045 Herodes,
2879 3984 3065 4034 merita
3098 3994 3318 4048 perpes-

150 4067 300 4124 ἓνεκα.
343 4071 476 4124 Μεθ’
513 4072 579 4143 ῆν
629 4070 854 4140 ἄγγελος
886 4069 1016 4140 ὄναρ
1064 4068 1286 4131 ἐπιστὰς
1317 4069 1373 4120 ἐν
1409 4067 1667 4138 Αίγύπτῳ

1769 4084 1860 4122 sus
1902 4067 2164 4136 supplicia
2194 4083 2292 4136 pro
2339 4066 2543 4120 scelere
2587 4068 2725 4134 quod
2773 4067 3031 4122 adversus
3083 4066 3317 4121 infantes

149 4156 434 4231 διατρίϐοντι
461 4162 540 4232 τῷ
582 4162 797 4232 Ἰωσὴφ,
821 4161 1025 4233 ἀπᾶραι
1059 4161 1173 4231 ἅμα
1203 4160 1279 4230 τῷ
1301 4159 1447 4213 παιδὶ¹
1479 4157 1572 4211 καὶ
1600 4161 1665 4229 τῇ

1767 4158 2184 4212 Bethlebemitas
2215 4157 2526 4223 admiserat,
2559 4157 2682 4210 dum
2721 4158 2996 4212 Servatori
3029 4167 3214 4212 nostro
3242 4157 3317 4211 in-

149 4251 306 4305 τούτου
359 4255 526 4325 μητρὶ
586 4254 678 4306 ἐπὶ
727 4255 826 4324 τὴν
892 4253 1148 4306 Ἰουδαίαν
1203 4250 1663 4322 παρακελεύεται,

1767 4249 1934 4302 sidias
1984 4256 2342 4318 compararet.
2393 4245 2518 4299 Post
2569 4246 2724 4316 cujus
2771 4247 3049 4302 interitum
3099 4246 3317 4316 angelus

149 4339 425 4412 τεθνηκέναι
448 4342 623 4413 δηλῶν
657 4345 783 4408 τοὺς
813 4343 1204 4414 ἀναζητοῦντας
1231 4342 1326 4414 τὴν
1350 4341 1523 4412 ψυχὴν
1573 4340 1665 4394 τοῦ

1769 4340 2002 4411 Josepbo
2029 4339 2190 4395 etiam
2230 4348 2342 4394 tum
2388 4339 2442 4393 in
2485 4337 2722 4410 Egypto
2767 4340 2996 4394 moranti
3029 4340 3078 4392 in
3115 4339 3319 4394 somnis

149 4432 348 4486 παιδίου.
381 4431 602 4496 Τούτοις
636 4434 680 4488 δ’
705 4436 733 4487 ὁ
763 4435 1147 4506 εύαγγελιστὴς
1190 4434 1437 4505 ἐπιφέρει
1470 4435 1659 4501 λέγων·
1698 4466 1720 4520 Ι

1771 4448 2037 4506 apparens
2061 4473 2077 4498 ,
2110 4448 2232 4488 eum
2278 4434 2330 4488 in
2380 4432 2615 4487 Judaaam
2650 4433 2823 4487 redire
2855 4447 2961 4485 una
3006 4447 3125 4485 cum
3157 4444 3319 4500 puero

154 4537 166 4566 ι
208 4522 448 4588 Ἀκούσας
472 4523 518 4577 δ’
541 4525 623 4579 ὅτι
670 4525 952 4598 Ἀρχέλαος
974 4524 1237 4595 βασιλεύει
1274 4525 1371 4596 τῆς
1413 4524 1665 4588 Ἰουδαίας

1772 4535 1828 4580 et
1863 4535 2037 4579 matre
2066 4525 2323 4594 pracepit
2345 4564 2360 4588 ,
2391 4534 2632 4579 mortuos
2663 4523 2914 4577 nuntians
2940 4561 2957 4588 ,
2984 4523 3070 4591 qui
3100 4536 3316 4590 puerum

152 4609 246 4663 ἀντὶ
287 4611 513 4683 Ἡρώδου
541 4614 638 4668 τοῦ
661 4616 861 4687 πατρὸς
886 4615 1069 4678 αὐτοῦ,
1101 4617 1336 4688 ἐφοϐήθη
1367 4619 1481 4671 ἐκεῖ
1505 4617 1667 4671 ἀπελ-

1769 4631 1803 4673 e
1841 4617 2018 4672 medio
2052 4616 2242 4672 tollere
2265 4615 2579 4685 cupiebant.
2610 4615 2813 4682 Quibus
2846 4616 2960 4669 haec
2992 4613 3315 4678 evangelista

152 4698 259 4755 θεῖν.
283 4703 678 4775 Χρηματισθεὶς
700 4707 757 4761 δὲ
784 4708 902 4762 κατ’
933 4707 1085 4779 ὄναρ,
1119 4707 1457 4779 ἀνεχώρησεν
1492 4712 1570 4772 είς
1599 4708 1668 4762 τά

1771 4709 2084 4779 subiungit:
2117 4727 2135 4761 ι
2192 4708 2429 4761 Audiens
2476 4718 2653 4762 autem
2707 4708 2847 4777 quod
2900 4705 3188 4760 Archelaus
3231 4717 3316 4754 re—

152 4791 268 4863 μέρη
298 4794 388 4864 τῆς
417 4795 724 4862 Γαλιλαίας.
763 4817 782 4850 ι

1773 4808 1963 4871 gnaret
1991 4801 2044 4855 in
2068 4799 2250 4854 Judaea
2278 4814 2375 4870 pro
2402 4798 2616 4855 Herode
2646 4809 2802 4869 patre
2830 4812 2928 4853 suo
2950 4836 2968 4862 ,
3005 4796 3181 4860 timuit
3231 4792 3318 4847 illo

156 4882 233 4938 ire.
255 4885 318 4942 Et
339 4890 640 4949 admonitus
668 4893 721 4949 in
756 4893 960 4950 somnis
1002 4896 1224 4951 secessit
1271 4895 1322 4949 in
1351 4904 1530 4965 partes
1551 4894 1804 4951 Galilaam.
1841 4913 1860 4946 ι

632 4986 1129 5066 κεοωωῃοκει

2297 5009 2401 5078 27
2451 5005 2801 5064 CAPUTIX.

381 5100 519 5168 Περὶ
541 5099 661 5154 τῶν
691 5101 841 5155 κατὰ
863 5101 1123 5156 Πιλᾶτον
1147 5105 1399 5171 χρόνων.

1328 5120 1399 5155 ιν.
2207 5098 2282 5151 De
2347 5096 2514 5150 Pilati
2571 5096 2899 5164 temporibus.

209 5181 276 5254 Τῇ
298 5183 337 5236 δ’
362 5187 450 5239 ἐπὶ
472 5189 574 5260 τὴν
598 5191 772 5261 ἀρχὴν
804 5191 940 5264 μετά
970 5191 1059 5244 τὸν
1094 5190 1335 5262 Ἡρώδην
1355 5191 1447 5245 τοῦ
1478 5192 1666 5263 Ἀρχε-

1843 5189 1919 5244 De
1959 5187 2215 5244 Archelai
2259 5199 2383 5257 post
2429 5187 2651 5242 Herodis
2701 5185 2901 5238 obitum
2957 5176 3315 5234 dominatione

213 5301 309 5372 (ὕ)
323 5305 656 5426 Προέιοΐεν
667 5313 751 5376 είς
760 5310 1364 5394 ἐπιϐουλὴηὰθεμίζου
1378 5311 1666 5380 πράξεως.
1767 5310 1784 5434 1

213 5375 550 5434 νιὶςὲπιὸου
586 5379 828 5434 utquod
842 5384 1128 5434 sinedubto
1159 5390 1356 5434 rectius
1371 5391 1474 5434 est.
1508 5398 1665 5434 uuam

1767 5308 1986 5434 ἓρυλήν.
2017 5307 2188 5361 Porro
2211 5308 2262 5362 in
2286 5307 2472 5362 codice
2497 5307 2631 5374 Reg.
2663 5306 2916 5386 scriptum
2944 5307 3026 5354 est
3047 5297 3314 5378 προέκοψε

1836 5381 1914 5434 είς
1937 5376 2249 5434 ἐπιϐουλήν.
2274 5387 2403 5434 etc..
2434 5391 2554 5434 (tua:
2577 5378 2732 5429 lectio
2767 5369 3081 5424 conﬁrmare
3107 5370 3314 5422 Videtur

161 5369 671 5451 Ναὶς-ξπιὸουλήν,
683 5369 828 5451 quod
842 5384 957 5435 sine
970 5369 1128 5435 dubio
1159 5369 1356 5451 rectius
1371 5369 1474 5445 est,
1508 5369 1665 5451 quam

1767 5369 1811 5434 δ’
1836 5369 2403 5451 είς’ἐπιϐουλήν,λειο.,
2434 5369 2732 5451 ουκ-ξεοιίο
2767 5369 3081 5451 conﬁrmare
3107 5370 3315 5451 videtur

161 5436 294 5519 Inita
310 5440 498 5519 editum
519 5436 1013 5517 ἐπίϐὸλήν,ιιιιιιειεί
1027 5451 1285 5504 editiones
1303 5436 1666 5519 Josepbi'nibil
1768 5436 2128 5519 conjecturam
2149 5436 2364 5519 ξεινίιίἰζ
2379 5436 2532 5519 Ᾱρῖιά
2553 5442 2905 5511 Nicephorum
2935 5436 3129 5507 legitur
3151 5439 3313 5493 etiam

163 5513 356 5589 variant.
376 5512 746 5589 coniecturam
782 5531 1020 5589 nostram
1055 5519 1338 5573 conﬁrmat
1364 5512 1668 5575 vetustissi-

1399 5512 1668 5575 eiustissi-
1767 5512 2034 5589 “FOQ”?
2057 5514 2548 5589 5?-‘1‘9m609mv'
2611 5579 2643 5589 ’-
2745 5578 2758 5589 ’
2953 5577 2965 5589 ’

167 5575 593 5654 ςιιιιιεοάειβιέιι..
613 5584 665 5637 in
677 5586 960 5654 quo_plane
974 5590 1233 5653 scriptum
1250 5596 1331 5643 est
1351 5591 1429 5653 εις
1452 5589 1668 5642 ἐπιϐουο

1813 5575 1951 5654 ’(26)
1980 5575 2298 5639 λαϐὼν-’δὲ
2336 5575 2558 5654 μῆλόν.
2605 5578 2832 5654 Omnino
2861 5575 3204 5654 scribendum
3232 5584 3315 5629 est

165 5644 756 5726 lﬁtsicutcpdeiielfam.
779 5644 1036 5726 Facessat
1064 5644 1226 5726 igitur
1243 5644 1547 5724 conjectura
1567 5659 1666 5710 Sa-
1767 5644 2032 5726 λαϐὼν-δῆ
2057 5654 2246 5726 μῆλον.
2299 5644 2418 5726 11ὶέ
2434 5652 2576 5726 enim
2606 5648 2898 5717 particulas
2927 5648 3067 5703 inter
3097 5662 3156 5703 se
3185 5661 3315 5702 cou-

169 5712 367 5790 t'ilii,qui
386 5712 613 5776 adorant
633 5721 752 5775 libri
778 5723 861 5776 sui
889 5712 1134 5786 notarat:
1155 5712 1663 5797 Eorlefscribendum
1775 5721 1925 5779 fundi
1954 5712 2266 5793 [retiuénter
2293 5712 2714 5780 observaVittiuS-

433 5815 698 5876 Parnm.
728 5814 844 5876 Gn.
873 5817 1013 5880 XX.
2928 5807 2967 5867 1ο
