3978 6342
144 336 218 389 1⁸57

1086 318 1429 395 ιιιδτοιιικε
1468 298 2029 379 εοοιιεειΑετιοιΕ
2069 320 2196 378 LIB.
2239 322 2301 375 ιι.

3179 326 3279 381 138

140 447 352 514 στήσαιτο⁸
390 439 555 493 εἰσέτι.
594 456 652 491 τε
712 438 803 490 νῦν
850 436 908 502 ἐξ
964 438 1167 490 ἐκείνου
1220 439 1253 507 ἡ
1321 437 1470 489 πᾶσα
1532 434 1619 487 τῶε

1730 428 1846 501 ἐει,
1882 436 2098 491 tandem
2137 434 2397 488 ‘salutaris
2445 435 2695 489 doctrina:
2744 435 3017 491 auditores
3035 430 3282 490 reddidit.

147 532 419 601 Ἑδεσσηνῶν
462 530 640 594 πόλις,
695 534 759 599 τῇ
797 529 891 581 τοῦ
939 528 1171 599 Χριστοῦ
1218 527 1635 598 προσανάκειται

135 624 437 697 προσηγορίᾳ,
475 623 535 674 οὑ
584 622 644 693 τὸ
675 623 831 691 τυχὸν
879 621 1245 691 ἐπιφερομένη
1288 620 1482 689 δεῖγμα
1541 620 1637 687 τῆς

133 714 203 769 τοῦ
229 712 452 784 Σωτῆρος
482 712 637 781 ἡμῶν
671 712 765 764 καὶ
802 714 880 775 εἰς
918 713 1111 774 αὐτοὺς
1142 711 1472 781 εὐεργεσίας.
1528 712 1635 762 Καὶ

128 806 262 858 ταῦτα
294 803 382 872 μὲν
407 802 479 864 ὡς
504 802 563 865 ἐξ
598 802 834 871 ἀρχαίων
871 803 1108 871 ἱστορίας
1136 802 1391 872 εἰρήσθω.
1424 800 1632 853 Μετίω-

132 912 207 963 μεν
230 893 267 944 δ’
298 887 442 963 αὖθις
484 890 576 942 ἐπὶ
610 891 707 961 τὴν
734 890 879 942 Θείαν
910 891 1149 961 Γραφήν.
1184 890 1479 960 Γενομένου
1501 889 1634 958 δῆτα

220 986 275 1053 τῇ
311 982 397 1034 τοῦ
426 962 695 1051 Στεφάνου
732 980 1007 1053 μαρτυρίᾳ
1029 980 1244 1051 πρώτου
1268 981 1359 1033 καὶ
1382 982 1633 1051 μεγίστου

125 1073 231 1134 πρὸς
262 1072 423 1125 αὐτῶν
479 1071 741 1125 Ἰουδαίων
790 1070 938 1124 ’κατὰ
998 1071 1100 1140 τῆς
1146 1073 1203 1123 ὲν
1250 1070 1635 1141 Ἱεροσολύμοις

132 1163 405 1233 Ἐκκλησίας
434 1162 694 1233 διωγμοῦ,
724 1162 939 1215 πάντων
974 1180 1033 1215 τε
1057 1162 1164 1215 τῶν
1199 1162 1474 1232 μαθητῶν,
1499 1163 1635 1232 πλὴν

121 1252 288 1306 ὅτιτῶν
310 1252 509 1305 δώδεκα
547 1252 741 1321 μόνων,
772 1251 872 1304 ἀνὰ
898 1252 996 1324 τὴν
1039 1252 1295 1303 Ἰουδαίαν
1312 1269 1369 1304 τε
1404 1253 1499 1305 καὶ
1531 1253 1659 1307 Σαε

120 1343 309 1410 μάρειαν
337 1340 757 1412 διασπαρέντων·
792 1342 951 1403 τινὲς,
990 1340 1064 1403 ὥς
1102 1343 1315 1411 φησινὴ
1364 1341 1479 1393 Θεία
1506 1342 1543 1392 Γ
1549 1359 1637 1412 ρα-

118 1434 191 1503 φὴ,
211 1433 481 1496 διελθόντες
518 1433 622 1496 ἕως
647 1434 896 1505 Φοινίκης
924 1434 1018 1486 καὶ
1047 1434 1271 1503 Κύπρου
1299 1435 1391 1487 καὶ
1438 1434 1638 1487 Ἀντιοη

112 1520 415 1592 χείας,οῦπω
456 1522 551 1591 μὲν
607 1521 810 1574 ἔθνεσιν
843 1516 944 1575 οἷοί
982 1539 1041 1573 τε
1092 1516 1231 1591 ἦσαν
1277 1520 1371 1572 τοῦ
1413 1522 1511 1589 τῆς
1543 1520 1635 1573 πί-

114 1630 249 1675 στεως
275 1613 597 1683 μεταδιδόναι
643 1613 800 1681 λόγου
845 1612 1083 1683 τολμᾷν,
1144 1613 1320 1682 μόνοις
1348 1611 1403 1664 δὲ
1450 1612 1635 1663 τοῦτον

126 1703 357 1765 Ἰουδαίοις
390 1704 769 1773 κατήγγελλον.
816 1701 1122 1773 Τηνικαῦτα
1147 1702 1239 1754 καὶ
1284 1701 1492 1764 Παῦλος
1518 1702 1634 1753 ἐλυ-

1736 526 1949 580 Abhinc
1978 516 2227 578 univerSa
2269 523 2663 578 Edessenorum
2691 524 2880 579 civitas
2900 566 2916 590 ,
2948 525 3151 597 quippe
3172 540 3291 595 qua:

1736 633 1840 671 non
1865 616 2088 686 vulgare
2112 614 2420 670 Servatoris
2455 616 2621 669 nostri
2655 629 2782 685 erga
2826 632 2882 671 se
2907 616 3291 674 benevolentiae

1737 708 1994 762 indicium
2030 706 2337 776 possideat,
2388 706 2504 774 ejus
2551 708 2752 761 nomini
2803 709 3061 765 hactenus
3112 711 3287 766 dicata

1735 797 2047 871 permansit.
2079 796 2146 850 Et
2178 796 2292 851 haec
2317 798 2531 865 quidem
2566 812 2632 851 ex
2664 806 2900 852 veterum
2931 805 3289 857 monumentis

1736 888 2015 956 desumpta
2042 897 2184 943 sunt.
2218 886 2370 942 Nunc
2399 888 2465 941 ad
2483 888 2718 956 divinam
2750 887 3084 957 Scripturam
3119 902 3291 947 trans-

1736 990 1942 1030 eamus.
1998 974 2127 1029 Post
2170 977 2488 1046 martyrium
2536 976 2816 1049 Stephani,
2855 994 2976 1033 cum
3006 983 3173 1049 prima
3200 996 3290 1036 ea-

1736 995 1942 1030 eamus.
2001 995 2127 1029 rost
2170 995 2488 1046 martyrium
2537 995 2771 1047 atepnau
2797 1020 2816 1042 ,
2855 995 2976 1033 cum
3006 995 3173 1049 prima
3200 996 3290 1036 ea-

1732 1067 1967 1134 demque
1999 1066 2320 1135 gravissima
2356 1065 2660 1121 Judarorum
2696 995 3001 1135 pelisecutio
3034 1072 3290 1124 adversus

1737 1154 2274 1225 Hierosolymitanam
2321 1154 2619 1210 Ecclesiam
2663 1167 2847 1211 coorta
2874 1168 3019 1212 esset
3049 1200 3060 1223 ,
3091 1160 3289 1214 cunctis

1735 1244 1936 1298 Christi
1987 1245 2267 1314 discipulis
2308 1255 2501 1314 praeter
2547 1246 2826 1300 duodecim
2874 1247 3150 1315 apostolos
3195 1262 3290 1316 per

1735 1335 1971 1390 Judznam
2030 1335 2441 1405 Samariamque
2490 1336 3053 1406 dispersis;nouuulli
3105 1353 3288 1391 eorum

1737 1440 1905 1495 usque
1935 1427 2002 1479 ad
2033 1424 2345 1480 thnicem
2368 1434 2424 1480 et
2447 1428 2677 1497 Cyprum
2713 1439 2767 1482 et
2799 1429 3137 1484 Antiochiam
3167 1442 3291 1497 pro-

1737 1517 1908 1583 gressi
1940 1518 2023 1585 (ut
2049 1531 2205 1570 sacra
2228 1510 2457 1571 testatur
2479 1517 2781 1587 Scriptura)
2814 1519 2931 1573 fidei
2970 1519 3291 1574 Christiana:

1738 1621 2044 1661 sermonem
2091 1606 2343 1675 gentibus
2372 1608 2589 1675 quidem
2627 1610 2861 1661 nondum
2897 1610 3292 1663 communicare

1740 1698 2027 1759 audebant,
2064 1698 2156 1751 sed
2186 1686 2315 1751 solis
2344 1695 2544 1751 Iudaeis
2575 1698 2724 1751 illum
2763 1700 3147 1766 praedicabant.
3176 1701 3288 1765 Qua

112 1792 296 1860 μαίνετο
323 1793 482 1845 εἰσέτι
515 1794 635 1845 τότε
662 1794 758 1862 τὴν
798 1792 1140 1863 Ἐκκλησίαν,
1174 1794 1289 1845 κατ’
1317 1792 1494 1855 οῐκους
1524 1792 1619 1845 τῶν

1737 1800 2054 1857 tempestate
2080 1790 2275 1845 Paulus
2312 1792 2601 1844 etiamnum
2631 1793 2922 1848 Ecclesiam
2953 1793 3242 1849 infestabat
3272 1837 3286 1860 ,

110 1882 281 1935 πιστῶν
310 1884 771 1953 εἰσπορευόμενος,
818 1884 994 1954 σύρων
1032 1900 1090 1934 τε
1137 1882 1332 1955 ἄνδρας
1384 1886 1475 1936 καὶ
1529 1900 1628 1951 γυ-

105 1976 295 2037 ναῖκας,
341 1976 430 2027 καὶ
483 1976 564 2037 εἰς
621 1974 862 2044 φυλακὴν
915 1976 1259 2046 παραδιδούς.
1331 1974 1486 2027 Ἀλλὰ
1538 1975 1629 2026 καὶ

103 2065 347 2129 Φίλιππος,
376 2062 451 2129 εἷς
472 2066 581 2118 τῶν
616 2067 728 2135 ἅμα
755 2057 1007 2136 Στεφάνῳ
1040 2066 1527 2137 προχειρισθέντων
1549 2067 1628 2128 εἰς

99 2156 177 2224 τὴν
204 2156 482 2220 διακονίαν,
518 2158 575 2209 ὲν
608 2160 718 2219 τοῖς
749 2149 1089 2227 διασπαρείσι
1106 2158 1413 2226 γενόμενος,
1450 2157 1627 2209 κάτει-

101 2262 167 2295 σιν
191 2248 263 2308 εἰς
291 2248 385 2319 τὴν
416 2248 741 2319 Σαμάρειαν,
778 2247 924 2310 θείας
976 2265 1033 2299 τε
1068 2247 1314 2317 ἔμπλεως
1342 2246 1415 2301 ὣν
1468 2246 1625 2299 δυνά-

101 2353 238 2403 μεως,
272 2339 523 2409 κηρύττει
550 2338 757 2419 πρῶτος
785 2342 894 2401 τοῖς
930 2338 1115 2391 αὐτόθι
1148 2338 1238 2390 τὸν
1296 2337 1467 2404 λόγον.
1523 2337 1623 2388 Το-

98 2426 300 2494 σαύτηδ⁹
321 2428 465 2498 αὐτῷ
496 2428 612 2480 θεία
642 2430 895 2497 συνήργει
924 2427 1099 2498 χάρις,
1142 2426 1217 2488 ὡς
1272 2426 1365 2478 καὶ
1410 2425 1623 2493 Σίμωνα

92 2516 165 2568 τὸν
196 2518 373 2585 Μάγον
408 2520 543 2589 μετὰ
577 2519 838 2571 πλείστων
864 2518 1064 2587 ἑτέρων
1097 2516 1302 2585 ἀνδρῶν
1337 2515 1467 2585 (90),
1512 2517 1624 2577 τοῖς

91 2607 231 2660 αὑτοῦ
267 2609 443 2679 λόγοις
466 2610 734 2680 ἑλχθῆναι.
768 2608 889 2661 Ἐπὶ
906 2609 1151 2661 τοσοῦτον
1178 2609 1222 2682 δ’
1254 2612 1281 2661 ό
1314 2608 1493 2679 Σίμων
1532 2607 1621 2676 βε-

90 2695 328 2767 σοημένος
363 2704 479 2753 κατ’
504 2703 676 2754 ἐκεῖνο
701 2698 888 2767 καιροῦ
912 2700 1019 2751 τῶν
1056 2700 1422 2769 ἠπατημένων
1460 2699 1621 2767 ἐκρά-

88 2803 154 2837 τει
178 2790 409 2861 γοητείᾳ,
432 2792 507 2854 ὡς
551 2791 645 2860 τὴν
686 2789 924 2859 μεγάλην
975 2789 1136 2841 αὐτὸν
1183 2789 1427 2859 ἡγεῖσθαι
1487 2784 1622 2840 εἶναι

85 2876 287 2946 δύναμιν
318 2880 409 2933 τοῦ
444 2880 598 2932 Θεοῦ.
626 2881 754 2931 Τότε
782 2880 824 2931 δ’
848 2876 939 2931 οὖν
974 2879 1064 2931 καὶ
1093 2873 1244 2942 οὗτος
1268 2878 1365 2941 τὰς
1398 2878 1503 2930 ὑπὸ
1528 2868 1619 2929 τοῦ

84 2966 321 3021 Φιλίππου
345 2970 567 3040 δυνάμει
587 2970 705 3041 θείᾳ
725 2969 1045 3039 τελουμένας
1065 2969 1429 3035 καταπλαγεὶς
1454 2986 1624 3037 παρα-

82 3053 383 3123 δοξοποιϊας,
415 3061 767 3131 παραδύεται,
800 3064 892 3112 καὶ
934 3061 1091 3129 μέχρι
1142 3059 1363 3129 λουτροῦ
1410 3060 1507 3128 τὴν
1539 3061 1619 3121 εἰς
1648 3094 1688 3149 C

80 3147 287 3217 Χριστὸν
312 3152 492 3205 πίστιν
525 3152 997 3222 καθυποκρίνεται.
1056 3154 1119 3205 ’Ὀ
1173 3154 1265 3205 καὶ
1321 3151 1616 3219 θαυμάζειν

82 3236 208 3302 ἀξιον
236 3243 315 3303 εἰς
346 3241 505 3313 δεῦρο
534 3244 810 3313 γινόμενον
840 3244 975 3312 πρὸς
996 3244 1101 3295 τῶν
1126 3243 1205 3293 ἔτι
1229 3244 1320 3293 καὶ
1373 3242 1466 3293 νῦν
1520 3241 1617 3309 τὴν

78 3330 153 3379 ἀπ’
178 3332 386 3384 ἐκείνου
449 3335 793 3402 μιαρωτάτην
826 3335 1112 3402 μετιόντων
1146 3334 1401 3402 αἵρεσιν·
1455 3332 1503 3385 οἳ
1549 3336 1614 3402 τῇ

76 3417 153 3468 τοῦ
185 3421 331 3487 σφῶν
363 3424 700 3492 προπάτορος
730 3424 968 3492 μεθόδῳ,
1005 3423 1101 3491 τὴν
1143 3422 1462 3490 Ἐκκλησίαν
1504 3422 1615 3473 λοι-

78 3507 259 3573 μιῖδδως
286 3511 382 3562 καὶ
423 3512 707 3580 ψωραλέας
751 3514 903 3564 νόσου
934 3514 1087 3581 δίκην
1128 3512 1496 3581 ὑποδυόμενοι,
1549 3513 1616 3565 τὰ

78 3596 286 3662 μέγιστα
310 3598 654 3667 λυμαίνονται
681 3603 825 3663 τοὺς,
848 3596 927 3662 οἷς
954 3601 1393 3669 ὲναπομάξασθαι
1425 3597 1525 3654 οἷοί
1556 3620 1613 3654 τε

72 3686 125 3737 ἂν
148 3685 252 3739 εἷεν
282 3688 376 3740 τὸν
408 3690 466 3740 ἐν
495 3689 675 3750 αὐτοῖς
707 3691 1190 3759 ἀποκεκρυμμένον
1234 3692 1469 3760 δυσαλθῆ
1522 3695 1613 3744 καὶ

71 3778 283 3843 χαλεπὸν
323 3779 419 3833 ἰόν.
455 3780 593 3847 Ἤδη
625 3782 685 3846 γέ
712 3797 791 3831 τοι
829 3781 1041 3841 πλείους
1073 3779 1275 3831 τούτων
1327 3782 1613 3851 ἀπεώσθη-

68 3885 171 3933 σαν,
200 3870 377 3922 ὁποῖοί
400 3886 541 3932 τινες
567 3864 672 3922 εἷεν
712 3869 819 3939 (91)
851 3870 947 3939 τὴν
1011 3868 1305 3937 μοχθηρίαν
1364 3870 1605 3932 ἁλόντες,-

65 3958 232 4030 ὼσπερ
260 3956 357 4013 οῦν
387 3961 481 4013 καὶ
528 3963 555 4013 ὁ
600 3958 775 4029 Σίμων
838 3961 996 4023 αὐτὸς
1061 3960 1195 4029 πρὸς
1256 3960 1349 4011 τοῦ
1406 3961 1608 4029 Πέτρου

64 4052 466 4120 καταφωραθεὶς
496 4050 554 4114 ὃς
575 4047 663 4121 ἦν,
694 4050 789 4119 τὴν
826 4052 1199 4120 προσήκουσαν
1254 4050 1395 4103 ἔτισε
1450 4070 1612 4121 τιμω-

66 4139 184 4203 ρίαν.
232 4139 398 4192 Ἀλλὰ
432 4139 540 4209 γὰρ
572 4141 651 4201 εἰς
676 4138 899 4209 αὔξησιν
925 4138 1190 4208 ὁσημέραι
1218 4140 1489 4209 προίόντος
1517 4141 1607 4193 τοῦ

61 4231 311 4300 σωτηρίου
344 4229 712 4307 κηρύγματος,
765 4229 1040 4298 οἰκονομία
1068 4247 1148 4291 τις
1172 4226 1303 4301 ἦγεν
1351 4232 1451 4307 καί.
1504 4232 1609 4284 ἀπὸ

56 4317 138 4385 τῆς
164 4320 440 4374 Αἰθιόπων
603 4320 720 4388 τῆςι
733 4320 915 4373 αὐτόθι
943 4320 1221 4389 βασιλίδος
1245 4323 1407 4391 (κατά
1420 4340 1471 4375 τι
1504 4324 1605 4375 πά-

1734 1880 1787 1933 iu
1819 1881 1959 1933 aedes
1988 1880 2220 1934 fidelium
2249 1881 2637 1951 irrumpens,et
2662 1885 2808 1939 viros
2828 1900 2949 1937 cum
2980 1885 3289 1939 mulieribus

1734 1970 1857 2024 inde
1903 1970 2206 2025 abstractos
2233 1972 2491 2025 custodiae
2545 1975 2883 2041 mancipans.
2926 1972 3075 2029 Tunc
3122 1976 3286 2029 etiam

1732 2057 2010 2127 Philippus
2036 2099 2051 2122 ,
2087 2074 2223 2113 unus
2246 2074 2311 2112 ex
2340 2059 2406 2112 iis
2441 2056 2527 2126 qui
2555 2076 2677 2114 cum
2710 2062 2983 2130 Stephano
3009 2064 3072 2118 ad
3102 2065 3283 2118 diaco-

1731 2158 1886 2202 natus
1920 2146 2149 2203 cilicium
2178 2148 2392 2205 fuerant
2436 2152 2617 2217 elscti,
2654 2152 2865 2220 fugiens
2907 2168 3025 2205 cum
3078 2155 3287 2209 caeteris

1731 2239 2032 2294 Samariam
2059 2242 2366 2306 descendit,
2396 2252 2451 2295 et
2478 2244 2656 2298 divina
2687 2245 2877 2312 plenus
2901 2246 3095 2299 virtute
3122 2287 3134 2310 ,
3166 2260 3285 2299 ver-

1728 2331 1852 2385 bum
1895 2331 1987 2385 Dci
2016 2333 2220 2399 primus
2253 2333 2443 2388 incolis
2473 2335 2757 2389 nuntiavit.
2803 2336 2974 2391 Tanta
3009 2355 3170 2407 porro
3202 2341 3284 2395 vis

1704 2420 1921 2487 divina:
1971 2424 2156 2491 gratia:
2201 2425 2297 2493 ipsi
2346 2426 2528 2478 aderat
2558 2465 2572 2487 ,
2626 2433 2680 2477 ut
2727 2424 3003 2480 Simonem
3073 2426 3279 2497 Magum

1728 2510 1967 2579 aliosque
2013 2512 2433 2570 innumerabiles
2474 2514 2946 2583 prmdicationibus
2979 2517 3090 2570 suis
3123 2518 3187 2571 ad
3225 2534 3283 2573 se

1726 2603 2072 2672 pertraxerit.
2092 2602 2192 2657 Hic
2222 2604 2406 2658 Simon
2435 2614 2565 2660 tunc
2595 2606 2851 2674 temporis
2880 2606 3281 2668 celeberrimus.
3316 2668 3319 2673 ,

1725 2702 1928 2746 tantam
1977 2696 2345 2751 auctoritatem
2399 2696 2623 2765 adeptus
2675 2708 2793 2751 erat
2828 2698 2966 2766 apud
3014 2714 3105 2752 eos
3149 2714 3285 2768 quos

1721 2790 2015 2859 praestigiis
2042 2790 2155 2844 suis
2191 2790 2495 2856 deceperat,
2538 2800 2595 2843 ut
2624 2806 2870 2859 magnam
2901 2790 2990 2844 Dei
3024 2792 3280 2846 Virtutem

1724 2878 1899 2947 ipsum
1938 2892 2055 2932 esse
2084 2878 2476 2933 existimarent.
2500 2879 2641 2933 Idem
2670 2891 2849 2933 tamen
2880 2881 3283 2951 obstupefactus

1671 2958 1681 2975 ⁹
1724 2967 1996 3021 miraculis
2043 2983 2159 3036 qua:
2189 2965 2460 3037 Philippus
2486 2969 2662 3021 divina
2705 2970 2899 3025 virtute
2923 2971 3282 3041 perpetrabat,

1725 3058 1915 3113 callide
1960 3059 2195 3127 irrepsit,
2226 3058 2494 3126 fidemque
2517 3060 2568 3112 in
2613 3060 2888 3114 Christum
2920 3062 3179 3116 hactenus
3207 3062 3281 3116 si-

1724 3149 1986 3213 mulavit,
2038 3160 2097 3203 ut
2144 3150 2467 3216 baptismum
2518 3151 2838 3219 susciperet.
2887 3152 3036 3219 Quod
3067 3155 3280 3222 quidem

1719 3238 2015 3292 etiamnum
2048 3239 2163 3292 fieri
2194 3241 2261 3292 ab
2309 3240 2396 3293 his
2424 3240 2511 3306 qui
2548 3242 2883 3295 teterrimam
2922 3244 3038 3312 ejus
3075 3254 3276 3298 sectam

1719 3330 2038 3397 profitentur
2088 3346 2191 3384 non
2250 3331 2366 3385 sine
2415 3331 2779 3386 admiratione
2826 3335 3132 3399 cernimus;
3183 3337 3274 3403 qui

1719 3435 1869 3473 more
1902 3423 2145 3487 parentis
2171 3423 2252 3475 sui
2282 3422 2334 3475 in
2373 3422 2668 3477 Ecclesium
2704 3434 2958 3492 tanquam
2994 3428 3157 3494 pestis
3183 3437 3278 3481 aut

1718 3510 1863 3577 lepra
1904 3511 2147 3579 quaedam
2200 3512 2496 3583 irrepentes
2522 3556 2537 3580 ,
2570 3516 2944 3583 gravissimum
2980 3514 3089 3589 40
3122 3517 3276 3571 dam-

1720 3617 1843 3653 num
1881 3602 2119 3656 inferunt
2158 3604 2225 3657 iis
2257 3604 2452 3671 quibus
2477 3607 2774 3673 pessimum
2804 3604 2932 3659 illud
2958 3617 3012 3661 et
3034 3608 3275 3663 immedi-

1716 3693 1892 3746 cubile
1924 3708 2190 3746 venenum
2221 3695 2362 3761 quod
2396 3695 2669 3749 mentibus
2715 3697 2989 3749 occultant
3017 3696 3274 3752 instillare

1714 3782 2009 3845 potuerint.
2049 3786 2127 3835 Ac
2180 3783 2417 3851 plerique
2444 3784 2553 3853 jam
2579 3800 2760 3837 eorum
2796 3786 2862 3838 ab
2894 3785 3132 3842 Ecclesia
3162 3787 3265 3857 eje-

1715 3872 1784 3923 cti
1818 3882 1959 3933 sunt,
1989 3886 2110 3951 cum
2147 3872 2297 3927 fraus
2338 3874 2581 3941 ipsorum
2620 3874 2831 3928 detecta
2865 3887 3009 3931 esset
3038 3895 3051 3933 :
3080 3891 3270 3944 quem-

1712 3962 1997 4015 admodum
2047 3962 2233 4016 Simon
2264 3977 2475 4030 quoque
2507 3964 2621 4030 ipse
2672 3980 2701 4016 a
2732 3964 2894 4019 Petro
2928 3968 3139 4020 tandem
3171 3967 3269 4022 de-

1712 4052 2012 4117 prehensus
2038 4050 2246 4105 debitas
2274 4066 2463 4120 pmuas
2485 4053 2649 4107 dedit.
2670 4054 2839 4108 Porro
2872 4070 2995 4109 cum
3016 4056 3271 4112 salutaris

1711 4144 1987 4214 Evangelii
2044 4144 2355 4212 prtedicatio
2398 4138 2571 4198 'novis
2625 4145 2867 4213 quotidie
2918 4146 3269 4201 incrementis

1691 4243 2020 4305 ,augesceret
2041 4274 2056 4298 ,
2082 4236 2260 4289 divina
2294 4236 2627 4303 providentia
2659 4238 2945 4305 quemdam
2978 4237 3267 4307 ex‘proce-

1712 4329 1859 4381 ribus
1894 4327 2204 4398 Ethiopum
2240 4329 2436 4398 reginae
2468 4328 2518 4381 in
2566 4325 2801 4382 Iudaeam
2831 4329 3085 4382 adduxit:
3110 4331 3268 4399 quip-

57 4420 185 4477 τριον
215 4409 340 4473 ἔθος
374 4410 480 4487 ὑπὸ
502 4410 754 4477 γυναικὸς
772 4409 864 4461 τοῦ
894 4409 1075 4471 ἔθνους
1094 4411 1257 4463 εἰσέτι
1295 4412 1388 4465 νῦν
1452 4413 1602 4482 βασι-

1719 4434 1775 4488 pe
1805 4419 1974 4473 moris
2012 4430 2096 4472 est
2122 4419 2421 4472 etiamnum
2454 4416 2559 4471 illis
2602 4418 2851 4486 gentibus
2881 4420 3127 4474 muliebri
3160 4419 3264 4473 im-

54 4494 357 4569 λευομένου)
387 4482 653 4568 δυνάστην
678 4516 690 4527 ·
724 4498 781 4551 δν
812 4488 1023 4568 πρῶτον
1055 4499 1112 4564 ἐξ
1141 4500 1306 4552 ἐθνῶν
1340 4502 1472 4572 πρὸς
1508 4504 1601 4555 τοῦ
1665 4522 1670 4531 λ

58 4585 303 4641 Φιλίππου
343 4589 414 4641 δι’
442 4588 763 4657 ἐπιφανείας
791 4588 857 4641 τὰ
901 4590 992 4641 τοῦ
1054 4590 1195 4643 θείου
1238 4592 1391 4661 λόγου
1444 4595 1601 4665 δργια

56 4682 399 4751 μετασχόντα,
450 4681 560 4733 τῶν
619 4698 677 4732 τε
728 4681 829 4732 ἀνὰ
882 4680 975 4749 τὴν
1023 4684 1340 4752 οἰκουμένην
1396 4687 1600 4738 πιστῶν

55 4769 283 4842 ἀπαρχὴν
323 4774 635 4841 γενόμενον,
663 4774 874 4844 πρῶτον
914 4775 1125 4843 κατέχει
1166 4776 1320 4843 λόγος
1366 4779 1457 4829 ἐπὶ
1508 4778 1603 4849 τὴν

51 4860 257 4927 πάτριον
316 4862 783 4932 παλινοστήσαντα
840 4864 962 4933 γῆν.
1015 4865 1457 4932 εὐαγγελίσασθαι
1504 4870 1599 4937 τὴν

50 4947 127 4997 τοῦ
150 4951 255 5001 τῶν
285 4950 429 5003 ὅλων
459 4952 591 5005 Θεοῦ
620 4952 835 5020 γνῶσιν,
869 4955 962 5007 καὶ
991 4954 1087 5023 τὴν
1126 4944 1385 5016 ζωοποιὸν
1408 4960 1486 5018 εἰς
1513 4960 1598 5010 ἀν-

46 5036 277 5105 em;
311 5041 413 5093 τοῦ
439 5041 688 5113 Σωτῆρος
711 5043 867 5113 ἡμῶν
891 5044 1199 5113 ἐπιδημίαν,
1262 5046 1405 5115 ἔργῳ
1456 5047 1593 5117 πλη-

48 5127 296 5197 ρωθείσης
338 5130 407 5181 δι’
434 5131 599 5183 αὑτοῦ
630 5134 745 5202 τῆς,
785 5152 804 5183 ‹
834 5135 1084 5186 Αἰθιοπία
1114 5136 1414 5205 προφθάσει
1437 5140 1593 5207 χεῖρα

48 5218 191 5287 ιύτῆς
211 5217 295 5286 τῷ
319 5218 465 5286 Θεῷ.
505 5239 522 5269 ι
562 5222 914 5293 περιεχούσης
943 5226 1294 5295 προφητείας.
1335 5228 1453 5279 Ἐπὶ
1473 5228 1593 5282 τού-

48 5319 135 5368 tu;
160 5305 383 5367 Παῦλος
412 5305 475 5356 τὺ
506 5307 602 5373 τῆς
623 5310 851 5379 ἐκλογῆς
877 5312 1086 5375 σκεῦος,
1140 5315 1237 5367 οὐκ
1282 5316 1342 5382 ἐξ
1386 5316 1592 5387 ἀνθρώ-

68 5399 105 5430 ¹⁷
132 5399 276 5453 Psal.
306 5413 482 5451 ιινιι.
898 5404 903 5409 ‘

94 5490 201 5568 (9t),
228 5488 402 5568 Matr}
428 5456 729 5568 πβείστων
752 5495 964 5562 ἐτέρων
1272 5500 1441 5568 Magis
1468 5507 1586 5565 pta-

48 5570 111 5614 tet
135 5556 343 5632 nec,ro
363 5556 991 5632 codicumbostro'rnui.
1024 5556 1298 5628 Xazarini
1353 5556 1584 5632 scilicet,

48 5633 183 5708 llud.1
204 5622 459 5708 ac
482 5626 760 5708 S'aviliaui,
792 5632 926 5698 μετὰ
949 5622 1212 5690 πλείστων
1243 5637 1447 5708 ἀνδρῶν
1475 5622 1588 5698 τοῖς

50 5700 95 5749 ιζ.
105 5701 186 5754 τοῦ
204 5702 397 5768 λόγοις
406 5692 678 5763 ἑλχθῆναι.

394 5787 666 5846 Puncta
699 5785 813 5845 Gs.
857 5787 989 5849 XX.

1710 4514 1861 4582 perio
1877 4511 2186 4580 gubernari.
2206 4509 2307 4575 Qui
2341 4524 2462 4564 cum
2495 4524 2525 4562 a
2551 4507 2798 4577 Philippo
2823 4510 3032 4564 caelesti
3062 4511 3265 4565 visione

1710 4604 1985 4657 admonito
2010 4602 2215 4670 primus
2244 4616 2312 4653 ex
2338 4599 2591 4669 gentibus
2629 4599 2791 4653 divini
2821 4599 2981 4655 Verbi
3010 4601 3261 4670 mysteria

1707 4690 2039 4759 percepisset
2066 4728 2084 4755 ,
2115 4689 2277 4742 totius
2306 4688 2454 4742 orbis
2499 4688 2731 4741 fidelium
2766 4689 3016 4756 primitia:
3044 4688 3214 4742 factus
3242 4704 3258 4751 ;

1707 4780 1831 4832 inde
1862 4780 1913 4831 in
1940 4779 2169 4847 patriam
2208 4792 2481 4841 reversus,
2516 4778 2610 4833 Dei
2649 4778 2897 4831 notitiam
2929 4787 2982 4831 et
3009 4778 3260 4831 Servato-

1705 4872 1781 4923 ris
1809 4870 1975 4924 nostri
2004 4869 2293 4923 salutarem
2323 4868 2375 4921 in
2406 4878 2581 4921 terras
2600 4868 2881 4937 adventum
2902 4869 3103 4933 primus
3128 4881 3257 4933 prae-

1704 4959 1915 5011 dicasse
1962 4956 2155 5011 fertur.
2192 4958 2367 5026 Atque
2399 4957 2471 5007 ita
2503 4971 2599 5025 per
2645 4955 2819 5024 ipsum
2874 4955 3137 5020 completa
3170 4963 3254 5008 est

1698 5048 1978 5118 propheta:
2008 5048 2285 5115 praedictio
2334 5062 2455 5114 quae
2505 5048 2584 5099 sic
2629 5046 2789 5099 habet
2837 5060 2852 5097 :
2913 5062 2931 5094 ι
2977 5045 3249 5111 Αείιίιὶορίιι

1697 5134 1993 5205 praeveniet
2028 5151 2247 5189 manum
2270 5136 2387 5205 ejus
2414 5136 2525 5188 Deo
2546 5135 2614 5185 ³⁷.
2648 5152 2665 5184 ι
2705 5133 2914 5186 Interea
2928 5133 3253 5199 Paulus,vas

1698 5226 1830 5278 illud
1857 5224 2135 5278 electionis
2162 5264 2177 5287 .
2214 5240 2318 5279 non
2348 5242 2412 5279 ex
2464 5222 2767 5278 hominibus
2810 5235 2911 5272 nec
2954 5234 3047 5287 per
3081 5221 3254 5276 humi-

1699 5330 1794 5368 nes
1821 5354 1837 5380 ,
1869 5316 1963 5367 sed
1993 5328 2090 5382 per
2122 5316 2508 5369 revelationem
2535 5313 2658 5369 Jesu
2691 5308 2909 5373 Christi,
2943 5319 2999 5361 et
3029 5309 3125 5365 Dei
3152 5309 3253 5365 Pa-

1765 5496 1887 5567 (91)
1917 5495 2141 5567 Ὀποῖρι
2162 5497 2490 5567 magster.
2532 5496 2772 5567 Quatuor
2798 5495 2968 5567 nostri
3013 5498 3246 5561 codices.

1696 5560 2018 5630 Ma‘zariuus,
2047 5564 2215 5630 Med.,
2242 5560 2376 5620 Fuit.
2429 5581 2491 5618 ac
2526 5563 2691 5616 Savil.
2746 5563 3004 5630 scriptum
3047 5560 3252 5623 habent

1698 5632 1872 5687 ὁποῖοί
1900 5649 2041 5696 τινες
2087 5629 2247 5703 ἦσαν.
2280 5635 2422 5701 quod
2448 5633 2644 5703 rectius
2674 5629 2903 5703 videtur.
2960 5634 3049 5691 Sic
3103 5652 3244 5694 enim

1701 5704 1855 5772 paulo
1872 5714 1991 5771 post
2010 5696 2588 5770 ᾱὶοἶιέκατάφωραθείς
2616 5699 2683 5779 ὃς¹
2703 5696 2793 5766 ἦν,

2845 5792 2883 5853 5
