3996 6342
581 318 684 375 145

1273 321 1536 377 EUSEBH
1574 320 2043 377 CJESARIENSIS
2081 319 2230 375 OPP.
2274 318 2451 399 PARS
2488 318 2527 375 Ι.
2568 351 2636 359 —
2674 318 3052 376 l‘llSTORlCA.

3666 327 3753 381 Hi

564 438 710 497 Vicos
742 437 979 492 ecclesiae
1027 439 1231 493 infinita
1265 441 1538 495 hominum
1562 441 1896 495 multitudine
1937 444 2075 495 abun

2181 439 2343 507 ,δῆτα
2373 416 2475 491 ἀνὰ
2505 440 2683 501 πάσας
2725 438 2903 502 πόλεις
2941 457 3002 491 τε
3041 440 3133 491 καὶ
3182 436 3390 508 κώμας,
3427 436 3755 511 πληθυούσης

567 528 774 593 dantes,
800 526 949 579 velut
978 541 1117 581 areae
1155 529 1397 595 quaedam
1430 529 1674 598 frugibus
1708 530 1815 601 42
1846 530 2057 583 referta:
2085 569 2101 593 ,

562 616 713 669 brevi
741 628 1079 687 congregata:
1118 629 1272 673 sunt-
1294 619 1359 672 Et
1380 622 1469 688 qui
1502 631 1792 691 propagato
1823 637 1851 673 a
1890 618 2106 687 majori-

566 704 662 756 bus
686 717 893 771 errore,
929 708 1306 774 superstitioso
1341 708 1639 763 daemonum
1667 709 1812 763 cultu
1834 711 1985 778 quasi
2015 724 2104 762 ve-

560 802 702 848 tusto
726 797 954 862 quodam
983 799 1166 850 morbo
1194 799 1473 853 constricti
1501 800 1841 866 tenebantur,
1874 802 1923 853 bi
1944 801 2100 854 Chri—

560 886 629 938 sti
659 886 857 961 virtute
878 902 971 953 per
990 888 1433 963 praedicationem
1466 889 1626 943 simul
1658 900 1713 944 et
1744 890 1998 944 miracula
2022 892 2103 944 di-

560 963 1391 1049 scipulorunfipsius‘;tanquam
1437 996 1465 1031 a
1516 981 1824 1036 smvissimis
1875 982 2102 1036 dominis

557 1066 769 1121 liberati
795 1076 847 1121 et
879 1069 1211 1137 gravissimis
1239 1073 1463 1127 vinculis
1492 1073 1689 1135 soluti,
1732 1074 1949 1128 deormu
1972 1076 2101 1143 qui-

552 1159 678 1211 dem
712 1160 919 1212 turbam
968 1174 995 1211 a
1034 1165 1365 1218 daemonibus
1414 1164 1677 1218 invectam
1735 1165 2097 1232 respuebant,

555 1264 734 1301 uitium
770 1259 955 1303 autem-
1000 1250 1163 1305 Deum
1216 1268 1337 1308 esse
1366 1254 1602 1309 omnium
1649 1269 1823 1308 rerum
1857 1254 2097 1322 opificem

557 1338 970 1393 confitebantur.
1028 1341 1197 1407 Quem
1247 1344 1461 1410 quidem
1509 1343 1677 1396 sacris
1702 1358 1842 1397 vera:
1887 1347 2099 1411 pietatis

464 1466 475 1478 .
555 1429 767 1491 ritibus,
799 1444 893 1498 per
919 1431 1149 1485 divinam
1180 1434 1581 1501 modestamque
1608 1433 1917 1501 religionem
1940 1449 2097 1500 quam

555 1518 809 1573 Servator
840 1530 1021 1574 noster
1059 1524 1111 1574 in
1162 1523 1453 1577 humanum
1476 1539 1645 1593 genus
1674 1523 1977 1588 invexerat,
2010 1540 2097 1579 co-

553 1609 753 1664 lebant.
779 1609 915 1663 Cum
945 1627 1071 1680 ergo
1100 1613 1187 1667 Dei
1225 1614 1409 1680 gratia
1443 1613 1552 1681 jam
1596 1615 1649 1668 in
1684 1616 1918 1681 reliquas
1963 1631 2097 1684 quo-

552 1716 657 1768 que
699 1702 941 1755 nationes
987 1718 1102 1757 sese
1130 1701 1474 1770 diffunderet,
1529 1707 1835 1774 primusque
1872 1707 1922 1758 in
1964 1706 2093 1759 urbe

2208 528 2408 590 ἅλωνος
2460 529 2643 599 δίκην,
2678 530 2987 601 μυρίανδροι
3031 532 3124 582 καὶ
3171 531 3514 600 παμπληθεῖς
3555 530 3756 603 ἀθρόως

2208 619 2488 690 ἐκκλησίαι
2515 624 2948 692 συνεστήκεισαν.
2966 622 3103 677 Οἴτε
3130 625 3193 673 ἐκ
3215 622 3491 693 προγόνων
3519 622 3754 693 διαδοχῆς

2205 709 2298 762 καὶ
2329 709 2431 779 τῆς
2459 710 2716 763 ἀνέκαθεν
2752 711 2976 781 πλάνης,
3019 712 3222 782 παλαιᾷ
3254 712 3392 781 νόσῳ
3432 712 3753 782 δεισιδαιμο-

2204 801 2321 863 νίας
2352 799 2580 853 εἰδώλων
2614 802 2709 864 τὰς
2738 801 2913 872 ψυχὰς
2961 802 3342 872 πεπεδημένοι,
3373 802 3509 873 πρὸς
3540 803 3641 869 τῆς
3664 801 3752 855 τοῦ

2202 891 2437 964 Χριστοῦ
2465 892 2740 963 δυνάμεως
2772 893 2856 966 διά
2904 894 2999 961 τῆς
3046 892 3152 945 τῶν
3180 893 3445 963 φοιτητῶν
3486 892 3650 947 αὑτοῦ
3680 892 3753 946 δια

2200 984 2491 1047 δασκαλίας
2536 1002 2594 1036 τε
2628 984 2760 1054 ὁμοῦ
2807 985 2899 1036 καὶ
2937 986 3404 1053 παραδοξοποιῒας,
3439 984 3625 1053 ὥσπερ
3654 982 3754 1035 δει-

2199 1074 2303 1127 νῶν
2334 1073 2602 1127 δεσποτῶν
2634 1074 3054 1143 ἀπηλλαγμένοι,
3084 1074 3322 1144 εἱργμῶν
3364 1092 3423 1126 τε
3447 1073 3754 1143 χαλεπωτά-

2197 1181 2304 1217 των
2333 1165 2407 1235 (2)
2437 1164 2586 1217 λύσιν
2611 1164 2914 1234 εὑράμενοι,
2944 1165 3119 1233 πάσης
3160 1166 3255 1234 μὲν
3286 1165 3599 1235 δαιμονικῆς
3627 1180 3753 1215 κατ-

2199 1254 2391 1307 ἐπτυον
2434 1253 2736 1314 πολυθεῖας,
2800 1236 2895 1307 ἕνα
2936 1254 2991 1306 δὲ
3035 1255 3189 1324 μόνον
3221 1252 3356 1307 εἶναι
3398 1255 3526 1308 Θεὸν
3553 1254 3753 1325 ὡμολό-

2198 1362 2323 1412 γουν
2354 1344 2444 1397 τὸν
2471 1344 2577 1397 τῶν
2614 1344 2936 1414 συμπάντων
2977 1344 3318 1415 δημιουργὸν,
3352 1346 3537 1399 τοῦτόν
3568 1362 3628 1397 τε
3661 1344 3754 1397 αὐ-

2196 1435 2283 1486 τὸν
2303 1434 2520 1503 θεσμοῖς
2550 1433 2776 1503 ἀληθοῦς
2807 1432 3173 1495 εύσεόείαςδι’
3203 1434 3382 1488 ἐνθέου
3422 1436 3511 1487 καὶ
3540 1434 3752 1505 σώφρο-

2196 1539 2281 1584 νος
2313 1521 2611 1590 θρησκείας
2643 1522 2740 1590 τῆς
2772 1522 2873 1573 ὑπὸ
2903 1521 2995 1573 τοῦ
3040 1523 3285 1593 Σωτῆρος
3323 1524 3477 1593 ἡμῶν
3525 1524 3603 1593 τῷ
3647 1523 3752 1576 τῶν

2194 1611 2489 1683 ἀνθρώπων
2526 1610 2624 1680 βίῳ
2649 1611 3085 1681 κατασπαρείσης
3116 1614 3414 1683 ἐγέραιρον.
3458 1613 3614 1665 Ἀλλὰ
3645 1613 3751 1684 γὰρ

2195 1707 2289 1775 τῆς
2313 1703 2529 1774 χάριτος
2560 1701 2655 1772 ἤδη
2682 1701 2960 1771 τῆς.θείας
2989 1704 3081 1754 καὶ
3104 1703 3194 1755 ἐπὶ
3218 1704 3283 1755 τὰ
3310 1704 3468 1757 λοιπὰ
3488 1705 3750 1776 χεομὲνης
3842 1764 3847 1771 ν

552 1788 857 1844 Palaestinae
882 1791 1125 1845 Cmsarea
1154 1794 1434 1847 Cornelius
1459 1804 1577 1847 cum
1624 1796 1869 1849 universa
1900 1795 2082 1848 familia

2196 1793 2339 1863 ἔθνη,
2374 1793 2467 1845 καὶ
2514 1791 2727 1861 πρώτου
2765 1792 2853 1861 μὲν
2902 1790 3039 1843 κατὰ
3085 1792 3180 1861 τὴν
3230 1792 3337 1843 τῶν
3383 1793 3750 1847 Παλαιστινῶν

550 1880 753 1934 visione
782 1882 1015 1950 quadam
1044 1884 1217 1936 divina
1245 1882 1499 1952 Petrique
1536 1885 1835 1938 ministerio
1861 1885 2016 1938 fidem
2039 1886 2093 1943 in

548 1971 816 2023 Christum
852 1983 996 2026 esset
1019 1974 1317 2041 amplexus,
1348 1985 1401 2028 et
1431 1975 1736 2043 complures
1755 1976 1845 2030 alii
1874 1992 1937 2030 ex
1962 1992 2089 2045 gen-

548 2063 730 2117 tilibus
756 2064 1049 2118 Antiochiae
1080 2066 1216 2118 idem
1248 2063 1522 2129 fecissent,
1564 2066 1759 2135 quibus
1785 2068 2008 2140 dispersi
2035 2067 2090 2120 in

546 2154 635 2207 illa
699 2153 952 2222 Stephani
1009 2156 1379 2223 persecutione
1422 2157 1669 2225 discipuli
1718 2158 1939 2220 verbum
1997 2158 2086 2211 Dei

544 2246 961 2313 praedicaverant
995 2264 1007 2298 :
1046 2244 1266 2301 florente
1309 2259 1417 2301 tum
1442 2257 1501 2302 et
1536 2250 1745 2317 vigente
1793 2242 2085 2300 Antioche-

544 2352 729 2391 norum
763 2338 1250 2407 Ecclesia,.in,qua
1289 2340 1505 2409 plurimi
1565 2341 1725 2394 simul
1778 2340 2084 2407 congregati

541 2427 780 2491 aderant,
821 2438 928 2479 tum
962 2430 1028 2503 ab
1054 2427 1435 2499 Hierosolymis
1466 2434 1739 2497 prophetae
1770 2432 2083 2497 quibuscum

540 2514 736 2572 Paulus
778 2520 876 2572 fuit
911 2529 964 2573 ct
1000 2520 1292 2585 Barnabas,
1344 2530 1453 2573 tum
1504 2521 1593 2573 alii
1629 2521 1823 2573 fratres
1861 2536 2085 2576 numero

541 2610 679 2660 haud
705 2611 879 2677 pauci,
906 2610 1339 2665 Christianorum
1373 2625 1565 2664 nomen
1593 2612 1665 2664 ibi
1697 2622 1821 2663 tunc
1858 2613 2082 2679 primum

540 2708 791 2766 tanquam
833 2716 897 2754 ex
947 2717 1162 2756 amomo
1203 2717 1265 2755 ac
1316 2703 1547 2757 fecundo
1580 2703 1781 2769 cespite
1837 2712 2083 2756 exortum

494 2850 499 2855 γ
540 2799 643 2842 est.
693 2790 802 2843 Sub
856 2792 904 2843 id
952 2802 1156 2861 tempus
1190 2794 1403 2862 Agabus
1432 2794 1644 2861 quidem
1682 2809 1817 2847 unus
1865 2808 1923 2846 ex
1964 2807 2085 2859 pro-

538 2882 713 2948 phetis
747 2883 835 2946 qui
886 2884 993 2936 illic
1022 2888 1264 2947 aderant,
1298 2884 1490 2937 famem
1535 2885 1768 2938 futuram
1798 2886 2078 2953 praedixit:

539 2972 734 3026 Paulus
757 2988 885 3025 vero
940 2982 991 3025 ct
1030 2973 1300 3027 Barnabas
1348 2973 1772 3045 Hierosolymam
1828 2974 2081 3028 destinati

540 3073 686 3125 sunt,
715 3074 770 3115 ut
803 3064 1026 3116 fratrum
1056 3055 1329 3131 penuriam
1359 3081 1455 3120 suo
1493 3066 1788 3119 ministerio
1836 3065 2082 3120 subleva-
2108 3102 2147 3155 Ο

540 3167 674 3207 “illi.

614 3340 690 3409 (ἓ)
730 3338 1000 3408 ΕΙργμῶν
1048 3355 1109 3391 τε
1156 3335 1601 3409 χαλεπωτάτων.
1632 3336 1849 3407 Εἱρμῶν
1893 3335 2080 3409 legitur

537 3406 679 3476 apud
722 3406 1111 3476 Nicephorum,
1154 3411 1239 3474 qni
1272 3408 1557 3460 Eusebium
1595 3421 1833 3459 nostrum
1878 3406 2079 3476 exscri-

538 3473 661 3540 psit.
694 3489 749 3531 ut
784 3473 933 3530 solet.
964 3477 1016 3529 In
1051 3479 1296 3529 erunibus
1329 3486 1503 3527 tamen
1550 3477 1744 3527 nostris
1784 3473 2074 3530 codicibus,

540 3549 702 3613 Regio
741 3547 963 3601 scilicet.
998 3546 1154 3608 Maz.,
1182 3545 1317 3599 Med.
1348 3561 1409 3597 ac
1442 3544 1569 3597 Fuit.
1605 3546 1860 3613 scriptum
1897 3542 2077 3596 inveni

534 3617 792 3686 εἱργμῶν,
815 3633 941 3686 quae
970 3618 1125 3686 lectio
1147 3618 1271 3686 _sinc
1296 3615 1457 3686 dubio
1488 3614 1811 3686 prcherenda
1848 3623 1949 3665 est.

606 3680 680 3748 (ὃ)
731 3680 875 3748 Vulg.
916 3685 1062 3732 κατὰ
1099 3683 1207 3745 τὴν
1254 3682 1370 3733 τῶν
1415 3680 1828 3734 Πιὶλαιστιίνῶν
1867 3684 2081 3735 Καισά-

527 3768 714 3819 ρειαν.
744 3751 920 3803 Nostri
946 3750 1175 3819 codices.
1204 3748 1357 3810 Maz.,
1389 3750 1520 3804 Med.
1549 3768 1610 3803 ac
1642 3751 1793 3812 Fnk.,
1824 3754 2077 3819 scriptum'

533 3822 785 3872 exhibent
820 3820 954 3871 κατὰ
988 3818 1081 3888 τὴν
1116 3820 1481 3872 Παλαιστινῶν
1503 3821 1851 3889 Καισάρειαν,
1883 3818 2079 3875 rectius

534 3905 653 3961 ineo
683 3890 893 3954 quidem
914 3889 1135 3961 judicio.
1173 3890 1453 3943 Dicebatur
1483 3892 1622 3943 enim
1652 3894 1684 3961 ἡ
1714 3892 2076 3945 Παλαιστινῶν

532 3960 866 4028 Καισάρεια,
911 3970 968 4011 ut
1010 3959 1139 4010 alibi
1177 3961 1411 4013 occurrit
1460 3962 1595 4026 apud
1638 3959 1923 4014 Eusebium
1975 3978 2073 4015 no-

531 4040 722 4092 strum,
754 4028 819 4079 ad
852 4028 1138 4097 discrimen
1162 4028 1415 4081 Caasareae
1438 4028 1664 4097 Philippi
1695 4046 1813 4097 quae
1842 4032 1893 4083 in
1920 4030 2076 4085 Plite-

532 4099 649 4149 nice
679 4101 778 4150 sita
826 4108 959 4147 erat.
1002 4096 1139 4149 Leve
1182 4098 1397 4164 quidem
1435 4100 1485 4151 id
1527 4096 1800 4153 nonnullis
1850 4101 2077 4155 fortasse

530 4166 813 4218 videbitur.
848 4167 949 4217 Sed
980 4181 1077 4217 nos
1113 4167 1163 4217 in
1196 4167 1294 4218 hac
1328 4179 1508 4220 nostra
1543 4170 1795 4227 editione.
1827 4171 1959 4221 nihil
1989 4186 2086 4223 eo-

532 4249 647 4306 rum
673 4251 789 4300 qu:e
831 4234 885 4306 in
916 4236 1292 4306 manuscriptis
1321 4238 1594 4289 codicibus
1623 4250 1909 4291 occurrunt
1940 4254 2076 4306 prae-

530 4302 1112 4377 terire_ronstituimus,
1138 4319 1247 4369 quo
1274 4304 1454 4356 lectori
1489 4307 1813 4373 diligentiam
1840 4302 2074 4377 qosiram

529 4370 905 4438 approlwtius.

600 4440 684 4511 (4)_
702 4437 854 4503 Vulg.
885 4438 981 4511 ᾁπ⁸
1004 4440 1295 4511 εὐθαλοῦς
1317 4440 1411 4511 καὶ
1440 4443 1679 4507 γονίμου
1702 4443 1830 4508 γῆς.
1859 4443 1933 4494 Ita
1958 4443 2075 4511 qui-

527 4509 646 4561 dem
675 4508 864 4575 l'gitnr
900 4508 954 4557 in
985 4507 1168 4560 codice
1204 4508 1389 4573 Regio,
1420 4525 1576 4575 quem
1609 4522 1822 4562 secutus
1853 4521 1933 4563 est
1959 4507 2075 4563 Ste-

525 4579 766 4647 phanqs.
805 4576 1139 4647 Sedureliqui
1169 4578 1414 4647 codices,
1433 4578 1567 4633 Maz.
1596 4578 1817 4647 scilicet,
1841 4593 1901 4631 ac
1936 4578 2070 4631 Med.

525 4645 646 4716 cum
674 4645 807 4697 Fnlt.
841 4654 891 4716 et
918 4645 1083 4695 Savil.
1116 4646 1376 4716 scriptum
1406 4646 1602 4716 habent
1624 4646 1844 4716 γονίμου
1872 4650 2069 4716 πηγῆς.

524 4715 632 4769 Nec
663 4717 817 4767 aliter
849 4715 899 4765 in
946 4714 1238 4779 exemplari
1284 4728 1382 4765 suo
1414 4714 1610 4784 legerat
1647 4713 1975 4784 Rulinus,'ut
2008 4713 2074 4768 ex

523 4789 642 4848 eius
667 4771 1118 4848 interpretatione
1138 4771 1579 4849 colligimusfSic
1602 4786 1743 4835 enim
1770 4771 1926 4837 vertit
1954 4808 1962 4837 :
1996 4785 2073 4836 Ibi

522 4865 746 4916 primum
789 4850 1023 4912 discipuli
1052 4851 1205 4900 veluti
1245 4851 1453 4915 perenni
1494 4850 1634 4913 fonte
1679 4856 1882 4913 sumpto
1918 4862 2069 4899 voca-

523 4915 643 4969 bulo
668 4918 917 4985 appellati
952 4928 1069 4969 sunt
1106 4915 1413 4969 Christ-uni.
1449 4918 1544 4971 Ubi
1581 4928 1752 4968 tamen
1801 4918 2066 4968 lubentius

526 4988 749 5049 legerim
792 4987 925 5039 velut
952 5004 977 5039 e
1010 4987 1219 5051 percurri
1244 4988 1390 5051 [ante
1415 4996 1615 5048 sumpto
1640 4987 1903 5036 vocabulo.
1934 4985 2064 5036 Nam

522 5055 778 5120 inﬁrmae
806 5070 886 5109 est
920 5056 1102 5125 ὥσπερ
1129 5054 1486 5116 ἀπέὺθιλοῦς
1514 5056 1604 5107 καὶ
1620 5056 1835 5123 γονίμου
1862 5054 2061 5121 πηγῆς.

522 5126 793 5177 Moturum
835 5137 1010 5178 autem
1046 5128 1184 5177 hanc
1231 5126 1568 5191 scripturam,
1602 5126 1633 5176 ii
1685 5127 1771 5189 qui
1812 5126 1913 5176 sibi
1948 5140 2066 5190 per-

524 5207 801 5253 suaserant
824 5194 1020 5263 εὑῦαλῆ
1046 5204 1095 5247 et
1119 5195 1338 5262 γόνιμον
1362 5194 1463 5245 dici
1494 5210 1596 5245 non
1626 5208 1779 5261 posse
1802 5195 1866 5245 de
1895 5194 2061 5263 fonte.

522 5266 781 5315 Cieternm
822 5260 1251 5319 Christianorum
1278 5263 1591 5314 vocabulum
1632 5260 1934 5329 principatu
1970 5260 2061 5312 Τι-

524 5329 658 5381 berii
693 5334 921 5399 primum
978 5334 1095 5385 orbi
1146 5333 1440 5383 innotuissc
1482 5342 1700 5383 testatur
1737 5334 1897 5384 etiam
1934 5331 2064 5381 'l‘cr-

528 5400 773 5471 tullianus
812 5404 863 5454 in
898 5404 1244 5471 Apologelico,
1285 5400 1434 5466 cujus
1495 5400 1665 5453 locqu
1712 5402 1760 5453 in
1797 5400 2057 5467 superiori

525 5470 697 5531 capite
734 5472 954 5523 adduxit
986 5470 1262 5523 EuSubius.

594 5534 667 5600 (5')
705 5539 936 5605 Παῦλος
959 5540 1026 5592 δὲ
1049 5540 1144 5595 καὶ
1179 5537 1503 5605 Βαρνάϐας.
1531 5538 1686 5591 Nullo
1713 5539 1866 5591 modo
1893 5538 1942 5588 in
1974 5535 2032 5587 Ti
2052 5564 2063 5573 -

524 5600 656 5679 berii
699 5600 929 5679 tempora
967 5613 1155 5679 cadere
1194 5600 1368 5679 potest
1403 5600 1515 5679 haec
1554 5609 1725 5679 Pauli
1749 5608 2055 5673 Hierosoly-

523 5676 720 5723 nntnna
761 5678 1033 5741 profectio.
1083 5676 1211 5732 Nam
1268 5676 1443 5732 Lucas
1491 5678 1542 5731 in
1592 5676 1813 5732 Actibus
1862 5679 2057 5730 diserte

2196 1885 2524 1954 Καισάρειαν
2544 1884 2616 1953 (3)
2654 1883 2947 1953 Κορνηλίου
2991 1882 3085 1936 σὺν
3112 1883 3215 1951 ὅλῳ
3245 1882 3321 1953 τῷ
3351 1884 3480 1950 οἴκῳ
3515 1884 3582 1935 δι’
3628 1887 3749 1937 ἐπι-

2193 1970 2413 2037 φανείας
2440 1970 2710 2039 Θειοτέρας
2744 1966 3038 2039 ὑπουργίας
3065 1986 3124 2021 τε
3157 1970 3383 2041 Πέτρου,
3424 1971 3518 2041 τὴν
3549 1975 3627 2035 είς
3655 1974 3748 2026 τὸν

2191 2061 2417 2130 Χριστὸν
2460 2062 2639 2112 πίστιν
2670 2060 3119 2129 καταδεξαμένου,
3154 2061 3414 2113 πλείστων
3443 2079 3501 2114 τε
3533 2066 3629 2115 καὶ
3652 2064 3748 2117 ἆλ-

2189 2152 2293 2204 λων
2332 2142 2414 2203 ἐπ’
2460 2151 2782 2221 Ἀντιοχείας
2824 2151 3104 2221 Ἑλλήνων,
3140 2148 3218 2213 οἷς
3252 2155 3298 2203 οἱ
3349 2152 3485 2205 κατὰ
3528 2154 3618 2206 τὸν
3648 2154 3745 2207 τοῦ

2189 2243 2453 2309 Στεφάνου
2486 2242 2717 2311 διωγμὸν
2749 2242 3132 2312 διασπαρέντες
3163 2244 3450 2313 ἐκήρυξαν,
3477 2245 3745 2316 ἀνθούσης

2185 2334 2307 2403 ἄρτι
2339 2335 2430 2385 καὶ
2464 2332 2806 2404 πληθυούσης
2842 2334 2938 2402 τῆς
2972 2332 3109 2385 κατὰ
3153 2334 3471 2402 Ἀντιόχειαν
3518 2336 3746 2407 Ἐκκλη-

2188 2426 2325 2487 σίας,
2360 2427 2415 2477 ἐν
2455 2425 2633 2495 ταύτῷ
2664 2442 2723 2476 τε
2751 2425 3119 2495 ὲπιπαρόντων
3160 2425 3421 2477 πλείστων
3467 2427 3604 2480 ὅσων
3630 2429 3735 2484 τῶν

2185 2533 2239 2567 τε
2273 2518 2379 2569 ἀπὸ
2411 2515 2788 2586 Ἰεροσολύμων
2816 2516 3126 2586 προφητῶν,
3159 2518 3250 2569 καὶ
3282 2521 3375 2570 σὺν
3400 2520 3581 2581 αὐτοῖς
3598 2521 3744 2591 Βαρ-

2185 2609 2319 2660 νάϐα
2355 2610 2445 2661 καὶ
2483 2603 2715 2668 Παύλου,
2768 2608 2952 2678 ἑτέρου
2998 2626 3056 2660 τε
3111 2608 3343 2678 πλήθους
3384 2611 3476 2661 ἐπὶ
3526 2611 3743 2675 τούτοις

2184 2698 2441 2766 ἀδελφῶν,
2508 2701 2540 2769 ἡ
2589 2700 2927 2769 Χρ.στιανῶν
2985 2700 3317 2770 προσηγορία
3359 2702 3478 2753 τότε
3524 2688 3745 2770 πρῶτοῦ

2178 2788 2364 2841 αὐτόοι
2391 2788 2575 2859 ῶσπερ
2594 2788 2673 2840 ἀπ
2688 2784 3298 2860 ἐύθαλοῦςκαὶγονίμου
3313 2791 3487 2862 πηνῆς
3502 2791 3577 2864 (4)
3602 2792 3737 2843 ἁναο

2174 2883 2393 2935 δίδοται.
2441 2882 2549 2934 Καὶ
2592 2881 2823 2949 ’Ἄγαϐος
2853 2881 2971 2950 μὲν,
3006 2876 3085 2943 εἷς
3114 2881 3219 2932 τῶν
3253 2881 3511 2933 συνόντων
3551 2883 3740 2945 αὐτοῖς

2184 2974 2493 3044 προφητῶν,
2521 2976 2647 3043 περὶ
2672 2974 2761 3025 τοῦ
2791 2973 2998 3042 μέλλειν
3026 2972 3237 3024 ἔσεσθαι
3261 2973 3415 3041 λιμὸν
3441 2972 3740 3043 προθεσπί-

2182 3066 2279 3128 ζει.
2312 3064 2519 3128 Παῦλος
2550 3066 2605 3117 δὲ
2648 3066 2739 3118 καὶ
2784 3064 3064 3135 Βαρνάϐας
3084 3063 3179 3133 (5),
3213 3063 3737 3135 ὲξυπηρετησόμενοι

2185 3160 2249 3225 τῇ
2278 3148 2383 3209 τῶν
2418 3156 2654 3223 ἀδελφῶν
2682 3155 3129 3226 παραπέμπονται
3159 3154 3414 3223 διακονίᾳ.

2192 3333 2399 3406 scribit,
2420 3349 2535 3406 eam
2554 3334 2845 3402 contigisse
2867 3351 2969 3403 quo
2998 3346 3233 3406 tempore
3252 3334 3487 3391 Herodes
3501 3338 3734 3406 Agrippa

2187 3403 2383 3455 inflicta
2412 3405 2621 3470 etelitus
2654 3406 2804 3472 plaga
2836 3406 3056 3459 interiit.
3086 3405 3232 3470 Quod
3265 3408 3477 3471 quidem
3516 3403 3732 3471 tempo-

2185 3473 2333 3525 ribus
2361 3473 2565 3525 Claudii
2600 3474 2857 3527 accidisse
2898 3477 3037 3527 inter
3078 3489 3263 3528 omnes
3309 3486 3535 3529 coastat.
3583 3474 3731 3536 Pru—

2180 3544 2579 3613 denteritaque
2611 3542 2736 3595 fecit
2768 3542 3115 3613 NlCCphOl‘llS,
3144 3545 3231 3610 qui
3261 3560 3381 3598 cum
3418 3555 3582 3599 totum
3622 3546 3731 3600 hoc

2179 3612 2393 3664 Eusebii
2434 3622 2593 3679 caput
2621 3613 2686 3663 ad
2726 3616 2943 3666 verbum
2991 3616 3344 3677 describeret,
3394 3625 3726 3679 postremam

2180 3682 2316 3751 hanc
2361 3693 2563 3751 partem
2597 3684 2667 3751 de
2694 3682 2949 3736 industria
2986 3684 3343 3751 praetermisit,
3373 3682 3437 3736 tie
3481 3686 3531 3735 in
3568 3698 3730 3735 eum-

2176 3750 2293 3803 dem
2351 3767 2470 3804 cum
2522 3750 2745 3804 Eusebio
2791 3750 3028 3806 errorem
3098 3754 3376 3805 incideret.
3432 3752 3726 3805 Eusebium

2176 3835 2299 3873 vero
2326 3832 2566 3873 nostrum
2597 3822 2647 3872 in
2678 3835 2793 3873 eam
2819 3824 3125 3888 opinionem
3160 3823 3368 3873 induxit
3394 3821 3543 3873 Pauli
3571 3819 3729 3872 locus

2174 3896 2236 3941 ait
2272 3890 2507 3951 Galatas,
2550 3890 2637 3941 ubi
2691 3891 2755 3943 de
2797 3894 2906 3943 suis
2955 3893 3017 3942 ad
3071 3889 3253 3942 urbem
3300 3889 3725 3954 Hierosolymam

2175 3961 2589 4023 profectionibus
2622 3960 2875 4025 loquitur.
2909 3961 3073 4023 Quem
3112 3957 3285 4009 locum
3315 3968 3371 4007 nt
3402 3958 3598 4009 clarius
3642 3957 3724 4012 in-

2179 4029 2415 4095 telligere
2467 4029 2755 4093 possimus,
2806 4029 2869 4079 de
2921 4027 3182 4095 universis
3240 4025 3723 4095 Pauliiprofectio-

2176 4094 2330 4149 nibus
2363 4100 2411 4148 in
2446 4112 2653 4149 sacram
2687 4098 2868 4148 urbem
2904 4107 3020 4160 post
3047 4094 3159 4158 ejus
3190 4096 3253 4144 ad
3288 4094 3556 4146 Christum
3589 4108 3725 4146 con-

2174 4168 2496 4225 versionem,
2525 4164 2829 4230 diligentius
2860 4164 3229 4228 inquirendum
3258 4174 3354 4214 cst.
3397 4160 3571 4214 Lucas
3603 4164 3725 4229 qui-

2176 4238 2295 4285 dem
2343 4245 2533 4299 quater
2574 4234 2793 4299 oninino
2844 4247 2963 4283 eum
3017 4230 3377 4298 llicrosnlyma
3420 4232 3719 4297 profectum

2176 4315 2294 4353 esse
2324 4298 2533 4353 scribit.
2581 4298 2817 4352 Primum
2873 4300 3030 4367 paulo
3058 4308 3182 4366 post
3223 4314 3335 4363 eius
3388 4300 3719 4363 baptismum

2178 4383 2293 4435 cap.
2322 4386 2371 4420 Ix
2399 4372 2643 4421 Actuum.
2672 4369 2862 4420 ltermn
2892 4370 3080 4420 deinde
3110 4367 3376 4432 profectus
3409 4378 3488 4420 est
3520 4368 3723 4423 Paulus

2178 4435 2540 4504 Hierosolyma
2592 4439 2655 4489 ad
2704 4438 3016 4489 deferendas
3050 4435 3270 4487 fratrum
3318 4436 3717 4503 eleemosyuas,

2174 4515 2227 4555 nt
2261 4506 2486 4557 refertur
2513 4507 2564 4556 in
2601 4521 2717 4571 cap.
2748 4521 2799 4557 χι
2823 4516 2876 4557 et
2904 4520 3000 4558 xit.
3027 4504 3215 4557 Postea
3250 4506 3489 4556 ascendit
3520 4505 3718 4559 l’anlus

2171 4573 2536 4640 Hierosolyma
2591 4576 2657 4626 ob
2711 4575 3129 4626 controversiam
3181 4574 3243 4624 de
3305 4574 3718 4627 circninci.-ione

2170 4652 2223 4693 et
2256 4640 2490 4694 Judaicis
2527 4642 2735 4705 ritibus,
2783 4652 2837 4693 ut
2875 4644 3099 4694 habetur
3137 4642 3186 4693 in
3224 4642 3395 4709 capite
3429 4656 3514 4692 xv.
3560 4641 3715 4695 Post-

2171 4725 2317 4760 remo
2370 4712 2512 4762 venit
2568 4710 2933 4777 Hierosolyma
2997 4711 3095 4762 sub
3154 4710 3309 4761 finem
3375 4711 3713 4777 principatus

2167 4778 2392 4839 Claudii,
2440 4772 2614 4845 ibique
2653 4772 2947 4831 diutissime
2994 4780 3196 4847 vinctus
3243 4772 3713 4847 perniansitilpse

2166 4862 2292 4897 vero
2322 4848 2513 4898 Paulus
2561 4849 2609 4898 in
2648 4848 2879 4913 Epistula
2910 4848 2974 4899 ad
3010 4846 3245 4908 Galatas,
3279 4851 3358 4900 bis
3396 4860 3512 4916 post
3555 4846 3708 4903 suam

2167 4918 2229 4965 ad
2269 4917 2536 4969 Christum
2572 4917 2971 4967 conversionem
3006 4920 3213 4970 venisse
3256 4932 3311 4970 se
3345 4920 3471 4970 dicit
3521 4920 3711 4973 lliero-

2166 4987 2404 5056 solyma;
2456 4994 2830 5056 antrumque
2853 4984 3238 5056 profectionem
3293 4988 3370 5039 bis
3411 4999 3708 5056 temporum

2167 5053 2458 5105 intervallis
2508 5054 2804 5121 distinguit.
2840 5052 2968 5105 Cum
3012 5069 3213 5115 autem,
3257 5057 3464 5123 inquit,
3506 5052 3708 5123 placuit

2163 5122 2209 5171 ei
2244 5138 2325 5187 qui
2366 5137 2441 5194 me
2480 5126 2795 5194 segnreguvit,
2825 5134 2872 5173 et
2912 5126 3100 5175 voeavit
3154 5140 3242 5189 per
3271 5122 3699 5194 grutiam'suum,

2164 5202 2219 5240 ut
2264 5192 2510 5241 reuelaret
2547 5190 2739 5241 Filium
2774 5208 2924 5243 suum
2970 5194 3151 5254 inme,
3185 5190 3426 5247 continuo
3470 5213 3569 5247 non
3618 5213 3711 5247 ac-

2162 5260 2329 5333 quievi
2388 5262 2529 5310 carni
2573 5269 2619 5311 et
2660 5263 2920 5327 sanguini.
2957 5260 3136 5333 Neque
3181 5267 3290 5315 veni
3337 5264 3704 5333 Hierosolyma

2161 5332 2228 5377 ad
2274 5338 2613 5381 antecessores
2658 5346 2794 5381 meus
2835 5332 3090 5395 apostolos
3130 5346 3147 5381 :
3180 5332 3278 5385 m1
3321 5336 3426 5395 abii
3472 5336 3528 5385 in
3568 5332 3703 5384 Ara-

2162 5397 2327 5456 biam,
2372 5408 2416 5447 el
2450 5400 2637 5448 iterum
2684 5414 2911 5449 reversus
2956 5416 3067 5451 sum
3116 5402 3453 5455 Damascum.
3507 5401 3708 5453 Deinde

2159 5482 2269 5529 post
2304 5482 2465 5517 annos
2498 5474 2597 5517 tres
2624 5472 2733 5519 veni
2775 5465 3134 5536 Hierosolyma
3171 5473 3337 5523 videre
3386 5472 3624 5529 Petrum,
3657 5478 3702 5521 et

2161 5536 2326 5585 mansi
2362 5538 2501 5601 apud
2530 5552 2648 5587 eum
2679 5537 2855 5589 diebus
2881 5539 3195 5605 quindecim,
3220 5553 3324 5593 etc.
3355 5542 3428 5592 De
3468 5542 3700 5591 secunda

2161 5614 2337 5654 autem
2394 5605 2723 5669 profectione
2769 5622 2865 5659 sua
2918 5610 2987 5660 ita
3020 5612 3300 5675 loquitur:
3346 5609 3546 5675 Deinde
3592 5617 3700 5675 post

2160 5688 2324 5725 annos
2366 5676 2759 5742 quatuordecim
2795 5676 2977 5730 iterum
3039 5672 3243 5733 ascendi
3287 5672 3699 5746 Hiérosolyaminl
