3996 6342
253 335 342 391 ηε
1062 410 1065 411 7
1244 347 1587 403 HISTORIIE
1627 346 1738 404 ΕΟ(

1840 346 2174 408 .SlASTlCE
2212 350 2341 406 LIB.
2378 352 2441 407 ιι.
3334 350 3432 407 H6
3471 345 3477 349 ’

758 463 1147 519 ΚΕΦΑΛΑΙΟΝ
1199 467 1271 521 Δ⁹.

256 543 343 621 Ὠς
367 546 519 614 μετὰ
550 552 800 619 Τιϐέριον
826 553 1005 620 Γάϊος
1056 556 1343 610 Ἰουδαίων
1366 559 1627 621 ,βασιλέα
1651 561 1787 611 καθ-

307 618 551 685 ίστησιν
581 618 1075 699 ξΛζρὶππςξἈ-ἰὸν
1108 618 1380 699 ᾙρώδηί
1399 627 1564 693 ἀϊδίῳ
1586 626 1782 696 ζημιώ-

306 700 420 751 σας
444 691 608 757 φυγῇ
631 691 771 758 (Nic.
820 691 887 744 ΙΙ.
920 692 982 746 Ε.
1025 710 1087 759 tt,
1113 691 1191 763 9).

305 778 547 851 Τιϐέριος
582 781 679 850 μὲν
705 778 797 836 οὖν
825 784 965 853 ἀμφὶ
998 784 1064 838 τὰ
1092 785 1183 838 δύο
1209 766 1313 840 καὶ·
1336 787 1506 839 εἴκοσι
1538 784 1781 856 βασιλεύ-

246 886 336 933 σας
364 870 478 940 ἐτη,
512 872 732 943 τελευτᾷ
750 889 764 903 ο
804 874 939 943 μετὰ
967 875 1023 928 δὲ
1063 876 1250 929 τοῦτον
1277 877 1432 941 Γάϊος
1459 877 1554 948 τὴν
1583 880 1780 947 ἠγεμο-

242 961 347 1014 νίαν
364 961 704 1033 παραλαϐὼν,
722 964 915 1019 αὐτίκα
935 969 1032 1036 τῆς
1067 968 1330 1022 Ἰουδαίων
1359 969 1529 1041 ἀρχῆς
1557 968 1778 1039 Ἀγρίπ-

243 1069 312 1122 πᾳ
339 1052 397 1105 τὸ
424 1053 659 1125 διάδημα
687 1054 759 1125 (6)
791 1057 1148 1128 περιτίθησιν,
1179 1058 1399 1128 βασιλέα
1438 1062 1794 1129 καταστήσας

155 1128 172 1151 ’
240 1141 389 1193 αὐτὸν
416 1142 512 1211 τῆς
535 1159 594 1195 τε
621 1136 883 1198 Φιλίππου
907 1147 999 1199 καὶ
1020 1147 1119 1216 τῆς
1145 1149 1411 1201 Λυσανίου
1440 1128 1773 1219 τετραρχίας.

2502 467 2725 523 CAPUT
2754 468 2842 523 IV.

1910 554 2182 619 Quomodo
2211 566 2324 619 post
2351 566 2564 608 mortem
2590 555 2782 608 Tiberii
2817 556 2974 610 Caius
3002 558 3282 625 Agrippam
3329 557 3433 610 Ju-

1960 626 2401 695 drzorum,regem
2447 626 2750 688 constituit,
2800 638 2845 679 et
2893 625 3147 680 Herodem
3184 639 3426 689 perpetuo

1960 695 2143 748 exsilio
2169 695 2457 753 damnavit.

1957 784 2164 838 Interea
2195 784 2463 852 Tiberius,
2500 799 2619 839 cum
2652 784 2860 840 duobus
2887 788 3102 840 circiter
3138 801 3201 840 ac
3231 788 3424 855 viginti

1886 876 2045 931 annis
2071 876 2407 943 imperasset,
2435 886 2732 930 extremum
2760 877 2901 931 diem
2937 878 3087 932 obiit.
3119 878 3215 933 Cui
3241 894 3427 933 succe-

1886 966 2211 1045 dens7Caius
2236 964 2433 1019 Judzeae
2457 981 2679 1035 regnum
2709 969 2890 1020 statim
2922 969 3138 1023 tradidit
3162 969 3428 1039 Agrippa,

1884 1070 2175 1126 regemque
2214 1056 2360 1109 illum
2395 1064 2503 1108 tum
2545 1056 2598 1109 in
2634 1056 2880 1126 Philippi,
2931 1069 3042 1120 tum
3096 1059 3148 1112 in
3185 1057 3427 1127 Lysaniie

1884 1147 2170 1202 tetrarchia
2200 1146 2500 1202 constituit.
2533 1146 2651 1201 Nec
2676 1149 2847 1202 multo
2890 1159 3011 1218 post
3045 1150 3270 1204 Herodis
3294 1166 3426 1218 quo-

1881 1254 1983 1309 que
2012 1238 2355 1292 tetrarchiam
2388 1238 2560 1292 eidem
2593 1239 2839 1305 donavit,
2864 1255 2984 1294 cum
3008 1240 3271 1296 Herodem
3298 1258 3426 1312 per-

239 1231 368 1303 Πρὺς
395 1230 497 1293 hic
516 1234 632 1302 μετῗ
660 1234 720 1286 οὺ
752 1235 915 1293 πολὺν
943 1237 1129 1306 χρόνον
1161 1239 1307 1309 αὐτῷ
1348 1240 1441 1291 καὶ
1472 1238 1567 1310 τὴν
1590 1238 1773 1308 ηἬρώο

237 1322 315 1376 δου
355 1325 665 1394 τετραρχίακ
699 1328 1084 1398 παραδίδωσιν,
1120 1330 1274 1399 ἀϊδίῳ
1306 1332 1445 1400 φυγῇ
1476 1330 1566 1382 τὸν
1602 1328 1771 1399 Ἡρώ-

236 1418 317 1488 δην
349 1411 519 1489 (οὗτος
547 1417 594 1469 δ’
625 1415 692 1489 ἦν
719 1422 747 1472 ὁ
782 1420 920 1473 κατὰ
948 1421 1007 1474 τὸ
1046 1421 1215 1483 πάθος
1252 1420 1345 1473 τοῦ
1378 1422 1643 1491 Σωτῆρος)
1681 1420 1773 1472 σὺν

236 1512 317 1565 καὶ
345 1516 411 1584 τῇ
449 1496 665 1581 γυναικὶ
705 1512 987 1583 Ἡρωδιάδι
1020 1514 1117 1583 (7),
1168 1513 1429 1567 πλείστων
1463 1513 1619 1566 ἕνεκα
1678 1511 1772 1582 ζη-

1879 1339 2039 1398 petuo
2091 1328 2282 1383 exsilio
2328 1329 2632 1383 damnasset
2662 1368 2677 1391 ,
2734 1345 2836 1383 una
2894 1347 3014 1385 cum
3064 1347 3229 1386 uxore
3260 1334 3428 1399 ipsius

1879 1420 2177 1474 Herodiade
2191 1421 2257 1473 ob
2276 1420 2420 1473 varia
2447 1420 2646 1474 scelera
2672 1421 2852 1475 debito
2875 1424 3133 1492 supplicio
3147 1424 3419 1490 affectum,

1880 1522 1940 1567 ut
1972 1521 2198 1566 testatur
2231 1511 2395 1566 etiam
2447 1510 2733 1583 Josephus.
2789 1512 2886 1568 llic
2939 1524 3023 1569 est
3054 1515 3292 1569 Herodes
3329 1516 3419 1585 qui

235 1709 338 1746 cum
384 1689 649 1752 Barnaba,
684 1700 949 1758 assumpto
987 1703 1034 1745 et
1068 1692 1204 1745 Tito.
1233 1691 1454 1745 Ascendi
1483 1699 1653 1743 autem
1686 1706 1764 1741 δε·
1799 1696 1837 1749 [,'
1866 1688 2061 1743 Paulus
2107 1688 2161 1742 in
2209 1687 2442 1754 Epistola
2490 1690 2553 1743 ad
2582 1689 2823 1753 Galatas,
2868 1690 3025 1758 hujus
3070 1691 3420 1759 profectionis

234 1760 843 1814 cundumwevelalionem
868 1776 886 1813 :
910 1771 955 1813 et
988 1763 1183 1815 contuli
1223 1778 1337 1813 cum
1378 1761 1484 1814 illis
1532 1759 1733 1828 Evange

1865 1774 1973 1811 suae
2025 1760 2347 1813 mentionem
2403 1761 2594 1814 merito
2643 1762 3016 1827 prietermisit,
3070 1768 3252 1827 utpote
3297 1776 3414 1828 qme

233 1834 367 1885 lium.
399 1829 535 1899 quod
572 1831 800 1897 prwdico
834 1830 885 1881 in
922 1832 1175 1896 gentibus,
1204 1842 1305 1884 etc.
1333 1830 1464 1897 Quis
1489 1844 1591 1881 non
1619 1830 1761 1882 videt
1863 1828 1993 1881 nihil
2043 1830 2106 1880 ad
2167 1829 2466 1881 institutum
2514 1845 2667 1883 suum
2728 1828 2953 1886 faceret.
3001 1830 3109 1884 Nec
3166 1844 3267 1884 vox
3300 1832 3408 1892 illa,

233 1901 330 1952 lucc
359 1898 496 1954 inter
525 1913 585 1951 se
617 1914 837 1965 prorsus
872 1899 1205 1966 discrepare,
1252 1916 1372 1954 cum
1409 1899 1605 1952 Paulus
1642 1900 1760 1965 qui-
1862 1915 2046 1950 rursus
2073 1899 2642 1966 ascendi,7secundam
2684 1898 3067 1966 profectionem
3107 1901 3411 1953 necessario

231 1972 334 2023 dein
366 1976 517 2037 neget
554 1982 613 2038 s_e
644 1968 855 2020 venisse
885 1965 1249 2038 HieroSolyma
1291 1970 1471 2022 statim
1508 1978 1625 2037 post
1666 1968 1762 2019 ba-
1861 1968 2240 2038 designat,_sed
2268 1965 2429 2038 etiam
2454 1968 2521 2020 de
2559 1965 2713 2021 tertia
2745 1968 2846 2021 dici
2882 1978 3073 2031 potest.
3100 1969 3249 2033 Quod
3288 1984 3415 2038 vero

230 2035 466 2105 ptismum
508 2056 521 2091 :
570 2036 742 2090 Lucas
792 2052 919 2089 vero
969 2048 1089 2103 post
1130 2035 1471 2106 baptismum
1509 2035 1546 2089 ‘a
1596 2038 1759 2090 Paulo
1861 2051 1964 2088 non
2006 2035 2175 2106 possit
2194 2050 2313 2089 esse
2340 2035 2427 2086 illa
2470 2050 2629 2104 quam
2656 2047 2853 2103 quarto
2891 2038 3006 2091 loco
3035 2046 3278 2091 recenset
3306 2037 3415 2091 Lu-

230 2115 546 2176 susceptum,
577 2117 644 2164 .et
687 2106 889 2175 aliquot
935 2105 1336 2174 praedicationes
1374 2107 1760 2176 Damasciha-
1858 2114 2054 2176 cas,7ut
2096 2105 2305 2176 videtur
2328 2106 2561 2176 s_ensisse
2595 2105 3034 2174 Cbrysostomus.
3079 2121 3236 2160 exeo
3279 2122 3410 2163 cou-

232 2171 544 2239 bitas,'i|lum
584 2171 843 2230 Damasbo
880 2171 1018 2229 clam
1049 2176 1339 2243 aufugisse,
1371 2186 1425 2229 et
1456 2187 1599 2229 recta
1635 2175 1758 2228 llie-
1856 2175 2109 2243 vincitur,
2159 2174 2296 2243 quod
2342 2171 2537 2227 Paulus
2583 2171 2776 2243 scribit
2818 2189 2877 2226 se
2920 2176 3221 2228 ascendisse
3282 2192 3402 2229 cum

230 2250 474 2316 rosolyma
502 2247 711 2299 venisse
737 2245 1001 2316 testetur?
1033 2241 1359 2299 llauc‘Lucae
1382 2254 1436 2297 et
1469 2243 1613 2316 Pauli
1650 2246 1756 2297 dis-
1856 2241 2119 2316 Barna_l_ia.
2148 2242 2215 2316 At
2244 2243 2294 2296 iu
2332 2242 2896 2316 guarta7‘7profect7ione
2921 2243 3132 2316 7Paulus
3174 2259 3277 2297 non
3308 2246 3411 2297 luis

231 2310 511 2369 sonantium
547 2316 701 2369 fateri
742 2315 1051 2385 compulsus
1082 2326 1163 2369 est
1199 2316 1550 2385 Hieronymus
1584 2314 1754 2385 in77ex-
1857 2326 1977 2364 cum
2024 2310 2285 2385 Barnaha.
2325 2311 2839 2385 Jampr_idem_enim
2886 2312 2953 2365 ab
2990 2327 3053 2366 eo
3099 2328 3215 2385 sese
3246 2316 3409 2367 abru-

227 2387 472 2451 positiOne
511 2385 759 2453 Epistula:
790 2379 1123 2439 ad‘Galatas.
1171 2384 1341 2450 Quam
1392 2379 1448 2435 ut
1496 2383 1755 2437 concilia-
1856 2390 2025 2453 Perat.
2071 2379 2266 2453 Verum
2298 2392 2355 2436 ut
2382 2379 2459 2436 ad,
2492 2382 2781 2453 Eusebium
2826 2391 3067 2435 nostrum
3101 2383 3411 2445 redeamus,

229 2450 336 2508 rent
364 2450 577 2523 quidam
614 2466 875 2516 veterum,
907 2464 1042 2507 teste
1076 2453 1502 2523 llierouymo77ita
1538 2468 1755 2507 censue-
1855 2452 2065 2523 videtur
2106 2450 2150 2505 is
2195 2453 2487 2523 secundam
2520 2452 2670 2505 Pauli
2706 2450 3237 2522 llierosolymitanam
3284 2468 3406 2517 pro-

228 2535 338 2575 runt
358 2520 617 2580 {Paulum
667 2523 1013 2591 profectionis
1060 2525 1199 2577 illius
1229 2520 1339 2577 suae
1388 2522 1752 2591 Hierosolyma
1857 2520 2137 2591 fectionem
2161 2521 2465 2577 confudisse
2488 2538 2603 2576 cum
2632 2523 2823 2591 prima,
2850 2531 2902 2575 et
2927 2520 2991 2574 ex
3016 2523 3220 2575 duabus
3244 2539 3401 2575 unam

225 2596 383 2645 statim
413 2594 535 2662 post
562 2589 885 2660 baptismum
932 2608 1048 2662 qua:
1096 2602 1423 2647 memoratur
1453 2607 1481 2644 a
1525 2589 1666 2645 Luca
1702 2593 1750 2644 iu
1856 2589 2120 2662 fecisse;
2192 2661 2197 2662 7
2312 2660 2321 2662 7
2388 2661 2394 2662 7
2636 2589 2657 2662 ί
3139 2658 3153 2662 7
3209 2659 3250 2662 __
3391 2594 3395 2599 ’

225 2664 352 2715 dicto
392 2657 568 2729 capite
598 2657 882 2716 txynullam
915 2657 1163 2716 habuisse
1192 2665 1477 2723 rationem,
1504 2677 1568 2714 eo
1612 2676 1738 2728 qum

1856 2729 1860 2730 7
1924 2659 2000 2729 (6)
2042 2657 2155 2727 Τῆς
2189 2660 2478 2714 Ἰουδαίων¹
2502 2661 2692 2730 ἀρχῆς
2720 2662 2997 2729 Ὰῃοίππᾳ
3028 2662 3091 2714 τὸ
3128 2658 3398 2729 διάδημα.

226 2730 332 2798 fuga
384 2736 561 2799 potius
616 2748 776 2799 quam
836 2730 1095 2798 profectio
1142 2733 1346 2785 fuisset.
1395 2731 1588 2784 Verum
1639 2733 1752 2785 haec
1854 2729 2068 2784 Falsum
2102 2741 2183 2785 est
2213 2732 2498 2799 Agrippam
2537 2729 2716 2800 regem
2752 2730 2948 2785 ludam:
2978 2748 3005 2783 a
3037 2730 3165 2785 Caio
3198 2731 3397 2784 factum

224 2803 399 2855 solutio
443 2804 576 2857 levis
627 2811 705 2857 est
745 2803 1050 2855 admodum.
1088 2803 1294 2857 Etenim
1348 2800 1519 2855 Lucas
1568 2801 1753 2855 scribit
1853 2817 1990 2855 esse.
2038 2802 2269 2869 Agrippa
2317 2806 2459 2853 enim
2503 2818 2530 2851 a
2570 2801 2699 2855 Caio
2727 2801 2937 2855 Caesare
2980 2802 3079 2852 sub
3116 2800 3268 2853 initia
3304 2802 3403 2852 im.-

224 2870 423 2924 Paulum
458 2881 587 2925 tunc
626 2887 655 2922 a
692 2870 933 2925 ltarnaba
988 2872 1149 2926 fuisse
1199 2872 1479 2925 deductum
1524 2871 1586 2923 ad
1625 2886 1751 2938 apo-
1810 2898 1815 2903 -
1852 2873 1984 2939 perii
2013 2872 2183 2925 factus
2215 2882 2296 2923 est
2328 2886 2440 2933 rex,
2470 2871 2699 2940 primum
2729 2872 2941 2940 quidem
2984 2869 3397 2940 Trachpnitidis,

225 2942 390 3005 stolos,
420 2953 469 2995 et
510 2942 643 2995 satis
682 2942 767 3011 diu
803 2943 1070 2996 mansisse
1118 2941 1606 3011 Hierosolymis.7et
1652 2940 1748 2992 ad-
1851 2956 1969 3011 qua:
2004 2941 2291 3011 tetrarchia
2334 2940 2561 3011 Philippi
2605 2939 2796 3003 fuerat,
2822 2951 2889 3011 ut
2920 2941 3108 2993 scribit
3150 2939 3402 3011 Philo__in

226 3025 393 3079 versus
424 3011 642 3066 Gratcos
670 3010 993 3079 disputasse.
1021 3012 1145 3074 Alii,
1175 3012 1313 3064 inter
1344 3008 1478 3079 quos
1510 3009 1649 3063 Beda
1696 3022 1748 3063 et
1776 3020 1817 3076 ο
1853 3010 2099 3063 Flaccum
2129 3021 2182 3064 et
2206 3008 2473 3079 Jusephus
2506 3010 2597 3062 lib.
2633 3026 2785 3063 xmt.
2814 3009 2933 3064 ΙΙοῐ
2984 3025 3111 3063 vero
3152 3025 3270 3063 cum
3303 3008 3406 3061 He-

223 3077 492 3143 Bamnius,
541 3077 766 3149 primani
818 3080 960 3134 illam
1015 3077 1394 3149 profectionem
1445 3080 1595 3144 cujus
1635 3095 1748 3132 me-
1853 3083 2011 3134 rodes
2061 3077 2344 3133 tetrarcha’
2389 3078 2649 3143 Galilaeaz,
2707 3080 3019 3148 llerodiailis
3068 3080 3248 3133 uxoris
3295 3080 3400 3131 im—

221 3150 359 3219 minit
390 3148 615 3213 Paulus,
659 3159 906 3203 asserunt
948 3148 1063 3204 eam
1115 3152 1279 3219 ipsam
1329 3164 1447 3204 esse
1497 3164 1613 3215 quae
1664 3164 1749 3200 re-
1849 3150 2002 3218 pulsu
2052 3148 2274 3204 Romam
2318 3151 2638 3212 navigasset,
2684 3160 2743 3201 ut
2782 3149 3333 3219 regiamﬁdignitatem
3367 3168 3394 3199 ει

221 3218 372 3270 fertur
415 3234 441 3271 a
477 3219 620 3272 Luca
672 3221 722 3272 in
758 3236 874 3287 cap.
902 3237 955 3273 ix
982 3216 1206 3273 Actuum
1241 3238 1255 3271 :
1288 3223 1377 3274 sed
1410 3219 1608 3272 Lucam
1657 3219 1747 3271 iti-
1846 3216 1977 3274 Cain
2031 3221 2383 3283 impetraret:
2422 3220 2584 3272 Caius
2622 3221 2923 3286 ademptam
2970 3216 3167 3275 Herodi
3213 3228 3399 3271 tetrar-

220 3288 347 3357 neris
372 3290 591 3347 Arabici
622 3290 741 3342 ideo
772 3293 1180 3357 praetermisisse
1214 3291 1561 3350 mentionem,
1605 3292 1744 3357 quod
1846 3290 2046 3351 chiam,
2082 3288 2356 3343 Galilmam
2400 3290 2611 3342 scilicet
2650 3290 2871 3343 donavit
2917 3288 3185 3356 Agrippae,
3215 3302 3397 3352 quem-

216 3356 334 3428 niliil
364 3360 617 3411 memoria
653 3356 869 3427 dignum
902 3360 1013 3412 illic
1042 3375 1070 3411 a
1102 3360 1266 3412 Paulo
1292 3370 1500 3428 gestuin
1532 3358 1740 3412 fuiSset.
1845 3359 2339 3428 admoduin_tradit
2380 3358 2643 3428 Josephus
2690 3360 2739 3411 in
2787 3358 2919 3411 libro
2959 3359 3294 3428 supradicto,
3344 3368 3398 3412 et

1842 3428 1997 3481 Philo
2029 3430 2080 3481 in
2134 3426 2413 3497 Legatione
2443 3429 2510 3480 ad
2559 3427 2742 3480 Caium
2788 3430 2886 3481 sub
2937 3428 3113 3480 liuent.
3162 3426 3395 3481 Tandem

1842 3514 1971 3551 vero
2001 3505 2125 3567 post
2152 3513 2341 3567 necem
2372 3498 2507 3559 Caii,
2538 3497 2787 3551 Claudius
2831 3512 3050 3567 regnum
3094 3498 3339 3562 Agrippa:
3366 3513 3396 3549 a

1840 3568 1971 3619 Caio
2003 3564 2182 3619 datum
2212 3564 2569 3628 conﬁrmavit,
2599 3566 2821 3633 adjectis
2844 3566 3022 3620 Judzea
3058 3582 3120 3618 ac
3148 3567 3393 3618 Samaria

1838 3651 1973 3702 quas
2019 3634 2256 3689 Herodes
2302 3649 2434 3688 avus
2487 3637 2815 3689 obtinuerat.
2866 3636 3040 3701 Atque
3090 3635 3159 3686 ita
3223 3642 3391 3687 totum

1841 3706 2065 3758 Herodis
2094 3704 2267 3771 Magni
2298 3718 2518 3772 regnum
2548 3705 2611 3756 ad
2651 3705 2936 3772 Agrippam
2986 3706 3251 3769 pervenit.
3287 3704 3388 3769 Qui

1839 3788 1959 3826 mox
1995 3772 2375 3841 Hierosolymis
2406 3787 2504 3825 suo
2545 3773 2805 3841 arbitratu
2847 3772 3157 3839 p0ntificem
3206 3788 3393 3825 creare

1836 3843 2030 3908 erepit,
2077 3840 2276 3909 quippe
2331 3841 2582 3909 quitum
2614 3840 2811 3894 Judzete
2869 3854 2959 3893 rex
3012 3850 3191 3901 esset,
3240 3843 3390 3909 Clljlls‘

1837 3905 1996 3979 caput
2033 3905 2146 3964 erat
2177 3905 2306 3962 urbs
2348 3905 2739 3978 Hierosolyma.
2785 3909 2952 3962 Recte
2989 3925 3114 3973 ergo
3149 3905 3390 3975 Scaliger

1838 3980 1888 4031 in
1922 3979 2476 4047 auimadversionihus
2525 3980 2872 4047 reprehendit
2902 3979 3210 4041 Eusebium,
3245 3984 3390 4043 quod

1834 4049 2121 4116 Agrippam
2153 4062 2330 4113 regem
2371 4046 2566 4101 Iudaeae
2608 4064 2638 4101 a
2676 4048 2805 4101 Caio
2846 4048 3042 4102 factum
3086 4063 3202 4100 esse
3236 4051 3388 4102 dixe-

1836 4118 1929 4171 rit.
1961 4120 2065 4172 Sed
2099 4116 2299 4187 fallitur
2330 4117 2443 4184 ipse
2481 4132 2695 4187 quoque
2729 4118 2989 4187 Scaliger,
3030 4132 3151 4170 cum
3196 4120 3393 4171 scribit

1836 4187 2119 4257 Agrippam
2162 4186 2386 4240 Romam
2430 4186 2677 4250 venisse,
2721 4198 2778 4242 ut
2820 4186 3084 4242 Herodem
3136 4199 3384 4255 patruum
3425 4222 3431 4234 ι

1834 4270 2132 4313 accusaret.
2150 4327 2153 4328 7
2160 4257 2351 4328 pieque
2382 4258 2523 4310 enim
2563 4260 2800 4328 Agrippa
2846 4261 3071 4328 Romam
3112 4257 3385 4324 profectus

1837 4339 1935 4392 est,
1990 4328 2082 4382 sed
2148 4326 2501 4381 Fortunatuh'i
2562 4326 2815 4382 libertum
2882 4344 3002 4381 cum
3064 4327 3257 4381 litteris
3313 4333 3399 4381 ad

1835 4399 2018 4453 Caium
2052 4399 2217 4461 misit,
2253 4407 2310 4450 ut
2349 4399 2511 4451 tradit
2553 4396 2837 4462 Josephus.
2869 4398 3037 4452 Porro
3066 4398 3378 4466 jamdudum

1833 4482 1960 4523 ante
2012 4469 2343 4539 scaligerum
2374 4468 2721 4539 7scholiastes
2760 4471 2974 4539 quidam
3033 4470 3085 4523 in
3142 4470 3383 4535 margine

1832 4541 2034 4594 codicis
2066 4538 2323 4592 Ma'zarini
2372 4538 2513 4592 hunc
2544 4539 2760 4594 Eusebii
2784 4538 3043 4593 errorem
3081 4548 3377 4603 potaverat.

1830 4610 1962 4664 Nam
1990 4610 2167 4678 adjilla
2198 4610 2382 4674 verba,
2408 4607 2507 4677 τῆς
2544 4604 2806 4665 Ἰουδαίων
2833 4609 3007 4679 ἀρχῆς
3032 4609 3091 4663 τὸ
3113 4607 3382 4677 διάδημα,

1830 4682 1932 4736 hoc
1972 4681 2211 4734 scholion
2269 4679 2562 4746 ascriptum
2608 4689 2717 4743 est,
2766 4696 2868 4734 non
2915 4682 3128 4748 quidem
3193 4681 3376 4748 eadem

1829 4768 2010 4811 manu,
2052 4751 2144 4804 sed
2182 4744 2529 4802 nihilominus
2549 4760 2759 4803 vetusta
2792 4768 2805 4802 :
2842 4744 2967 4818 0ὐί
3003 4744 3176 4811 οὗτος,
3212 4746 3327 4818 ator
3349 4746 3379 4797 ὁ

1825 4821 2106 4883 Κλαύδιος.
2152 4818 2410 4873 Excusari
2457 4826 2634 4887 tamen
2681 4824 2958 4872 commode
2992 4828 3165 4887 potest
3206 4817 3375 4887 Euse-

1825 4893 1962 4945 bius.
1984 4890 2099 4943 Non
2125 4891 2269 4943 enim
2296 4888 2435 4957 dixit
2455 4885 2741 4957 Agrippam
2765 4888 2960 4944 Judaeaa
2986 4885 3163 4956 regem
3188 4902 3216 4937 a
3244 4886 3375 4957 Caio

1823 4962 2022 5014 factum
2056 4959 2243 5018 fuisse.
2275 4956 2370 5012 sed
2408 4956 2739 5022 Iudaeorum,
2786 4974 2974 5013 eorum
3024 4956 3230 5009 scilicet
3281 4956 3380 5020 qui

1822 5032 1875 5084 in
1905 5028 2285 5100 Tragltonitide
2308 5028 2443 5100 etin
2486 5026 2731 5098 Lysauiae
2773 5027 3065 5100 tetrarchia
3088 5025 3369 5100 degebant.

1821 5101 1962 5153 Sane
1985 5094 2135 5151 Philo
2164 5098 2219 5150 in
2251 5097 2488 5152 oratione
2507 5094 2754 5152 adversus
2786 5097 3052 5155 Flaccum,
3077 5094 3368 5160 Agrippam

1820 5172 1979 5228 hunc.
2008 5167 2097 5235 qui
2126 5176 2238 5219 tum
2282 5167 2461 5221 adhuc
2487 5169 2654 5222 solius
2680 5166 3190 5235 Trachoni_tidis_rex
3232 5174 3369 5235 erat,

1817 5232 2160 5309 nihilominus
2178 5245 2344 5309 vocat
2366 5251 2556 5309 regem
2586 5236 2913 5309 Iudaeorum.
2949 5233 3195 5309 petiueris
3225 5232 3367 5283 enim

1814 5311 1881 5364 de
1903 5305 2301 5375 Alexandrinis,
2335 5298 2573 5361 sicfuit:
2607 5305 2905 5375 Ἠσχαλλον
2952 5298 3055 5353 ἐπὶ
3088 5298 3167 5370 τῷ
3206 5316 3368 5369 γεγε-

1812 5377 2155 5450 νῆσθαί-τινα.
2184 5374 2408 5450 βασιλέα
2443 5374 2725 5450 ἰουδαίωνέ

1786 5506 1791 5510 .
1867 5437 1955 5519 ¹(Ἰ)
1991 5446 2110 5499 Σὺν
2152 5437 2634 5519 reﬁgite-warm.
2674 5439 2990 5519 Ἡρωδιάδα
3030 5437 3176 5519 7hlale
3200 5441 3368 5519 Jiuttc

1810 5510 2221 5589 locuinaecepit
2247 5510 2792 5589 Chris'tophorsonus,
2821 5512 2972 5578 quasi
3012 5511 3155 5589 dicat
3198 5510 3362 5589 Euse-

1808 5592 1925 5641 bius
1958 5578 2218 5639 Herodem
2252 5586 2395 5639 hunc
2431 5578 2534 5639 una
2571 5598 2690 5639 cum
2730 5580 2902 5634 uxore
2933 5595 3029 5633 sua
3064 5578 3367 5634 Herodiade

1812 5656 2119 5711 interfuisse
2169 5656 2403 5722 passioni
2457 5654 2676 5708 Christi.
2713 5651 2869 5719 Atqui
2926 5666 3032 5704 non
3089 5652 3190 5702 hoc
3220 5650 3372 5722 7dieit

1812 5728 2094 5795 Eusebius,
2127 5718 2219 5779 sed
2250 5724 2604 5779 Herodiadem
2637 5718 2807 5776 simul
2842 5736 2960 5774 cum
2995 5722 3108 5773 viro
3158 5718 3368 5786 relega-

218 3424 431 3495 Quorum
470 3424 747 3480 sententia:
790 3428 1017 3480 libenter
1058 3424 1319 3495 equidem'
1349 3429 1563 3482 accedo.
1614 3428 1740 3479 Nam

218 3494 275 3565 de
313 3495 531 3565 adventu
572 3495 661 3547 illo
712 3495 859 3547 Pauli
903 3495 1268 3564 Hierosolyma
1314 3497 1624 3565 planissime
1670 3499 1736 3548 ibi

218 3561 430 3629 loquitur
469 3563 678 3629 Lucas;
725 3565 923 3631 quippe
966 3568 1056 3632 qui
1097 3561 1414 3619 collocutum
1451 3580 1583 3623 eum:
1615 3581 1736 3620 cum

218 3634 450 3701 apostolis
479 3644 609 3686 tunc
649 3648 780 3702 esse
810 3633 960 3696 dicit,
991 3644 1047 3695 et
1089 3635 1253 3687 multa
1296 3635 1399 3686 alia
1429 3634 1736 3702 singillatim

219 3699 387 3771 refert,
410 3704 662 3771 additque
690 3721 702 3754 :
737 3699 803 3763 Et
828 3712 939 3754 erat
974 3719 1089 3755 cum
1122 3703 1225 3754 illis
1256 3704 1456 3754 intrans
1486 3699 1541 3754 ei
1564 3705 1737 3754 exiens

216 3772 262 3822 in
306 3769 610 3825 Jerusalem.
658 3771 808 3826 Nunc
854 3773 919 3824 de
965 3773 1215 3832 secunda,
1250 3772 1338 3823 illa
1405 3772 1737 3838 profectione

216 3854 355 3911 quam
400 3843 595 3896 Paulus
623 3853 743 3911 post
773 3856 863 3895 xiv
909 3856 1076 3894 annos
1122 3840 1522 3911 instituisse77se
1572 3841 1732 3904 dicit,

215 3910 567 3977 inquirendum
608 3924 711 3967 est.
740 3912 1127 3972 Tlteodoretus,
1170 3920 1226 3962 et
1255 3919 1378 3962 ante
1425 3910 1570 3962 illum
1617 3912 1735 3975 qui-

214 3980 318 4031 dam
343 3992 567 4045 veteres,
593 3984 858 4037 referente
893 3982 1233 4050 Hieronymo,
1266 3982 1403 4032 hanc
1435 3980 1598 4046 ipsam
1615 3993 1734 4032 esse

212 4050 590 4115 existimarunt,
616 4053 769 4121 cujus
812 4054 1013 4106 mentio
1048 4051 1103 4105 fit
1138 4051 1188 4121 in
1221 4050 1460 4121 Actibus,
1498 4063 1617 4116 cap.
1641 4063 1727 4121 xv,

212 4121 402 4185 quando
433 4122 628 4176 Paulus
670 4119 778 4177 una
817 4139 937 4176 cum
980 4120 1227 4174 Barnaba
1273 4119 1343 4172 ob
1382 4128 1623 4172 exortam
1667 4119 1734 4170 de

213 4190 592 4245 circumcisione
623 4192 1044 4248 οοιιινονθΐθὶθιιι
1095 4188 1367 4259 profectus
1410 4199 1495 4243 est
1543 4188 1729 4259 Hiero-

213 4259 412 4328 solyma.
453 4260 603 4314 Hanc
635 4264 954 4318 sententiam
982 4258 1199 4315 secutus
1244 4268 1327 4323 est
1358 4259 1635 4313 Baronius.
1670 4258 1734 4311 Et

214 4324 341 4382 Pauli
375 4332 535 4385 verba
585 4333 636 4386 id
671 4332 889 4386 omnino
935 4331 1163 4384 suadere
1190 4328 1463 4383 videntur.
1508 4328 1733 4396 Subjicit

211 4400 333 4470 enim
370 4400 584 4464 Paulus,
606 4400 680 4457 se
709 4402 1051 4470 Evangelith
1084 4401 1224 4469 quod
1252 4400 1502 4470 gentibus
1519 4400 1732 4467 ’praedi-

211 4466 347 4539 tabat
384 4472 636 4527 detulisse
675 4474 739 4525 ad
770 4466 1060 4539 apostolos.
1101 4466 1287 4537 eisque
1337 4466 1731 4539 dijudicandum

210 4536 461 4609 obtulisse.
490 4539 601 4594 Hoc
645 4544 786 4595 enim
806 4536 922 4594 'sibi
958 4541 1140 4609 volunt
1168 4536 1230 4592 ea
1260 4536 1422 4594 verba
1464 4537 1731 4609 ἀνεθέμην

210 4604 367 4682 αὑτοῖς
389 4609 991 4682 τδίΕὑαγγέλιονζΤυηι
1026 4608 1298 4682 subjungit
1338 4613 1403 4662 de
1445 4609 1592 4662 lalsis
1623 4604 1729 4661 fra-

213 4676 375 4747 lribus,
391 4681 479 4747 qui
509 4676 785 4734 veritatem
810 4679 1076 4747 Evangelii
1100 4676 1400 4746 opprimere
1427 4682 1726 4740 tentabant,

211 4744 622 4821 €17Chri5tianos
664 4752 714 4803 in
765 4744 1073 4821 servitutem
1109 4744 1241 4821 legis
1293 4750 1551 4821 redigere.
1600 4749 1727 4815 Quae

210 4816 399 4888 quidem
439 4820 617 4873 omnia
656 4823 917 4888 pertinent
948 4819 1061 4871 sine
1088 4820 1254 4888 dubio
1300 4820 1363 4871 ad
1411 4816 1720 4873 controver-

208 4884 491 4960 ﬂ_am77illam
523 4891 589 4942 de
624 4884 1053 4943 circumcisione.
1087 4886 1277 4940 Verum
1308 4888 1433 4954 quid
1480 4903 1614 4956 opus
1641 4900 1723 4943 est

210 4948 441 5015 pluribus,
463 4970 585 5009 cum
617 4974 678 5013 ea
712 4974 799 5013 res
825 4960 1125 5012 certissimo
1162 4948 1593 5026 arguu'iento'ita
1628 4962 1722 5012 de-

210 5026 464 5102 monstrari
484 5026 971 5102 possit?'Profectio
994 5028 1082 5081 illa
1106 5042 1265 5097 quam
1292 5036 1409 5093 post
1438 5041 1525 5079 xw
1551 5043 1721 5083 annos

210 5098 257 5136 se
279 5098 558 5167 instituisse
598 5098 673 5149 ait
700 5098 915 5162 Paulus,
953 5112 1055 5152 non
1089 5108 1264 5167 potest
1300 5110 1420 5150 esse
1460 5111 1522 5162 ea
1555 5112 1729 5164 quam,

208 5159 408 5211 secundo
450 5162 570 5215 loco
608 5178 855 5221 numerat
902 5159 1104 5221 Lucas."
1144 5167 1249 5220 Nec
1296 5159 1715 5222 rursusteadem

208 5230 523 5303 estcumilla
561 5246 720 5300 quam
764 5249 955 5303 quarto
994 5238 1110 5299 loco
1142 5247 1389 5290 recenset
1437 5239 1577 5289 idem
1610 5237 1715 5290 Lu-

207 5307 301 5349 ω.
324 5296 512 5353 Eadem
648 5296 806 5376 igitur
834 5324 954 5361 cum
989 5296 1080 5362 illa
1106 5321 1266 5376 quam
1300 5307 1510 5360 tertiam
1541 5304 1714 5361 Lucas

207 5376 572 5444 pommemorat.
589 5370 740 5444 Quod
766 5389 869 5428 non
894 5380 1061 5444 possit
1083 5370 1201 5431 esse
1228 5376 1313 5429 illa
1337 5390 1453 5443 qua:
1478 5380 1712 5431 secundo

207 5430 681 5515 loeo_n_umeratur_a
715 5430 1037 5515 Luca,'7hinc
1070 5430 1292 5515 apparet
1315 5463 1328 5497 :
1349 5430 1557 5499 Paulus
1584 5430 1711 5502 tune

207 5505 265 5585 ad
286 5506 582 5563 deferendas
622 5509 845 5585 fratrum
870 5505 1236 5585 eleemos'yiias
1281 5526 1483 5569 tantum
1514 5517 1710 5571 missus

207 5583 307 5654 esu;
334 5592 423 5654 nec
455 5593 575 5654 cuin
600 5580 870 5654 apostolis
908 5580 1201 5638 collocutus
1230 5597 1331 5646 est,
1356 5587 1551 5654 quippe
1586 5601 1705 5639 cum

208 5638 464 5721 Ecclesium
509 5638 817 5721 Jttdzeortim
864 5660 989 5703 tunc
1035 5638 1280 5705 maxime
1298 5638 1706 5721 peeseq'ueretur

208 5707 428 5787 [let-oder,
460 5729 516 5775 et
547 5718 750 5774 Petrus
786 5720 837 5773 in
870 5722 1094 5776 vinculis
1142 5707 1310 5776 esset:
1346 5707 1699 5787 Quamobrem
