3996 6342
200 370 282 424 153
1008 440 1013 459 μ
1136 362 1486 419 HISTORIA}
1525 360 2075 419 ECCLESIASTICJE
2114 363 2240 418 LIB.
2278 363 2322 418 ll

3264 362 3361 415 154

200 484 445 554 ξάνδρειαν
476 482 851 553 συμϐεϐηκότα
888 482 1179 544 Ἰουδαίοις,
1207 483 1299 535 ἐπὶ
1332 481 1425 534 τοῦ
1467 481 1716 551 δηλουμέ-

1829 484 2106 540 virtutibus
2131 481 2428 552 inscripsit,
2474 474 2674 531 Judteis
2714 476 3093 530 Alexandriam
3128 475 3371 527 incolen-

196 594 283 637 νου,
300 576 353 626 ἐν
383 572 613 642 δευτέρῳ
645 563 1096 643 συγγράμματιῷ
1121 570 1395 641 ἐπέγραψε
1420 572 1557 637 Περὶ
1586 572 1719 637 ἁρε-

195 663 436 733 τῶν(20),
476 665 689 734 ἱστορεῖ.
735 663 951 733 Συνᾴδει
987 662 1032 715 δ’
1064 661 1211 731 αὐτῷ
1245 663 1338 715 καὶ
1370 664 1399 714 ὁ
1442 661 1718 732 Ἰώσηπος,

196 754 365 825 ὁμοίως
407 752 513 807 ἀπὸ
552 752 659 805 τῶν
694 751 923 805 Πιλάτου
954 752 1157 822 χρόνων
1189 753 1282 806 καὶ
1310 753 1416 806 τῶν
1456 752 1597 807 κατὰ
1626 752 1720 805 τοῦ

196 846 413 917 Σωτῆρος
444 838 597 914 ἡμῶν
633 847 1066 919 τετολμημένων,
1096 848 1193 911 τὰς
1232 846 1372 901 κατὰ
1404 844 1598 907 παντὸς
1628 844 1721 896 τοῦ

197 937 351 998 ἔθνους
373 936 694 1006 ἐνάρξασθαι
722 939 994 1009 σημαίνων
1020 939 1317 1009 συμφοράς.
1354 937 1549 989 Ἀκουε
1566 935 1610 988 δ’
1630 931 1719 987 οὖν

198 1024 267 1080 οἷα
280 1027 361 1080 καὶ
377 1020 527 1090 οὗτος
548 1032 604 1081 ἐν
626 1029 860 1100 δευτέρῳ
875 1031 967 1083 τοῦ
985 1030 1312 1084 Ἰουδαϊκοῦ
1327 1027 1597 1095 Πολέμου
1620 1027 1719 1079 αὐ-

142 1146 145 1149 ·
197 1120 293 1180 ταῖς
322 1117 598 1181 συλλαϐαῖς
628 1118 776 1188 δηλοῖ
798 1119 995 1187 λέγων·
1038 1138 1057 1171 α
1085 1118 1356 1189 Πεμφθεὶς
1382 1118 1437 1170 δὲ
1469 1119 1549 1181 είς
1588 1119 1718 1169 Ἰου-

198 1211 325 1263 δαίαν
352 1209 637 1279 ἐπίτροπος
666 1210 769 1262 ὑπὸ
788 1210 1033 1280 Τιϐερίου
1056 1210 1300 1273 Πιλάτος,
1327 1209 1537 1277 νύκτωρ
1560 1225 1720 1261 κεκα-

197 1301 439 1370 λυμμένας
467 1302 544 1377 είς
589 1301 924 1372 Ἰεροσόλυμα
952 1300 1363 1371 παρεισκομίζει
1394 1300 1494 1362 τὰς
1513 1298 1719 1351 Καίσα-

198 1410 275 1463 ρος
299 1393 497 1456 εἰκόνας
518 1409 530 1420 ’
560 1395 786 1462 σημαῖαι
808 1390 1110 1444 καλοῦνται.
1144 1392 1313 1443 Τοῦτο
1344 1390 1460 1461 μεθ’
1483 1390 1715 1460 ἡμέραν,

199 1486 427 1556 μεγίστην
476 1487 717 1555 ταραχὴν
765 1486 951 1555 ἤγειρε
998 1488 1108 1546 τοῖς
1165 1483 1454 1546 Ἰουδαίοις.
1500 1484 1562 1535 Οἱ
1612 1482 1719 1552 γὰρ

195 1578 355 1645 ἐγγὺς,
382 1562 510 1646 πρὸς
530 1577 626 1647 τὴν
650 1577 769 1645 ὄψιν
798 1576 1188 1646 ἐξεπλάγησαν,
1212 1576 1287 1637 ὼς
1321 1572 1717 1643 πεπατημένων

194 1669 349 1731 αὐτοῖς
376 1667 479 1737 τῶν
520 1668 715 1738 νόμων.
760 1668 920 1720 Οὐδὲν
951 1667 1058 1736 γὰρ
1100 1666 1338 1732 ἀξιοῦσιν
1380 1668 1436 1719 ἐν
1467 1668 1530 1734 τῇ
1567 1664 1718 1716 πόλει

193 1759 406 1829 δείκηλον
462 1759 721 1811 τίθεσθαι.
748 1778 765 1809 ι
825 1758 1008 1813 Ταῦτα
1056 1759 1110 1811 δὲ
1167 1758 1457 1829 συγκρίνας
1503 1759 1566 1826 τῇ
1610 1756 1717 1809 τῶν

1830 576 1971 627 libus
2021 570 2315 637 supradicti
2365 567 2480 620 Caii
2511 568 2814 636 principatu
2846 567 3133 635 contigisse
3177 567 3395 619 refert-

1825 662 1923 716 Cui
1957 660 2278 728 astipulatur
2309 659 2468 712 etiam
2514 655 2808 725 Josephus,
2833 657 2923 724 qui
2951 670 3218 715 arumnas
3250 655 3372 709 illas

1826 752 2020 822 quibus
2042 749 2345 805 Iudaeorum
2376 762 2508 816 gens
2535 746 2834 801 conﬂictata
2863 754 2964 807 est,
2998 748 3106 815 jam
3139 748 3261 825 inde
3302 746 3373 799 ab

1827 843 1958 913 ipsis
1989 842 2149 895 Pilati
2199 840 2546 908 temporibus,
2572 848 2624 893 et
2674 851 2703 892 a
2750 838 2953 891 scelere
2984 837 3074 889 illo
3116 836 3373 890 adversus

1827 936 2172 988 Servatorem
2196 941 2437 987 nostrum
2470 929 2709 982 admisso
2739 936 2889 982 ortas
2917 941 3039 981 esse
3085 924 3368 993 signiﬁcat.

1824 1026 2139 1090 Audiamus,
2169 1024 2211 1078 si
2244 1023 2435 1093 placet,
2467 1036 2585 1089 qua:
2608 1020 2696 1073 ille
2741 1019 2793 1071 in
2822 1017 3063 1073 secundo
3112 1015 3244 1068 Belli
3269 1013 3371 1067 Ju-

1823 1118 1966 1170 daici
1996 1117 2133 1169 libro
2162 1114 2326 1169 refert
2355 1116 2438 1167 his
2475 1112 2691 1166 verbis:
2728 1130 2745 1162 ‹
2781 1110 3010 1166 Pilatus.
3044 1110 3236 1177 inquit,
3280 1108 3371 1177 qui

1823 1223 1852 1260 a
1893 1207 2110 1261 Tiberio
2140 1214 2451 1274 procurator
2479 1204 2530 1258 in
2560 1203 3036 1268 Judzeam’missus
3065 1200 3259 1264 fuerat,
3292 1217 3374 1254 vc-

1823 1300 1959 1353 latas
1979 1297 2207 1353 Caesaris
2231 1296 2494 1366 imagines
2513 1311 2632 1364 qua:
2657 1296 2805 1365 signa
2832 1296 3187 1363 appellantur,
3214 1306 3372 1347 noctu

1824 1390 2001 1444 intulit
2030 1388 2413 1458 Hierosolyma.
2444 1387 2514 1440 Ea
2542 1402 2627 1441 res
2659 1387 2815 1465 siiqu
2848 1397 3012 1453 atque
3032 1386 3146 1441 dies
3176 1387 3369 1447 illuxit,

1823 1479 2111 1533 maximum
2144 1478 2430 1531 tumultum
2480 1478 2737 1531 excitavit
2759 1474 3089 1531 "Iudaeorum.
3125 1478 3256 1532 Nam
3286 1479 3377 1547 qui

1825 1571 1875 1622 in
1931 1569 2177 1636 proximo
2203 1577 2378 1630 erant,
2416 1584 2551 1621 novo
2591 1568 2902 1635 spectaculo
2930 1570 3143 1622 attoniti
3187 1570 3375 1623 obstu-

1822 1674 2008 1727 puere,
2038 1672 2255 1727 prorsus
2291 1658 2443 1723 quasi
2474 1662 2657 1725 patriae
2682 1658 2823 1727 leges
2851 1659 3182 1713 conculcata:
3208 1660 3378 1714 viola-

1824 1763 1996 1821 tzeque
2046 1760 2248 1806 essent.
2302 1751 2460 1805 Nefas
2512 1752 2854 1820 quippejllis
2902 1762 2986 1806 est
3028 1752 3375 1806 simulacrum
3429 1814 3439 1819 _

197 1826 518 1921 Εὐαγγελίων
559 1852 763 1920 γραφῇ,
797 1848 914 1918 εἴσῃ
939 1849 1013 1911 ὡς
1041 1850 1137 1901 οὐκ
1174 1850 1251 1911 εἰς
1286 1826 1497 1918 μακρὰν
1530 1849 1716 1910 αὐτοὺς

1823 1846 1987 1897 ullum
2024 1844 2076 1896 in
2107 1843 2237 1896 urbe
2259 1851 2516 1896 statuere.
2552 1862 2570 1893 ι
2602 1826 2729 1908 ριιῶ
2754 1843 2964 1910 quidem
2991 1845 3035 1898 si
3061 1859 3179 1897 cum
3209 1859 3371 1896 evan-

198 1941 425 2009 μετῆλθεν
448 1940 579 2007 (21),
612 1941 677 2010 ἢν
705 1939 934 2010 gemam
964 1942 1047 1991 ἐπ’
1078 1940 1238 1991 αὑτοῦ
1264 1939 1492 1992 Πιλάτου
1518 1938 1717 2008 φωνὴν,

193 2034 249 2085 δι’
270 2028 329 2103 ἧς
353 2034 445 2085 οὐκ
472 2033 625 2085 ἄλλον
649 2032 679 2101 ἢ
712 2032 867 2100 μόνον
897 2031 1034 2099 ἔχειν
1086 2030 1322 2083 ἐπεϐόων
1352 2031 1603 2100 Καίσαρα
1626 2030 1720 2099 βα-

196 2124 344 2176 σιλέα.
370 2121 497 2176 Εἶτα
532 2124 589 2176 δὲ
634 2124 725 2174 καὶ
758 2122 921 2191 ἄλλην
963 2122 1089 2189 ἑξῆς
1134 2123 1162 2173 ὀ
1195 2122 1352 2183 αὐτὸς
1378 2123 1718 2192 συγγραφεὺς

192 2216 371 2284 ίπορεί
391 2213 660 2283 μετελθεῖν
681 2211 872 2272 αὐτοὺς
896 2210 1176 2280 συμφορὰν
1197 2212 1253 2261 ἐν
1271 2210 1476 2272 τούτοις
1495 2227 1507 2239 ·
1538 2210 1718 2261 «Μετὰ

196 2299 246 2352 δέ
277 2298 436 2351 ταῦτα
470 2299 711 2368 ταραχὴν
744 2298 933 2366 ἐτέραν
970 2299 1163 2359 ἐκίνει,
1201 2298 1291 2348 τὸν
1330 2296 1470 2365 ἱερὸν
1515 2294 1718 2362 θησαυ-

196 2388 281 2458 ρὴν
312 2387 566 2457 (καλεῖται
604 2389 660 2440 δὲ
697 2388 973 2458 κορϐονᾶς)
1013 2390 1091 2450 είς
1140 2386 1463 2456 καταγωγὴν
1514 2384 1719 2438 ὑδάτων

195 2480 551 2543 ἐξαναλίσκων.
597 2481 802 2550 Κατῄει
846 2482 903 2533 δέ
958 2482 1065 2533 ἀπὸ
1110 2480 1430 2550 τριακοσίων
1472 2477 1718 2531 σταδίων.

195 2572 321 2640 Πρὸς
361 2572 512 2626 τοῦτο
554 2573 648 2627 τοῦ
696 2572 928 2643 πλήθους
970 2572 1335 2639 ἀγανάκτησις
1360 2566 1445 2639 ἦν.
1491 2570 1598 2621 Καὶ
1624 2566 1720 2621 τοῦ

195 2661 403 2714 Πιλάτου
446 2666 707 2740 παρρντος
746 2668 824 2727 είς
872 2662 1241 2732 Ἰεροσόλυμα,
1290 2660 1635 2732 περιστάντες
1662 2656 1723 2711 τὺ

194 2748 329 2820 βῆμα
353 2753 479 2821 (22),
512 2755 801 2808 κατεϐόων.
840 2755 897 2807 ’0
924 2755 999 2817 δέ,
1037 2753 1255 2824 προῄδει
1289 2752 1396 2821 γὰρ
1425 2750 1598 2803 αὐτῶν
1626 2750 1724 2818 τὴν

192 2844 431 2915 ταραχὴν,
463 2846 537 2916 τῷ
573 2846 763 2917 πλήθει
798 2846 920 2907 τοὺς
954 2846 1285 2915 στρατιώτας
1313 2839 1563 2903 ἓνὸπλους
1612 2842 1721 2911 (εὖ)

1824 1918 1991 2005 gelica
2015 1935 2237 1987 historia
2265 1934 2512 1988 conferre
2544 1935 2799 1997 volueris,
2832 1936 3098 2004 intelliges
3127 1936 3371 2002 profecto

1825 2026 2268 2079 acclamationem
2325 2024 2491 2087 illam,
2519 2039 2619 2091 qua
2664 2025 2837 2079 Pilato
2881 2029 3055 2079 testati
3092 2036 3233 2089 sunt,
3265 2044 3369 2081 non

1824 2118 1988 2170 alium
2021 2116 2119 2169 sibi
2146 2130 2320 2182 regem
2354 2130 2472 2168 esse
2506 2132 2665 2182 quam
2706 2118 2991 2183 Cresarem,
3026 2119 3172 2172 brevi
3204 2120 3253 2171 in
3293 2122 3373 2188 ip-

1822 2223 2006 2263 sorum
2040 2207 2260 2259 exitium
2295 2206 2537 2259 vertisse.
2577 2207 2750 2258 Aliam
2781 2208 2971 2260 deinde
3004 2208 3367 2263 calamitatem

1821 2297 1997 2349 divina
2029 2296 2232 2350 ultione
2265 2298 2393 2365 ipsis
2428 2295 2626 2348 illatam
2678 2296 2815 2348 idem
2848 2298 3080 2365 scriptor
3107 2310 3370 2354 memorat

1816 2386 1898 2441 his
1928 2387 2143 2441 verbis:
2185 2404 2202 2436 ι
2240 2386 2369 2440 Post
2415 2386 2547 2451 lizec,
2581 2386 2776 2455 inquit,
2822 2388 2986 2440 alium
3028 2402 3242 2457 quoque
3280 2402 3366 2443 tu-

1806 2457 2044 2530 multum
2071 2476 2208 2530 idem
2231 2476 2434 2530 Pilatus
2484 2478 2757 2543 excitavit,
2780 2493 2899 2532 cum
2927 2481 3204 2548 pecuniam
3225 2482 3363 2535 sacri

1818 2567 1991 2620 aerarii
2031 2568 2172 2636 quod
2216 2568 2507 2622 corbonam
2546 2570 2721 2637 patria
2765 2569 2942 2637 lingua
2983 2572 3273 2639 appellant,
3311 2573 3367 2627 in

1820 2659 2272 2713 constructionem
2334 2660 2686 2727 aquaaductus
2755 2661 3104 2728 impenderet.
3164 2663 3366 2721 Aberat

1821 2747 1998 2802 autem
2030 2764 2164 2817 aqua
2189 2764 2349 2819 quam
2378 2749 2641 2803 deducere
2668 2750 2719 2802 in
2748 2752 2931 2804 urbem
2983 2751 3182 2808 Pilatus
3215 2756 3365 2813 vole-

1822 2842 1932 2903 bat,
1963 2841 2219 2895 trecentis
2254 2842 2319 2894 ab
2350 2842 2480 2895 urbe
2513 2843 2721 2896 stadiis.
2764 2842 2815 2895 Id
2847 2844 2995 2912 plebs
3017 2860 3157 2914 aegre
3185 2848 3369 2918 admoo

191 2934 393 3004 ἐσθῆσιν
421 2938 709 3001 ίδιωτικαῖς
737 2936 1175 3008 κεκαλυμμένους
1216 2934 1600 3005 ἐγκαταμίξας,
1632 2934 1716 2986 καὶ

1824 2933 1948 2985 dum
1980 2932 2203 2985 ferebat.
2242 2932 2427 3001 Itaque
2457 2947 2575 2985 cum
2611 2932 2813 2987 Pilatus
2848 2935 3083 2989 venisset
3118 2936 3368 2993 llieroso-

248 3090 379 3164 (20f
401 3093 520 3164 ’Er_
546 3092 799 3160 δευτέρῳ
862 3094 1265 3163 συγγράμματι
1324 3086 1371 3159 ᾧ
1432 3094 1716 3162 ἐπέγραψε

1834 3091 2034 3145 Christi
2056 3101 2294 3164 mortem
2323 3092 2629 3164 contigisse.
2657 3092 2814 3161 Atqui
2861 3093 3121 3159 Iosephus
3150 3096 3261 3164 ipse
3289 3108 3367 3151 te-

187 3160 584 3228 Περὶάρετῶν.
639 3163 693 3214 In
730 3160 1020 3226 superiori
1052 3160 1225 3228 capite
1275 3160 1717 3227 observaviinus,

188 3229 364 3302 librum
398 3230 632 3302 Philonis
671 3234 722 3284 in
777 3230 1025 3302 Flacqim
1056 3233 1423 3287 collocandum
1456 3249 1573 3287 esse
1600 3242 1720 3302 post

186 3297 366 3352 librum
420 3301 491 3353 De
522 3303 777 3369 legatione
816 3300 883 3353 ad
910 3300 1117 3364 Caium,
1168 3319 1271 3355 non
1302 3312 1479 3356 autem
1513 3297 1720 3372 νεώρη-

186 3372 503 3429 nendum,ut
558 3372 715 3437 vulgo
750 3373 805 3423 tit
836 3372 887 3423 in
920 3372 1079 3423 editis
1129 3382 1183 3424 et
1235 3373 1719 3438 in-manuscriptis

186 3439 580 3507 exemplaribus.
608 3440 767 3505 idque
791 3440 1001 3492 duobus
1025 3441 1358 3507 argumentis
1389 3444 1720 3495 demonstra-

185 3506 361 3575 vimus,
388 3522 503 3572 quaa
541 3509 629 3560 hic
657 3518 918 3570 'repetere
968 3506 1289 3575 superﬂuum
1341 3510 1519 3564 fuerit.
1568 3510 1719 3565 Nunc

184 3587 297 3624 vero
323 3574 407 3627 hic
451 3576 665 3628 Eusebii
716 3576 865 3629 locus
903 3574 1061 3642 quem
1114 3592 1222 3644 pra:
1275 3580 1519 3632 manibus
1550 3581 1711 3633 habe-

186 3656 309 3703 mus,
337 3646 650 3695 sententiam
693 3654 927 3697 nostram
980 3656 1161 3710 aperte
1218 3646 1517 3699 conlirmat.
1562 3649 1717 3700 Post-

185 3724 326 3776 quam
400 3714 539 3764 enim
593 3712 847 3764 Eusebius
886 3712 1025 3761 mala
1082 3715 1273 3779 quibus
1323 3714 1491 3767 Judaei
1529 3732 1554 3767 a
1588 3718 1719 3770 Caio

186 3780 344 3832 vexati
370 3792 510 3845 sunt,
536 3798 601 3834 ex
628 3780 865 3833 Philonis
901 3780 1035 3833 libro
1060 3780 1135 3833 lle
1164 3781 1415 3849 legatione
1441 3786 1507 3836 ad
1532 3786 1717 3837 Caium

187 3850 475 3918 singillatim
527 3850 984 3920 commemoravit,
1042 3850 1208 3920 addit.
1262 3852 1465 3920 inultas
1508 3868 1718 3920 quoque

187 3916 303 3972 alias
348 3922 693 3987 gravi~simas
722 3918 1073 3987 calamitates
1103 3916 1303 3971 Iudaeis
1336 3916 1715 3973 Alexandrinis

186 4002 290 4041 esse
332 3992 505 4043 illatas
556 3990 790 4056 ejusdem
839 3988 953 4042 Caii
1006 3988 1329 4055 principatu,
1385 4004 1517 4056 quas
1556 3991 1717 4042 refert

186 4056 320 4113 Philo
354 4061 403 4112 iu
435 4061 665 4113 secundo
704 4060 839 4111 libro
872 4058 946 4110 De
983 4058 1277 4112 virtutibus.
1316 4057 1409 4110 llic
1454 4060 1716 4110 secundus

186 4127 304 4197 liber
331 4146 435 4182 non
473 4140 647 4197 potest
680 4143 796 4182 esse
844 4128 978 4180 alius
1008 4143 1164 4195 quam
1196 4127 1328 4180 liber
1359 4128 1412 4179 in
1442 4126 1712 4197 Flaccum.

186 4194 285 4266 Non
327 4194 484 4251 enim
507 4200 607 4252 dici
639 4208 812 4266 potest
841 4214 961 4252 eum
1002 4198 1173 4265 ipsum
1224 4211 1343 4251 esse
1389 4197 1581 4266 librum
1627 4196 1714 4261 qui

186 4265 251 4319 De
276 4270 526 4335 iegatione
557 4270 625 4319 ad
642 4265 850 4323 ’Caium
876 4268 1209 4330 inscribitur,
1243 4282 1362 4320 cum
1388 4265 1715 4335 Legationem

187 4340 244 4386 ad
272 4334 456 4391 Citium
502 4340 699 4391 diserte
752 4338 1043 4405 distinguat
1079 4337 1341 4391 Eusebius
1373 4338 1438 4389 ab
1472 4334 1579 4390 hoc
1627 4350 1716 4389 se-

187 4409 341 4475 cundo
371 4406 447 4475 De
484 4408 757 4461 virtutibus
785 4408 941 4461 libro.
975 4405 1157 4475 Resta_t
1185 4422 1312 4475 ergo
1344 4416 1403 4458 ut
1454 4408 1715 4459 secundus

186 4474 262 4545 hic
293 4474 421 4530 liber
450 4478 519 4530 sit
567 4477 653 4530 ille
704 4479 815 4544 ipse
864 4476 953 4545 qui
997 4477 1053 4528 in
1084 4472 1351 4545 Flaccum
1382 4476 1710 4529 inscribitur.

186 4544 317 4598 Adde
343 4546 485 4613 quod
512 4562 615 4599 non
670 4548 719 4599 in
758 4548 862 4599 alio
884 4544 1051 4613 quam
1082 4544 1136 4597 in
1180 4545 1268 4597 illo
1292 4546 1540 4598 adversus
1564 4546 1719 4596 Flac-

188 4628 290 4684 cum
348 4616 519 4677 libro,
554 4618 899 4684 gravissimas
953 4614 1068 4684 illas
1102 4614 1473 4684 calamitates
1520 4615 1716 4669 Judazis

188 4682 752 4749 Alexandrinis—illatas
778 4684 960 4739 retulit
998 4682 1170 4736 Philo.
1208 4683 1287 4735 Ex
1323 4699 1433 4750 quo
1478 4700 1718 4737 necessa-

189 4750 259 4801 rio
287 4756 585 4817 conficitur,
614 4757 901 4809 secundum
936 4755 1080 4806 illum
1130 4753 1205 4804 De
1240 4753 1519 4807 virtutibus
1548 4754 1719 4807 Philo-

190 4820 271 4892 llis
284 4820 493 4887 librum,
513 4841 614 4877 non
641 4825 803 4877 alium
833 4839 947 4876 esse
968 4836 1125 4892 quam
1155 4821 1346 4892 librum
1370 4824 1423 4875 in
1448 4822 1713 4877 Flaccum.

189 4883 273 4967 Qui
304 4883 518 4967 quidem
554 4895 687 4967 liber
715 4883 1215 4967 inscriptus___fuerat
1248 4891 1531 4967 aDPhiloue
1579 4894 1717 4967 Περὶ

190 4953 412 5035 ἐρετῶν,
460 4965 775 5035 perinde_ac
819 4953 973 5035 prior
1002 4961 1088 5013 ille
1127 4961 1213 5035 qui
1263 4958 1594 5035 begationem
1648 4953 1715 5016 ad

190 5024 356 5098 Caium
386 5024 646 5085 continet.
686 5024 873 5085 Docuit
925 5032 975 5084 id
1016 5045 1114 5083 nos
1144 5024 1247 5081 ’hic
1274 5024 1487 5082 Eusebii
1523 5034 1671 5086 locus
1699 5050 1712 5098 ;

190 5094 575 5167 cuijungendus
593 5112 673 5153 est
699 5102 832 5155 alter
863 5117 926 5154 ex
958 5102 1131 5167 capite
1162 5099 1225 5151 18
1256 5099 1413 5162 hujus
1443 5100 1561 5152 hbri
1582 5142 1598 5165 ,
1623 5094 1711 5155 ubi

192 5169 395 5238 testatur
418 5166 679 5223 Eusebius
731 5171 909 5238 plures
953 5166 1114 5223 libros
1148 5171 1212 5221 de
1261 5169 1551 5221 sceleribus
1597 5172 1711 5223 Caii

191 5231 463 5307 aPhilone
492 5231 855 5307 conscriptos
898 5256 1016 5293 esse
1068 5253 1198 5305 quos
1232 5238 1318 5288 ille
1370 5239 1596 5303 tigurate
1642 5240 1713 5294 De

191 5303 438 5376 rirtutibus
490 5303 780 5376 inscripsit.
829 5310 1005 5373 Quare
1046 5303 1153 5376 hoc
1192 5308 1307 5358 loco
1330 5307 1517 5376 malim
1568 5309 1711 5376 lege-

191 5370 354 5509 Εἰπὲ)
397 5370 1073 5459 δευτέρῳουγγράμματι
1120 5370 1191 5432 ὧν
1245 5373 1517 5445 ἐπέγραψε
1572 5370 1710 5446 Περὶ

309 5460 406 5494 ων.

309 5460 406 5494 ων.

251 5514 348 5583 (21)
368 5512 524 5579 Εἴσῃ
649 5513 776 5584 οὐκῄ
800 5517 886 5578 εὶς
899 5512 1131 5584 μακρὰν
1157 5514 1373 5580 αὐτοὺς
1392 5514 1705 5583 μετῆλθεν.

195 5577 289 5635 Hoc
315 5577 430 5637 loco
456 5577 737 5653 perspicue
767 5577 1121 5653 halluciuatur
1149 5577 1425 5647 Eusebius,
1474 5586 1566 5651 qoi
1610 5602 1709 5653 pu-

198 5653 311 5724 tagit
332 5668 393 5707 ea
416 5648 537 5722 qua:
563 5648 825 5724 Iosephus
852 5652 1016 5724 refert
1064 5657 1129 5724 de
1163 5648 1707 5724 imaginibus-Tiberii

193 5719 390 5779 aPilato
416 5719 717 5793 importatis
744 5719 797 5774 in
848 5723 1031 5777 urbem
1080 5719 1520 5793 Hierosolymam,
1590 5736 1709 5792 post

1741 4444 1792 4503 D

1829 3170 2017 3224 statur,
2053 3162 2103 3214 id
2148 3163 2410 3215 accidisse
2455 3163 2609 3215 initio
2658 3164 3141 3219 administrationis
3169 3162 3361 3221 Pilati.

1821 3231 2083 3308 Sic-enim
2105 3232 2319 3308 scribit
2455 3232 2586 3308 libro
2611 3247 2645 3283 Il
2681 3233 2752 3285 De
2774 3234 2903 3308 bello
2923 3232 3155 3308 ίημαὶεο
3182 3252 3200 3288 :
3228 3238 3366 3308 Πεμ-

1820 3300 1969 3369 φθεὶς
1990 3301 2044 3353 δὲ
2071 3303 2151 3373 είς
2186 3301 2440 3353 Ἰουδαίαν
2463 3301 2750 3373 ἐπίτροπος
2790 3303 2891 3354 ὑπὸ
2922 3303 3165 3373 Τιϐερίου
3202 3300 3365 3360 Πιλᾶ-

1820 3388 1928 3433 τος,
1961 3380 2063 3423 etc.
2091 3370 2229 3423 ldem
2253 3387 2464 3439 quoque
2492 3370 2730 3436 apertius
2752 3382 2974 3425 testatur
3001 3370 3211 3427 in‘libro
3231 3393 3356 3431 xvm

1820 3442 2220 3509 Antiquitatum.
2253 3440 2443 3493 Missus
2473 3453 2552 3493 est
2587 3451 2763 3492 autem
2807 3443 2858 3493 in
2895 3440 3129 3497 .ludteam
3164 3445 3361 3498 Pilatus

1820 3525 1962 3564 anno
1990 3509 2189 3581 Tiberii
2220 3510 2559 3581 duodecimo,
2605 3510 2655 3581 id
2676 3518 2758 3563 est
2786 3511 3013 3564 triennio
3044 3525 3168 3567 ante
3195 3516 3365 3581 bapti-

1818 3594 1993 3652 smum
2018 3578 2235 3652 Christi,
2267 3580 2571 3652 Alisurdtmi
2609 3580 2770 3645 igitur
2792 3590 2879 3652 est
2903 3582 3101 3652 dice_re,
3152 3598 3214 3635 ea
3244 3578 3361 3652 qua‘

1819 3645 2014 3699 Judreis
2041 3650 2351 3700 acciderunt
2378 3647 2466 3699 diu
2500 3656 2625 3699 ante
2659 3650 2966 3713 passionem
3002 3650 3217 3711 Christi,
3256 3645 3359 3706 non

1817 3718 1885 3767 ob
1911 3716 2071 3767 aliam
2103 3731 2316 3768 causam
2343 3731 2500 3782 quam
2537 3717 2604 3769 ob
2637 3717 2813 3769 scelus
2843 3718 2967 3768 illml
3010 3720 3057 3768 in
3088 3720 3360 3776 Christum

1819 3785 2131 3856 admissum,
2159 3787 2288 3856 ipsis
2312 3785 2617 3856 contigisse.
2653 3784 2753 3856 ‘Est
2794 3786 3022 3856 etaliud
3057 3790 3356 3856 quidpiam,

1817 3854 1956 3918 quod
1984 3854 2034 3903 in
2066 3852 2296 3905 Eusebio
2322 3853 2547 3904 fortasse
2574 3853 2695 3918 quis
2733 3854 2899 3920 possit
2947 3852 3355 3919 reprehendere.

1817 3921 2153 3990 [Existimavit
2198 3920 2657 3990 enjmrEusebius,
2699 3937 2860 3974 unum
2907 3922 3152 3990 idemque
3200 3924 3357 3979 Pilati

1816 3987 2025 4040 facinus
2058 3996 2164 4039 tum
2196 4003 2223 4038 a
2254 3988 2639 4057 Philone,rtum
2678 4004 2707 4040 a
2753 3990 2985 4057 .Iosepho
3032 3987 3359 4046 commemo-

1818 4057 1961 4123 rari};
1992 4070 2111 4126 cum
2147 4066 2319 4109 tamen
2353 4058 2395 4109 si
2426 4056 2547 4123 quis
2576 4056 3214 4126 oiligentiusiintenderit,
3240 4065 3357 4117 dua:

1820 4125 1920 4197 illa:
1944 4140 2007 4197 ac
2036 4124 2258 4197 diversa:
2298 4140 2382 4197 res
2412 4140 2549 4197 esse,
2574 4128 2873 4179 videantur.
2910 4126 3172 4197 Iosephus
3203 4124 3355 4186 enim

1816 4194 2051 4266 loquitur
2100 4195 2363 4266 designis
2400 4208 2491 4266 seu
2523 4195 2585 4246 de
2632 4197 2952 4263 imaginibus
2997 4194 3357 4266 imperatoris,

1814 4262 1967 4337 Philo
2002 4278 2125 4337 vero
2155 4265 2217 4337 de
2245 4264 2439 4333 clypeis
2472 4266 2691 4337 auratis,
2720 4262 2807 4337 qui
2837 4268 3032 4320 nullam
3067 4262 3353 4337 imaginem

1816 4331 2096 4395 baberent,
2129 4336 2220 4388 sed
2247 4331 2435 4387 nomen
2472 4334 2731 4387 duntaxat
2760 4334 2963 4391 Tiberii
3010 4331 3237 4393 Caesaris
3270 4342 3383 4396 cui'

1818 4404 2221 4476 dedic‘abantur,
2248 4419 2391 4476 cum
2428 4405 2641 4458 nomine
2675 4406 2829 4476 Pilati
2877 4410 2965 4476 qui
3015 4423 3108 4462 eos
3138 4410 3356 4464 dedica-

1819 4474 1924 4545 bat.
1954 4471 2215 4528 Prauerea
2246 4475 2293 4528 id
2326 4476 2465 4545 quod
2488 4486 2672 4545 narrat
2698 4471 2983 4545 Josephus,
3006 4479 3357 4534 acciditoanno

1817 4544 1989 4610 primo
2012 4544 2491 4597 administrationis
2522 4543 2697 4609 Pilati,
2732 4543 2859 4601 tunc
2880 4565 3001 4601 cum
3031 4548 3231 4602 Pilatus
3264 4566 3356 4600 ur-

1818 4617 1937 4665 bem
1971 4612 2767 4687 Hierosolymitanamprimum
2802 4619 3074 4687 ingressus
3098 4629 3195 4671 est.
3220 4619 3350 4672 Illud

1822 4696 2010 4756 autem
2034 4687 2173 4756 quod
2217 4682 2383 4739 refert
2416 4682 2607 4756 Philo,
2636 4701 2728 4738 seu
2782 4682 2957 4756 potius
2991 4702 3083 4740 rex
3121 4689 3352 4756 Agrippa

1818 4754 1953 4820 apud
1982 4753 2278 4818 Philonem,
2304 4765 2438 4825 tunc
2461 4754 2693 4825 contigit
2719 4772 2839 4808 cum
2869 4755 3068 4810 Pilatus
3098 4753 3206 4825 jam
3238 4753 3354 4824 plu-

1815 4838 1903 4895 res
1924 4838 2093 4877 annos
2116 4823 2595 4895 administrationis
2631 4840 2737 4878 suae
2770 4823 3111 4895 complesset,
3153 4835 3209 4878 ut
3242 4823 3348 4878 ibi-

1816 4894 1934 4944 dem
1972 4902 2195 4946 testatur
2220 4893 2389 4947 Philo.

1886 4960 1994 5030 (22)
2020 4962 2410 5029 Περιστάντες
2434 4960 2499 5013 τὸ
2538 4960 2726 5030 βῆμα.
2758 4962 2849 5017 Sic
2896 4965 3031 5031 apud
3064 4961 3351 5027 Josephum

1814 5040 1867 5101 et
1896 5031 2250 5097 Nicephorum
2289 5033 2600 5101 legiturLlu
2629 5035 2825 5086 nostris
2875 5044 3045 5085 tamen
3078 5031 3348 5101 codicibus

1814 5098 1949 5151 Maz.
1975 5102 2191 5171 scilicet
2229 5098 2367 5154 Medi
2395 5112 2448 5171 et
2468 5170 2474 5171 γ
2496 5100 2625 5153 Fuk.
2667 5104 2919 5166 scriptum
2948 5111 3029 5153 est
3062 5099 3349 5171 mptctdv-

1812 5185 1901 5230 τες
1929 5168 2146 5240 τόλμαν,
2185 5173 2323 5223 haud
2354 5170 2516 5221 dubio
2548 5186 2643 5238 pro
2666 5170 2727 5222 τὸ
2753 5171 2916 5240 βῆμα.

1862 5242 1983 5322 (ἑᾷ).
2030 5239 2187 5322 Vulg:
2241 5243 2537 5322 eryxth
2592 5244 2854 5322 ἵστησιν.
2901 5240 3175 5322 Postrema
3237 5254 3338 5293 vox

1794 5310 1942 5365 deest
1970 5310 2023 5363 in
2048 5312 2253 5380 codice
2296 5310 2461 5380 Regio
2492 5321 2545 5365 et
2587 5314 2725 5380 apud
2757 5310 3079 5377 Jusephum;
3121 5322 3186 5361 ac
3220 5323 3341 5380 meo

1793 5382 2007 5447 quidem
2037 5379 2242 5447 judicio
2270 5378 2633 5448 expungenda’
2654 5390 2734 5434 est
2766 5378 3339 5448 tanquamsupe‘r‘ﬂua.

1792 5445 1913 5503 Mox
1948 5449 2000 5500 in
2029 5445 2196 5503 tribus
2227 5445 2428 5504 nostris
2450 5445 2721 5504 eodicthIs
2744 5445 2899 5508 MazJ,
2930 5445 3066 5499 Med.
3096 5462 3156 5499 ac
3182 5445 3339 5511 Fuk.,

1794 5519 2057 5585 scriptum
2105 5519 2282 5572 inveni
2323 5520 2602 5585 ἐσθήσεσιν
2632 5518 3123 5583 ίδιιιηικαῖςνειίιυο
3157 5517 3229 5571 ita
3262 5519 3339 5570 le-

1795 5564 2936 5712 5.14'iaszsh'as‘52'ﬁiegsiaea
2955 5564 3229 5661 usus;
3242 5564 3341 5659 ﬁo

1890 5657 2029 5726 ἧσιν.
