3978 6342
670 382 772 439 m9

1340 364 1641 427 'EUSEBII
1677 356 2157 425 CAZSABIENSIS
2192 365 2341 421 OPP.
2382 360 2563 417 PARS
2600 361 2640 414 l.
2680 387 2742 401 -—
2785 356 3170 413 HISTOBICA.

2362 130 2400 268 Κ

3758 355 3837 407 tto

671 524 889 587 repente
921 515 1067 569 illum
1112 513 1179 567 ab
1222 508 1415 577 angelo
1442 509 1534 562 Dei
1564 500 1876 576 percussum
1901 519 2020 560 esse
2054 517 2218 558 sacra:

2329 472 2391 564 δέ
2416 500 2507 553 ἐπὶ
2538 503 2685 570 φωνῇ
2730 499 2850 555 θεοῦ
2874 500 2965 552 καὶ
3000 498 3099 550 οὐκ
3131 493 3435 566 ἀνθρώπου,
3460 495 3781 565 παραχρῆμα
3799 499 3842 550 τὺ

2308 590 2499 657 ’λόγιον
2528 586 2759 651 πατάξαι
2788 587 2949 641 αὑτὸν
2990 585 3214 653 ἄγγελον
3240 583 3443 654 Κυρίου
3469 584 3683 653 ἱστορεῖ,
3717 588 3842 651 γενό-

670 611 863 664 littera:
892 612 1185 665 testantur,
1215 610 1271 655 et
1303 598 1642 654 a'vermibus
1671 606 2043 663 consumptum
2087 598 2218 648 inte-

673 703 848 757 riisse.
877 699 1141 754 Caeterum
1191 691 1377 747 mirari
1443 690 1585 745 subit
1633 688 1850 757 Josephi
1899 688 2218 751 hiswriam,‘

669 794 866 863 quippe
880 805 1000 868 quae
1020 790 1073 842 in
1106 785 1264 853 hujus
1286 782 1532 837 miraculi
1559 790 1869 836 narratione
1890 796 2012 834 cum
2040 780 2218 833 divina

671 883 951 950 Scriptura
984 878 1137 948 plane
1171 874 1493 931 consentiat.
1534 872 1592 927 In
1638 888 1701 927 ea
1749 872 1893 926 enim
1936 871 2217 925 veritatem

670 970 977 1027 testimonio
1019 983 1115 1021 suo
1155 982 1217 1020 ac
1259 965 1511 1035 suffragio
1552 964 1841 1033 perspicue
1883 964 2213 1031 comprobat,

670 1079 792 1118 cum
824 1075 936 1115 rem
958 1068 1162 1128 gestam
1196 1052 1248 1110 in
1300 1072 1441 1111 nono
1482 1056 1690 1111 decimo
1740 1053 2117 1121 Autiquitatum
2160 1053 2221 1107 li-

668 1157 769 1211 bro
800 1140 1021 1220 exponit
1047 1152 1132 1205 his
1177 1150 1392 1204 verbis:
1428 1168 1446 1201 ι
1473 1148 1707 1215 Tertius,
1750 1150 1952 1217 inquit,
1979 1148 2090 1215 jam
2124 1163 2223 1202 an-

671 1260 776 1298 nus
810 1244 1109 1306 emuxerat,
1134 1256 1198 1296 ex
1227 1255 1333 1309 quo
1357 1241 1523 1295 totius
1557 1238 1753 1294 Iudaeae
1781 1254 1946 1309 regno
1983 1240 2222 1307 potieba-

674 1348 783 1391 tur.
806 1353 922 1390 cum
954 1338 1138 1389 urbem
1165 1335 1465 1391 Cursaream
1492 1335 1772 1400 ingressus
1794 1343 1897 1397 est,
1918 1349 2037 1402 quae
2066 1343 2222 1387 antea

669 1427 940 1483 Stratonis
970 1429 1134 1481 turris
1168 1427 1483 1481 vocabatur.
1524 1426 1597 1479 lbi
1631 1427 1681 1479 in
1714 1426 1972 1479 honorem
1996 1424 2225 1478 Caesaris

670 1519 972 1588 spectacula
998 1518 1267 1583 exhibuit,
1288 1534 1386 1586 pro
1418 1518 1563 1570 illius
1593 1516 1767 1569 salute
1796 1516 1895 1569 hos
1923 1514 2087 1568 festos
2112 1515 2224 1568 dies

670 1608 943 1663 institutos
975 1606 1140 1660 fuisse
1182 1605 1511 1674 intelligens.
1560 1602 1638 1655 Ad
1683 1617 1842 1670 quam
1880 1600 2222 1653 festivitatem

671 1700 923 1767 frequens
964 1709 1219 1749 numerus
1242 1706 1433 1747 eorum
1469 1692 1559 1761 qui
1588 1691 1794 1743 honore
1837 1689 1979 1741 inter
2002 1702 2129 1741 suos
2162 1699 2226 1739 ac

671 1789 933 1857 dignitate
962 1783 1255 1855 pollebant,
1280 1783 1391 1854 48
1412 1798 1478 1835 ex
1509 1790 1619 1835 tota
1648 1779 1922 1849 provincia
1956 1776 2225 1831 conﬂuxe-

2329 680 2485 750 μενόν
2509 696 2567 731 τε
2598 679 3049 749 σκωληκόϐρωτον
3078 676 3321 745 ὲκψύξαι.
3351 674 3637 745 Θαυμάσαι
3667 676 3844 739 δ’άξιον
3918 688 3921 747 γ

3918 720 3921 767 3

2324 769 2432 839 τῆς.
2447 768 2570 838 περὶ
2600 769 2698 838 τὴν
2724 768 2871 821 θείαν
2896 767 3113 837 Γραφὴν
3133 767 3227 819 καὶ
3252 767 3309 817 ὲν
3340 764 3473 834 τῷδε
3494 764 3569 834 τῷ
3593 765 3845 837 παραδόξῳ

2329 858 2640 929 συμφωνίας
2660 858 2757 928 τὴν
2783 856 2874 909 τοῦ
2901 859 3160 927 Ἰωσηπου
3204 855 3456 926 ἱστορίαν.
3490 854 3623 907 Καθ’
3652 857 3715 924 ἣν
3752 856 3847 908 ὲπι-

3916 906 3923 941 i

2330 949 2617 1022 μαρτυρῶν
2641 951 2704 1018 τῇ
2739 947 2964 1022 ἀληθείᾳ
2984 948 3144 1016 δῆλός
3188 938 3331 999 ἐστιν
3369 948 3425 997 ὲν
3448 945 3598 1017 τόμῳ
3622 946 3716 1016 τῆς
3747 947 3847 1013 Ἀρ-

2326 1040 2669 1109 χαιολοτίας
2692 1028 3165 1105 ἐννεακαιδεκάτῳ,
3195 1036 3321 1092 ἔνθα
3348 1037 3529 1100 αὐτοῖς
3557 1036 3848 1108 γράμμασιν
3920 1040 3925 1105 ξ

2327 1124 2428 1183 ὧδέ
2454 1146 2570 1190 πως
2593 1130 2652 1180 τὸ
2691 1126 2873 1197 θαῦμα
2904 1127 3164 1195 διηγεῖται
3188 1145 3203 1158 ·
3239 1145 3257 1177 ι
3295 1125 3485 1195 Τρίτον
3509 1127 3555 1179 δ’
3587 1126 3699 1189 ἔτος
3726 1126 3851 1196 αὐτῷ

2329 1220 2660 1291 βασιλεύοντι
2681 1220 2780 1288 τῆς
2806 1219 2933 1288 ὅλης
2967 1217 3219 1279 Ἰουδαίας
3246 1216 3585 1287 πεπλήρωτο,
3632 1220 3725 1271 καὶ
3745 1226 3752 1233 '
3770 1235 3851 1270 πα-

2330 1314 2428 1384 ρῆν
2455 1314 2533 1375 είς
2566 1313 2716 1365 πόλιν
2744 1312 3097 1380 Καισάρειαν,
3123 1311 3156 1381 ἢ
3195 1311 3256 1363 τὸ
3284 1312 3540 1380 πρότερον
3572 1311 3851 1380 Στράτωνος
3926 1348 3927 1353 η

2330 1404 2537 1475 πύργος
2560 1404 2836 1457 ἐκαλεῖτο·
2875 1404 3139 1455 συνετέλει
3175 1402 3217 1453 δ’
3257 1400 3497 1463 ἐνταῦθα,
3532 1400 3755 1471 θεωρίας
3790 1403 3853 1464 είς

2329 1494 2427 1563 τὴν
2480 1494 2756 1563 Καίσαρος
2804 1494 2988 1561 τιμὴν,
3026 1492 3165 1562 ὑπὲρ
3196 1492 3294 1560 τῆς
3349 1492 3554 1543 ἐκείνου
3612 1491 3854 1560 σωτηρίας

2332 1584 2525 1652 ἑορτήν
2550 1599 2671 1635 τινα
2693 1583 2895 1652 ταύτην
2930 1582 3283 1651 ἐπιστάμενος
3308 1580 3439 1649 (51).
3497 1580 3605 1631 Καὶ
3633 1582 3755 1650 παρ’
3781 1581 3857 1631 αὑ-

2328 1674 2425 1741 τὴν
2452 1672 2701 1743 ἡθροιστο
2730 1671 2835 1725 τῶν
2876 1670 3015 1723 κατά
3045 1672 3142 1741 τὴν
3190 1671 3456 1740 ἐπαρχίαν
3490 1669 3599 1741 (52)
3648 1671 3704 1721 ὲν
3733 1669 3855 1721 τέλει
3928 1692 3931 1693 ν

2331 1762 2425 1813 καὶ
2453 1761 2870 1833 προϐεϐηκότων
2899 1762 2977 1823 είς
2996 1760 3148 1824 ἀξίαν
3182 1760 3396 1830 πλῆθος.
3431 1760 3667 1830 Δευτέρᾳ
3686 1760 3742 1812 δὲ
3768 1762 3857 1813 τῶν

669 1850 774 1931 rat.
802 1850 979 1946 Ιείιυιί
995 1874 1231 1929 secundo
1271 1850 1701 1939 spectaculorum
1732 1871 1839 1933 die,
1867 1878 2019 1923 veste
2071 1868 2223 1920 indu-

2332 1850 2571 1919 θεωριῶν
2625 1852 2825 1922 ἡμέρᾳ,
2884 1852 3073 1921 στολὴν
3124 1851 3476 1920 ἐνδυσάμενος
3536 1851 3595 1913 ἐξ
3640 1852 3856 1922 ἀργύρου

670 1979 758 2022 tus
788 1977 987 2023 tota'ex
1017 1974 1239 2035 argento
1274 1964 1579 2018 admirabili
1606 1978 1768 2032 opere
1804 1969 2074 2023 contexta,
2106 1973 2225 2029 pro-

670 2058 839 2114 cessit
865 2060 917 2110 in
952 2057 1216 2110 theatrum
1241 2056 1416 2124 primo
1441 2054 1697 2108 dilutulo.
1723 2052 1824 2107 Ubi
1852 2052 1980 2105 solis
1998 2049 2226 2104 orientis

668 2152 837 2204 radiis
860 2150 1119 2202 illustrata
1146 2150 1309 2203 vestis
1335 2136 1532 2202 mirum
1559 2149 1612 2200 in
1634 2147 1849 2200 modum
1871 2145 2223 2214 resplenduit,

669 2252 723 2293 et
756 2241 1113 2309 spectantium
1144 2239 1319 2293 oculis
1364 2224 1776 2292 admirationem
1809 2236 1969 2289 simul
2016 2250 2081 2289 ac
2125 2243 2227 2287 ter-

670 2345 846 2386 rorem
893 2332 1137 2385 incussit.
1164 2330 1283 2383 Mox
1312 2331 1621 2401 adulatores
1663 2329 1982 2398 perniciosis
2007 2324 2227 2381 vocibus

667 2422 805 2474 alius
838 2421 995 2474 aliter
1038 2422 1086 2475 ei
1129 2420 1433 2474 acclamare
1472 2420 1632 2473 deum
1678 2418 2028 2485 appellantes,
2068 2427 2124 2471 et
2170 2425 2228 2471 ut

667 2513 770 2568 sibi
806 2514 1069 2582 propitius
1094 2522 1237 2566 esset
1262 2521 1532 2579 rogantes.
1576 2510 1869 2573 Hactenus,
1902 2509 2138 2571 aiebant,
2173 2518 2226 2562 te

666 2603 811 2657 velut
839 2601 1111 2657 hominem
1146 2602 1387 2662 reveriti,
1416 2617 1559 2655 nunc
1583 2603 1793 2653 demum
1822 2600 2055 2651 humana
2083 2608 2227 2651 sorte

668 2694 928 2762 majorem
982 2693 1233 2747 fatemur.
1270 2694 1336 2745 At
1379 2709 1473 2745 rex
1516 2708 1691 2759 neque
1746 2692 1867 2745 illos
1902 2690 2223 2759 objurgavit.

668 2798 841 2851 neque
882 2783 1103 2847 impiam
1137 2798 1323 2836 eorum
1370 2782 1734 2835 adulationem
1782 2782 2108 2850 repudiavit.
2162 2781 2227 2835 Et

668 2874 828 2944 paulo
875 2884 995 2943 post
1042 2874 1212 2929 oculis
1257 2875 1310 2928 in
1359 2874 1524 2926 altum
1557 2872 1781 2927 sublatis
1829 2881 2224 2940 superstantem

668 2965 831 3033 capiti
857 2980 954 3019 suo
980 2965 1226 3034 angelum
1268 2966 1419 3026 vidit,
1443 2979 1676 3032 eumque
1698 2963 1849 3016 exitii
1874 2965 1954 3017 sui
1982 2962 2223 3015 nuntium

668 3059 911 3125 protinus
943 3072 1061 3111 esse
1093 3057 1377 3119 intellexit,
1406 3056 1496 3125 qui
1526 3066 1681 3109 antea
1707 3055 1983 3109 felicitatis
2006 3056 2228 3108 nuntius

669 3147 863 3202 fuerat.
900 3148 1038 3202 llinc
1072 3148 1329 3202 mcestitia
1384 3148 1564 3199 animo
1597 3148 1717 3215 ejus
1750 3147 1966 3213 penitus
2009 3145 2221 3198 insedit.

2330 1944 2701 2014 πεποιημένην
2741 1946 2940 2007 πᾶσαν,
2971 1944 3045 2007 ῶς
3099 1943 3393 2013 θαυμάσιον
3416 1942 3554 2013 ὑφὴν
3574 1937 3732 2009 εἶναι,
3780 1962 3860 1995 πα-

2330 2034 2518 2107 ρῆλθεν
2554 2038 2635 2099 είς
2662 2035 2724 2087 τὸ
2751 2018 2971 2107 θέατρον
2999 2035 3301 2106 ἀρχομένης
3328 2034 3559 2105 ἡμέρας.
3586 2036 3859 2098 Ἔνθαταίς

2326 2125 2571 2197 πρώταις
2600 2125 2707 2177 τῶν
2730 2125 2968 2195 ἡλιακῶν
2996 2125 3226 2177 ἀκτίνων
3266 2124 3542 2186 ἐπιϐολαῖς
3589 2126 3619 2175 ὁ
3646 2125 3860 2194 ἄργυρος

2326 2217 2742 2284 καταυγασθεὶς,
2768 2216 3078 2285 θαυμασίως
3123 2214 3429 2277 ἀπέστιλϐε,
3468 2217 3788 2286 μαρμαίρων
3818 2232 3859 2265 τι

2326 2308 2549 2378 φοϐερὸν
2597 2308 2688 2361 καὶ
2748 2311 2857 2369 τοῖς
2903 2309 2981 2371 είς
3032 2308 3192 2360 αὑτὸν
3240 2305 3539 2370 ἀτενίζουσι
3585 2306 3853 2377 φρικῶδες.

2326 2398 2501 2461 Εὐθὺς
2537 2397 2593 2450 δὲ
2630 2399 2679 2450 οἱ
2724 2398 2948 2461 κόλακες
2977 2398 3075 2461 τὰς
3098 2399 3202 2450 οὐδ’
3255 2398 3443 2467 ἐκείνῳ
3490 2397 3626 2467 πρὸς
3676 2396 3861 2465 ἀγαθοῦ

2328 2486 2482 2547 ἄλλος
2513 2485 2732 2538 ἄλλοθεν
2774 2488 2953 2555 φωνὰς
2992 2487 3253 2549 ἀνεϐόων,
3292 2486 3412 2539 θεὸν
3451 2476 3862 2558 προσαγορεύον-

2326 2595 2434 2641 τες,
2470 2578 2715 2647 Εὐμενής
2739 2595 2797 2629 τε
2829 2566 2965 2646 εἴης,
2999 2578 3336 2645 ἐπιλέγοντες
3360 2593 3374 2607 ⁸
3418 2578 3466 2629 εί
3488 2579 3581 2630 καὶ
3600 2578 3755 2649 μέχρι
3785 2578 3864 2629 νῦν

2327 2668 2400 2729 ὼς
2422 2667 2704 2737 ἄνθρωπον
2729 2668 3089 2749 ἐφοϐήθημεν.
3111 2668 3243 2720 ἀλλά
3270 2686 3330 2736 γε
3366 2668 3675 2721 τούντεῦθεν
3699 2670 3841 2739 κρείτ

2326 2759 2454 2811 τονά
2475 2776 2531 2810 σε
2562 2758 2760 2828 θνητῆς
2786 2760 2885 2829 τῆς
2919 2761 3132 2828 φύσεως
3191 2761 3576 2831 ὁμολογοῦμεν.
3626 2762 3735 2814 Οὐκ
3777 2764 3875 2814 ἐπι

2333 2848 2533 2918 ἔπληξε
2567 2850 2770 2911 τούτοις
2794 2856 2820 2900 ὸ
2864 2848 3130 2917 βασιλεὺς,
3158 2850 3273 2902 οὐδὲ
3300 2850 3396 2921 τὴν
3426 2849 3707 2903 κολακείαν
3752 2850 3866 2903 ἀσε-

2328 2938 2526 2990 ϐοῦσαν
2555 2934 2907 3008 ἀπετρίψατο,
2959 2939 3259 3005 Ἀνακύψας
3286 2939 3341 2990 δὲ
3390 2924 3734 3009 μετ’έὸλίγον,
3781 2940 3865 3006 τῆς

2326 3030 2514 3083 ἑαυτοῦ
2548 3030 2788 3099 κεφαλῆς
2810 3031 3310 3102 ὑπερκαθεζὸμενον
3338 3028 3475 3083 εἶδεν
3503 3032 3727 3102 ἄγγελον
3748 3032 3864 3103 (53).

2329 3119 2528 3171 Τοῦτον
2558 3120 2718 3183 εὐθὺς
2770 3120 2958 3191 ἐνόησε
3002 3122 3184 3175 κακῶν
3226 3119 3360 3174 εἶναι
3415 3121 3608 3185 αἴτιον,
3658 3123 3744 3175 τὸν
3784 3123 3867 3175 καί

665 3238 1031 3291 Accesserant
1064 3238 1254 3290 deinde
1279 3237 1485 3289 ventris
1511 3236 1730 3318 dolores
1764 3238 1943 3289 statim
1971 3250 2001 3287 a
2035 3234 2225 3304 princi-

2329 3227 2456 3263 ποτε
2480 3209 2586 3262 τῶν
2629 3211 2846 3278 ἀγαθῶν
2894 3214 3200 3282 γενόμενον,
3246 3215 3337 3265 καὶ
3380 3213 3685 3283 διακάρδιον
3726 3214 3869 3282 ἔσχεν

2334 3302 2345 3318 9
2358 3301 2381 3318 θ
2399 3300 2409 3315 Ι
2570 3302 2582 3318 1
2599 3303 2613 3318 Δ
2633 3301 2657 3318 Λ
2711 3302 2729 3318 r
2812 3302 2852 3318 δε
2932 3304 2943 3318 I
2997 3302 3023 3314 η
3106 3303 3131 3313 ~
3289 3303 3305 3318 ς
3328 3303 3338 3318 ρ
3587 3304 3597 3318 ο
3789 3288 3834 3318 ’.ε

668 3327 758 3394 pio
805 3327 1286 3380 vehementissimi.
1333 3325 1622 3381 Conversis
1672 3327 1852 3394 itaque
1889 3327 1966 3379 ad
2020 3328 2225 3379 amicos

670 3416 841 3469 oculis
872 3436 882 3466 :
917 3406 1074 3481 Ecce,
1122 3416 1311 3483 inquit,
1362 3417 1495 3469 deus
1533 3432 1633 3485 ego
1680 3427 1857 3470 vester
1887 3431 2049 3485 cogor
2084 3432 2224 3470 nunc

670 3518 702 3557 e
726 3505 833 3556 vita
857 3504 1155 3565 discedere,
1181 3504 1277 3555 fati
1309 3505 1636 3575 necessitate
1670 3520 1829 3558 voces
1855 3505 1973 3558 illas
1998 3520 2131 3573 quas
2159 3506 2225 3558 de

671 3608 759 3646 me
786 3592 1270 3661 modojactahatis,
1306 3578 1559 3647 falsitatis
1597 3604 1650 3646 et
1681 3594 1950 3647 mendacii
1981 3596 2225 3661 protinus

672 3694 1026 3753 coarguente;
1059 3694 1115 3738 et
1150 3685 1239 3753 qui
1270 3685 1596 3739 immortalis
1629 3686 1936 3754 appellahar
1975 3701 2002 3739 a
2046 3686 2220 3750 vobis,

670 3770 987 3845 jam'rapior
1014 3775 1079 3827 ad
1117 3788 1367 3829 mortem.
1408 3774 1515 3830 Sed
1546 3776 1766 3830 ferenda
1790 3786 1873 3829 est
1907 3776 1999 3830 fati
2041 3776 2225 3829 condi-

742 3951 851 4020 (51)
896 3951 1132 4021 Ἐορτήν
1164 3969 1294 4005 τινα
1322 3954 1541 4019 ταύτην
1567 3951 1983 4019 ἐπιστάμενος.
2015 3951 2221 4004 Turne-

671 4021 771 4091 bus
800 4022 848 4073 in
879 4037 975 4073 suo
997 4024 1177 4076 codice
1206 4022 1270 4075 ad
1299 4024 1774 4087 latuseniendarat
1808 4022 2224 4091 ἐνστησάμενος.

672 4089 841 4155 Quam
875 4093 1297 4145 emendationem
1343 4094 1500 4145 etiam
1555 4092 1605 4144 in
1659 4092 1794 4144 libro
1828 4089 2005 4144 Morzei
2048 4089 2223 4144 ascri-

673 4161 1057 4228 ptamuinveni.
1094 4161 1196 4214 Sed
1247 4162 1359 4214 hazc
1388 4160 1693 4226 conjectura
1732 4162 1875 4214 nullo
1924 4162 2082 4213 modo
2114 4162 2223 4228 pla-

675 4241 779 4281 cet.
815 4226 997 4296 Neqne
1032 4232 1447 4299 eniin__Agrippa
1494 4232 1645 4283 ludos
1684 4230 1811 4299 illos
1841 4232 2044 4299 primus
2073 4226 2221 4282 insti-

676 4307 854 4350 luerat
892 4314 902 4346 :
934 4299 1026 4350 scd
1068 4298 1133 4349 ab
1170 4296 1517 4363 Herode'ejus
1556 4314 1655 4351 avo
1677 4298 1787 4364 jam
1834 4296 2031 4350 dudum
2068 4300 2222 4351 insti-

679 4368 796 4435 tnti_
812 4366 1041 4435 fuerant.
1076 4366 1169 4418 llic
1202 4367 1364 4435 igitur
1389 4382 1579 4435 sensus
1603 4378 1685 4419 est
1728 4368 1886 4435 hujus
1935 4366 2031 4419 loci
2065 4382 2222 4434 quem

678 4452 740 4489 ex
774 4433 1003 4500 Joscpho
1053 4437 1183 4485 citat
1228 4434 1487 4486 Eusebius
1517 4450 1529 4483 ε
1557 4434 1773 4487 Sciebat
1800 4433 2044 4502 ‘Agrippa
2085 4433 2227 4487 hanc

2324 3300 2535 3371 ὀδύνην.
2570 3301 2785 3370 Ἀθρόον
2808 3302 2852 3353 δ’
2885 3302 3033 3372 αὺτῷ
3072 3303 3171 3371 τῆς
3203 3303 3405 3365 κοιλίας
3433 3304 3765 3374 προσέφυσεν
3788 3303 3872 3357 ἄλο

2323 3395 2495 3461 γημα,
2547 3393 2683 3462 μετά
2738 3396 3093 3465 σφοδρότητος
3158 3394 3497 3466 ἀρξάμενονζν
3540 3395 3870 3467 ’Δναθεωρῶν

2323 3476 2414 3533 οὖν
2440 3480 2573 3551 πρὸς
2610 3482 2735 3545 τοὺς
2764 3483 2966 3550 φίλους,
3016 3486 3071 3537 Ὀ
3108 3484 3223 3547 θεὸς
3263 3486 3388 3551 ὑμῖν
3418 3484 3546 3553 ἐγὼ,
3568 3488 3747 3556 φησὶν,
3779 3486 3870 3555 ἢδη

2326 3571 2718 3643 καταστρέφειν
2752 3576 3105 3656 ἐπιτάττομαι
3145 3577 3232 3630 τὸν
3268 3576 3399 3647 βίον,
3430 3580 3762 3649 παραχρῆμα
3781 3578 3871 3646 τῆς

2330 3664 2664 3736 εἱμαρμένης
2710 3666 2807 3729 τὰς
2866 3670 2989 3738 ἄρτι
3041 3687 3141 3738 μου
3202 3668 3643 3739 κατεψευσμένας
3702 3668 3871 3737 φωνὰς

2330 3757 2671 3829 ἐλεγχούσης.
2722 3761 2776 3813 '0
2822 3761 3036 3831 κληθεὶς
3085 3763 3343 3827 ἀθάνατος
3396 3764 3487 3831 ὑφ’
3545 3761 3717 3831 ὑμῶν,
3774 3759 3868 3829 ﬂio)

2334 3950 2665 4022 diphthmigo
2695 3957 2849 4009 docet
2888 3956 3181 4007 derivativa
3231 3970 3329 4005 vox
3363 3952 3732 4022 ἐπαρχεὼτης,
3761 3967 3870 4017 qua:

2330 4038 2433 4073 non
2462 4026 2625 4076 semel
2650 4026 2882 4076 occurrit
2913 4026 2960 4074 in
2995 4026 3077 4075 his
3105 4025 3269 4075 libris.
3297 4022 3478 4087 Neque
3505 4024 3647 4073 enim
3670 4024 3870 4074 aliunde

2328 4090 2551 4144 formari
2586 4102 2760 4158 potest
2784 4091 3135 4160 ἐπαρχεώτης
3157 4107 3312 4160 quam
3340 4094 3405 4160 ab
3435 4090 3735 4159 ἐπάρχειος.

2396 4162 2503 4230 (55)
2544 4157 3107 4227 Ὑπερκαθεζϋμενον
3148 4157 3305 4230 εἶδεν
3340 4157 3629 4230 (insidii
3662 4160 3878 4225 Josephi.

2327 4226 2495 4281 verba
2528 4226 2870 4296 interpolavit
2909 4226 3170 4281 Eusebius
3203 4229 3337 4281 malo
3373 4245 3541 4283 more.
3588 4226 3717 4279 Nam
3750 4244 3864 4279 cum

2326 4296 2591 4364 Josephus
2638 4298 2898 4350 bubonem
2959 4300 3183 4350 dixisset
3226 4312 3386 4365 supra
3437 4309 3600 4362 caput
3629 4299 3865 4363 Agrippa:

2327 4367 2587 4426 astitisse,
2634 4366 2893 4435 Eusebius
2928 4384 2955 4421 e
2983 4367 3194 4435 Iosephi
3236 4376 3380 4419 textu
3427 4368 3652 4418 hulimiis
3682 4382 3863 4435 uolneri

2328 4438 2603 4504 expunxit.
2658 4434 2872 4503 Josephi
2932 4434 3297 4489 verha’sunt:
3346 4435 3447 4504 Τὸν
3500 4436 3737 4504 βουϐῶνα
3772 4434 3866 4503 τῆς

681 4504 1019 4586 festivitatem
1052 4505 1345 4586 institutam
1373 4501 1538 4582 fuisse
1570 4519 1665 4570 pro
1696 4505 1866 4584 salute
1893 4500 2124 4586 Cesaris
2160 4505 2225 4555 ab

2331 4503 2520 4586 ἑαυτοῦ
2549 4500 2797 4586 κεφαλῆς
2816 4505 3325 4586 ὑπερκαθεςόμενον.
3339 4501 3476 4557 εἶδεν
3500 4500 3605 4556 ’ἐπὶ
3623 4500 3865 4586 ’σχοινίου

678 4589 778 4627 avo
804 4588 900 4624 suo
959 4572 1185 4635 Herode,
1222 4574 1309 4639 qui
1362 4573 1567 4640 primus
1623 4574 2018 4640 quinquennale
2057 4573 2229 4626 Cresa-

680 4656 893 4697 reorum
922 4648 1190 4694 certamen
1227 4643 1365 4709 apud
1396 4642 1693 4695 Cmsaream
1739 4644 1921 4695 urbem
1962 4643 2013 4694 in
2059 4645 2233 4693 hono-

679 4727 791 4766 rem
816 4712 1038 4781 Augusti
1066 4712 1387 4775 instituerat,
1416 4722 1469 4765 et
1505 4712 1821 4781 Olympiade
1850 4727 1989 4767 cxcn
2022 4726 2112 4765 eos
2136 4712 2229 4781 lu-

680 4783 775 4834 dos
798 4780 1043 4850 primum
1080 4781 1340 4844 ediderat,
1384 4792 1442 4834 ut
1474 4780 1637 4837 refert
1682 4782 1968 4850 Josephus.
2000 4782 2079 4833 Ad
2133 4780 2231 4833 ho-

681 4866 797 4903 rum
832 4849 1010 4915 itaque
1039 4850 1280 4903 ludorum
1330 4852 1616 4905 editionem
1667 4849 1899 4919 Agrippa
1930 4849 2231 4904 Caesaream

678 4919 955 4988 profectus
978 4928 1091 4972 erat
1129 4934 1268 4971 anno
1300 4936 1349 4971 Iv
1374 4923 1499 4988 imp.
1533 4922 1764 4985 Claudii,
1790 4923 1977 4977 diebus
2006 4921 2230 4985 aestivis,

680 4987 874 5058 quibus
900 4987 1298 5058 olympiasccvt
1325 4987 1559 5044 inchdari
1588 4994 1770 5058 etrapit.

754 5058 862 5132 (52)
895 5057 1017 5111 Τῶν
1047 5056 1330 5132 κατὰ-τὴν
1354 5056 1914 5132 ἐπαρχίαγίδγνίωη
1964 5059 2229 5129 intelligit,

684 5130 765 5181 vel
790 5130 905 5198 ejus
935 5140 1137 5196 partem
1177 5127 1463 5198 Plitenicen
1499 5127 1615 5196 qua:
1645 5127 1919 5198 provincia
1955 5127 2232 5185 dicebatur

686 5198 752 5268 ad
810 5197 1175 5268 diﬂ'erentiamg
1213 5197 1440 5262 Juda’ae,
1517 5202 1569 5250 ili
1630 5197 1732 5268 qua
1789 5211 1915 5255 tunc
1976 5200 2233 5268 regnabat

688 5267 938 5337 Agrippa.
965 5268 1124 5321 Certe
1148 5266 1207 5319 Β.
1239 5268 1413 5319 Lucas
1442 5266 1921 5336 diserte‘testatur,
1966 5266 2230 5337 primores

688 5345 815 5407 tunc
849 5336 1083 5407 abfuisse
1108 5337 1408 5407 Tyriorum,
1441 5351 1562 5403 qua:
1592 5340 1719 5392 urbs
1748 5352 1907 5407 caput
1929 5336 2047 5394 erat
2073 5340 2231 5394 Phae-

690 5404 854 5457 nices.
907 5404 1073 5459 Porro
1118 5404 1170 5460 in
1227 5406 1422 5459 nostris
1463 5407 1739 5527 cotgcibus
1786 5404 1944 5476 Mam,
1998 5410 2136 5463 Med.
2168 5424 2231 5463 ac

690 5471 895 5525 Fuketii
930 5477 1185 5527 scriutum
1244 5477 1418 5527 inveni
1473 5474 1545 5525 ἐπ
1585 5492 1749 5527 ογιον.
1804 5495 1923 5527 num
1956 5496 2075 5527 vox.
2104 5479 2230 5527 alibi

689 5471 895 5552 Fuketii
930 5477 1185 5552 scriptum
1235 5477 1418 5552 iuveni
1461 5471 1770 5552 suam”,
1804 5471 2075 5548 quae'vox-
2104 5479 2230 5552 alibi

688 5544 847 5618 etiam
874 5546 1107 5618 occurrit
1154 5548 1205 5599 in
1235 5547 1319 5618 his
1354 5544 1528 5618 libris.
1556 5544 1683 5618 _Nee
1719 5544 1846 5601 illud
1879 5550 2232 5618 omittendum

690 5618 794 5671 est,
827 5612 877 5661 in
907 5613 1109 5677 optimo
1153 5616 1337 5667 codice
1373 5614 1689 5667 Mazarinmo
1739 5619 1789 5669 id
1838 5612 2027 5671 nomen
2074 5617 2232 5671 scribi

694 5692 813 5754 cum
844 5678 1166 5749 diphthongo
1194 5684 1500 5753 ὲπάρχειον,
1531 5685 1753 5754 simplex
1786 5698 1959 5740 tamen
1996 5705 2013 5739 t
2052 5701 2236 5754 snper-

694 5747 951 5815 srriptutn
1002 5747 1527 5809 est'eadem'i'nanu.
1573 5747 1678 5809 Sed
1725 5764 1869 5812 recte
1921 5758 2081 5813 scribi
2115 5747 2232 5811 cum

2331 4573 2501 4645 τινόςο
2537 4570 2766 4645 ἄγγελον
2807 4570 2991 4628 τοῦτον
3025 4570 3181 4638 εὐθὺς
3242 4576 3480 4645 ἐνόησεν,
3503 4570 3867 4645 κακῶνήεῖναι,

2330 4642 2421 4695 τὸν
2453 4643 2544 4695 καί
2574 4662 2701 4697 ποτε
2731 4646 2838 4697 τῶν
2868 4646 3085 4714 ἀγαθῶν
3115 4642 3417 4713 γενόμενον.
3469 4644 3522 4697 Id
3552 4654 3633 4696 est
3661 4662 3673 4693 :
3700 4642 3855 4695 Bulla

2334 4726 2447 4764 nem
2468 4730 2624 4771 supra
2659 4726 2810 4781 caput
2841 4733 2991 4768 suum
3023 4726 3281 4769 astantem
3318 4729 3475 4777 super
3512 4724 3713 4765 extento
3749 4714 3870 4777 Iun:

2333 4783 2481 4835 vidit.
2514 4784 2807 4853 Statimque
2836 4785 3086 4838 intelleait
3114 4786 3251 4835 hunc
3281 4782 3599 4853 calamitatis
3636 4783 3867 4853 nautium

2334 4868 2461 4915 esse,
2498 4854 2587 4919 qui
2612 4850 2762 4907 antea
2794 4856 3059 4921 felicitatis
3100 4856 3309 4904 nuntius
3342 4851 3561 4919 fuisset;
3589 4853 3685 4904 sub
3711 4850 3865 4904 Tibeo

2337 4922 2416 4972 rio
2461 4924 2682 4976 scilicet.
2734 4924 2884 4977 Tunc
2936 4926 3077 4976 enim
3135 4924 3314 4989 jussus
3365 4922 3417 4972 in
3481 4921 3690 4974 vmcula
3749 4922 3867 4989 duoi

2300 4992 2585 5059 ~Agrippa,
2618 5008 2737 5046 cum
2760 4995 2825 5046 ad
2855 4995 3102 5045 arborem
3134 4987 3419 5056 quamdam
3447 4990 3731 5044 inclinatus
3754 4987 3867 5045 ξω-

2336 5070 2437 5122 ret,
2480 5063 2741 5116 bubonem
2798 5064 3006 5115 viderat
3055 5062 3212 5125 capiti
3260 5070 3672 5125 superSIantem.
3720 5061 3866 5126 Quod

2334 5126 2631 5185 Germanus
2661 5135 2901 5199 quidam,
2943 5128 3240 5196 illijllSlllOtii
3277 5130 3617 5193 auguriorum
3651 5135 3867 5199 peritus,

2337 5214 2581 5268 magnam
2618 5203 2924 5256 felicitatem
2968 5200 3211 5268 Agrippa:
3254 5202 3570 5265 portendere
3607 5201 3867 5268 praadixit,

2336 5279 2393 5321 ut
2422 5270 2583 5325 refert
2604 5272 2885 5339 Josephus.
2929 5269 3086 5339 Vides
3129 5283 3262 5339 ergo
3294 5276 3369 5339 ut,
3412 5270 3623 5339 sublato
3652 5271 3871 5323 bubonis

2337 5342 2572 5407 nomine,
2602 5336 2810 5395 sensus
2836 5339 3011 5391 omnis
3053 5338 3206 5405 hujus
3235 5336 3334 5407 |o_ci
3368 5338 3589 5393 tollitur.
3640 5341 3740 5392 Sed
3763 5340 3866 5391 for-

2336 5419 2480 5464 tasse
2513 5404 2796 5465 verebatur
2827 5404 3131 5466 Eusebius,
3160 5421 3224 5459 ne
3264 5404 3555 5476 Josepbutu
3594 5419 3649 5463 et
3677 5409 3865 5476 Lucam

2334 5496 2522 5549 parum
2572 5482 2711 5533 inter
2749 5492 2807 5532 se
2855 5478 3161 5549 consentire
3184 5475 3415 5549 lectores
3460 5480 3775 5549 iudicarent.
3817 5475 3864 5527 si

2335 5545 2494 5616 quem
2538 5550 2712 5603 Lucas
2753 5546 2999 5616 angelum
3042 5546 3264 5616 dixerat,
3304 5545 3571 5616 Iosephus
3611 5546 3862 5616 bubonem

2337 5613 2516 5672 dicere
2570 5613 2867 5670 videretur."
2903 5615 3062 5678 Quasi
3116 5631 3241 5671 vero
3279 5632 3381 5671 non
3430 5613 3714 5680 utrumque
3755 5613 3862 5664 ﬁeri

2337 5688 2596 5755 potuerit,
2634 5695 2691 5738 ut
2718 5695 2771 5736 et
2790 5684 2945 5755 bubo
2992 5699 3151 5752 supra
3185 5695 3346 5753 caput
3391 5685 3658 5755 Agrippas,
3702 5693 3753 5736 et
3800 5693 3866 5734 ιιι

2337 5754 2438 5811 alia
2472 5768 2622 5827 parte
2649 5754 2867 5824 angelus
2894 5755 3065 5810 eidem
3096 5764 3391 5825 appareret.

3922 1152 3925 1199 Ξ

3924 1218 3927 1265 l
