3934 6342
177 391 254 446 I73
1137 394 1478 452 HISTORIJE
1516 350 1654 454 ECC]

1755 397 2067 455 ςιΑετιω
2105 399 2232 456 LIB.
2274 399 2338 455 ll.

3204 405 3305 458 (τι

175 505 245 558 iui
261 500 503 567 συντάξαι
529 505 692 571 φασιν
716 505 799 557 ἐπ’
835 507 998 575 αὐτῆς
1037 507 1268 577 Ῥώμης,
1308 513 1586 580 σημαίνειν
1618 529 1654 564 τι

1776 514 1936 568 Petro
1959 516 2010 568 in
2039 515 2215 583 priore
2239 515 2671 583 Epistola,quam
2706 515 2888 568 Romae
2916 517 3166 584 scriptam
3190 532 3308 572 esse

172 591 287 644 τοῦτ’
325 591 478 643 αὑτὸν
527 593 622 661 τὴν
653 593 802 644 πόλιν
831 595 1222 666 τροπικιὶηερον
1249 598 1534 652 Βαϐυλῶνα
1567 599 1674 670 (55)

174 681 494 751 προσειπόντα
549 682 636 735 διὰ
677 682 892 735 τούτων·
927 702 946 734 ι
1003 685 1321 750 ’Δσπάζεται
1364 689 1504 758 ὑμᾶς
1530 692 1562 758 ἡ
1619 693 1675 743 ὲν

173 769 412 824 Βαῦυλῶνι
435 772 775 841 συνεκλεκτὴ,
799 774 892 824 καὶ
911 775 1130 844 Μάρκος
1151 778 1179 828 ό
1195 760 1318 839 “υἱός
1338 794 1456 846 μου.
1487 798 1508 830 ι

642 954 1029 1008 ΚΕΦΑΛΑΙΟΝ
1057 958 1171 1024 ις’.

181 1042 254 1120 Ὠς
280 1042 494 1120 πρῶτος
521 1046 553 1095 d
579 1044 814 1120 Μᾴρκος
841 1046 1430 1120 «ζοῖςζκατέᾼτγυπτον
1453 1055 1564 1117 τὴν
1589 1054 1673 1116 εὶς

206 1113 542 1177 τόνΧριστόν
553 1113 769 1179 γνῶσιν
781 1114 1069 1180 ἐκήρυξεν
1087 1113 1224 1186 (Nic;
1249 1120 1294 1171 Η
1306 1161 1319 1175 .
1343 1121 1406 1173 lC.
1428 1137 1486 1183 ιι,
1510 1113 1530 1173 Ξ
1543 1122 1618 1188 5).

226 1202 402 1255 Τοῦτον
423 1204 476 1255 δὲ
503 1205 723 1273 Μάρκον
756 1208 965 1277 πρῶτόν
991 1225 1150 1277 φασιν
1176 1209 1266 1262 ἐπὶ
1281 1211 1380 1279 τῆς
1401 1213 1668 1279 Αἰγύπτου

172 1294 474 1362 στειλάμενον
507 1295 712 1363 (56),τὸ
736 1297 1053 1364 Εὑαγγέλιον
1077 1299 1181 1370 ὃδὴ
1210 1301 1302 1353 καὶ
1335 1302 1670 1371 συνεγράψα-

168 1405 235 1448 to,
273 1385 512 1455 κηρύξαι,
557 1386 842 1454 ἐκκλησίας
868 1405 927 1440 τε
961 1388 1174 1459 πρῶτον
1203 1391 1286 1441 ἐπ’
1319 1391 1485 1459 αὐτῆς
1529 1391 1670 1442 Ἀλε-

170 1473 410 1542 ξανδρείας
444 1475 820 1543 συστήσασθαι.
855 1477 1097 1547 Τοσαύτη
1134 1478 1177 1529 δ’
1211 1481 1314 1548 ἄρα
1345 1480 1450 1532 τῶν
1488 1481 1668 1533 αὐτόθι

166 1565 561 1618 πεπιστευκότων
606 1567 808 1634 πληθὺς
851 1567 1056 1637 ἀνδρῶν
1094 1586 1152 1620 τε
1177 1571 1270 1622 καὶ
1308 1572 1577 1637 γυναικῶν
1607 1573 1669 1624 ὲκ

167 1653 354 1723 πρώτης
382 1655 629 1727 ὲπιὸολῆς
672 1658 916 1728 συνέστη,
956 1660 1023 1711 δι’
1053 1660 1331 1729 ἀσκήσεως
1371 1663 1666 1730 φιλοσοφω-

163 1744 304 1812 τάτης
343 1760 398 1796 τε
441 1746 532 1796 καὶ
568 1745 946 1815 σφοδροτάτης,
999 1747 1072 1809 ὡς
1118 1749 1211 1800 καὶ
1250 1750 1462 1819 γραφῆς
1495 1751 1667 1803 αὐτῶν

1775 608 2122 672 contendunt,
2158 607 2318 675 idque
2364 605 2583 659 Petrum
2613 606 2784 674 ipsum
2813 607 3051 667 innuere,
3083 609 3171 675 qui
3193 607 3304 661 Ro-

1777 711 1916 748 mam
1943 697 2170 764 figurate
2193 697 2514 775 Babylonem
2549 683 2780 763 appellat
2800 697 2880 750 his
2915 697 3092 750 verbis
3119 713 3135 751 :
3163 718 3181 749 ‹
3200 700 3305 775 Sa-

1773 787 1906 841 lutat
1944 804 2039 842 vos
2071 789 2350 859 Babylonis
2379 774 2614 843 Ecclesia
2651 804 2680 840 a
2719 788 2827 841 Deo
2853 789 3074 857 perinde
3116 804 3177 842 ac
3213 774 3310 844 vos

1771 877 1959 942 electa,
1993 889 2047 932 et
2068 878 2276 934 Marcus
2302 879 2443 932 filius
2479 893 2648 932 meus.
2691 897 2711 929 ι

2337 968 2562 1023 CAPUT
2596 967 2733 1024 XVI.

1808 1056 2074 1122 Quomodo
2107 1057 2317 1112 Marcus
2364 1060 2605 1111 notitiam
2649 1059 2743 1111 Dei
2779 1031 3268 1128 primus'ngypliis

2349 1129 2720 1195 predicaverit.
2779 1124 2787 1128 ⁷
2843 1124 2853 1186 ὶ
2940 1165 2960 1170 -

1839 1213 2096 1269 Caeterum
2125 1216 2270 1269 hunc
2296 1214 2528 1268 Marcum
2571 1215 2622 1267 in
2655 1214 2944 1284 Egyptum
2973 1216 3265 1288 profectum
3287 1259 3303 1285 _.

1769 1305 2110 1374 Evangelium
2155 1305 2296 1372 quod
2329 1305 2440 1371 ipse
2469 1305 2896 1373 conscripserat,
2930 1308 3159 1373 primum
3195 1308 3303 1363 illic

1768 1393 2086 1462 praedicasse
2135 1393 2454 1460 perhibent,
2504 1401 2557 1445 et
2608 1393 2658 1444 in
2715 1393 2826 1460 ipsa
2875 1395 3005 1448 urbe
3044 1395 3304 1448 Alexan-

1769 1484 1882 1537 dria
1912 1482 2166 1538 ecclesias
2215 1483 2581 1536 constituisse.
2624 1482 2792 1536 Tanta
2837 1487 2996 1550 porro
3024 1485 3305 1539 multitudo

1766 1574 2001 1628 virorum
2033 1572 2192 1626 simul
2233 1587 2296 1626 ac
2329 1573 2607 1626 mulierum
2649 1573 2736 1641 qui
2771 1573 2925 1626 (idem
2952 1573 3154 1632 Christi
3195 1575 3304 1632 illi:

1767 1662 1993 1730 amplexi
2036 1661 2270 1725 fuerant,
2300 1661 2368 1714 ab
2398 1662 2512 1729 ips‘o
2539 1665 2719 1715 statim
2747 1661 2900 1716 initio
2927 1676 3032 1716 tam
3059 1679 3301 1720 severam

1768 1763 1980 1821 tamque
2022 1753 2444 1821 philosophicam
2494 1753 2884 1807 institutionem
2922 1755 3156 1822 professa
3184 1767 3300 1820 est,

163 1830 358 1894 ἀξιῶσαι
399 1833 496 1896 τὰς
533 1835 810 1904 διατριϐὰς
853 1839 943 1889 καὶ
993 1838 1090 1900 τὰς
1131 1839 1460 1907 συνηλύσεις,
1504 1841 1654 1893 τάοτε

1768 1851 1826 1892 ιιι
1845 1841 2016 1893 studia
2051 1840 2260 1894 illorum
2285 1851 2340 1894 et
2363 1851 2534 1896 castus
2561 1844 2720 1910 atque
2743 1845 3006 1905 convivia,
3034 1854 3298 1918 totamque

163 1923 422 1990 συμπόσια,
440 1925 532 1976 καὶ
559 1927 731 1977 πᾶσαν
761 1926 856 1996 τὴν
887 1927 1048 1998 ἄλλην
1077 1928 1170 1980 τοῦ
1193 1928 1305 1998 βίου
1335 1930 1552 2002 ἀγωγὴν
1576 1931 1665 1984 τὸν

160 2014 356 2071 “ianva.

631 2109 1016 2162 ΚΕΦΑΔΛΙΟΝ
1048 2109 1141 2164 lZ'.

164 2190 253 2248 οἷα
286 2197 410 2264 περὶ
441 2196 560 2249 τῶν
595 2200 718 2249 κατ’
747 2199 1044 2266 Αιγυπτον
1082 2199 1358 2264 ἀσκητῶν
1396 2203 1428 2252 ό
1471 2201 1663 2252 Φίλων

446 2267 668 2332 ἱστορεῖ
695 2267 827 2332 (Nic.
859 2267 928 2318 Η.
957 2267 1019 2319 E.
1046 2282 1106 2327 tt,
1134 2268 1216 2330 16,
1245 2269 1351 2334 i7).

223 2360 309 2408 Ὃν
327 2357 414 2409 καὶ
441 2357 592 2423 λόγος
620 2356 729 2426 ἔχει
758 2356 894 2408 κατὰ
929 2356 1186 2408 Κλαύδιον
1207 2358 1296 2408 ἐπὶ
1317 2358 1413 2426 τῆς
1452 2357 1664 2427 Ῥώμης

159 2446 225 2508 εἰς
261 2446 458 2515 ὁμιλίαν
495 2446 662 2498 ἐλθεῖν
700 2446 904 2515 Πέτρῳ,
935 2448 1042 2507 τοῖς
1088 2446 1261 2496 ἐκεῖσε
1309 2447 1428 2497 τότε
1469 2446 1666 2515 κηρύτ-

154 2551 298 2587 τοντι.
342 2536 444 2588 Καὶ
488 2536 585 2587 οὐκ
612 2536 831 2597 ἀπεικὸς
859 2536 921 2588 ἂν
947 2537 1030 2604 εἴη
1061 2534 1214 2586 τοῦτό
1241 2552 1323 2602 γε,
1370 2537 1488 2588 ἐπεὶ
1519 2537 1610 2588 καὶ
1638 2538 1667 2588 ὅ

157 2642 311 2693 φαμεν
331 2625 652 2696 σύγγραμμα
675 2628 750 2688 εἰς
772 2625 890 2677 ὕστε
901 2644 986 2696 ρον
1005 2627 1094 2677 καὶ
1119 2626 1252 2694 μετὰ
1280 2629 1496 2696 χρόνους
1518 2625 1661 2696 αὑτῷ

153 2719 520 2788 πεπονημένον,
571 2718 750 2786 σαφῶς
777 2720 899 2780 τοὺς
930 2719 1009 2780 εἰς
1035 2717 1110 2769 ἔτι
1137 2716 1229 2768 νῦν
1261 2719 1352 2769 καὶ
1397 2719 1475 2780 εἰς
1516 2719 1659 2789 ἡμᾶς

152 2925 422 2979 Insculus.
463 2925 570 2996 Nos
600 2941 745 2996 vero
797 2925 1112 2996 haecverba
1161 2945 1188 2980 a
1240 2926 1660 2996 praacedentibus

152 2996 354 3068 omnino
406 2994 766 3068 sejunximus;
788 2995 931 3063 quod
970 2997 1132 3050 etiam
1159 2994 1509 3068 Hieronymus
1539 3008 1663 3051 ante

150 3077 234 3114 nos
251 3061 431 3116 fecisse
452 3061 882 3128 deprehenditur.

1767 1931 1974 1984 vivendi
2005 1922 2261 1984 rationem
2289 1933 2507 2000 scriptis
2527 1934 2645 1986 suis
2676 1947 3092 1990 commemorare
3123 1952 3298 2006 opera

1767 2021 1995 2088 pretium
2027 2020 2244 2074 duxerit
2269 2019 2440 2074 Philo.

2321 2109 2543 2164 CAPUT
2577 2111 2734 2165 XVII.

1870 2167 1999 2265 Qua:
2021 2200 2173 2253 Philo
2197 2203 2260 2252 de
2282 2202 2467 2253 arcetis
2491 2202 2544 2254 in
2573 2202 2799 2270 Egypto
2829 2221 3205 2263 commemoret.

1833 2354 1997 2418 Quem
2037 2355 2249 2421 quidem
2275 2352 2710 2419 Philonemfama
2737 2363 2818 2406 est
2842 2353 3046 2408 Claudii
3073 2357 3298 2425 Augusti

1769 2444 2093 2512 temporibus
2123 2443 2303 2497 Romae
2329 2457 2448 2496 eum
2478 2439 2636 2495 Petro
2686 2442 2775 2509 qui
2805 2443 3026 2495 verbum
3068 2443 3158 2495 Dei
3193 2442 3300 2496 illic

1765 2534 2127 2604 praedicabat,
2161 2532 2476 2587 familiarem
2518 2517 2860 2600 congressum
2905 2533 3171 2586 habuisse.
3197 2533 3300 2586 Ne-

1767 2641 1869 2696 que
1896 2627 1946 2679 id
1971 2635 2117 2678 certe
2145 2639 2173 2677 a
2208 2623 2431 2678 veritate
2475 2623 2749 2677 abhorret.
2789 2621 2918 2674 Nam
2949 2631 3003 2676 et
3025 2637 3298 2676 commen-

1766 2717 1934 2771 tarius
1964 2716 2055 2770 ille
2084 2715 2149 2770 de
2174 2731 2283 2785 quo
2316 2714 2606 2785 loquimur,
2637 2713 2818 2768 multis
2862 2723 2980 2783 post
3025 2714 3181 2786 annis
3229 2715 3298 2768 ab

1764 2924 1930 2978 refert
1951 2937 2090 2977 anno
2116 2937 2174 2977 ιιι
2201 2922 2314 2976 Caii
2345 2921 2612 2986 Caligulae.
2637 2921 3132 2994 Georgiusquoque
3162 2923 3293 2994 Syn-

1766 2995 1931 3046 cellus
1963 2995 2014 3046 in
2061 2994 2245 3044 eadem
2281 2999 2362 3044 est
2389 2994 2677 3044 sententia.
2723 2992 2978 3045 Eusebius
3010 2992 3290 3046 autem‘in

1768 3062 2039 3121 Chronico,
2087 3061 2248 3113 Marci
2307 3061 2684 3127 profectionem
2739 3061 2948 3113 confert
2993 3061 3044 3112 in
3095 3077 3292 3114 annum

208 3133 309 3200 (55)
355 3133 467 3198 Τὴν
502 3133 678 3183 πόλιν
713 3134 1130 3200 τροπικώτερον
1159 3135 1499 3188 Βαϐυλῶνα.
1557 3135 1654 3186 Ro-

1761 3133 2051 3184 sPcundum
2098 3132 2226 3200 imp.
2267 3129 2627 3200 Claudii.Sed
2669 3131 2712 3182 si
2742 3145 2920 3200 verum
2948 3129 3118 3191 estid,
3150 3135 3291 3198 quod

148 3214 274 3252 mam
323 3200 507 3254 Petrus
566 3202 785 3267 figurate
839 3201 1156 3271 Babylonem
1207 3207 1429 3269 vocavit,
1475 3207 1555 3257 vel
1589 3205 1656 3258 ob

148 3271 546 3342 magnitudinem
584 3285 646 3342 ac
675 3271 960 3334 potentiam
983 3310 1004 3342 ,ν
1029 3274 1109 3342 vel
1155 3284 1367 3339 propter
1399 3275 1642 3342 impieta-

147 3346 264 3406 tem.
305 3354 368 3392 eo
412 3341 548 3406 quod
601 3340 893 3390 daamonum
926 3341 1091 3392 cultui
1130 3343 1302 3393 dedita
1343 3340 1486 3395 tunc'
1516 3350 1657 3395 esset

149 3403 302 3476 Roma
339 3403 556 3472 perinde
585 3422 646 3457 ac
673 3407 795 3458 olim
839 3409 1094 3476 Babylon.
1138 3410 1322 3462 Potest
1360 3413 1520 3462 etiam
1553 3413 1653 3462 alia

147 3474 271 3543 ratio
299 3477 451 3543 hujus
479 3477 807 3541 cognominis
834 3474 1032 3540 afferri,
1070 3481 1209 3543 quod
1233 3479 1437 3531 scilicet
1472 3491 1529 3532 ut
1554 3481 1653 3531 lia»

146 3541 328 3606 bylonii
378 3542 588 3612 Iudaeos
636 3543 687 3593 iu
721 3545 1030 3596 servitutem
1073 3541 1403 3612 redegerunt,
1439 3551 1517 3601 sic.
1551 3549 1653 3599 lio-

146 3613 273 3680 niani
309 3621 429 3663 tunc
478 3609 920 3680 Judazes_ditioni
967 3627 1075 3665 suae
1103 3609 1474 3680 subjecissent.
1521 3618 1654 3668 Sunt

143 3678 222 3749 qui
252 3681 298 3730 in
333 3682 473 3730 dicta
518 3677 940 3749 PetriEpistola,
989 3677 1268 3749 Babylonis
1296 3685 1505 3736 nomine
1547 3701 1649 3736 non

142 3743 370 3820 Romam,
400 3743 830 3820 sedBabylonem
854 3749 1020 3820 ipsam
1045 3743 1162 3820 qua:
1185 3759 1347 3820 caput
1364 3752 1463 3803 fuit
1490 3754 1653 3820 Assy-

143 3815 351 3878 riorum,
401 3816 662 3882 designari
711 3816 1052 3868 contendant.
1089 3815 1278 3870 Verum
1329 3817 1379 3871 hi
1417 3815 1649 3870 omnium

139 3894 362 3953 veterum
395 3885 606 3936 Patrum
636 3884 940 3937 testimonio
975 3884 1308 3938 refelluntur.
1356 3886 1511 3939 Certe
1561 3889 1649 3953 qui

139 3949 338 4007 Petrum
395 3953 662 4022 Babylone
710 3954 909 4006 sedisse
937 3955 1135 4015 volunt,
1183 3956 1470 4007 ostendant
1501 3949 1650 4007 nobis

139 4033 330 4091 oportet
379 4023 769 4091 successionem
805 4023 1198 4089 episcoporum,
1247 4025 1334 4088 qui
1368 4022 1650 4091 Babylonis

137 4087 415 4158 Ecclesiam
453 4101 568 4158 post
620 4087 1322 4144 Petrumadministraruut.
1375 4087 1655 4145 Prol’erant

139 4156 282 4222 igitur
311 4156 481 4214 fastos
503 4159 752 4213 Ecclesiae
780 4160 935 4224 illius,
969 4160 1108 4212 sicut
1155 4177 1251 4212 nos
1285 4163 1652 4214 successiones

136 4229 494 4297 episcoporum
534 4231 680 4281 urbis
713 4227 892 4280 Ronne
920 4230 1008 4294 qui
1051 4241 1168 4294 post
1193 4230 1404 4282 Petrum
1442 4241 1652 4296 aposto-

137 4295 229 4348 lum
257 4295 506 4351 Romanae
535 4299 780 4351 Ecclesiae
811 4300 1150 4364 praefuerunt,
1183 4314 1245 4350 ex
1281 4295 1484 4352 [remeo
1505 4299 1652 4350 aliis-

137 4380 227 4434 que
290 4369 636 4433 proferimus.
694 4367 842 4430 Quas,
883 4367 1096 4430 malum,
1129 4369 1451 4434 impudentia
1528 4379 1654 4430 est,

135 4433 179 4484 id
201 4438 409 4507 quidem
455 4438 595 4503 quod
632 4451 783 4507 nemo
817 4433 1234 4507 veteruinﬁdixi't,
1256 4447 1466 4507 temere
1514 4436 1652 4507 affir-

135 4516 298 4563 mare;
323 4506 544 4558 Petrum
579 4504 780 4557 scilicet
816 4505 990 4558 sedem
1042 4504 1220 4574 fixisse
1251 4506 1556 4574 Babylone:
1601 4506 1651 4558 id

135 4583 243 4643 vero
290 4577 434 4643 quod
494 4585 700 4643 veteres
727 4588 911 4625 omnes
962 4573 1309 4627 ecclesiastici
1366 4573 1651 4641 Scriptores

133 4638 472 4714 disertissime
503 4642 868 4714 prodiderunt,
917 4645 1200 4714 adventum
1233 4638 1488 4714 videlicet
1510 4643 1651 4714 Petri

135 4712 177 4780 in
209 4712 388 4763 urbem
425 4712 674 4770 Romam,
704 4713 1048 4775 pertinaciter
1081 4727 1295 4776 negare.
1328 4712 1485 4776 Atqui
1521 4713 1650 4763 nihil

134 4787 177 4823 in
209 4787 308 4830 tota
347 4781 573 4831 historia
605 4781 962 4831 ecclesiastica
998 4780 1271 4842 illustrius,
1300 4783 1427 4832 nihil
1451 4782 1653 4833 certius

131 4853 272 4914 atque
306 4851 577 4909 testatius,
619 4863 777 4912 quam
812 4850 1066 4899 adventus
1123 4847 1261 4901 Petri
1316 4850 1541 4914 apostoli
1595 4851 1647 4901 in

131 4913 291 4982 urbem
320 4915 571 4968 Romam.
603 4915 732 4968 Nam
761 4927 950 4982 printer
981 4916 1194 4981 Papiam
1243 4927 1292 4970 et
1324 4913 1648 4969 Clementem

131 4978 792 5054 Alexandrinumquorum
835 4978 1131 5054 testimonia
1167 4986 1249 5037 hic
1299 4985 1454 5038 affert
1483 4987 1649 5038 Euse-

131 5046 249 5121 hius,
279 5052 417 5102 idem
447 5046 640 5104 scribit
687 5053 972 5121 Dionysius
1002 5053 1404 5105 Corinthiorum
1436 5056 1647 5120 episco-

131 5120 279 5189 pusin
309 5121 544 5189 epistola
575 5127 637 5171 ad
678 5120 916 5174 Soterem
941 5125 1244 5189 episcopum
1270 5122 1412 5174 urbis
1441 5122 1644 5184 Romae,

131 5181 358 5258 imitans,
388 5187 558 5258 Caius
603 5192 878 5258 presbyter
923 5181 987 5242 ιη’
1018 5181 1376 5253 Πηριιιιιιξοηε
1401 5181 1643 5258 adversus

130 5250 372 5314 Proetum,
404 5250 664 5319 Origenes
691 5260 740 5308 in
763 5250 916 5310 'totno
941 5275 997 5311 ιιι
1024 5250 1454 5323 Explanationum
1473 5262 1524 5309 in
1547 5257 1647 5310 Ge-

130 5337 286 5397 ticum.
315 5323 568 5397 Quorum
595 5327 826 5397 omnium
853 5329 988 5387 loca,
1021 5332 1068 5380 id
1095 5329 1231 5394 quod
1254 5327 1358 5377 dixi
1382 5325 1647 5378 afﬁrmau-

128 5390 260 5506 :ium,
287 5392 521 5459 sparsim
556 5390 607 5441 in
641 5393 738 5444 hoc
763 5410 922 5461 opere
963 5390 1128 5450 citata
1155 5398 1385 5463 reperiet
1415 5397 1643 5462 diligens

143 5470 289 5506 eclor-

143 5470 289 5513 ector.

182 5528 281 5598 (56)
316 5525 566 5600 Μάρκον
615 5525 711 5600 ἐστι
747 5526 853 5600 [ἧς
903 5534 1192 5600 Αἰγύπτου
1237 5531 1635 5599 στειλάμενον.

129 5593 225 5661 Quo
249 5593 390 5655 anno
410 5599 627 5650 marcus
648 5599 706 5668 in
727 5593 1009 5666 Egyptum
1034 5603 1300 5668 profectus
1319 5604 1387 5656 sit
1414 5593 1477 5653 a'd
1506 5617 1640 5668 prat-

130 5670 383 5724 dicaudum
421 5666 800 5735 Evangelium,
835 5681 950 5735 non_
967 5666 1098 5722 saiis
1126 5683 1336 5723 constat
1369 5666 1636 5724 inter—an-

130 5738 280 5806 tiquos
303 5731 627 5807 scriptores.
675 5735 874 5790 Auctor
912 5731 1154 5792 Chronici
1191 5740 1526 5794 Alexandrini
1575 5739 1627 5792 id

1759 3200 2005 3253 Clemens
2048 3208 2103 3250 et
2150 3199 2704 3265 Papias-retulerunt,
2741 3197 2974 3250 Marcum
3029 3215 3130 3251 una
3165 3215 3286 3252 cum

1754 3268 1912 3322 Pet‘ro
1940 3269 2151 3322 venisse
2185 3267 2429 3330 Romam,
2476 3267 2654 3335 ibique
2698 3276 2936 3334 rogatum
2967 3281 2994 3318 ιι
3039 3268 3291 3322 Romanis

1753 3337 2098 3406 Evangelium
2128 3337 2517 3406 conscripsisse
2538 3353 2562 3406 ;_
2603 3337 2905 3405 priusquam
2945 3337 3025 3406 de,
3052 3347 3290 3404 tempore

1751 3403 2093 3473 profectionis
2121 3406 2283 3458 Marci
2324 3403 2373 3458 in
2399 3403 2686 3473 Egyptum
2722 3403 2987 3467 dicamus,
3016 3405 3291 3472 inquiren-

1753 3476 1875 3526 dum
1899 3487 2000 3538 est,
2025 3491 2130 3541 quo
2155 3490 2293 3526 anno
2317 3474 2503 3526 Petrus
2528 3477 2578 3525 in
2607 3475 2787 3526 urbem
2813 3473 3036 3526 Romam
3059 3475 3289 3526 advene-

1753 3545 1843 3597 rit.
1875 3545 2134 3597 Eusebius
2164 3543 2378 3610 quidem
2406 3546 2456 3594 in
2483 3542 2760 3603 Chronico,
2813 3543 2953 3596 Petri
3000 3544 3051 3594 in
3101 3544 3284 3595 urbem

1753 3611 1975 3664 Romam
2005 3617 2288 3664 adventum
2317 3612 2478 3664 refert
2518 3627 2656 3664 anno
2679 3613 2913 3664 secundo
2940 3611 3140 3663 Claudii
3185 3615 3262 3663 Au

1752 3682 1914 3748 gusti,
1961 3697 2121 3748 quam
2178 3682 2496 3733 sententiam
2533 3682 2698 3733 secuti
2748 3690 2872 3746 sunt
2923 3678 3193 3748 Barouius
3233 3687 3288 3732 et

1755 3747 2030 3810 Petavius,
2063 3750 2260 3814 aliique
2287 3750 2484 3815 plures.
2513 3750 2616 3801 Sed
2657 3751 2768 3801 hare
2811 3749 3078 3800 sententia
3112 3747 3282 3800 refelli

1751 3819 1958 3869 videtur
1981 3833 2048 3869 ex
2072 3819 2290 3869 Actibus
2320 3821 2707 3882 apostolorum,
2737 3830 2803 3868 ex
2847 3815 3041 3883 quibus
3073 3825 3284 3867 constat

1750 3885 1965 3937 Petrum
1995 3886 2044 3936 in
2075 3884 2254 3937 Judtea
2283 3901 2344 3937 ac
2369 3885 2523 3952 Syria
2570 3900 2779 3946 semper
2822 3884 3081 3938 mansisse
3096 3898 3285 3952 _usque

1752 3955 1818 4004 ad
1842 3954 2082 4020 ultimum
2109 3968 2302 4004 annum
2336 3950 2579 4020 Agrippa:
2608 3953 2765 4018 regis.
2813 3952 2910 4016 Qui
2945 3967 3062 4005 cum
3092 3950 3282 4003 Hiero-

1751 4022 1970 4089 solymis
2004 4019 2220 4072 Petrum
2256 4021 2310 4072 in
2359 4019 2567 4073 vincula
2594 4020 3099 4088 conjecisset,paulo
3141 4029 3281 4089 post,

1751 4087 1926 4144 divina
1949 4105 2069 4142 eum
2100 4091 2412 4155 insequente
2449 4089 2674 4155 justitia,
2699 4087 2999 4141 exstinctus
3043 4099 3125 4140 est
3164 4087 3279 4140 Cas-

1751 4175 1937 4219 sareaz,
1980 4167 2037 4210 ut
2078 4159 2240 4212 refert
2285 4157 2479 4210 Lucas.
2530 4157 2662 4210 Cum
2715 4159 2878 4225 igitur
2905 4171 3045 4208 anno
3085 4167 3278 4222 quarto

1751 4229 1950 4281 Claudii
1979 4238 2215 4279 mortuus
2240 4229 2311 4279 sit
2336 4227 2588 4294 Agrippa,
2625 4235 2680 4277 ut
2709 4227 2850 4279 inter
2874 4240 3059 4278 omnes
3080 4240 3280 4279 conve-

1753 4300 1852 4358 nit,
1882 4297 2069 4350 Pctrus
2091 4307 2213 4349 ante
2242 4297 2382 4349 hunc
2406 4311 2599 4347 annum
2627 4295 2846 4348 Romam
2877 4295 3140 4362 proficisci
3170 4310 3275 4347 non

1752 4369 1945 4434 potuit.
1972 4366 2118 4418 Hanc
2147 4367 2449 4433 opinionem
2482 4365 2629 4434 valde
2657 4366 2935 4417 confirmat
2971 4364 3282 4434 Apollonius

1754 4432 1906 4489 vetus
1935 4432 2192 4502 scriptor,
2206 4435 2293 4500 qui
2322 4437 2576 4486 adversus
2606 4433 2834 4487 Montani
2862 4436 3104 4487 hazresim
3131 4432 3282 4484 lucu~

1754 4507 1910 4558 lentis
1937 4506 2288 4557 voluminibus
2321 4505 2630 4556 decertavit.
2684 4503 2730 4556 ls
2755 4504 2941 4555 scribit
2973 4517 3030 4555 se
3072 4517 3137 4554 ex
3167 4513 3273 4552 tra-

1753 4576 1954 4626 ditione
1976 4577 2235 4641 majorum
2267 4576 2335 4624 ita
2368 4575 2656 4640 accepisse,
2690 4573 2956 4640 apostolos
2999 4581 3113 4634 post
3142 4571 3279 4641 duo-

1751 4645 2013 4696 decimum
2044 4639 2109 4696 ah
2141 4643 2471 4694 Ascensimie
2508 4639 2936 4694 Domini’annum
2979 4655 3007 4691 a
3043 4655 3102 4693 se
3143 4639 3280 4691 invi-

1751 4728 1863 4764 cem
1889 4713 2216 4770 discessisse,
2251 4727 2368 4763 cum
2397 4712 2640 4763 Christus
2669 4713 2739 4763 ita
2768 4711 2895 4776 ipsis
2918 4710 3276 4777 praecepisset.

1753 4781 1923 4833 Verba
1973 4780 2237 4847 Apollonii
2300 4780 2560 4839 habentur
2610 4780 2854 4830 Historia:
2914 4778 3278 4847 ecclesiu'ticas

1749 4849 1962 4901 Eusebii
1999 4845 2166 4901 nostri
2198 4849 2288 4901 lib.
2316 4864 2364 4912 v,
2395 4863 2512 4914 cap.
2549 4847 2632 4900 i8.
2679 4847 2818 4900 idem
2855 4849 3021 4900 refert
3050 4845 3185 4914 Beda
3219 4845 3275 4914 in

1748 4936 1862 4983 cap.
1887 4933 1980 4970 xm
2005 4918 2227 4969 Actuum
2259 4912 2629 4984 apostolorum.
2657 4918 2760 4970 Sed
2800 4927 2985 4969 auctor
3031 4912 3274 4984 Chroniri

1747 4982 2082 5039 Alexandrini
2110 4982 2390 5038 adventum
2417 4985 2557 5037 Petri
2583 4986 2633 5036 in
2663 4987 2842 5039 urbem
2864 4986 3079 5040 Romam
3104 4982 3274 5033 adhuc

1749 5057 1952 5108 tardius
1974 5054 2156 5108 refert.
2184 5054 2381 5106 Scribit
2409 5055 2550 5106 enim
2600 5053 2820 5107 Paulum
2847 5054 3056 5106 venisse
3084 5049 3271 5100 Hiero-

1746 5123 2510 5194 solymaohAcontroversiam
2559 5123 2640 5194 de,
2677 5123 3082 5176 circumcisione
3127 5131 3270 5194 anno

1746 5191 1894 5246 sexto
1920 5191 2161 5254 Claudii;
2194 5205 2362 5257 eoque
2394 5206 2536 5242 anno
2565 5192 2888 5244 celebratum
2933 5202 3051 5240 esse
3083 5191 3270 5257 conci-

1745 5260 1872 5312 lium
1901 5254 2465 5327 ilierosolymitanum,
2497 5262 2749 5327 apostolis
2781 5258 3007 5327 nondum
3038 5267 3151 5327 σεε
3184 5254 3270 5303 in-

1745 5331 1912 5382 vicem
1938 5321 2240 5394 disjunc'tis.
2282 5328 2462 5394 Itaque
2507 5321 2571 5380 εἰ
2619 5330 2730 5394 ejus
2765 5325 3047 5394 sententia,
3077 5321 3269 5374 Petrus

1743 5413 1845 5450 non
1871 5407 1992 5448 ante
2018 5390 2215 5448 annum
2239 5411 2308 5448 vn
2337 5390 2541 5449 Claudii
2582 5390 2802 5448 Romam
2845 5390 3116 5458 profectus
3159 5401 3263 5447 est.

1743 5467 1847 5520 Sed
1872 5464 2154 5520 dolendum
2179 5475 2283 5527 est,
2310 5469 2450 5533 quod
2479 5470 2528 5517 in
2561 5479 2624 5516 eo
2661 5464 2912 5515 Chronico
2946 5460 3132 5533 viginti
3157 5459 3269 5533 ci_r-_

1740 5537 1874 5586 citer
1898 5547 2154 5585 annorum
2182 5527 2371 5587 lacuna
2398 5545 2496 5587 est.
2535 5535 2607 5587 Ita
2637 5533 2842 5582 Marcus
2875 5544 3017 5581 anno
3055 5527 3286 5584 Claudii.

1739 5619 1877 5656 nooo
1903 5601 2273 5654 Alexandriam
2311 5602 2578 5670 profectus
2604 5600 2926 5670 fuerimque
2947 5607 3027 5653 est
3049 5609 3267 5655 senten-

1738 5675 1807 5726 tia
1835 5671 2081 5738 Eutychii
2106 5668 2426 5739 patriarcha:
2451 5668 2823 5724 Alexandrini.
