3996 6342
635 368 734 420 Π5

1323 363 1587 419 EUSEBH
1626 363 2099 420 CESARIENSIS
2137 361 2286 419 OPP.
2327 363 2509 419 PARS
2548 363 2588 416 Ι.
2628 393 2697 406 --
2732 364 3115 421 HISTORICA.

3714 375 3810 430 {76

632 499 696 537 eo
745 483 1068 546 elaboratus,
1090 497 1285 537 omnes
1316 483 1715 538 ecclesiasticas
1762 483 1971 551 regulas
1993 500 2112 552 qua:

2271 468 2712 551 πεφυλαγμένους
2761 483 2859 553 τῆς
2922 483 3243 554 Ἐκκλησίας
3285 483 3524 555 περιέχει
3571 489 3812 554 κανόνας-

632 573 782 627 nobis
807 574 1096 628 etiamnum
1123 580 1420 637 servantur,
1451 573 1558 645 55
1597 573 1882 628 manifeste
1907 576 2165 628 continet.

634 662 698 715 Et
756 678 875 717 cum
916 662 1349 731 philosophorum
1402 676 1814 734 ascetarumque
1860 675 2164 719 nostrorum

630 755 796 807 vitam
823 753 1091 819 describit,
1123 757 1256 807 satis
1282 769 1548 824 superque
1575 755 1776 809 indicat
1796 769 1853 810 se
1876 770 1979 809 non
2009 756 2165 809 modo

627 848 844 909 vidisse,
877 847 970 902 sed
1009 848 1169 901 etiam
1218 847 1562 900 vehementer
1595 845 1825 916 probare
1871 857 1927 900 et
1976 847 2159 900 mirari

629 937 947 1005 apostolicos
975 939 1118 990 viros
1145 935 1236 1003 qui
1262 950 1326 989 ex
1366 935 1605 990 Hebraeis
1625 974 1642 1000 ,
1677 945 1734 989 ut
1759 936 2010 990 credibile
2041 944 2123 990 est
2145 975 2160 998 ,

616 1028 835 1081 oriundi
857 1066 873 1091 ,
899 1026 966 1080 ob
999 1041 1116 1081 eam
1145 1041 1360 1080 causam
1384 1025 1632 1080 Iudaicos
1664 1011 1799 1080 ritus
1826 1036 1985 1095 atque
2010 1027 2163 1080 insti-

628 1124 738 1170 tuta
775 1127 899 1169 tunc
931 1116 1184 1185 temporis
1215 1131 1403 1185 magna
1429 1131 1494 1170 ex
1526 1126 1677 1183 parte
1701 1119 2005 1170 servabant.
2044 1116 2160 1171 Pri-

627 1221 770 1260 mum
801 1206 964 1275 igitur
994 1205 1044 1258 in
1089 1220 1153 1260 eo
1192 1205 1328 1261 libro
1357 1220 1512 1274 quem
1543 1205 1617 1260 De
1638 1208 1742 1260 vita
1765 1205 2158 1274 contemplativa

625 1312 717 1350 seu
753 1296 824 1349 De
849 1297 1161 1365 supplicibus
1194 1298 1503 1365 inscripsit,
1534 1306 1808 1366 postquam
1839 1298 1968 1351 nihil
2004 1313 2032 1352 a
2069 1313 2156 1352 ve-

623 1387 784 1438 ritate
811 1385 1040 1440 alienum
1076 1389 1365 1442 narrationi
1413 1403 1572 1457 quam
1617 1389 1930 1443 instituisset
1964 1390 2028 1442 de
2056 1403 2155 1442 suo

622 1490 682 1528 se
711 1485 1033 1530 attexturum
1063 1492 1183 1532 esse
1204 1478 1474 1546 professus
1491 1487 1588 1543 est,
1609 1480 1752 1534 viros
1778 1480 1987 1550 quidem
2013 1481 2153 1547 ipsos

2283 571 2436 624 Ἀλλὰ
2454 574 2545 625 καὶ
2567 574 2656 626 τὸν
2694 572 2805 642 βίον
2841 574 2945 627 τῶν
2968 574 3098 643 παρ’
3143 576 3273 643 ἡμῖν
3317 574 3568 645 ἀσκητῶν
3606 577 3720 646 (57)
3743 578 3814 640 ως

2271 661 2348 713 ἔνι
2375 661 2599 732 μάλιστα
2628 663 2991 734 ἀκριϐέστατα
3020 656 3263 732 ἱστορῶν,
3281 662 3471 731 γένοιτ’
3489 664 3555 718 ἂν
3573 666 3810 736 ἔκδηλος,

2263 751 2361 802 οὐκ
2385 751 2534 814 εἰδὼς
2567 753 2745 822 μόνον,
2771 752 2905 806 ἀλλὰ
2943 754 3032 807 καὶ
3054 753 3445 822 ἀποδεχόμενος
3471 793 3486 816 ,
3516 755 3810 818 ἐκθειάζων

2261 861 2320 895 τε
2334 843 2424 895 καὶ
2442 843 2714 912 σεμνύνων
2736 847 2859 905 τοὺς
2875 847 2990 897 κατ’
3012 845 3173 898 αὐτὸν
3193 845 3576 908 ἀποστολικοὺς
3595 846 3808 916 ἆυερας,

2262 934 2319 1000 ἐξ
2336 934 2592 1004 Ἐϐραίων
2612 934 2685 996 ὡς
2709 935 2849 987 ἔοικε
2871 936 3177 1003 γεγονότας,
3193 935 3360 1006 ταύτῃ
3379 953 3436 988 τε
3453 935 3810 989 Ἶουδαῖκὼτε-

2263 1039 2353 1096 ρον
2379 1021 2485 1074 τῶν
2518 1021 2758 1074 παλαιῶν
2780 1022 2858 1076 ἔτι
2879 1023 2945 1074 τὰ
2968 1022 3194 1076 πλεῖστα
3219 1023 3602 1093 διατηροῦντας
3651 1024 3805 1078 ὲθῶν.

2261 1113 2480 1183 Πρῶτον
2507 1112 2570 1179 γὲ
2592 1129 2674 1164 τοι
2699 1113 2759 1164 τὸ
2781 1114 2941 1182 μηδὲν
2964 1113 3102 1183 πέρα
3123 1114 3222 1183 τῆς
3245 1115 3496 1186 ἀληθείας
3522 1113 3732 1167 οἴκοθέν
3749 1132 3806 1167 τε

2259 1205 2350 1257 καὶ
2380 1204 2438 1268 ἐξ
2485 1201 2673 1254 ἑαυτοῦ
2704 1203 3049 1273 προσθήσειν,
3089 1206 3146 1256 ἐν
3186 1199 3266 1269 οἷς
3321 1200 3618 1276 ἱστορήσειν
3650 1206 3806 1274 ἐμελ-

2257 1295 2344 1347 λεν
2367 1293 2474 1364 (58)
2509 1291 3023 1362 ἀπισχυρισάμενος,
3045 1296 3101 1346 ὲν
3139 1287 3182 1361 ᾧ
3209 1296 3480 1366 ἐπέγραψε
3497 1295 3640 1365 λόγῳ
3668 1295 3804 1360 Περὶ

2249 1387 2388 1450 βίσυ
2415 1382 2765 1448 θεωρητικοῦ
2795 1380 2903 1451 (59)
2925 1384 2956 1452 ἢ
2980 1380 3204 1444 ἰκετῶν,
3229 1385 3564 1457 θεραπευτὰς
3603 1385 3800 1447 αὐτοὺς

2255 1474 2345 1526 καὶ
2380 1475 2477 1536 τὰς
2503 1477 2598 1526 σὺν
2635 1472 2817 1535 αὐτοῖς
2844 1475 3102 1539 γυναῖκας
3145 1471 3563 1545 θεραπευτρίδας
3589 1476 3802 1528 ἀποκα-

622 1565 1016 1636 Therapeutas,
1063 1569 1288 1622 feminas
1333 1584 1461 1622 vero
1496 1569 1654 1622 simul
1699 1584 1820 1623 curn
1866 1569 1994 1636 ipsis
2030 1581 2140 1621 ver-

2253 1563 2454 1617 λεῖσθαί
2483 1580 2633 1633 φησι,
2658 1565 2757 1624 τὰς
2790 1563 2964 1624 αἰτίας
3004 1563 3242 1618 ἐπειπὼν
3267 1565 3364 1634 τῆς
3388 1567 3595 1619 τοιᾶσδε
3629 1583 3801 1635 προσ-

609 1650 800 1713 ‘itantes
829 1658 1241 1728 Therapeutrias
1291 1661 1363 1714 ait
1399 1661 1672 1730 appellari,
1735 1679 2056 1735 causamque
2082 1669 2140 1722 is-

2255 1657 2478 1726 ρήσεως,
2529 1653 2644 1723 ἦτοι
2689 1650 2835 1721 παρὰ
2885 1651 2944 1703 τὺ
2985 1651 3080 1712 τὰς
3117 1653 3290 1722 ψυχὰς
3329 1654 3436 1706 τῶν
3468 1655 3801 1725 προσιόντων

619 1751 726 1802 tius
755 1749 1122 1816 appellationis
1151 1749 1438 1819 subjungit,
1471 1767 1561 1805 seu
1596 1754 1734 1820 quod
1763 1763 2012 1822 tanquam
2044 1773 2140 1811 me-

2253 1745 2451 1805 αὐτοῖς.
2479 1741 2584 1812 τῶν
2617 1737 2722 1793 ἀπὸ
2747 1739 2940 1800 κακίας
2972 1738 3174 1801 παθῶν,
3220 1740 3417 1811 ἰατρῶν
3447 1741 3599 1810 δίκην
3623 1739 3801 1793 ἁπαλ-

617 1839 722 1892 dici
752 1841 966 1908 quidam
993 1878 1006 1903 ,
1039 1841 1244 1893 animos
1281 1856 1466 1894 eorum
1504 1842 1594 1910 qui
1627 1842 1692 1897 ad
1729 1843 1871 1912 ipsos
1904 1860 2140 1902 accesse-

2250 1835 2534 1895 λάττοντας
2572 1832 2814 1884 ἀκεῖσθαι
2853 1833 2943 1883 καὶ
2986 1830 3323 1900 θεραπεύειν,
3362 1831 3523 1901 ἢτῆς
3564 1832 3692 1902 περὶ
3736 1831 3800 1884 τδ

614 1943 783 1996 rant,
829 1931 1036 1984 vitiosis
1087 1929 1365 1986 alTectibus
1413 1932 1664 1990 liberatos
1713 1948 2008 2001 curarent,
2058 1952 2140 1993 seu

2242 1925 2390 1975 Θεῖον
2411 1922 2651 1991 καθαρᾶς
2683 1919 2774 1972 καὶ
2802 1919 3120 1990 εἰλικρινοῦς
3147 1919 3436 1989 θεραπείας
3469 1937 3527 1972 τε
3557 1923 3649 1973 καὶ
3667 1921 3802 1991 θρη-

617 2019 758 2084 quod
791 2019 891 2086 ipsi
910 2019 1146 2073 divinum
1165 2019 1361 2075 [iumen
1393 2033 1537 2077 caste
1566 2038 1627 2076 ac
1655 2024 1866 2080 sincere
1893 2025 2140 2081 colerent.

2253 2012 2435 2074 σκείας
2462 2011 2638 2063 ἓνεκα.
2680 2011 2786 2062 Εἶτ’
2806 2005 2895 2062 οὖν
2923 2008 2980 2072 ἐξ
3007 2009 3196 2062 ἑαυτοῦ
3223 2010 3423 2079 ταύτην
3453 2011 3632 2082 αὐτοῖς
3671 2013 3798 2063 ἑπι-

617 2112 784 2166 Porro
834 2119 1008 2163 utrum
1056 2113 1205 2168 Philo
1256 2115 1366 2183 ipse
1414 2116 1553 2170 hanc
1588 2117 1695 2170 illis
1740 2117 2140 2185 appellationem

2256 2103 2490 2156 τέθειται
2534 2104 2630 2172 τὴν
2669 2103 3051 2172 προσηγορίαν,
3092 2103 3304 2164 οἰκείως
3357 2103 3662 2173 ἐπιγράψας
3719 2105 3799 2173 τῷ

617 2205 868 2260 indiderit
892 2246 908 2270 ,
936 2216 1269 2261 commentus
1299 2208 1614 2263 vocabulum
1659 2209 1797 2277 quod
1837 2225 2016 2264 eorum
2054 2211 2140 2265 bo-

2245 2195 2426 2266 τρόπῳ
2450 2195 2556 2246 τῶν
2586 2194 2789 2264 ἀνδρῶν
2814 2193 3065 2263 τοῦνομα,
3090 2195 3196 2246 εἴτε
3227 2196 3318 2246 καὶ
3336 2194 3500 2257 ὄντως
3527 2195 3668 2246 τοῦτ’
3699 2195 3799 2246 αὐ-

617 2295 815 2350 minum
842 2297 1451 2367 moribusinstitutisque
1478 2310 1793 2368 congrueret
1817 2317 1830 2364 ;
1869 2315 1934 2354 an
1965 2316 2140 2355 revera

2244 2288 2366 2349 τοὺς
2398 2285 2622 2338 ἐκάλουν
2672 2285 2947 2356 καταρχὰς
2996 2287 3043 2337 οἱ
3093 2286 3329 2356 πρῶτοι,
3381 2285 3642 2356 μηδαμῶς
3697 2286 3798 2354 τῆς

2243 2442 2340 2504 τάς
2360 2443 2477 2495 illos
2516 2451 2674 2509 negat
2716 2441 3047 2496 Christianos
3094 2458 3325 2509 unquam
3391 2441 3572 2497 inisse.
3621 2443 3797 2510 ldquo
3847 2456 3849 2460 '

2243 2512 2402 2575 paulo
2445 2521 2562 2577 post
2612 2511 2852 2578 pluribus
2897 2515 3224 2579 argumentis
3271 2513 3789 2566 demonstrabimus.

2244 2582 2346 2632 Sed
2377 2582 2512 2650 quod
2537 2580 2672 2632 idem
2723 2579 2958 2650 Scaliger
2985 2581 3134 2640 dicit,
3171 2582 3288 2636 illos
3338 2582 3574 2634 Philonis
3623 2581 3793 2650 θερα-

2244 2650 2437 2709 πευτάς
2472 2649 2700 2701 Essenos
2727 2649 2910 2710 fuisse,
2936 2651 2989 2700 id
3031 2651 3155 2702 mihi
3183 2653 3501 2717 persuadere
3527 2666 3629 2703 non
3662 2649 3793 2718 pos-

2241 2733 2376 2770 Sum.
2415 2718 2544 2769 Nam
2573 2719 2798 2784 primum
2849 2719 3061 2783 quidem
3110 2719 3262 2772 Philo
3305 2722 3357 2772 in
3416 2729 3524 2773 toto
3571 2721 3660 2771 illo
3718 2721 3790 2772 li-

2241 2788 2336 2838 bro
2359 2785 2433 2837 De
2461 2787 2563 2837 vita
2595 2787 3015 2850 contemplativa,
3064 2790 3324 2854 nuisquam
3380 2789 3499 2841 illos
3550 2789 3790 2843 Essenos

2240 2855 2633 2927 nominatalmo
2682 2857 2858 2906 statim
2895 2858 2945 2927 in
2981 2857 3110 2927 ipso
3163 2857 3282 2909 libri
3333 2859 3582 2927 exordio,
3614 2856 3788 2927 θερα-

2238 2924 2439 2984 πευτάς
2469 2923 2542 2993 ait
2566 2924 2895 2993 nuncupatos
2921 2924 3103 2993 fuisse,
3147 2935 3199 2979 et
3253 2927 3505 2980 mulieres
3536 2923 3786 2993 ejusdem

2238 2991 2954 3062 institutibspansurpibagt
2983 2992 3181 3046 Deinde
3235 2994 3420 3047 Esseni
3465 2991 3680 3061 quidem
3728 2997 3784 3048 in

2238 3061 2414 3115 Judaaa
2451 3061 2654 3114 tantum
2681 3061 2830 3114 erant
2851 3078 2911 3113 ac
2934 3061 3235 3126 Palaestina,
3263 3073 3320 3114 ιιι
3353 3065 3549 3128 diserte
3589 3065 3790 3117 scribit

2238 3131 2408 3196 Philo,
2449 3132 2637 3183 tumin
2698 3130 2830 3183 libro
2861 3130 3010 3192 Quod
3050 3133 3216 3183 omnis
3260 3133 3449 3197 probus
3497 3134 3561 3183 sit
3609 3131 3788 3196 liber;

2239 3209 2344 3252 tum
2378 3202 2426 3252 in
2454 3198 2702 3265 Apologia
2749 3216 2837 3262 pro
2876 3199 3095 3260 Judwis,
3120 3214 3279 3266 quam
3332 3200 3462 3251 citat
3517 3200 3787 3255 Eusebius

2236 3272 2287 3320 in
2316 3269 2445 3321 libro
2478 3283 2567 3336 vin
2598 3267 2671 3318 De
2700 3269 3096 3336 prwpafatione.
3125 3269 3476 3336 Therapeuta:
3523 3284 3649 3321 vero
3681 3285 3783 3336 per

2233 3351 2439 3390 onmem
2473 3335 2727 3387 Graeciam
2776 3350 2838 3386 ac
2876 3334 3180 3386 Barbariatn
3233 3335 3405 3387 diliusi
3453 3347 3624 3388 erant.
3666 3334 3780 3401 Scal

2235 3405 2501 3473 przecipne
2526 3404 2577 3455 in
2605 3403 3004 3473 zEgyptorcirca
3052 3403 3337 3457 llareotem
3371 3407 3656 3473 degebant,
3718 3418 3780 3461 ut

2234 3471 2496 3542 aitPhilo,
2525 3471 2983 3542 quiiMareoticam
3036 3486 3217 3525 eorum
3252 3471 3476 3540 patriam
3511 3485 3565 3528 et
3612 3478 3778 3542 quasi

2234 3541 2566 3607 metropolim
2614 3541 2779 3591 fuisse
2831 3549 3089 3603 testatur,
3148 3557 3251 3609 quo
3297 3541 3777 3609 praestantissimus

2232 3611 2453 3676 quisque
2481 3608 2928 3681 Therapeutarnm
2951 3608 3352 3681 commigraba’t.
3393 3610 3631 3681 Denique
3674 3613 3775 3667 Jo-

2231 3681 2448 3748 sephus,
2502 3679 2938 3745 diiigentissimns
2978 3680 3184 3748 alioqui
3240 3683 3491 3748 scriptor,
3533 3679 3654 3734 cum
3703 3684 3776 3737 de

2232 3747 2543 3798 Essenorum
2580 3758 2721 3799 seCta
2738 3748 2948 3817 duobus
2974 3747 3025 3798 in
3058 3750 3189 3801 locis
3216 3765 3278 3801 ex
3315 3747 3553 3817 professo
3589 3752 3776 3804 disse-

2230 3817 2416 3875 ruerit,
2447 3826 2621 3866 tamen
2645 3819 2706 3867 de
2737 3815 2836 3867 illis
2851 3815 3191 3885 θεωρητικοίς
3210 3815 3423 3872 Esscnis
3448 3835 3513 3871 ne
3539 3822 3772 3874 verbum

2230 3886 2441 3950 quidem
2479 3887 2632 3937 dixit.
2657 3885 2804 3937 Mitto
2828 3894 2966 3951 quod
3000 3887 3348 3954 Therapeutis
3373 3889 3474 3940 illis
3505 3888 3670 3939 multa
3691 3899 3777 3941 at-

2231 3955 2416 4006 tribuit
2441 3954 2608 4013 Philo.
2642 3969 2758 4021 qua:
2791 3955 2857 4006 ab
2896 3955 3213 4008 Essenorum
3253 3969 3398 4010 secta
3452 3957 3607 4022 longe
3671 3960 3775 4010 ab-

2229 4022 2465 4075 horrent.
2493 4024 2797 4089 anusmodi
2836 4023 2961 4073 illud
2994 4034 3075 4075 est
3125 4027 3261 4091 quod
3315 4025 3377 4077 de
3440 4025 3769 4080 mulieribus

2226 4092 2601 4158 therapeuticis
2631 4093 2756 4142 dicit
2783 4129 2797 4151 ,
2850 4106 2967 4142 cum
2996 4101 3169 4145 tamen
3196 4093 3343 4147 Philo
3373 4095 3568 4148 diserte
3602 4103 3775 4147 teste-

2228 4169 2310 4210 tur
2341 4158 2913 4232 Essenosinttligbretu
2953 4175 3136 4213 sexum
3168 4165 3428 4215 aversari.
3473 4162 3587 4215 Jam
3631 4161 3771 4232 illud

2223 4231 2359 4294 quod
2387 4230 2462 4280 ait
2491 4227 2676 4298 Philo,
2740 4225 3098 4298 Therapeutas
3152 4233 3522 4298 patrimonium
3593 4226 3763 4284 sinuin

2223 4296 2533 4367 propinquis
2573 4304 2623 4347 et
2657 4295 2839 4348 amicis
2900 4309 3086 4363 sponte
3139 4295 3457 4367 relinquere,
3517 4314 3581 4367 an
3650 4316 3766 4354 non

601 4365 674 4418 lla
694 4364 1678 4435 quidemexcediceRegioediditﬂob.
1699 4365 2126 4435 Stcpliatius;V_e-
2225 4365 2503 4435 manifeste
2535 4375 2730 4431 pugnat
2765 4380 2881 4418 cum
2908 4381 2972 4418 eo
3005 4369 3145 4435 quod
3187 4364 3452 4434 Josépbus
3503 4365 3764 4431 alIirmat,

602 4429 724 4487 rum
747 4435 796 4485 in
824 4436 989 4486 tribus
1018 4437 1210 4486 nostris
1241 4429 1696 4504 codicibus_hl:iz.,
1728 4429 1943 4504 Med._et
1985 4433 2116 4504 Fuit.
2151 4496 2185 4504 _
2225 4429 2450 4504 Essenos
2475 4429 2677 4485 scilicet
2711 4435 2838 4486 nihil
2873 4429 3177 4504 propinquis
3227 4429 3335 4490 suis
3388 4438 3606 4504 donare,
3662 4429 3764 4492 sed

601 4505 758 4556 aliter
784 4504 1034 4556 scribitur
1074 4504 1157 4570 hic
1197 4505 1359 4564 locus,
1388 4501 1591 4551 οἴκοθέν
1610 4518 1668 4552 τε
1705 4503 1797 4553 καὶ
1825 4500 1884 4563 ἐξ
1928 4503 2115 4553 ἑαυτοῦ

2242 4504 2397 4570 Munia
2429 4503 2477 4552 in
2526 4517 2803 4556 commune
2830 4496 3097 4558 conl‘érre'.
3155 4505 3360 4558 Fet‘ellit
3417 4496 3761 4570 Scaligerum

599 4574 936 4643 προσθήσειν,
963 4575 1018 4623 ὲν
1046 4566 1123 4632 οἷς
1169 4572 1465 4643 ἱστορήσειν
1513 4570 1748 4643 ἔμελλεν
1774 4571 2121 4643 ἀπισχυρισά-

2242 4569 2458 4643 ξιιίιοιιίε
2485 4571 2646 4643 locus,
2678 4575 2764 4638 qui
2794 4573 2993 4643 librum,
3014 4589 3165 4643 suum
3197 4573 3269 4643 De
3295 4575 3395 4643 vita
3432 4566 3763 4643 contempla-

574 4636 935 4712 .p'svog.'uti:e
965 4644 1174 4707 quidem
1209 4636 1368 4692 lectio
1398 4636 1590 4712 rectior
1626 4642 1759 4712 mihi
1785 4636 2042 4712 videtur.»
2072 4709 2083 4712 _

2242 4636 2319 4688 iva
2354 4641 2429 4690 sic
2455 4636 2727 4712 exorditur
2757 4661 2767 4692 :
2815 4641 3070 4712 Ἐσσαίων
3098 4642 3220 4712 πέρι
3253 4640 3544 4712 διαλεχθεὶς
3586 4636 3639 4692 οἳ
3662 4644 3763 4696 τὸν

667 4713 774 4781 (59)
803 4711 940 4781 Περὶ
960 4713 1102 4774 βίου
1128 4707 1720 4781 θεωρητικοῦζΕιιειοι
1750 4709 2007 4781 hodieque
2034 4709 2119 4762 hic

2242 4707 2513 4781 ιρακτικὸν
2547 4708 2817 4781 ἐζήλωσαν
2862 4712 2953 4781 καὶ
2988 4707 3301 4781 διεπόνὴσαν
3333 4707 3464 4777 βίον,
3515 4713 3570 4781 εν
3593 4713 3761 4781 -ἇπα-

598 4777 831 4834 Philonis
862 4779 991 4833 lib‘er
1023 4782 1070 4832 in
1097 4794 1203 4846 quo
1232 4779 1446 4832 disserit
1476 4777 1627 4832 Philo
1656 4781 1719 4832 de
1749 4779 1850 4830 vita
1871 4791 2119 4844 quorum-

2242 4791 2322 4847 τιν,
2349 4777 2380 4846 ἢ
2408 4778 2466 4828 τὸ
2509 4779 2633 4844 γοῦν
2658 4777 3071 4847 εὐφορητὸτερον
3107 4780 3277 4829 εἰπεῖν
3300 4846 3305 4847 γ
3327 4781 3437 4840 τοῖς
3483 4778 3763 4847 πλείστοις

599 4854 718 4902 dam
754 4845 1199 4918 philosophorum,
1261 4850 1371 4916 qui,
1417 4848 1615 4900 relictis
1653 4847 1958 4919 civitatibus
1989 4885 2004 4908 ,
2062 4847 2115 4899 in

2242 4845 2404 4913 ιέρεσι
2439 4845 2816 4919 διενεγκόντες,
2845 4845 3034 4919 αὐτίκα
3065 4845 3757 4919 καὶῌπερὶ--τῶν-θεωρίαν

596 4933 722 4988 agro
749 4914 801 4970 et
826 4914 1104 4970 solitudine
1135 4914 1402 4988 degentes,
1441 4917 1764 4988 orationibus
1797 4927 1852 4969 et
1879 4926 2118 4988 contem-

2242 4917 2604 4988 ισπασαμενων
2631 4914 2782 4979 λέξω.
2816 4917 3027 4988 Scilicet
3050 4914 3295 4988 Scaliger
3321 4917 3595 4979 Ἐσσαίων,
3622 4914 3760 4976 sub-

594 4983 1107 5059 piationivacabani,
1167 4983 1298 5052 quos
1359 4986 1689 5059 θεραπευτάς
1735 4988 1902 5059 dictos
1957 4983 2117 5036 fuisse
2215 4985 2382 5059 audiri
2411 4983 2753 5059 existimavit.
2807 4986 2909 5059 sed
2953 4984 3334 5059 nihil_n_ecesse
3377 4998 3482 5059 est,
3521 4989 3619 5059 _At,
3663 4991 3756 5042 in-

594 5052 687 5120 ait,
723 5065 776 5110 et
805 5055 1050 5108 mulieres
1077 5052 1481 5123 θεραπευτρίας.
1522 5054 1625 5109 Hos
1657 5055 1914 5108 Eusebius
1936 5065 2116 5123 noster
2215 5055 2383 5123 quies,
2407 5057 2619 5122 quinam
2654 5054 2813 5121 igitur
2837 5052 3071 5123 inerunt
3099 5052 3438 5123 Therapeuta:
3465 5056 3487 5107 τ
3513 5055 3757 5114 Judaicae

594 5129 704 5179 vult
730 5126 892 5178 fuisse
917 5120 1264 5194 christianos,
1289 5120 1375 5194 qui
1415 5140 1480 5176 ex
1509 5123 1743 5178 Hebrwis
1775 5123 2013 5194 conversi
2049 5122 2114 5194 ab
2215 5120 2436 5194 quidem
2462 5120 2732 5194 religionis
2769 5122 2997 5194 cultores
3021 5121 3138 5175 illos
3167 5121 3330 5194 fuisse
3357 5139 3460 5178 non
3491 5125 3749 5194 diﬂlteor,

593 5196 916 5263 evangelista
957 5190 1157 5263 Marco,
1209 5189 1525 5263 strictior-em
1579 5194 1855 5259 quamdam
1906 5190 2113 5263 vivendi
2215 5193 2442 5245 maxime
2476 5189 2769 5263 cutnPhilo
2797 5189 2927 5263 nihil
2967 5191 3348 5263 praeterlegem
3404 5208 3465 5246 ac
3515 5189 3757 5263 prophel-

594 5259 922 5332 disciplinam
960 5261 1446 5326 fuerantamplexi.
1474 5265 1542 5332 A_t
1579 5264 1814 5332 Scaliger
1837 5264 1885 5314 in
1915 5261 2022 5332 lib.
2060 5273 2111 5311 v1
2216 5266 2314 5332 ias,
2353 5277 2444 5315 eos
2486 5262 2754 5315 lectitasse
2778 5259 2988 5332 __dicat._
3035 5260 3140 5312 Sed
3192 5261 3416 5332 Essenos
3470 5259 3588 5317 illos
3615 5259 3754 5319 'non

594 5333 667 5384 De
712 5326 1064 5385 cmendatione
1123 5338 1402 5400 temporum
1436 5369 1449 5393 ,
1497 5326 1745 5385 Essenos'
1783 5331 1898 5384 illos
1953 5328 2114 5400 luisse
2214 5326 2398 5400 fuisse,
2433 5347 2493 5384 ex
2526 5332 2591 5382 iis
2622 5327 3042 5400 qtiaa_dixi_sat_is,
3072 5338 3127 5400 ut
3152 5331 3358 5397 opinor,
3385 5333 3564 5400 liquet.
3598 5333 3752 5386 Idem

593 5403 906 5454 contendit:
939 5411 987 5453 et
1013 5399 1292 5467 Eusebium
1337 5400 1572 5467 graviter
1598 5401 1964 5467 reprehendit,
2019 5398 2109 5462 qui
2213 5399 2489 5467 nobiscum
2521 5395 2943 5467 senuthPhotius
2973 5397 3021 5447 in
3072 5395 3392 5453 Bibliotheca
3433 5395 3548 5466 cap.
3589 5401 3693 5453 105
3733 5417 3750 5454 :

591 5468 918 5522 Christianos
993 5470 1109 5520 illos
1153 5464 1317 5539 fuisse
1347 5462 1355 5463 ί
1387 5462 1743 5539 aliirntave'rit.
1801 5470 1913 5521 Duo
1970 5481 2109 5539 enim

2242 5466 2661 5539 ᾼνεγνώσθησανΔ
2685 5462 2738 5514 δὲ
2789 5464 3092 5539 r®v_7rap&
3144 5469 3407 5539 Ἰουδαίοις
3457 5462 3757 5539 φιλοσοφητ

590 5551 780 5608 genera
815 5540 1133 5591 Essenorum
1164 5535 1324 5608 fuisse
1354 5535 1842 5608 sc_ribit_Scaliger;
1892 5548 1942 5591 et
1978 5536 2111 5608 alios

2244 5532 2411 5608 άντων
2435 5532 2614 5608 τῆν’τξ
2641 5532 2971 5608 Θεῳρητικῂν
3003 5532 3094 5589 καὶ
3117 5537 3213 5607 τὴν
3256 5532 3557 5608 πρακτικὴν
3594 5532 3755 5604 φιλό-

589 5599 797 5682 quidem
830 5608 991 5682 fuisse
1017 5603 1365 5682 πρακτικούς,
1394 5606 1455 5681 de
1485 5605 1673 5682 quibus
1703 5599 1750 5658 iii
1782 5599 1954 5682 priore
1978 5606 2109 5682 libro

2242 5605 2394 5682 οφιαν
2425 5599 2525 5674 βίοι
2549 5620 2558 5631 ·
2581 5599 2653 5660 ὧν
2681 5601 2727 5652 οἱ
2751 5599 2859 5672 ’μὲν
2920 5599 3183 5677 Ἐσσηνοὶ,
3231 5609 3280 5659 οἱ
3302 5599 3373 5659 ’δὲ
3402 5599 3752 5682 ξερὰπέυταὶ

587 5676 799 5724 disserit
826 5675 1005 5738 Philo;
1038 5672 1166 5726 alios
1201 5672 1576 5739 θεωρητίκούς.
1605 5675 1712 5742 Ego
1741 5672 1864 5728 vero
1918 5677 1966 5726 in
2012 5675 2110 5725 hoc

2242 5672 2505 5728 καλοῦντο.
2942 5707 2947 5722 .

588 5743 794 5806 quidem
823 5744 1045 5796 libenter
1073 5744 1332 5796 assentior
1358 5743 1650 5810 Scaligero,
1675 5746 1814 5813 quod
1846 5745 2106 5812 θεραπευ-

685 2434 793 2505 (57')
824 2435 942 2488 Τῶν
964 2436 1096 2502 παρ’
1124 2435 1264 2503 ἡμῖν
1297 2434 1591 2500 ἀσκητῶν.
1619 2435 1890 2490 Musculus
1916 2447 1969 2490 et
1989 2438 2144 2491 Chri-

614 2506 999 2573 stnphorsonns
1027 2507 1304 2556 monachos
1331 2506 1411 2556 his
1440 2507 1616 2573 verbis
1641 2506 1929 2572 signiﬁcari
1955 2508 2143 2560 existi-

618 2569 866 2633 marunt;
911 2590 939 2644 ιι
965 2574 1154 2644 quibus
1205 2588 1524 2644 magnopere
1563 2569 1838 2644 dissentio.
1881 2576 2142 2644 Ἀσκητάς

615 2644 754 2711 enim
781 2643 972 2708 priscis
995 2642 1099 2694 illis
1123 2643 1447 2708 temporibus
1486 2643 1746 2694 vocabant
1776 2658 1866 2697 eos
1892 2647 1978 2711 (ιιιὶ
2007 2642 2142 2697 inter

613 2710 945 2765 Christianos
969 2712 1208 2763 strictius
1231 2711 1491 2776 quoddam
1523 2725 1585 2763 ac
1621 2712 1806 2763 durius
1833 2710 1949 2765 vitae
1976 2727 2141 2778 genus

616 2783 1021 2848 prolitebantur.
1050 2780 1216 2842 Quam
1257 2794 1443 2832 vocem
1479 2796 1506 2831 a
1548 2779 1875 2848 philosophis
1917 2783 2139 2836 mutuati

613 2858 782 2910 erant,
806 2849 894 2915 qui
921 2850 1354 2902 exercitationem
1380 2850 1590 2901 virtutis
1625 2859 1782 2917 atque
1810 2852 2140 2904 abstinentia:

612 2918 836 2986 ἄσκησιν
862 2918 1141 2986 vocabant.
1187 2917 1277 2968 Est
1321 2919 1457 2982 apud
1513 2919 1800 2986 Arrianum
1850 2920 1900 2971 in
1953 2920 2042 2972 lib.
2078 2936 2137 2973 ιιι

615 2983 1064 3049 Dissertationum,
1093 2997 1250 3057 caput
1293 2987 1430 3053 Περὶ
1485 2985 1816 3057 ἀσκήσεως.
1865 2988 1955 3043 Sic
1998 2992 2137 3057 apud

607 3059 1004 3110 Artemidorum
1032 3058 1082 3107 in
1118 3056 1207 3108 lib.
1238 3071 1308 3122 Iv,
1335 3072 1448 3123 cap.
1480 3056 1571 3120 '55,
1600 3057 1897 3126 Alexander
1920 3056 2134 3126 quidam

610 3127 952 3196 philosophus
990 3127 1252 3196 ’ᾼ-σκητής
1296 3134 1536 3196 vocatur.
1583 3125 1648 3178 Et
1693 3126 1844 3179 Philo
1869 3125 2081 3180 in’illud
2118 3145 2131 3183 :

612 3194 882 3249 Excitatus
905 3205 976 3248 est
1005 3194 1148 3260 Noe,
1171 3194 1286 3262 pag.
1309 3194 1437 3256 280,
1466 3197 1707 3265 ἀσκητῄν
1736 3197 1946 3263 pietatis
1979 3212 2135 3249 exer-

609 3267 750 3318 citiis
775 3267 1009 3317 deditum
1038 3277 1210 3317 vocat.
1250 3267 1410 3316 ttecte
1443 3264 1605 3331 igitur
1628 3264 1850 3318 Rnlinns
1875 3267 1985 3318 haec
2027 3265 2134 3319 Eu-

609 3336 737 3387 sebii
777 3337 958 3395 verba,
989 3343 1093 3384 tam
1124 3335 1186 3384 de
1212 3332 1420 3385 clericis
1453 3349 1607 3398 quam
1647 3334 1714 3386 de
1746 3336 2017 3387 monachis
2053 3336 2132 3386 in-

612 3412 930 3468 terpretatus
954 3412 1034 3453 est
1073 3417 1086 3451 :
1121 3400 1222 3454 Sed
1260 3412 1305 3451 et
1348 3402 1710 3453 abstinentiam
1769 3406 1916 3463 vitas,
1955 3419 2133 3454 eorum

605 3472 883 3530 duntaxat,
905 3472 989 3535 qui
1007 3485 1139 3519 nunc
1156 3470 1206 3520 in
1236 3469 1457 3521 ecclesiis
1480 3473 1552 3520 uel
1579 3472 1898 3523 monasteriis
1921 3473 2132 3538 degunt,

608 3541 845 3590 describit
871 3540 936 3589 ad
965 3538 1234 3603 iiquidnm.
1277 3538 1398 3588 Haec
1431 3539 1473 3590 si
1507 3540 1970 3591 animadvertisset
2005 3538 2134 3591 Sca-

608 3609 762 3673 liger,
789 3624 888 3659 non
929 3615 1030 3657 tam
1062 3606 1218 3657 facile
1239 3608 1667 3672 reprehendisset
1690 3606 1999 3662 Eusebium.
2032 3607 2133 3660 Ne-

607 3694 709 3743 que
739 3680 878 3729 enim
935 3676 1189 3727 Eusebius
1235 3675 1523 3727 monachos
1566 3691 1592 3726 a
1635 3675 1812 3743 Marco
1856 3676 2132 3731 institutos

607 3742 721 3798 esse
751 3748 877 3799 dicit
900 3745 1354 3810 Alexandriae,sed
1383 3755 1606 3797 ascetas.
1632 3742 1886 3797 liiautem
1911 3746 2128 3797 multum

606 3816 853 3867 tiiSlaltl'J
902 3815 1194 3876 monachis,
1233 3822 1286 3865 ut
1344 3828 1510 3881 genus
1556 3814 1717 3864 distat
1762 3829 1789 3863 ει
1825 3816 2018 3879 specie.
2068 3816 2131 3866 Et

607 3897 793 3936 ascette
818 3887 1027 3950 quidem
1059 3884 1108 3936 in
1141 3883 1371 3935 Erclcsiu
1418 3882 1626 3934 luerunt
1667 3897 1909 3950 semper;
1954 3898 2130 3946 mona-

604 3954 819 4005 chorum
851 3969 970 4005 vero
995 3969 1182 4005 nomen
1210 3964 1260 4004 et
1287 3952 1582 4004 institutum
1610 3950 1779 4004 serius
1800 3953 1977 4018 erepit.
2008 3951 2130 4004 SCIO

605 4022 913 4075 Cassianum
943 4024 994 4075 in
1030 4024 1122 4074 lib.
1155 4036 1190 4072 ll
1231 4022 1641 4082 Institutionum,
1681 4023 1854 4089 capite
1881 4024 1934 4083 5,
1965 4021 2129 4074 Sozo-

604 4107 813 4142 menum
840 4103 893 4143 et
934 4092 1080 4152 alios,
1115 4093 1252 4142 hunc
1298 4091 1504 4141 Eusebii
1538 4091 1707 4142 locum
1745 4093 1808 4143 de
1849 4091 2127 4145 monachis

603 4164 886 4227 accepisse.
923 4161 1110 4212 Verum
1142 4160 1195 4210 hi
1223 4161 1284 4212 ab
1315 4158 1526 4212 Eusebii
1554 4171 1747 4223 mente,
1776 4175 1890 4212 meo
1914 4161 2124 4227 quidem

595 4228 815 4292 judicio,
855 4232 973 4297 long
999 4233 1343 4281 aberrarunt.

672 4298 778 4367 (58)
814 4292 968 4366 Vulg:
992 4297 1355 4367 προσθήσειν
1376 4292 1463 4359 οἷς
1499 4296 1837 4367 ἱστορήσειν
1856 4298 2122 4367 ἔμελλέν.
