3970 6340
570 384 672 447 187

1309 379 1570 437 EUSEBII
1612 380 2084 467 CdSSARiENSIS
2122 381 2269 436 opp.
2310 379 2488 445 PARS
2524 380 2563 437 ι.
2616 369 3061 437 ρ-ιιιετσιιιολ.

3609 378 3617 383 ’
3677 380 3771 435 188

569 504 735 549 etiam
766 492 1072 563 singulares
1106 492 1345 562 ejusdem
1378 492 1521 546 libri.
1559 490 1635 544 De
1664 491 2011 559 providentia.
2045 491 2113 544 De

2220 491 2402 557 ὅπερ)
2433 491 2723 545 Ἰουδαίων
2759 492 2870 563 (77)
2901 492 3213 563 συνταχθεὶς
3242 491 3388 562 αὑτῴ
3412 492 3591 562 λόγος,
3635 496 3771 547 καὶό

568 585 793 640 Juda'is.
828 586 901 639 De
924 587 1128 639 homine
1158 585 1355 637 civilem
1384 584 1540 637 vitam
1570 593 1772 651 agente.
1800 581 2113 645 Alexander,

569 678 683 731 sive
719 678 794 730 De
817 694 875 731 eo
905 677 1046 747 quod
1076 679 1227 728 bruta
1252 672 1503 729 animalia
1530 674 1732 725 ratione
1750 673 1852 725 sint
1874 673 2115 739 praedita.

570 764 701 819 item
735 764 889 829 Quod
911 766 1205 833 quicunque
1240 772 1415 828 peccat
1452 776 1627 813 servus
1658 770 1753 813 est.
1779 759 1873 814 Cui
1902 760 2118 827 subjun-

571 864 693 908 ctus
725 865 809 909 est
843 856 1001 917 liber,
1031 854 1105 906 De
1130 870 1190 905 eo
1214 852 1351 922 quod
1380 852 1509 904 liber
1526 860 1599 902 est
1638 851 1926 919 quicunque
1942 850 2120 903 virtuti

568 947 764 997 studet.
792 944 1047 1012 Sequitur
1081 943 1214 997 liber
1246 942 1332 995 ille
1366 940 1436 993 De
1458 941 1559 992 vita
1599 940 1996 1009 contemplativa
2026 954 2119 993 seu

570 1036 650 1089 De
674 1035 1015 1103 supplicibus,
1045 1047 1108 1086 ex
1137 1048 1240 1100 quo
1269 1032 1442 1099 capita
1476 1032 1717 1099 quaedam
1751 1032 1817 1084 de
1864 1028 2118 1099 apostoli-

569 1141 757 1179 corum
808 1125 1082 1179 hominum
1115 1126 1224 1178 vita
1257 1139 1417 1193 supra
1465 1121 1762 1175 retulimus.
1796 1118 1900 1174 Sed
1940 1128 1994 1172 et
2020 1117 2125 1173 He-

572 1215 869 1267 braicorum
914 1216 1181 1267 nominum
1209 1230 1323 1283 qua:
1364 1216 1417 1267 in
1458 1214 1567 1282 lege
1593 1223 1643 1265 et
1670 1214 1722 1266 in
1745 1213 2009 1281 prop/telis
2042 1228 2124 1265 oc-

569 1315 831 1370 currunt,
882 1306 1333 1374 interpretationes
1379 1305 1448 1358 ab
1495 1305 1610 1373 ipso
1666 1305 1973 1375 composita:
2001 1320 2123 1359 esse

570 1395 845 1451 dicuntur.
877 1396 1019 1451 idem
1050 1412 1170 1451 cum
1216 1396 1513 1463 imperante
1533 1395 1662 1450 Caio
1686 1395 1909 1450 Romam
1940 1394 2122 1448 venis-

570 1496 671 1549 set,
704 1486 1005 1557 librumque
1051 1488 1115 1540 de
1164 1488 1303 1541 illius
1351 1486 1645 1541 sceleribus
1674 1496 1728 1539 et
1750 1485 1965 1555 flagitiis
1994 1500 2123 1539 con-

568 1578 882 1643 scripsisset
913 1618 929 1644 ,
970 1593 1129 1648 quem
1163 1594 1257 1646 per
1302 1577 1697 1631 cavillationem
1732 1575 1805 1630 De
1848 1576 2123 1653 virtutibus

569 1668 865 1737 inscripsit,
892 1669 1228 1738 postmodum
1262 1667 1484 1720 Claudio
1517 1667 1881 1734 adimperium
1913 1676 2121 1728 evecto,

569 1774 750 1811 coram
782 1761 1032 1812 universo
1060 1768 1245 1811 senatu
1271 1756 1465 1809 librum
1487 1754 1631 1806 illum
1656 1753 1830 1806 fertur
1848 1753 2120 1811 recitasse.

2218 581 2650 647 Πολιτικός-ἐτι
2680 598 2737 634 τε
2754 583 2805 634 Ὀ
2838 583 3231 657 Ἀλέξανδρος,
3262 583 3772 655 ῆΠερὶτοῦλόγον

2226 671 2390 740 ἔχειν
2414 671 2486 725 τὰ
2515 672 2703 743 ἄλογα
2742 673 2874 747 (ζῶα.
2906 674 3025 727 Ἐπὶ
3055 674 3259 738 τούτοις
3284 678 3312 728 ὁ
3338 674 3477 743 Περὶ
3504 676 3611 729 τοῦ
3639 674 3772 728 δοῦ-

2217 766 2332 816 λον
2360 758 2509 813 εἶναι
2537 763 2730 816 πάντα
2755 766 3013 832 φαῦλον.
3032 758 3101 833 ᾯ
3125 765 3248 835 ἑξῆς
3264 767 3428 830 ἐστιν,
3456 770 3489 821 ὀ
3505 766 3645 833 Περὶ
3664 764 3773 818 τοῦ

2219 851 2413 904 πάντα
2443 853 2772 906 σπουδαῖον
2784 855 3094 923 ἐλεύθερον
3115 853 3282 909 εἶναι.
3312 856 3442 910 Μεθ’
3467 856 3559 921 οὓς
3580 856 3767 909 συντὲο

2218 943 2586 1012 τακταιαύτῷ,
2607 947 2635 997 ὁ
2658 944 2792 1010 Περὶ
2808 946 2949 1007 ,βίου
2966 946 3307 1013 θεωρητικοῦ
3326 947 3356 1017 ἢ
3376 946 3602 1010 ἱκετῶν,
3631 946 3694 1011 eg
3710 940 3773 997 οὗ

2218 1030 2285 1083 τὰ
2308 1031 2538 1101 περὶτοῦ
2570 1031 2681 1100 βίου
2703 1031 2806 1084 τῶν
2833 1033 3195 1087 ὰποστολικῶν
3221 1034 3423 1104 ἀνδρῶν
3455 1034 3775 1103 διεληλύθα-

2224 1136 2321 1192 μεν
2343 1139 2356 1151 ο
2388 1122 2479 1174 καὶ
2514 1119 2640 1174 Τῶν
2652 1121 2720 1172 ἐν
2734 1122 2891 1188 νόμῳ
2905 1121 2971 1174 δὲ
2985 1122 3079 1174 καὶ
3102 1125 3426 1192 προφήταις
3458 1124 3775 1193 Ἑϐραϊκῶν

2220 1211 2525 1280 ὀνομάτων
2550 1214 2607 1263 al
2630 1211 3072 1283 ἐρμηνειαι(78),
3099 1214 3188 1265 τοῦ
3219 1215 3378 1267 αὑτοῦ
3410 1217 3610 1285 σπουδὴ
3634 1211 3777 1271 εἶναι

2219 1302 2460 1371 λέγονται
2476 1301 2603 1372 (79).
2617 1298 2780 1363 Οὗτος
2798 1303 2893 1371 μὲν
2907 1298 2997 1354 οὖν
3016 1302 3154 1355 κατὰ
3164 1305 3315 1357 Γάϊον
3335 1306 3423 1357 ἐπὶ
3436 1307 3529 1375 τῆς
3553 1306 3777 1377 Ῥώμης

2221 1394 2563 1463 ἀφικόμενος,
2583 1392 2654 1444 τὰ
2676 1392 2803 1463 περὶ
2826 1395 2924 1463 τῆς
2950 1394 3108 1446 Γαΐου
3132 1393 3440 1462 θεοστυγίας
3464 1396 3612 1467 αὐτῷ
3632 1414 3777 1467 γρα-

2221 1484 2405 1552 φέντα,
2449 1483 2486 1536 θ.
2527 1483 2662 1553 μετὰ
2688 1484 2845 1553 ἡθους
2873 1486 2963 1537 καὶ
2994 1486 3264 1555 είρωνείας
3305 1488 3609 1557 ἐπέγραψεν
3633 1486 3778 1555 Περὶ

2220 1573 2461 1641 ἀρετῶν,
2496 1574 2587 1625 ἐπὶ
2617 1574 2792 1642 πάσης
2816 1573 3023 1643 λέγεται
3044 1575 3140 1643 τῆς
3170 1577 3446 1645 Ῥωμαίων
3470 1579 3777 1649 συγκλήτου

2222 1664 2360 1718 κατὰ
2389 1663 2649 1717 Κλαύδιον
2684 1664 2925 1728 διελθεῖν,
2964 1666 3039 1728 ὡς
3068 1666 3160 1719 καὶ
3191 1667 3287 1736 τῆς
3318 1669 3373 1720 ὲν
3404 1668 3779 1739 βιὸλιοθήκαις

2222 1753 2525 1816 ἀναθέσεως
2564 1754 2968 1823 θαυμασθέντας
3009 1755 3169 1808 αὑτοῦ
3212 1757 3604 1828 καταξιωθῆναι
3643 1759 3778 1820 τοὺς

565 1847 669 1913 Qui
728 1848 946 1917 quidem
989 1855 1133 1899 tanta
1181 1846 1419 1899 omnium
1480 1843 1833 1897 admiratione
1867 1852 2113 1911 exceptus

2220 1844 2427 1913 λόγους.
2458 1844 2765 1914 Τηνικαῦτα
2794 1846 2961 1898 δὲκαὶ
2997 1846 3205 1899 Παύλου
3232 1849 3329 1917 τὴν
3362 1847 3467 1900 ἀπὸ
3502 1849 3768 1919 Ἰερουσα-

568 1946 671 2001 est,
716 1946 774 1989 ut
825 1936 941 2001 ejus
972 1938 1169 2003 scripta
1198 1936 1359 2003 digna
1400 1934 1659 2002 deinceps
1685 1930 1921 1999 judicata
1968 1933 2115 1996 sint,

568 2043 689 2097 quae
719 2029 772 2080 iu
825 2027 1170 2081 bibliothecis
1217 2026 1441 2094 publicis
1506 2034 1972 2079 consecrarentur.
2006 2024 2119 2079 Sub

568 2118 710 2173 idem
744 2128 952 2187 tempus
976 2133 1096 2171 cum
1125 2116 1318 2171 Paulus
1350 2117 1621 2184 apostolus
1645 2116 1712 2170 ab
1731 2114 2119 2185 Hierosolymis

567 2217 623 2260 et
660 2207 898 2260 ﬁnitimis
933 2207 1066 2261 locis
1094 2222 1373 2275 regressus
1404 2209 1467 2259 ad
1498 2207 1761 2277 Illyricum
1795 2219 2118 2276 usquepro-

568 2308 800 2367 peraret,
832 2297 1087 2352 Claudius
1142 2300 1437 2367 imperator
1478 2298 1691 2354 Judtcos
1722 2298 1865 2354 Urbe
1890 2299 2114 2366 expulit.

570 2390 722 2445 Unde
750 2391 938 2460 Aquila
973 2399 1029 2445 et
1079 2390 1323 2445 Priscilla
1358 2407 1481 2446 cum
1544 2392 1662 2444 aliis
1711 2390 1908 2446 Judazis
1945 2390 2113 2445 Roma

567 2481 792 2549 egressi,
827 2481 879 2534 iu
913 2481 1093 2533 Asiam
1131 2481 1473 2550 appulerunt,
1509 2480 1688 2548 ibique
1717 2495 1836 2535 cum
1873 2481 2115 2549 apostolo

566 2570 731 2627 Paulo
757 2574 844 2641 qui
878 2570 1233 2627 Ecclesiarum
1292 2572 1524 2641 regionis
1577 2571 1721 2627 illius
1772 2572 2114 2626 fundamenta

2220 1935 2330 2005 λὴμ.
2374 1936 2467 1989 καὶ
2515 1936 2695 2007 κύκλῳ
2732 1938 2949 2007 πορείαν
3006 1937 3161 2009 μέχρι
3201 1938 3292 1990 τοῦ
3336 1937 3627 2009 Ἰλλυρικοῦ
3670 1938 3778 1991 δια-

2220 2024 2453 2089 νύοντος,
2486 2026 2765 2090 Ἰουδαίους
2801 2027 3011 2098 Ῥώμης
3035 2023 3318 2081 ἀπελαύνει
3350 2028 3643 2093 Κλαύδιοςι

2224 2119 2349 2172 Ὅτε
2388 2118 2613 2181 Ἀκύλας
2643 2118 2751 2189 (8i)
2797 2119 2889 2171 καὶ
2943 2121 3234 2191 Πρίσκιλλα
3274 2119 3408 2192 μετὰ
3450 2114 3556 2175 τῶν
3596 2106 3778 2176 ἄλλων

2236 2209 2497 2263 Ἰουδαίων
2522 2210 2621 2281 τῆς
2656 2209 2867 2281 Ῥώμης
2890 2211 3303 2279 ἀπαλλαγέντες,
3336 2213 3426 2266 ἐπὶ
3446 2213 3541 2283 τὴν
3588 2213 3778 2268 Ἀσίαί

2223 2300 2599 2369 καταίρουσιν·
2646 2300 2876 2353 ἐνταῦθά
2904 2319 2962 2353 τε
2997 2303 3189 2373 Παύλῳ
3230 2303 3305 2372 τῷ
3342 2303 3619 2373 ἀποστόλφ
3650 2320 3761 2356 συν

2219 2390 2568 2461 διατρίϐουσι,
2609 2394 2733 2455 τοὺς
2761 2393 2944 2445 αὐτόθι
2995 2394 3102 2447 τῶν
3130 2391 3460 2465 Ἐκκλησιῶν
3478 2395 3607 2465 ἄρτι
3633 2394 3777 2464 πρὸς

2218 2480 2378 2535 αὑτοῦ
2427 2479 2855 2551 καταϐληθέντας
2898 2482 3173 2552 θεμελίους
3218 2485 3631 2553 ὲπιστηρίζοντι.
3680 2487 3776 2536 Δι-

2219 2571 2479 2633 δάσκαλος
2508 2571 2600 2623 καὶ
2624 2571 2825 2624 τούτων
2849 2574 2882 2642 ὴ
2912 2572 3029 2643 ἱερὰ
3054 2573 3159 2627 τῶν
3178 2574 3427 2645 Πράξεων
3452 2578 3665 2646 γραφή.

567 2680 597 2718 a
625 2680 684 2720 se
713 2678 899 2717 recens
928 2664 1100 2734 posita
1136 2673 1244 2717 tum
1272 2663 1504 2718 maxime
1527 2663 1791 2729 ﬁrmabat,
1812 2661 2127 2718 commorati
2165 2673 2313 2726 sunt,
2348 2672 2409 2716 ut
2435 2661 2592 2715 docet
2624 2662 2830 2716 divinus
2853 2663 3079 2719 Actuum
3101 2665 3506 2734 apostolicorum
3534 2668 3698 2722 liber.

566 2834 745 2887 versus
778 2816 1045 2870 Flaccum.
1080 2818 1246 2872 Periit
1288 2818 1504 2887 quidem
1553 2817 1640 2870 hic
1686 2817 1923 2873 Philonis
1977 2817 2116 2871 liber

492 2940 495 2947 ,
569 2887 646 2938 De
672 2884 1024 2939 Providentia.
1059 2887 1163 2941 Sed
1194 2884 1319 2956 ejus
1356 2888 1562 2956 insigne
1618 2887 1975 2955 fragmentum
2022 2888 2117 2940 lia-

567 2956 663 3025 bes
693 2957 831 3023 apud
861 2957 1141 3010 Eusebium
1168 2954 1339 3011 inllib.
1368 2954 1485 3010 ιγιιι⁷
1509 2954 1944 3025 Prwparationis,
1994 2972 2113 3025 cap.

568 3024 782 3086 ullimo,
814 3035 868 3077 et
893 3025 942 3076 iu
979 3027 1069 3079 lib.
1110 3042 1204 3086 vti.
1238 3043 1289 3082 c.
1315 3026 1406 3079 ‘21.

2221 2816 2499 2889 Claudium
2528 2832 2719 2889 omnes
2762 2819 3073 2889 peregrinos
3109 2821 3241 2874 urbe
3278 2822 3576 2889 expulisse,
3625 2829 3775 2883 inter

2219 2901 2355 2965 quos
2375 2886 2535 2965 etiam
2570 2885 2719 2940 fuere
2745 2885 2933 2942 Judaei.
2976 2888 3031 2965 l_d
3066 2891 3206 2965 enim
3240 2885 3395 2965 antea
3424 2895 3490 2946 ab
3517 2885 3775 2965 Aingusto

2224 2955 2423 3026 factum
2450 2954 2665 3020 fuerat;
2697 2966 2749 3009 et
2776 2973 2803 3009 a
2836 2960 3034 3012 secutis
3065 2960 3475 3021 imperatoribus
3510 2954 3777 3026 frequen-

2224 3025 2424 3100 tissime
2452 3036 2646 3100 postea
2666 3037 2993 3100 usurpatum,
3024 3029 3230 3100 quoties
3261 3029 3385 3100 urbs
3399 3030 3559 3082 Roma
3592 3025 3774 3100 penun

639 3094 749 3168 (7])
777 3095 1275 3168 ΠερίᾼἾουδ-αίωνἒ
1291 3095 1402 3149 Νοη
1429 3096 1611 3168 dubito
1630 3096 1754 3168 quin
1782 3094 2115 3168 scribendum
2144 3110 2187 3168 α
2222 3094 2298 3145 ria
2327 3093 2875 3168 annonaaglaborabat2
2903 3093 3074 3168 atque
3118 3096 3187 3168 ita
3222 3093 3605 3168 explicandum
3636 3119 3774 3157 ceu-

569 3164 640 3216 sit
681 3163 848 3230 Ὑπὲρ
890 3164 1208 3218 Ἰουδαίων.
1244 3165 1335 3219 Sic
1360 3166 1501 3218 enim
1536 3165 1780 3217 laudatur
1818 3165 1904 3215 hic
1933 3164 2114 3217 Philo-

569 3234 654 3284 nis
687 3233 820 3287 liher
864 3235 929 3287 ab
979 3235 1206 3288 Eusebio
1253 3236 1305 3286 in
1346 3234 1440 3286 lib.
1473 3248 1565 3287 vtu
1619 3233 1691 3286 De
1734 3234 2117 3299 prwparatione

568 3302 881 3367 evangelica,
914 3317 1034 3370 cap.
1070 3303 1136 3354 ll)
1161 3341 1177 3366 ,
1208 3304 1295 3355 ubi
1338 3303 1484 3356 locus
1526 3302 1792 3368 profertur
1829 3301 2118 3365 elegantis-

568 3370 739 3438 simus
759 3370 839 3438 ex
885 3370 985 3438 τῆς
1034 3371 1262 3432 Φίλωνος
1323 3370 1501 3438 ’Υπὲρ
1557 3370 1856 3423 Ἰουδαίων
1897 3370 2117 3423 ἀπολο-

606 3436 718 3498 Iac.
752 3436 1184 3491 Euiendatiouem
1205 3448 1438 3492 nostram
1464 3436 1743 3492 conﬁrmat
1763 3439 1998 3496 ltuiinus.
2023 3440 2115 3505 qui

566 3454 714 3559 hunc
738 3506 911 3558 locum
942 3508 1011 3557 ita
1053 3509 1241 3559 vertit.
1280 3505 1558 3559 deludwis
1575 3506 1920 3559 anolo‘aelicus
1950 3507 2099 3559 liber.

611 3521 714 3558 unc
738 3506 911 3558 locum
942 3508 1011 3557 ita
1053 3509 1241 3567 vertit,
1280 3505 1558 3559 deludwis
1575 3506 1920 3573 apologeticus
1950 3507 2099 3560 liber.

635 3574 749 3641 ('78)
821 3574 1157 3641 Ἑϐραϊκῶν
1183 3574 1482 3643 ὀνομάτων
1520 3576 1835 3642 ἑρμηνεῖαι.
1893 3576 1965 3628 De
2019 3578 2117 3629 hoc

570 3642 810 3697 Philonis
842 3644 979 3697 libro
1006 3642 1362 3711 literOnyuius
1391 3647 1440 3695 in
1474 3645 1911 3708 interpretatione
1946 3646 2115 3697 nomi-

572 3729 699 3765 num
731 3713 1114 3767 Ilebraicorum
1167 3716 1239 3767 ita
1278 3714 1500 3767 scribit:
1538 3712 1726 3777 Philo,
1771 3714 1847 3765 vir
1880 3714 2116 3766 disertis-

569 3786 730 3835 simus
762 3782 1095 3845 Judtcorum,
1120 3782 1359 3852 Origenis
1398 3798 1596 3850 quoque
1641 3784 1934 3835 testimonio
1977 3799 2116 3835 com-

567 3853 816 3919 probatur
866 3854 1089 3906 edidisse
1134 3854 1323 3905 librum
1384 3852 1764 3906 Ilebraicorum
1812 3853 2110 3918 nominum,

566 3938 844 3989 eorumque
864 3924 1196 3991 etymologia:
1208 3923 1366 3990 juxta
1404 3923 1632 3974 ordinem
1661 3923 1945 3991 litterarum
1981 3939 2008 3974 e
2035 3922 2115 3975 la-

568 4000 673 4043 tere
703 3992 993 4057 copulusse.
1052 3990 1153 4056 Qui
1196 4009 1310 4045 cum
1356 3992 1503 4059 vulgo
1544 3991 1795 4043 habeatur
1823 4009 1853 4043 a
1891 3990 2110 4058 Grtccis,

568 4070 617 4130 e_t
671 4060 1004 4130 bibliothecas
1050 4062 1189 4113 orbis
1219 4062 1524 4130 impleverit,
1565 4062 1727 4130 studii
1762 4061 1886 4113 mihi
1913 4062 2013 4129 fuit
2058 4064 2112 4116 in

568 4126 812 4180 Latinam
852 4147 968 4183 eum
1014 4131 1245 4197 linguam
1293 4126 1531 4183 'vertere.
1573 4129 1743 4183 Porro
1792 4126 1923 4182 cum
1961 4130 2121 4185 Philo

570 4212 633 4248 ea
678 4198 940 4250 duntaxat
991 4201 1200 4251 nomina
1248 4201 1632 4265 interpretatus
1681 4199 1864 4252 fuisset
1899 4215 2015 4266 qua:
2060 4202 2111 4253 in

570 4266 688 4331 lege
710 4280 773 4319 ac
796 4269 1068 4333 prophetis
1098 4269 1428 4321 habebantur
1447 4306 1462 4327 ,
1496 4277 1676 4335 postea
1706 4268 1963 4333 Origenes
1987 4283 2111 4321 ver-

570 4334 849 4404 borumac
871 4337 1143 4388 nominum
1175 4336 1305 4388 Novi
1337 4334 1667 4387 Testamenti
1722 4337 2112 4404 interpretatio-

571 4418 692 4454 nem
725 4402 949 4470 adjecit,
995 4404 1244 4468 supplens
1276 4403 1515 4454 videlicet
1542 4404 1592 4454 id
1615 4406 1752 4466 quod
1786 4404 1833 4454 in
1862 4402 2112 4457 Philonis

571 4470 709 4522 libro
736 4472 920 4523 deesse
947 4472 1247 4536 videbatur,
1295 4481 1351 4522 ut
1386 4472 1575 4522 scribit
1622 4470 1973 4537 Hieronymus
2015 4475 2113 4525 ibi-

570 4543 711 4591 dem.
741 4540 1002 4606 Origenes
1040 4542 1092 4592 iu
1132 4540 1222 4593 lib.
1270 4554 1302 4590 v
1354 4537 1642 4591 Comment.
1682 4540 1733 4590 in
1774 4537 2110 4607 Evangelium

565 4607 834 4662 Joannis:
878 4608 1177 4661 Invenimus
1221 4623 1341 4677 ergo
1379 4608 1435 4659 in
1478 4609 1898 4675 interpretatione
1947 4611 2114 4661 nomi-

570 4694 714 4741 num,
740 4677 986 4739 Joannes,
1010 4687 1115 4745 etc.
1158 4738 1161 4741 λ
1388 4738 1395 4745 _

640 4747 750 4815 (79)
778 4746 1027 4814 Σπουδὴ¹
1048 4744 1195 4799 εἶναι
1215 4746 1505 4817 λέγονται.
1539 4745 1671 4817 Tres
1687 4744 1853 4799 nostri
1877 4745 2109 4817 codices,

569 4814 740 4879 Μελ,
763 4817 899 4869 Med.
932 4832 993 4869 ac
1030 4817 1236 4869 Fuketii
1269 4814 1523 4883 scriptum
1553 4816 1749 4869 habent
1780 4814 2022 4869 σπουδαί.

638 4887 748 4956 (80)
817 4885 1141 4951 Ἰουδαίους
1178 4886 1398 4956 Ῥώμης
1447 4886 1764 4939 ἀπελαύνει
1800 4885 2107 4953 Κλαύδιος.

569 4954 880 5024 Desttmpsit
924 4958 1022 5008 hoc
1072 4972 1136 5007 cx
1194 4954 1332 5008 Luca
1386 4961 1436 5009 in
1482 4957 1700 5009 Actibus
1750 4958 2109 5023 apostolorum

568 5042 686 5093 eap.
714 5042 865 5080 xvui.
900 5024 963 5078 Et
985 5024 1435 5093 Orosiusquidem
1468 5040 1607 5077 anno
1649 5026 1849 5079 Claudii
1894 5042 2031 5079 nouo
2058 5028 2107 5080 id

569 5092 773 5163 geStum
799 5112 917 5149 esse
946 5095 1135 5150 scribit
1161 5109 1223 5145 ex
1252 5092 1498 5163 .losepho.
1549 5097 1715 5156 Anno,
1749 5096 1934 5163 inquit,
1966 5099 2107 5162 ejus-

569 5162 679 5216 dem
706 5182 840 5217 nono
867 5167 1106 5233 expulsos
1131 5179 1222 5233 per
1242 5162 1515 5214 Claudium
1544 5165 1666 5215 urbe
1707 5162 1922 5217 Juda'os
1962 5167 2110 5220 Jose-

569 5237 695 5297 ptius
728 5237 908 5289 tradit.
932 5232 935 5233 ⁷
958 5236 1153 5289 Verum
1186 5232 1405 5299 Joseplti
1446 5233 1595 5283 locus
1627 5233 1777 5299 cujus
1802 5236 2107 5288 testimonio

570 5305 735 5355 utitur
764 5304 1003 5367 OrOsius,
1028 5304 1182 5356 hodie
1214 5318 1315 5353 non
1338 5310 1529 5354 exstat.
1551 5302 1727 5368 Itaque
1747 5305 1963 5357 Orosius
1998 5321 2107 5358 me-

572 5378 736 5425 tuoria
773 5376 951 5441 lapsus
975 5376 1101 5427 mihi
1131 5372 1355 5425 videtur.
1389 5372 1467 5422 Ac
1502 5371 1740 5436 profecto
1776 5388 2103 5441 nequaquam

573 5442 861 5495 verisimile
880 5454 981 5508 est,
1007 5444 1281 5498 Claudium
1318 5442 1465 5507 imp.,
1497 5442 1584 5504 qui
1617 5449 1758 5492 tanta
1788 5444 2105 5496 benevolen-

573 5510 643 5579 tia
673 5526 878 5578 semper
899 5513 1107 5567 Judacos
1137 5510 1444 5579 complexus
1460 5519 1563 5568 est,
1594 5519 1647 5560 ut
1671 5520 1892 5575 patetex
1926 5513 2105 5567 multis

572 5576 917 5650 ejusgcdictis
965 5599 1081 5650 qua:
1118 5576 1272 5649 apud
1303 5578 1589 5645 Josepltum
1646 5580 1924 5650 leguntur,
1959 5584 2103 5650 ipsos

576 5647 887 5701 nominatim
918 5647 1128 5706 Judazos
1150 5647 1278 5704 urbe
1306 5650 1595 5717 expulisse.
1635 5647 2101 5718 Crediderim'po-

577 5722 595 5765 ι
622 5729 680 5765 us
704 5754 717 5774 .
751 5731 867 5789 cum
895 5735 1096 5789 inagna
1131 5722 1308 5772 lionue
1342 5719 1508 5771 fames
1538 5727 1650 5789 orta
1679 5727 1853 5782 esset,
1890 5722 1939 5773 id
1962 5724 2102 5789 quod

576 5800 718 5840 attito
743 5786 949 5843 Claudii
980 5786 1185 5847 decimo
1230 5790 1456 5846 refertur
1500 5789 1553 5847 iu
1584 5786 1832 5843 Chronico
1868 5786 2099 5863 Eusebii,

2222 3177 2314 3216 seo
2337 3164 2510 3217 locum
2544 3163 2688 3234 il|_um
2738 3163 2880 3234 beati
2921 3160 3099 3216 Lucze.
3143 3160 3302 3228 Quod
3341 3167 3386 3218 si
3421 3160 3539 3234 quis
3598 3171 3775 3228 fultus

2220 3234 2536 3305 auctoritate
2584 3231 2855 3293 Suewnii,
2898 3234 3198 3297 opinionem
3242 3231 3478 3305 nosuam
3518 3252 3772 3305 respuat,

2220 3300 2465 3367 equidem
2506 3316 2607 3351 non
2655 3314 2974 3366 magnopere
2996 3315 3059 3357 ,τε
3102 3302 3324 3365 tignabn.
3379 3300 3629 3358 Orosiuui
3684 3300 3776 3363 ει-ἐ.

2221 3370 2329 3422 cuti
2375 3379 2499 3419 sunt
2546 3368 2811 3422 deinceps,
2846 3383 3021 3422 “mnes
3056 3316 3474 3422 glironuaranlii-
3508 3385 3561 3422 et
3595 3378 3771 3422 Βςη-ο.

2221 3370 2329 3439 cuti
2374 3379 2499 3439 sunt
2546 3368 2815 3439 deinceps;
2846 3383 3021 3439 “mnes
3056 3368 3475 3439 Chronugraplii,
3508 3385 3561 3427 et
3595 3378 3771 3429 Baro-

2222 3438 2341 3489 nius
2371 3438 2422 3488 in
2443 3435 2750 3489 Annalibus.
2782 3435 2948 3502 Quem
2969 3438 3141 3490 tamen
3170 3440 3353 3504 miror,
3369 3435 3496 3494 cum
3519 3447 3767 3502 edictum

2224 3506 2353 3559 illud
2392 3504 2597 3558 Claudii
2642 3516 2827 3560 contra
2879 3504 3090 3559 Judteos
3132 3506 3329 3561 referat
3370 3526 3511 3564 anno
3548 3515 3768 3571 Claudii

2222 3590 2388 3638 nono,
2418 3574 2699 3646 concilium
2732 3574 3261 3646 llierosolymitmnun
3298 3580 3349 3630 in
3383 3583 3628 3635 eumdein
3666 3602 3770 3639 an-

2223 3660 2345 3696 num
2376 3643 2741 3716 conferre.A_At
2774 3646 2823 3699 id
2858 3643 3136 3699 manifesto
3166 3660 3364 3716 pugnat
3387 3665 3504 3701 cum
3531 3653 3771 3709 Actibus

2221 3712 2769 3789 apostolortu-u.-liam
2814 3727 2933 3782 post
2980 3712 3262 3789 concilium
3320 3717 3768 3789 Ilierosolymita-

2196 3798 2344 3835 vuum
2366 3822 2379 3843 ,
2409 3782 2549 3849 quod
2579 3782 2803 3837 refertur
2826 3799 2941 3850 cap.
2978 3801 3045 3837 vv
3069 3825 3083 3846 ,
3115 3785 3304 3838 Paulus
3346 3782 3631 3852 regressus
3658 3794 3767 3843 Au-

2221 3852 2470 3923 tiochiam
2508 3854 2864 3919 apostolorum
2897 3854 3181 3920 Epistolam
3213 3853 3466 3909 fratribus
3511 3859 3764 3923 tradidit,

2217 3932 2271 3973 et
2299 3919 2570 3989 aliquanto
2609 3932 2843 3990 tempore
2884 3919 3076 3977 ibidem
3109 3936 3344 3977 moratus
3373 3938 3491 3977 esse
3530 3919 3762 3981 dicitur.

2220 3990 2464 4057 Postlth
2492 3992 2757 4055 seiunctus
2805 4008 2829 4043 a
2861 3992 3095 4045 Barnaba
3120 4031 3135 4055 ,
3179 3994 3309 4045 abiit
3336 3995 3384 4044 in
3427 3994 3641 4113 διετίθει)
3696 4012 3763 4050 ac

2220 4060 2497 4113 Ciliciam.
2524 4063 2818 4113 praedicans
2846 4062 3059 4113 verbum
3095 4062 3203 4113 Dei.
3231 4061 3352 4113 Inde
3388 4064 3436 4113 iu
3505 4064 3759 4113 hrveiam

2216 4060 2497 4131 Ciliciam,
2524 4063 2818 4131 praedicans
2846 4062 3059 4131 verbum
3095 4062 3203 4113 Dei.
3231 4061 3352 4114 Inde
3388 4064 3436 4113 iu
3463 4060 3759 4131 Phrygiam

2216 4140 2270 4183 et
2303 4129 2564 4182 Galatiam
2594 4144 2658 4182 ac
2686 4129 2899 4195 Mysiam
2928 4130 3194 4194 profectus
3221 4142 3322 4194 est,
3360 4134 3443 4183 ubi
3466 4132 3514 4183 in
3543 4129 3763 4189 somnis

2218 4214 2245 4250 a
2277 4198 2478 4265 Spiritu
2495 4210 2687 4269 sancto
2712 4199 3028 4269 admonitus.
3060 4200 3114 4269 Vin
3149 4199 3505 4252 Macedoniam
3531 4203 3762 4269 naviga-

2217 4269 2315 4332 vit,
2341 4280 2402 4318 ac
2428 4266 2656 4331 primum
2697 4267 2910 4335 quidem
2941 4268 3554 4335 [’ltilippis-aunuutiavit
3590 4266 3759 4325 tidem

2217 4335 2412 4387 Christi
2455 4351 2467 4385 :
2511 4335 2741 4400 posthtec
2781 4333 3163 4389 Thessalonica:
3201 4348 3251 4389 et
3302 4336 3565 4391 Berrlioze.
3615 4337 3761 4394 Sine

2217 4403 2454 4473 Athenas
2474 4416 2592 4453 cum
2639 4404 2975 4471 navigasset,
3013 4408 3209 4459 diutius
3251 4406 3321 4457 ibi
3364 4418 3755 4473 commoratus,

2218 4473 2342 4544 dum
2388 4469 2725 4544 Timotlietuu
2769 4469 2823 4527 et
2877 4476 3052 4544 Syiam
3080 4483 3376 4544 exspectat,
3404 4469 3758 4544 Atheniensi;

2219 4541 2314 4612 bus
2344 4541 2561 4612 verbum
2581 4542 2671 4612 Dei
2695 4541 3019 4609 praedicavit.
3062 4546 3255 4596 Deinde
3285 4542 3593 4594 Corinthum
3629 4560 3757 4612 pro-

2212 4606 2406 4681 fectus,
2435 4610 2680 4681 Aquilam
2696 4606 2762 4664 ἐι
2784 4612 3076 4667 Priscillam
3108 4613 3174 4665 ibi
3205 4612 3418 4681 reperit,
3449 4615 3537 4679 qui
3573 4606 3757 4681 nuper

2211 4692 2276 4748 eo
2294 4680 2360 4729 ab
2387 4679 2535 4731 Italia
2566 4692 2818 4735 venerant
2843 4683 2911 4735 0b
2933 4684 3159 4735 edictum
3185 4679 3407 4742 Claudii,
3426 4696 3531 4748 quo
3554 4679 3754 4741 omnes,

2210 4746 2375 4801 Judaei
2422 4750 2677 4817 compulsi
2726 4763 2881 4804 erant
2920 4750 3058 4803 Urbe
3104 4748 3396 4817 excedere,
3444 4746 3502 4801 ut
3550 4763 3636 4806 est
3694 4757 3750 4810 in

2210 4831 2330 4889 cap.
2368 4832 2491 4870 xvut
2520 4814 2761 4889 rActuum
2812 4821 3187 4889 apostolorum.
3218 4814 3317 4889 Ἐκ
3363 4818 3444 4870 his
3494 4834 3749 4889 apparet,

2211 4886 2657 4957 interreonciliunt
2698 4886 3073 4957 Hierosolymis
3102 4886 3344 4957 habitum
3366 4926 3379 4946 .
3401 4898 3453 4940 et
3496 4886 3745 4950 edictum

2208 4955 2447 5019 Claudii,
2475 4958 2692 5009 multum
2731 4955 2983 5025 temporis
3026 4955 3405 5009 intercessisse.
3452 4959 3565 5023 Quo
3600 4974 3745 5017 tein-

2208 5027 2352 5092 poris
2385 5026 2556 5094 spatio
2586 5040 2775 5080 cuncta
2814 5029 2924 5078 lucc
2971 5040 3087 5091 qua:
3130 5028 3501 5094 compendiose
3549 5036 3747 5088 retuli-

2210 5110 2356 5155 mus,
2381 5092 2607 5150 a’Paulo
2631 5097 2865 5161 apostolo
2890 5105 3011 5146 sunt
3048 5102 3212 5160 gesta.
3247 5095 3300 5145 lu
3335 5092 3587 5153 Chronico
3627 5107 3749 5157 Ale-

2207 5165 2465 5217 xandrino
2499 5168 2781 5218 concilium
2806 5163 3329 5230 llierosolyulilanmll
3356 5168 3746 5229 Γθίθῖιιιηηιιο

2208 5233 2417 5287 Claudii
2466 5246 2648 5295 Sexto,
2681 5234 2867 5287 melius
2908 5233 3129 5283 dixisset
3176 5236 3407 5300 septimo.
3453 5238 3542 5292 Sic
3587 5246 3743 5297 enim

2208 5314 2395 5355 cuncta
2436 5305 2648 5373 egregie
2690 5303 3029 5373 conveniunt.
3072 5299 3199 5373 Nam
3232 5299 3441 5359 Paulus
3499 5313 3744 5366 residuis

2207 5370 2492 5446 mensibus
2512 5374 2639 5446 anui
2669 5372 2808 5446 illius
2834 5386 2937 5437 quo
2962 5370 3239 5425 concilium
3264 5376 3501 5429 habitum
3530 5378 3757 5446 fuerat,

2206 5444 2399 5516 mansit
2434 5444 2911 5516 Antiochiaa,_tmu
2950 5456 3088 5516 anno
3135 5448 3373 5516 sequenti
3420 5448 3634 5516 Syriam
3683 5444 3741 5503 et

2204 5509 2443 5564 Ciliciam
2477 5511 2818 5577 perlustravit
2846 5525 2964 5562 cum
2991 5508 3223 5582 Phrygia
3244 5525 3290 5567 et
3319 5508 3544 5569 Galufta.
3574 5522 3741 5573 Anno

2206 5582 2416 5633 demum
2444 5581 2645 5633 Claudii
2672 5596 2810 5631 nono
2837 5584 2978 5633 venit
3003 5584 3053 5633 iu
3078 5585 3359 5637 Graeciam.

2270 5653 2379 5718 (8|)
2403 5650 2536 5704 Ὅτε
2832 5649 2891 5725 Διι]
2916 5665 2995 5703 est
3018 5669 3113 5720 quo
3159 5666 3377 5721 tempore
3392 5656 3602 5725 Aquila,
3624 5669 3737 5717 etc.

2204 5717 2381 5797 Potest
2409 5725 2568 5797 etiam
2602 5722 2701 5788 legi
2746 5717 3101 5797 disjuitctnné
3156 5742 3233 5790 τε,
3259 5717 3327 5797 ἰιι
3377 5717 3634 5797 ίιιῖὶεέῖο
3682 5742 3740 5785 ει

2202 5787 2331 5845 Fuk.
2358 5792 2539 5847 codice
2566 5787 3036 5861 scriptuui'inveni.
3220 5787 3228 5790 ’
3276 5794 3282 5798 ”
