3934 6342
184 286 263 341 197

1116 289 1458 346 ΙΙΙΞΤΟΠΙΕ
1498 291 2044 349 ECCLESIASTICE
2083 294 2208 348 [ΑΒ.
2248 294 2310 350 ΙΙ.

3244 299 3344 355 198

180 404 224 455 iv
264 398 335 469 τῷ
376 398 605 470 πέμπτῳ
646 398 806 454 αὐτοῦ
859 384 1236 471 Ύπομνήματι
1288 403 1473 456 τοῦτον
1529 403 1668 473 λέγω

1800 409 2127 476 temporibus
2156 408 2220 461 ad
2255 415 2492 461 nostram
2510 422 2681 476 usque
2704 416 2917 463 aetatem
2936 408 3117 466 Justus
3142 426 3345 479 cogno-

181 493 348 561 ίατορεί
371 491 460 544 τὸν
488 492 710 561 τρόπον’
746 509 765 542 ‹
802 489 1105 558 Διαδέχεται
1149 492 1205 545 δὲ
1245 492 1341 562 τὴν
1381 494 1697 563 Ἐκκλησίαν

182 585 291 656 μετὰ
313 583 751 637 τῶναάποστόλων
784 585 914 653 (95),
946 588 974 639 ό
998 584 1217 651 ἀδελφὸς
1238 584 1330 635 τοῦ
1355 585 1557 654 Κυρίου
1594 586 1695 638 Ίά-

182 675 344 738 ιιωὸος,
386 677 415 728 ό
454 675 766 743 ὀνομασθεὶς
805 678 908 729 ὑπὸ
949 678 1163 728 πάντων
1196 675 1410 738 Δίκαιος
1442 676 1551 746 (94)
1591 676 1696 729 ἀπὸ

180 767 265 819 τῶν
286 766 371 818 τοῦ
403 766 603 835 Κυρίου
629 766 829 835 χρόνων
865 768 1021 837 μέχρι
1047 767 1137 819 καὶ
1162 765 1339 836 ἡμῶν.
1379 766 1531 819 Ἐπεὶ
1562 767 1695 819 πολ-

180 856 243 909 λοὶ
273 856 501 909 Ἰάκωὸοι
546 854 845 909 ἐκαλοῦντο.
876 853 1039 919 Οὗτος
1066 857 1121 908 δὲ
1150 858 1213 908 ὲκ
1241 856 1446 919 κοιλίας
1493 857 1695 927 μητρὸς

180 945 314 1003 αὐτοῦ
342 945 488 1012 ἅγιος
511 941 599 1015 ἦν.
629 942 781 998 Οἶνον
805 947 897 998 καὶ
925 947 1113 1017 σίκερα
1141 949 1237 1000 οὐκ
1262 947 1431 1010 ἔπιεν,
1450 949 1569 1001 οὐδὲ
1598 949 1694 1018 ἔμ-

178 1036 317 1107 ψυχον
346 1034 528 1103 ἔφαγε.
564 1034 730 1104 Ξυρὺν
756 1036 844 1087 ἐπὶ
868 1035 962 1106 τὴν
990 1037 1225 1107 κεφαλὴν
1251 1037 1412 1090 αὑτοῦ
1441 1039 1540 1090 οὐκ
1568 1039 1691 1090 ἀνέ-

178 1126 252 1197 6η,
271 1125 431 1178 ἔλαιον
455 1126 552 1177 οὐκ
584 1124 854 1194 ἠλείψατο,
874 1129 965 1179 καὶ
990 1128 1251 1197 βαλανείῳ
1275 1130 1374 1182 οὐκ
1404 1131 1689 1200 ἐχρήσατο.

178 1216 331 1285 Τούτῳ
357 1217 497 1286 μόνῳ
520 1216 645 1285 ἐξῆν
672 1216 779 1285 (95)
803 1220 880 1279 είς
910 1218 975 1268 τὰ
1003 1218 1129 1285 ἅγια
1161 1218 1403 1272 εἰσιέναι.
1437 1223 1567 1274 Οὐδὲ
1586 1222 1692 1293 γὰρ

178 1306 332 1379 ἐρεοῦν
362 1298 540 1376 ἐφόρει
562 1349 575 1370 ,
608 1307 738 1360 ἀλλᾶ
767 1306 1019 1369 σινδόνας.
1069 1308 1176 1359 Καὶ
1222 1309 1377 1376 μόνος
1413 1311 1691 1379 εἰσήρχετο

177 1398 241 1460 είς
266 1396 344 1449 τὸν
368 1396 509 1460 ναὸν,
536 1397 820 1467 ηύρίσκετό
853 1415 908 1450 τε
934 1397 1178 1465 κείμενος
1211 1398 1302 1449 ἐπὶ
1331 1401 1443 1460 τοῖς
1484 1400 1689 1465 γόνασι,

178 1488 254 1539 καὶ
289 1486 587 1558 αἰτούμενος
621 1488 758 1559 ὑπὲρ
782 1488 873 1541 τοῦ
905 1489 1033 1541 λαοῦ
1062 1490 1272 1557 ἄφεσιν,
1300 1489 1375 1552 ὡς
1419 1492 1691 1563 ἀπεσκλη-

176 1578 303 1629 κέναι
338 1578 400 1631 τᾶ
435 1579 631 1647 γόνατα
662 1579 823 1631 αὑτοῦ
855 1579 1007 1650 δίκην
1049 1580 1288 1649 καμήλου
1312 1620 1326 1642 ,
1371 1581 1456 1633 διὰ
1498 1582 1559 1633 τὸ
1603 1583 1691 1634 ἀεὶ

177 1668 413 1737 κάμπτειν
439 1669 527 1720 ἐπὶ
556 1670 682 1736 γόνυ
709 1669 817 1739 (96)
859 1670 1258 1740 προσκυνοῦντα
1298 1670 1374 1740 τῷ
1400 1669 1518 1741 Θεῷ
1538 1710 1553 1735 ,
1598 1672 1688 1725 καὶ

1802 497 2033 550 minatus
2061 508 2163 551 εει.
2192 496 2326 549 Nam
2353 497 2505 551 multi
2546 498 2763 565 quidem
2785 500 2969 553 eodem
3002 501 3222 555 nomine
3249 502 3340 556 ὴ-

1797 586 1915 641 cobi
1950 588 2302 641 vocabantur.
2339 586 2446 642 Sed
2480 586 2569 642 hic
2593 590 2658 641 ab
2685 588 2800 656 ipso
2828 590 3014 643 matris
3036 600 3191 646 utero
3214 608 3344 646 san-

1795 686 1914 729 ctus
1947 675 2064 730 fuit.
2095 677 2204 731 Nec
2224 679 2404 747 vinum
2429 692 2665 746 unquam
2694 676 2827 731 bibit
2854 694 2951 731 nec
2973 679 3202 733 siceram
3230 698 3244 733 :
3271 682 3340 735 ab

1794 765 2146 818 animantium
2195 766 2449 820 carnibus
2505 768 2719 835 penitus
2770 769 3047 823 abstinuit.
3112 771 3335 826 Comam

1794 870 2063 922 nunquam
2096 856 2343 912 totondit.
2393 854 2578 923 Neque
2605 857 2754 921 ungi,
2799 871 2969 924 neque
3012 858 3189 914 lavare
3220 862 3338 915 bal-

1793 960 1895 999 neo
1935 962 2131 1015 corpus
2171 961 2402 1014 unquam
2432 946 2659 1007 .solitus.
2694 946 2844 1001 Unus
2895 964 2958 1001 ex
2994 953 3238 1006 omnibus
3280 954 3333 1007 in

1792 1037 2036 1090 intimum
2067 1038 2242 1105 templi
2278 1040 2639 1091 sanctuarium
2680 1038 3011 1107 ingrediendi
3049 1041 3136 1108 jus
3165 1043 3331 1096 facul-

1794 1135 2068 1195 tatemque
2117 1127 2365 1181 habebat.
2399 1126 2586 1195 Neque
2636 1130 2776 1182 enim
2817 1130 3030 1192 lanicio,
3072 1133 3161 1185 sed
3197 1132 3329 1185 linea

1793 1226 1998 1269 tantum
2053 1227 2200 1269 veste
2233 1217 2503 1273 utebatur.
2553 1216 2610 1270 In
2645 1219 2899 1285 templum
2937 1221 3081 1273 solus
3108 1222 3328 1284 intrare,

1792 1317 1951 1373 atque
1986 1307 2055 1361 ibi
2079 1308 2301 1375 genibus
2323 1306 2477 1362 ﬂexis
2507 1322 2601 1375 pro
2645 1310 2877 1376 peccatis
2906 1311 3082 1377 populi
3114 1312 3327 1379 supplex

1795 1399 1957 1453 Deum
1993 1414 2149 1453 orare
2170 1408 2540 1453 consueverat.
2578 1400 2725 1455 Adeo
2756 1410 2813 1452 ut
2846 1416 3016 1469 genua
3054 1402 3219 1471 ipsius
3252 1405 3332 1455 in-

1792 1498 1903 1542 star
1932 1491 2118 1544 cameli
2163 1491 2529 1553 occalluerint.
2557 1491 2681 1544 dum
2710 1493 2922 1547 assidue
2963 1495 3127 1548 Deum
3168 1511 3329 1549 vene-

1794 1596 1939 1643 rans,
1968 1591 2021 1637 et
2066 1597 2161 1651 pro
2208 1582 2317 1655 64
2366 1582 2534 1637 salute
2572 1581 2745 1651 populi
2779 1593 2895 1637 vota
2937 1584 3139 1639 faciens
3181 1586 3325 1640 ltumi

1792 1680 2138 1729 sterneretur.
2175 1672 2274 1726 Hic
2321 1689 2449 1743 ergo
2476 1674 2544 1727 ob
2576 1672 2891 1742 singularem
2934 1674 3195 1743 justitiam
3238 1692 3329 1730 co-

173 1758 403 1812 αῑτεῖσθαι
432 1760 620 1828 ἄφεσιν
659 1761 732 1829 τῷ
755 1760 884 1831 λαῷ.
911 1761 1009 1813 Διά
1050 1778 1112 1829 γε
1151 1779 1231 1814 τοι
1256 1762 1354 1831 τὴν
1386 1762 1669 1833 ὑπερδολὴι

1783 1763 2126 1828 gnominatus
2151 1773 2230 1818 est
2252 1763 2437 1819 Justus
2459 1774 2511 1817 et
2534 1764 2729 1827 Oblias,
2759 1766 2899 1834 quod
2928 1767 3115 1821 Latine
3156 1769 3328 1820 muni-

173 1851 256 1919 τῆς
296 1849 623 1921 δικαιοσύνης
667 1851 827 1905 αὑτοῦ
853 1895 867 1917 ,
912 1852 1152 1905 ἐκαλεῖτο
1178 1853 1394 1916 Δίκαιος
1434 1855 1528 1906 καὶ
1566 1854 1684 1906 Ὠϐ-

170 1943 271 2006 λίας
297 1944 432 2013 (97)·
462 1946 489 1996 ὃ
528 1947 672 1997 ἐστιν
704 1945 1003 2014 Ἑλληνιστὶ
1036 1946 1257 2015 περιοχὴ
1296 1946 1387 1997 τοῦ
1429 1944 1557 1999 λαοῦ
1597 1946 1688 1999 καὶ

171 2034 464 2103 δικαιοσύνη,
486 2036 559 2097 ὡς
578 2037 624 2087 οἱ
655 2035 921 2106 προφῆται
946 2035 1157 2103 δηλοῦσι
1181 2037 1303 2105 περὶ
1328 2034 1509 2087 αὐτοῦ.
1534 2036 1688 2098 Τινὲς

171 2121 249 2179 οῦν
275 2126 371 2178 τῶν
397 2127 530 2178 ἑπτὰ
562 2127 822 2196 αἱρέσεων
848 2126 955 2177 τῶν
996 2126 1053 2177 ὲν
1076 2124 1152 2194 τῷ
1193 2124 1323 2194 λαῷ,
1354 2125 1457 2178 τῶν
1491 2141 1686 2195 προγε-

170 2216 467 2285 γραμμένων
502 2234 589 2286 μοι
622 2217 727 2284 (98)
755 2217 811 2268 ἐν
842 2218 951 2278 τοῖς
992 2216 1427 2285 Ὑπομνήμασιν,
1459 2214 1685 2267 ἐπυνθά-

169 2323 297 2359 νοντο
320 2306 469 2359 αὑτοῦ
488 2348 502 2369 ,
538 2307 617 2370 τίς
647 2309 680 2377 ἡ
724 2307 860 2377 θύρα
886 2306 978 2359 τοῦ
1032 2306 1201 2378 Ἰησοῦ
1231 2306 1358 2375 (99).
1395 2305 1502 2358 Καὶ
1533 2304 1682 2372 ἔλεγε

168 2425 316 2477 siones
350 2425 461 2489 fuit,
485 2438 586 2477 etc.
622 2422 836 2491 Vulgata
894 2432 1067 2477 tamen
1110 2423 1267 2478 lectio
1317 2423 1533 2475 minime
1582 2436 1677 2475 re-

167 2493 405 2561 pudianda
475 2503 588 2553 est,
639 2508 758 2545 cum
822 2492 1097 2562 Hcgcsippi
1162 2505 1320 2562 aetas_
1343 2492 1393 2543 in
1450 2492 1671 2559 primam

167 2559 493 2627 apostolorum
542 2559 926 2615 successionem
979 2559 1243 2615 ineiderit.
1292 2559 1470 2613 Prima
1529 2562 1671 2613 enim

167 2631 495 2696 apostolorum
528 2632 794 2685 successio
822 2646 989 2699 usque
1006 2635 1068 2683 ad
1098 2642 1332 2698 tempora
1366 2629 1525 2682 Marci
1565 2630 1673 2681 An-

167 2700 314 2768 tonini
359 2701 677 2767 producitur.
708 2701 780 2753 Eo
810 2715 1032 2767 namque
1062 2701 1374 2768 imperante,
1422 2700 1672 2768 Polycarf

164 2783 267 2834 pus,
291 2765 499 2820 Joannis
540 2765 765 2837 apostoli
798 2765 1102 2834 discipulus.
1139 2765 1396 2823 coronam
1428 2765 1668 2837 martyrii

162 2837 445 2902 reportavit.
491 2834 651 2891 Recte
691 2839 851 2905 igitur
892 2839 1213 2905 Hegesippus
1244 2840 1295 2890 in
1325 2838 1492 2903 prima
1544 2834 1669 2903 apo-

162 2906 395 2975 stolorum
439 2908 775 2960 successione
826 2908 1017 2960 vixisse
1072 2909 1287 2967 dicitur,
1330 2906 1526 2975 quippe
1577 2906 1668 2972 qui

161 2972 338 3095 non?
370 2975 747 3027 Antoninorum
788 2976 1101 3043 principatu.
1151 2972 1392 3042 Cumque
1442 2975 1666 3027 Romam

161 3043 268 3094 ven’
304 3052 381 3095 set
410 3046 716 3095 nontilicatu
760 3045 982 3095 Aniceti.
1028 3044 1220 3095 ibidem
1268 3045 1559 3095 permansit
1589 3059 1666 3095 us-

161 3043 381 3095 veniﬁset
410 3046 716 3108 pontiﬁcatu
760 3045 982 3107 Aniceti,
1028 3044 1220 3096 ibidem
1268 3045 1559 3111 permansit
1589 3059 1669 3095 us-

1789 1862 2012 1904 mentum
2030 1852 2207 1919 populi
2229 1864 2281 1907 et
2290 1854 2553 1923 justitiam
2578 1854 2863 1922 signiﬁcat,
2881 1858 3323 1925 quemadmodum

1788 1941 1947 1994 etiam
1970 1944 2238 2011 propheta:
2271 1944 2336 1997 de
2360 1958 2424 1996 eo
2461 1944 2839 2010 praedixerunt.
2878 1945 3103 2011 Quidam
3144 1958 3320 2000 autem

1789 2044 1853 2082 ex
1884 2040 2083 2099 septem
2109 2032 2270 2084 sectis
2295 2046 2412 2099 quae
2442 2034 2579 2097 apud
2607 2030 2817 2085 Judteos
2838 2041 3012 2094 erant,
3035 2037 3100 2089 de
3127 2037 3323 2106 quibus

1791 2120 1845 2173 in
1872 2121 2231 2189 superioribus
2264 2120 2415 2174 libris
2443 2122 2725 2188 scripsisse.
2756 2123 3122 2187 meminimus,
3152 2127 3321 2181 inter—

1790 2220 2048 2278 rogarunt
2076 2224 2220 2271 eum,
2255 2196 2522 2275 quodnam
2548 2220 2686 2264 esset
2715 2211 2907 2264 ostium
2943 2210 3087 2267 Jesu.
3116 2215 3321 2280 Quibus

1789 2298 1875 2352 ille
1898 2297 2076 2353 Jesum
2102 2313 2220 2353 esse
2265 2298 2602 2354 Servatorem
2649 2301 2941 2368 respondit.
2975 2300 3065 2354 llis
3103 2305 3317 2370 auditis,

1781 2418 1926 2470 ribus
1960 2432 2117 2481 usque
2142 2416 2210 2467 ad
2246 2424 2475 2468 nostram
2520 2426 2721 2469 (etatem
2764 2414 2943 2469 Iustus
2977 2417 3039 2468 ab
3082 2419 3319 2472 omnibus

1778 2486 2171 2551 cognominatus
2204 2497 2297 2537 est.
2327 2486 2389 2538 Et
2423 2486 2559 2539 hanc
2594 2485 2806 2552 quidem
2834 2486 3229 2540 distinctionem
3264 2490 3316 2541 itt

1778 2554 2213 2622 interpretatione
2249 2569 2365 2607 mea
2392 2556 2540 2619 sequi
2573 2554 2757 2617 malui,
2786 2563 2905 2620 post
2938 2552 3229 2606 Musculum
3263 2566 3319 2610 et

1777 2623 2337 2689 Christopltorsonum,
2366 2624 2569 2689 ,quippe
2610 2638 2724 2688 qua:
2762 2623 2959 2674 certior
2985 2632 3039 2674 et
3084 2639 3316 2689 sequen-

1774 2694 1915 2747 tibus
1944 2682 2223 2761 llegesippi
2253 2682 2426 2744 verbis
2451 2682 2637 2761 (magis
2674 2706 2964 2755 congruere
2994 2692 3132 2761 mihi
3164 2682 3317 2745 ‘vide-

1773 2759 2240 2832 retur._Su_ltjiclt_
2259 2761 2398 2812 enim
2450 2759 2795 2832 llegesippus,
2827 2761 2948 2832 ἐπεὶ
2999 2759 3181 2832 πολλοὶ
3215 2762 3314 2832 μὲν

1784 2830 2026 2885 Ἰάκωϐοι
2052 2828 2355 2891 ἐκαλοῦντο,
2385 2841 2485 2882 etc.
2519 2830 2645 2894 Quae
2673 2829 2833 2881 verba
2871 2830 2986 2881 sine
3027 2831 3187 2882 dubio
3218 2828 3315 2881 ’τε-

1774 2901 2113 2970 ίμνιιιιιιιιχτιιι
2146 2913 2205 2949 ca
2244 2907 2796 2970 qu:e_pr:ncesscrunt,
2825 2900 2852 2949 ὁ
2876 2898 3186 2970 ὀνομασθεὶς
3214 2900 3315 2953 ὑπὸ

1766 2970 1987 3023 πάντων
2014 2968 2243 3031 Ᾱίκαιος.
2275 2968 2460 3020 Reddit
2491 2968 2630 3019 enim
2660 2969 2918 3019 rationem
2967 2968 3312 3036 llegesippus,

1773 3056 1870 3092 cur
1909 3038 2137 3092 Jacobus
2165 3037 2350 3091 Justus
2392 3037 2459 3089 ab
2486 3036 2733 3103 omnibus
2768 3039 3174 3102 cognoatinatus
3219 3040 3343 3103 sit._

161 3123 252 3176 que
275 3112 335 3162 ad
367 3102 722 3177 pontiﬁcatum
763 3102 1050 3166 Eleutlteri.
1076 3112 1131 3165 In
1162 3102 1415 3166 Chronico
1446 3114 1673 3165 Alexan-
1699 3104 1740 3159 C
1774 3110 1995 3176 Quippe,
2037 3109 2243 3173 inquit,
2284 3105 2628 3177 multiufucre
2668 3102 2889 3177 Jacobi;
2934 3106 3025 3159 sed
3072 3107 3158 3158 hic
3205 3122 3313 3173 pra:

160 3180 314 3242 drino,
355 3183 492 3244 quod
541 3182 752 3246 quidem
787 3182 1166 3235 Antiochenum
1219 3182 1467 3235 libentius
1518 3196 1673 3234 voca-

158 3249 329 3319 verint,
368 3248 692 3319 Hegesippus
718 3262 958 3303 mortuus
978 3265 1094 3303 esse
1135 3250 1332 3319 dicitur
1368 3252 1669 3319 principatu

157 3314 411 3386 commodi
433 3314 673 3385 Augusti.
690 3319 932 3386 IEqualls
956 3320 1110 3386 igitur
1136 3318 1232 3370 fuit
1257 3314 1453 3373 lrenico
1476 3336 1487 3369 :
1513 3314 1668 3385 quem

158 3384 300 3453 etiam
351 3384 535 3452 primae
570 3384 925 3453 apostolorum
976 3384 1299 3453 successioni
1362 3384 1667 3453 contiguum

158 3448 302 3519 fuisse
351 3448 571 3505 iestatur
604 3448 870 3507 Eusebius
916 3456 966 3507 itt
1010 3456 1107 3507 lib.
1133 3470 1182 3511 v.
1216 3450 1336 3519 cap.
1365 3454 1453 3515 20,
1489 3448 1573 3506 ubi
1607 3457 1669 3505 de

156 3516 275 3588 Libro
306 3520 417 3585 ejus
445 3522 549 3587 agit
583 3523 671 3588 qui
705 3524 988 3588 inscriptus
1008 3532 1123 3576 erat
1152 3522 1224 3573 De
1247 3516 1537 3588 O’gtloade:
1582 3523 1667 3575 ’Ev

153 3578 191 3650 ᾧ
225 3578 754 3660 κα).’ὲπιῆμαί’νεται
797 3578 892 3660 τὴν
933 3590 1154 3660 πρώτην
1198 3578 1317 3649 τῶν
1358 3592 1665 3643 ἀποστόλων

153 3655 713 3727 κατειληφέναιεαυτὸν
735 3655 993 3727 διαδοχήν.

212 3725 313 3795 (95)
351 3727 508 3779 Μετὰ
548 3726 665 3779 τῶν
691 3725 1057 3781 ἀποστόλων.
1094 3727 1442 3794 Hieronymus
1476 3726 1525 3777 in
1558 3726 1661 3777 Ca-

153 3794 306 3861 talogo
352 3796 489 3848 hunc
528 3796 696 3849 locum
742 3799 812 3849 ita
860 3796 1056 3849 vertit:
1094 3796 1327 3857 Suscepit
1379 3795 1659 3846 Ecclesium

154 3860 527 3931 Hierosolymis,
558 3877 672 3932 post
698 3866 950 3933 apostolos
980 3864 1139 3930 frater
1162 3865 1364 3933 Domini
1408 3862 1655 3933 Iacobus.

150 3933 292 4003 quasi
319 3931 579 4001 legeretur
604 3931 737 4003 μετᾶ
758 3936 879 3996 τοὺς
899 3934 1239 3995 ἀποστόλους.
1263 3931 1439 3999 Longe
1464 3932 1659 3983 rectius

150 4002 472 4055 adversatrius
520 4002 821 4073 Hiieronymi
878 4004 1099 4073 Rulittus
1145 4004 1527 4073 interpretatus
1575 4009 1658 4051 est

148 4083 251 4141 935m
271 4073 537 4136 apostolis.
557 4071 687 4125 Nam
703 4068 925 4141 apostoli
944 4086 1046 4123 una
1066 4070 1393 4141 cumJacobo
1407 4068 1655 4135 episcopo

149 4133 661 4203 liierosolvtnitanam
706 4133 953 4195 rexerunt
987 4141 1293 4192 Ecclesium.
1326 4133 1501 4201 Quare
1535 4152 1655 4201 per-

146 4217 310 4277 peram
348 4206 570 4260 Rulinus
600 4211 649 4261 in
689 4227 803 4277 cap.
828 4211 861 4260 ἓ
890 4210 1044 4272 huius
1077 4208 1215 4277 libri,
1246 4205 1497 4277 Jacobum
1529 4220 1654 4270 ³Ρο-

146 4274 397 4346 Stolorum,
453 4274 766 4346 episccipuni
829 4278 1135 4346 nominavit.
1187 4275 1343 4343 Atqui
1401 4274 1653 4346 _Clcn_teus

147 4341 281 4405 cuius
325 4341 499 4397 verba'
530 4341 649 4399 illic'
682 4349 1057 4410 interpretatur
1078 4341 1352 4409 ,Rulinus,
1393 4341 1650 4395 Jacobum

1772 3174 1976 3233 emeris
2030 3176 2236 3243 justitia
2296 3174 2582 3238 excelluit,
2635 3183 2691 3225 ut
2733 3174 2922 3243 multis
2981 3178 3314 3243 argumentis

1771 3241 2042 3311 deinceps
2079 3246 2271 3313 probat
2326 3244 2671 3312 llcgcsippus.
2711 3241 2927 3313 Deinde
2980 3241 3307 3313 si‘priorem

1772 3310 2168 3368 distinctionem
2220 3310 2661 3378 sequamur’cum
2708 3310 2919 3372 llulino,
2968 3311 3159 3364 falsum
3206 3315 3314 3367 erit

1771 3384 1893 3435 illud
1927 3386 2066 3449 quod
2115 3384 2370 3449 sequitur,
2408 3380 2660 3435 Jacobum
2707 3382 2912 3432 scilicet
2938 3382 3243 3446 episcopum
3278 3400 3309 3435 a

1771 3453 2093 3518 temporibus
2144 3452 2349 3503 Domini
2397 3466 2581 3518 usque
2640 3449 2707 3502 ad
2762 3449 3045 3518 Hegc'sippi
3096 3458 3307 3503 aetatem

1767 3516 2145 3586 permansisse.
2195 3518 2328 3571 Nam
2379 3516 2609 3573 JacObus
2652 3516 2865 3583 quidem
2912 3516 3095 3569 Justus
3141 3534 3312 3572 camus

1765 3598 1841 3639 est
1892 3586 2117 3640 Neronis
2166 3588 2483 3652 principatu.
2526 3587 2852 3653 Hegesippus
2900 3600 3026 3639 vero
3076 3589 3308 3642 Antoni-

1763 3671 1952 3707 norum
1988 3656 2315 3722 temporibus
2342 3656 2536 3722 ﬂoruit,
2566 3666 2621 3706 ut
2652 3654 2895 3721 superius
2925 3656 3233 3708 observavi.

1834 3723 1941 3791 (95)
1971 3721 2155 3791 Τούτῳ
2171 3724 2329 3789 μόνῳ
2347 3721 2516 3788 ἐξῆν,
2532 3734 2636 3774 ειε.
2656 3723 2843 3791 Totum
2865 3722 3003 3791 hunc
3029 3722 3308 3790 llegesippi

1761 3789 1934 3843 locum
1963 3790 2072 3854 jam
2106 3792 2305 3856 pridem
2345 3791 2671 3841 examinavit
2700 3789 2937 3853 Scaliger
2965 3790 3017 3840 in
3054 3789 3309 3843 Animad-

1762 3859 2074 3909 versiom’bus
2100 3857 2424 3920 Eusebianis,
2450 3874 2570 3924 pag.
2595 3857 2713 3915 178,
2747 3860 3015 3922 multaque
3042 3861 3105 3909 in-
3126 3874 3189 3911 eo
3221 3876 3309 3913 rc-

1760 3926 2056 3992 preheudit,
2079 3941 2192 3991 quae
2209 3940 2381 3990 operae
2402 3937 2623 3991 pretium
2644 3929 2749 3977 erit
2770 3924 2959 3991 legere.
2980 3926 3124 3979 Adde
3143 3930 3301 3980 etiam

1757 4010 1875 4063 qua:
1905 3995 2156 4063 adversus
2180 3992 2434 4063 Sealigeri
2468 4008 2745 4045 censuram
2770 3994 2983 4063 scripsit
3013 3994 3301 4063 Dionysius

1757 4062 2003 4113 Petavius
2026 4065 2076 4115 ιιι
2103 4062 2243 4114 nolis
2264 4066 2329 4112 ad
2355 4063 2596 4113 ltwresitn
2621 4077 2817 4113 Lxxvm
2841 4060 3217 4128 ΕμίρΙιειιιίἰξει
3242 4066 3300 4119 Ρ.

1755 4130 2048 4184 Ηίιιιοίιίιιε
2074 4131 2122 4182 iu
2156 4130 2515 4182 uotationibns
2544 4133 2608 4181 ad
2651 4129 2816 4181 Vitam
2852 4128 3143 4197 llegesippi,
3172 4149 3219 4187 c.
3242 4134 3299 4190 5.

1826 4200 1931 4269 (96)
1970 4200 2070 4253 Διὰ
2099 4198 2162 4251 τὸ
2207 4197 2297 4270 ἀεὶ
2340 4198 2769 4270 κάμπτειν-ἐπὶ
2814 4199 3165 4270 ’χθόνα-,μα
3213 4218 3303 4270 ρο.

1755 4267 1969 4323 suetum
2000 4284 2155 4322 voces
2178 4269 2412 4319 absunta
2432 4270 2615 4337 codice
2641 4267 2771 4319 Fuk.
2801 4279 2854 4321 et
2882 4268 3019 4335 apud
3047 4267 3304 4337 Nicepho-

1756 4354 1895 4392 rum.
1921 4338 2113 4391 Verum
2146 4338 2198 4388 in
2225 4338 2417 4388 codice‘
2440 4336 2574 4388 Μελ.
2603 4353 2665 4388 ac
2693 4337 2829 4389 Med.
2858 4348 2998 4389 tetus
3028 4340 3113 4392 nie
3149 4336 3299 4395 lucus

144 4421 233 4481 non
259 4416 638 4479 apostolorum,
686 4418 777 4467 sed
821 4404 1303 4481 llierosoly'morum
1347 4414 1651 4478 episcopum

1772 4419 1823 4481 ta
1840 4408 2067 4481 legitur,
2105 4404 2191 4459 διὰ
2228 4405 2289 4456 τὸ
2333 4405 2419 4457 ἀεὶ
2459 4408 2726 4476 κάμπτειν
2775 4406 3177 4477 προσκυνοῦντα
3222 4408 3301 4480 τῷ

147 4478 325 4531 factum
354 4497 474 4534 esse
496 4482 643 4535 dicit.
671 4484 833 4536 Porro
857 4478 1076 4534 Ruﬁnus
1106 4484 1154 4533 id
1183 4483 1424 4534 hausisse
1448 4482 1654 4533 videtur

147 4558 199 4619 ex
221 4548 504 4619 Clementis
526 4550 989 4619 Recognitionibus,
1018 4566 1151 4617 quas
1174 4551 1255 4601 vel
1288 4548 1502 4619 ipse_ve|
1530 4547 1660 4599 Pau-

143 4608 262 4687 linus
282 4614 471 4670 Latine
494 4608 810 4673 vertitiNam
832 4623 879 4672 iu
904 4608 995 4672 libi.
1012 4608 1047 4671 ti
1066 4620 1179 4687 ejus
1196 4608 1372 4686 operis
1393 4617 1655 4680 Clemens,

140 4675 372 4736 Jacobum
416 4686 633 4740 fratrem
681 4690 906 4751 Domini,
936 4675 1110 4755 quem.
1142 4675 1251 4752 ipse
1293 4675 1655 4755 archiepiscoé

142 4758 248 4807 Pum
278 4756 518 4808 nominat
548 4767 602 4808 et
630 4759 912 4823 principem
947 4753 1333 4823 episcoporum,
1370 4753 1653 4821 episc0pali

141 4823 439 4890 lugqritate
466 4826 720 4890 apostolls
744 4826 987 4885 omnibus
1015 4825 1401 4889 thaecipieutem
1434 4824 1651 4876 inducit.

198 4884 297 4946 (94)
348 4889 401 4959 ῘΟ
445 4884 796 4959 ὀνομασθεὶς
822 4893 937 4945 ὑπὸ
975 4884 1208 4943 πάντων
1236 4892 1483 4953 Δίκαιος.
1530 4890 1656 4943 Post

140 4944 416 5030 verba
441 4960 509 5030 in
546 4944 729 5014 codice
754 4944 1017 5015 Siuiarino
1054 4976 1114 5012 ae
1152 4958 1283 5011 Fuit.
1308 4944 1543 5025 apposita
1574 4968 1654 5011 est

139 5016 412 5097 (ξίξιίηεέὶοχ
431 5026 602 5097 Quam
622 5032 833 5097 quidem
858 5016 1566 5097 interpunctioncnt'secutus
1584 5030 1658 5079 vi-

139 5085 273 5138 detur
300 5085 548 5150 Rutilius.
574 5085 667 5149 Sic
692 5102 829 5151 enim
869 5085 1023 5149 νει-ιιι
1056 5114 1068 5146 :
1104 5096 1333 5157 Suscepit
1366 5093 1650 5147 Ecclesium

138 5166 236 5204 Cum
258 5162 506 5231 apostolis
536 5164 697 5229 frater
720 5167 922 5219 Domini
943 5165 1189 5227 Iacobus,
1208 5166 1295 5231 qui
1324 5167 1385 5215 ab
1417 5166 1650 5216 omnibus

137 5228 510 5301 cognominatus
553 5243 626 5282 est
668 5233 885 5295 Justus,
924 5237 987 5286 ab
1027 5236 1169 5301 ipsis,
1197 5228 1404 5284 Domini
1455 5242 1647 5299 tempo-

138 5295 260 5367 ribus
309 5298 602 5367 perituram
653 5318 808 5367 usque
862 5306 927 5354 ad
986 5295 1096 5354 nos.
1131 5300 1325 5354 Verum
1365 5304 1415 5352 in
1468 5295 1650 5353 codice

138 5356 371 5439 Regioac
400 5364 542 5439 med.
569 5377 623 5418 et
651 5356 786 5432 apud
817 5370 1166 5439 Nicephorum
1200 5372 1339 5422 nulla
1370 5379 1451 5421 est
1487 5372 1651 5421 ascri-

137 5442 211 5493 pta
246 5434 524 5485 distinctio
557 5444 675 5500 post
716 5451 894 5491 vocem
924 5434 1161 5501 Δίκαιος.
1199 5441 1290 5493 sed
1327 5448 1466 5491 totus
1501 5440 1647 5490 locus

139 5513 228 5575 uno
267 5503 455 5575 spiritu
506 5504 863 5575 continuatur,
898 5506 997 5560 hoc
1041 5515 1222 5566 modo.
1271 5510 1299 5559 ὁ
1332 5506 1647 5575 ὀνομασθεὶς

136 5566 222 5646 ora
260 5566 472 5646 πόντων
521 5570 732 5646 Atinate;
775 5574 880 5624 ἀπὸ
918 5576 1023 5646 τῶν
1064 5576 1156 5629 τοῦ
1190 5576 1402 5646 ’Κυρίου
1427 5566 1647 5646 ’χρόνων

136 5638 271 5709 μέχρι
306 5640 394 5695 καὶ
433 5638 617 5713 ἡμῶν,
655 5641 703 5694 id
735 5651 833 5706 est,
860 5645 1026 5709 quiab
1061 5646 1184 5713 ipsis
1228 5638 1418 5698 Clirt'sti
1449 5638 1645 5709 't'e'mpo.

1758 4476 1873 4545 Θεῷ
1898 4476 1965 4528 τὰ
1988 4477 2204 4545 γόνατα.

1828 4543 1936 4615 (97)
1989 4543 2274 4597 Ἐκαλεῖτο
2310 4544 2553 4615 Αζκαιος
2600 4544 2697 4597 καὶ
2741 4543 2989 4611 Ὤϐλίας.
3050 4545 3297 4601 Nicolaus

1755 4613 2004 4668 Fullerus
2045 4615 2097 4666 in
2134 4615 2226 4667 lib.
2254 4628 2311 4665 ιιι
2342 4613 2797 4666 Miscellaneorunt
2830 4630 3119 4672 sacrorum.
3158 4617 3297 4667 hunc

1756 4683 1926 4736 locum
1953 4684 2029 4735 sie
2060 4684 2333 4742 emendat,
2375 4682 2614 4733 ἐκαλεῖτο
2641 4682 2834 4751 Σαδδὶκ
2871 4683 2963 4733 καὶ
3004 4684 3241 4751 Ὠζλιὰμ,
3268 4684 3298 4735 ὅ

1754 4753 1898 4803 ἐστιν
1927 4752 2169 4815 δίκαιος,
2195 4753 2287 4803 καὶ
2324 4751 2568 4819 περιοχὴ
2597 4750 2769 4803 λαοῦ.
2805 4751 2970 4815 Quam
3003 4750 3294 4805 doctissimi

1752 4822 1853 4871 Viri
1885 4822 2311 4873 emendationem
2348 4822 2571 4875 libenter
2602 4820 2914 4887 amplector.
2943 4819 3140 4871 Tamen
3175 4836 3293 4873 cunt

1698 4896 1701 4897 ⁷
1752 4888 2083 4954 Epiphanius
2115 4891 2164 4940 in
2202 4890 2384 4941 haeresi
2428 4905 2625 4941 Lxxvm
2657 4902 2707 4941 et
2754 4887 2934 4939 Jotius
2978 4889 3290 4949 monachus,

1752 4953 1909 5022 quem
1941 4957 2092 5025 vulgo
2138 4960 2277 5011 tnale
2320 4956 2530 5009 Jobiutn
2564 4966 2776 5018 vocant,
2803 4953 3055 5007 Jacobum
3085 4955 3289 5025 Obliant

1752 5026 1949 5078 dictum
1978 5024 2095 5078 esse
2126 5036 2407 5087 testentur,
2436 5026 2710 5078 retinenda
2738 5035 2817 5075 est
2842 5025 3069 5091 vulgaris
3098 5024 3287 5087 lectio;

1752 5095 1980 5145 maxime
2012 5102 2129 5145 cum
2170 5094 2685 5160 Opblias,_Hebraice
2715 5108 2882 5144 arcem
2917 5092 3100 5160 pepuli
3124 5092 3289 5157 signi-

1752 5162 1892 5215 ﬁcet.
1926 5161 2030 5213 Sed
2073 5172 2128 5213 et
2178 5158 2401 5215 R‘utiuus
2448 5173 2607 5231 atque
2657 5161 2985 5227 Nicepliorus
3020 5158 3285 5226 vulgatam

1750 5231 2029 5284 lectiOnem
2060 5238 2296 5283 tuentur.

1818 5296 1927 5366 (9S)
1972 5295 2092 5348 Τῶν
2127 5298 2272 5351 ἑπτὰ
2310 5299 2589 5366 αἱρέσεων
2621 5298 2736 5349 τῶν
2767 5295 3289 5366 προγεγραμμένων

1744 5382 1861 5434 μοι.
1904 5366 2079 5435 Locus,
2127 5366 2436 5435 llegesippi,
2482 5372 2532 5419 in
2582 5382 2685 5433 quo
2733 5366 2797 5415 de
2838 5366 3286 5435 septemJudaici

1748 5435 1921 5502 populi
1956 5434 2113 5503 sectis
2144 5434 2515 5503 se'scripsisse
2557 5442 2795 5495 testatur,
2836 5442 3012 5503 exstat
3054 5434 3105 5484 in
3150 5434 3287 5487 libro

1749 5500 1797 5556 iv
1842 5500 2055 5573 Eusebii
2095 5506 2295 5565 nostri,
2337 5500 2565 5573 e;tp.22.
2608 5504 2681 5553 Ad
2728 5514 2884 5567 quem
2938 5501 3141 5573 locum,
3181 5502 3288 5559 Deo

1742 5575 1978 5640 juvante,
2011 5571 2157 5634 plura
2190 5574 2383 5625 dicturi
2404 5570 2597 5623 sumus
2637 5574 2701 5640 de
2727 5578 2927 5640 septem
2962 5570 3066 5623 illis
3099 5575 3282 5626 sectis.

1816 5640 1921 5710 (99)
1970 5640 2059 5703 Τίς
2088 5641 2126 5709 ἠ
2160 5642 2305 5707 θύρα
2350 5640 2453 5694 τοῦ
2507 5638 2715 5706 Ἰησοῦ.
2765 5638 2973 5692 Ostium
3011 5642 3110 5695 hoc
3166 5643 3285 5697 loco
