3970 6340
603 364 699 418 199

1324 366 1589 424 EUSEBII
1624 368 2094 424 tuE-SARIENSIS
2130 368 2279 424 OPP.
2320 369 2499 422 PARS
2536 369 2574 421 l.
2617 400 2689 409 —
2724 370 3111 427 IllSTORlCA.

3689 373 3787 430 2’0

596 480 831 535 nonnulli
857 495 1039 534 eorum
1072 478 1255 536 Iesum
1294 498 1477 537 revera
1509 486 1780 538 Christum
1806 498 1926 539 esse
1952 483 2118 538 credi-

2233 482 2417 535 τοῦτον
2455 479 2596 536 εἶναι
2622 484 2713 537 τὸν
2759 485 3003 555 Σωτῆρα.
3049 485 3137 551 Ἐξ
3178 476 3253 538 ὧν
3280 502 3421 550 τινες
3445 484 3787 542 ἐπίστευσαν»

596 573 808 626 derunt.
850 571 1024 641 Supra
1052 574 1268 639 scripta:
1297 589 1424 628 vero
1453 584 1621 630 sectae
1642 591 1740 630 nec
1784 576 2135 630 resurrectio-

588 665 741 727 nem,
773 675 870 716 nec
916 662 1154 715 futurum
1204 664 1399 718 Christi
1432 666 1716 718 adventum
1749 674 1806 720 ut
1848 666 2135 735 unicuique

591 766 688 818 pro
722 751 927 805 meritis
952 753 1249 806 mercedem
1276 755 1500 820 tribuat,
1524 754 1835 809 credebant.
1865 754 2152 822 Quotquot

591 856 720 896 vero
752 856 819 896 es
846 842 911 896 iis
942 843 1309 907 crediderunt,
1345 842 1525 898 Jacobi
1555 859 1712 901 onera
1742 861 1805 898 ac
1834 847 2134 901 ministerio

590 933 774 1002 utique
813 933 1173 987 crediderunt.
1198 926 1330 987 Cum
1362 950 1489 1004 ergo
1532 936 1681 989 malli
1712 950 1778 1007 ex
1819 937 1948 1001 ipsis
1971 938 2132 992 etiam

590 1026 915 1092 primoribus
952 1024 1260 1088 crederent,
1296 1025 1609 1079 tumultuari.
1657 1039 1935 1095 cceperuut
1962 1027 2131 1082 Iudaei

587 1125 641 1169 et
676 1116 868 1169 scribze
920 1128 981 1168 ac
1022 1115 1275 1170 Phariswi
1308 1135 1320 1171 :
1353 1130 1417 1169 co
1450 1117 1561 1184 jam
1607 1128 1821 1172 ventum
1855 1134 1975 1173 esse
2024 1120 2134 1173 cla-

588 1214 814 1269 mantes,
847 1214 903 1257 ut
932 1218 1094 1272 prope
1119 1206 1294 1259 omnis
1327 1206 1552 1275 pepulus
1585 1206 1764 1261 Iesum
1798 1209 1950 1275 quasi
1975 1208 2133 1263 Chri-

586 1305 728 1348 stum
763 1304 1126 1364 exspectaret.
1175 1296 1406 1350 Proinde
1439 1299 1491 1350 in
1525 1314 1685 1351 unum
1714 1299 2017 1367 congregati
2045 1297 2132 1350 Ia-

588 1384 780 1437 cobum
810 1385 1025 1449 adeunt,
1047 1386 1236 1452 hisque
1259 1400 1379 1439 eum
1404 1385 1585 1439 verbis
1606 1386 1925 1453 compellant
1954 1403 1966 1437 ε
2001 1384 2131 1437 lior-

587 1484 763 1527 tamur
790 1484 862 1537 te,
894 1476 1164 1543 inquiunt,
1205 1488 1262 1529 ut
1292 1477 1470 1545 populi
1513 1492 1750 1531 errorem
1784 1477 2128 1544 comprimas,

584 1567 673 1634 qui
708 1566 892 1621 falsam
918 1569 982 1620 de
996 1566 1119 1621 Iesu
1150 1568 1455 1635 opinionem
1483 1567 1717 1631 imbibit,
1739 1568 1959 1639 perinde
1979 1569 2127 1634 quasi

583 1656 827 1711 Christus
857 1667 1018 1711 esset.
1071 1658 1339 1712 Persuade
1382 1659 1543 1726 igitur
1586 1658 1835 1712 omnibus
1861 1658 1951 1727 qui
1992 1656 2130 1713 festo

582 1742 802 1798 Pascha:
832 1748 917 1799 die
947 1750 1051 1800 huc
1085 1749 1427 1811 conveniunt,
1467 1758 1525 1801 ut
1569 1750 1633 1801 de
1657 1747 1782 1802 Iesu
1817 1758 1961 1803 recte
2009 1764 2133 1803 sen-

2238 577 2319 630 ὅτι
2358 575 2560 646 Ἰησοῦς
2585 578 2729 629 ἐστιν
2754 576 2782 627 6
2814 576 3062 647 Χριστός.
3096 578 3159 629 Δί
3185 577 3241 630 δὲ
3260 577 3494 648 αἱρέσεις
3520 578 3576 630 αἱ
3605 594 3786 649 προει-

2207 668 2213 673 “
2241 664 2492 735 ρημέναι,
2525 664 2625 717 οὐκ
2664 664 2943 719 ἐπίστευον
2970 664 3091 719 οὔτε
3114 667 3404 751 ἀνάστασιν
3429 667 3526 737 (1),
3555 666 3679 721 οὔτε
3702 671 3785 738 ἐρ-

2238 757 2461 828 χόμενον
2508 755 2794 809 ἀποδοῦναι
2833 757 3053 828 ,ἑκάστῳ
3109 757 3247 811 κατὰ
3293 757 3383 811 τὰδ
3416 758 3549 829 ἔργα
3602 758 3784 814 αὐτοῦ.

2241 845 2390 898 Ὅσοι
2420 842 2475 894 δὲ
2502 844 2594 895 καὶ
2629 844 2981 909 ἐπίστευσαν,
3030 845 3116 899 διὰ
3162 846 3412 905 Ἰάκωϐον
3444 847 3538 917 (2).
3575 848 3785 902 Πολλῶν

2236 931 2327 986 οὖν
2361 934 2452 987 καὶ
2484 932 2594 985 τῶν
2618 933 2889 1002 ἀρχόντων
2921 936 3295 1000 πιστευόντων,
3335 932 3404 1007 ἦν
3434 935 3659 1008 θόρυϐος
3684 938 3786 993 τῶν

2248 1016 2513 1077 Ἰουδαίων
2538 1023 2632 1075 καὶ
2654 1023 3023 1092 γραμματέων
3050 1024 3143 1077 καὶ
3170 1026 3475 1095 Φαρισαίων
3505 1025 3784 1094 λεγόντων,

2235 1116 2315 1168 ὅτι
2344 1113 2639 1167 κινδυνεύει
2664 1116 2772 1176 πᾶς
2800 1115 2829 1166 6
2858 1112 2983 1177 λαὸς
3022 1115 3222 1184 Ἰησοῦν
3248 1117 3340 1169 τὸν
3368 1117 3598 1187 Χριστὸν
3620 1134 3784 1187 προσ-

2233 1206 2413 1275 δοκᾷν.
2449 1204 2671 1271 Ἔλεγον
2700 1200 2793 1257 οὖν
2822 1202 3159 1267 συνελθόντες
3183 1205 3263 1274 τῷ
3297 1205 3531 1276 Ἰακώϐῳ
3553 1224 3566 1237 ·
3604 1208 3783 1278 [lapa-

2235 1295 2397 1349 καλοῦ
2406 1295 2502 1365 μέν
2522 1312 2604 1357 σε,
2626 1294 2847 1365 ἐπίσχες
2866 1293 2954 1346 τὸν
2976 1294 3100 1347 λαὸν
3128 1296 3248 1347 ἐπεὶ
3272 1296 3546 1368 ἐπλανήθη
3576 1300 3656 1362 είς
3686 1299 3786 1369 ἰηο

2236 1384 2379 1449 σοῦν,
2407 1386 2481 1448 ὡς
2512 1385 2673 1439 αὐτοῦ
2706 1386 2854 1449 ὄντος
2881 1385 2973 1439 τοῦ
2999 1384 3248 1457 Χριστοῦ.
3276 1388 3704 1459 Παρακαλοῦμιν
3728 1407 3786 1443 σε

2234 1480 2415 1529 πεῖσαι
2465 1477 2667 1539 πάντας
2716 1478 2841 1537 τοὺς
2881 1476 3129 1538 ἐλθόντας
3167 1478 3247 1538 είς
3296 1476 3394 1547 τὴν
3440 1479 3648 1549 ἡμέραν
3692 1479 3783 1532 τοῦ

2235 1569 2422 1638 Πάσχα
2443 1570 2567 1639 περὶ⁵
2595 1568 2788 1638 Ἰησοῦ.
2806 1569 2894 1621 Σοὶ
2917 1569 3023 1640 γὰρ
3046 1568 3243 1631 πάντες
3264 1568 3575 1638 πειθόμεθα.
3594 1572 3787 1641 Ἡμεῖς

2232 1660 2336 1729 γὰρ
2374 1658 2749 1729 μαρτυροῦμεν
2786 1676 2866 1710 σοι
2894 1660 2985 1710 καὶ
3018 1660 3123 1720 πᾶς
3156 1660 3183 1711 6
3207 1657 3351 1721 λαός,
3383 1659 3462 1712 ὅτι
3480 1657 3689 1722 ’δίκαιος
3716 1657 3784 1724 εἷ,

2232 1750 2325 1803 καὶ
2354 1752 2435 1803 ὅτι
2459 1751 2743 1821 πρόσωπον
2779 1752 2836 1803 ού
2882 1750 3189 1820 λαμϐάνεις.
3230 1751 3416 1802 Πεῖσον
3448 1745 3539 1804 οῦν
3578 1752 3642 1804 σὺ
3695 1752 3786 1805 τὸν

585 1832 737 1885 tiant.
791 1833 907 1886 Tibi
961 1836 1102 1886 enim
1155 1850 1340 1889 omnes
1395 1835 1551 1889 fidem
1591 1838 1871 1902 habemus,
1912 1846 1966 1891 et
2008 1855 2118 1893 cum

2231 1838 2383 1906 ὄχλον
2410 1839 2534 1907 περὶ
2560 1838 2731 1907 Ἰησοῦ
2763 1838 2835 1909 μὴ
2864 1839 3178 1893 πλανᾶσθαι.
3207 1839 3315 1890 Καὶ
3338 1838 3445 1911 γὰρ
3472 1840 3575 1901 πᾶς
3605 1840 3634 1890 6
3660 1840 3785 1903 λαὸς

582 1924 835 1977 universo
863 1927 1056 1993 popqu
1106 1928 1207 1981 hoc
1247 1928 1336 1981 tibi
1376 1928 1736 1981 testimonium
1771 1928 2128 1997 perhibemus,

486 2002 489 2007 “
575 2014 931 2082 justissimum
967 2026 1015 2070 te
1051 2017 1221 2070 virum
1251 2032 1533 2082 esse,‘nec
1570 2019 1731 2072 ullum
1760 2021 1898 2087 apud
1930 2029 1979 2074 te
2007 2034 2130 2087 per-

582 2121 835 2160 sonarum
870 2108 1157 2161 discrimen
1193 2108 1389 2164 valere.
1421 2110 1650 2164 Proinde
1690 2110 1827 2179 plebi
1867 2111 2129 2179 persuade

580 2212 649 2251 ne
674 2199 813 2251 circa
841 2196 1021 2252 Iesum
1054 2199 1307 2267 deinceps
1333 2200 1564 2253 aberret.
1614 2199 1743 2253 Nam
1768 2210 1821 2254 et
1848 2203 2126 2256 universus

579 2288 823 2357 pupulus.
840 2299 894 2341 et
913 2304 1009 2343 nos
1029 2288 1255 2343 libenter
1277 2291 1372 2344 tibi
1396 2291 1856 2358 obtemperamus.
1880 2292 2126 2347 Ascende

577 2379 741 2446 igitur
768 2380 817 2431 in
848 2379 1117 2450 fastigium
1134 2381 1339 2448 templi,
1361 2389 1417 2432 ut
1439 2381 1491 2433 in
1515 2380 1725 2433 sublimi
1758 2380 1873 2436 loco
1901 2383 2122 2450 positus,

577 2468 646 2521 ab
706 2469 954 2523 omnibus
1012 2470 1250 2538 conspici
1302 2481 1355 2523 et
1431 2470 1669 2524 exaudiri
1730 2470 1885 2525 facile
1928 2474 2120 2537 possis.

574 2556 707 2612 Nam
738 2559 1004 2627 paschalis
1045 2560 1402 2612 solemnitati's
1450 2562 1646 2629 gratia,
1675 2570 1878 2614 cunctae
1915 2560 2125 2615 Iudaeo-

576 2665 693 2703 rum
732 2650 901 2704 tribus
940 2660 991 2703 et
1013 2662 1075 2703 ex
1109 2651 1357 2718 gentibus
1388 2665 1491 2703 non
1534 2652 1687 2718 pauci
1720 2652 1823 2704 huc
1856 2665 2123 2705 convene-

577 2750 721 2793 runt.
779 2739 1023 2793 Posthmc
1055 2741 1349 2808 supradicti
1382 2741 1569 2794 scriba:
1613 2749 1665 2795 et
1710 2739 1955 2794 Pharisaei
1998 2754 2121 2794 cum

573 2829 830 2885 Iacobum
888 2832 939 2884 in
977 2830 1202 2898 fastigio
1236 2832 1411 2900 templi
1456 2833 1835 2898 collocassent,
1862 2842 2121 2887 .contenta

573 2935 703 2975 voce
734 2921 810 2975 sic
842 2936 960 2975 eum
1004 2921 1199 2989 alloqui
1254 2931 1573 2990 coeperunt:
1607 2922 1651 2977 0
1696 2922 1846 2975 iuste
1889 2923 1976 2977 cui
2021 2937 2121 2977 nos

494 3065 502 3071 .
572 3028 759 3067 omnes
792 3014 946 3066 tidem
970 3014 1227 3067 adbibere
1257 3029 1354 3083 par
1378 3024 1479 3077 est,
1500 3013 1926 3081 quandoquidem
1951 3028 2121 3082 popu-

572 3102 655 3157 lus
686 3104 861 3157 omnis
903 3112 1066 3164 errat,
1118 3101 1300 3157 Iesum
1349 3113 1563 3156 sectans
1620 3102 1953 3164 cruciﬁxum,
1986 3102 2118 3155 doce

572 3196 841 3262 nosquod
870 3193 939 3247 sit
968 3194 1159 3247 ostium
1192 3191 1316 3247 Iesu
1350 3192 1522 3246 sulIixi
1557 3193 1724 3246 cruci.
1771 3192 1920 3246 Tunc
1955 3191 2113 3246 Iaco-

570 3286 669 3340 bus
716 3288 856 3339 edita
899 3300 1027 3339 voce
1076 3286 1141 3339 iis
1195 3286 1505 3353 respondit:
1547 3304 1565 3337 ι
1602 3284 1736 3349 Quid
1768 3299 1871 3351 me,
1917 3284 2109 3352 inquit,

568 3408 651 3449 est
673 3397 1015 3462 introductio,
1044 3413 1135 3451 seu
1164 3397 1427 3450 institutio
1452 3406 1609 3466 atque
1634 3396 1879 3449 initiatio.
1905 3395 2109 3450 Ostium

524 3504 527 3505 ν
573 3467 737 3534 igitur
766 3466 961 3517 Christi
1013 3466 1142 3517 nihil
1175 3476 1256 3518 est
1289 3466 1429 3517 aliud
1471 3481 1630 3533 quam
1683 3466 1811 3517 ﬁdes
1846 3467 2106 3534 inADeum

572 3532 781 3587 Patrem
814 3545 866 3585 et
897 3535 950 3585 in
985 3535 1177 3587 Filium
1206 3550 1268 3587 ac
1314 3532 1567 3601 Spiritum
1606 3543 1871 3587 sanctum.
1905 3532 1976 3585 De
2012 3535 2111 3586 hoc

570 3605 707 3656 ostio
746 3602 943 3655 dicitur
977 3604 1027 3655 in
1059 3603 1320 3657 Psalmis:
1354 3602 1482 3655 [huc
1516 3611 1587 3654 est
1623 3611 1773 3671 porta
1820 3602 2024 3654 Domini
2062 3612 2117 3671 et

564 3672 695 3741 justi
730 3674 993 3727 intrabunt
1029 3688 1117 3740 per
1142 3688 1276 3733 eam,
1308 3681 1365 3726 ut
1397 3670 1899 3741 explicat_Clernen§
1926 3671 1977 3722 in
2017 3671 2109 3723 lib.

572 3738 621 3793 'w
652 3738 1052 3809 Στρωματέων.
1079 3742 1140 3794 Ει
1166 3742 1359 3794 ostium
1384 3742 1594 3807 quidem
1618 3739 1838 3793 Ioannis
1868 3738 2114 3808 Baptista:

571 3820 684 3863 erat
722 3813 1091 3878 pmoitentia,
1118 3810 1315 3864 Christi
1359 3826 1487 3864 vero
1520 3812 1714 3863 ostium
1755 3816 1834 3862 est
1877 3810 2117 3863 remissio

569 3893 905 3950 peccaturum
941 3897 1058 3948 «tua:
1094 3880 1150 3933 Iit
1185 3896 1276 3948 per
1312 3882 1651 3950 baptismum.

640 3949 714 4019 (ι)
754 3953 873 4002 Οὐκ
918 3944 1234 4003 ἐπίστευόν
1264 3944 1399 4003 om
1445 3949 1797 4002 ἀνάστασιν.
1836 3944 1967 4019 Male
2011 3946 2117 3999 Bu-

571 4017 727 4079 fiuus,
759 4037 986 4089 eumque
1017 4029 1232 4073 secutus
1261 4021 1795 4089 ChristOphorsonus,
1824 4017 1981 4089 vertit
2014 4034 2115 4069 non

568 4084 916 4152 crediderth
944 4092 1089 4156 quasi
1119 4090 1381 4157 legeretur
1414 4084 1511 4140 οὐκ
1548 4088 1887 4157 ἐπίστευσαν.
1934 4084 2113 4157 Longe

569 4158 759 4210 melius
795 4153 1062 4212 Musonius
1110 4153 1271 4212 vertit
1320 4174 1420 4211 non
1463 4160 1697 4209 credunt.
1746 4156 1877 4207 Nam
1924 4153 2108 4208 Graeca

570 4239 674 4277 vox
717 4225 1046 4279 hanc‘habet
1078 4229 1543 4296 signiﬁcationem.
1572 4226 1784 4279 Falsum
1825 4233 2111 4296 tameiiest

568 4307 659 4345 eas
704 4305 877 4346 sectas
936 4311 1039 4347 non
1092 4292 1384 4349 credidisse
1446 4296 1915 4348 resurrectionem.
1978 4292 2109 4344 Nam

569 4360 817 4431 Pharisaei
850 4377 966 4414 eam
1007 4364 1315 4431 credebant.
1580 4430 1589 4431 ί
1640 4428 1647 4431 Α
1864 4428 1915 4431 ,η

640 4430 713 4499 (:2)
752 4432 910 4482 Ὅσοι
932 4431 997 4483 δὲ
1038 4430 1132 4481 καὶ
1155 4430 1537 4493 ἐπίστευσαν,
1566 4428 1660 4481 διὰ
1692 4428 1967 4499 Ἰάκωϐον.
1998 4427 2109 4499 Vox

2230 1927 2321 1978 καὶ
2350 1928 2546 1991 πάντες
2572 1927 2867 1998 πειθόμεθά
2899 1946 2999 1981 σοι.
3043 1928 3203 1998 Στῆθι
3229 1924 3320 1980 οὖν
3350 1930 3440 1980 ἐπὶ
3484 1928 3543 1981 τὸ
3580 1931 3785 2001 πτερύ-

2229 2034 2342 2085 γιον
2373 2016 2464 2070 τοῦ
2494 2017 2659 2088 ίεροῦ,
2690 2019 2775 2071 ἴνα
2806 2018 3008 2072 ἄνωθεν
3037 2012 3103 2091 ᾗς
3134 2017 3424 2087 ἐπιφανὴς,
3456 2016 3547 2069 καὶ
3653 2016 3782 2070 εύάο

2230 2107 2434 2161 κουστὰ
2475 2125 2567 2161 σου
2616 2108 2684 2162 τὰ
2729 2109 2946 2179 ῥήματα
2986 2108 3147 2162 παντὶ
3187 2106 3262 2178 τῷ
3291 2107 3421 2177 λαῷ.
3456 2107 3551 2159 Διὰ.
3580 2108 3692 2178 γὰρ
3723 2108 3782 2161 τό

2231 2199 2422 2269 Πάσχα
2451 2199 2833 2269 συνεληλύθασι
2857 2200 3021 2251 πᾶσαι
3064 2200 3119 2251 αἱ
3152 2199 3312 2267 φυλαὶ
3365 2197 3499 2268 μετὰ
3533 2199 3627 2250 καί
3673 2198 3782 2252 τῶν

2224 2290 2390 2344 ἐθνῶν
2540 2292 2808 2362 Ἐστησαν
2834 2288 2925 2344 οὖν
2956 2292 3007 2343 οἱ
3034 2290 3410 2362 προειρημένοι
3437 2293 3781 2360 γραμματεῖς

2224 2382 2315 2435 καὶ
2341 2384 2612 2453 Φαρισαῖοι
2638 2382 2728 2435 τὸν
2756 2381 3004 2435 Ἰάκωϐον
3020 2384 3109 2435 ὲπὶ
3132 2382 3190 2433 τὸ
3213 2381 3495 2451 πτερύγιον
3513 2380 3605 2433 τοῦ
3626 2380 3779 2444 ναοῦ,

2223 2472 2315 2523 καὶ
2340 2470 2572 2539 ἔκραξαν
2592 2469 2738 2538 αὐτῷ
2764 2470 2854 2521 καὶ
2886 2464 3033 2521 εἷπον
3053 2486 3065 2497 ·
3084 2469 3281 2531 Δίκαιε,
3312 2464 3355 2534 ᾧ
3382 2469 3577 2529 πάντες
3596 2467 3782 2519 πείθε-

2224 2561 2345 2613 σθαι
2373 2561 2685 2631 ὀφείλομεν,
2718 2561 2836 2612 ἐπεὶ
2871 2563 2899 2614 6
2926 2561 3047 2622 λαὸς
3080 2561 3343 2614 πλανᾶται
3381 2561 3551 2613 ὀπίσω
3602 2557 3778 2629 Ἰησοῦ

2220 2648 2312 2700 τοῦ
2348 2650 2769 2720 σταυρωθέντος,
2805 2650 3127 2717 ἀπάγγειλον
3160 2652 3287 2720 ἡμῖν
3326 2649 3409 2713 τίς
3446 2652 3477 2720 ή
3507 2648 3646 2719 θύρα
3684 2646 3779 2700 τοῦ

2234 2739 2405 2808 Ἰησοῦ
2430 2740 2522 2792 τοῦ
2554 2740 2968 2812 σταυρωθέντος.
3000 2742 3107 2793 Καὶ
3146 2740 3471 2811 ἀπεκρίνατο
3497 2742 3645 2809 φωνῇ
3682 2755 3779 2808 με-

2218 2830 2359 2901 γάλῃ
2376 2847 2390 2860 σ
2426 2832 2489 2882 Τί
2512 2848 2577 2900 με
2599 2833 2903 2902 ὲπερωτᾶτε
2927 2832 3053 2903 περὶ
3087 2830 3257 2902 Ἰησοῦ
3283 2830 3374 2883 τοῦ
3402 2830 3529 2882 Υίοῦ
3556 2828 3649 2881 τοῦ
3681 2830 3778 2880 άν-

2221 2920 2470 2991 θρῶπου;
2504 2922 2597 2973 καὶ
2623 2912 2782 2984 αὐτὸς
2804 2921 3029 2991 κάθηται
3061 2923 3116 2973 ἐν
3142 2921 3216 2991 τῷ
3245 2920 3454 2991 οὐρανῷ
3497 2920 3561 2972 ὲκ
3585 2917 3778 2981 δεξιῶν

2217 3012 2314 3079 τῆς
2344 3011 2583 3081 μεγάλης
2607 3012 2900 3081 δυνάμεως,
2920 3013 3009 3063 καὶ
3038 3010 3213 3080 μέλλει
3240 3010 3489 3080 ἔρχεσθαι
3544 3002 3636 3071 ξπ),
3669 3007 3778 3060 τῶν

2218 3103 2451 3173 νεφελῶν
2477 3102 2569 3186 τῷ
2596 3102 2841 3174 οὐρανοῦ.
2865 3104 2971 3155 Καὶ
3000 3102 3205 3155 πολλῶν
3235 3099 3774 3172 πληροφορηθὲντων,

2218 3196 2307 3245 καὶ
2338 3193 2662 3259 δοξαζόντων
2694 3195 2784 3245 ἐπὶ
2809 3197 2874 3263 τῇ
2909 3192 3177 3262 μαρτυρίᾳ
3221 3191 3313 3243 τοῦ
3355 3189 3603 3267 Ἰακώϐου
3629 3228 3644 3248 ,
3681 3190 3777 3240 καὶ

2217 3282 2476 3349 λεγόντων
2501 3282 2574 3351 (4)
2619 3282 2840 3335 Ὡσαννὰ
2868 3282 2941 3350 (5)
2966 3281 3043 3350 τῷ
3074 3281 3171 3349 υἱῴ
3197 3278 3371 3341 Δαϐὶδ,
3404 3278 3519 3329 τότε
3542 3277 3704 3329 πάλιν
3726 3275 3777 3328 οἱ

2287 3396 2361 3465 (ὁ)
2401 3396 2511 3449 Καὶ
2538 3397 2832 3464 λεγόντων
2882 3398 3133 3449 Ὡσαννὰ
3160 3395 3237 3460 τῷ
3277 3394 3381 3460 υἱῷ
3409 3395 3601 3451 Δαόίὸ.
3638 3397 3775 3450 Sca-

2217 3466 2348 3532 liger
2381 3467 2431 3518 iu
2476 3466 3018 3518 Animadversiouibus
3061 3466 3365 3519 Eusebianis
3408 3466 3520 3519 ltrec
3568 3469 3635 3518 de
3682 3466 3776 3519 Ia-

2215 3536 2350 3587 cobo
2385 3535 2522 3586 dicta
2570 3548 2689 3586 esse
2732 3537 3092 3597 existimavit;
3129 3537 3211 3587 cui
3249 3536 3298 3588 in
3333 3550 3396 3587 eo
3431 3534 3645 3599 quidem
3694 3537 3776 3588 fa-

2216 3603 2315 3656 eile
2345 3603 2629 3673 assentior.
2659 3604 2762 3657 Sed
2791 3608 2928 3673 quod
2963 3615 3118 3673 negat
3165 3607 3299 3660 idem
3342 3604 3585 3673 Scaliger
3614 3603 3777 3658 Iaco-

2217 3674 2341 3724 bum
2392 3672 2556 3724 lilium
2605 3672 2768 3724 David
2812 3672 2920 3727 dici
2972 3672 3238 3741 potuisse,
3288 3678 3338 3727 in
3389 3676 3489 3727 hoc
3529 3677 3774 3741 graviter

2220 3740 2603 3794 hallucinatur.
2635 3742 2757 3795 Fuit
2800 3745 2939 3795 enim
2974 3740 3208 3797 Iacobus
3252 3745 3391 3797 lilius
3428 3740 3673 3809 Iosephi,
3706 3760 3772 3797 ac

2219 3812 2441 3875 proinde
2466 3813 2725 3866 oriundus
2751 3828 2814 3863 ex
2844 3813 3007 3879 stirpe
3036 3812 3214 3882 David.
3237 3812 3401 3865 Porro
3426 3813 3771 3882 verissimum

2217 3890 2297 3931 est
2324 3882 2465 3948 quod
2496 3883 2567 3934 ait
2604 3882 2861 3945 Scaliger,
2889 3898 2980 3935 eos
3013 3884 3097 3948 qui
3126 3879 3339 3934 Osanna
3368 3881 3767 3943 acclamabant,

2218 3948 2421 4015 palmas
2468 3952 2711 4004 manibus
2740 3961 2947 4018 gestare
2990 3952 3249 4018 debuisse.
3300 3951 3394 4000 Cui
3432 3950 3505 3999 rei
3557 3948 3770 4018 illustre

2215 4020 2514 4087 exetnplum
2557 4030 2637 4073 est
2678 4017 3039 4087 in’ltinerario
3074 4017 3547 4087 Hierosolymitano
3590 4017 3766 4069 Anto-

2217 4088 2323 4139 nini
2374 4085 2651 4149 inonaebi,
2705 4102 2826 4153 pag.
2857 4086 2943 4137 50.
2984 4085 3057 4137 Ex
3101 4100 3205 4149 quo
3242 4086 3511 4153 discimus,
3554 4098 3766 4138 rnorem

2214 4156 2337 4207 olim
2368 4155 2532 4208 fuisse
2576 4151 3023 4215 Christianorum,
3065 4163 3122 4204 ut
3150 4151 3501 4219 episcopis'ac
3533 4155 3769 4273 Ereshy-

2216 4226 2345 4273 teris
2400 4222 2801 4273 advenientibus
2864 4222 3074 4273 obviam
3141 4224 3485 4273 procedentes
3578 4224 3767 4273 oneris

2216 4226 2345 4277 teris
2400 4222 2801 4277 advenientibus
2864 4222 3074 4274 obviam
3141 4224 3485 4288 procedentes
3536 4222 3767 4278 honeris

2215 4306 2409 4351 eausa.
2446 4292 2806 4343 acclautarent
2838 4291 3065 4342 Osanna.
3110 4289 3193 4342 Ibi
3238 4299 3475 4343 venerunt
3513 4289 3765 4345 mulieres

2215 4361 2268 4410 in
2296 4375 2563 4410 occursum
2590 4358 2731 4410 nobis
2754 4375 2865 4409 eum
2889 4360 3192 4423 infantibus,
3221 4359 3419 4426 palmas
3442 4360 3493 4408 in
3518 4358 3765 4411 manibus

2218 4438 2465 4487 tenentes,
2490 4438 2533 4479 et
2561 4428 2817 4490 ampullas
2839 4445 2954 4480 cum
2980 4445 3186 4481 rosaceo
3220 4430 3362 4489 oleo;
3403 4438 3448 4478 et
3478 4436 3765 4491 prostrata

568 4490 889 4553 ἐπίστευσαν
918 4503 1104 4552 iterum
1139 4505 1424 4566 repetenda
1460 4490 1577 4551 est:
1613 4500 1749 4563 quod
1789 4498 1993 4566 virgula
2026 4497 2109 4547 illa
2143 4490 2186 4544 D
2212 4495 2422 4566 pedibus
2474 4497 2691 4566 nostris,
2736 4498 2940 4566 plantas
2991 4509 3195 4551 nostras
3240 4490 3538 4566 augebant,
3568 4506 3763 4549 canta-

566 4586 688 4639 quze
729 4572 777 4621 in
818 4564 1381 4639 manuscriptis'etiam
1428 4564 1948 4639 codicibus__appicta
1992 4574 2110 4624 est,

568 4632 701 4692 s'atis
727 4638 985 4690 declarat.
1028 4632 1447 4689 lu‘vetustisimo
1476 4636 1659 4687 codice
1698 4632 1963 4685 Mazarino
1996 4644 2115 4699 post

566 4708 887 4762 ἐπίστευσαν
913 4716 1164 4774 punctum
1196 4710 1486 4773 ascriptum
1508 4714 1589 4757 est
1616 4703 1872 4774 ad_pcdes
1900 4700 2109 4774 litterae,

567 4778 707 4847 quod
744 4771 956 4847 virgula:
998 4785 1191 4847 nostra:
1231 4771 1545 4847 respondet,
1586 4783 1639 4826 et
1676 4771 1857 4826 Graece
1889 4771 2110 4847 quidem

566 4840 786 4900 vocatur
831 4840 1181 4914 ύποστιγμή,
1231 4862 1258 4897 a
1305 4840 1511 4897 Latinis
1576 4852 1753 4897 autem
1817 4840 2110 4891 subdistin-

567 4928 686 4969 CHO.
2080 4966 2091 4972 -

636 4984 711 5056 (5)
748 4982 906 5036 Μετὰ
937 4982 1031 5056 ita!
1062 4980 1175 5056 τῶν
1204 4982 1429 5056 ἑθεν-ῶνα
1449 4980 1636 5035 Merito
1664 4977 1990 5056 Scaligerum
2024 4976 2109 5056 hic

567 5048 909 5121 reprehendit
940 5051 1223 5121 Dionysius
1258 5052 1523 5112 Petavius,
1564 5052 1705 5119 quod
1753 5054 1999 5121 negariset
2047 5048 2109 5098 li-

568 5116 743 5177 cuisse
768 5123 860 5176 ulli
891 5116 1360 5191 gentili‘interesse
1394 5121 1540 5172 festis
1571 5116 2104 5191 diebusiIudreorum.

568 5193 696 5245 Nam
738 5188 929 5259 printer
974 5192 1143 5242 locum
1186 5188 1331 5240 illum
1379 5204 1549 5259 quem
1575 5189 1706 5241 citat
1744 5188 1995 5240 Petavius
2019 5200 2103 5259 _ex

566 5252 849 5329 Evang'elio
876 5260 1095 5316 Ioannis
1126 5271 1339 5329 ωιλαμ
1358 5294 1372 5317 ,
1396 5252 1644 5329 ”μ1ιιιξίιιιιι
1686 5265 1990 5329 suppetunt
2011 5252 2104 5306 Io-

566 5326 738 5396 sepbf
755 5330 1076 5391 testimonia,
1111 5342 1140 5379 e
1182 5327 1373 5392 quibus
1407 5326 1680 5389 discimus,
1718 5326 2105 5396 gentiles__Azy-

568 5392 768 5451 morum
799 5397 1118 5454 solemnitati
1165 5398 1359 5462 saepius
1393 5392 1905 5449 interfuisse—Certe
1943 5392 2105 5446 Vitel-

568 5464 700 5539 lius,
751 5470 951 5535 legatus
1000 5466 1194 5539 Syriae,
1241 5463 1645 5539 testo‘Paschae
1700 5467 1971 5530 ingressus
2019 5470 2100 5515 est

567 5532 948 5604 Hierosolyma,
998 5532 1055 5591 ei
1092 5554 1120 5588 a
1153 5535 1349 5604 Iudaeis
1394 5532 1684 5604 honoritice
1715 5542 1995 5601 exceptus,
2046 5540 2104 5604 ut

568 5600 755 5668 legitur
800 5600 850 5657 i'n
904 5609 996 5660 lib.
1028 5622 1153 5659 mu
1190 5603 1465 5670 Originum
1498 5600 1865 5670 Iudaicarum,
1895 5616 2013 5670 cap.
2046 5600 2101 5655 6.

569 5665 705 5747 Idam
732 5673 794 5727 de
838 5673 1127 5740 Quadrato,
1175 5665 1346 5743 legato
1388 5668 1590 5739 Syrian,
1632 5671 1683 5724 in
1730 5665 1821 5724 lib.
1848 5685 1919 5724 xx
1964 5665 2105 5725 scri-

567 5747 658 5791 Dil.

2216 4565 2436 4635 ba_ntque
2479 4565 2655 4635 lingua
2693 4565 3007 4635 Egyptiaca
3060 4563 3330 4632 psallentes
3375 4563 3762 4635 antiphonam:

2213 4650 2231 4680 ι
2262 4631 2529 4686 Benedicti
2559 4631 2653 4685 'vos
2696 4652 2727 4687 a
2774 4631 3021 4699 Domino,
3061 4631 3463 4700 'benedictusque
3501 4633 3762 4688 adventus

2208 4710 2387 4757 vester.
2414 4701 2621 4755 Osanna
2668 4706 2720 4755 in
2784 4706 3018 4757 excelsis.
3054 4724 3072 4756 ν
3127 4706 3266 4755 Idem
3311 4712 3541 4754 testatur
3589 4700 3757 4755 etiam

2208 4767 2560 4838 Hieronymus
2619 4772 2671 4824 in
2718 4789 2832 4836 cap.
2878 4789 2965 4825 ut
3019 4772 3251 4825 Matt/uri
3289 4787 3307 4823 :
3360 4769 3574 4821 Videant
3633 4786 3760 4839 ergo

2207 4839 2429 4909 episcopi
2460 4852 2507 4891 et
2533 4842 2904 4907 quantumlibet
2934 4844 3097 4893 sancti
3126 4840 3374 4909 homines.
3402 4854 3515 4890 cum
3554 4856 3760 4909 quanto

2206 4908 2435 4972 periculo
2463 4910 2564 4959 dici
2592 4910 2689 4961 ista
2712 4911 2809 4961 sibi
2836 4912 3139 4976 patiantur:
3176 4910 3219 4959 si
3249 4908 3492 4970 Domino,
3526 4910 3760 4963 eui‘vere

2206 4975 2300 5047 liae
2330 4978 2595 5029 dicebatur
2619 4980 2764 5047 (quia
2805 4975 3021 5047 necdum
3077 4987 3184 5047 erat
3225 4977 3393 5028 solida
3431 4979 3758 5032 credentium

2204 5044 2354 5111 ﬁdes)
2401 5062 2493 5111 pro
2536 5044 2745 5097 crimine
2782 5046 3094 5110 impingitur.
3136 5045 3391 5099 Caeterum
3427 5061 3584 5102 voces
3634 5050 3759 5102 illas

2207 5112 2417 5166 Osanna
2448 5116 2557 5181 filio
2588 5114 2773 5175 David,
2815 5127 2949 5181 quas
2994 5126 3022 5165 a
3058 5114 3391 5181 quibusdam
3416 5114 3615 5172 Iudais
3666 5133 3760 5171 ac-

2205 5182 2459 5236 clamatas
2484 5195 2608 5236 tunc
2632 5181 2795 5234 fuisse
2818 5181 2945 5233 dicit
2971 5181 3313 5250 Hegesippus,
3340 5199 3441 5238 non
3479 5186 3757 5239 immerito

2204 5254 2324 5318 quis
2343 5254 2684 5319 existimetde
2702 5250 2909 5304 Christo
2926 5253 3097 5319 potius
3114 5266 3268 5319 quam
3292 5254 3355 5309 de
3374 5254 3567 5307 Iacobo
3591 5256 3645 5306 in
3656 5258 3756 5307 tel-

2203 5314 2290 5389 ligi
2332 5334 2603 5391 oportere.
2629 5314 2758 5372 Nam
2802 5314 3182 5391 cunfrdacobus
3214 5323 3265 5374 in
3315 5323 3531 5391 fastigio
3556 5324 3755 5389 templi

2203 5338 2290 5389 tlgt
2332 5338 2603 5391 oportere.
2629 5338 2758 5372 nam
2802 5338 2922 5371 cum
2957 5338 3182 5373 ,ιιιοουυε
3214 5338 3265 5374 ιη
3315 5338 3436 5376 lasu
3477 5338 3529 5379 to
3556 5338 3755 5389 templi

2202 5390 2423 5457 positus,
2453 5392 2636 5459 Iesum
2673 5402 2856 5459 revera
2891 5388 3156 5459 Christum
3192 5406 3309 5446 esse
3340 5407 3401 5445 ac
3433 5338 3756 5459 Redempto-

2204 5456 2314 5513 rem
2362 5462 2578 5530 generis
2623 5456 2841 5530 humani
2888 5458 3257 5525 praedicasset,
3304 5460 3474 5530 Iudgei
3524 5456 3751 5525 quidam

2200 5524 2399 5583 Chrisii
2455 5530 2610 5583 fidem
2658 5524 3062 5592 amplectentes,
3114 5524 3756 5594 acclainare‘cm'perunt

2201 5598 2414 5653 Osanna
2448 5600 2560 5650 tilio
2607 5596 2805 5659 David,
2856 5595 2907 5649 id
2934 5603 3036 5659 est,
3070 5598 3197 5654 Iesu
3226 5599 3440 5653 Christo
3472 5597 3655 5665 palma
3698 5606 3756 5651 et

2201 5679 2446 5721 VlClOI‘la.

2276 5737 2350 5807 (5)
2399 5732 2672 5791 Ὡσαννά.
2715 5731 2770 5787 In
2827 5738 3073 5794 omnibus
3110 5739 3308 5793 nostris
3350 5732 3754 5791 exemnllribtn
