3970 6340
184 358 272 412 9.25

1124 360 1468 416 HISTORIA}
1506 361 2054 416 ECCLESIASTICE
2093 360 2218 415 LIB.
2260 361 2350 416 111.

3237 368 3343 423 926

184 472 392 546 ήκμαξε,
414 476 507 529 καὶ
544 478 665 529 καθ’
687 478 889 547 ήμέραν
924 479 1199 550 ἀμφότερα
1227 478 1611 551 προσεξεκάετο
1640 481 1702 535 τά

1808 494 1947 545 rum,
1977 490 2031 535 et
2060 490 2347 550 utrumque
2374 479 2570 535 malum
2606 484 2775 551 magis
2806 497 2868 538 ac
2908 485 3077 553 magis
3109 486 3343 555 quotidie

182 564 327 618 δεινά.
350 565 585 637 Φανερὸς
623 568 721 636 μέν
754 583 815 635 γε
852 568 1082 639 οὐδαμοῦ
1126 573 1268 633 σῖτος
1318 565 1406 640 ἦν,
1445 571 1705 640 ἐπεισπη-

183 654 353 720 δῶντες
396 655 453 716 δὲ
497 656 787 728 διηρεύνων
840 658 937 721 τάς
979 659 1169 722 οἰκίας.
1218 659 1424 712 Ἔπειθ’
1458 660 1703 730 εὑρόντες

188 744 291 816 μὲν,
312 744 384 809 ὡς
411 746 810 817 ἀρνησαμένους
835 746 1097 817 ᾐκίζοντο-
1131 749 1204 819 μὴ
1244 749 1491 820 εὑρόντες
1518 749 1596 811 δὲ,
1629 749 1703 811 ὼς

188 834 574 905 ἐπιμελέστερον
644 837 945 907 κρύψαντας
1010 838 1338 903 ἐϐασάνιζον.
1402 841 1701 911 Τεκμήριον

189 924 235 976 δὲ
264 923 349 977 τοῦ
386 928 434 978 τ’
464 924 602 995 ἔχειν
641 927 733 978 καὶ
765 927 859 998 μὴ,
902 929 969 981 τὰ
998 929 1221 999 σώματα
1253 929 1359 981 τῶν
1387 929 1582 981 ἀθλίων
1610 926 1696 999 ἦν.

190 1008 273 1067 Ὧν
305 1016 352 1067 οι
391 1016 484 1085 μὲν
528 1015 607 1068 ἔτι
655 1018 1004 1082 συνεστῶτες,
1052 1020 1295 1090 εὐπορεῖν
1339 1020 1539 1090 τροφῆς
1591 1020 1702 1071 ἐδό-

190 1104 315 1167 κουν,
348 1108 395 1157 οἰ
436 1106 717 1177 τηκόμενοι
753 1108 809 1160 δὲ
846 1109 975 1179 ἤδη,
1023 1108 1393 1179 παρωδεύοντο
1424 1109 1564 1180 (49),
1608 1108 1700 1162 καὶ

191 1197 387 1251 κτείνειν
439 1196 626 1264 ἀλογον
689 1198 857 1251 ἐδόκει
917 1200 1043 1262 τοὺς
1104 1201 1193 1252 ὑπ’
1249 1199 1449 1262 ἐνδείας
1511 1198 1698 1271 τεθνη-

194 1287 413 1355 ξομένους
482 1288 693 1342 αὐτίκα.
762 1289 945 1341 Πολλοὶ
976 1289 1031 1342 δὲ
1085 1290 1257 1360 λάθρα
1324 1289 1421 1353 τὰς
1484 1291 1702 1360 κτήσεις

192 1377 287 1437 ἑνὸς
316 1375 819 1447 ἀντικατηλλάξαντο
857 1379 1074 1450 μέτρου,
1107 1380 1292 1451 πυρῶν
1326 1361 1441 1449 μέν,
1470 1381 1518 1431 εἰ
1545 1378 1703 1431 πλου-

193 1463 403 1534 σιώτεροι
438 1467 746 1535 τυγχάνοιεν
772 1468 937 1532 ὅντες,
963 1470 1011 1521 οἱ
1038 1469 1093 1520 δὲ
1130 1470 1457 1540 πενέστεροι,
1491 1468 1697 1539 κριθῆς.

194 1561 391 1616 Ἔπειτα
442 1560 846 1623 κατακλείοντες
891 1561 1110 1625 ἑαυτοὺς
1157 1564 1235 1625 εἰς
1284 1554 1701 1635 τά’μυχαίτατα

190 1652 279 1705 τῶν
306 1654 499 1717 οἰκιῶν,
526 1654 665 1717 τινὲς
700 1653 795 1723 μὲν
820 1654 909 1705 ὑπ’
929 1654 1100 1723 ἄκρας
1128 1654 1346 1720 ἐνδείας,
1378 1658 1701 1728 ἀνέργαστον

187 1742 263 1795 τὸν
291 1746 423 1796 σῖτον
448 1740 650 1814 ῆσθιον,
681 1744 730 1794 oi
760 1743 815 1795 δὲ
847 1742 1091 1806 ἔπεσσον,
1115 1744 1188 1807 ὡς
1218 1745 1252 1815 ἥ
1280 1763 1337 1797 τε
1369 1748 1577 1818 ἀνάγκη
1609 1749 1701 1800 καὶ

1802 568 2231 636 ingravescebat.
2276 567 2345 622 Et
2381 569 2555 637 palam
2598 570 2813 638 quidem
2866 572 3068 625 nullum
3116 573 3167 625 in
3213 574 3342 627 urbe

1801 656 2120 712 frumentum
2147 671 2281 712 erat.
2310 658 2417 713 Sed
2447 660 2683 714 seditiosi
2720 663 2987 716 irruentes
3028 663 3082 716 in
3127 665 3339 725 domos,

1798 749 1977 801 omnia
2007 750 2426 804 scrutabantur:
2454 750 2578 804 etsi
2608 751 2732 819 quid
2772 754 3118 821 reperissent,
3146 754 3339 806 a-dium

1799 838 2067 900 dominos,
2101 847 2285 907 utpote
2312 840 2406 907 qui
2436 839 2762 893 frumentum
2811 856 2868 893 se
2902 841 3103 894 habere
3150 852 3340 909 negas-

1802 934 1942 990 sent,
1988 929 2279 981 crudeliter
2312 929 2691 983 verberabant.
2729 930 2882 994 Quod
2932 930 2976 982 si
3009 928 3148 981 forte
3207 927 3340 981 nihil

1800 1017 2133 1088 invenerant,
2152 1018 2304 1085 quasi
2323 1018 2633 1087 diligentius
2660 1020 3037 1084 occultassent,
3065 1021 3339 1073 tormentis

1797 1107 2195 1160 excruciabant.
2230 1106 2395 1162 Porro
2427 1124 2492 1161 an
2526 1110 2673 1162 cibos
2721 1110 3002 1173 haberent,
3031 1123 3213 1171 necne,
3255 1110 3339 1160 in-

1798 1197 1939 1249 dicio
1985 1206 2141 1249 erant
2174 1211 2400 1265 corpora
2432 1200 2775 1250 miserorum.
2833 1197 2966 1251 Nam
3023 1201 3111 1267 qui
3169 1199 3340 1251 adhuc
3369 1250 3381 1257 ,

1801 1287 1951 1337 firma
2007 1295 2162 1338 erant
2210 1287 2545 1351 valetudine,
2598 1302 2690 1339 eos
2749 1289 3125 1343 alimentorum
3187 1290 3337 1356 copia

1799 1373 2068 1427 abundare
2096 1374 2405 1427 censebant.
2436 1362 2533 1439 Qui
2577 1389 2701 1427 vero
2727 1375 2837 1443 jam
2872 1377 3342 1441 contabescerent,

1798 1478 1891 1517 eos
1934 1464 2123 1517 missos
2166 1456 2451 1517 faciebant.
2514 1462 2721 1531 Quippe
2768 1480 2796 1516 a
2860 1467 3066 1518 ratione
3110 1466 3341 1519 alienum

1800 1554 2106 1615 videbatur,
2143 1555 2388 1608 homines
2428 1554 2760 1624 jaiujamque
2810 1570 2919 1623 pra:
2970 1556 3147 1623 inedia
3189 1557 3347 1611 mori-

1803 1656 1970 1709 turos,
2006 1643 2148 1697 ferro
2180 1644 2503 1698 interﬁcere.
2526 1646 2686 1714 :Multi
2719 1662 2847 1701 vero
2886 1649 3022 1701 clam
3057 1648 3342 1701 facultates

1800 1752 1927 1790 suas
1975 1752 2080 1789 uno
2119 1735 2367 1789 frumenti
2418 1738 2659 1805 quidem,
2695 1740 2738 1791 si
2762 1735 2965 1793 'divilcs
3023 1749 3225 1802 essent,
3257 1740 3341 1793 sin

188 1835 238 1886 τὸ
260 1835 365 1897 δέος
392 1811 634 1905 παρῄνει.
676 1833 783 1886 Καὶ
827 1833 1068 1904 τράπεζα
1103 1834 1200 1904 μὲν
1242 1811 1493 1906 οὐδαμοῦ-
1530 1811 1699 1909 παρε-

1801 1841 2079 1892 pauperes,
2133 1825 2319 1878 hordei
2377 1827 2552 1878 modio
2593 1827 2985 1894 permutabant.
3043 1829 3243 1882 Deinde
3288 1831 3342 1881 in

187 1924 355 1991 τίθετο,
390 1924 482 1977 τοῦ
528 1924 587 1976 δὲ
621 1923 789 1994 πυρὸς
837 1923 1147 1991 ἐφέλκοντες
1189 1924 1318 1995 (50),
1355 1926 1427 1978 ἔτ’
1465 1926 1591 1997 ὠμὰ
1634 1927 1700 1981 τὰ

1800 1917 2013 1969 intimos
2040 1915 2231 1968 mdium
2277 1931 2525 1971 recessus
2583 1932 2703 1970 sese
2751 1917 3046 1983 abdentes,
3106 1918 3339 1973 nonnulli

188 2017 310 2066 σιτία
339 2013 645 2085 διήρπαζον.
678 2014 905 2083 Ἐλεεινὴ
929 2014 971 2064 δ’
991 2010 1058 2083 ἦν
1087 2015 1119 2083 ἡ
1145 2016 1314 2084 τροφὴ
1341 2018 1432 2069 καὶ
1456 2018 1700 2087 δακρύων

1799 2008 2010 2074 quidem
2038 2004 2200 2060 famis
2233 2007 2417 2059 ultirua
2449 2010 2771 2061 necessitate
2801 2008 2974 2063 adacti
3000 2009 3179 2079 fruges
3205 2025 3340 2063 non-

176 2102 308 2169 άξιος
336 2107 367 2173 ἡ
410 2104 521 2166 θέα,
550 2104 659 2157 τῶν
688 2102 783 2172 μὲν
820 2103 1194 2172 δυνατωτέρων
1225 2105 1695 2169 πλεονεκτούντων,

186 2196 275 2250 τῶν
299 2196 351 2249 δὲ
377 2195 612 2247 ἀσθενῶν
641 2194 986 2266 ὀδυρομένων.
1027 2194 1245 2246 Πάντων
1289 2198 1382 2262 μὲν
1411 2196 1474 2266 δὴ
1516 2197 1698 2249 παθῶν

186 2288 507 2357 ὑπερίσταται
556 2284 737 2353 λιμόςο
788 2284 937 2336 οὐδὲν
980 2283 1026 2335 δ’
1073 2283 1241 2346 οὕτως
1288 2285 1573 2338 ἀπόλλυσιν
1625 2288 1698 2349 ὡς

185 2380 310 2431 αἰδῶ.
333 2379 403 2431 Τὸ
425 2378 534 2448 γὰρ
561 2375 730 2441 ἄλλως
760 2377 1017 2447 ἐντροπῆς
1048 2376 1212 2441 ἀξιον,
1251 2376 1306 2428 ὲν
1330 2376 1506 2446 τούτῳ
1537 2395 1700 2429 κατα-

187 2470 448 2537 φρονεῖται.
489 2466 742 2528 Γυναῖκες
778 2466 904 2533 γοῦν
929 2464 1151 2536 ἀνδρῶν,
1187 2466 1278 2517 καὶ
1314 2464 1496 2527 παῖδες
1540 2465 1698 2518 πατέ-

188 2575 294 2629 ρων,
318 2558 407 2610 mi.
434 2557 495 2609 τὸ
524 2556 882 2626 οἰκτρότατον,
918 2556 1145 2627 μητέρες
1173 2556 1377 2627 νηπίων
1401 2556 1699 2626 ἐξήρπαζον

185 2650 235 2713 ἐξ
269 2649 432 2703 αὐτῶν
463 2648 569 2701 τῶν
601 2648 875 2718 στομάτων
918 2646 1015 2710 τὰς
1044 2648 1260 2719 τροφάς.
1293 2648 1397 2700 Καὶ
1434 2648 1540 2699 τῶν
1583 2647 1700 2717 φιλ-

184 2740 332 2793 τάτων
352 2740 409 2790 ἐν
436 2738 588 2808 χερσὶ
618 2736 1039 2807 μαραινομένων,
1060 2737 1157 2789 οὐκ
1184 2732 1251 2807 ἦν
1273 2738 1434 2806 φειδὼ
1456 2737 1579 2800 τοὺς
1606 2736 1697 2789 τοῦ

185 2823 269 2897 ζῇν
315 2826 601 2895 ἀφελέσθαι
645 2826 997 2895 σταλαγμούς.
1044 2827 1275 2879 Τοιαῦτα
1318 2827 1373 2879 δὲ
1413 2826 1715 2891 ἐσθίοντες,-

185 2917 310 2985 ὅμως
339 2918 397 2969 ού
428 2917 778 2972 διελάνθανον.
823 2916 1099 2987 Πανταχοῦ
1136 2919 1178 2970 δ’
1202 2915 1293 2971 οὖν
1333 2919 1610 2986 ἐφίσταντο
1650 2920 1699 2970 οἱ

187 3007 604 3069 numerabant
643 3007 840 3061 τούτων
884 3011 1014 3071 ταῖς,
1032 3009 1324 3077 ἁρπαγαῖς.
1374 3009 1560 3061 Ὁπότε
1594 3009 1698 3079 γὰρ

1798 2097 1922 2148 dum
1949 2096 2157 2149 molitas
2178 2095 2556 2159 comedebaut;
2594 2097 2681 2149 alii
2716 2113 2844 2150 vero
2872 2114 3062 2165 panem
3093 2101 3343 2154 conﬁcie-

1797 2186 1942 2248 bant,
1975 2194 2230 2251 quantum
2273 2188 2565 2237 necessitas
2613 2195 2892 2253 metusque
2944 2190 3222 2241 suadebat.
3272 2190 3338 2241 Et

1796 2290 1976 2326 mensa
2032 2276 2243 2341 quidem
2306 2274 2489 2327 nullibi
2533 2277 2942 2355 apponebatur:
2982 2277 3073 2328 sed
3136 2262 3341 2332 crudos

1796 2366 1965 2423 adhuc
1992 2368 2139 2420 cibos
2179 2382 2244 2419 ex
2296 2366 2417 2433 igne
2447 2367 2822 2421 abstrahentes
2867 2369 3062 2438 singuli
3113 2370 3340 2438 diripie-

1799 2457 1943 2510 bant.
1978 2456 2299 2511 Miserabilis
2329 2472 2490 2525 porro
2516 2468 2635 2509 erat
2678 2458 2931 2513 alimonia
2962 2498 2975 2523 ,
3010 2460 3339 2529 dignumque

1798 2550 2047 2620 lacrymis
2098 2549 2459 2618 spectaculum
2493 2566 2509 2604 :
2543 2565 2661 2603 cum
2722 2551 3051 2605 valentiores
3123 2553 3334 2619 quidem

1798 2649 1987 2694 cuncta
2015 2641 2384 2708 prmripercnt,
2423 2640 2750 2695 infirmiores
2793 2654 2921 2693 vero
2974 2640 3141 2693 vicem
3187 2654 3336 2692 suam

1799 2732 2060 2784 dolerent.
2093 2730 2294 2785 Omnes
2322 2730 2534 2798 quidem
2563 2732 2725 2784 animi
2762 2730 2981 2785 affectus
3010 2730 3161 2799 longe
3186 2742 3341 2798 supe-

1799 2834 1881 2877 rat
1914 2824 2126 2877 fames:
2153 2824 2352 2877 nullout
2385 2833 2560 2877 tamen
2586 2838 2735 2892 atque
2758 2826 2953 2878 evertit
2986 2839 3047 2877 ac
3072 2838 3333 2877 verecun-

1798 2917 1983 2967 diam.
2030 2915 2160 2966 Nam
2192 2914 2445 2983 quidquid
2493 2915 2624 2969 alias
2668 2920 2869 2968 honore
2913 2914 3128 2984 dignum
3162 2925 3244 2968 est
3279 2928 3342 2968 ac

1797 3007 2122 3069 reverentia,
2148 3006 2200 3058 in
2228 3006 2383 3059 famis
2410 3002 2733 3060 necessitate
2755 3008 3138 3060 contemnitur.
3172 3007 3336 3059 Deni-

185 3097 420 3150 κατίδοιεν
450 3099 934 3170 ἀποκεκλεισμένην
958 3099 1152 3162 οἰκίαν,
1182 3102 1400 3169 σημεῖον
1428 3096 1494 3170 ἦν
1521 3101 1693 3162 τοῦτο,

1799 3113 1899 3165 que
1923 3111 2114 3151 uxores
2138 3096 2287 3159 viris,
2319 3096 2412 3149 lilii
2439 3097 2784 3165 parentibus,
2839 3105 2893 3149 et
2934 3097 3074 3165 quod
3102 3088 3338 3151 omnium

183 3187 291 3249 τοὺς
326 3188 463 3242 ἔνδον
510 3188 901 3260 προσφέρεσθαι
941 3192 1162 3260 τροφήν.
1207 3190 1419 3254 Εὐθέως
1454 3191 1511 3243 δὲ
1554 3192 1697 3243 εἰσα-

1800 3190 2030 3239 maxime
2057 3187 2359 3241 miserabile
2388 3196 2522 3251 erat,
2570 3197 2770 3241 matres
2819 3186 3113 3240 infantibus
3157 3189 3336 3240 cibqu

187 3278 417 3348 μάξαντες
445 3281 541 3344 τάς
580 3282 746 3353 θύρας
788 3280 918 3352 (51),
948 3282 1242 3352 εἰσεπήδων
1271 3282 1361 3335 καὶ
1411 3281 1567 3350 μόνον
1600 3284 1697 3334 οὐκ

1799 3294 1859 3331 ex
1893 3279 1996 3347 77
2020 3278 2133 3345 ipso
2162 3292 2255 3330 ore
2286 3276 2589 3345 rapiebant.
2622 3278 2686 3331 Et
2710 3277 3168 3330 ruarcesccntibus
3199 3278 3343 3331 inter

185 3367 239 3419 ἐκ
278 3369 374 3421 τῶν
417 3372 702 3439 φαρύγγων
749 3372 1114 3435 ἀναθλίϐοντες
1164 3374 1287 3435 τοὺς
1326 3373 1546 3434 ἀκόλους
1575 3371 1696 3424 ἀνέ-

188 3471 345 3524 φερον.
381 3443 689 3511 Ἒτύπτοντο
725 3459 781 3510 δὲ
808 3460 1054 3527 γέροντες
1093 3462 1434 3529 ἀντεχόμενοι
1476 3462 1580 3512 τῶν
1622 3477 1698 3523 σι-

186 3544 314 3606 τίων,
353 3545 441 3595 κα¹ι
478 3545 650 3613 κόμης
708 3547 1106 3614 ὲσπαράσσοντο
1166 3550 1446 3613 γυναῖκες,
1495 3565 1727 3614 συγκα-ι

187 3630 449 3684 λύπτουσαι
479 3633 548 3684 τά
587 3635 641 3685 ὲν
670 3633 849 3703 χερσίν
870 3648 884 3661 ·
915 3634 1032 3685 οὐδέ
1058 3651 1140 3696 τις
1174 3631 1242 3703 ἦν
1276 3633 1452 3698 οἶκτος
1491 3638 1695 3699 πολιᾶς,

188 3721 457 3792 ῆνηπίων,
496 3723 625 3776 ἀλλὰ
671 3724 1071 3793 συνεπαίροντες
1114 3725 1181 3776 τὰ
1226 3725 1391 3795 νήπια
1439 3727 1548 3796 (52)
1593 3728 1699 3779 τῶν

186 3812 370 3881 ψωμῶν
411 3813 815 3885 ἐκκρεμάμενα,
868 3812 1135 3865 κατέσειον
1193 3814 1273 3875 εἰς
1333 3814 1547 3881 ἔδαφος,
1589 3817 1699 3878 τοῖς

189 3902 235 3955 δὲ
257 3903 474 3971 φθάσασι
514 3904 607 3975 τὴν
639 3904 918 3973 εἰσδρομὴν
944 3902 1117 3955 αὐτῶν
1148 3903 1237 3955 καὶ
1277 3903 1700 3985 προκαταπιοῦσι

180 3994 240 4044 τὸ
264 3995 715 4066 ἁρπαγησόμενον,
756 3992 829 4055 ὡς
871 3992 1208 4062 ἀδικηθέντες
1247 3988 1383 4062 ἦσαν
1418 3992 1698 4061 ὠμότεροι.

188 4084 352 4146 Δεινάς
377 4085 431 4136 δὲ
455 4084 695 4154 βασάνων
728 4083 873 4147 ὁδοὺς
898 4084 1147 4136 ἐπενόουν
1176 4084 1307 4153 πρὸς
1344 4082 1562 4152 ἔρευναν
1588 4098 1702 4150 τροο

191 4173 297 4241 φῆς,
332 4175 537 4244 ὀρόϐοις
564 4176 661 4245 μὲν
688 4174 1082 4247 ἐμφράττοντες
1108 4176 1220 4235 τοῖς»
1252 4172 1449 4233 ἀθλίοις
1476 4171 1582 4241 τῶν
1621 4174 1702 4223 αἰ-

185 4263 325 4317 δοίων
346 4266 470 4329 τοὺς
502 4266 715 4337 πόρους,
760 4265 968 4336 ῥάϐδοις
1012 4266 1068 4318 δὲ
1093 4265 1289 4330 ὀξείαις
1329 4265 1702 4336 ἀναπείροντες

185 4352 271 4416 τὰς
290 4355 459 4426 ἕδρας.
501 4356 581 4409 Τά
622 4358 819 4427 φρικτά
847 4357 903 4409 δὲ
934 4357 1025 4409 καὶ
1054 4358 1240 4419 ἀκοαῖς
1280 4355 1477 4424 ἔπασχέ
1508 4373 1588 4418 τις
1625 4356 1703 4416 εἰς

1795 3371 2014 3425 brachia
2044 3371 2249 3431 liberis,
2294 3370 2490 3423 vitales
2524 3370 2678 3424 lactis
2721 3378 2901 3440 guttas
2954 3370 3189 3423 adimere
3223 3375 3337 3422 'nou

1796 3460 2031 3529 pigebat.
2098 3460 2408 3529 llujusmodi
2464 3460 2616 3514 cibos
2657 3461 2780 3514 dum
2834 3469 3087 3527 caperent
3117 3498 3133 3523 ,
3166 3458 3341 3512 latere

1799 3561 1974 3603 tamen
2000 3564 2101 3603 non
2134 3559 2399 3617 poterant.
2429 3549 2558 3601 Nam
2590 3551 2789 3618 ubique
2812 3551 3191 3603 seditiosorum
3229 3564 3341 3601 ma—

1799 3657 1919 3702 nus,
1950 3642 2138 3709 praedm
2170 3642 2391 3695 istorum
2441 3655 2501 3694 ac
2548 3642 2746 3709 rapinis
2780 3638 3339 3706 imminebatzqnippe

1800 3732 1851 3782 hi
1881 3730 2049 3783 sicubi
2084 3730 2317 3783 clausam
2362 3730 2582 3783 domum
2629 3738 3045 3796 conspexerant,
3102 3743 3194 3782 eos
3246 3727 3338 3795 qui

1800 3821 1943 3872 intus
1975 3828 2191 3884 essent,
2224 3821 2401 3872 cibum
2442 3834 2655 3871 sumere
2699 3819 2802 3871 hoc
2856 3819 3053 3871 indicio
3099 3818 3340 3886 suspica-

1798 3909 2025 3967 bantur,
2076 3898 2364 3976 Statimque
2408 3907 2642 3960 eﬂractis
2672 3907 2877 3960 foribus
2922 3908 3235 3971 irruebant,
3284 3914 3340 3959 et

1798 4013 1959 4065 prope
2014 4014 2077 4050 ex
2134 4000 2260 4065 ipsis
2304 3992 2545 4051 faucibus
2595 4012 2851 4062 expressa
2889 3998 3128 4049 ciborum
3167 3996 3337 4049 frusta

1802 4087 2138 4139 revocabant.
2178 4086 2510 4155 Vapulabaut
2538 4101 2691 4140 senes
2723 4088 2809 4154 qui
2841 4102 3015 4140 escam
3045 4102 3075 4139 ο
3097 4087 3339 4139 manibus

1800 4176 2063 4227 dimittere
2088 4174 2357 4228 nolebant.
2390 4174 2635 4228 Mulieres
2667 4189 2885 4243 quoque
2912 4175 3244 4229 occultantes
3273 4188 3336 4227 ea

1801 4281 1917 4333 qum
1943 4266 1995 4317 in
2021 4265 2265 4318 manibus
2295 4265 2580 4328 habebant.
2612 4268 2812 4334 sparsis
2856 4267 3095 4320 crinibus
3141 4277 3321 4334 rapta-

1801 4359 2016 4410 bantur.
2062 4356 2213 4409 Nulla
2258 4372 2537 4420 canorum,
2591 4357 2730 4410 nulla
2767 4357 3003 4411 infantiae
3060 4359 3333 4413 miseratio

191 4442 544 4518 ἐξομολόγησιν
571 4447 685 4510 ἑνὸς
709 4448 869 4518 ἄρτου
904 4448 995 4501 καὶ
1023 4448 1108 4498 ἵνα
1145 4446 1355 4518 μηνύσῃ
1381 4447 1552 4516 δράκα
1583 4445 1702 4515 μίαν

1810 4448 2091 4501 erat:sed
2150 4457 2332 4513 raptos
2378 4446 2430 4499 iu
2480 4447 2705 4503 sublime
2746 4448 2995 4517 parvulos
3037 4462 3157 4501 cum
3215 4447 3341 4515 ipsis

189 4540 545 4611 κεκρυμμένην
580 4539 844 4609 ,ἀλφίτωνρ
878 4540 939 4591 Oi
974 4538 1287 4607 βασανισταὶ
1326 4538 1369 4589 δ’
1415 4539 1513 4589 οὑκ
1555 4538 1709 4595 ἐπεί-ε

189 4639 300 4687 κον,
345 4632 437 4683 καὶ
467 4631 572 4701 γὰρ
595 4629 660 4683 ἂν
684 4626 841 4701 ἦττον
883 4629 1027 4699 ὠμὸν
1072 4625 1137 4699 ἦν
1176 4629 1236 4680 τὸ
1270 4629 1386 4698 μετ’
1428 4630 1666 4698 ἀνάγκης
1690 4668 1702 4687 ,

249 4803 350 4872 (49)
381 4806 551 4875 Ἤδη.
570 4806 1019 4874 ’παρωδεύοντο
1048 4804 1213 4875 Prava
1242 4804 1518 4875 huiusloci
1548 4793 1715 4859 inter.

191 4876 387 4943 punctio
411 4874 530 4943 qua:
563 4878 786 4931 habetur
816 4879 865 4929 in
892 4877 1126 4928 editione
1159 4874 1436 4943 Stephani,
1468 4874 1710 4927 Christo-

194 4939 615 5002 phorson‘u—nrin'
645 4960 878 4997 errorem
930 4943 1153 4997 induxit.
1205 4939 1362 5008 Atqui
1405 4942 1559 4995 facile
1599 4952 1716 4995 erat

192 5020 294 5080 eam
344 5012 623 5080 restituere
669 5014 721 5065 in
762 5014 903 5066 hunc
958 5012 1191 5075 modum,
1240 5011 1288 5063 οί
1334 5010 1623 5080 τηκόμενοι
1656 5011 1718 5062 δὲ

194 5072 299 5157 φη.
324 5074 709 5157 παρῳδεύοντο,
751 5082 1105 5157 ut__scribitur
1155 5072 1291 5146 apud
1332 5072 1711 5148 Nicephorum,

192 5151 236 5193 et
272 5148 319 5195 in
344 5148 525 5198 codice
547 5149 682 5200 Μία.
718 5158 769 5202 et
793 5149 927 5203 Med.

252 5210 351 5287 (.50)
382 5213 498 5266 Τυῦ
519 5213 587 5267 δὲ
611 5218 795 5283 πυρὸς
816 5218 1182 5286 ἐφέλκοντες.
1216 5215 1535 5287 Nicephorus
1550 5216 1717 5287 habet

583 5278 719 5359 Sed:
763 5278 971 5359 vulgata
993 5354 1007 5359 Α
1037 5278 1195 5359 lectio
1232 5354 1244 5359 _
1268 5278 1435 5359 magis
1469 5355 1480 5359 _
1509 5286 1707 5359 placet,

196 5350 375 5431 quippe:
424 5366 547 5431 qua:
591 5350 917 5432 .violentiaitt
985 5354 1141 5409 famis
1200 5350 1394 5409 clarius
1424 5350 1707 5421 designat.

196 5414 401 5474 Surculi.
453 5429 630 5474 tnautt
681 5417 957 5474 Josenbus.
996 5427 1191 5474 crudos
1228 5424 1401 5474 adhuc
1441 5431 1495 5474 et
1542 5424 1707 5474 semi-

196 5423 401 5485 5inguli,
453 5423 630 5487 inquit
681 5423 957 5488 Josepbus,
996 5427 1191 5478 crudos
1228 5424 1401 5478 adhuc
1441 5431 1495 5487 et
1542 5424 1708 5476 semi-

197 5497 355 5541 coctos
405 5488 559 5541 cibos
614 5489 679 5541 ad
725 5503 851 5553 sese
885 5490 1221 5545 attralrebant
1263 5508 1325 5543 ae
1370 5491 1713 5559 diripiebant.

196 5550 241 5604 Μ
282 5558 415 5604 enim
470 5557 775 5604 signiﬁcant
820 5571 975 5604 voces
1004 5561 1133 5604 illa!
1188 5560 1498 5604 ἐφέλκοντες
1558 5560 1708 5604 Stim-

197 5557 241 5604 hl
282 5558 415 5610 enim
470 5557 775 5624 signiﬁcant
820 5571 975 5610 voces
1004 5561 1133 5614 illa:
1188 5557 1498 5627 ἐφέλκοντες
1558 5560 1708 5629 διήρ-

197 5623 364 5687 uim.
413 5626 567 5693 Quod
609 5635 784 5680 tamen
802 5640 918 5677 nec
959 5625 1178 5681 Ruﬁnus
1213 5644 1307 5682 nec
1339 5630 1711 5695 Cbristophor-

198 5703 341 5751 sonus
366 5696 768 5787 intellexerunt,
796 5703 853 5749 ut
883 5708 948 5749 ex
978 5698 1249 5776 utriusque
1279 5696 1520 5755 versione
1541 5710 1710 5764 appar.

1807 4537 1999 4604 quibus
2024 4539 2629 4605 penduli-inliterebant
2671 4539 2944 4602 buccellis,
3002 4539 3116 4591 solo
3159 4537 3342 4591 aliide-

1809 4629 1961 4683 bant.
2016 4628 2073 4682 Si
2103 4630 2194 4698 qui
2223 4644 2352 4683 vero
2405 4630 2671 4682 incursum
2724 4644 2906 4683 eorum
2940 4630 3338 4697 praevenissent,

1810 4812 1910 4857 ret.
1945 4802 2076 4855 Nam
2116 4803 2631 4867 Christophorsonus
2673 4801 2850 4866 vertit,
2880 4801 3036 4855 'aridc
3069 4817 3156 4855 ore
3202 4800 3341 4853 abri-

1807 4874 2028 4939 piebant,
2062 4873 2203 4939 quod
2230 4886 2259 4923 a
2309 4879 2481 4923 tuente
2519 4869 2730 4936 Joscplii
2776 4872 2930 4939 longe
2964 4874 3132 4925 abest.
3168 4869 3341 4938 Signi-

1809 4938 1933 4993 lieat
1953 4940 2096 4990 enim
2137 4938 2420 5006 Josephns,
2463 4940 2683 4991 miseros
2714 4942 2829 4993 illos
2862 4938 3058 4993 cibaria
3099 4939 3196 4991 sibi
3221 4952 3338 5006 inu-

1811 5020 1899 5064 tuo
1923 5009 2181 5072 rapuisse.
2216 5005 2374 5071 quue
2397 5021 2487 5068 ,ει
2522 5010 2867 5075 sequentibus
2916 5008 3125 5075 Jo'scphi
3165 5005 3341 5075 verbis

1809 5076 2088 5129 manifeste
2139 5076 2492 5129 convincitur.
2557 5072 2612 5127 In
2665 5078 2847 5131 codice
2903 5072 3053 5127 Mazf
3090 5082 3143 5125 et
3199 5072 3337 5124 Med.

1753 5156 1765 5172 "
1809 5145 2007 5211 legitur
2050 5142 2398 5209 ἀφέλκοντες.
2442 5144 2532 5197 Sic
2585 5146 2746 5199 etiam
2798 5146 2850 5200 in
2911 5144 3061 5198 codd.
3104 5136 3235 5194 Fuk.
3282 5148 3343 5193 et

1809 5212 1971 5267 Savil.
2688 5240 2691 5243 π

1874 5278 1980 5351 (51)
2012 5278 2448 5346 Εισαράξαντες
2486 5284 2601 5347 τὰς·
2630 5284 2827 5348 θύρας.
2868 5280 2955 5332 Sic
2986 5276 3243 5351 Iosephus
3276 5291 3341 5332 ac

1805 5344 2130 5418 Nicephorus
2149 5344 2167 5412 ;ί
2191 5352 2260 5400 ita
2293 5344 2504 5418 quoque
2526 5344 2677 5405 codd.
2698 5344 2906 5403 VMa—zar.
2938 5355 2988 5397 et
3019 5344 3174 5407 Fuk.,
3198 5347 3339 5400 hanc

1805 5417 2313 5488 lectionem__omues
2359 5417 2674 5488 interpretes
2724 5429 3116 5488 unoconseustt
3151 5419 3337 5488 secuti

1803 5495 1945 5545 sunt.
1982 5484 2037 5536 In
2064 5484 2319 5558 Medicam
2350 5482 2724 5558 εἰσαράξαντες
2760 5485 2999 5539 habetur.
3024 5482 3184 5549 Editi,
3218 5484 3341 5549 ἐξά-

1806 5552 2118 5637 ραγξξςξᾲς
2143 5556 2379 5637 χεῖρας..
2417 5552 2486 5637 ..’
2582 5615 2587 5623 .

1866 5608 1990 5697 (52;)-
2010 5623 2083 5697 Τὰ
2098 5608 2517 5697 Halm-Melius
2536 5615 2670 5695 apud
2692 5619 2974 5687 Josephurn
2995 5628 3050 5697 et
3074 5619 3338 5691 Nicepho-

1804 5691 1918 5754 rum
1951 5691 2142 5761 legitur
2169 5695 2247 5759 τάί
2273 5693 2476 5747 παιδία.
