3934 6342
645 347 741 403 εει

1340 344 1612 402 EUSEBII
1647 344 2124 403 CESARIENSIS
2160 346 2186 403 ί

2288 358 2311 401 ’.
2349 348 2533 403 PARS
2568 349 2609 402 I.
2650 379 2719 407 -.—
2757 348 3149 406 HISTORICA.

3738 352 3825 407 232

642 466 874 519 ciebant.
920 462 1203 518 Nonnullis
1243 472 1456 519 vetusta
1491 463 1622 520 freni
1673 446 2027 536 praesegmina
2075 466 2186 519 usui

2293 466 2472 538 εὑρεῖν
2515 466 2682 519 σιτίον
2731 465 2840 536 (60)
2928 464 3381 532 ἄλλοις-ἐκοπία,
3438 465 3759 536 πανταχόθεν
3792 465 3829 522 δ’

644 554 812 608 fuere.
859 554 1087 621 Quidam
1134 553 1279 609 enim
1310 568 1434 607 cum
1484 552 1815 609 festucarum
1865 554 2197 609 levissimum

642 647 846 715 pondus
878 645 1240 715 collegissent,
1277 656 1509 715 quatuor
1554 646 1750 699 Atticis
1781 647 2054 699 drachmis
2109 662 2199 700 ve-

644 737 991 791 nttmdabant.
1041 737 1148 790 Sed
1182 737 1311 806 quid
1338 752 1473 806 opus
1496 748 1579 792 est
1617 738 2001 804 impudentiam
2040 746 2200 805 atque

643 829 1039 896 improbitatem
1066 828 1223 896 famis
1252 828 1306 881 in
1339 829 1500 882 rebus
1530 828 1839 881 inanimatis
1871 828 2198 883 ostendere?

643 895 874 973 Facinus
923 895 1168 973 dicturus
1205 935 1358 983 sum,
1386 920 1687 989 cujus-modi
1725 933 1822 973 nec
1866 919 2004 995 apud
2049 919 2197 974 Grie-

647 1026 739 1063 cos
766 1025 865 1063 nec
930 1012 1067 1078 apud
1104 1010 1363 1065 barbaros
1389 1019 1597 1078 gestum
1635 1010 1802 1065 fuisse
1823 1020 2184 1073 memoratur,

642 1109 695 1152 et
722 1101 864 1168 quod
901 1110 1009 1151 tum
1038 1100 1183 1153 dictu
1210 1102 1533 1154 horrendum
1561 1141 1578 1167 ,
1610 1110 1727 1173 tum.
1752 1100 1936 1157 auditu
1971 1104 2199 1159 incredi-

554 1200 561 1221 ν’
641 1190 749 1243 bile
793 1190 1079 1243 videbitur.
1131 1191 1311 1259 Itaque
1362 1190 1537 1245 libens
1584 1202 1731 1246 certe
1781 1194 2196 1248 acerbissimum

641 1280 783 1333 hunc
810 1295 994 1333 casum
1024 1281 1240 1335 silentio
1273 1282 1651 1349 praeteriissem
1674 1325 1691 1349 ,
1722 1298 1789 1336 ne
1818 1286 2016 1352 posteri
2047 1285 2198 1338 fabu-

642 1370 721 1425 las
748 1386 811 1425 ac
842 1381 1086 1441 portenta
1120 1388 1205 1427 me
1236 1373 1383 1442 loqui
1411 1374 1742 1437 existiment,
1764 1376 1864 1429 nisi
1896 1390 1961 1429 ex
1994 1386 2193 1430 nostra:

641 1462 815 1515 aetatis
844 1463 1153 1517 hominibus
1200 1472 1363 1517 testes
1400 1464 1656 1519 haberem
1696 1481 1858 1535 prolie
1897 1466 2201 1519 innumera-

640 1554 795 1609 biles.
828 1554 1091 1607 Caeterum
1138 1557 1253 1609 leve
1288 1570 1349 1608 ac
1397 1556 1646 1626 frigidum
1678 1558 1944 1625 quoddam
1969 1557 2195 1611 ollieium

640 1645 827 1711 patria:
876 1657 1186 1713 priestarem
1215 1686 1229 1709 ,
1276 1646 1323 1698 si
1358 1662 1476 1712 qua:
1513 1646 1651 1698 mala
1700 1663 1758 1700 re
1797 1648 1914 1714 ipsa
1948 1662 2195 1714 perpessa

640 1745 743 1799 est,
773 1737 1016 1789 oratione
1055 1737 1473 1790 dissimularem.
1517 1725 1714 1789 Mulier
1747 1739 1989 1804 quaedam
2026 1737 2189 1790 Maria

2299 555 2500 624 ἄπορον
2536 548 2608 624 ἦν
2637 553 2737 623 ἤδη
2772 554 2866 606 καὶ
2899 553 2962 606 τὸ
2986 555 3183 625 εὑρεῖν,
3213 556 3243 607 ὁ
3266 553 3421 625 λιμὸς
3444 552 3501 605 δέ
3537 552 3626 606 διὰ
3653 554 3828 624 σπλάγ-

2299 660 2439 714 χνων
2475 661 2535 696 τε
2566 645 2661 697 καὶ
2693 644 2903 713 μυελῶν
2931 644 3155 715 ἐχώρει,
3198 646 3289 698 καὶ
3330 644 3424 698 τοῦ
3464 644 3623 716 λιμοῦ
3662 646 3829 716 μᾶλλον

2298 734 2603 801 ἐξεκαίοντο
2637 738 2685 788 οἱ
2730 738 2911 807 θυμοὶ,
2945 737 3242 807 σύμϐουλον
3280 736 3517 790 λαϐοῦσα
3552 738 3651 807 τὴν
3690 739 3828 809 ὀργὴν

2300 825 2438 895 μετά
2466 826 2565 895 τῆς
2606 828 2873 896 ἀνάγκης,
2913 828 3005 880 ἐπὶ
3041 828 3140 899 τὴν
3181 827 3339 896 φύσιν
3382 826 3597 899 ἐχώρει.
3647 829 3747 882 Καὶ
3781 830 3829 883 τὸ

2294 916 2504 980 τέκνον,
2541 912 2610 987 ἦν
2655 917 2699 969 δ’
2730 918 2863 987 αὐτῇ
2915 921 3044 980 παῖς
3082 918 3436 987 ὑπομάσθιος,
3477 919 3825 991 ἁρπασαμένη,

2303 1025 2322 1057 ι
2353 1007 2579 1078 Βρέφος,
2610 1002 2782 1067 εἶπεν,
2800 1007 3000 1074 ἄθλιον,
3019 1009 3314 1087 ἐνεπολέμῳ
3330 1012 3423 1063 καὶ
3436 1010 3581 1081 λιμῷ
3608 1011 3696 1065 καὶ
3724 1012 3827 1065 στά-

2299 1113 2400 1160 σει,
2434 1096 2537 1148 τίνι
2566 1112 2625 1147 σε
2664 1096 2844 1166 τηρῶ;
2877 1098 2949 1171 τά
2971 1099 3076 1166 μὲν
3116 1099 3262 1171 παρὰ
3297 1101 3611 1170 Ῥωμαίοις,
3648 1100 3827 1154 δουλεία

2298 1188 2402 1240 κᾶν
2429 1187 2680 1257 ζήσωμεν
2717 1188 2802 1239 ἐπ’
2828 1188 3008 1251 αὐτοῖς
3034 1188 3165 1259 (61),
3198 1190 3385 1259 φθάνει
3419 1191 3473 1243 δὲ
3498 1192 3590 1243 καὶ
3619 1191 3825 1245 δουλείαν

2296 1278 2325 1328 ὁ
2353 1276 2528 1347 λιμὸς,
2557 1278 2606 1327 οί
2655 1277 2971 1329 στασιασταὶ
3017 1278 3072 1329 δὲ
3102 1280 3421 1351 ἀμφοτέρων
3465 1280 3821 1353 χαλεπώτεροι.

2300 1367 2430 1429 Ἴθι,
2462 1366 2618 1435 γενοῦ
2654 1385 2741 1437 μοι
2789 1368 2993 1440 τροφὴ,
3038 1369 3130 1420 καὶ
3164 1373 3273 1433 τοῖς
3321 1375 3663 1435 στασιασταῖς
3706 1375 3825 1443 ἐριν-

2294 1457 2388 1518 νὺς
2422 1456 2553 1527 (62),
2587 1456 2680 1509 καὶ
2709 1456 2786 1525 τῷ
2815 1456 2913 1525 βίῳ
2959 1455 3145 1525 μῦθος,
3181 1458 3209 1507 ὁ
3246 1457 3402 1525 μόνος
3447 1458 3700 1512 ἐλλείπων
3726 1440 3825 1523 ταῖς
3855 1440 3863 1459 ί

2307 1548 2568 1601 Ἰουδαίων
2603 1552 2919 1617 συμφοραῖς.
2944 1564 2964 1598 ι
2994 1549 3102 1600 Καὶ
3126 1547 3277 1600 ταῦθ’
3294 1548 3409 1617 ἃμα
3436 1549 3682 1616 λέγουσα,
3705 1550 3825 1602 κτεί-

2294 1655 2372 1689 νει
2404 1638 2492 1691 τὸν
2535 1637 2666 1701 υἰΰν,
2704 1637 2909 1689 Ἐπειτ’
2950 1639 3261 1709 ὀπτήσασα,
3301 1637 3362 1689 τὸ
3400 1637 3499 1707 μὲν
3525 1639 3688 1707 ἥμισυ
3712 1657 3823 1694 κατ-

2296 1729 2490 1793 εσθίει,
2536 1729 2595 1781 τὸ
2638 1728 2694 1781 δὲ
2726 1729 2905 1782 λοιπὸν
2934 1729 3375 1803 κατακαλρψασα,
3414 1731 3716 1799 ἐφύλαττεν.
3740 1720 3825 1783 Eti-

641 1827 880 1889 nomine,
913 1826 1153 1878 Eleazari
1182 1826 1313 1888 lilia,
1340 1841 1405 1877 ex
1436 1826 1652 1891 regione
1672 1840 1791 1893 qua:
1825 1834 1972 1880 trans
2000 1826 2186 1880 Jorda-

2290 1819 2423 1881 θέως
2452 1819 2495 1871 δ’
2529 1821 2597 1901 ot.
2625 1820 2942 1871 στασιασταὶ
2988 1820 3268 1890 παρῆσαν,
3311 1822 3403 1873 καὶ
3447 1821 3547 1890 τῆς
3593 1820 3821 1890 ἀθεμίτου

642 1931 764 1969 nem
796 1915 896 1968 sita
938 1925 1036 1974 est,
1072 1917 1187 1967 vico
1219 1915 1506 1979 Bathezor,
1543 1931 1661 1984 qua:
1694 1932 1793 1969 vox
1836 1917 2049 1985 hyssopi
2092 1918 2189 1971 do-

643 2021 786 2057 mum
823 2005 1109 2074 significat,
1170 2018 1365 2074 genere
1391 2018 1550 2074 atque
1589 2007 1779 2074 Opibus
1808 2007 2047 2072 illustris,
2072 2023 2189 2060 cum

642 2095 1011 2165 Hierosolyma
1060 2097 1421 2165 perfugisset,
1462 2113 1566 2149 una
1617 2112 1737 2149 cum
1779 2099 1984 2165 reliqua
2029 2098 2193 2149 homi-

643 2202 767 2240 num
798 2188 1137 2240 multitudine
1168 2190 1388 2242 obsessa
1416 2190 1719 2241 tenebatur.
1748 2187 1914 2256 Hujus
1934 2188 2188 2256 reliquam

640 2292 853 2332 omnem
888 2277 1277 2347 supellectilem
1304 2318 1329 2348 ,φ
1369 2293 1529 2346 quam
1563 2278 1649 2331 illa
1681 2295 1746 2331 ex
1782 2279 2033 2333 ulteriore
2072 2278 2191 2331 Jor-

641 2369 792 2422 danis
824 2368 941 2437 ripa
990 2370 1186 2435 raptim
1235 2368 1517 2421 collectam
1548 2368 1600 2421 in
1633 2371 1817 2422 urbem
1871 2370 2187 2435 advexerat,

636 2462 745 2529 jam
781 2460 995 2533 tyranni
1046 2460 1399 2527 diripuerant.
1449 2456 1600 2526 lpsas
1649 2470 1825 2513 autem
1874 2475 2187 2529 magnarum

640 2564 799 2617 opum
819 2548 1170 2617 reliquias,et
1196 2548 1456 2615 quidquid
1504 2548 1744 2601 aEEmenti
1769 2550 1886 2617 ipsa
1929 2551 2027 2603 sibi
2058 2564 2191 2604 coo-

640 2641 858 2706 quirere
889 2645 1138 2706 poterat,
1172 2638 1444 2691 irruentes
1475 2637 1716 2704 quotidie
1758 2639 2019 2693 satellites
2044 2640 2191 2694 aufe-

640 2734 852 2787 rebant.
887 2732 957 2784 Ea
1001 2747 1087 2785 res
1132 2731 1377 2783 mulieris
1412 2730 1647 2782 animum
1676 2732 2023 2806 acerbissima
2060 2748 2191 2801 qua-

640 2826 761 2877 dam
810 2824 1173 2891 indignatione
1220 2822 1529 2876 commovit.
1567 2823 1643 2875 .13
1675 2838 2041 2888 sa-pcnumero
2067 2839 2195 2875 con-

641 2915 793 2968 viciis
831 2923 885 2965 et
925 2914 1058 2966 diris
1093 2912 1569 2980 imprecationibus
1615 2914 1895 2979 praedones
1929 2914 1993 2966 de
2033 2915 2191 2967 indu-

639 3005 771 3059 stria
800 3003 853 3056 in
878 3004 1213 3071 semetipsam
1237 3004 1514 3056 incitabat.
1532 3001 1636 3055 Sed
1660 3017 1779 3055 cum
1809 3004 2188 3058 nemoillorum

642 3110 735 3149 seu
781 3094 858 3146 ira
903 3109 997 3147 seu
1034 3094 1377 3147 miseratione
1418 3106 1739 3159 commotus,
1783 3095 1952 3161 ipsam
1987 3097 2191 3148 interti-

2293 1910 2514 1977 κνίσσης
2552 1908 2873 1971 σπάσαντες,
2914 1910 3165 1977 ἠπείλουν
3205 1912 3255 1963 εί
3295 1912 3368 1981 μὴ
3402 1911 3595 1975 δείξειε
3637 1913 3695 1965 τὸ
3735 1930 3820 1965 παι

2295 1999 2677 2070 ρασκευασθὲν,
2706 2000 3033 2069 ἀποσφάξειν
3077 2002 3244 2071 αὐτὴν
3286 2002 3504 2066 ευθέως.
3540 2003 3605 2054 Ἠ
3648 2003 3703 2055 δέ
3744 2003 3819 2055 καὶ

2294 2094 2485 2160 μοῖραν
2513 2093 2693 2155 αὐτοῖς
2725 2092 2953 2145 εἰποῦσα
2995 2093 3163 2165 καλὴν
3202 2095 3589 2165 τετηρηκέναι,
3630 2094 3696 2147 τὰ
3734 2092 3820 2146 λεί-

2289 2176 2431 2244 ψανα
2460 2176 2552 2228 τοῦ
2585 2177 2773 2230 τέκνου
2805 2180 3206 2249 διανεκάλυψεν.
3231 2183 3365 2244 Τοὺς
3392 2183 3435 2235 δ’
3458 2182 3655 2257 εὐθέως
3677 2184 3818 2253 φρίκη

2290 2269 2383 2320 καὶ
2446 2269 2653 2337 φρενῶν
2716 2270 2966 2335 ἔκστασις
3024 2273 3187 2344 ᾔρει,
3240 2274 3333 2327 καὶ
3386 2275 3537 2345 παρὰ
3583 2276 3677 2346 τὴν
3723 2275 3819 2343 ὄψιν

2290 2360 2649 2430 ἐπεπήγεσαν.
2671 2362 2731 2413 Ἡ
2751 2363 2817 2425 δ’,
2843 2382 2860 2413 ι
2894 2364 3072 2433 Ἐμὸν,
3091 2363 3213 2435 ἔφη,
3237 2365 3394 2417 τοῦτο
3418 2366 3479 2417 τὸ
3506 2367 3689 2419 τέκνον
3713 2372 3821 2436 γνη-

2292 2467 2425 2513 σιον,
2463 2453 2555 2503 καὶ
2592 2452 2650 2504 τὸ
2689 2453 2847 2523 ἔργον
2883 2455 3032 2525 ἐμόν.
3075 2458 3310 2523 Φάγετε,
3348 2458 3439 2509 καὶ
3478 2458 3583 2529 γάρ
3612 2457 3719 2525 ἐγὼ
3746 2458 3819 2527 βέ-

2290 2544 2497 2615 ϐρωκα.
2533 2545 2623 2613 Μὴ
2672 2546 2898 2616 γένησθε
2953 2548 3087 2617 μήτε
3139 2546 3513 2618 μαλακώτεροι
3558 2550 3817 2616 γυναικὸς,

2294 2634 2427 2702 μήτε
2471 2634 2902 2705 συμπαθέστεροι
2946 2636 3167 2707 μητρός.
3202 2637 3263 2689 El
3298 2637 3341 2689 δ’
3391 2638 3547 2706 ὑμεῖς
3583 2638 3817 2700 εὐσεϐεῖς,

2290 2722 2385 2773 καὶ
2426 2721 2522 2791 τὴν
2556 2723 2693 2792 ἐμὴν
2726 2726 3127 2795 ἀποστρέφεσθε
3162 2726 3368 2789 θυσίαν,
3401 2726 3509 2795 ἐγὼ
3545 2728 3639 2797 μὲν
3674 2729 3817 2799 ἣμισυ

2292 2811 2561 2881 βέϐρωκα,
2584 2815 2675 2867 καὶ
2701 2814 2759 2866 τὸ
2771 2813 2950 2868 λοιπὸν
2978 2816 3023 2868 δ’
3050 2818 3170 2887 ἐμοὶ
3192 2819 3445 2887 μεινάτω.
3470 2837 3489 2869 ι
3514 2820 3663 2873 Μετά
3693 2818 3819 2872 ταῦθ’

2290 2904 2338 2953 οἱ
2377 2905 2471 2973 μὲν
2510 2906 2799 2975 τρέμοντες
2828 2908 3068 2978 ἐξῄεσαν,
3106 2912 3242 2982 πρὸς
3270 2911 3327 2964 ἓν
3355 2913 3512 2966 τοῦτο
3540 2913 3715 2976 δειλοὶ,
3744 2914 3819 2967 καὶ

2293 2994 2442 3062 μόλις
2468 2996 2669 3066 ταύτης
2690 2998 2789 3067 τῆς
2815 3003 3018 3072 τροφῆς
3041 3005 3106 3073 τῇ
3140 3004 3302 3074 μητρὶ
3330 3006 3815 3075 παραχωρήσαντες.

2304 3086 2631 3159 Ἀνεπλήσθη
2668 3089 2712 3141 δ’
2755 3091 2953 3161 εὐθέως
2993 3093 3085 3161 ὅλη
3114 3094 3204 3146 τοῦ
3246 3094 3447 3164 μύσους
3479 3096 3511 3165 ἡ
3544 3095 3711 3161 πόλις,
3742 3096 3818 3149 καὶ

640 3196 825 3249 ceret,
861 3187 1188 3250 tmderetque
1234 3184 1405 3251 ipsam
1448 3184 1567 3237 aliis
1614 3184 1792 3236 cibum
1824 3200 2015 3251 parare
2039 3224 2053 3248 ,
2089 3201 2185 3238 nec

2291 3178 2393 3243 πρὸ
2436 3179 2695 3248 ὀμμάτων
2740 3159 2965 3245 ἕκαστος
3005 3159 3274 3245 ’τὺ-πάθος
3316 3159 3720 3254 ἀναλαμϐάνων,
3755 3185 3817 3248 ὡς

603 3276 613 3284 ’
639 3290 768 3329 vero
794 3274 901 3341 jam
933 3276 1155 3343 parandi
1187 3275 1325 3329 ullus
1356 3280 1543 3329 modus
1577 3285 1880 3345 superesset
1909 3293 1922 3326 :
1957 3290 2186 3341 cumque

642 3352 858 3418 interim
892 3364 1057 3417 fames
1097 3364 1400 3416 visceribus
1439 3379 1501 3418 ac
1537 3366 1649 3433 80
1686 3363 1930 3416 mednilis
1975 3366 2186 3431 penitus

643 3453 934 3519 insideret,
965 3463 1018 3505 et
1058 3455 1351 3521 indignatio
1391 3455 1549 3522 longe
1596 3455 1765 3523 magis
1795 3470 1955 3522 quam
2006 3454 2185 3507 inedia

635 3540 1045 3605 'effe'rvesccret,
1079 3544 1268 3596 mulier
1317 3544 1468 3596 malis
1520 3542 1910 3596 consultoribus
1959 3558 2053 3595 usa
2104 3545 2186 3595 fu-

644 3650 767 3689 rore
792 3650 853 3687 ac
881 3634 1201 3687 necessitate
1227 3675 1241 3697 ,
1284 3632 1540 3685 adversus
1570 3640 1814 3684 naturam
1855 3631 2023 3697 ipsam
2060 3647 2189 3683 con-

644 3726 900 3792 surrexit;
952 3732 1271 3791 arreptoque
1328 3721 1435 3774 lilio
1480 3736 1637 3789 quem
1688 3720 1857 3773 adhuc
1906 3720 2183 3771 lactentem

2288 3270 2419 3340 παρ’
2461 3270 2608 3340 αὑτῷ
2649 3273 2909 3341 τολμηθὲν
2953 3274 3071 3345 (65)
3115 3274 3300 3338 δεινῶς
3344 3276 3580 3347 ἔφριττε.
3634 3278 3815 3345 Σπουδὴ

2290 3359 2346 3419 δὲ.
2376 3360 2555 3411 λοιπὸν
2586 3361 2692 3412 τῶν
2727 3361 3095 3430 λιμωττόντων
3133 3367 3225 3419 ἐπὶ
3254 3367 3343 3419 τὸν
3376 3367 3597 3420 θάνατον
3626 3364 3708 3440 ἦν,
3737 3386 3814 3421 και

2292 3450 2634 3519 μακαρισμὸς
2664 3451 2769 3502 τῶν
2810 3451 3124 3519 φθασάντων
3170 3458 3295 3528 πρὶν
3323 3457 3549 3512 ἀκοῦσαι
3578 3462 3668 3514 καὶ
3708 3460 3812 3513 θεά-

2289 3540 2480 3591 σασθαι
2517 3540 2659 3592 κακὰ
2680 3540 2992 3610 τηλικαῦτα.
3018 3564 3035 3596 ι
3070 3547 3299 3602 Τοιαῦτα
3333 3552 3432 3621 τῆς
3471 3552 3561 3605 Ὶοι
3577 3555 3724 3611 ϊαίων
3746 3556 3812 3613 είς

2288 3629 2375 3679 τὸν
2401 3631 2628 3699 Χριστὸν
2655 3631 2748 3684 τοῦ
2780 3632 2911 3688 Θεοῦ
2941 3640 3273 3709 παρανομίας
3302 3659 3361 3693 τε
3400 3644 3492 3696 καὶ
3524 3645 3551 3697 δ
3571 3644 3812 3704 ισσεϐείις

2288 3720 2593 3792 τάπίχειρα.

642 3816 870 3871 habebat
899 3835 911 3869 ε
938 3814 1267 3869 lnfortunate
1306 3829 1459 3884 puer,
1484 3815 1655 3882 inquit
1680 3852 1697 3878 ,
1726 3814 1864 3866 inter
1894 3822 1966 3865 tot
2007 3811 2124 3865 belli
2155 3850 2171 3875 ,
2206 3812 2379 3874 famis,
2437 3830 2497 3867 ac
2555 3816 2833 3871 seditionis
2861 3818 3019 3884 mala,
3078 3822 3163 3874 cui
3195 3832 3244 3875 te
3280 3839 3488 3877 servem
3511 3825 3694 3891 iApud
3717 3821 3810 3874 Ro-

642 3923 827 3960 manos
864 3908 1117 3975 quidem,
1153 3907 1361 3960 tametsi
1414 3905 1590 3958 vivere
1649 3905 1820 3968 detur,
1869 3904 2099 3958 servitus
2158 3919 2252 3957 nos
2308 3915 2502 3958 manet.
2538 3907 2639 3960 Sed
2691 3925 2828 3963 nunc
2876 3914 3182 3964 servitutem
3233 3915 3400 3981 ipsam
3452 3914 3697 3980 praevenit
3743 3911 3812 3964 fa-

642 4012 756 4051 mcs
796 4016 808 4050 :
849 3997 1053 4052 factiosi
1102 4012 1230 4050 vero
1272 4008 1493 4065 utraque
1548 3998 1849 4050 calamitate
1895 3996 2198 4069 acerbiores
2249 4007 2389 4051 sunt.
2442 3998 2666 4052 Proinde
2720 4011 2834 4051 esto
2886 4002 3011 4053 mihi
3062 4003 3274 4069 quidem
3334 4001 3525 4063 cibus,
3589 4000 3809 4056 factiosi:

639 4102 770 4141 vero
812 4088 984 4153 furia,
1021 4088 1324 4140 hominibus
1356 4096 1529 4139 autem
1594 4085 1767 4138 fabula
1796 4124 1811 4149 ,
1866 4067 2004 4152 quod
2060 4086 2231 4138 solum
2276 4079 2445 4137 adhuc
2494 4087 2643 4138 deest
2686 4086 2925 4139 cladibus
2964 4067 3287 4139 Iudaeorum.
3337 4084 3460 4141 llaac
3496 4087 3711 4153 dicens,
3751 4089 3805 4139 fi—

641 4181 766 4236 llum
796 4183 1017 4249 jugulat.
1051 4181 1270 4233 Coctum
1298 4181 1484 4233 deinde
1533 4180 1643 4245 ipso
1700 4178 1909 4245 quidem
1964 4178 2234 4231 dimidiam
2278 4190 2480 4245 partem
2526 4178 2758 4230 comedit
2787 4194 2799 4229 :
2834 4178 2974 4243 quod
3008 4176 3262 4243 reliquum
3292 4188 3426 4242 erat,
3456 4190 3690 4249 opertum
3740 4181 3810 4234 in'

643 4275 798 4328 terim
856 4276 1125 4327 servabat.
1170 4274 1299 4325 Cum
1351 4288 1475 4326 ecce
1525 4280 1745 4339 repente
1797 4273 2179 4339 superveniunt
2229 4271 2594 4333 seditiosi,‘et
2628 4264 3037 4322 sceleratissimo
3093 4270 3277 4323 nidore
3333 4272 3549 4325 naribus
3611 4275 3804 4335 hausto,
3886 4242 3891 4325 ,ι

645 4374 869 4419 mortem
909 4365 1119 4417 mulieri
1153 4367 1334 4418 statim
1369 4367 1661 4427 minantur,
1718 4366 1817 4419 nisi
1872 4366 2048 4419 cibum
2096 4368 2251 4433 quem
2303 4372 2607 4433 paraverat.
2638 4364 2736 4417 sibi
2777 4364 3071 4418 exhiberet.
3101 4364 3170 4418 At
3197 4364 3306 4431 illa,
3334 4366 3528 4421 bonam
3553 4369 3673 4438 ipsis
3696 4383 3807 4437 par-

714 4520 820 4590 (60)
856 4520 1064 4587 Εὑρεῖν
1092 4521 1285 4589 σιτίον
1338 4522 1562 4585 ἄλλοις.
1602 4520 1674 4573 Id‘
1702 4530 1785 4574 est

643 4589 749 4643 non
767 4591 886 4642 sibi.
918 4590 1094 4657 Itaque
1123 4605 1222 4641 non
1255 4589 1426 4658 placet
1456 4591 1612 4641 lectio
1634 4590 1719 4641 illa
1743 4606 1857 4658 qua:
1884 4593 1947 4641 ad
1973 4595 2169 4658 margi-

646 4674 768 4712 nem
818 4656 1062 4712 cditionis
1094 4656 1417 4713 Genevensis
1465 4659 1745 4711 ascribitur
1778 4656 1967 4721 ἄλλως,
2014 4656 2170 4725 quam

645 4727 875 4782 Savilius
908 4744 1112 4794 quoque
1158 4728 1223 4779 ad
1264 4742 1411 4780 oram
1435 4726 1551 4779 libri
1585 4728 1662 4778 sui
1702 4729 1963 4793 apposuit.
2007 4726 2172 4777 Porro

1821 4524 2175 4589 praedonibus,
2208 4526 2249 4579 D
2281 4520 2409 4574 Dido
2433 4520 2539 4572 ait:

2452 4589 2703 4642 Omnibus
2728 4591 2907 4643 umbra
2936 4592 3060 4645 locis
3084 4592 3263 4644 adero.

2278 4657 2473 4711 Eodem
2506 4674 2661 4731 sensu
2720 4660 2922 4731 accipio
2971 4662 3126 4713 verba
3190 4661 3272 4711 illa
3304 4676 3423 4725 qua:
3470 4661 3708 4731 leguntur
3755 4663 3799 4715 ia

2277 4742 2393 4793 cap.
2431 4741 2480 4777 ιν
2503 4726 2820 4796 Geneseos:
2870 4728 2978 4782 Vox
3016 4730 3280 4796 sanguinis
3310 4730 3493 4796 fratri:
3521 4726 3600 4785 iui
3624 4734 3803 4785 clamat

636 4796 852 4849 codices
883 4802 1043 4847 nostri
1092 4797 1249 4859 Μυκη
1283 4795 1413 4848 Med.
1443 4811 1505 4848 ac
1542 4794 1671 4847 Fuk.
1699 4794 1939 4848 voculam
1983 4795 2065 4845 hic
2093 4796 2173 4845 iw-

647 4872 906 4919 terserunt
944 4864 1119 4932 εὑρεῖν
1148 4882 1200 4915 τι
1248 4864 1409 4916 σιτίον
1454 4865 1627 4925 ἄλλοις
1659 4864 1869 4924 ἐκοπία,
1914 4866 2171 4933 quomodo

643 4933 835 5000 legitur
870 4933 1029 5000 etiam
1065 4936 1202 4999 apud
1240 4933 1618 4999 Nicephorum.

712 5002 818 5082 (fil)
842 4998 1129 5082 Ζήσωμεν
1155 5000 1257 5082 ἐπ’.
1282 4998 1498 5082 αὺιζοῖς.
1643 4999 2169 5082 _apuaniceplio‘ruin

642 5066 853 5139 legitur,
878 5066 1033 5139 atque
1065 5072 1133 5139 ita
1149 5070 1324 5139 codex
1345 5069 1499 5131 Man,
1543 5066 1764 5123 Mediet
1801 5069 2006 5139 Savilii.
2037 5066 2169 5119 Vul-

641 5150 776 5206 gata:
793 5137 1005 5206 Iosephi
1035 5138 1318 5196 editiones,
1345 5139 1428 5206 ἐπ’
1453 5139 1661 5199 αὐτούς.

710 5208 819 5274 (62)
858 5203 983 5272 Τοῖς
1025 5204 1415 5268 στασιασταῖς
1452 5206 1703 5271 ἐριννύς.
1753 5207 1986 5274 Erinnyn
2038 5203 2172 5257 dixit
2241 5244 2247 5249 .

638 5272 901 5341 JoSeplius
952 5292 1053 5328 non
1106 5276 1291 5326 eodem
1325 5288 1481 5325 sensu
1524 5291 1628 5339 quo
1678 5277 1868 5338 ϐτακῑ,
1898 5272 1985 5341 qui
2041 5278 2167 5341 deas

643 5340 891 5411 uuasdatn
918 5346 1053 5411 apud
1085 5344 1282 5395 inferos
1321 5356 1469 5411 esseﬂ
1492 5344 1790 5406 credebant,
1832 5340 1949 5410 qua:
1977 5340 2164 5397 noxios

643 5409 880 5480 liamiues
926 5409 987 5465 ac
1035 5413 1296 5480 praecipue
1347 5410 1506 5480 caadis
1548 5426 1665 5463 reus
1702 5409 2161 5480 persequerentur.

646 5477 750 5549 50d
778 5480 1010 5549 Erinnyn
1036 5476 1172 5534 dixit
1200 5476 1295 5549 pro
1332 5478 1533 5546 ποινήν.
1569 5476 2045 5533 (ἐτράέὺηηιέιιίιη
2069 5476 2163 5549 J_u-_

641 5545 758 5615 dmi,
802 5544 1016 5611 perin'de
1071 5566 1131 5601 uc
1158 5544 1608 5615 G'ra-ci,’utn‘bras
1646 5563 1824 5599 eorum
1866 5550 1957 5615 qui
2002 5544 2167 5615 occisi

645 5614 870 5684 fuerant,
915 5619 1156 5684 persequi
1209 5614 1577 5684 interfectores
1605 5631 1747 5675 suos,
1785 5627 1836 5666 ct
1864 5614 2047 5681 pennas
2100 5614 2167 5664 ab

643 5680 746 5735 illis
769 5680 1191 5749 exposcere—Sic
1232 5686 1369 5753 apud
1400 5682 1673 5759 Virgilium
1711 5686 1763 5737 in
1805 5680 1940 5739 libro
1975 5692 2166 5752 quarto

2277 4797 2451 4869 adume
2472 4795 2539 4847 de
2560 4807 2716 4869 terra.
2742 4798 2935 4869 ldest:
2968 4795 3155 4869 Frater
3186 4795 3317 4849 tuus,
3341 4798 3498 4869 quem
3531 4802 3685 4869 impie
3717 4818 3801 4855 oc-

2275 4864 2725 4937 cidisti,ipostula:t
2742 4867 2951 4918 utilium
2973 4867 3216 4937 ulciscar,
3230 4867 3463 4937 eteadis
3480 4864 3615 4923 illius
3626 4870 3801 4937 painas

2271 4949 2298 4981 a
2330 4942 2379 5007 te
2412 4936 2638 5002 exigam.
2687 4936 2940 5007 Sequitur
2983 4934 3216 5007 deinde:
3264 4932 3434 5007 Vggus
3475 4948 3524 4991 et
3564 4932 3800 5007 profugus

2269 5001 2380 5079 eris.
2406 5001 2563 5079 super
2590 5001 2801 5055 terram.
2839 5003 2892 5055 Id
2947 5012 3049 5064 est,
3084 5004 3265 5079 umbra
3299 5003 3481 5061 fratris
3537 5001 3606 5079 tui
3647 5001 3799 5079 quem

2267 5069 2528 5188 pecidisti,
2592 5081 2939 5141 persequetur
3004 5080 3053 5121 te
3117 5072 3341 5147 ubique,
3393 5086 3447 5129 et
3486 5069 3687 5131 aderit-
3724 5081 3797 5129 in-

2291 5148 2429 5188 esta.

2291 5148 2429 5189 esta.

2338 5206 2446 5282 (65)
2471 5209 2623 5282 _Ha_p’
2662 5206 2820 5272 αὺτῷ
2847 5203 3155 5282 τολμηθὲν.
3190 5207 3243 5259 In
3292 5208 3593 5282 ﬂicephoro
3620 5212 3797 5281 legitur

2267 5276 2393 5344 παρ’
2425 5278 2607 5340 αὑτοῦ,
2641 5280 2905 5344 quomodo
2935 5279 3152 5329 ltnlinus
3194 5289 3245 5330 et
3280 5276 3537 5339 Gelenius
3565 5286 3619 5338 in
3649 5276 3794 5338 lose-

2271 5346 2387 5420 pho_
2421 5349 2663 5399 videntur
2711 5346 2919 5420 legisse.
2958 5344 3105 5420 Ferri
3165 5358 3338 5420 tamen
3378 5362 3561 5419 potest
3596 5353 3794 5420 vulgata

2272 5412 2455 5481 lectio;
2505 5426 2560 5469 ut
2591 5430 2780 5467 sensus
2815 5416 2904 5475 sit,
2937 5414 3169 5481 singulos
3201 5419 3347 5472 cives
3377 5412 3523 5474 tanto
3555 5412 3795 5473 facinoris

2271 5480 2409 5533 illius
2437 5484 2668 5559 horrore
2698 5482 2966 5548 perculsos
3003 5480 3190 5548 fuisse,
3225 5492 3377 5554 quasi
3406 5489 3543 5559 apud
3569 5504 3625 5542 ne
3650 5496 3705 5540 et
3744 5488 3792 5559 in

2272 5552 2499 5613 propriis
2548 5552 2749 5619 agilibus
2780 5560 3170 5619 perpetratum
3224 5552 3453 5613 luisset:
3498 5557 3690 5610 Tamen
3744 5554 3794 5607 it

2270 5619 2439 5697 codic.
2490 5620 2623 5697 μετ.
2660 5618 2719 5697 εἰ
2778 5618 2913 5697 Med.
2968 5622 3221 5697 scribitur
3281 5621 3413 5697 τῖαρ’
3470 5623 3631 5681 αὐτοῦ
3676 5623 3791 5677 val.-

2274 5684 2455 5755 μηθέν.
2485 5692 2656 5757 Atque
2684 5690 2754 5741 ita
2788 5690 2953 5743 codex
2989 5688 3216 5746 Fuketii.
