3934 6342
156 373 239 429 233
977 370 983 377 ·
1081 365 1421 422 msronus
1458 333 2005 422 ECCLESlASTlCA!
2043 356 2168 416 Lm.
2207 353 2292 416 ιιι.
3207 346 3310 430 est

158 495 242 542 tem
273 495 346 538 .se
399 492 703 539 reservasse
749 485 1118 554 respondens,
1166 482 1423 552 reliquias
1468 480 1563 535 lilii
1616 481 1699 533 sui
1761 479 1978 533 detexit.
2041 475 2244 530 Horror
2292 474 2573 530 confestim
2627 485 2914 544 stuporque
2949 487 3041 528 eos
3094 475 3307 530 invasit.

159 576 353 633 Stabant
378 577 676 646 spectaculo
703 569 937 630 attoniti.
965 575 1102 631 Tum
1139 575 1354 640 mulier,
1379 573 1550 638 Meus,
1579 572 1771 641 inquit,
1811 582 1898 627 est
1923 572 2088 636 filius,
2116 585 2291 624 meum
2343 569 2442 622 hoc
2495 567 2722 621 facinus.
2762 567 2913 620 Editc
2937 580 3051 630 vos,
3099 568 3312 634 quando

163 679 208 723 et
243 670 345 738 ipsa
375 671 602 725 comedi.
644 663 836 725 Nolite
863 679 955 724 aut
1003 670 1199 725 femina
1242 669 1538 734 molliores,
1573 677 1664 720 aut
1693 672 1864 719 matre
1895 664 2235 734 benigniores
2283 659 2472 714 videri.
2528 659 2678 725 Quod
2733 659 2777 712 si
2819 656 3046 712 fortasse
3080 657 3310 724 religiosi

156 759 296 822 estis,
325 766 377 812 et
417 759 484 812 ab
525 773 621 812 esu
666 759 894 813 victima:
949 774 1081 813 mea:
1136 758 1476 822 abhorretis,
1529 771 1627 827 ego
1685 755 1958 810 dimidiam
2002 754 2217 823 quidem
2258 759 2462 822 partem
2501 747 2612 816 jam
2661 749 3000 816 consumpsi,
3052 745 3310 814 reliquum

156 850 343 919 perinde
386 848 512 902 mihi
560 858 793 903 maneat.
847 849 974 903 Post
1013 851 1128 903 hac
1172 849 1248 903 illi
1285 860 1576 903 trementes
1631 848 1983 910 abscessere,
2042 848 2111 900 ad
2169 845 2272 899 lioc
2321 856 2486 897 unum
2532 840 2708 909 pavidi
2753 851 2910 908 atque
2949 839 3218 902 imbelles,
3260 849 3313 889 et

158 941 242 993 hoc
267 953 452 1008 genere
479 937 719 1020 alimenti
746 953 887 1006 aegre
934 948 1116 993 .matri
1163 947 1371 993 relicto.
1426 937 1589 1016 Fama
1647 937 1900 991 continuo
1950 936 2086 991 tanti
2155 934 2372 988 sceleris
2411 947 2508 1001 per
2551 940 2719 986 totam
2769 932 3034 986 civitatem
3077 931 3311 996 dispersa

156 1038 257 1092 est,
281 1037 332 1080 et
352 1027 581 1095 quisque
614 1018 822 1081 facinus
849 1027 975 1080 illud
1001 1036 1129 1082 ante
1171 1029 1359 1082 oculos
1393 1012 1692 1097 proponens
1722 1065 1737 1090 ,
1777 1034 2031 1093 tanquam
2085 1038 2114 1077 a
2164 1023 2339 1092 seipse
2388 1031 2754 1090 perpetratum
2803 1029 2986 1084 esset,
3042 1018 3310 1072 horrebat.

154 1117 330 1193 Exinde
351 1117 531 1169 cuncti
560 1115 701 1170 fame
726 1118 968 1187 oppressi
997 1113 1065 1171 ad
1120 1128 1351 1174 mortem
1408 1120 1552 1171 omni
1594 1115 1770 1171 studio
1822 1114 2254 1176 c0utendebaut,
2319 1120 2373 1165 et
2419 1112 2603 1165 beatos
2657 1111 2776 1163 illos
2836 1111 3161 1170 censebant,
3220 1106 3310 1175 qui

155 1219 412 1276 antequam
451 1217 629 1262 tantas
662 1209 992 1263 calamitates
1037 1221 1129 1285 aut
1159 1211 1330 1264 oculis
1360 1218 1451 1263 aut
1474 1209 1656 1263 auditu
1690 1209 2064 1276 accepissent,
2096 1205 2206 1258 fato
2238 1202 2447 1271 abrepti
2497 1203 2730 1254 fuerant.
2783 1202 2949 1271 Igitur
3009 1201 3307 1255 Judzeorum

153 1297 301 1357 scelus
348 1311 511 1370 atque
566 1303 894 1370 impietatem
950 1304 1203 1367 adversus
1227 1303 1393 1356 Deum
1446 1301 1627 1357 Iesum
1660 1300 1944 1356 Christum
1975 1297 2284 1368 huiusmodi
2308 1295 2436 1349 ultio
2463 1300 2752 1347 consecuta
2782 1300 2886 1346 est.

640 1393 1032 1446 ΚΕΦΑΛΑΙΟΝ
1066 1395 1143 1447 Ζο.
1688 1400 1738 1456 Α

153 1483 264 1549 Περὶ
280 1479 392 1533 τῶν
406 1482 778 1558 τοῦζΧριστοῦ
791 1483 1169 1553 προρῤήσεων
1181 1484 1315 1554 (Nic.
1336 1483 1481 1540 H.E.
1499 1485 1667 1556 ιιι,4).

207 1594 512 1666 Παραθεῖναι
554 1595 599 1647 δ’
623 1595 803 1658 αὐτοῖς
842 1595 1013 1662 ἄξιον,
1040 1597 1135 1666 τὴν
1166 1597 1366 1668 ἀψευδῆ
1413 1597 1505 1650 τοῦ
1548 1599 1657 1650 Σω-

144 1685 286 1759 τῆθος
314 1686 462 1755 ἡμῶν
501 1687 823 1758 πρόρρησιν,
849 1687 914 1740 δι’
936 1683 1004 1760 ἧς
1033 1688 1169 1741 αὐτὰ
1199 1688 1366 1742 ταῦτα
1395 1689 1542 1759 δηλοῖ
1569 1682 1667 1742 ὧδέ

152 1793 248 1839 πως
276 1776 647 1846 προφητεύων·
691 1796 709 1828 ι
742 1779 876 1830 Οὐαὶ
917 1779 974 1831 δὲ
1025 1781 1141 1841 ταῖς
1184 1779 1242 1831 ἐν
1273 1780 1469 1850 γαστρὶ
1516 1779 1672 1849 ἐχού-

153 1885 253 1930 σαις
281 1869 365 1921 καὶ
390 1871 506 1931 ταῖς
533 1868 886 1935 θηλαζούσαις
920 1871 976 1922 ἐν
1003 1870 1234 1934 ἐκείναις
1262 1873 1380 1932 ταῖς
1405 1871 1633 1942 ἡμέραις
1653 1885 1665 1900 ·

150 1961 480 2030 προσεύχεσθε
509 1962 588 2026 δὲ,
617 1959 701 2014 ἵνα
733 1962 807 2030 μὴ
864 1963 1076 2031 γένηται
1115 1963 1268 2032 ὑμῶν
1308 1965 1342 2033 ἠ
1383 1964 1525 2033 φυγὴ
1561 1981 1671 2034 χει-

154 2052 328 2121 μῶνος,
375 2051 511 2123 ,μηδὲ
580 2052 847 2122 σαϐϐάτῳ.
913 2053 1103 2106 Ἔσται
1155 2053 1263 2124 γὰρ
1314 2055 1435 2108 τότε
1498 2055 1672 2124 θλίψις

150 2139 352 2210 μεγάλη,
391 2139 473 2192 οἶα
504 2139 604 2192 οὐκ
633 2139 844 2206 ἐγένετο
873 2140 966 2192 ἀπ’
999 2141 1172 2210 ἀρχῆς
1211 2142 1412 2211 κόσμου
1442 2143 1546 2205 ἕως
1576 2140 1668 2196 τοῦ

150 2231 248 2292 νῦν,
286 2231 394 2282 οὐδὲ
445 2231 519 2301 μὴ
561 2231 796 2300 γένηται.
825 2247 843 2280 ι
900 2231 1220 2298 Συναγαγὼν
1260 2232 1317 2292 δὲ
1368 2234 1542 2286 πάντα
1581 2234 1670 2286 τὸν

148 2318 240 2372 τῶν
267 2320 605 2392 ἀνῃρημένων
653 2320 876 2392 ἀριθμὸν
914 2326 942 2376 ὁ
975 2324 1344 2393 συγγραφεὺς,
1388 2321 1528 2391 λιμῷ
1578 2319 1670 2375 καὶ

151 2407 274 2477 ξίφει
317 2411 572 2484 μυριάδας
607 2411 794 2465 ἐκατὸν
822 2413 914 2466 καὶ
939 2413 1067 2466 δέκα
1105 2413 1459 2483 διαφθαρῆναξ
1507 2429 1667 2482 φησι,

147 2501 256 2563 τοὺς
285 2501 335 2553 δὲ
359 2501 573 2565 λοιποὺς
610 2501 918 2566 στασιώδεις
945 2504 1040 2556 καὶ
1077 2502 1414 2573 λῃστρικοὺς,
1445 2501 1548 2555 ὑπὸ
1577 2504 1669 2555 ἀλ-

148 2591 303 2661 λήλων
333 2593 466 2663 μετά
496 2593 594 2664 τὴν
625 2595 823 2648 ἅλωσιν
854 2594 1305 2663 ἐνδεικνυμένους,
1345 2595 1666 2666 ἀνῃρῆσθαι,

148 2682 242 2734 τῶν
281 2682 330 2734 δέ
369 2682 502 2736 νέων
529 2684 653 2746 τοὺς
685 2683 1043 2753 ὑψηλοτάτους
1079 2685 1174 2737 καὶ⁵
1216 2683 1397 2736 κάλλει
1425 2683 1668 2753 σώματος

2363 1380 2591 1441 CAPUT
2627 1382 2730 1437 VII.

2172 1474 2248 1533 De
2270 1477 2686 1549 prcedictionibus
2714 1473 2928 1528 Christi.

1842 1591 2028 1663 Opera:
2065 1589 2296 1659 pretium
2342 1595 2517 1641 autem
2554 1587 2715 1641 fuerit
2759 1586 2846 1639 liis
2885 1585 3170 1653 adjungere
3197 1601 3314 1639 cer-
3395 1570 3398 1591 ἶ

1772 1683 2040 1739 tissimum
2065 1678 2372 1734 SerVatoris
2400 1676 2566 1732 nostri
2596 1676 2895 1741 oraculum,
2922 1690 3025 1742 quo
3051 1674 3164 1729 haec
3198 1677 3310 1744 ipsa

1771 1776 2091 1844 praedixerat
2125 1773 2209 1826 bis
2236 1770 2412 1825 verbis
2449 1787 2462 1821 :
2498 1787 2516 1818 ι
2563 1768 2648 1821 Vae
2701 1766 3096 1837 praegnantibus
3130 1775 3184 1819 et
3213 1783 3310 1819 nu—

1775 1864 1999 1919 tricibus
2041 1863 2096 1917 in
2146 1861 2254 1915 illis
2298 1860 2505 1913 diebus.
2539 1859 2697 1912 Orate
2739 1866 2918 1910 autem
2949 1871 3015 1910 ne
3050 1855 3171 1925 fuga
3204 1856 3307 1925 81

1773 1965 1950 2010 vestra
1981 1954 2255 2022 contingat
2279 1953 2454 2005 hieme
2480 1951 2564 2005 vel
2591 1949 2845 2005 Sabbato.
2878 1950 2992 2004 Erit
3024 1951 3164 2004 enim
3189 1959 3316 2003 tunc

1771 2043 2029 2112 temporis
2055 2040 2331 2096 calamitas
2363 2052 2558 2106 magna
2582 2076 2596 2100 ,
2630 2037 2928 2105 cuiusmodi
2961 2036 3190 2090 nondum
3218 2033 3315 2087 fuit

1771 2134 1840 2187 ab
1873 2133 2027 2187 initio
2075 2130 2302 2194 mundi,
2340 2142 2436 2182 nec
2483 2127 2705 2196 posthac
2731 2116 2853 2180 erit.
2909 2143 2928 2177 ›
2975 2125 3147 2181 Porro
3177 2125 3313 2178 idem

1771 2222 1862 2277 ille
1908 2219 2148 2275 historiae
2180 2218 2410 2284 scriptor
2455 2215 2768 2268 universum
2812 2229 3094 2268 numerum
3126 2230 3313 2268 eorum

1770 2310 1859 2377 qui
1894 2308 1974 2362 vel
2006 2305 2184 2375 gladio
2225 2295 2484 2357 vel'fame
2505 2301 2810 2370 perierunt,
2845 2300 3000 2353 simul
3034 2302 3314 2372 colligens,

1768 2399 2025 2455 undecies
2051 2406 2272 2451 centena
2308 2395 2581 2450 hominum
2619 2390 2784 2445 millia
2827 2390 3048 2458 periisse
3085 2392 3312 2445 scribit:

1774 2489 2069 2546 seditiosos
2108 2501 2237 2542 vero
2261 2495 2312 2538 et
2343 2484 2621 2553 prazdoues
2657 2481 2748 2550 qui
2783 2480 3175 2548 superfuerant,
3197 2493 3316 2548 post

1769 2587 1920 2642 urbis
1942 2585 2210 2640 excidium
2241 2589 2422 2636 mutuo
2452 2577 2648 2631 iudicio
2677 2573 2978 2634 damnatos,
3012 2576 3195 2639 poenas
3221 2570 3315 2622 dee

1771 2681 1914 2734 disse
1937 2695 1956 2732 ι
1984 2688 2037 2732 et
2060 2691 2149 2752 ιιι¹
2171 2674 2452 2742 iuventute
2485 2669 2698 2749 quidem
2724 2679 2838 2727 eos,
2869 2664 2959 2732 qui
2992 2663 3313 2730 proceritate

149 2769 489 2840 διαφέροντας,
539 2771 861 2842 τετηρῆσθαι
913 2772 1188 2844 θριάμϐῳ,
1241 2771 1335 2825 τοῦ
1370 2772 1434 2825 ’δὲ
1483 2772 1666 2826 λοιποῦ

1769 2757 2014 2839 corporis
2037 2776 2093 2820 et
2114 2765 2286 2841 forma
2318 2761 2531 2818 cmteris
2559 2764 2898 2829 prtestarent,
2932 2754 2997 2809 ad
3027 2767 3312 2807 ornamen-

151 2861 388 2931 πλήθους,
432 2863 557 2925 τοὺς
602 2863 739 2935 ὑπὲρ
782 2865 1142 2918 ἑπτακαίδεκα
1174 2864 1290 2934 ἔτη,
1318 2865 1566 2935 δεσμίους
1593 2867 1672 2929 εἰς

145 2951 345 3006 τὰ.κατ’
367 2954 634 3022 Αἴγυπτον
666 2954 802 3024 ἔργα
849 2955 1329 3027 παραπεμφθῖψαι,
1362 2954 1575 3018 πλείους
1614 2953 1671 3007 δὲ

149 3044 218 3106 εἰς
244 3045 332 3108 τὰς
385 3045 646 3115 ἐπαρχίας
690 3045 1096 3115 διανενεμῆσθαι
1137 3046 1567 3116 φθαρησομένους
1614 3047 1671 3098 ἐν

147 3135 243 3199 τοῖς
297 3137 533 3207 θεάτροις
587 3137 923 3221 σιδήρῳτκαὶ
968 3137 1205 3208 θηρίοις,
1251 3137 1376 3199 τοὺς
1435 3136 1480 3189 δ’
1526 3135 1672 3198 ἐντὸς

146 3225 486 3282 ἑπτακαίδεκα
535 3228 690 3291 ἐτῶν,
739 3227 1112 3299 αἰχμαλώτους
1174 3227 1434 3297 ἀχθέντας
1485 3227 1670 3280 διαπε-

146 3319 390 3386 πρᾶσθαι,
433 3320 634 3374 τούτων
683 3321 737 3372 δὲ
772 3320 944 3390 μόνων
991 3319 1080 3373 τὸν
1126 3317 1371 3391 ἀριθμὸν,
1402 3320 1490 3382 είς
1520 3317 1670 3371 ἐννέα

147 3407 388 3474 μυριάδας
425 3409 533 3479 (64)
574 3409 780 3479 ἀνδρῶν
811 3409 1152 3480 συναχθῆναι.
1183 3409 1363 3463 Ταῦτα
1390 3408 1447 3461 δὲ
1486 3407 1671 3461 τοῦτον

145 3493 368 3563 ἐπράχθη
421 3496 513 3548 τὸν
559 3497 775 3566 τρόπον,
833 3499 1064 3568 δευτέρῳ
1118 3499 1218 3566 τῆς
1268 3497 1670 3554 Οὐεσπασιανοῦ

145 3578 395 3671 βασιλείας
435 3584 565 3648 ἔτει,
612 3585 913 3648 ἀκολούθως
945 3589 1064 3648 ταῖς
1099 3589 1528 3656 προγνωστικαῖς
1576 3586 1668 3638 τοῦ

142 3674 326 3744 Κυρίου
354 3677 443 3729 καὶ
472 3677 720 3747 Σωτῆρος
746 3677 902 3747 ἡμῶν
941 3678 1111 3747 Ἰησοῦ
1156 3679 1388 3749 Χριστοῦ
1428 3679 1670 3750 προρρή-

142 3778 292 3829 σεσιν,
337 3767 451 3837 θείᾳ
492 3766 714 3836 δυνάμει
753 3766 938 3836 ῶσπερ
984 3767 1082 3836 ἤδη
1129 3767 1366 3836 παρόντα
1393 3778 1670 3838 προεωρα-

141 3855 280 3920 ιότος
312 3858 465 3920 αὐτὰ,
501 3856 951 3928 ἐπιδακρύσαντός
981 3873 1038 3908 τε
1071 3857 1163 3908 καὶ⁸
1191 3857 1666 3926 ἁποκλαυσαμένου

141 3948 264 4001 κατά
299 3949 392 4020 τὴν
434 3948 542 4003 τῶν
579 3947 734 4019 ἱερῶν
781 3945 1171 4015 εὑαγγελιστῶν
1204 3946 1441 4016 Γραφὴν,
1478 3946 1526 3996 οἳ
1573 3939 1666 3998 καὶ

138 4037 292 4102 αὐτὰς
322 4038 478 4092 αὐτοῦ
519 4038 926 4110 παρατέθεινται
953 4036 1051 4099 τὰς
1075 4035 1262 4101 λέξεις,
1285 4031 1404 4088 τοτὲ
1439 4034 1536 4104 μὲν
1566 4037 1666 4105 φή·-

141 4142 310 4192 σαντος
341 4129 412 4192 ὡς
449 4129 585 4199 πρὸς
616 4129 780 4199 αὐτὴν
810 4128 907 4199 τὴν
938 4125 1312 4199 Ἱερουσαλήμν
1347 4143 1366 4175 ι
1391 4126 1453 4176 El
1498 4124 1665 4193 ἔγνως

141 4220 220 4271 καί
245 4237 308 4290 γε
336 4223 395 4274 σὺ
427 4224 482 4274 ὲν
516 4223 579 4291 τῇ
620 4219 801 4291 ἡμέρα
839 4219 1005 4289 ταύτῃ
1034 4218 1103 4271 τὰ
1134 4213 1265 4290 πρὸς
1293 4216 1509 4288 εἰρήνην
1545 4232 1625 4269 σοι
1647 4234 1664 4248 ο

137 4307 221 4362 νῦν
245 4310 299 4362 δὲ
332 4310 532 4382 ἐκρύϐη
561 4311 668 4371 ἀπὸ
691 4310 978 4380 ὀφθαλμῶν
1009 4328 1121 4366 σου.
1146 4310 1265 4362 Ὅτι
1292 4306 1508 4378 ἥξουσιν
1536 4307 1667 4377 ἠμέ-

139 4399 224 4469 ραι
251 4402 342 4454 ἐπὶ
373 4402 453 4465 σὲ,
482 4402 574 4453 καί
613 4401 956 4472 περιϐαλοῦσί
991 4417 1070 4453 σοι
1113 4401 1160 4453 οι
1204 4398 1384 4470 ἐχθροί
1427 4410 1520 4452 σου
1564 4385 1662 4468 χά-

140 4507 298 4559 pexa,
339 4492 430 4546 καὶ
485 4491 942 4563 περικυκλώσουσί
1002 4507 1081 4554 σε,
1129 4492 1225 4543 καὶ
1277 4488 1550 4556 συνέξουσί
1605 4504 1664 4541 σε

140 4579 401 4647 πάντοθεν,
445 4582 537 4635 καὶ
588 4581 859 4649 ἐδαφιοῦσί
906 4597 965 4632 σε
1005 4582 1097 4633 καὶ
1145 4579 1213 4634 τὰ
1261 4581 1423 4632 τέκνα
1485 4596 1603 4632 σου·
1642 4599 1658 4629 ι

137 4669 242 4721 ’τοτὲ
267 4668 343 4733 δὲ,
367 4669 443 4734 ὡς
468 4669 596 4739 περὶ
615 4667 707 4720 τοῦ
738 4666 894 4720 λαοῖν
929 4685 947 4717 ι
975 4667 1160 4718 Ἔσται
1190 4666 1296 4736 γὰρ
1326 4667 1534 4736 ἀνάγκη
1572 4681 1666 4734 με-

137 4754 259 4827 γάλη
291 4761 381 4813 ἐπὶ
425 4755 524 4829 τῆς
573 4761 702 4829 γῆς,
749 4757 840 4812 καὶ
891 4757 1026 4828 ὀργὴ
1057 4755 1134 4826 τῷ
1169 4756 1281 4826 λαῷ
1327 4741 1518 4825 τούτῳ.
1556 4754 1699 4806 Καὶ·

136 4847 406 4903 πεσοῦνται
435 4852 492 4906 ἐν
525 4851 746 4920 στόματι
786 4846 1054 4918 μαχαίρας
1101 4846 1193 4898 καὶ
1234 4843 1667 4915 αἰχμαλωτισθή-

138 4949 299 4988 σονται
335 4928 414 5002 εἰς
461 4941 632 4994 πάντα
675 4939 742 4993 τά
781 4938 906 5010 ἔθνη
931 4955 945 4968 θ
987 4936 1081 4989 καὶ
1118 4931 1463 5005 Ἰερουσαλὴμ
1511 4935 1661 4986 ἔσται

137 5027 428 5098 πατουμένη
469 5029 572 5099 ὑπὸ
612 5030 796 5094 ἐθνῶν,
825 5030 981 5101 ἄχρις
1013 5019 1431 5097 οὗπληρωθῶσι
1481 5024 1660 5095 καιροὶ

137 5111 346 5167 ἐθνῶν.»
383 5117 494 5169 Καὶ
540 5118 726 5172 πάλιν·
765 5137 784 5169 ι
816 5118 978 5171 Ὀταν
1007 5116 1062 5169 δὲ
1107 5115 1250 5183 ἴδητε
1293 5113 1659 5182 κυκλουμένην

138 5200 234 5257 ὑπὸ
266 5206 636 5275 στρατοπέδων
665 5208 762 5278 τὴν
799 5204 1161 5277 Ἰερουσαλὴμ,
1191 5204 1307 5255 τότε
1353 5202 1542 5268 γνῶτε,
1579 5201 1668 5257 ὅτι

1770 2869 1881 2913 tum
1919 2855 2174 2925 triumphi
2215 2859 2559 2909 reservatos:
2591 2863 2656 2903 ex
2689 2848 2894 2915 reliqua
2947 2853 3126 2898 autem
3182 2841 3314 2894 mule

1773 2948 2000 3003 titudine
2026 2961 2139 3012 eos,
2175 2945 2265 3013 qui
2293 2943 2576 3012 septimum
2618 2940 2889 2994 decimdm
2916 2934 3086 2990 aetatis
3119 2946 3314 2985 annum

1771 3044 2139 3097 excesserant,
2173 3034 2382 3088 vinetus
2405 3029 2470 3083 ad
2501 3027 2716 3083 metalla
2743 3024 3041 3080 exercenda
3083 3022 3132 3075 in
3155 3019 3317 3090 Egy-

1773 3141 1922 3198 ptum
1958 3129 2249 3197 perductos
2274 3139 2396 3179 esse
2442 3141 2457 3178 :
2505 3121 2769 3190 plurimos
2799 3132 2928 3173 vero
2961 3131 3058 3184 per
3103 3114 3316 3184 provin-

1771 3220 1882 3273 cias
1930 3219 2286 3281 distributos,
2335 3216 2425 3285 qui
2476 3214 2529 3267 in
2578 3211 2811 3280 publicis
2861 3207 3176 3277 spectaculis
3224 3213 3316 3257 aut

1775 3310 1924 3365 ferro
1952 3319 2044 3364 aut
2071 3309 2259 3364 bestiis
2284 3309 2727 3361 consumerentur
2762 3317 2775 3353 :
2814 3299 3117 3366 quicunque
3141 3304 3314 3348 autem

1772 3402 2009 3456 minores
2053 3406 2232 3454 essent
2263 3396 2416 3451 anuis
2458 3389 2838 3462 septemdecim
2865 3426 2881 3452 ,
2914 3401 3006 3441 eos
3053 3387 3104 3440 in
3151 3385 3317 3439 servi-

1771 3499 1938 3546 tutem
1971 3490 2233 3543 abductos
2265 3484 2363 3540 sub
2389 3493 2589 3538 corona
2635 3479 2884 3533 veniisse.
2931 3475 3165 3542 Quorum
3199 3474 3317 3541 qui-

1771 3583 1887 3636 dem
1919 3592 2200 3633 numerum
2231 3577 2293 3629 ad
2324 3571 2612 3640 nonaginta
2640 3582 2808 3635 usque
2845 3567 3120 3620 hominum
3146 3562 3312 3615 milia

1769 3671 2076 3740 pervenisse
2116 3666 2365 3720 affirmat.
2406 3663 2472 3718 Et
2500 3663 2614 3715 hac
2641 3659 2856 3726 quidem
2897 3670 3035 3709 anno
3078 3655 3314 3707 secundo

1766 3761 2100 3831 principatus
2129 3752 2444 3823 Vespasiani
2476 3748 2696 3816 Augusti
2725 3747 2790 3799 ad
2818 3746 2959 3797 hunc
2988 3744 3200 3794 modum
3229 3756 3315 3808 ge-

1768 3861 1850 3904 sta
1883 3857 2046 3910 sunt,
2069 3845 2222 3912 juxta
2265 3839 2575 3896 Servatoris
2612 3835 2799 3889 nostri
2838 3831 3178 3884 vaticinium.
3208 3831 3308 3893 Qui

1767 3939 1945 3991 divina
1976 3935 2231 4008 praeditus
2252 3932 2470 3990 virtute,
2497 3940 2560 3980 ea
2594 3939 2711 3991 quas
2746 3930 2964 3974 ventura
2996 3928 3166 3980 erant,
3191 3927 3310 3972 tan-

1769 4041 1927 4095 quam
1957 4021 2242 4093 praesentia
2271 4017 2438 4077 multo
2463 4025 2588 4069 ante
2617 4012 2938 4081 praeviderat
2965 4028 2980 4064 :
3013 4021 3066 4063 et
3099 4009 3310 4079 illacry-

1768 4127 1941 4170 matus
1975 4112 2148 4166 fuerat
2179 4117 2339 4177 atque
2371 4107 2737 4173 ingemuerat,
2777 4109 2834 4153 ut
2863 4098 3307 4168 evangelistaruui

1767 4206 1962 4275 scripta
1997 4210 2278 4262 testantur.
2314 4195 2377 4250 Hi
2403 4196 2545 4249 enim
2593 4194 2707 4260 ipsa
2737 4204 2950 4258 quoque
2979 4189 3121 4241 illius
3147 4188 3309 4241 verba

1768 4296 2106 4360 retulerunt,
2137 4290 2331 4359 quibus
2365 4286 2526 4340 modo
2557 4283 2829 4338 civitatem
2877 4278 3044 4348 ipsam
3073 4279 3310 4346 compel-

1767 4390 1883 4444 lans
1904 4420 1922 4454 ,
1953 4385 2131 4441 aiebat
2154 4381 2198 4413 '°
2235 4403 2246 4436 ;
2277 4397 2295 4430 ι
2325 4379 2394 4433 Si
2434 4374 2777 4443 cognovisses
2819 4380 2872 4422 et
2921 4379 2975 4422 tu
3004 4369 3056 4423 iu
3086 4370 3170 4424 die
3219 4371 3310 4423 illo

1768 4489 1886 4550 qua!
1935 4479 2000 4532 ad
2031 4489 2222 4546 pacem
2257 4483 2399 4526 tuam
2433 4467 2755 4522 conducunt.
2783 4461 2932 4514 Nunc
2961 4470 3141 4514 autem
3171 4461 3306 4514 abs-

1764 4569 1977 4624 condita
2025 4575 2152 4620 sunt
2197 4563 2263 4614 ab
2296 4557 2466 4612 oculis
2510 4556 2614 4608 tuis
2645 4571 2657 4605 :
2687 4551 2812 4618 quia
2831 4550 3049 4602 venient
3081 4550 3194 4602 dies
3222 4563 3310 4601 su-

1763 4673 1859 4727 per
1889 4667 1961 4718 te,
1997 4664 2051 4709 et
2084 4647 2498 4707 circumdabunt
2526 4652 2577 4696 te
2607 4640 2807 4695 inimici
2842 4640 2914 4693 tui
2937 4639 3097 4702 vallo,
3128 4647 3180 4693 et
3204 4639 3309 4691 cin-

1764 4726 1889 4816 gent
1917 4753 1967 4798 te
2001 4743 2235 4809 undique
2259 4777 2274 4802 ,
2318 4745 2372 4790 et
2402 4732 2783 4801 cxpugnabunt
2818 4737 2871 4784 te
2893 4769 2908 4795 ,
2938 4737 2989 4784 et
3017 4729 3133 4784 solo
3166 4726 3305 4778 adu:-

1766 4812 2006 4905 quabunt
2028 4873 2045 4896 ,
2081 4842 2136 4885 et
2181 4828 2318 4898 ﬁlios
2367 4834 2486 4877 tuos
2520 4822 2741 4883 elident;
2777 4838 2796 4871 ι
2831 4820 2991 4875 modo
3019 4819 3083 4871 de
3113 4812 3305 4883 populo

1765 4901 1880 4992 ipso
1927 4920 2106 4973 aiebat
2137 4935 2151 4970 :
2188 4934 2204 4966 ι
2242 4915 2361 4966 Erit
2398 4909 2540 4964 enim
2585 4908 2761 4963 clades
2791 4923 2979 4977 magna
3012 4916 3066 4961 et
3093 4906 3171 4957 ira
3211 4901 3300 4954 Dei

1762 5015 2016 5066 adversus
2064 5009 2205 5060 hunc
2239 5002 2528 5070 populum;
2562 5009 2618 5055 et
2645 5001 2835 5054 cadent
2888 4998 2939 5050 in
2972 5009 3066 5049 ore
3093 4993 3250 5061 gladii
3280 5027 3300 5056 ,

1763 5113 1816 5157 et
1839 5101 2031 5168 captivi
2061 5098 2322 5151 ducentur
2353 5094 2407 5146 in
2432 5109 2619 5150 omnes
2647 5100 2851 5161 gentes.
2899 5087 2961 5139 Et
3008 5082 3300 5137 Jerusalem

1767 5192 2058 5247 calcabitur
2098 5202 2126 5239 a
2178 5183 2422 5254 gentibus
2448 5227 2462 5251 ,
2496 5185 2663 5238 donec
2705 5179 3020 5247 impleantur
3060 5181 3298 5241 tempora

137 5261 404 5387 Si)
445 5261 931 5366 ἐρήμυσιςιαύτης.
960 5315 978 5347 ι
1009 5261 1306 5365 Συίξκρίνας
1438 5261 1537 5354 σιτις⁷
1565 5288 1662 5351 τὰς

1769 5281 2021 5354 gentium.
2057 5296 2077 5329 ι
2109 5274 2175 5330 Ει
2209 5290 2433 5331 rursus:
2485 5293 2502 5325 ι
2548 5274 2680 5328 Cum
2709 5277 2883 5324 autem
2909 5261 3147 5318 videritis
3190 5264 3303 5318 (ιιι-ε-

194 5405 239 5446 ³⁸
259 5403 391 5460 Luc.
419 5418 532 5458 xix.

143 5570 174 5589 .__
197 5517 301 5589 (64)
326 5519 428 5580 Εις
445 5514 622 5589 Wa
641 5515 947 5589 μυριάδας.
966 5512 1338 5589 ΔΠίιῐιιιιιίιιιιιιιι·
1363 5510 1645 5589 Eusebius.

135 5578 301 5658 Κάιυὸ
327 5578 464 5642 enim
494 5578 752 5651 lesepbus
790 5578 1205 5658 hoc_'dicit,_se_il
1247 5592 1453 5634 tantum
1502 5578 1645 5658 amri

1749 5503 1909 5562 millia
1946 5503 2274 5570 pervenisse.
2308 5499 2484 5556 Locus
2512 5507 2594 5570 est
2623 5497 2674 5548 in
2701 5492 2818 5570 ﬁne
2842 5488 2965 5570 libri
2990 5503 3086 5570 vi:
3113 5487 3301 5570 Itaque

1751 5559 2506 5638 inerito'Chiristophorsonus
2551 5569 2648 5620 hoc
2700 5561 2818 5616 loco
2871 5559 3088 5614 Eusebii
3141 5560 3303 5613 verba

136 5637 569 5724 numerum
596 5637 778 5724 eorum
813 5651 902 5718 qui
935 5637 1203 5724 toto'belli
1242 5660 1476 5724 tempore
1506 5649 1646 5724 capti
1753 5637 2134 5710 aliquantulum
2172 5637 2500 5702 immolavit.

137 5719 248 5783 ιιιιιί
283 5743 312 5782 a
351 5721 624 5802 Romanis.
675 5721 740 5772 ad
793 5719 1074 5788 nonaginta
1135 5729 1337 5788 septem
1379 5720 1649 5772 hominum

507 5805 774 5872 Ριτποι..
823 5808 938 5869 Gn.
983 5808 1135 5869 XX.

3041 5789 3082 5846 8
