3934 6342
1305 474 1573 530 EUSEBll
1608 472 2081 531 CESARIENSIS
2120 473 2272 529 OPP.
2310 470 2489 529 PARS
2524 475 2563 530 Ι.
2606 505 2674 515 -—
2712 475 3101 539 HISTORICA.

3706 463 3801 546 ἐτι

602 593 847 649 cumdari
878 593 944 651 ab
1001 593 1243 649 exercitu
1272 592 1569 650 Jerusalem
1594 634 1608 657 ,
1662 603 1787 650 tunc
1824 594 2015 649 scitote
2036 596 2126 664 qui

2263 592 2354 645 τοῦ
2388 592 2634 663 Σωτῆρος
2661 594 2819 664 ἡμῶν
2846 595 3017 665 λέξεις
3042 598 3161 659 ταῖς
3201 595 3413 662 λοιπαῖς
3453 598 3544 652 τοῦ
3577 615 3799 672 συγγρα-

607 684 1058 753 appropinquavit
1102 682 1365 757 desolatio
1409 684 1529 752 ejus
1570 682 1639 737 ⁸⁸.
1695 700 1714 735 ι
1760 683 1913 749 Quod
1948 684 1994 738 si
2041 683 2193 751 quis~

606 773 914 830 Servatoris
961 774 1137 829 nostri
1173 774 1336 829 verba
1366 789 1487 828 cum
1519 775 1585 829 iis
1611 783 1912 843 comparet,
1946 791 2063 845 qua:
2093 776 2161 831 ab

604 867 825 935 eodemz
851 865 1132 935 Scriptore
1180 866 1246 919 de
1280 865 1535 919 universo
1570 864 1710 919 bello
1739 876 2159 921 commemorata

598 967 748 1025 sunt,
779 959 897 1012 ﬁeri
930 972 1034 1012 non
1064 964 1245 1025 potest
1270 955 1399 1025 quin
1435 955 1732 1009 admiretur
1757 956 2156 1030 prtescientiam

599 1067 665 1105 ac
714 1034 1120 1120 przedictionem
1164 1048 1471 1102 Servatoris
1514 1048 1684 1102 nostri
1714 1088 1729 1113 ,
1764 1040 1999 1117 eamque
2032 1064 2159 1104 vere

598 1143 842 1196 divinam
873 1148 928 1193 et
960 1153 1120 1208 supra
1165 1137 1274 1207 82
1322 1138 1545 1191 modum
1580 1140 1901 1208 stupendam
1932 1154 2053 1194 esse
2080 1141 2157 1192 t'a—

596 1243 794 1289 teatur.
828 1231 906 1285 Ac
939 1232 1006 1284 de
1050 1231 1115 1283 iis
1148 1231 1359 1297 quidem
1398 1245 1516 1298 quae
1547 1229 1813 1285 universa:
1845 1230 2153 1285 Judzeorum

593 1323 741 1391 genti
782 1332 901 1392 post
932 1322 1237 1391 passionem
1291 1320 1498 1377 Domini
1530 1321 1868 1390 contigerunt
1894 1363 1910 1388 ,
1945 1332 2001 1376 et
2032 1331 2156 1390 post

591 1426 753 1467 voces
795 1412 917 1465 illas
949 1412 1143 1479 quibus
1194 1409 1459 1463 latronem
1494 1410 1709 1479 quidem
1739 1419 1795 1463 et
1821 1410 2150 1464 homicidam

590 1502 785 1557 mortis
822 1500 1084 1568 supplicio
1116 1498 1357 1563 liberari,
1394 1499 1568 1567 ipsum
1607 1512 1737 1553 vero
1767 1509 2042 1553 auctorem
2072 1501 2153 1552 vi-

591 1603 657 1646 ta:
682 1608 712 1647 e
738 1592 913 1646 medio
942 1590 1052 1645 tolli
1082 1590 1312 1661 populus
1344 1592 1522 1645 omnis
1572 1590 2027 1655 succlamaverat,
2059 1588 2150 1645 Jo-

586 1683 740 1751 sephi
782 1683 1080 1737 narrationi
1108 1682 1403 1750 quidQuam
1448 1680 1649 1736 addere
1680 1682 1902 1736 minime
1924 1696 2150 1736 necesse

583 1786 685 1829 est.
717 1776 805 1828 Illa
838 1790 964 1829 vero
992 1774 1228 1841 adjicere
1270 1788 1481 1841 aequum
1515 1772 1675 1826 fuerit
1699 1809 1715 1835 ,
1750 1772 1945 1840 quibus
1979 1772 2147 1827 divini

583 1863 831 1917 Numinis
863 1861 1148 1919 clementia
1178 1874 1244 1913 ac
1268 1860 1611 1928 providentia
1635 1856 1951 1913 declaratur
1984 1876 1999 1913 :
2028 1876 2148 1930 qua:

2263 683 2405 753 φέως
2443 685 2699 756 ἱστορίαις
2740 688 2858 749 ταῖς
2880 689 3008 758 περὶ
3048 686 3140 740 τοῦ
3174 688 3371 751 παντὸς
3401 688 3656 759 πολέμου,
3698 692 3799 757 πῶς

2260 776 2360 827 οὐκ
2387 775 2451 828 ἂν
2482 776 2933 848 ἀποθαυμάσειεν,
2976 778 3122 845 θείαν
3148 779 3221 843 ὡς
3254 778 3466 851 ἀληθῶς
3511 780 3602 833 καὶ
3651 782 3801 852 ὑπερ-

2262 865 2409 934 φυῶς
2438 867 2729 937 παράδοξον
2756 869 2853 941 τὴν
2875 868 3173 940 πρόγνωσιν
3196 886 3256 922 τε
3282 869 3373 923 καὶ
3400 870 3696 943 πρόρρησιν
3717 872 3795 926 τοῦ

2261 957 2506 1029 Σωτῆρος
2542 961 2697 1029 ἡμῶν
2724 960 3076 1033 ὁμολογήσας.
3114 961 3248 1031 Περὶ
3278 960 3375 1031 μὲν
3411 957 3503 1015 οὖν
3535 961 3642 1014 τῶν
3674 964 3796 1033 μετὰ

2258 1048 2318 1101 τὸ
2352 1051 2614 1122 σωτήριον
2640 1035 2808 1113 πάθος
2842 1053 2937 1104 καὶ
2976 1052 3073 1115 τὰς
3116 1052 3297 1120 φωνάς
3329 1052 3542 1115 ὲκείνας
3580 1054 3639 1106 ὲν
3665 1050 3794 1125 αἷςή

2256 1138 2364 1191 τῶν
2396 1139 2658 1193 Ἰουδαίων
2691 1139 2896 1208 πληθὺς
2926 1140 3014 1193 τὸν
3046 1140 3143 1210 μὲν
3176 1140 3377 1215 λῃστὴν
3408 1142 3498 1196 καὶ
3523 1142 3686 1209 φονέα
3715 1141 3793 1193 τοῦ

2257 1226 2482 1281 θανάτου
2533 1228 2874 1300 παρῄτηται,
2918 1229 3008 1283 τὸν
3055 1230 3111 1281 δὲ
3154 1230 3391 1301 ἀρχηγὸν
3437 1232 3534 1302 τῆς
3575 1218 3717 1302 ζωῆς
3743 1231 3795 1297 ιε

2255 1318 2432 1371 αὐτῶν
2476 1310 2743 1371 ἱκέτευσεν
2788 1318 3035 1389 ἀρθῆναι,
3076 1319 3152 1389 τῷ
3200 1321 3793 1393 παντὶοσυμϐεδηκότων

2255 1410 2422 1473 ἔθνει,
2462 1411 2611 1462 οὐδὲν
2644 1411 2708 1463 ἂν
2753 1410 2858 1462 δέοι
2902 1412 3022 1471 ταῖς
3067 1411 3324 1481 ἱστορίαις
3363 1412 3630 1479 ἐπιλέγειν
3672 1412 3793 1481 (65).

2254 1499 2437 1553 Ταῦτα
2462 1500 2504 1552 δ’
2533 1499 2597 1552 ἂν
2624 1500 2708 1568 εἴη
2736 1499 2938 1561 δίκαιον
2978 1498 3056 1551 ἔτι
3103 1500 3426 1570 προσθῆναι,
3452 1501 3488 1554 ἀ
3520 1501 3709 1569 γένοιτ’
3734 1500 3791 1553 ἂν

2255 1591 2631 1661 παραστατικά
2673 1589 3099 1659 οφιλανθρωπίας
3146 1591 3243 1660 τῆς
3294 1592 3602 1659 παναγάθου
3669 1608 3790 1663 προ-

2253 1682 2418 1747 νοίας,
2444 1682 2849 1753 τεσσαράκοντα
2878 1684 2960 1751 ἐφ’
3000 1682 3141 1746 ὅλοις
3179 1682 3320 1735 ἔτεσι
3350 1684 3483 1752 μετά
3524 1684 3619 1753 τὴν
3664 1684 3790 1736 κατά

2249 1773 2345 1826 τοῦ
2374 1772 2605 1844 Χριστοῦ
2635 1774 2859 1844 τόλμαν,
2888 1774 2977 1829 τὸν
2999 1772 3115 1827 κατ’
3142 1772 3318 1826 αὐτῶν
3341 1772 3555 1843 ὀλεθρον
3574 1772 3791 1846 ὑπερθε-

2256 1866 2445 1935 μένης,
2488 1865 2545 1918 ὲν
2590 1864 2732 1926 ὅσοις
2784 1864 2891 1917 τῶν
2938 1863 3244 1918 ἀποστόλων
3271 1862 3363 1916 καὶ
3404 1863 3510 1915 τῶν
3551 1862 3787 1934 μαθητῶν

581 1954 795 2024 quidem
826 1961 949 2020 post
971 1950 1246 2021 piaculum
1278 1950 1334 2003 in
1363 1948 1642 2004 Christum
1674 1950 2131 2019 admissum,qua-

2248 1930 2490 2019 πλείους,
2528 1955 2778 2019 Ἰάκωϐος
2818 1972 2876 2007 τε
2921 1956 3079 2017 αὐτὸς
3104 1958 3132 2009 ὁ
3176 1953 3299 2025 τῇδε
3333 1930 3786 2021 πρῶτος-ἐπίσκο-

580 2044 829 2113 draginta
853 2056 1119 2095 annorum
1152 2040 1327 2107 spatio
1350 2080 1364 2105 ,
1401 2040 1632 2093 exitium
1661 2039 1876 2094 illorum
1911 2042 2138 2098 distulit.

580 2137 699 2203 Quo
731 2135 785 2187 in
815 2143 1055 2200 tempore
1090 2130 1318 2196 apostoli
1360 2145 1423 2185 ac
1469 2130 1720 2199 discipuli
1762 2145 1898 2200 pene
1926 2147 2139 2198 omnes,

579 2237 635 2281 et
677 2223 911 2279 Jacobus
940 2222 1058 2290 ipse
1087 2222 1291 2289 primus
1325 2220 1425 2275 loci
1458 2220 1602 2276 illius
1631 2222 1937 2293 episcopus,
1972 2223 2019 2279 is
2046 2226 2139 2294 qui

577 2318 750 2372 frater
784 2314 994 2369 Domini
1034 2314 1547 2378 dicebatur,‘adhuc
1573 2314 1891 2384 superstites
1915 2355 1931 2382 ,
1972 2324 2028 2371 et
2080 2317 2137 2371 in

576 2410 696 2477 ipsa
744 2404 1241 2475 Hierosolymorum
1294 2405 1512 2481 civitate
1560 2406 2139 2475 degentes,»lirmissi-

576 2514 723 2553 mum
760 2496 858 2551 loci
881 2498 1616 2564 munimentumperstabant,
1642 2511 1762 2549 cum
1794 2497 1975 2551 divina
2003 2499 2136 2561 Pro:

574 2588 811 2641 videntia
840 2588 1016 2641 adhuc
1041 2602 1133 2641 eos
1166 2586 1558 2654 patientissime
1592 2589 1904 2655 sustineret,
1927 2591 1969 2643 si
1998 2591 2138 2646 forte

576 2678 989 2732 commissorum
1023 2677 1308 2730 criminum
1356 2677 1729 2746 ptBuiientiam
1768 2692 2012 2749 agentes,
2038 2697 2137 2736 ve-

522 2802 525 2803 ν
576 2773 719 2823 niam
766 2780 819 2822 et
862 2768 1087 2821 salutem
1118 2769 1377 2834 consequi
1422 2778 1687 2836 possent:
1725 2785 1953 2839 cumque
1980 2772 2128 2840 ejus-

569 2862 715 2914 modi
756 2860 1019 2927 patientia
1068 2860 1291 2913 minime
1349 2870 1603 2914 contenta
1638 2860 1732 2914 Dei
1776 2862 2124 2932 benignitas,

573 2952 859 3006 horrendis
893 2950 1212 3020 quibusdam
1262 2951 1426 3020 signis
1457 2968 1519 3006 ac
1554 2955 1820 3020 portentis
1868 2954 2128 3010 divinitus

570 3042 751 3103 editis,
787 3040 1121 3095 calamitates
1147 3040 1299 3109 ipsis,
1334 3040 1436 3115 nisi
1463 3042 1832 3110 pmnitentiarn
1862 3044 2123 3113 egissent,

2247 2064 2372 2112 πος,
2415 2044 2509 2098 τοῦ
2550 2045 2751 2115 Κυρίου
2797 2046 3141 2116 χρηματίζων
3184 2044 3435 2114 ἀδελφὸς,
3462 2044 3543 2097 ἔτι
3581 2044 3657 2115 τῷ
3699 2045 3787 2115 βίῳ

2246 2138 2548 2209 περιόντες,
2598 2138 2690 2192 καὶ
2720 2140 2804 2189 ἐπ’
2844 2140 3009 2209 αὐτῆς
3041 2138 3139 2207 τῆς
3177 2136 3557 2209 Ἱεροσολύμων
3596 2136 3786 2198 πόλεως

2244 2229 2339 2294 τὰς
2372 2228 2647 2299 διατριϐὰς
2686 2229 3012 2299 ποιούμενοι,
3051 2227 3207 2299 ἕρκος
3245 2228 3430 2297 ὥσπερ
3465 2226 3787 2297 ὀχυρώτατον

2241 2307 2544 2391 πᾶρέμενον
2590 2320 2667 2390 τῷ
2709 2320 2891 2390 τόπῳ,
2934 2321 3030 2390 τῆς
3084 2320 3233 2383 θείας
3282 2318 3584 2387 ἐπισκοπῆς
3631 2316 3786 2369 εἰσέτι

2240 2412 2361 2465 τότε
2409 2410 2891 2481 μακροθυμούσης,
2933 2412 2979 2462 εί
3012 2411 3117 2481 ἄρα
3146 2408 3273 2461 ποτὲ
3308 2407 3577 2479 δυνηθεῖεν
3606 2407 3689 2474 ἐφ’
3713 2399 3785 2467 οἷς

2241 2501 2469 2573 ἔδρασαν
2525 2503 2983 2572 μετανοήσαντες,
3032 2499 3354 2570 συγγνώμης
3395 2500 3487 2552 καὶ
3530 2493 3783 2568 σωτηρίας

2240 2595 2440 2660 τυχεῖν,
2485 2593 2577 2644 καὶ
2624 2591 2756 2661 πρὸς
2806 2593 2871 2661 τῇ
2917 2589 3147 2660 τοσαύτῃ
3194 2589 3569 2660 μακροθυμίᾳ,
3620 2602 3783 2657 παρα-

2241 2682 2419 2748 δόξους
2465 2683 2757 2753 θεοσημίας
2803 2683 2907 2735 τῶν
2948 2683 3240 2752 μελλόντων
3291 2670 3486 2742 αὐτοῖς¹
3509 2680 3581 2749 μὴ
3628 2694 3781 2747 μετα-

2243 2776 2461 2844 νοήσασι
2514 2774 2881 2843 συμϐήσεσθαι
2938 2772 3372 2844 παρασχομένης.
3409 2772 3475 2822 Ἀ
3516 2770 3608 2822 καὶ
3656 2766 3782 2822 αὐτὰ

2238 2864 2454 2934 μνήμης
2502 2864 2791 2934 ἠξιωμένα
2828 2864 2961 2934 πρὸς
3006 2864 3097 2916 τοῦ
3145 2862 3505 2932 δεδηλωμένου
3557 2874 3782 2930 συγγρα-

2235 2954 2406 3022 φέως,
2462 2954 2611 3006 οὐδὲν
2664 2949 2772 3006 οἷον
2832 2958 2941 3020 τοῖς
2990 2954 3113 3024 τῇδε
3163 2952 3438 3022 προσιοῦσι
3489 2953 3555 3021 τῇ
3608 2948 3778 3017 γραφῇ

2234 3046 2568 3115 παραθεῖναι.
2750 3032 2751 3035 η

567 3144 857 3186 eventuras
887 3134 1295 3202 przenuntiaret.
1341 3134 1468 3200 Quae
1504 3134 1717 3203 quidem
1756 3136 1905 3205 signa
1940 3153 2061 3191 cum
2110 3151 2142 3191 a
2202 3126 2510 3207 supradicto
2568 3138 2807 3193 historiae
2845 3138 3110 3207 scriptore
3142 3136 3337 3191 litteris
3386 3133 3631 3189 mandata
3654 3130 3776 3185 εἰσιν

574 3244 679 3280 non
718 3227 1119 3280 incommodum
1158 3223 1323 3277 fuerit
1374 3228 1541 3279 nostri
1576 3243 1789 3299 quoque
1835 3234 2011 3302 operis
2041 3232 2335 3286 lectoribus
2367 3230 2625 3283 exhibere

1167 3316 1389 3371 CAPUT
1419 3317 1551 3388 vui.

1025 3406 1100 3459 De
1129 3408 1293 3475 signis
1318 3416 1438 3459 ante
1464 3406 1673 3459 bellum.

641 3502 864 3574 Sumpto
898 3505 1060 3570 igitur
1099 3506 1149 3555 in
1196 3517 1386 3554 manus
1439 3502 1576 3554 libro
1604 3542 1618 3566 ,
1650 3501 1816 3556 recita
1846 3492 1977 3573 mihi
2008 3515 2123 3569 qua!

474 3650 480 3656 ,
568 3597 807 3667 insexto
840 3595 1199 3649 Historiarum
1226 3594 1497 3646 volumine
1537 3592 1849 3645 referuntur
1892 3593 1976 3645 his
2005 3608 2125 3645 ver-

563 3687 678 3741 bis:
716 3704 734 3735 ι
762 3685 826 3738 Et
847 3687 998 3741 l'alsis
1030 3687 1244 3753 quidem
1296 3686 1400 3737 illis
1446 3685 1680 3748 vatibus,
1742 3689 1905 3751 s'eque
1958 3700 1988 3738 a
2019 3686 2125 3741 Deo

566 3780 759 3833 missos
807 3778 1197 3832 mentientibus
1222 3816 1237 3840 ,
1288 3774 1471 3829 infelix
1512 3776 1741 3845 populus
1782 3776 1940 3829 fidem
1972 3777 2124 3830 adhi-

566 3871 746 3923 bebat.
788 3869 1142 3923 Evideutibus
1169 3878 1347 3921 autem
1376 3867 1655 3937 prodigiis,
1687 3875 1739 3921 et
1772 3865 2007 3921 futuram
2039 3883 2125 3921 so-

565 3960 843 4014 litudinem
876 3960 1383 4029 przcnuntianlibus,
1411 3973 1585 4026 neque
1614 3958 1971 4011 advertebant
2003 3959 2121 4011 ani-

567 4067 680 4104 mos
727 4048 898 4119 neque
933 4052 1246 4105 credebant.
1282 4051 1385 4104 Sed
1434 4058 1687 4117 tanquam
1718 4049 1955 4113 attoniti,
1987 4064 2120 4103 ocu-

562 4142 737 4210 lisque
754 4152 806 4195 et
826 4153 1007 4195 mente
1024 4142 1188 4210 capti,
1211 4143 1374 4209 ipsius
1395 4142 1483 4194 Dei
1504 4142 1768 4209 praeconia
1788 4156 1851 4195 ac
1864 4141 2119 4195 vaticinia

564 4234 784 4301 insuper
820 4233 1153 4294 habuerunt;
1195 4234 1425 4298 primum
1471 4248 1591 4285 eum
1638 4247 1798 4300 supra
1842 4232 2118 4286 civitatem

563 4324 710 4375 stetit
740 4323 887 4375 sidus
910 4322 1082 4375 simile
1105 4321 1301 4391 gladio,
1326 4330 1380 4375 et
1414 4322 1541 4375 anni
1570 4322 1745 4391 spatio
1776 4321 1968 4376 ardere
1996 4336 2118 4389 per-

561 4414 827 4465 severavit
853 4420 1121 4479 cometes;
1169 4411 1361 4466 deinde
1409 4428 1532 4465 cum
1582 4423 1708 4467 ante
1758 4411 2115 4467 deiectionem

559 4500 869 4567 primosque
919 4500 1043 4553 belli
1098 4507 1313 4562 motus,
1366 4500 1561 4568 pOpulo
1614 4501 1680 4554 ad
1730 4499 1925 4555 festum
1976 4502 2117 4555 diem

557 4592 884 4659 Azymorum
934 4574 1297 4657 congregato,
1346 4598 1499 4643 sexto
1556 4590 1675 4643 idus
1726 4591 1928 4657 Aprilis
1981 4592 2113 4643 hora

2756 3314 3146 3370 ΚΕΦΑΛΑΙΟΝ
3178 3314 3257 3365 H'.

2223 3409 2361 3476 Περὶ
2378 3408 2491 3461 τῶν
2512 3407 2621 3473 πρὸ
2639 3407 2745 3459 τοῦ
2762 3407 3021 3473 πολέμου
3037 3404 3295 3488 σημείων
3309 3403 3447 3473 (Nic.
3470 3401 3515 3453 Η
3526 3441 3537 3453 .
3550 3399 3773 3466 Ε.ιιι,ό)σ

2294 3502 2404 3555 Καὶ
2436 3500 2497 3569 δὴ
2534 3498 2709 3550 λαϐὼν
2754 3492 3021 3563 ἀνάγνωθι
3071 3494 3138 3547 τά
3170 3495 3307 3547 κατὰ
3355 3495 3452 3566 τὴν
3477 3494 3635 3563 ἕκτην
3674 3492 3773 3543 τῶν

2236 3590 2526 3664 Ἰστοριῶν
2548 3587 2692 3657 αὑτῷ
2723 3586 3060 3656 δεδηλωμένα
3089 3587 3145 3638 ἐν
3176 3586 3398 3648 τούτοις·
3431 3604 3449 3636 ι
3500 3585 3600 3637 Τὸν
3650 3582 3771 3651 γοῦν

2226 3682 2402 3733 ἄθλιον
2432 3680 2619 3749 δῆμον,
2647 3680 2694 3729 οἱ
2749 3678 2843 3747 μὲν
2872 3677 3179 3740 ἀπατεῶνες
3212 3678 3301 3730 καὶ
3330 3676 3771 3746 καταψευδόμενοι

2225 3770 2317 3823 τοῦ
2336 3769 2487 3831 Θεοῦ,
2517 3768 2813 3837 τηνικαῦτα
2839 3767 3183 3837 παρέπειθον,
3210 3771 3318 3829 τοῖς
3340 3768 3382 3821 δ’
3413 3769 3658 3839 ἐναργέσι
3685 3766 3770 3819 καὶ

2225 3863 2649 3933 προσημαίνουσι
2678 3863 2775 3933 τὴν
2810 3862 3097 3932 μέλλουσαν
3126 3861 3339 3914 ἔσεσθαι
3372 3842 3599 3933 ἐρημίαν
3626 3861 3771 3927 τέρα-

2226 3972 2306 4007 σιν
2353 3954 2473 4007 οῦτε
2520 3957 2801 4024 προσεῖχον
2841 3952 2961 4005 οὔτε
3000 3950 3295 4015 ἐπίστευον,
3334 3952 3446 4004 ἀλλ’
3487 3952 3560 4012 ὡς
3614 3950 3766 4018 ἐμϐε-

2223 4044 2592 4115 ϐροντημένοι,
2623 4044 2714 4094 καὶ
2754 4045 2887 4111 μήτε
2919 4042 3136 4111 ὄμματα
3172 4043 3302 4109 μήτε
3336 4038 3510 4108 ψυχὴν
3546 4038 3764 4106 ἔχοντες,

2220 4137 2326 4189 τῶν
2368 4134 2459 4188 τοῦ
2509 4134 2642 4187 Θεοῦ
2678 4134 3039 4202 κηρυγμάτων
3090 4131 3415 4199 παρήκουον
3457 4127 3610 4179 τοῦτο
3652 4125 3764 4197 μὲν,

2222 4230 2309 4281 ὅτε
2348 4227 2455 4298 (66)
2488 4228 2624 4295 ὑπὲρ
2650 4224 2744 4292 τὴν
2770 4223 2917 4273 πόλιν
2948 4222 3141 4289 ἄστρον
3173 4219 3299 4285 ἔστη
3330 4218 3569 4286 ῥομφαίᾳ
3602 4232 3764 4286 παρα-

2220 4319 2463 4389 πλήσιον,
2494 4318 2587 4370 καὶ
2612 4316 2941 4384 παρατείνας
2981 4311 3067 4361 ἐπ’
3093 4309 3331 4361 ἐνιαυτὸν
3366 4310 3629 4378 κομήτηςο
3648 4305 3765 4358 τοῦ·

2218 4429 2277 4463 το
2298 4411 2341 4462 δ’
2374 4410 2533 4479 ἡνίκα
2568 4406 2671 4475 πρὸ
2722 4405 2820 4471 τῆς
2859 4400 3205 4461 ἀποστάσεως
3246 4400 3339 4451 καὶ
3376 4398 3471 4451 τοῦ
3514 4399 3642 4469 πρὸς
3678 4398 3763 4449 τὸν

2218 4500 2450 4568 πολεμον
2473 4496 2786 4563 κινήματος,
2818 4487 3197 4561 ἀθροιζομένου
3236 4489 3329 4541 τοῦ
3361 4488 3491 4541 λαοῦ
3516 4489 3641 4559 πρὸς
3672 4487 3763 4557 τὴν

2218 4588 2326 4639 τῶν
2353 4584 2571 4653 ἀζύμων
2604 4583 2824 4653 ἑορτὴν,-
2857 4582 3012 4652 ὀγδόῃ
3039 4579 3295 4631 Ξανθικοῦ
3327 4580 3491 4650 μηνὸς
3518 4579 3651 4632 κατά
3677 4596 3761 4631 νυ·-

558 4679 731 4733 n0ctis
778 4693 917 4732 nona
945 4718 959 4741 ,
1002 4686 1151 4731 tanta
1187 4687 1404 4747 repente
1449 4678 1537 4731 lux
1584 4679 1724 4733 circa
1764 4680 1930 4733 altare
1976 4691 2112 4749 tem-

2236 4681 2343 4740 ιτὸς
2396 4678 2617 4743 ὲννάτην
2664 4674 2829 4745 ὥραν,
2874 4674 3092 4726 τοσοῦτο
3150 4672 3261 4741 φῶς
3312 4672 3635 4741 περιέλαμψε
3675 4670 3760 4723 τὸν

557 4756 813 4837 piumque
868 4768 1197 4824 circumfusa
1258 4779 1380 4833 est,
1436 4778 1494 4821 ut
1555 4768 1641 4823 die
1684 4770 1793 4837 jam
1856 4770 2112 4822 clarissi—

560 4875 682 4912 mus
726 4873 846 4912 esse
900 4860 1177 4912 videretur
1234 4878 1248 4913 :
1296 4874 1467 4928 eaque
1526 4858 1616 4913 lux
1681 4862 1826 4914 hora:
1877 4862 1983 4929 83
2043 4864 2115 4915 di-

560 4948 737 5000 midiae
795 4946 969 5012 spatio
994 4949 1305 5014 permansit.
1366 4949 1518 5013 Quod
1576 4949 1841 5017 imperitis
1895 4951 2111 5016 quidem

558 5038 758 5091 bonum
822 5049 981 5088 omen
1033 5052 1153 5091 esse
1225 5038 1509 5093 videbatur
1581 5056 1595 5092 :
1661 5039 1753 5095 sed
1829 5054 2107 5094 sacrorum

623 5170 667 5202 ⁸⁸
698 5169 830 5225 Luc.
866 5184 978 5222 ιιι.

629 5310 881 5379 (65)Ταῖς
916 5307 1201 5379 ἱστορίαις
1221 5308 1535 5378 ἐπιλέγειν.
1561 5311 1692 5365 Male
1722 5312 2103 5377 ChristOphor-

555 5378 720 5434 Bonus
748 5381 910 5433 vertit
938 5382 989 5431 in
1016 5380 1115 5431 hac
1136 5378 1353 5429 historia
1384 5383 1632 5433 disserere
1656 5400 1759 5435 non
1785 5392 1857 5433 est
1893 5382 2104 5433 omnino

557 5464 775 5503 necesse.
816 5448 1033 5502 Rectius
1062 5445 1359 5508 Musculus,
1387 5464 1490 5501 non
1534 5466 1658 5515 opus
1696 5463 1767 5503 est
1797 5463 1848 5502 ut
1874 5448 2105 5501 historiis

557 5517 808 5569 addamus
863 5517 1085 5582 aliquid.
1123 5516 1387 5568 Historias
1429 5527 1584 5571 vocat
1632 5520 1893 5572 Eusebius
1942 5518 2106 5571 libros

556 5584 771 5651 Josepbi
812 5586 887 5638 De
919 5588 1123 5638 excidio
1150 5586 1297 5655 urbis
1332 5584 1848 5655 pllieirosolgmitanw,
1881 5604 1985 5641 non
2018 5586 2106 5639 bi-

557 5655 968 5724 storiam‘suam,
993 5666 1049 5707 ut
1081 5654 1298 5724 putavit,
1320 5653 1860 5724 Cbristophorsonus.

628 5721 738 5788 (66)
768 5718 921 5789 Vulg.
946 5718 1119 5778 τοῦτο
1138 5723 1256 5792 μὲν
1277 5722 1387 5776 ὅτι.
1417 5718 1605 5776 Scribe
1630 5727 1737 5791 ὅτε,
1760 5737 1817 5779 ut
1850 5735 1933 5781 est
1964 5722 2102 5791 apud

554 5787 844 5863 Josephum
876 5787 926 5843 in
958 5787 1160 5857 lib.vn',
1184 5808 1305 5861 pag.
1328 5792 1452 5863 96οτ
1470 5787 1735 5863 Caeterum
1773 5787 2103 5863 Nicephorus

556 5861 769 5927 quidem
804 5868 1004 5916 astrum
1038 5864 1149 5935 hoc
1190 5864 1365 5933 gladio
1410 5862 1606 5931 simile,
1652 5876 1704 5920 et
1734 5861 1975 5920 cometen
2013 5863 2103 5931 qui

2224 4769 2402 4839 βωμὸν
2450 4766 2543 4817 καὶ
2586 4765 2673 4817 τὸν
2703 4765 2845 4829 ναὸν,
2900 4765 2975 4826 ὡς
3016 4763 3187 4815 δοκεῖν
3219 4763 3430 4831 ἡμέραν
3464 4758 3593 4813 εἶναι
3632 4759 3759 4828 λαμ-

2221 4858 2393 4929 πράν·
2428 4858 2520 4907 καὶ
2549 4854 2702 4909 τοῦτο
2735 4854 3047 4923 παρέτεινεν
3101 4854 3182 4920 ἐφ’
3222 4852 3469 4921 ἡμίσειαν
3496 4850 3656 4919 ὥραν.
3697 4852 3756 4900 Ὅ

2218 4945 2327 5009 τοῖς
2358 4946 2453 5015 μὲν
2485 4947 2726 5015 ἀπείροις
2760 4944 2959 5012 ἀγαθὸν
2991 4942 3165 4994 ἐδόκει
3203 4940 3359 5003 εἶναι,
3400 4942 3510 5000 τοῖς
3534 4940 3585 4990 δὲ
3618 4942 3753 5009 ἱερο-

2218 5035 2595 5108 γραμματεῦσι
2633 5036 2741 5107 (67)
2802 5035 2904 5103 πρὸ
2960 5033 3064 5085 τῶν
3113 5030 3521 5100 ἀποὸεὸηκότων
3564 5030 3753 5092 εὐθέως

2212 5321 2306 5372 per
2340 5323 2533 5359 annum
2578 5308 2890 5361 continuum
2928 5304 3191 5373 apparuit,
3222 5322 3382 5359 unum
3408 5308 3650 5379 idemque
3684 5312 3752 5363 si-

2212 5380 2310 5428 dus
2338 5393 2457 5429 esse
2486 5379 2970 5443 existimavit,_non
3003 5385 3164 5437 reete,
3195 5387 3249 5426 ut
3276 5380 3483 5443 opinor.

2282 5446 2390 5515 (67)
2421 5448 2545 5511 Τοῖς
2574 5446 2641 5498 δὲ
2666 5438 3207 5515 ἱερογραμματεῦσι.
3237 5438 3381 5515 [λθρἰ
3414 5450 3601 5514 peritos
3636 5461 3750 5501 ver-

2215 5516 2278 5587 tit
2311 5515 2553 5578 Ruiinns,
2605 5532 2724 5587 non
2762 5516 2918 5587 male.
2958 5514 3157 5587 scriba:
3192 5518 3335 5587 enim
3380 5520 3516 5587 apud
3545 5516 3751 5569 Iudaeos

2215 5586 2373 5636 iidem
2402 5595 2555 5637 erant
2604 5600 2668 5635 ac
2716 5584 2844 5651 legis
2890 5582 3178 5652 peritiseu
3218 5583 3349 5652 legis
3402 5582 3665 5645 doctores.
3698 5594 3746 5634 II'

2216 5663 2363 5706 recte
2393 5656 2592 5707 notavit
2615 5654 2865 5707 Petavius
2900 5652 2949 5702 in
2984 5651 3531 5709 animadversionibus
3558 5653 3619 5705 ad
3644 5653 3747 5704 [που

2217 5723 2376 5775 resim
2400 5738 2465 5774 xv
2496 5722 2803 5790 Epiphanii.‘
2825 5720 3023 5771 Horum
3054 5736 3241 5776 munus
3267 5734 3382 5777 erat
3410 5736 3587 5777 saeros
3622 5720 3747 5790 legis

2216 5790 2380 5843 libros
2409 5786 2699 5851 custodire.
2745 5791 3065 5856 easdemque
3102 5791 3285 5860 lcgere
3328 5807 3510 5847 coram
3562 5786 3748 5855 populo

2218 5861 2271 5915 in
2316 5861 2511 5931 templo
2565 5871 2618 5916 et
2656 5860 2711 5915 in
2753 5872 3037 5928 synagoga.
3102 5858 3252 5916 Uude
3310 5863 3365 5916 in
3427 5861 3595 5927 capite
3661 5869 3752 5908 vni
