3970 6340
645 322 752 377 255

1333 281 1606 377 russea
1639 319 2108 377 assensus
2142 320 2206 376 or

2330 318 2509 373 PARS
2543 318 2587 373 ι.
2626 351 2695 362 --
2729 317 3112 380 HISTORICA.
3723 322 3812 378 25¢

650 437 878 493 Neronis
936 439 1000 493 de
1026 436 1364 493 crudelitate.
1397 438 1505 492 Sed
1537 438 1663 506 quia
1711 447 1765 492 et
1808 439 1985 500 homo,
2039 437 2196 492 facile

2308 455 2397 489 ιιει.
2429 457 2448 488 ι
2488 436 2640 490 Μετὰ
2681 437 2738 490 δὲ
2784 437 2872 490 τὸν
2899 435 3214 506 Δομετιανὸν
3244 434 3621 488 πεντεκαίδεκα
3663 437 3814 492 ἔτεσιν

650 537 880 596 ereptum
901 527 1174 596 repressit,
1191 527 1450 580 restitutis
1463 528 1623 603 etiam
1645 543 1780 596 quos
1800 528 2150 597 relegaverat.
2164 547 2184 579 ι

591 601 598 608 ’
649 616 780 673 Post
812 618 1016 672 obitum
1043 632 1171 671 vero
1197 616 1504 682 Domitiani,
1530 601 1625 686 qui
1657 632 1754 686 per
1771 631 1938 673 annos
1963 618 2192 687 quinde-

650 712 755 766 cim
797 710 1077 779 imperium
1109 709 1312 773 tenuit,
1340 695 1463 764 curn
1522 707 1699 765 Nerva
1754 710 1806 762 in
1859 709 1975 776 ejus
2017 709 2192 763 locum

652 805 1025 859 successrsset,
1055 798 1356 850 Domitiano
1380 804 1595 866 quidem
1616 813 1803 852 omnes
1837 800 2100 853 bonorum
2125 800 2192 852 ti-

654 876 795 941 tulos
825 900 1072 953 abrogari
1099 895 1317 941 senatus
1335 888 1574 940 decrevit
1598 905 1612 952 ;
1641 888 1709 941 iis
1730 902 1858 940 vero
1880 889 1970 957 qui
1994 887 2190 957 injuste

653 974 722 1027 ab
755 973 846 1027 illo
874 972 1133 1040 deportati
1160 971 1388 1038 fuerant,
1419 976 1642 1028 reditum
1672 976 1725 1033 in
1751 975 2000 1043 patriam,
2023 987 2076 1030 et
2095 992 2190 1031 sua

654 1064 848 1132 cuique
872 1066 1008 1118 bona
1038 1063 1242 1117 restitui
1269 1083 1284 1118 :
1313 1065 1754 1133 quemadmodum
1787 1063 2018 1120 refertur
2031 1066 2098 1120 ab
2124 1067 2190 1122 iis

653 1155 744 1222 qui
771 1169 948 1208 rerum
986 1163 1110 1208 tunc
1158 1157 1407 1224 temporis
1446 1165 1715 1224 gestarum
1754 1157 2030 1210 historiam
2059 1172 2188 1211 con-

653 1244 922 1298 diderunt.
962 1244 1110 1298 Tunc
1140 1245 1302 1314 igitur
1338 1255 1389 1300 et
1413 1244 1671 1300 Joannem
1703 1246 2001 1312 apostolum
2031 1246 2183 1298 insu-

2293 529 2762 598 ὲπικρατήσαντα,
2825 526 3038 597 Νερούα
3080 527 3176 596 τὴν
3227 525 3398 596 ἀρχὴν
3437 526 3813 597 διαδεξαμένου,

2294 617 2677 694 καθαιρεθῆναι
2721 618 2818 688 μὲν
2845 617 2941 679 τὰς
2967 615 3284 686 Δομετιανοῦ
3308 615 3500 684 τιμὰς,
3528 617 3823 673 ἐπανελθεῖν

2257 745 2259 747 ι
2290 709 2347 761 δὲ
2375 709 2466 760 ἐπὶ
2495 708 2563 761 τὰ
2601 710 2771 760 οίκεῖα
2801 709 2938 777 μετὰ
2962 706 3052 759 τοῦ
3085 708 3175 762 καὶ
3198 708 3294 770 τὰς
3334 708 3516 770 οὐσίας
3545 709 3818 764 ἀπολαϐεῖν

2291 801 2415 860 τοὺς
2444 797 2640 860 ἀδίκως
2684 797 3118 868 ὲξεληλαμένους,
3156 801 3188 869 ἡ
3230 799 3504 868 Ῥωμαίων
3542 800 3819 872 σύγκλητος

2293 889 2452 960 βουλὴ
2485 888 2777 958 ψηφίζεται
2804 904 2817 917 ⁸
2847 888 3143 958 ἱστοροῦσιν
3171 890 3220 940 oi.
3249 891 3429 959 γραφῇ
3451 889 3518 942 τὰ
3545 890 3686 943 κατὰ
3710 893 3820 954 τοὺς

2294 983 2520 1053 χρόνους
2549 980 2894 1052 παραδόντες.
2936 980 3066 1031 Τότε
3097 980 3158 1049 δὴ
3188 975 3278 1032 οὖν
3309 979 3402 1031 καὶ
3428 981 3516 1032 τὸν
3544 980 3820 1033 ἀπόστολον

2306 1071 2560 1141 Ἰωάννην
2606 1069 2714 1122 ἀπὸ
2746 1071 2846 1139 τῆς
2891 1069 3028 1127 κατὰ
3074 1068 3172 1138 τὴν
3208 1071 3365 1138 νῆσον
3404 1072 3574 1140 φυγῆς
3611 1070 3706 1139 τὴν
3742 1070 3822 1121 ἐπὶ

2292 1163 2409 1230 τῆς
2447 1162 2667 1228 Ἑφέσου
2718 1159 2993 1232 διατριϐὴν
3052 1159 3430 1230 ἀπειληφέναι,
3479 1161 3509 1212 ὁ
3557 1161 3665 1223 τῶν
3711 1161 3820 1231 παρ’

2295 1253 2425 1320 ἡμῖν
2454 1252 2692 1322 ἀρχαίων
2724 1250 3047 1322 παραδίδωσι
3075 1249 3246 1318 λόγος.

653 1333 752 1388 lari
777 1335 966 1390 exsilio
992 1336 1298 1398 liberatum,
1355 1351 1507 1389 suum
1543 1337 1596 1389 in
1659 1337 1793 1390 urbe
1863 1336 2072 1404 Epheso
2134 1337 2465 1394 domicilium
2521 1342 2850 1410 postliminio
2903 1340 3213 1406 recepisse,
3275 1340 3618 1396 vetustiorum
3683 1341 3823 1399 nobis

654 1427 868 1491 tradidit
890 1427 1041 1481 lides.

1220 1516 1444 1570 CAPUT
1484 1517 1623 1570 XXI.

699 1607 1142 1680 Quemadmodum
1179 1608 1650 1680 Alexanrlripornm
1684 1605 1929 1662 Ecclesiae
1955 1611 2136 1664 tertius

1205 1678 1410 1744 praefuit
1445 1675 1630 1730 Cerdo.

727 1766 854 1822 Post
880 1766 995 1820 hmo
1023 1764 1274 1819 defuncto
1304 1764 1476 1818 Nerva
1497 1804 1512 1829 ,
1551 1767 1641 1834 qui
1680 1765 1835 1834 paulo
1888 1767 2004 1836 plus
2031 1784 2191 1835 quam

652 1857 778 1910 anni
800 1856 969 1923 spatio
993 1863 1326 1922 regnaverat,
1346 1854 1608 1924 Trajauus
1633 1856 1912 1924 imperium
1939 1857 2190 1911 obtinuit.

656 1927 766 2000 l‘loc
805 1946 1036 2014 primum,
1068 1945 1239 1998 adhuc
1267 1947 1596 2015 principatus
1615 1962 1813 1999 annum
1843 1957 2192 2014 agente,cum

652 2038 984 2106 Avilius,qui
1015 2054 1106 2106 per
1142 2037 1393 2091 tredecim
1423 2053 1591 2091 annos
1613 2039 2028 2092 Alexandrinam
2059 2040 2194 2093 rexit

653 2128 968 2192 Ecclesiam,
998 2137 1238 2180 mortuus
1272 2136 1435 2189 esset,
1470 2127 1522 2181 in
1572 2127 1688 2197 ejus
1719 2129 1895 2182 locum
1929 2129 2222 2198 successit-

654 2221 846 2274 Cerdo.
883 2217 1095 2270 Tertius
1131 2210 1306 2271 hic'ab
1334 2217 1582 2271 Anniano
1614 2217 1731 2287 ejus
1767 2218 2002 2273 civitatis
2050 2218 2194 2272 anti-

653 2320 764 2363 stes
798 2308 917 2362 fuit.
956 2307 1156 2361 Eodem
1193 2312 1431 2376 tempore
1465 2319 1637 2361 adnue
1675 2308 1922 2362 Clemens
1944 2309 2195 2363 Romana

655 2400 906 2455 Ecclesia:
932 2381 1270 2467 praesidebat,
1299 2399 1389 2466 qui
1419 2398 1522 2466 91
1541 2410 1595 2451 et
1617 2401 1730 2466 ipse
1760 2399 1948 2452 tertius
1977 2415 2004 2449 a
2030 2398 2193 2450 Paulo

654 2505 717 2540 ac
749 2489 906 2542 Petro
932 2489 1069 2540 inter
1089 2491 1372 2556 episcopos
1398 2490 1515 2556 ejus
1543 2489 1688 2540 urbis
1722 2487 2074 2554 promotionis
2101 2503 2192 2538 or-

655 2580 778 2631 dine
807 2588 1136 2630 numeratur.
1179 2578 1390 2632 Primus
1431 2579 1577 2631 enim
1635 2577 1734 2630 fuit
1763 2576 1967 2630 Linus:
2003 2591 2196 2630 secun-

655 2668 757 2721 dus
780 2666 1130 2719 Anencletus.

1217 2756 1443 2811 CAPUT
1472 2754 1634 2809 XXII.

661 2848 726 2903 Ut
762 2848 1194 2902 Antiachenorum
1243 2846 1488 2965 Eclclesiq:
1546 2848 1798 2901 secundus
1845 2849 2056 2901 antistes
2097 2846 2196 2914 fuit

1335 2928 1558 2965 anattus.

1334 2928 1558 2982 gnattus.

729 3008 884 3076 Apud
915 3006 1252 3060 Antiochiam
1282 3021 1408 3058 vero
1437 3005 1684 3059 defuncto
1724 3007 1941 3072 Evodio,
1966 3009 2056 3085 qui
2090 3009 2199 3074 pri-

664 3115 783 3153 mus
800 3098 914 3164 ejus
941 3098 1041 3151 loci
1071 3097 1396 3152 constitutus
1421 3097 1589 3150 fuerat
1610 3099 1910 3164 episcopus,
1943 3100 2204 3152 secundus

666 3202 774 3243 tum
813 3190 1040 3241 maxime
1078 3187 1296 3241 ﬂorebat
1326 3187 1578 3256 Ignatius.
1634 3189 2015 3258 Hierosolymis
2073 3205 2204 3257 quo-

665 3296 769 3349 que
798 3280 1049 3349 Symeon,
1098 3278 1360 3338 secundus
1419 3287 1540 3345 post
1594 3277 1854 3331 Jacobum
1909 3280 2207 3332 Servatur};

667 3371 832 3424 nostri
880 3370 1118 3433 fratrem,
1179 3369 1363 3423 eodem
1413 3377 1648 3435 tempore
1697 3369 2205 3422 administrationem

665 3459 921 3514 Ecclesia
947 3469 1273 3525 susceperat.

1218 3548 1441 3602 CAPUT
1470 3547 1653 3601 XXIII.

996 3639 1248 3692 Narratio
1280 3640 1341 3695 de
1372 3638 1577 3692 Joanne
1613 3639 1863 3707 apostolo.

715 3797 924 3851 ’lisdem
962 3796 1284 3863 temporibus
1309 3795 1358 3847 in
1387 3795 1507 3848 Asia
1535 3793 1802 3862 apostolus
1832 3793 1920 3845 ille
1962 3803 2016 3845 et
2045 3809 2206 3846 evan-

669 3890 856 3960 gelista
889 3887 1128 3941 Joannes
1189 3902 1344 3954 quem
1403 3884 1557 3938 Jesus
1607 3885 1868 3952 praecipue
1926 3885 2206 3944 dilexerat,

671 3985 841 4036 adhuc
875 3983 927 4035 in
967 3983 1099 4034 vivis
1147 3995 1306 4050 agens
1335 3979 1598 4032 Eeclesias
1658 3976 1888 4044 regionis
1913 3975 2052 4026 illius
2109 3990 2206 4042 gu-

672 4074 950 4137 bernabat,
983 4084 1100 4140 post
1123 4073 1404 4125 Domitiani
1447 4085 1669 4124 mortem
1701 4085 1946 4122 reversus
1975 4070 2043 4119 ab
2072 4070 2213 4120 exsi-

675 4164 746 4216 lio
773 4167 912 4230 quod
944 4164 991 4213 in
1026 4162 1193 4214 insula
1229 4163 1537 4230 pertulerat.
1575 4160 1724 4224 Quod
1755 4169 1935 4210 autem
1981 4155 2214 4213 Joannes

847 4273 1005 4323 Μετὰ
1033 4273 1268 4323 Παῦλόν
1287 4290 1346 4323 τε
1365 4273 1474 4342 fatal
1502 4273 1740 4336 Πέτρον.
1777 4271 1886 4322 Duo
1915 4271 2001 4322 hic
2031 4269 2211 4342 obser-

2781 1518 3162 1575 KE'I'AAAION
3223 1517 3350 1568 KA'.

2375 1612 2467 1675 Ὡς
2500 1607 2606 1674 τῆς
2641 1607 3445 1680 Ἀλεξανδρέωνβεζκκλησιας
3464 1609 3659 1675 τρίτος
3683 1609 3826 1680 ήτεῖ-

2881 1694 2974 1729 ται
3018 1675 3264 1743 Κέρδων.

2369 1765 2565 1837 Μικρῷ
2608 1767 2664 1819 δὲ
2698 1766 2856 1819 πλέον
2902 1766 3140 1818 ἐνιαυτοῦ
3178 1765 3580 1834 βασιλεύσαντος
3609 1767 3827 1838 Negotia,

2295 1857 2597 1926 διαδέχεται
2645 1857 2923 1926 Τραϊανός.
2961 1848 3032 1909 Οὗ
3059 1856 3121 1926 δὴ
3167 1855 3377 1927 πρῶτον
3431 1857 3546 1920 ἔτος
3582 1855 3671 1929 ἦν,
3711 1861 3764 1912 ὲν
3789 1854 3829 1927 ᾧ

2297 1949 2395 2017 τῆς
2461 1948 2577 2000 κατ’
2615 1946 3011 2018 Ἀλεξάνδρειαν
3081 1947 3390 2016 παροικίας,
3443 1949 3668 2001 ’Δὸίλιον
3712 1950 3830 2005 δέκα

2303 2039 2434 2108 πρὸς
2471 2040 2645 2109 τρισὶν
2675 2039 2846 2090 ἔτεσιν
2883 2039 3240 2109 ἡγησάμενον,
3276 2039 3573 2111 διαδέχεται
3598 2042 3824 2114 Κέρδων.

2300 2130 2493 2198 Τρίτος
2524 2123 2674 2192 οὗτος
2701 2129 2806 2181 τῶν
2828 2129 3008 2182 αὐτόθι
3044 2131 3177 2200 μετὰ
3205 2131 3293 2184 τὸν
3323 2131 3533 2202 πρῶτον
3579 2133 3829 2185 ’Δννιανὸν

2301 2215 2556 2286 προέστη.
2611 2217 2697 2269 Ἐν
2747 2216 2916 2286 τούτῳ
2963 2217 3017 2270 δὲ
3062 2219 3339 2288 Ῥωμαίων
3397 2220 3563 2271 είσέτι
3616 2221 3831 2291 Κλήμης

2299 2309 2500 2376 ἡγεῖτο,
2547 2307 2724 2378 τρίτον
2778 2309 2869 2358 καὶ
2925 2303 3082 2370 αὐτὸς
3115 2309 3321 2377 ἐπέχων
3392 2309 3499 2363 τῶν
3535 2311 3657 2380 τῇδε
3709 2311 3833 2378 μετὰ

2296 2395 2506 2448 Παῦλόν
2535 2413 2594 2448 τε
2625 2398 2716 2449 καὶ
2740 2397 2941 2471 Πέτρον
2977 2398 3051 2466 (5)
3080 2399 3583 2451 ὲπισκοπευσάντων
3616 2399 3828 2468 βαθμὸν.

2297 2488 2452 2548 Λῖνος
2485 2487 2552 2538 ’δὲ
2597 2490 2625 2539 ὁ
2677 2487 2890 2558 πρῶτος
2932 2484 3020 2559 ἦν,
3049 2489 3137 2544 καὶ
3189 2491 3302 2558 μετ’
3343 2490 3503 2542 αὑτὸν
3558 2489 3838 2558 Ἀνι²;γ›ιλη-Δ

2297 2593 2386 2640 τος

2790 2753 3176 2805 ΚΕΦΑΛΛΙΟΝ
3233 2753 3357 2804 KB'.

2472 2843 2566 2907 Ὠς
2595 2842 2702 2909 τῆς
2734 2845 3067 2911 Ἀντιοχέων
3085 2845 3354 2909 δεύτερος
3385 2832 3660 2912 Ἰγνάτιος

2780 2913 2913 2981 (Nic.
2948 2913 3017 2965 ΙΙ.
3049 2913 3110 2965 E.
3154 2929 3228 2966 Ill.
3265 2912 3370 2981 Il).

2379 3001 2534 3053 Ἀλλὰ
2579 3003 2670 3054 καὶ
2709 3001 2813 3054 τῶν
2870 3005 2954 3054 ἐπ’
3015 3004 3331 3072 Ἀντιοχείας
3367 3003 3587 3055 Εὑοδίου
3633 3006 3835 3074 πρώτου

2303 3092 2681 3155 καταστάντος,
2713 3092 2961 3162 δεύτερος
2999 3097 3054 3146 ὲν
3083 3098 3191 3156 τοῖς
3215 3094 3552 3163 δηλουμένοις
3596 3096 3834 3161 Ἰγνάτιος

2305 3183 2640 3253 ὲγνωρίζετο.
2693 3183 2911 3253 Συμεὼν
2939 3185 3133 3253 ὁμοίως
3171 3185 3413 3254 δεύτερος
3461 3187 3595 3254 μετὰ
3624 3186 3711 3238 τὸν
3752 3185 3837 3237 τοῦ

2306 3273 2553 3341 Σωτῆρος
2605 3274 2756 3343 ἡμῶν
2801 3275 3042 3343 ἀδελφὸν,
3081 3276 3179 3344 τῆς
3219 3278 3274 3327 έν
3303 3277 3683 3347 Ἰεροσολύμοις
3725 3279 3838 3330 Ἐκ·

2307 3368 2526 3437 κλησίας
2555 3368 2692 3419 κατὰ
2720 3367 2937 3430 τούτους
2957 3367 3050 3438 τὴν
3067 3368 3400 3439 λειτουργίαν
3431 3369 3830 3441 ἐγκεχειρισμέ-

2311 3477 2398 3521 νος
2423 3456 2488 3529 ἧν
2520 3458 2614 3529 (7).

2801 3549 3188 3603 ΚΕΦΑΛΑΙΟΝ
3240 3549 3362 3601 KP.

2422 3637 2665 3704 ’ἱστορία
2693 3639 2823 3704 περὶ
2862 3637 3136 3692 Ἰωάννου
3178 3637 3280 3689 τοῦ
3321 3638 3685 3690 ἀποστόλου.

2651 3729 2788 3799 (Nic.
2825 3729 2890 3783 H.
2926 3728 2992 3782 E.
3036 3746 3113 3785 ιιι.
3159 3730 3212 3781 II
3241 3746 3254 3788 ;
3281 3745 3338 3799 ll,
3365 3728 3473 3799 42).

2389 3799 2505 3850 Ἐπὶ
2534 3795 2738 3861 τούτοις
2770 3801 2906 3851 κατὰ
2928 3800 3022 3867 τὴν
3049 3799 3226 3850 Ἀσίαν
3264 3798 3341 3849 ἔτι
3379 3797 3455 3865 τῷ
3489 3796 3584 3864 βίῳ
3615 3795 3841 3862 περιλει-

2308 3890 2556 3957 πόμενος,
2587 3889 2746 3950 αὐτὸς
2776 3891 2975 3950 ἐκεῖνος
2999 3889 3055 3939 ὃν
3089 3888 3276 3956 ἠγάπα
3299 3889 3326 3938 ὁ
3365 3886 3584 3953 Ἰησοῦς,
3620 3886 3841 3937 ἀπόστο-

2310 3980 2396 4041 λος
2422 3979 2552 4047 ὁμοῦ
2579 3982 2668 4031 καὶ
2701 3979 3082 4046 εὐαγγελιστὴς
3114 3977 3359 4045 Ἰωάννης
3397 3977 3492 4037 τὰς
3515 3975 3698 4028 αὐτόθι
3722 3978 3840 4029 διεὶ-

2317 4087 2412 4121 πεν
2435 4067 2764 4138 Ἑκκλησίας,
2799 4068 2903 4120 ἀπὸ
2937 4069 3036 4135 τῆς
3076 4067 3211 4119 κατὰ
3248 4066 3342 4134 τὴν
3371 4065 3528 4133 νῆσον
3574 4065 3710 4134 μετὰ
3752 4067 3840 4134 τὴν

2317 4159 2633 4226 Δομετιανοῦ
2662 4159 2911 4228 τελευτὴν
2945 4155 3243 4209 ἐπανελθὼν
3290 4155 3478 4222 φυγῆς.
3509 4156 3626 4205 ’Ότι
3669 4154 3724 4206 δὲ
3773 4157 3842 4214 είς

2315 4288 2401 4322 τον
2436 4270 2632 4338 κλῆρον
2659 4272 2751 4338 τῆς
2798 4270 3150 4336 ὲπισκοπικῆς
3188 4269 3428 4335 διαδοχῆς
3457 4267 3560 4338 ἀπὸ
3587 4267 3695 4318 τῶν
3721 4268 3843 4338 απο-

675 4337 853 4394 vanda
886 4352 1028 4401 sunt,
1055 4352 1162 4391 tum
1191 4345 1328 4405 quod
1363 4341 1581 4391 Paulum
1621 4342 1773 4390 Petro
1809 4343 2072 4403 prteponit
2110 4337 2206 4387 Eu-

2317 4339 2511 4390 στόλων
2535 4337 2759 4406 ἔχοντος
2793 4342 2913 4394 etin
2948 4342 3033 4392 lib.
3063 4355 3139 4402 ιιι,
3168 4354 3281 4403 cap.
3307 4339 3339 4388 ὅ
3366 4345 3419 4406 e_t
3445 4337 3494 4386 I.
3515 4337 3728 4406 Quippe,
3747 4337 3846 4387 Iro-

680 4413 882 4470 Sebius,
919 4421 1026 4458 tum
1057 4410 1193 4473 quod
1221 4420 1505 4472 utrumque
1529 4409 1674 4458 urbis
1709 4407 1887 4457 Roma:
1909 4408 2210 4470 episcopum

682 4481 857 4532 facere.
901 4477 1128 4527 videtur.
1169 4477 1317 4539 Quod
1355 4479 1417 4526 ad
1453 4478 1676 4539 primam
1712 4477 2054 4538 quaestionem
2089 4474 2216 4522 alti-

683 4556 789 4610 net,
824 4547 986 4597 etiam
1031 4544 1152 4595 alibi
1191 4545 1414 4608 idipsnm
1443 4544 1567 4594 fecit
1591 4543 1861 4593 Eusebius.
1892 4540 2002 4610 Non
2041 4549 2212 4610 tamen

683 4607 1097 4672 existimandum
1144 4621 1223 4663 est
1267 4607 1486 4662 Paulum
1535 4612 1731 4662 ideirco
1759 4609 2004 4660 anleIerri
2039 4607 2214 4660 I’etro.

687 4689 836 4751 Sa'pe
884 4683 1023 4734 enim
1073 4682 1451 4751 honoratiores
1475 4680 1768 4751 posteriore
1800 4678 1912 4729 loco
1941 4678 2216 4751 nomina..-

686 4743 796 4807 tur".
831 4752 1066 4817 Denique
1099 4749 1148 4800 in
1186 4749 1370 4813 sigillis
1414 4743 1662 4798 Ecclesim
1711 4747 1963 4817 Iioiranae
2027 4743 2217 4796 Paulus

688 4837 900 4888 semper
928 4837 953 4871 a
982 4815 1166 4888 dextra
1203 4819 1436 4888 ponitur,
1470 4817 1656 4868 l’etrus
1702 4815 2100 4888 asinistra,_ut
2126 4832 2217 4888 ιιοτ

689 4882 818 4945 lavit
845 4889 1100 4942 Baronius
1139 4882 1556 4952 inVExpositione
1591 4885 1792 4935 concilii
1826 4882 2215 4945 Nicwni.Quotl

686 4963 755 5015 ad
807 4959 1094 5012 secundam
1146 4955 1504 5007 dillicultatem
1559 4954 1766 5014 attinet,
1819 4955 2085 5004 sciendum
2137 4962 2218 5002 est

687 5031 971 5083 Eusebium
1011 5025 1280 5094 apostolos
1311 5026 1360 5074 in
1401 5025 1586 5094 ordine
1611 5023 2217 5094 episcoporumminime

689 5113 988 5159 numerare,
1022 5091 1078 5146 ut
1102 5110 1259 5161 supra
1293 5093 1490 5144 notavi.
1536 5093 1596 5142 Et
1628 5091 1842 5142 l’aulnm
1875 5092 2084 5156 quidem
2115 5107 2215 5142 una

689 5184 806 5220 cum
837 5169 994 5220 Petro
1020 5165 1312 5218 Romanam
1363 5161 1648 5214 Ecclesium
1697 5161 1945 5212 fundasse
1972 5176 2034 5213 ac
2066 5161 2217 5228 plan-

693 5245 832 5289 tasse
861 5252 1020 5302 supra
1051 5235 1186 5288 dixit
1214 5248 1280 5285 ex
1317 5229 1989 5302 Dionysiofmrinthiorum
2011 5232 2220 5302 episeo-

690 5321 779 5370 po,
807 5315 859 5357 et
897 5297 1028 5356 infra
1053 5305 1193 5355 dicet
1228 5317 1290 5354 ex
1316 5297 1534 5370 lrenieo.
1560 5297 1754 5349 Tamen
1777 5314 1894 5370 cum
1926 5300 1988 5351 de
2009 5300 2216 5365 episeo—

693 5369 816 5440 patu
857 5374 1006 5425 Rern.
1033 5372 1287 5440 loquitur,
1307 5371 1402 5423 soli
1432 5369 1586 5440 Petro
1620 5369 1966 5440 eunrtrib'uit,
1997 5377 2052 5419 ut
2075 5377 2221 5440 patet

694 5436 760 5492 ex
788 5439 1040 5492 Chronico
1069 5436 1389 5494 Eusebium.
1430 5438 1558 5490 Vide
1604 5451 1720 5502 qua:
1746 5436 1796 5487 in
1826 5438 1959 5489 hanc
1987 5453 2095 5489 rem
2129 5439 2220 5489 do-

696 5511 936 5561 ctissime
966 5510 1227 5575 diSputata
1286 5519 1408 5562 sunt
1434 5525 1460 5561 a
1495 5508 1650 5575 Petro
1687 5504 1929 5567 llaberto,
1964 5505 2219 5559 Vabrensi

697 5578 968 5643 episcopo.
1008 5574 1062 5627 in
1085 5579 1220 5630 libro
1251 5579 1322 5630 De
1355 5581 1582 5643 primatu
1615 5574 1776 5626 Petri.
1812 5576 1881 5626 Ita
1924 5576 2220 5640 intelligen-

699 5649 796 5698 dus
826 5657 906 5698 est
930 5646 1155 5706 lremcus
1197 5648 1249 5701 in
1293 5648 1465 5701 libro:
1500 5649 1562 5700 de
1590 5644 1796 5714 llygiuo
1849 5644 2082 5712 loquens,
2111 5644 2224 5698 ἔνα-
2265 5717 2292 5727 Β

2321 4424 2481 4466 meus,
2522 4404 2738 4474 perinde
2773 4425 2833 4459 ac
2865 4409 3121 4460 Eusebius
3157 4416 3356 4474 noster,
3384 4404 3594 4456 Petrum
3623 4421 3687 4456 ac
3711 4405 3839 4457 Pan-

2320 4476 2428 4525 lum
2462 4473 2731 4541 apostolos
2760 4478 3052 4528 Romanam
3083 4477 3294 4541 quidem
3330 4473 3618 4525 Ecclesiam
3656 4476 3839 4525 funda-

2322 4545 2457 4594 visse
2485 4545 2645 4606 dicit;
2677 4549 2766 4597 sed
2807 4562 2898 4596 eos
2936 4547 2982 4595 in
3019 4547 3380 4609 episcoporum
3412 4543 3600 4593 ordine
3659 4559 3840 4608 nequa-

2320 4626 2476 4676 quam
2512 4624 2772 4664 recenset.
2813 4615 3005 4665 Eodem
3038 4628 3194 4663 sensu
3239 4612 3288 4662 in
3334 4611 3517 4662 lizeresi
3555 4612 3843 4665 (Jerdonia-

2324 4695 2510 4730 norum
2548 4683 2872 4746 Epiphanius
2906 4683 2980 4733 ait
3009 4680 3266 4746 Hyginum
3305 4690 3421 4745 post
3443 4679 3723 4744 Jacobum,
3750 4682 3840 4733 Ριι-

2326 4755 2461 4796 trum
2523 4764 2584 4800 ac
2639 4749 2855 4801 Paulum
2910 4754 3217 4814 apostolos,
3278 4764 3471 4799 nonum
3535 4751 3842 4817 episcopalis

2323 4819 2675 4869 sueCessionis
2725 4820 2894 4870 locum
2927 4820 3176 4869 tenuisse.
3214 4818 3419 4882 Siquis
3464 4833 3526 4870 ex
3584 4823 3685 4871 hoc
3737 4822 3842 4872 loco

2323 4886 2663 4938 contenderet
2692 4885 2944 4939 Jacohum
2965 4886 3127 4937 fuisse
3152 4887 3454 4953 episcopum
3493 4889 3640 4941 urbis
3671 4891 3842 4942 Rom:

2327 4968 2426 5020 una
2489 4969 2607 5004 cum
2659 4957 2833 5014 Petro,
2870 4957 2914 5005 is
2958 4954 3192 5020 profecto
3240 4956 3488 5009 ridiculus
3543 4959 3842 5014 haberetur.

2326 5019 2463 5072 Idem
2495 5036 2705 5086 quoque
2735 5024 3018 5084 putandum
3041 5033 3121 5072 est
3146 5024 3208 5076 de
3240 5023 3414 5076 Paulo.

2396 5091 2469 5155 (6)
2494 5090 2668 5154 Αἶνος
2685 5091 2751 5142 δὲ
2773 5095 2803 5142 ό
2832 5089 3054 5155 πρῶτος
3073 5088 3167 5159 ἦν,
3199 5093 3290 5144 καὶ
3315 5095 3437 5160 μεθ’
3459 5096 3643 5148 αὑτὸν
3672 5097 3844 5161 Ἀνέτ-

2325 5162 2562 5229 ξιλητος.
2590 5167 2714 5211 Haec
2753 5165 2912 5210 verba
2962 5163 3012 5210 in
3058 5161 3494 5229 interpretatione
3542 5181 3640 5218 sua
3677 5165 3848 5218 omisit

2329 5227 2574 5298 Bullinus,
2603 5244 2698 5280 nec
2731 5229 2847 5298 sine
2881 5243 3056 5281 causa.
3086 5227 3218 5283 Sunt
3251 5233 3389 5284 enim
3414 5249 3633 5297 prorsus
3663 5248 3843 5298 supcr-

2324 5295 2449 5372 llua,
2477 5306 2529 5349 et
2555 5313 2582 5348 a
2619 5297 2904 5372 scholiaste
2935 5300 3158 5372 primum
3183 5302 3355 5354 addita
3398 5295 3538 5368 esse,
3569 5318 3634 5355 ac

2325 5366 2376 5416 in
2411 5376 2608 5417 textum
2645 5366 2886 5418 videntur
2918 5368 3161 5421 admissa.

2400 5436 2474 5503 (⁷)
2511 5435 2626 5502 Τὴν
2650 5437 3038 5509 ,λειτουργίατ
3082 5438 3580 5509 ἐγκεχειρισμένος
3633 5434 3761 5509 rh-
3780 5433 3848 5483 ιιι

2323 5509 2537 5577 quidem
2565 5505 2726 5577 codex
2753 5503 3185 5577 liegius._Veruiii
3211 5503 3440 5577 quam
3468 5503 3701 5577 reliqui.
3721 5503 3845 5554 Mat.

2326 5572 2524 5628 scilicet
2557 5591 2618 5625 ac
2651 5572 2782 5626 Med.
2822 5589 2942 5625 cum
2976 5575 3105 5627 Fnk.
3156 5572 3242 5633 ac'
3263 5580 3546 5640 Saviuauo,
3583 5572 3845 5640 scripturn

2329 5646 2522 5703 habent
2554 5644 2648 5717 τὴν
2678 5642 3006 5716 λειτουργίαν
3036 5642 3193 5717 εἶχεν.
