3970 6340
150 389 236 445 257
1098 387 1438 443 msronue
1481 371 2028 448 ECCLESlASTlCIE
2068 383 2191 440 LIB.
2232 372 2316 439 ιιι.

3204 382 3302 439 258

149 510 340 573 τούτους
370 510 447 563 ἔτι
479 510 558 582 τῷ
608 511 706 581 βίῳ
737 511 947 581 περιῆν,
975 512 1185 582 ἀπόχρη
1233 509 1317 562 διὰ
1345 509 1437 562 δύο
1461 509 1654 561 πιστώ-

1765 511 1818 562 ιιι
1849 511 1962 561 haec
1987 522 2153 576 usque
2183 517 2419 576 tempora
2441 503 2781 573 ‘pervencrit,
2821 504 3042 558 duorum
3084 505 3298 559 testium

152 600 318 656 mlius
339 601 427 654 τὸν
453 601 608 669 λόγον
640 603 943 671 μαρτύρων.
976 601 1161 652 Πιστοὶ
1198 600 1241 651 δ’
1265 600 1330 652 ἂν
1371 591 1477 651 εἷεν
1496 594 1656 660 οὗτοι,

76 716 78 718 τ
150 693 233 763 τῆς
273 691 715 762 ὲκκλησιαστικῆς
765 689 1190 760 πρεσϐεύσαντες
1238 686 1559 758 ὁρθοδοξίας.
1598 687 1659 738 Ol

151 784 204 852 δὴ
227 782 438 835 τοιοῦτοι
493 782 770 853 Εἰρηναῖος
799 780 887 830 καὶ
922 778 1147 848 Κλήμης
1186 779 1214 829 ὁ
1267 775 1657 844 Ἀλεξανδρεύς.

154 865 234 926 Ὧν
253 874 278 925 ό
303 872 394 942 μὲν
422 871 681 941 πρότερος
719 872 773 922 ὲν
798 869 1026 937 δευτέρῳ
1064 868 1170 919 τῶν
1202 869 1353 934 Πρὸς
1373 865 1479 930 τὰς
1509 865 1662 932 αΙρέ-

153 982 290 1029 σεις,
317 958 412 1015 ὧδέ
439 980 554 1025 πως
583 961 779 1030 γράφει
802 960 937 1012 κατά
965 957 1135 1021 λέξινο
1179 977 1196 1008 ι
1229 958 1337 1010 Καὶ
1381 957 1576 1020 πάντες
1614 960 1661 1008 oi

155 1049 476 1126 πρεσϐύτεροι
523 1051 595 1121 (8)
631 1051 1010 1121 μαρτυροῦσιν,
1064 1050 1111 1101 oi
1169 1049 1307 1101 κατὰ
1353 1048 1449 1117 τὴν
1483 1046 1662 1100 Ἀσίαν
1699 1073 1704 1076 -

167 1150 355 1218 Ἰωάννῃ
380 1146 456 1215 τῷ
474 1144 566 1197 τοῦ
597 1139 798 1214 Κυρίου
831 1143 1041 1211 μαθητῇ
1068 1159 1128 1192 συ
1139 1140 1514 1211 μϐεϐληκότες,
1560 1157 1662 1192 πα·-

159 1235 477 1307 ραδεδωκέναι
517 1233 606 1285 τὸν
660 1233 924 1302 Ἰωάννην.
984 1230 1286 1300 Παρέμεινε
1336 1230 1443 1310 γνάρ
1485 1229 1664 1290 αὐτοῖς

159 1327 294 1395 μέχρι
318 1324 418 1376 τῶν
447 1323 711 1394 Τραῖανοῦ
733 1322 957 1393 χρόνων.
997 1339 1015 1370 ›
1054 1321 1162 1372 Καὶ
1207 1321 1262 1370 ὲν
1292 1319 1457 1389 τρίτῳ
1481 1318 1536 1370 δὲ
1564 1318 1662 1386 τῆς

155 1415 300 1482 αὐτῆς
341 1413 640 1475 ὑποθέσεως
689 1411 850 1464 ταὺτὸ
892 1409 1046 1462 τοῦτο
1100 1408 1249 1477 δηλοῖ
1296 1407 1382 1460 διά
1427 1407 1657 1459 τούτωνδ

159 1525 174 1556 ι
214 1504 354 1558 Ἀλλά
401 1506 493 1557 καὶ
547 1505 580 1574 ἡ
640 1505 696 1556 ὲν
741 1501 949 1570 Ἐφέσῳ
989 1499 1275 1568 Ἐκκλησία
1314 1498 1417 1550 ὑπὸ
1453 1499 1660 1550 Παύλου

158 1593 236 1662 μὲν
256 1590 698 1661 τεθεμελιωμένη,
735 1590 974 1642 Ἰωάννου
1022 1587 1078 1638 δὲ
1108 1586 1536 1656 παραμείναντος
1569 1588 1664 1638 αὑ-

154 1685 243 1744 τοῖς
297 1680 447 1750 μέχρι
492 1680 599 1732 τῶν
627 1678 889 1749 Τραϊανοῦ
937 1678 1159 1748 χρόνων,
1212 1681 1416 1748 μάρτυς
1461 1679 1662 1750 ἀληθής

155 1775 250 1825 ἐστι
271 1774 362 1841 τῆς
385 1772 489 1826 τῶν
518 1772 822 1824 ἀποστόλων
865 1770 1224 1840 παραδόσεως.
1261 1789 1279 1821 ι
1321 1771 1378 1821 '0
1419 1770 1475 1822 δὲ
1523 1772 1665 1839 Κλή-

159 1881 246 1932 μης
278 1862 402 1932 ὁμοῦ
432 1863 522 1914 τὸν
551 1863 739 1933 χρόνον
781 1861 1272 1930 ἐπισημηνάμενος,
1307 1861 1398 1912 καὶ
1431 1863 1668 1932 ἱστορίαν

155 1953 549 2020 ἀναγκαιοτάτην
615 1947 694 2012 οἷς
752 1950 819 2001 τά
874 1950 1011 2001 καλά
1074 1951 1166 2002 καὶ
1221 1951 1468 2020 ἐπωφελῆ
1519 1951 1667 2018 φίλον

155 2041 360 2103 ἀκούειν,
391 2041 757 2110 προστίθησιν,
788 2037 856 2092 ἐν
884 2037 928 2102 ᾧ
965 2039 1056 2102 Τίς
1086 2043 1118 2092 o’
1137 2039 1460 2108 σωζόμενος
1486 2043 1670 2094 πλού-

155 2145 263 2192 σιος
284 2129 584 2198 ἐπέγραψεν
604 2130 763 2181 αὐτοῦ
791 2130 1198 2199 συγγράμματι.
1231 2131 1422 2183 Λαϐὼν
1452 2131 1507 2184 δὲ
1542 2133 1669 2184 ἀνά-

154 2217 293 2281 γνωθι
346 2212 447 2270 ὧδέ
503 2236 619 2280 πως
671 2218 891 2287 ἔχουσαν
937 2221 1031 2270 καὶ
1071 2220 1232 2270 αὑτοῦ
1284 2220 1380 2290 τὴν
1425 2224 1662 2291 γραφήνο

161 2308 457 2360 ι’Δκουσον
513 2307 676 2378 μῦθον
733 2308 794 2360 οὐ
862 2307 1046 2377 μῦθον,
1112 2309 1243 2361 ἀλλά
1291 2309 1420 2360 ὄντα
1471 2311 1656 2375 λόγον,

155 2397 262 2466 περὶ
317 2397 551 2449 Ἰωάννου
600 2395 690 2449 τοῦ
763 2397 1060 2449 ἀποστόλου
1117 2398 1533 2467 παραδεδομένον
1590 2400 1663 2470 (9)

154 2487 231 2537 καὶ
273 2490 445 2556 μνήμῃ
496 2487 917 2556 πεφυλαγμένον.
974 2489 1186 2557 Ἐπειδὴ
1263 2490 1369 2558 γάρ
1422 2489 1514 2540 τοῦ
1580 2507 1668 2542 τυο

158 2575 321 2645 ράννου
366 2577 794 2647 τελευτήσαντος,
834 2576 938 2628 ἀπὸ
976 2577 1072 2645 τῆς
1097 2577 1312 2645 Πάτμου
1357 2575 1456 2644 τῆς
1505 2578 1666 2646 νήσου

158 2665 386 2734 μετῆλθεν
441 2670 516 2731 εἰς
567 2668 664 2738 τὴν
719 2669 976 2734 Ἔφεσον,
1037 2666 1199 2737 ἀπῄει
1256 2669 1670 2738 παρακαλούμε-

155 2773 227 2818 νος
255 2759 340 2810 καὶ
392 2759 481 2810 ἐπὶ
511 2758 581 2811 τὰ
629 2758 966 2830 πλησιόχωρα
1012 2758 1118 2810 τῶν
1171 2758 1356 2820 ἐθνῶν,
1394 2759 1522 2810 ὅπου
1572 2761 1668 2829 μὲν

157 2848 449 2910 ἐπισκόπους
500 2852 870 2919 καταστήσων,
925 2852 1054 2902 ὅπου
1113 2851 1168 2902 δὲ
1207 2851 1331 2913 ὅλας
1351 2851 1670 2921 Ἐκκλησίας

156 2936 396 3006 ἁρμόσων,
415 2941 543 2992 ὅπου
580 2941 637 2993 δὲ
659 2941 839 3011 κλήρῳ
862 2941 953 2992 ἕνα
991 2941 1052 3008 γέ
1085 2959 1202 2994 τινα
1231 2941 1520 3012 κληρώσων
1559 2941 1667 3011 (l0)

155 3026 243 3078 τῶν
272 3029 367 3080 ὑπὸ
395 3030 488 3081 τοῦ
524 3031 835 3100 Πνεύματος
871 3031 1295 3101 σημαινομένων.
1341 3031 1538 3083 Ἐλθὼν
1579 3028 1669 3084 οὖν

157 3117 233 3168 καὶ
259 3119 341 3170 ὲπί
370 3138 486 3173 τινα
511 3121 614 3173 τῶν
647 3123 706 3173 οὑ
731 3121 942 3190 μακρὰν
973 3121 1194 3185 πόλεων,
1225 3116 1291 3192 ἦς
1313 3123 1405 3174 καὶ
1435 3121 1666 3192 τοῦνομα

1761 598 2075 651 auctoritate
2102 597 2334 666 probare
2388 592 2629 649 sufﬁciet.
2659 594 2794 648 Sunt
2844 608 3002 662 porro
3035 595 3089 648 hi
3137 605 3300 650 testes

1761 685 2202 754 lideodignissimi,
2225 687 2422 756 quippe
2452 687 2542 754 qui
2576 695 2733 740 recta:
2763 700 2970 753 semper
2997 685 3324 752 catholicas

1759 789 1862 842 que
1890 774 2147 828 doctrinm
2185 783 2616 844 propugnatores
2666 774 2972 826 exstiterint
3003 786 3017 823 :
3046 773 3297 824 lrenamm
3328 799 3336 804 -

1759 864 1879 916 dico
1909 871 1964 915 et
1992 861 2318 917 Clementem
2347 861 2788 916 Alexandrinum.
2819 862 3051 926 Quorum
3074 861 3216 930 prior
3246 862 3299 916 in

1760 952 1990 1004 secundo
2021 950 2279 1004 Adversas
2300 950 2516 1004 hereses
2541 950 2775 1020 lihrotita
2798 952 2984 1005 scribit
3007 969 3020 1003 :
3060 969 3078 1000 ι
3099 951 3162 1003 Et
3186 965 3302 1004 om-

1761 1056 1875 1106 nes,
1911 1041 2109 1108 inquit,
2160 1039 2464 1109 presbyteri
2517 1040 2611 1109 qui
2667 1055 2787 1093 cum
2840 1039 3048 1094 Joanne
3095 1039 3301 1094 Domini

1761 1129 2018 1196 discipqu
2046 1130 2098 1182 in
2155 1127 2279 1182 Asia
2315 1127 2652 1184 familiariter
2691 1132 2889 1185 versati
2921 1139 3070 1194 sunt,
3103 1131 3172 1184 ita
3201 1131 3302 1184 sibi

1762 1235 1790 1271 a
1817 1218 2022 1273 Joanne
2049 1219 2301 1271 traditum
2331 1233 2454 1272 esse
2493 1227 2779 1272 testantur.
2812 1220 2964 1274 Vixit
2987 1221 3124 1274 enim
3167 1219 3306 1287 apud

1763 1312 1884 1364 illos
1905 1323 2074 1378 usque
2121 1309 2188 1362 ad
2229 1319 2471 1378 tempora
2495 1307 2736 1374 Trajaui.
2768 1328 2788 1361 ι
2827 1310 2882 1363 lu
2912 1310 3068 1364 tertio
3092 1324 3303 1378 quoque

1761 1398 1998 1466 ejusdem
2027 1398 2207 1465 operis
2237 1396 2392 1458 libro,
2427 1397 2477 1450 id
2511 1397 2686 1465 ipsum
2720 1398 2957 1452 declarat
2981 1398 3066 1451 his
3089 1399 3300 1451 verbis:

1768 1507 1786 1540 ι
1813 1489 1915 1542 Sed
1937 1497 1990 1540 et
2006 1486 2273 1555 Ephesina
2293 1486 2547 1549 Ecclesia,
2578 1501 2694 1554 quae
2719 1501 2746 1536 a
2769 1485 2931 1539 Paulo
2950 1487 3162 1554 quidem
3195 1486 3307 1538 lun-

1763 1581 1883 1632 data
1907 1586 2008 1641 est,
2031 1575 2289 1631 Joannem
2313 1590 2440 1629 vero
2487 1591 2655 1645 usque
2708 1577 2773 1628 ad
2809 1575 3018 1640 Traiani
3067 1583 3303 1642 tempora

1763 1669 1953 1724 habuit
1979 1669 2371 1737 presidentem,
2411 1667 2568 1720 testis
2595 1666 3012 1735 locupletissima
3057 1674 3144 1721 .cst
3169 1680 3302 1733 apo-

1764 1760 1965 1814 stolicae
1987 1759 2308 1812 traditionis.
2346 1777 2364 1809 ι
2390 1759 2635 1812 Clemens
2653 1768 2829 1812 autem
2858 1757 3133 1810 ineolibro
3147 1772 3304 1825 quem

1696 1841 1737 1894 Β
1765 1853 2065 1919 inscripsit,
2099 1849 2351 1915 Quisnam
2389 1851 2529 1903 dives
2578 1849 2795 1902 salutem
2846 1850 3006 1918 possit
3045 1849 3304 1916 consequi,

1766 1943 1923 1997 simul
1952 1949 2008 1993 et
2043 1951 2250 2007 tempus
2277 1943 2448 2008 ipsum
2500 1939 2816 2007 designavit,
2845 1949 2898 1992 et
2945 1940 3304 1992 narrationem

1766 2033 2048 2101 quamdam
2080 2031 2322 2098 adjnnxit
2385 2029 2633 2096 inprimis
2673 2030 3028 2081 necessariam
3058 2030 3123 2081 iis
3177 2044 3310 2096 pra:-

1765 2124 1948 2176 sertim
1975 2137 2106 2189 quos
2135 2136 2312 2173 rerum
2347 2120 2688 2172 honestarum
2721 2127 2878 2185 atque
2920 2119 3127 2172 utilium
3161 2135 3311 2173 com-

1764 2211 2080 2264 memoratio
2099 2209 2344 2263 delectat.
2372 2206 2596 2276 Snmpto
2627 2209 2787 2275 igitur
2833 2210 2882 2262 in
2927 2225 3113 2263 manus
3151 2212 3306 2275 libro,

1764 2303 1928 2354 recita
1957 2301 2084 2353 mihi
2107 2301 2378 2354 historiam
2409 2314 2525 2368 qua:
2545 2301 2621 2354 sic
2648 2301 2808 2354 habet
2835 2318 2848 2353 :
2880 2319 2897 2350 ι
2926 2302 3195 2363 Ausculta,
3229 2303 3311 2354 in.

1763 2395 1898 2462 quit,
1928 2393 2158 2445 fabulam
2187 2412 2198 2444 :
2225 2394 2335 2446 imo
2365 2409 2468 2445 non
2509 2393 2766 2456 fabulam,
2821 2395 2912 2447 sed
2976 2395 3308 2448 verissimam

1767 2484 2044 2538 historiam
2075 2483 2142 2538 de
2169 2483 2395 2547 Joanne.
2429 2502 2545 2554 qua:
2588 2487 2741 2539 nobis
2774 2468 2995 2539 ﬁdeliter
3031 2489 3224 2539 tradita
3256 2498 3310 2540 et

1765 2579 2034 2632 memoria:
2058 2580 2294 2631 studiose
2320 2579 2426 2647 92
2463 2580 2830 2631 commendata
2860 2591 2961 2632 est.
3021 2580 3146 2631 Cum
3193 2588 3313 2647 post

1766 2669 1968 2722 obitum
1997 2671 2202 2738 tyranni
2231 2684 2292 2722 ex
2319 2671 2490 2722 insula
2524 2669 2712 2724 Patmo
2763 2670 3028 2736 Ephesum
3063 2672 3308 2723 rediisset

1767 2758 2020 2825 Joannes,
2049 2761 2113 2811 ad
2146 2759 2403 2814 ﬁnitimas
2434 2775 2644 2826 quoque
2675 2760 2975 2827 provincias
3008 2771 3224 2828 rogatus
3252 2775 3311 2813 so

1767 2849 2012 2912 contulit,
2047 2851 2236 2917 partim
2267 2859 2322 2901 ιιι
2371 2851 2648 2918 episcopos
2707 2851 3076 2913 c0nstitucrct,
3115 2851 3308 2917 partim

1770 2950 1827 2994 ut
1854 2940 2119 2994 Ecclesias
2150 2941 2382 3006 integras
2412 2941 2710 3008 disponeret
2733 2956 2793 2992 ac
2824 2941 3095 3004 formaret,
3115 2945 3308 3009 partim

1770 3030 1930 3080 etiam
1959 3036 2017 3080 ut
2051 3028 2296 3081 homines
2318 3027 2418 3080 sibi
2449 3042 2478 3080 a
2510 3029 2691 3082 divino
2729 3027 2931 3095 Spiritu
2966 3029 3224 3082 indicatos
3258 3031 3308 3082 in

1772 3121 1970 3172 elerum
2026 3120 2306 3186 quemdam
2354 3133 2448 3171 seu
2509 3127 2709 3172 sortem
2761 3120 2966 3173 Domini
3010 3129 3307 3187 seponeret.

158 3203 370 3271 λέγουσιν
397 3211 525 3263 ἔνιοι
559 3211 689 3281 (Η),
720 3213 810 3264 καὶ
846 3211 1006 3263 τᾶλλα
1036 3211 1348 3275 ἀναπαύσας
1371 3213 1493 3276 τοὺς
1518 3213 1666 3264 ἀδελ-

1767 3209 1899 3263 Cum
1935 3225 2063 3276 ergo
2092 3209 2158 3262 ad
2196 3210 2482 3277 quamdam
2516 3211 2698 3261 urbem
2727 3211 2959 3263 venisset
2988 3210 3128 3262 haud
3155 3210 3309 3277 longe

159 3295 268 3359 φοὺς
298 3297 424 3366 (12),
453 3299 544 3350 ἐπὶ
575 3301 703 3351 πᾶσι
735 3297 810 3367 τῷ
831 3298 1126 3351 καθεστῶτι
1157 3299 1494 3369 προσϐλέψας
1517 3302 1668 3351 tnta-

159 3383 303 3452 κόπῳ,
352 3389 623 3441 νεανίσκον
668 3391 847 3442 ἱκανὸν
899 3389 976 3458 τῷ
1028 3389 1256 3458 σώματι,
1299 3391 1390 3442 καὶ
1422 3391 1518 3460 τὴν
1550 3391 1669 3459 ὄψιν

1769 3301 2010 3354 dissitam
2043 3315 2072 3351 a
2122 3299 2339 3352 civitate
2386 3299 2616 3366 Epheso,
2662 3299 2813 3367 cujus
2851 3301 3010 3352 etiam
3061 3314 3250 3352 nomen
3281 3315 3310 3350 a

1773 3391 2044 3444 nonnullis
2076 3390 2326 3452 refertur,
2359 3388 2658 3455 fratresque
2679 3389 2788 3441 suis
2821 3389 3153 3442 sermonibus
3183 3403 3311 3441 con-

162 3474 361 3538 ἀστεῖον,
385 3479 476 3529 καὶ
508 3479 704 3548 θερμὸν
718 3480 816 3547 τὴν
846 3479 1017 3548 ψυχὴν
1047 3478 1187 3540 ἰδὼν,
1221 3479 1433 3543 Τοῦτον,
1453 3481 1575 3549 ἔφη,
1594 3481 1669 3532 σοὶ

1774 3480 1974 3533 solatus
2006 3479 2213 3542 fuisset,
2240 3479 2306 3529 ad
2335 3486 2630 3530 extremum
2679 3478 2792 3530 viso
2837 3479 3031 3543 juvene
3075 3476 3308 3544 quodam

159 3565 626 3633 παρακατατίθεμαι
651 3567 785 3635 μετά
817 3568 992 3635 πάσης
1027 3569 1276 3636 σπουδῆς,
1315 3570 1404 3620 ἐπὶ
1435 3570 1532 3638 τῆς
1558 3571 1669 3621 Ἐκ-

1777 3579 1978 3622 statura
2001 3568 2243 3636 corporis
2285 3568 2522 3634 egregio,
2560 3567 2705 3618 vultu
2756 3582 2860 3618 non
2921 3567 3220 3633 invenusto,
3256 3575 3312 3618 et

161 3645 351 3716 κλησίας
378 3652 470 3702 καὶ
484 3652 575 3703 τοῦ
597 3652 828 3722 Χριστοῦ
865 3653 1152 3721 μάρτυρος.
1176 3655 1281 3706 Τοῦ
1307 3656 1362 3706 δὲ
1383 3657 1668 3725 δεχομένου

161 3741 236 3792 καὶ
263 3742 406 3794 πάνθ’
441 3743 880 3813 ὑπισχνουμένου,
915 3744 1004 3795 καὶ
1032 3745 1188 3795 πάλιν
1226 3745 1294 3795 τά
1321 3746 1459 3797 αὑτά
1499 3747 1668 3799 διελέ-

161 3844 264 3896 γετο
290 3832 377 3884 καὶ
406 3833 808 3905 διεμαρτύρετο.
842 3829 971 3884 Εἶτα
1008 3835 1036 3884 ό
1085 3833 1180 3900 μὲν
1220 3835 1424 3903 ἀπῆρεν
1453 3835 1541 3886 ἐπὶ
1571 3839 1668 3907 τὴν

222 4002 285 4072 (8)
311 4007 416 4060 Καὶ
443 4007 661 4073 πάντες
685 4011 738 4060 οὶ
779 4008 1177 4074 πρεσϐύτεροι.
1211 4005 1343 4059 Tres
1379 4008 1547 4060 nostri
1580 4023 1672 4060 co-

166 4070 308 4139 dices,
335 4077 489 4140 Ilaz.,
519 4070 654 4130 Med.
685 4092 749 4130 ac
777 4070 932 4138 ἢκ,
957 4070 1137 4128 vocém
1192 4077 1517 4128 interserunt
1573 4077 1674 4129 hoc

166 4143 318 4209 modo,
353 4150 444 4199 καὶ
467 4147 661 4209 πάντες
689 4146 744 4197 δὲ
770 4149 816 4198 οἱ
845 4145 1216 4215 πρεσϐύτεροι.
1249 4143 1420 4196 Locus
1444 4145 1528 4215 hic
1555 4143 1661 4196 Ire-

166 4215 250 4262 nai
283 4226 448 4268 exstat
475 4217 525 4269 in
554 4217 646 4269 lib.
672 4232 732 4280 ll,
760 4214 997 4284 cap."59,
1025 4215 1111 4267 ubi
1140 4215 1372 4268 lrenaeus
1405 4214 1661 4284 disputat,

167 4291 277 4353 quot
306 4299 468 4338 annos
513 4286 564 4338 in
621 4286 777 4339 terris
826 4282 1023 4339 vixerit
1060 4285 1326 4346 Christus,
1363 4292 1415 4353 et
1439 4297 1504 4353 ex
1529 4282 1666 4353 rela-

174 4351 294 4422 tione
323 4356 588 4407 seniorum
630 4354 721 4420 qui
773 4368 890 4407 cum
923 4353 1124 4406 Joanne
1172 4351 1413 4422 apostolo
1443 4352 1495 4403 in
1542 4351 1664 4403 Asia

173 4414 474 4475 familiariter
500 4414 765 4484 vixerant,
821 4425 1010 4475 asserit
1058 4414 1327 4475 Christum
1363 4421 1477 4488 plus
1508 4434 1665 4488 quam

171 4491 487 4559 quadraginta
549 4463 812 4544 annoru’m
865 4495 1037 4558 spatio
1114 4492 1278 4543 vitam
1335 4463 1747 4559 p'roroé'asse.D

175 4551 482 4631 gerbaﬁjns
529 4560 645 4631 hac
694 4569 814 4614 sunt
859 4551 922 4614 ex
977 4561 1140 4631 veteri
1192 4551 1669 4631 interpretatione:

173 4617 296 4696 S_ic_ut
323 4617 656 4696 Evangelium
683 4640 727 4680 et
750 4636 919 4682 otnnes
950 4630 1174 4681 seniores
1191 4617 1475 4691 iestantur,
1500 4629 1589 4696 qui
1621 4629 1674 4680 in

172 4689 274 4770 {sic
298 4698 429 4762 apud
451 4689 711 4770 Joannem
739 4698 1045 4770 discipulum
1073 4697 1281 4770 Doniini
1307 4689 1672 4770 convenerunt,

171 4758 212 4804 id
241 4758 394 4822 ipsum
442 4767 720 4819 tradidisse
757 4769 828 4819 eis
857 4758 1133 4819 Joannem.
1171 4761 1469 4817 Permansit
1502 4776 1673 4820 autem

172 4832 356 4903 “£518
384 4850 544 4903 usque
563 4836 630 4887 ad
661 4835 877 4903 'l'rajani
911 4846 1158 4903 tempora.

228 4894 604 4971 (9)Vulg.'sssp2
640 4894 907 4957 Ἰωάἱκνου
934 4894 1036 4955 τοῦ
1071 4902 1411 4954 ἀποστόλου
1437 4904 1676 4971 Jay-dpe-

169 4977 273 5043 φιτ,
290 4967 1045 5043 καὶ-ᾑμῖνᾴαραδεδομένον.
1082 4973 1134 5043 in
1164 4973 1330 5043 tribus
1356 4967 1550 5043 nostris
1574 4967 1675 5026 co-

173 5032 361 5105 ilicibus.
379 5032 535 5102 Mite,
557 5032 693 5094 Me'd.
719 5058 779 5094 ac
802 5032 955 5104 Fide,
976 5043 1060 5093 hic
1086 5042 1231 5092 locus
1263 5039 1329 5090 ita
1365 5040 1670 5105 legitur.....

172 5102 272 5180 περὶ
285 5102 512 5180 Ἰωάννου
528 5109 620 5180 τοῦ
634 5110 920 5162 ἀποστόλου
936 5102 1375 5180 παραδεδομένων
1394 5102 1674 5174 {mundis

175 5173 315 5289 Irilbus
343 5173 440 5227 illis
467 5178 700 5240 vocibus,
733 5195 852 5247 qua:
877 5173 1115 5248 profecto
1136 5173 1320 5237 parum
1343 5173 1666 5231 necessaria:

175 5251 210 5288 ιι
241 5251 398 5289 entur.

173 5251 398 5293 Videntur.

228 5310 264 5374 (l
275 5308 486 5384 0)_Vulg.
503 5311 651 5384 ὅπου
671 5314 738 5366 δέ
749 5333 813 5383 γε
827 5321 1050 5384 κληρον
1063 5333 1167 5369 ενα
1182 5331 1310 5368 τινα
1327 5317 1666 5379 κληρωσων.

174 5373 482 5450 ῃιιιιοιοειιιιι
511 5382 714 5450 exﬁﬁde
735 5373 893 5450 atque
916 5373 1171 5448 {uetarita
1183 5397 1231 5438 te
1253 5386 1406 5436 trium
1425 5373 1666 5436 codicum

175 5443 562 5523 ξιιμ-Μῶλος
587 5449 724 5523 _Fult.
753 5443 963 5521 eg'regie
983 5457 1331 5517 restituimus,
1356 5453 1549 5519 reiecta
1578 5468 1668 5505 co-

176 5516 286 5587 dicis
309 5517 445 5585 Regii
475 5520 727 5582 let-tione,
758 5516 1042 5587 qitaa'lerri
1072 5527 1289 5576 omnino
1319 5516 1436 5573 non
1469 5531 1663 5587 potest.

178 5583 286 5645 Quid
331 5583 462 5641 enim
495 5588 596 5641 sibi
624 5589 737 5642 vult
766 5583 962 5657 κλῆρον
991 5591 1084 5642 ἕνα
1109 5593 1216 5645 τῶν
1243 5591 1345 5644 ὑπὸ
1373 5583 1484 5641 “coii—
1507 5584 1670 5642 Πνεύ-

179 5667 313 5770 toto:
329 5659 740 5736 σημαινομένων.
781 5660 846 5709 At
877 5660 927 5708 in
951 5659 1176 5714 lcetione
1201 5677 1356 5728 quam
1382 5675 1445 5712 ex
1470 5661 1667 5712 codici-

208 5737 257 5770 ιιι
275 5730 611 5770 τεειιιιιίηιιικ-
641 5729 793 5770 nlana
846 5736 963 5770 sunt
1007 5730 1182 5770 nninin
1252 5729 1357 5770 Sml
1402 5737 1455 5770 et
1489 5728 1661 5770 Ruﬁni

208 5728 612 5794 usrestituimus,
641 5729 795 5796 plana
845 5736 966 5781 sunt
1007 5730 1207 5784 omnia.
1252 5729 1357 5784 Sed
1402 5737 1455 5783 et
1487 5728 1664 5784 Ruﬁni
1715 5799 1720 5804 η

1775 3658 2001 3713 ferventi
2031 3660 2208 3711 indole
2259 3658 2497 3725 priedito,
2540 3672 2828 3710 conversus
2861 3658 2924 3710 ad
2981 3673 3100 3710 eum
3149 3671 3305 3723 quem

1772 3748 2051 3802 Ordinarat
2073 3749 2381 3817 episcopum
2415 3765 2429 3800 :
2465 3747 2638 3812 Hunc,
2669 3749 2860 3816 inquit,
2887 3763 3064 3801 coram
3094 3750 3314 3800 univer-

1772 3856 1828 3894 sa
1856 3841 2096 3894 Ecclesia
2143 3851 2198 3894 et
2225 3841 2323 3893 sub
2354 3840 2656 3894 testimonio
2713 3839 2909 3894 Christi
2949 3840 3184 3894 studiose
3215 3840 3308 3892 tibi

1776 4010 1953 4063 versio
1983 4009 2217 4062 nostrain
2253 4011 2678 4063 emendationem
2711 4011 3015 4065 conﬁrmat.
3042 4011 3131 4062 Sic
3162 4010 3306 4061 enim
3398 4059 3406 4067 ,

1777 4080 1973 4131 habet:
2016 4069 2316 4144 Rogabatur
2340 4081 2494 4128 etiam
2520 4081 2716 4130 vicinas
2745 4080 2968 4129 lustrare
2989 4078 3304 4144 prouincias,
3347 4109 3358 4123 .

1765 4164 1867 4212 quo
1893 4148 1967 4199 vel
1989 4144 2249 4196 Ecclesius
2274 4146 2538 4210 fundaret,
2570 4147 2620 4196 in
2641 4147 2824 4213 quibus
2851 4162 2951 4196 non
2977 4155 3126 4196 erant
3144 4145 3267 4197 locis
3285 4161 3305 4198 :

1767 4217 1842 4268 vel
1873 4217 1926 4266 in
1949 4215 2129 4282 quibus
2152 4227 2318 4274 erant,
2339 4215 2689 4268 sacerdotibus
2712 4232 2770 4266 ac
2793 4216 3044 4265 ministris
3076 4215 3306 4266 instrue-

1771 4295 1864 4343 ret,
1903 4285 2180 4335 secundum
2201 4283 2337 4350 quod
2363 4284 2409 4334 ei
2427 4284 2594 4336 denuo
2610 4301 2811 4352 quoque
2837 4284 3068 4346 Spiritus
3095 4296 3306 4336 sanctus

1770 4354 2065 4403 indicasset.

1844 4420 1952 4490 (ll)
1973 4417 2079 4485 τΗς·
2098 4422 2194 4474 καὶ
2218 4421 2475 4490 τοῦνομα
2499 4421 2784 4491 λέγουσιν
2816 4422 2981 4475 ἔνιοι.
3026 4422 3307 4491 Smyrnam

1775 4499 1929 4543 vocat
1953 4491 2089 4543 hanc
2115 4494 2299 4544 urbem
2328 4505 2514 4543 auctor
2538 4493 2777 4544 Chroniri
2806 4494 3170 4544 Alexandrini.

1844 4558 1952 4629 (l2)
2001 4562 2112 4613 Kal
2160 4560 2351 4614 τᾶλλα
2395 4562 2746 4625 ἀναπαύσας
2798 4561 2939 4624 τοὺς
2990 4561 3313 4627 ἀδελφούς.

1773 4627 1940 4697 Hujus
1988 4631 2136 4683 verbi
2192 4633 2294 4682 vim
2335 4647 2397 4682 ac
2441 4633 2818 4697 proprietatem
2880 4647 2981 4682 non
3043 4632 3307 4697 intellexit
3405 4670 3408 4672 ν

1772 4693 2307 4767 Cliristopliorsonus.
2337 4693 2510 4752 Vertit
2531 4693 2670 4750 enim
2695 4701 2794 4752 hoc
2822 4700 2976 4751 modo
3001 4715 3016 4750 :
3042 4693 3304 4767 Cum'alia

1771 4766 2175 4837 qumque’oiﬁcia
2204 4785 2319 4836 qua:
2351 4769 2418 4819 ad
2437 4768 2634 4837 animos
2659 4767 2879 4832 {rutrum
2910 4768 3043 4820 inter
3065 4785 3118 4821 se
3149 4766 3305 4837 άίιιὸέ

1771 4838 2002 4890 dentium
2023 4835 2371 4890 conciliandos
2391 4835 2733 4905 pertinebant,
2763 4837 2989 4898 obiisset,
3007 4836 3302 4905 ctc.rAt.qui

1771 4908 2017 4960 Clemens
2065 4908 2195 4958 nihil
2244 4907 2378 4956 dixit
2425 4907 2490 4956 de
2526 4905 2753 4956 l'ratrum
2803 4906 3095 4958 discordia.
3124 4904 3302 4970 Neque

1769 4991 1896 5028 vero
1921 4976 2105 5029 Graeca
2132 4991 2228 5028 vos
2255 4973 2955 5040 conciliationentsignilicat,
2983 4977 3075 5028 sed
3101 4983 3298 5026 tantum

1771 5045 2198 5098 consolationem.
2239 5045 2326 5092 Ait
2357 5043 2516 5109 igitur
2545 5041 2813 5107 Clemens,
2865 5043 3123 5095 Joannem
3172 5053 3300 5105 apo-

1771 5115 2108 5178 3tolum,cum
2131 5113 2180 5163 in
2211 5111 2350 5162 illam
2383 5112 2568 5163 urbem
2595 5112 2844 5175 venisset,
2868 5113 3057 5164 fratres
3071 5110 3298 5178 adventu

1770 5197 1868 5235 suo
1897 5175 2222 5234 consulatum
2261 5193 2400 5240 esse,
2429 5195 2549 5231 cum
2575 5191 2692 5246 post
2716 5183 3020 5233 diuturnum
3050 5175 3296 5229 exsilium

1769 5265 1874 5317 quo
1902 5248 2184 5304 Domitiani
2210 5248 2504 5317 principatu
2532 5245 2888 5310 eisulaverat,
2906 5263 3022 5300 eum
3050 5245 3294 5317 reducem

1773 5311 1982 5372 tandem
2008 5311 2268 5389 viderent.
2306 5311 2487 5389 Potest
2515 5320 2803 5389 etiam_hoc
2829 5311 3295 5389 verbumnintelligi

1768 5390 1834 5442 de
1870 5388 2388 5458 praedicationelqua
2417 5387 2653 5440 Joannes
2686 5386 2980 5458 Ecclesiani
3018 5381 3165 5458 illius
3193 5381 3290 5458 loci

1767 5449 2073 5511 consolatus
2101 5463 2200 5507 est.
2232 5449 2406 5507 Utitur
2427 5461 2616 5508 eadem
2645 5469 2770 5508 voce
2799 5449 3292 5518 llegesippusjnlra

1769 5527 1859 5580 lib.
1885 5542 1952 5587 tv,
1993 5539 2108 5587 cap.
2134 5523 2224 5580 22.
2260 5522 2428 5578 Porro
2467 5527 2518 5579 in
2563 5523 2835 5578 codicibus
2882 5516 3081 5570 nostris
3133 5516 3296 5587 llam,

1766 5595 1903 5649 Med.
1940 5586 2016 5647 iac
2048 5586 2181 5646 Fuk.
2231 5595 2490 5662 scriptum
2522 5605 2604 5650 est
2635 5595 2747 5650 sine
2773 5589 3088 5657 apostrophe
3114 5586 3210 5642 καὶ
3228 5586 3302 5640 τὰ

1765 5665 1916 5733 ἄλλα,
1946 5665 2161 5718 rectius.

1771 5845 1798 5852 .-
