3970 6340
195 359 277 413 265

1129 354 1471 412 HISTORIA:
1505 351 2063 414 ECCLESIASTICE
2103 355 2232 411 LIB.
2275 355 2363 410 Ill.

3267 353 3372 408 266

196 479 284 536 θεὶς
307 475 618 529 ἐπακοῦσαι.
654 476 763 527 Οὐκ
793 475 1006 547 ἄπειροι
1059 477 1156 546 μὲν
1187 473 1279 529 οὖν
1323 478 1564 548 ὑπῆρχον
1602 479 1703 531 τῶν

1813 480 2000 548 gisset,
2031 488 2084 531 et
2127 476 2193 530 ad
2225 477 2396 545 ipsum
2432 487 2605 542 usque
2631 471 2872 526 divinum
2927 471 3229 539 paradisum
3286 489 3373 526 ra-

195 567 334 622 αὐτῶν
364 569 459 618 καὶ
503 569 552 618 οἱ
583 568 755 620 λοιποὶ
800 568 893 620 τοῦ
941 569 1189 639 Σωτῆρος
1238 569 1393 639 ἡμῶν
1439 571 1708 640 φοιτηταὶ,

193 659 360 712 δώδεκα
372 659 469 728 μὲν
489 659 790 722 ἀπόστολοι,
809 660 1171 730 ἐϐδομήκοντα
1189 660 1246 712 δέ
1279 661 1533 730 μαθηταὶ,
1567 661 1713 714 ἄλλοι

192 768 240 802 τε
264 750 342 802 ἐπὶ
369 750 578 812 τούτοις
609 750 808 822 μυρίοι.
841 751 1027 820 Ὅμως
1050 751 1093 802 δ’
1115 747 1207 802 οὖν
1238 750 1298 814 ἐξ
1325 753 1576 804 ἁπάντων
1604 752 1712 804 τῶν

193 841 268 893 τοῦ
293 841 484 910 Κυρίου
539 841 810 910 μαθητῶν,
861 841 1221 910 ὑπομνήματα
1261 841 1536 904 Ματθαῖος
1583 844 1710 912 ἡμῖν

193 933 266 985 καὶ
298 931 532 1001 Ἰωάννης
571 933 715 1000 μόνοι
741 924 1318 998 καταλελοίπασιν·ὀῦς
1344 936 1440 988 καὶ⁵
1473 935 1712 1002 ἐπάναγ-

193 1024 365 1084 κεςέπὶ
388 1023 484 1092 τὴν
515 1023 730 1094 γραφὴν
775 1025 944 1077 ἐλθεῖν
980 1027 1196 1096 κατέχει
1220 1026 1392 1094 λόγος.
1437 1027 1712 1090 Ματθαῖος

194 1112 272 1181 μὲν
301 1112 401 1181 γὰρ
432 1113 690 1184 πρότερον
728 1113 996 1184 Ἑϐραίοις
1015 1115 1274 1186 κηρύξας,
1302 1117 1376 1178 ὡς
1397 1115 1586 1183 ἔμελλε
1621 1118 1714 1168 καὶ

191 1204 469 1272 ἐφ’ὲτέρους
492 1204 646 1266 ίέναι,
674 1206 883 1275 πατρίῳ
905 1204 1116 1276 γλώττῃ
1135 1208 1318 1276 γραφῇ
1354 1207 1628 1278 παραδοὺς
1654 1207 1713 1259 τὸ

124 1308 132 1315 ’
188 1297 286 1346 κατ’
313 1294 464 1346 αὑτὸν
497 1294 818 1362 Εὑαγγέλιον
839 1336 852 1360 ,
898 1297 960 1348 τὸ
991 1296 1171 1348 λεῖπον
1198 1300 1265 1367 τῇ
1311 1297 1474 1349 αὑτοῦ
1514 1314 1713 1368 παρου-

190 1385 264 1453 σίᾳ
286 1384 409 1452 (27),
441 1384 646 1447 τούτοις
682 1385 770 1453 ἀφ’
790 1379 863 1437 ὧν
913 1385 1206 1448 ἐστέλλετο,
1249 1385 1337 1437 διὰ
1367 1387 1465 1456 τῆς
1496 1387 1710 1456 γραφῆς

188 1473 487 1543 ἀτππλήρου,
522 1475 656 1543 Ἤδη
687 1474 742 1526 δὲ
791 1477 1015 1545 Μάρκου
1065 1477 1155 1528 καὶ
1207 1477 1388 1528 Λουκᾶ
1424 1475 1531 1527 τῶν
1592 1479 1711 1530 κατ’

188 1565 350 1627 αὐτοὺς
375 1546 722 1633 Εὐαγγελίων
733 1567 830 1637 τὴν
857 1567 1062 1619 ἔκδοσιν
1097 1568 1495 1636 πεποιημένων,
1533 1569 1712 1620 Ἰωάν-

194 1669 266 1721 ιην
295 1653 415 1720 φασὶ
441 1653 531 1707 τὸν
561 1654 734 1707 πάντα
758 1657 943 1727 χρόνον
980 1655 1212 1726 ἀγράφῳ
1255 1657 1587 1727 κεχρημένον
1615 1675 1712 1727 κη-

191 1746 415 1816 ρύγματι,
445 1747 595 1811 τέλος
649 1747 740 1800 καὶ
790 1749 880 1800 ἐπὶ
917 1751 1016 1818 τὴν
1050 1750 1262 1820 γραφὴν
1299 1752 1470 1803 ἐλθεῖν
1498 1751 1708 1803 τοιᾶσδε

1813 579 1956 637 plus,
1979 580 2176 620 arcana
2207 565 2446 632 quaedam
2473 564 2632 615 verba
2659 561 2730 616 ibi
2751 561 3055 616 auscultare
3070 562 3370 618 meruisset.

1815 657 1920 713 Sed
1974 667 2031 711 et
2077 655 2269 723 reliqui
2304 652 2614 707 Servatoris
2669 651 2838 705 nostri
2887 649 3188 718 adjutores,
3239 652 3373 705 duo-

1813 748 1984 802 decim
2050 734 2304 798 videlicet
2366 742 2626 810 apostoli,
2687 753 2742 796 et
2810 743 3148 811 septuaginta
3205 741 3372 796 disci-

1812 837 1944 904 puli,
1971 834 2080 904 95
2118 834 2212 888 alii
2258 832 2493 900 denique
2535 840 2732 900 printer
2776 845 2873 885 eos
2926 830 3369 892 innumerabiles,

1811 928 2127 981 earumdem
2167 939 2350 979 rerum
2403 922 2626 975 minime
2669 929 2917 987 expertes
2965 923 3207 976 fuerunt.
3258 921 3367 978 Soli

1813 1019 2165 1088 nihilominus
2190 1031 2256 1071 ex
2292 1015 2503 1070 cunctis
2532 1015 2742 1068 Domini
2786 1014 3064 1083 discipulis
3089 1013 3372 1068 Mattheus

1812 1120 1864 1162 et
1891 1109 2126 1162 Joannes
2160 1107 2392 1177 scriptos
2428 1107 2583 1159 nobis
2615 1121 2794 1159 rerum
2829 1107 3246 1160 commentarios
3287 1121 3374 1160 re-
3419 1171 3425 1177 _

1812 1200 2122 1268 liquerunt;
2181 1214 2319 1267 quos
2377 1198 2593 1266 quidem
2643 1199 2969 1253 necessitate
3031 1200 3260 1267 quadam
3307 1199 3375 1250 ad

1811 1291 2156 1344 scribendum
2199 1289 2461 1356 impulsos
2508 1288 2671 1341 fuisse
2692 1273 3014 1356 perhibent.
3063 1287 3194 1340 Nam
3242 1287 3376 1358 Mat-

1815 1382 1984 1435 tinens
2038 1395 2162 1434 cum
2225 1380 2466 1434 Hebraiis
2517 1382 2747 1448 primum
2801 1378 2958 1433 [idem
3005 1380 3370 1448 praedicasset,

1813 1472 1936 1525 inde
1961 1472 2027 1524 ad
2061 1472 2199 1526 alias
2233 1485 2448 1541 quoque
2499 1479 2690 1540 gentes
2732 1473 3101 1541 profecturus,
3135 1472 3376 1541 Evange-

1814 1561 1941 1614 lium
1990 1577 2149 1615 suum
2202 1563 2379 1631 patrio
2433 1577 2683 1617 sermone
2741 1564 3116 1630 conscribens,
3152 1565 3203 1618 id
3234 1567 3374 1633 quod

1816 1650 2115 1718 praesentia:
2142 1666 2252 1705 sua:
2285 1652 2464 1704 adhuc
2493 1666 2779 1719 superesse
2819 1653 3134 1718 videbatur,
3174 1655 3376 1723 scripto

1815 1739 1924 1792 illis
1946 1755 2082 1808 quos
2117 1741 2482 1810 relinquebat,
2518 1743 2804 1811 supplevit.
2844 1743 3033 1798 Postea
3073 1760 3205 1801 vero
3253 1762 3371 1800 cum

184 1837 318 1908 χάριν
343 1838 530 1900 αἰτίας.
565 1837 682 1889 Τῶν
713 1839 1235 1908 προαναγραφέντων
1276 1839 1440 1909 τριῶν
1473 1843 1551 1901 εἰς·
1577 1841 1703 1892 πάν-

1813 1830 2025 1886 Marcus
2062 1832 2172 1899 jam
2225 1842 2278 1885 et
2322 1829 2820 1902 Lucas'Evangelia
2855 1849 3228 1899 suaseorsum
3265 1837 3379 1891 sin-

184 1926 381 1997 τας
425 1929 528 1998 καὶ.
560 1929 638 1989 είς
675 1927 835 1980 αὑτὸν
887 1928 1290 1998 διαδεδομένων,
1353 1930 1710 1994 ἀποδέξασθαι

185 2019 275 2087 μὲν.
291 2035 459 2087 φασιν,
493 2017 742 2089 ἀλήθειαν
773 2020 952 2081 αὐτοῖς
983 2021 1520 2090 ἐπιμαρτυρήσαντα,
1549 2022 1711 2091 μόνην

182 2109 228 2162 δὲ
245 2110 338 2179 ἄρα
358 2109 630 2162 λείπεσθαι
656 2111 722 2178 τῇ
749 2112 929 2179 γραφῇ
955 2110 1054 2179 τὴν
1085 2111 1212 2178 περὶ
1253 2109 1361 2162 τῶν
1388 2112 1446 2162 ἐν
1477 2110 1710 2181 πρώτοις

181 2200 260 2251 καὶ
302 2201 412 2252 κατ’
433 2199 610 2271 ἀρχὴν
641 2198 733 2252 τοῦ
786 2199 1135 2270 κηρύγματος
1183 2200 1286 2252 ὑπὸ
1329 2201 1421 2251 τοῦ
1475 2201 1708 2271 Χριστοῦ

182 2291 546 2360 πεπραγμένων
569 2289 813 2360 διήγησιν
831 2308 846 2322 ο
881 2292 976 2344 καὶ
1005 2290 1205 2361 ἀληθής
1229 2309 1291 2358 γε
1323 2294 1351 2344 ὁ
1371 2292 1542 2360 λόγος.
1573 2294 1709 2356 Τοὺς

180 2379 347 2443 ἄλλους
388 2371 515 2448 γοῦν
556 2386 703 2451 τρεῖς
738 2382 1127 2450 εὐαγγελιστάς
1185 2383 1412 2435 συνιδεῖν
1455 2384 1705 2454 πάρεστι,

185 2470 298 2537 μόνα
327 2472 389 2525 τὰ
429 2473 564 2542 μετὰ
601 2474 699 2544 τὴν
739 2476 795 2526 ἐν
832 2475 910 2542 τῷ
953 2474 1306 2543 δεσμωτηρίῳ
1343 2474 1582 2526 Ἰωάννου
1613 2473 1705 2526 τοῦ

179 2557 454 2613 Βαπτιστοῦ
505 2561 776 2633 κάθειρξιν
823 2563 904 2630 ἐφ’
929 2563 1022 2615 ἕνα
1053 2563 1294 2615 ἐνιαυτὸν
1347 2563 1709 2632 πεπραγμένα

175 2653 240 2721 τῷ
277 2654 474 2724 Σωτῆρι
506 2657 965 2727 συγγεγραφότας,
999 2655 1128 2708 αὑτό
1167 2673 1225 2707 τε
1263 2654 1404 2707 τοῦτ’
1433 2657 1703 2726 ἐπισημησ

179 2743 412 2810 ναμένους
450 2747 724 2815 καταρχὰς
759 2747 857 2815 τῆς
900 2744 1078 2797 αὐτῶν
1112 2744 1368 2814 ἱστορίας.
1399 2745 1552 2797 Μετὰ
1579 2745 1708 2811 γοῦν

175 2833 260 2903 τὴν
314 2838 912 2907 τεσσαρακονταήμερον
977 2835 1225 2904 νηστείαν
1268 2875 1282 2897 ,
1322 2835 1413 2888 καὶ
1475 2835 1565 2888 τὸν
1621 2838 1707 2889 ἐπ’

177 2921 294 2992 αὐτῇ
365 2925 682 2996 πειρασμὸν,
743 2926 833 2978 τὸν
895 2926 1082 2995 χρόνον
1121 2925 1217 2995 τῆς
1247 2924 1379 2987 ἰδίας
1428 2927 1643 2996 γραφῆς
1680 2929 1708 2980 ὁ

182 3013 266 3079 μὲν
327 3016 597 3079 Ματθαῖος
664 3017 811 3087 δηλοῖ
844 3017 1032 3084 λέγων’
1103 3035 1122 3068 ι
1189 3017 1448 3080 ’Δκούσας
1509 3018 1564 3069 δὲ
1627 3019 1706 3070 ὅτι

189 3103 416 3174 Ἰωάννης
446 3107 734 3178 παρεδόθη,
789 3107 1129 3178 ἀνεχώρησεν
1178 3108 1284 3160 ἀπὸ
1313 3110 1408 3179 τῆς
1453 3108 1703 3171 Ἰουδαίας

1815 1921 1922 1988 guli
1955 1921 2268 1987 edidissent,
2296 1923 2446 1974 aiunt
2472 1919 2756 1987 Joannem,
2790 1928 2881 1991 qui
2936 1927 3201 1980 hactenus
3234 1927 3372 1981 nuda

1814 2025 1942 2064 voce
1971 2010 2193 2063 verbum
2229 2011 2437 2065 Domini
2479 2011 2890 2077 praadicaverat,
2927 2014 3142 2067 tandem
3168 2017 3238 2070 ob
3277 2016 3378 2068 hu-

1806 2099 2042 2165 jusmodi
2068 2115 2284 2154 causam
2312 2101 2377 2152 ad
2408 2100 2754 2154 scribendum
2784 2115 2843 2153 se
2878 2103 3199 2158 contulisse.
3240 2104 3372 2159 Per-

1811 2190 1932 2244 latis
1957 2190 2068 2258 jam
2096 2191 2148 2243 in
2183 2193 2421 2245 omnium
2458 2192 2737 2261 ipsiusque
2786 2192 2924 2247 adeo
2973 2192 3199 2250 Joannis
3231 2199 3371 2252 noti-

1811 2283 1938 2335 tiam
1969 2282 2291 2351 supradictis
2319 2283 2493 2337 tribus
2531 2282 2855 2352 Evangeliis,
2897 2286 3282 2354 approbavisse
3309 2303 3371 2340 ea

1808 2372 2067 2438 Joannes,
2117 2384 2172 2426 et
2212 2373 2492 2427 veritatem
2537 2375 2867 2443 scriptorum
2917 2390 3016 2430 suo
3063 2377 3369 2433 testimonio

1811 2464 2164 2519 conﬁrmasse
2189 2465 2436 2520 dicitur:
2476 2468 2648 2522 solam
2689 2483 2822 2522 vero
2871 2471 3237 2524 narrationem
3277 2461 3371 2526 ea;

1811 2572 1929 2610 rum
1979 2572 2160 2611 rerum
2191 2574 2330 2628 quas
2362 2558 2613 2614 Christus
2643 2559 2788 2614 circa
2822 2561 3236 2631 praedicationis
3267 2564 3369 2617 ini-

1810 2645 1943 2698 tium
1982 2655 2249 2715 gesserat,
2300 2647 2638 2702 desiderasse
2679 2666 2693 2702 :
2727 2658 2779 2702 et
2819 2649 3062 2718 profecto
3093 2652 3163 2705 ita
3197 2666 3253 2706 se
3285 2667 3373 2706 res

1811 2733 1995 2789 habet.
2048 2734 2182 2790 Nam
2217 2737 2528 2806 superiores
2557 2737 2776 2805 quidem
2825 2749 2937 2793 tres
2988 2742 3369 2811 evangelistas,

1811 2840 1875 2880 ea
1899 2827 2170 2881 duntaxat
2219 2843 2338 2896 qua:
2375 2838 2499 2897 post
2525 2829 2829 2895 conjectum
2871 2830 2924 2884 in
2955 2831 3168 2886 vincula
3209 2832 3371 2888 Joan-
3457 2893 3460 2898 _

1810 2933 1931 2972 nem
1963 2917 2306 2986 ‘Baptistam,
2334 2919 2495 2973 unius
2542 2921 2668 2974 an'ni
2719 2921 2994 2978 curriculo
3026 2938 3054 2977 a
3085 2922 3373 2981 Servatore

1809 3018 1997 3063 nostro
2042 3017 2192 3078 gesta
2241 3018 2388 3074 sunt,
2433 3009 2634 3066 litteris
2691 3013 2977 3091 mandasse
3027 3016 3368 3090 perspicpum

1811 3113 1891 3158 est
1918 3122 1930 3156 :
1965 3103 2125 3172 idque
2147 3103 2323 3171 ipsum
2352 3104 2405 3156 in
2442 3105 2708 3174 principio
2737 3109 2920 3176 operis
2950 3110 3030 3162 sui
3063 3118 3250 3178 aperte
3294 3110 3370 3162 si—

174 3195 242 3254 είς
299 3195 392 3264 τὴν
429 3196 730 3251 Γαλιλαίαν.
802 3217 819 3248 ι
903 3198 959 3250 '0
1008 3199 1064 3251 δὲ
1129 3199 1352 3268 Μάρκος
1415 3200 1703 3263 ὡσαύτως·

1811 3194 2117 3262 g’niticasse.
2149 3194 2431 3248 Matthaaus
2458 3206 2603 3248 certe
2629 3205 2749 3262 post
2774 3198 3133 3266 quadraginta
3165 3200 3370 3253 dierum

178 3302 193 3331 ι
239 3285 384 3336 Μετὰ
438 3287 495 3337 δὲ
559 3288 621 3338 τὸ
676 3287 1093 3357 παραδοθῆναι,
1151 3291 1348 3358 φησὶν,
1418 3291 1704 3361 Ἰωάννην,

169 3368 312 3442 ἦλθεν
355 3375 554 3444 Ἰησοῦς
583 3378 662 3437 είς
684 3377 778 3446 τὴν
819 3379 857 3427 Γ
862 3378 1122 3431 αλιλαίαν.
1158 3398 1175 3428 ι
1202 3379 1310 3431 Καὶ
1349 3382 1377 3431 ὁ
1404 3381 1614 3440 Λουκᾶς
1650 3381 1707 3432 δὲ

171 3463 282 3533 πρὶν
299 3463 554 3532 ἄρξασθαι
573 3466 678 3517 τῶν
695 3467 786 3518 τοῦ
813 3469 984 3536 Ἰησοῦ
1016 3468 1284 3537 πράξεων,
1316 3470 1706 3539 παραπλησίως

169 3552 396 3620 ἐπιτηρεῖ
429 3552 678 3620 φάσκων·
721 3573 740 3604 ι
792 3556 876 3616 Ὠς
916 3556 1020 3626 ἄρα
1054 3556 1307 3627 προσθεὶς
1347 3557 1588 3627 Ἡρώδης
1626 3554 1706 3618 οἷς

167 3641 468 3713 διεπράξατο
523 3648 793 3715 πονηροῖς,
846 3647 1162 3698 κατέκλεισε
1209 3646 1299 3697 τὸν
1358 3648 1604 3712 Ἰωάννην
1647 3650 1705 3698 ἐν

168 3735 380 3804 φυλακῇ.
421 3757 438 3786 ι
474 3737 895 3806 Παρακληθέντα
917 3737 980 3805 δὴ
1015 3734 1105 3788 οὖν
1141 3737 1343 3788 τούτων
1375 3737 1536 3789 ἓνεκά
1570 3755 1701 3806 φησι

166 3823 242 3876 τὴν
264 3826 547 3880 ἀπόστολον
584 3827 849 3897 Ἰωάννην,
871 3827 959 3879 τὸν
986 3828 1090 3878 ὑπὸ
1111 3827 1218 3878 τῶν
1239 3827 1517 3897 προτέρων
1539 3828 1702 3894 εύαγ-

163 3918 403 3983 γελιστῶν
428 3918 914 3990 παρασιωπηθέντα
940 3919 1148 3988 χρόνον,
1163 3918 1338 3969 καὶτὰ
1362 3917 1502 3970 κατὰ
1515 3916 1700 3969 τοῦτον

164 4011 501 4081 πεπραγμένα
545 4013 655 4081 (28)
693 4010 769 4081 τῷ
805 4010 1010 4080 Σωτῆρι
1049 4009 1240 4078 (ταῦτα
1253 4004 1374 4079 δ’ἦν
1393 4008 1460 4060 τὰ
1481 4009 1586 4078 πρὸ
1604 4010 1701 4077 τῆς

159 4101 241 4154 τοῦ
253 4103 545 4156 Βαπτιστοῦ
574 4102 940 4173 καθείρξεως),
970 4101 1045 4172 τῷ
1071 4103 1187 4154 κατ’
1209 4101 1368 4154 αὑτὸν
1388 4101 1699 4171 Εὐαγγελίῳ

161 4192 493 4264 παραδοῦναι,
525 4195 652 4247 αὐτό
680 4212 738 4246 τε
771 4194 910 4246 τοῦτ’
939 4192 1410 4263 ἐπισημήνασθαι,
1441 4193 1561 4244 τοτέ
1603 4193 1698 4262 μὲν

161 4284 409 4352 φήσαντα,
453 4305 470 4335 ι
508 4285 719 4353 Ταύτην
741 4285 910 4355 ἀρχὴν
945 4284 1163 4353 ἐποίησε
1185 4284 1291 4336 τῶν
1332 4283 1644 4354 παραδόξων
1670 4286 1700 4336 ὁ

169 4371 379 4441 Ἰησοῦς,
415 4396 433 4426 ›
468 4376 590 4428 τοτὲ
639 4375 696 4428 δὲ
747 4374 1189 4445 μνημονεύσαντα
1237 4374 1330 4425 τοῦ
1393 4373 1696 4426 Βαπτιστοῦ

161 4465 343 4529 μεταξὺ
381 4467 484 4518 τῶν
519 4466 694 4536 Ἰησοῦ
725 4466 1006 4535 πράξεων,
1041 4465 1116 4527 ὡς
1144 4465 1224 4516 ἔτι
1251 4465 1374 4517 τότέ
1407 4465 1697 4535 βαπτίζον-

1805 3284 2087 3353 jejunium,
2127 3293 2185 3338 et
2211 3292 2331 3352 post
2367 3284 2512 3337 illam
2557 3287 2905 3342 tentationem
2957 3303 3076 3357 qua:
3108 3287 3368 3356 jejunium

1808 3375 2096 3428 subsecuta
2145 3386 2246 3441 est,
2296 3374 2541 3428 historiae
2591 3391 2701 3430 sua
2748 3387 2960 3447 tempus
3007 3379 3253 3449 designat
3287 3379 3374 3433 his

1806 3466 2024 3520 verbis:
2057 3484 2076 3516 ι
2112 3466 2374 3530 Audiens,
2420 3467 2622 3536 inquit,
2665 3459 2808 3533 quod
2847 3468 3086 3524 Joannes
3145 3469 3372 3523 traditus

1805 3567 1943 3622 erat,
1985 3572 2051 3611 ex
2089 3555 2276 3610 Judaea
2316 3559 2543 3612 secessit
2593 3559 2644 3610 in
2689 3557 2989 3612 Galilaeam.
3027 3577 3046 3610 ι
3107 3558 3372 3614 Similiter

1794 3647 1969 3701 etiam
2025 3647 2287 3700 Marcus:
2331 3665 2350 3698 ι
2384 3647 2697 3716 Postquam,
2764 3650 2960 3714 inquit,
3013 3650 3240 3703 traditus
3287 3659 3369 3703 est

1803 3733 2060 3799 Joannes,
2096 3736 2242 3788 venit
2265 3735 2424 3790 Jesus
2453 3736 2506 3788 in
2541 3735 2842 3791 Galilaaam.
2896 3756 2915 3788 ι
2971 3739 3076 3793 Sed
3110 3749 3162 3792 et
3190 3740 3366 3794 Lucas

1803 3833 2092 3891 antequam
2143 3838 2234 3877 res
2286 3839 2315 3876 a
2354 3823 2574 3878 Christo
2629 3837 2813 3893 gestas
2856 3827 3126 3892 ordiatur,
3175 3829 3362 3882 eodem

1801 3914 1960 3968 modo
2007 3923 2212 3976 tempus
2239 3915 2500 3984 designat,
2540 3931 2660 3970 cum
2691 3917 2807 3970 ait:
2847 3936 2864 3968 ι
2896 3919 3125 3987 Adjecit,
3168 3920 3364 3988 inquit,

1800 4013 1854 4056 et
1891 4005 1990 4058 hoc
2027 4004 2266 4060 Herodes
2295 4007 2504 4061 caeteris
2533 4022 2652 4076 qua;
2680 4019 2924 4075 gesserat
2957 4009 3362 4074 malis,'etcon-

1800 4097 1960 4150 clusit
1986 4094 2247 4152 Joannem
2285 4097 2338 4150 in
2381 4111 2682 4174 carcerem.
2716 4116 2734 4148 ›
2771 4098 2868 4153 His
2893 4101 2959 4153 de
2991 4101 3171 4156 causis
3212 4101 3362 4154 aiunt

1799 4185 2061 4242 Joannem
2108 4188 2177 4242 ab
2225 4188 2419 4242 amicis
2473 4197 2742 4256 rogatum,
2801 4199 2858 4245 et
2924 4202 3134 4260 tempus
3188 4193 3360 4262 ipsum

1799 4280 1942 4347 quod
1973 4279 2282 4348 superiores
2331 4280 2682 4349 evangelista:
2728 4280 2945 4336 silentio
2998 4284 3359 4350 praetermise-

1800 4379 1946 4433 rant,
1984 4379 2038 4423 Εῑ
2085 4385 2173 4425 res
2222 4379 2348 4426 tunc
2384 4386 2414 4425 a
2462 4372 2760 4427 Servatore'
2801 4383 2988 4427 DOSU'O
3029 4383 3228 4444 gestas,
3272 4391 3364 4430 €88

1798 4464 2048 4520 videlicet
2071 4479 2190 4534 qua:
2226 4464 2449 4520 Joannis
2481 4465 2739 4536 Baptistae
2765 4483 3039 4523 carcerem
3071 4485 3364 4540 princesse-

226 4638 330 4726 (?7)
369 4643 436 4696 Τὸ
462 4645 772 4726 .1_s_i:r_or_rﬁ
798 4647 979 4726 αὑτοῦ
1019 4648 1346 4726 παρουσίᾳλ
1361 4647 1692 4726 Nicephorus

1801 4661 1866 4726 xnv
1897 4656 2016 4726 post
2046 4661 2333 4726 ascensum
2370 4646 2576 4701 Christi
2609 4651 2773 4726 abeo
2807 4652 3017 4726 factum.
3044 4651 3224 4726 fuisse
3248 4659 3355 4726 tra-

166 4705 212 4786 ξῐξ
246 4709 278 4758 Ι.
322 4726 388 4786 II_,_
407 4728 452 4786 (ξἶ
481 4715 564 4775 45,
596 4705 832 4768 habet-‘16
870 4716 1049 4766 λεῖπον
1071 4705 1166 4782 τῆς
1189 4705 1348 4768 αὐτοῦ
1376 4705 1710 4786 παρὸυσίας,,

165 4776 324 4855 idest,
352 4780 610 4846 Defectum
643 4788 928 4850 prementia:
963 4801 1071 4838 suae
1106 4776 1169 4836 iis
1197 4802 1323 4855 quos
1353 4776 1702 4854 relinquebai,

165 4854 341 4909 scripto
356 4855 718 4922 compensavit.
733 4855 954 4906 Ruﬁnus
967 4869 1179 4920 quoque
1196 4868 1247 4906 et
1261 4854 1533 4908 Musculus
1553 4859 1694 4910 hunc

164 4927 307 4978 quem
468 4915 682 4992 senSUm
701 4925 865 4976 secuti
901 4915 1044 4976 sunt.
1064 4915 1585 4991 ti'hristOphorsonus
1607 4942 1694 4978 ve-

165 4983 416 5061 ro,verbis
433 4988 559 5051 ipsis
580 4983 1295 5061 pressiusadlizerens,aliter
1310 4993 1692 5060 interpretatus

163 5059 235 5128 est
259 5055 308 5102 in
348 5055 485 5128 hunc
509 5059 720 5110 modum
751 5076 763 5110 :
794 5059 862 5112 Et
883 5064 1017 5128 quod
1053 5062 1158 5112 illis
1183 5079 1212 5111 α
1233 5062 1414 5128 quibus
1433 5055 1690 5128 discessit,

164 5120 321 5195 d_ee_s_se
347 5121 469 5195 dunt
486 5139 708 5195 pgrwsens
732 5131 866 5195 apud
889 5120 971 5182 bos
995 5141 1124 5190 erat,
1151 5120 1436 5192 videbatur,
1461 5131 1592 5182 illud
1614 5120 1693 5184 se;

163 5188 373 5268 dnlilate
388 5199 434 5268 ct
453 5188 898 5268 laborquribendi
918 5188 1150 5250 omnibus
1173 5201 1280 5250 suis
1300 5188 1448 5267 quasi
1465 5203 1691 5253 numeris

163 5258 363 5336 explevit
383 5273 401 5316 ;
424 5259 472 5309 in
498 5275 600 5326 qua
626 5261 1051 5336 interpretatione
1088 5270 1187 5320 hoc
1210 5258 1380 5335 primo
1406 5270 1692 5336 reprehen—

163 5326 379 5405 dendum
405 5331 681 5405 est,_qu_od
725 5326 1022 5405 Mattbmum
1058 5326 1338 5404 scripsisse
1360 5338 1435 5390 ait
1457 5326 1693 5405 Evange-

164 5393 301 5467 l_ium,
326 5411 445 5448 cum
482 5393 946 5467 abillebraeisjam
971 5393 1329 5467 discessiSsct,
1361 5423 1481 5459 cum
1516 5393 1691 5460 tanien

164 5461 413 5542 Eusebius
435 5461 942 5542 cpptrariuthdibat.
970 5474 1101 5524 Nam
1126 5475 1178 5526 in
1202 5461 1384 5527 Graeco
1407 5485 1487 5527 est
1509 5478 1599 5542 ἀφ’
1620 5472 1692 5526 ὧν

165 5532 441 5596 ἐστέλλετο,
467 5536 514 5588 id
532 5545 631 5596 est,
651 5552 680 5586 a
698 5537 876 5600 quibus
895 5542 1213 5594 discessurus
1232 5545 1523 5596 erat.Certe
1539 5532 1695 5596 Atha-

165 5605 336 5657 nasius
356 5606 407 5656 in
429 5605 744 5682 tractatu-pe
771 5606 914 5682 libris
943 5625 1103 5682 sacra:
1133 5611 1435 5676 Scriptura),
1453 5613 1696 5682 etiCltry-

167 5683 421 5726 sostomus
447 5675 632 5727 scribit
656 5673 954 5726 Matthamm
989 5680 1215 5742 primum
1248 5673 1484 5732 omnium
1507 5673 1692 5733 Hiero-

166 5743 371 5812 solymis
389 5743 730 5812 Evangelium
753 5759 904 5796 suum
927 5749 1340 5815 conscripsisse;
1366 5750 1520 5817 idque
1549 5765 1690 5803 anno

430 5835 694 5897 ΡΑτιιοι..
733 5833 847 5894 Gn.
885 5834 1016 5897 XX.

1795 4716 1875 4783 dit
1922 4715 2274 4783 Nicepliorus,
2339 4728 2394 4770 et
2446 4729 2638 4771 auctor
2683 4718 2932 4773 Chronici
2985 4722 3354 4776 Alexandrini.

1785 4781 1986 4860 Deinde
2004 4781 2180 4860 verba
2209 4786 2295 4860 illa
2322 4786 2382 4837 τὸ
2405 4786 2588 4839 λεῖπον
2604 4794 2669 4858 τῇ
2703 4789 2862 4840 αὑτοῦ
2889 4790 3178 4860 παρουσίᾳ,
3210 4791 3356 4860 nullo

1784 4854 1944 4927 modo
2003 4854 2054 4906 id
2092 4854 2404 4927 significare
2451 4847 2676 4924 possuni.
2718 4861 2859 4927 quod
2901 4847 3073 4912 voiuit
3108 4847 3352 4927 Christo-

1780 4922 2122 4995 pliorsonus;
2145 4925 2240 4975 sed
2271 4924 2320 4975 id
2352 4922 2533 4989 potius
2565 4922 2893 4995 signili'cant,
2933 4930 2976 4982 si
3018 4929 3082 4978 ad
3127 4926 3346 4978 verbum

1777 4990 2175 5061 interpreteris,
2213 5000 2262 5043 et
2312 4995 2451 5056 quod
2483 4990 2776 5058 prwsimtiaz
2817 4990 2928 5049 sui:
2955 4998 3125 5048 adhuc
3175 5010 3350 5061 super-

1775 5075 1883 5110 esse
1916 5060 2185 5126 videbatur
2234 5062 2322 5128 (ad
2371 5064 2761 5128 prtedicatiom's
2785 5067 2980 5118 scilicet
3015 5060 3346 5115 consumma-

1782 5129 2000 5193 tionem)
2033 5130 2224 5195 scripto
2267 5132 2540 5196 supplevit.
2575 5131 2672 5187 Hic
2703 5145 2786 5187 est
2813 5148 3004 5186 sensus
3051 5133 3338 5184 verborum

1783 5197 2123 5268 gitisebii._At
2147 5199 2671 5263 Christophorsouus
2706 5205 2867 5254 verba
2896 5202 2980 5252 illa
3015 5201 3222 5261 τούτοις

1781 5261 1853 5319 ὧν
1879 5265 2156 5321 ἐστέλλετο
2181 5261 2378 5318 retulit
2398 5272 2464 5321 ad
2499 5273 2744 5333 verbum,
2780 5271 2980 5333 λεῖπον,
3006 5283 3124 5323 cum
3162 5261 3340 5324 tamen

1783 5335 2204 5410 referanturnait
2241 5350 2422 5410 vocem
2457 5339 2793 5410 άπεπλήρου.
2835 5338 2993 5390 Certe
3028 5338 3081 5390 in
3124 5339 3342 5404 scriptis

1781 5394 2054 5480 co'dicibus
2081 5402 2267 5480 Regio,
2300 5406 2434 5459 Maz.
2464 5420 2516 5480 et
2547 5394 2688 5461 Mea...
2703 5417 3016 5480 postvocem
3046 5394 3338 5480 παρουσίᾳ,

1786 5482 1838 5524 et
1873 5482 1990 5542 post
2011 5471 2290 5542 ἐστέλλετο
2321 5479 2607 5542 apponitur
2641 5471 3038 5528 subdistinctio.

1853 5541 1960 5607 (28)
2018 5541 2127 5614 Καὶ
2171 5542 2240 5593 τὰ
2269 5546 2443 5614 ,κατὰ
2485 5543 3340 5614 toﬁtorgexpantéra.Inqua-

1781 5618 1902 5662 tuor
1937 5610 2137 5661 nostris
2182 5609 2458 5662 codicibus
2506 5614 2664 5674 Μυκη
2703 5611 2864 5670 Med.,
2914 5609 3050 5666 Fuk.
3095 5630 3146 5669 et
3181 5609 3336 5669 Savi-

1775 5677 2199 5755 liano_scriptum
2225 5688 2331 5755 est.
2365 5684 2458 5734 καὶ
2495 5681 2561 5734 τὰ
2596 5682 2712 5734 κατ’
2755 5682 2914 5734 αὐτὸν
2944 5686 3333 5755 πεπραγμένα.

1775 5747 1996 5817 Supple,
2022 5745 2112 5799 τὸν
2143 5747 2348 5817 χρόνον.

3030 5847 3065 5905 9
