3970 6340
633 364 636 368 ’
677 358 776 412 267

685 487 835 537 rant,
883 475 934 529 in
969 474 1312 544 Evangeliutn
1360 489 1515 526 suum
1575 473 1870 541 ronjreisse
1921 493 1934 527 :

679 566 796 632 ipso
826 562 1048 616 indicari
1080 562 1308 629 primum
1337 576 1458 613 cum
1494 563 1657 615 dicit:
1695 581 1712 612 ι
1741 563 1850 614 llo'c
1884 562 2092 615 initium
2127 564 2227 614 mi-

678 654 982 708 raculorum
1005 650 1321 716 fecitJesus;
1357 670 1375 702 ι
1409 649 1599 706 deinde
1613 668 1734 705 cum
1765 654 1817 706 in
1845 654 1958 721 ipso
1980 653 2088 720 jam
2115 669 2231 720 pro-

676 759 863 812 gressu
893 741 1222 796 narrationis
1254 755 1432 793 rerum
1466 755 1494 793 a
1525 739 1650 794 Jesu
1678 751 1972 810 gestarum,
2002 745 2232 796 mentio-

676 850 800 889 nem
863 831 1132 887 interserit
1161 831 1380 885 Joannis
1409 831 1660 900 Baptista:
1689 843 1939 902 tanquam
1969 836 2021 887 in
2048 833 2226 887 IEnon

669 926 819 992 juxta
849 923 960 993 96
987 923 1162 975 Saletn
1191 922 1469 974 etiamtum
1525 923 1870 989 haptizantis.
1909 924 2059 989 Quod
2107 923 2226 991 qui-

675 1020 796 1072 dem
855 1016 1189 1084 apertissime
1233 1014 1470 1067 ostendit
1524 1011 1605 1069 his
1636 1017 1850 1068 verbis:
1885 1034 1902 1066 I
1957 1015 2224 1079 Nondum,

676 1108 881 1175 inquit,
941 1105 1176 1160 Joannes
1228 1106 1502 1173 coniectus
1555 1115 1670 1158 erat
1724 1106 1776 1158 in
1853 1121 2146 1162 carcerem.
2203 1125 2221 1154 ι

674 1198 906 1252 Proinde
938 1197 1174 1252 Joannes
1207 1196 1430 1262 quidem
1463 1210 1550 1249 res
1582 1211 1611 1248 a
1648 1195 1866 1252 Christo
1895 1206 2077 1268 gestas
2123 1197 2225 1265 pri-

676 1303 900 1357 usquam
954 1287 1188 1342 Joannes
1258 1287 1496 1354 Baptista
1571 1289 1830 1340 custodize
1890 1289 2226 1355 mancipatus

672 1379 881 1442 fuisset,
911 1379 1202 1447 Evangelio
1246 1393 1344 1447 suo
1397 1378 1791 1446 complectitur.
1846 1378 2057 1446 Reliqui
2095 1392 2224 1431 vero

672 1481 782 1526 tres
819 1472 1162 1539 evangelista:
1201 1486 1285 1525 res
1308 1469 1507 1523 Christi
1546 1478 1747 1536 gestas,
1788 1486 1854 1522 ex
1908 1484 2012 1535 quo
2045 1468 2226 1534 Bapti-

671 1570 752 1614 sla
804 1559 1082 1628 conjectus
1139 1569 1222 1614 est
1276 1561 1330 1614 in
1408 1575 1716 1622 carcerem,
1810 1567 2220 1626 persequuntur.

566 1719 581 1728 κ,
669 1653 820 1719 Quod
847 1654 1156 1721 quicunque
1179 1651 1442 1705 attentius
1471 1649 1864 1712 observaverit,
1885 1663 2220 1717 nequaquam

669 1745 952 1812 Evangelia
984 1745 1124 1796 inter
1173 1758 1232 1797 se
1267 1743 1539 1801 dissidere,
1563 1742 1791 1811 posthac
1841 1741 2173 1795 existimabit
2202 1761 2214 1794 :

667 1833 864 1901 quippe
909 1819 1031 1887 cum
1077 1831 1303 1886 Joannis
1345 1831 1560 1899 quidem
1613 1828 1957 1900 Evangelium
2008 1831 2228 1898 initium,

668 1933 881 1977 actuum
927 1922 1150 1986 Christi,
1183 1931 1372 2000 caztera
1402 1930 1582 1975 autem
1628 1921 1913 1990 Evangelia
1946 1920 2221 1988 sequentis

669 2014 926 2081 temporis
955 2014 1234 2068 historiam
1285 2014 1622 2069 contineant.
1673 2012 1740 2065 Et
1771 2013 1964 2066 seriem
2001 2014 2216 2082 quidem

668 2104 832 2171 ipsam
863 2104 1075 2171 generis
1104 2103 1305 2156 Christi
1335 2103 1629 2157 secundum
1673 2119 1914 2168 carnem,
1967 2116 2150 2173 utpote
2189 2123 2216 2158 a

667 2191 914 2247 Ilattha-o
941 2202 992 2246 et
1022 2193 1164 2250 Luca
1207 2194 1358 2262 prius
1398 2195 1678 2261 traditam,
1727 2194 1968 2250 Joannes
2023 2197 2217 2249 merito

665 2285 1030 2353 pmtermisit.
1076 2284 1156 2337 Ab
1186 2284 1299 2349 ipsa
1331 2299 1463 2337 vero
1507 2285 1622 2353 ejus
1658 2285 1938 2338 divinitate
1988 2287 2216 2354 sumpsit

665 2378 897 2440 initium,
928 2376 1120 2445 quippe
1152 2389 1270 2442 quae
1300 2389 1330 2427 a
1358 2374 1562 2443 Spiritu
1596 2385 1782 2429 sancto
1817 2377 1916 2443 ipsi
1964 2387 2215 2444 tanquam

664 2467 1031 2536 pnestantiori.
1055 2466 1239 2546 luisset
1285 2465 1582 2520 reservata.
1613 2467 1792 2534 Atque
1817 2468 1931 2522 haec
1959 2469 2025 2521 de
2053 2467 2216 2521 Joan-

664 2560 748 2612 nis
791 2556 1078 2638 Evangelio
1124 2558 1265 2610 dicta
1319 2557 1431 2610 sint
1490 2572 1519 2609 a
1573 2557 1749 2611 nobis.
1803 2558 2040 2611 Marcum
2090 2575 2216 2613 vero

662 2663 904 2717 quamam
930 2662 1089 2700 causa
1117 2647 1182 2701 ad
1213 2647 1555 2700 scribendum
1583 2648 1879 2716 impulerit,
1908 2648 2019 2716 jam
2055 2665 2216 2717 supe-

662 2737 773 2790 rius
801 2736 1235 2791 commemoravi.
1271 2737 1340 2790 At
1379 2736 1552 2793 Lucas
1584 2740 1635 2791 in
1681 2739 1795 2805 ipso
1831 2739 2103 2808 Evangelii
2134 2742 2214 2794 sui

660 2827 882 2879 exordio
914 2841 1030 2894 quae
1077 2827 1348 2880 scribendi
1397 2827 1497 2881 sibi
1551 2843 1710 2882 causa
1759 2838 1904 2884 esset
1944 2831 2212 2899 exposuit.

661 2919 750 2971 Ait
775 2919 914 2972 enim
952 2918 1146 2989 multos
1178 2927 1378 2974 temere
1412 2929 1577 2988 atque
1609 2920 1979 2990 imprudenter
2001 2937 2218 2992 aggres-

659 3021 750 3060 sos
779 3006 942 3060 fuisse
974 3008 1334 3062 narrationem
1363 3023 1550 3062 earum
1588 3023 1770 3064 rerum
1804 3026 1939 3079 quas
1975 3013 2089 3079 ipse
2115 3026 2211 3064 cx-

1373 355 1642 411 EUSEBII
1679 317 2148 411 cmssmstxs
2184 352 2333 410 OPP.
2375 355 2552 411 psns
2591 356 2630 411 ι.
2672 387 2737 396 -
2776 355 3163 414 lIlSTORICA.

1979 475 2136 542 idque
2167 475 2233 526 ab
2261 481 2304 530 Α
2330 489 2421 535 τος
2445 476 2501 525 ὲν
2524 473 2695 526 Αἰνὼν
2721 476 2885 542 ἐγγὺς
2911 475 3006 527 τοῦ
3039 475 3228 544 Σαλήμ
3437 473 3623 544 σαφῶς
3655 491 3716 527 τε
3733 477 3863 529 τοῦτο

3774 362 3860 418 εδδ

2331 563 2520 634 δηλοῦν
2545 567 2602 617 ὲν
2625 565 2702 635 τῷ
2728 566 2921 641 λέγειν⁸
2946 586 2964 615 ι
3001 565 3166 618 Οΰπω
3183 566 3290 637 γὰρ
3307 562 3394 636 ἦν,
3419 565 3600 636 φησιν,
3641 567 3862 639 Ἰωάννης

2332 655 2656 725 βεϐλημένος
2697 658 2776 718 είς
2810 655 3069 726 φυλακήν.
3104 675 3124 708 ι
3161 656 3368 711 Οὐκοῦν
3412 660 3441 710 ὁ
3483 658 3584 726 μὲν
3633 657 3861 726 Ἰωάννης

2326 747 2393 814 τῇ
2420 744 2512 797 τοῦ
2533 747 2650 796 κατ’
2673 745 2830 797 αὐτὸν
2860 745 3188 813 Εύαγγελίου
3220 747 3434 815 γραφῇ,
3453 743 3519 796 τά
3542 743 3762 813 μηδέπω
3784 742 3861 794 τοῦ

2329 833 2627 888 Βαπτιστοῦ
2647 839 2724 897 εἰς
2750 835 2987 906 φυλακὴν
3010 835 3338 906 βεϐλημένου
3364 837 3500 907 πρὸς
3525 834 3621 887 τοῦ
3639 827 3860 905 ’Χριστοῦ

2328 927 2637 997 πραχθέντα
2669 926 3046 995 παραδίδωσιν·
3072 929 3122 979 οἰ
3155 927 3212 980 δὲ
3241 927 3415 980 λοιποὶ
3434 929 3583 997 τρεῖς
3604 924 3859 996 εὐαγγελι-

2329 1018 2470 1078 σταὶ,
2492 1016 2562 1068 τὰ
2597 1015 2734 1085 μετά
2757 1017 2856 1087 τὴν
2885 1019 2962 1078 εἰς
2987 1018 3048 1069 τὸ
3079 1017 3447 1089 δεσμωτήριον
3485 1015 3758 1087 κάθειρξιν
3779 1015 3857 1068 τοῦ

2326 1107 2629 1161 Βαπτιστοῦ
2682 1108 3124 1177 μνημονεύουσιν.
3180 1105 3274 1173 Οἷς
3329 1112 3424 1165 καὶ
3484 1111 3857 1179 ὲπιστήσαντι,

2325 1201 2498 1253 οὐκέτ’
2519 1198 2586 1251 ἂν
2606 1197 2750 1262 δόξαι
2779 1200 3060 1265 διαφωνεῖν
3081 1200 3325 1270 ἀλλήλοις
3344 1201 3410 1253 τὰ
3444 1199 3763 1269 Εὐαγγέλια,
3795 1198 3858 1267 τῷ

2323 1290 2384 1342 τὸ
2437 1292 2533 1358 μὲν
2579 1290 2721 1343 κατὰ
2773 1290 3020 1359 Ἰωάννην
3058 1289 3127 1342 τὰ
3164 1291 3356 1358 πρῶτα
3389 1291 3496 1344 τῶν
3518 1290 3610 1344 τοῦ
3644 1288 3881 1360 Χριστοῦ,

2325 1380 2571 1451 πράξεων
2612 1380 2902 1450 περιέχειν,
2947 1381 3018 1432 τὰ
3062 1380 3120 1432 δὲ
3162 1380 3322 1432 λοιπά
3350 1381 3447 1450 τὴν
3486 1381 3578 1433 ἐπὶ
3607 1381 3747 1432 τέλει
3777 1378 3856 1430 τοῦ

2320 1453 2511 1539 χρόνου
2562 1469 2708 1538 αὐτῷ
2732 1468 3104 1539 γεγενημένην
3153 1469 3408 1538 ἱστορίαν.
3443 1469 3679 1531 Εἰκότως
3709 1468 3752 1520 δ’
3777 1461 3856 1519 οὖν

2321 1560 2417 1630 τὴν
2447 1560 2542 1629 μὲν
2574 1560 2673 1628 τῆς
2707 1560 2906 1630 σαρκὸς
2933 1559 3027 1611 τοῦ
3053 1560 3298 1632 Σωτῆρος
3323 1559 3479 1628 ἡμῶν
3502 1558 3856 1626 γενεαλογίαν,

2324 1651 2424 1704 ara
2443 1651 2704 1721 Ματθαίῳ
2731 1652 2824 1702 καὶ
2838 1651 3024 1720 Λουκᾷ
3045 1637 3470 1725 προγραφεῖσαν,
3489 1648 3852 1716 ἀποσιωπῆσαι

2320 1743 2410 1794 τὸν
2451 1745 2718 1814 Ἰωάννην,
2760 1743 2862 1812 τῆς
2904 1743 2960 1795 δὲ
3009 1741 3284 1809 θεολογίας
3330 1739 3693 1811 ἀπάρξασθαι,
3728 1739 3856 1792 ὼσάν

2321 1833 2464 1904 αὐτῷ
2487 1835 2620 1905 πρὸς
2640 1833 2733 1886 τοῦ
2765 1834 2907 1885 θείου
2943 1832 3254 1902 Πνεύματος
3294 1826 3382 1882 οἷα
3413 1828 3676 1898 κρείττονι
3702 1844 3856 1898 παρα-

2321 1925 2754 1994 πεφυλαγμένης.
2799 1924 2981 1976 Ταῦτα
3029 1924 3126 1992 μὲν
3169 1916 3264 1974 οὖν
3309 1922 3439 1990 ἡμῖν
3477 1919 3604 1990 περί
3653 1915 3748 1988 τῆς
3775 1918 3854 1970 τοῦ

2319 2016 2458 2068 κατὰ
2485 2015 2732 2086 Ἰωάννην
2756 2015 3080 2083 Εὐαγγελίου
3107 2015 3320 2085 γραφῆς
3353 2011 3605 2083 εἰρήσθω.
3641 2014 3749 2064 Καὶ
3770 2012 3854 2080 τῆς

2319 2108 2458 2161 κατὰ
2490 2109 2712 2178 Μάρκον
2743 2108 2798 2160 δὲ
2827 2111 2860 2177 ή
2887 2107 3150 2178 γενομένη
3176 2107 3342 2171 αἰτία,
3363 2106 3544 2167 ἐντοῖς
3574 2104 3856 2175 ἔμπροσθεν

2318 2200 2450 2268 ἡμῖν
2478 2199 2786 2269 δεδήλωται.
2832 2199 2890 2252 '0
2921 2199 2978 2250 δὲ
3014 2199 3225 2260 Λουκᾶς
3252 2198 3548 2267 ἀρχόμενος
3587 2197 3678 2248 καὶ
3714 2195 3855 2256 αὐτὸς

2315 2292 2407 2343 τοῦ
2439 2293 2556 2344 κατ’
2589 2292 2748 2345 αὑτὸν
2777 2291 3220 2360 συγγράμματος,
3243 2289 3338 2359 τὴν
3370 2289 3548 2340 αἰτίαν
3575 2286 3852 2357 προύθηκε,

2315 2382 2380 2433 δι’
2405 2385 2468 2450 ἦν
2496 2382 2784 2452 πεποίηται
2813 2382 2918 2451 τὴν
2931 2379 3197 2444 σύνταξιν·
3224 2379 3420 2450 δηλῶν,
3439 2379 3514 2440 ὡς
3539 2378 3644 2447 ἄρα
3667 2376 3856 2429 πολλῶν

2315 2474 2406 2523 καὶ
2431 2472 2602 2543 ἄλλων
2629 2472 3058 2542 προπετέστερον
3089 2469 3576 2539 ὲπιτετηδευκότων
3625 2469 3855 2536 διήγησιν

2315 2565 2436 2632 md]
2444 2562 2631 2615 σασθαι
2639 2555 2731 2626 ,ὧν
2743 2562 2901 2624 αὐτὸς
2914 2563 3089 2630 πεπλη
3097 2561 3361 2631 ροφόρητο
3373 2559 3856 2627 λόγων,ἀναγκαίως

2316 2652 2662 2705 ἀπαλλάττων
2696 2654 2838 2721 ἡμᾶς
2869 2652 2966 2721 τῆς
2994 2653 3120 2722 περὶ
3147 2653 3272 2716 τοὺς
3308 2651 3498 2714 ἀλλους
3527 2648 3853 2720 ἀμφηρίστου

2316 2743 2648 2812 ὑπολήψεως,
2668 2743 2758 2794 τὸν
2791 2742 3004 2810 ἀσφαλῆ
3031 2743 3206 2810 λόγον,
3237 2737 3312 2796 ὧν
3350 2741 3508 2804 αὐτὸς
3539 2740 3731 2801 ίκανῶς
3771 2737 3852 2807 τὴν

2316 2831 2567 2902 ἀλήθειαν
2607 2831 2918 2900 κατειλήφει
2938 2870 2952 2893 ,
2993 2833 3055 2882 ὲκ
3087 2832 3186 2899 τῆς
3215 2832 3329 2900 ἅμα
3367 2829 3563 2900 Παύλῳ
3593 2827 3853 2886 συνουσίας

2314 2939 2371 2974 τε
2419 2923 2510 2972 καὶ
2554 2920 2848 2990 διατριϐῆς,
2902 2923 2994 2973 καὶ
3038 2921 3134 2990 τῆς
3164 2921 3270 2972 τῶν
3311 2919 3511 2972 λοιπῶν
3560 2915 3853 2971 ἀποστόλων

2313 3013 2524 3081 ὁμιλίας
2545 3011 2723 3080 ὼφελη
2732 3011 2908 3080 μένος,
2931 3010 3017 3063 διά
3031 3011 3123 3062 τοῦ
3151 3010 3277 3062 ἰδίου
3300 3011 3612 3080 παρέδωκεν
3632 3007 3854 3072 Εύαγγε-

661 3100 901 3171 ploratas
935 3099 1155 3156 haberet
1187 3121 1201 3155 :
1239 3116 1300 3155 ac
1331 3100 1557 3169 proinde
1594 3116 1652 3156 se
1692 3104 2008 3156 necessitate
2040 3102 2209 3156 addu-

2316 3101 2447 3156 λίου.
2484 3105 2592 3155 Καὶ
2623 3101 2793 3155 ταῦτα
2829 3102 2925 3170 μὲν
2955 3103 3113 3171 ἡμεῖς
3156 3101 3281 3170 περὶ
3311 3100 3532 3152 τούτων’
3550 3097 3852 3165 οἰκειὰτερον

657 3199 822 3260 cttttn,
856 3200 912 3243 ut
944 3206 1039 3244 nos
1067 3193 1132 3244 ab
1161 3191 1381 3248 incertis
1408 3193 1754 3263 opinionibus
1779 3193 2056 3257 liberaret,
2086 3208 2201 3247 cer-

660 3284 919 3338 tissimam
970 3299 1033 3337 ac
1080 3284 1447 3338 ﬁdelissimam
1495 3285 1856 3338 narrationem
1891 3301 2075 3338 earum
2124 3299 2209 3338 re-

657 3387 800 3433 rum,
832 3387 1058 3438 quarum
1092 3373 1204 3440 ipse
1241 3373 1529 3426 veritatem
1557 3374 1752 3441 partim
1782 3389 1848 3427 ex
1877 3373 2032 3426 Pauli
2073 3387 2208 3427 cou-

657 3464 924 3526 tuhemio,
951 3463 1162 3529 .partim
1208 3478 1270 3517 ex
1326 3464 1650 3530 reliquorum
1682 3464 2049 3528 apostolorum
2099 3479 2212 3517 ser-

659 3553 906 3605 monibus
956 3554 1230 3618 hauserat,
1284 3554 1570 3621 Evangelio
1622 3570 1717 3608 suo
1770 3557 2075 3611 tradidisse.
2109 3556 2210 3610 Sed

657 3645 769 3698 haec
797 3661 826 3697 a
855 3645 1009 3698 nobis
1032 3646 1242 3715 quidem
1275 3660 1416 3698 nunc
1446 3647 1582 3698 dicta
1608 3647 1716 3698 sint
1746 3646 2007 3699 hactenus
2035 3662 2048 3708 ;
2078 3646 2210 3698 alias

655 3751 783 3791 vero
819 3738 1148 3790 commodius
1178 3737 1357 3792 allatis
1396 3749 1638 3791 veterqu
1677 3739 2002 3806 scriptorum
2057 3739 2207 3802 locis,

654 3829 782 3897 quid
817 3828 1011 3896 reiiqui
1045 3829 1110 3883 de
1140 3829 1325 3882 eodem
1359 3841 1678 3898 argumento
1727 3829 2072 3895 tradiderint,
2113 3830 2206 3883 do-

653 3934 778 3976 cere
812 3920 1146 3974 conabimur.
1184 3919 1354 3973 Porro
1385 3921 1523 3973 inter
1554 3919 1776 3975 Joannis
1814 3921 2018 3989 scripta
2067 3936 2205 3990 pra:-

655 4019 738 4065 ter
767 4010 1134 4079 Evangelium,
1187 4012 1332 4078 prior
1377 4025 1591 4078 quoque
1624 4007 1863 4078 Epistola
1913 4021 2024 4064 tum
2053 4028 2081 4064 a
2119 4029 2204 4066 re-

2310 3195 2364 3246 δὲ
2404 3193 2540 3245 κατὰ
2563 3192 2750 3262 καιρὸν
2777 3191 2865 3242 διὰ
2887 3190 2986 3259 τῆς
3011 3190 3117 3241 τῶν
3141 3190 3381 3259 ἀρχαίων
3407 3188 3770 3260 παραθέσεως,
3796 3185 3854 3237 τὰ

2316 3285 2407 3337 καὶ
2451 3286 2562 3345 τοῖς
2589 3282 2764 3344 ἄλλοις
2793 3280 2920 3352 περί
2957 3280 3136 3333 αὐτῶν
3185 3280 3448 3350 εἰρημένα
3500 3278 3850 3350 πειρασόμεθα

2313 3375 2565 3442 δηλῶσαι.
2600 3372 2719 3424 Τῶν
2750 3372 2806 3424 δὲ
2845 3371 3090 3424 Ἰωάννου
3127 3371 3591 3441 συγγραμμάτων,
3624 3369 3754 3439 πρὸς
3782 3365 3852 3436 τῷ

2314 3465 2624 3534 Εὑαγγελίῳ
2660 3466 2753 3518 καὶ
2777 3465 2810 3532 ή
2847 3463 3087 3532 προτέρα
3116 3463 3222 3516 τῶν
3262 3462 3618 3526 Ἐπιστολῶν,
3637 3463 3781 3533 παρά
3801 3478 3851 3512 τε

2311 3559 2419 3618 τοῖς
2451 3555 2544 3608 νῦν
2586 3556 2680 3608 καὶ
2705 3559 2816 3617 τοῖς
2847 3556 2924 3607 ἐτ’
2948 3555 3190 3626 ἀρχαίοις
3239 3555 3633 3624 ἀναμφίλεκτος
3662 3552 3850 3622 ὡμολό·

2313 3663 2494 3716 γηται,
2516 3646 2881 3713 ἀντιλέγονται
2909 3647 2965 3699 δὲ
3001 3648 3056 3699 αἰ
3077 3646 3258 3698 λοιπαὶ
3288 3645 3395 3698 δύο.
3434 3646 3544 3715 Τῆς
3561 3645 3605 3697 δ’
3639 3645 3850 3696 Ἀποκα-

2314 3737 2519 3806 λύψεως
2553 3740 2636 3805 ἐφ’
2667 3739 2922 3808 ἑκάτερον
2951 3737 3029 3789 ἔτι
3066 3736 3160 3789 νῦν
3193 3736 3341 3806 παρὰ
3370 3740 3482 3796 τοῖς
3527 3735 3732 3795 πολλοῖς
3768 3749 3850 3783 πε-

2313 3831 2578 3900 ριέλκεται
2605 3832 2637 3900 ὴ
2667 3830 2809 3894 δόξα.
2841 3832 3024 3898 Ὅμως
3051 3845 3114 3895 γε
3149 3828 3252 3897 μὴν
3283 3829 3346 3878 ἐκ
3363 3826 3460 3893 τῆς
3491 3826 3600 3876 τῶν
3627 3823 3849 3893 ἀρχαίων

2312 3922 2610 3992 μαρτυρίας
2625 3923 2682 3971 ὲν
2704 3920 2887 3988 οἰκείῳ
2907 3917 3082 3987 καιρῷ
3114 3916 3211 3984 τὴν
3243 3915 3518 3982 ἐπίκρισιν
3535 3912 3737 3976 δέξεται
3766 3911 3848 3964 καὶ

2306 4014 2463 4082 αὐτή.
3471 4024 3474 4028 ’
3841 4019 3844 4023 ’

590 4118 593 4123 ·
653 4107 986 4160 cautioribus
1048 4114 1159 4159 tum
1189 4106 1258 4158 ab
1314 4105 1550 4175 antiquis
1618 4106 1870 4160 omnibus
1929 4107 2069 4160 citra
2127 4110 2551 4161 controversiam
2588 4103 2935 4166 admittitur;
2971 4100 3186 4168 reliqua:
3214 4109 3386 4150 autem
3413 4097 3530 4150 dum
3560 4095 3613 4148 in
3643 4096 3842 4148 dubium

654 4209 993 4256 revocantur.
1027 4200 1102 4252 De
1146 4198 1516 4254 Revelationis
1545 4209 1721 4253 autem
1780 4201 1920 4254 libro
1979 4202 2152 4256 adhuc
2223 4202 2275 4254 in
2333 4213 2612 4264 utramque
2661 4205 2868 4264 partem
2917 4187 3228 4260 opinionum
3290 4193 3549 4244 varietate
3600 4199 3842 4243 certatur.

651 4293 755 4347 Sed
789 4293 900 4347 ltzec
944 4293 1105 4345 etiam
1138 4291 1504 4344 controversia
1554 4291 1908 4344 vetustiorum
1959 4294 2265 4346 testimonio
2293 4287 2616 4357 competenti
2650 4296 2891 4354 tempore
2921 4281 3324 4352 disceptabitnr.

1130 4431 1237 4502 97
1274 4428 1496 4484 CAPUT
1549 4429 1711 4482 xxv.

650 4547 725 4600 De
782 4545 972 4597 divinis
1025 4545 1310 4611 Scripturis
1363 4544 1592 4596 omnium
1646 4559 1901 4596 consensu
1960 4543 2197 4610 receptis,

924 4625 968 4665 et
995 4619 1056 4666 de
1084 4617 1148 4667 iis
1181 4631 1297 4682 qua:
1334 4630 1436 4666 non
1487 4623 1607 4665 sunt
1638 4612 1914 4680 ejusmodi.

717 4726 984 4780 Cmterutu
1042 4737 1396 4792 opportunum
1465 4727 1673 4779 videtur
1734 4725 1836 4778 hoc
1891 4724 2012 4779 loco
2062 4710 2218 4777 Novi.

646 4815 973 4873 Testatneuti
1016 4814 1177 4866 libros
1213 4817 1277 4867 de
1311 4817 1510 4884 quibus
1532 4817 1640 4883 jam
1672 4817 1930 4882 diximus,
1955 4830 2196 4869 summa-

647 4914 740 4964 tim
765 4920 1066 4984 recensere.
1122 4904 1300 4959 Primo
1349 4909 1508 4975 igitur
1547 4908 1854 4961 collocanda
1907 4919 1992 4962 est
2040 4923 2193 4961 sacra

645 4997 1056 5068 Evangeliorum
1085 4995 1346 5062 quadriga
1377 5011 1391 5056 ;
1424 5012 1582 5064 quam
1612 4999 1806 5052 deinde
1859 5013 2195 5066 consequun-

587 5105 590 5109 λ
649 5101 733 5144 tur
760 5091 924 5144 Actus
950 5084 1336 5156 apostolorum.
1377 5084 1506 5139 Post
1545 5089 1642 5142 hos
1691 5093 2036 5143 numerandae
2071 5098 2198 5140 sunt

647 5180 794 5235 Pauli
835 5177 1102 5243 Epistolaa.
1131 5173 1255 5225 lude
1280 5171 1428 5239 prior
1461 5173 1546 5226 illa
1575 5175 1822 5242 Joannis,
1853 5194 1915 5232 ac
1948 5177 2198 5232 similiter

649 5271 785 5325 Petri
826 5268 1064 5338 Epistola
1125 5262 1466 5330 suscipienda
1515 5276 1614 5325 est.
1671 5268 1950 5323 Postremo
2004 5268 2196 5337 adjun-

646 5339 812 5429 geuda
841 5360 1014 5422 est,si
1042 5359 1115 5412 ita
1155 5355 1456 5416 videbitur,
1502 5355 1719 5413 Joannis
1762 5361 2078 5415 Revelatio:
2132 5359 2195 5412 de

645 5463 748 5517 qua
775 5451 899 5516 quid
925 5459 1142 5514 veteres
1189 5446 1482 5506 senserint,
1533 5462 1627 5500 suo
1671 5450 1787 5504 loco
1834 5463 2190 5521 exponemus.

646 5539 710 5594 Et
741 5541 851 5593 haec
876 5541 1096 5609 quidem
1130 5539 1403 5594 communi
1457 5540 1692 5592 omnium
1740 5558 2002 5597 consensu
2045 5555 2191 5594 rece-

2806 4423 3192 4477 ΚΕΦΛΛΑΙΟΝ
3233 4424 3357 4475 KE'.

2306 4538 2444 4605 Περί
2467 4537 2582 4590 τῶν
2613 4536 3116 4605 ὁμολογουμένωῇ
3137 4539 3324 4605 θείων-
3339 4529 3596 4605 Γραςςῶν
3621 4532 3711 4583 καί
3737 4531 3842 4584 τῶν

2606 4601 2693 4674 μὴ
2721 4601 2996 4657 τοιούτων
3021 4603 3159 4672 (Nic.
3197 4602 3264 4653 Η.
3303 4601 3366 4656 Ιέ.
3399 4617 3454 4664 ιι,
3477 4601 3585 4670 4ο).

2376 4723 2604 4789 Εΰλογον
2637 4723 2681 4772 δ’
2712 4720 2943 4772 ἐνταῦθα
2982 4717 3322 4786 γενομένους,
3380 4716 3840 4783 ἀνακεφαλαιώσα-

2308 4815 2427 4867 σθαι
2466 4814 2561 4874 τάς
2591 4813 2915 4882 δηλωθείσας
2953 4811 3048 4877 τῆς
3090 4807 3295 4875 Καινῆς
3326 4806 3596 4876 Διαθήκης
3616 4810 3835 4886 γμφάς,

2303 4908 2409 4958 Καὶ
2439 4903 2500 4973 δὴ
2532 4902 2750 4954 τακτέον
2782 4904 2838 4954 ὲν
2892 4897 3122 4968 πρώτοις
3151 4897 3248 4965 τὴν
3275 4894 3429 4961 ἁγίαν
3473 4891 3578 4948 τῶν
3615 4898 3842 4964 Εὐαγγεο

2303 4997 2429 5048 λίων
2460 4995 2776 5063 τετρακτύνο
2805 4985 2883 5049 οἷς
2905 4989 3092 5041 ’ἐπεται
3122 4989 3153 5054 ὴ
3182 4986 3286 5037 τῶν
3308 4987 3562 5056 Πράξεων
3579 4989 3682 5040 τῶν
3715 4990 3838 5041 ἀπο-

2305 5087 2500 5139 στόλων
2530 5085 2734 5155 γραφή.
2776 5080 2929 5134 Μετά
2965 5079 3019 5130 δὲ
3055 5077 3277 5147 ταύτην,
3318 5077 3414 5142 τὰς
3452 5081 3658 5133 Παύλου
3684 5094 3840 5131 κατα-

2301 5161 2514 5232 λεκτέον
2565 5173 2896 5232 Ἐπιστολὰς,
2931 5165 3016 5231 αἷς
3054 5168 3177 5238 ἑξῆς
3217 5169 3312 5240 τὴν
3337 5172 3641 5242 φερομένην
3674 5170 3840 5222 Ἰωάνα

2303 5287 2392 5320 νου
2439 5261 2705 5337 προτέραν
2732 5305 2745 5324 ,
2800 5263 2895 5313 καὶ
2941 5259 3135 5327 ὁμοίως
3193 5260 3288 5330 τὴν
3330 5262 3428 5314 Πέιι
3459 5279 3537 5314 1ου
3582 5259 3835 5326 κυρωτέον

2315 5358 2643 5426 Ἐπιστολὴν.
2693 5354 2812 5406 Ἐπὶ
2836 5350 3040 5412 τούτοις
3066 5351 3285 5402 τακτέον
3309 5394 3324 5417 ,
3363 5352 3479 5422 εἴγε
3508 5350 3715 5420 φανείη,
3747 5346 3833 5413 τὴν

2313 5448 2668 5514 ’Λποκὰλυψιν
2732 5440 2995 5500 Ἰωάννου,
3030 5440 3153 5510 περὶ
3201 5438 3265 5512 ἧς
3295 5443 3363 5495 τὰ
3407 5441 3632 5506 δόξαντα
3708 5433 3835 5488 κατά

2301 5538 2486 5606 καιρὸν
2521 5530 2880 5605 ἐκθησόμεθα.
2923 5530 3029 5582 Καὶ
3068 5530 3237 5584 ταῦτα
3279 5532 3378 5600 μὲν
3408 5533 3465 5585 ὲν
3497 5524 3834 5600 ὁμολογουμέ-

713 5746 822 5818 (29)
870 5745 1076 5815 ’Errt‘zg
1116 5745 1218 5797 τοῦ
1246 5740 1470 5810 Σαλήμ.
1502 5739 1556 5792 lu
1591 5738 1954 5792 vetustissimo
1983 5735 2165 5790 codice
2194 5732 2212 5785 ἰ

2316 5771 2326 5784 .
2360 5732 2616 5800 scriptum
2643 5731 2821 5786 inveni
2856 5731 3053 5800 Σαλείμ
3085 5749 3204 5788 cum
3239 5733 3591 5802 diphthongo.
