  <div class='ocr_page' id='page_1' title='image "/cluster/home/n/w/nwhite01/storage/ocr_20150623/20/pst.000005712052/144.png"; bbox 0 0 3970 6340; ppageno 0'>
   <div class='ocr_carea' id='block_1_1' title="bbox 140 331 220 400">
    <p class='ocr_par' dir='ltr' id='par_1_1' title="bbox 140 331 220 400">
     <span class='ocr_line' id='line_1_1' title="bbox 140 331 220 400; baseline 0 -1"><span class='ocrx_word' id='word_1_1' title='bbox 140 331 220 400; x_wconf 64' lang='lat'><strong>2‘73</strong></span> 
     </span>
    </p>
   </div>
   <div class='ocr_carea' id='block_1_2' title="bbox 1080 346 2310 407">
    <p class='ocr_par' dir='ltr' id='par_1_2' title="bbox 1080 346 2310 407">
     <span class='ocr_line' id='line_1_2' title="bbox 1080 346 2310 407; baseline -0.002 -2"><span class='ocrx_word' id='word_1_2' title='bbox 1080 349 1422 407; x_wconf 59' lang='lat' dir='ltr'><strong>HISTORIA}</strong></span> <span class='ocrx_word' id='word_1_3' title='bbox 1463 347 2014 407; x_wconf 65' lang='lat' dir='ltr'><strong>ECCLESIASTICAS</strong></span> <span class='ocrx_word' id='word_1_4' title='bbox 2057 347 2180 402; x_wconf 86' lang='lat' dir='ltr'><strong>LIB.</strong></span> <span class='ocrx_word' id='word_1_5' title='bbox 2223 346 2310 402; x_wconf 87' lang='lat' dir='ltr'><strong>III.</strong></span> 
     </span>
    </p>
   </div>
   <div class='ocr_carea' id='block_1_3' title="bbox 3199 341 3302 404">
    <p class='ocr_par' dir='ltr' id='par_1_3' title="bbox 3199 341 3302 404">
     <span class='ocr_line' id='line_1_3' title="bbox 3199 341 3302 404; baseline 0 -1"><span class='ocrx_word' id='word_1_6' title='bbox 3199 341 3302 404; x_wconf 61' lang='lat'><strong>27.</strong></span> 
     </span>
    </p>
   </div>
   <div class='ocr_carea' id='block_1_4' title="bbox 141 439 1649 547">
    <p class='ocr_par' dir='ltr' id='par_1_4' title="bbox 141 460 1649 538">
     <span class='ocr_line' id='line_1_4' title="bbox 141 460 1649 538; baseline 0.008 -28"><span class='ocrx_word' id='word_1_7' title='bbox 141 476 238 522; x_wconf 81' lang='grc' dir='ltr'>τους</span> <span class='ocrx_word' id='word_1_8' title='bbox 269 460 515 530; x_wconf 82' lang='grc' dir='ltr'>σωτῆρας</span> <span class='ocrx_word' id='word_1_9' title='bbox 554 462 984 536; x_wconf 73' lang='grc' dir='ltr'><strong>ἐπιγραψάμενοι</strong></span> <span class='ocrx_word' id='word_1_10' title='bbox 1047 467 1144 537; x_wconf 82' lang='grc' dir='ltr'>τῆς</span> <span class='ocrx_word' id='word_1_11' title='bbox 1179 467 1408 538; x_wconf 79' lang='grc' dir='ltr'><strong>ἀληθοῦς</strong></span> <span class='ocrx_word' id='word_1_12' title='bbox 1457 469 1649 522; x_wconf 83' lang='grc' dir='ltr'>ἀποπε-</span> 
     </span>
    </p>
   </div>
   <div class='ocr_carea' id='block_1_5' title="bbox 1750 439 3302 547">
    <p class='ocr_par' dir='ltr' id='par_1_5' title="bbox 1760 461 3302 547">
     <span class='ocr_line' id='line_1_5' title="bbox 1760 461 3302 547; baseline -0.002 -30"><span class='ocrx_word' id='word_1_13' title='bbox 1760 464 2103 526; x_wconf 87' lang='lat' dir='ltr'><strong>mortalitate,</strong></span> <span class='ocrx_word' id='word_1_14' title='bbox 2151 477 2216 517; x_wconf 89' lang='lat' dir='ltr'><strong>ae</strong></span> <span class='ocrx_word' id='word_1_15' title='bbox 2263 463 2330 519; x_wconf 88' lang='lat' dir='ltr'><strong>de</strong></span> <span class='ocrx_word' id='word_1_16' title='bbox 2370 461 3132 547; x_wconf 32' lang='lat' dir='ltr'><strong>mortuorumrresurrectione</strong></span> <span class='ocrx_word' id='word_1_17' title='bbox 3165 461 3302 516; x_wconf 92' lang='lat' dir='ltr'><strong>ludi-</strong></span> 
     </span>
    </p>
   </div>
   <div class='ocr_carea' id='block_1_6' title="bbox 141 550 641 618">
    <p class='ocr_par' dir='ltr' id='par_1_6' title="bbox 141 550 641 618">
     <span class='ocr_line' id='line_1_6' title="bbox 141 550 641 618; baseline 0.012 -16"><span class='ocrx_word' id='word_1_18' title='bbox 141 550 379 605; x_wconf 80' lang='grc' dir='ltr'>πτώκασιν</span> <span class='ocrx_word' id='word_1_19' title='bbox 414 550 641 618; x_wconf 81' lang='grc' dir='ltr'>ἐλπίδος.</span> 
     </span>
    </p>
   </div>
   <div class='ocr_carea' id='block_1_7' title="bbox 339 846 1161 902">
    <p class='ocr_par' dir='ltr' id='par_1_7' title="bbox 339 846 1161 902">
     <span class='ocr_line' id='line_1_7' title="bbox 339 846 1161 902; baseline 0.002 -2"><span class='ocrx_word' id='word_1_20' title='bbox 339 894 347 900; x_wconf 92' lang='grc'>.</span> <span class='ocrx_word' id='word_1_21' title='bbox 591 846 986 900; x_wconf 75' lang='grc' dir='ltr'><strong>ΚΕΦΑΛΑΙΟΝ</strong></span> <span class='ocrx_word' id='word_1_22' title='bbox 1039 850 1161 902; x_wconf 83' lang='grc' dir='ltr'><strong>ΚΖ’.</strong></span> 
     </span>
    </p>
   </div>
   <div class='ocr_carea' id='block_1_8' title="bbox 141 935 1656 1008">
    <p class='ocr_par' dir='ltr' id='par_1_8' title="bbox 141 935 1656 1008">
     <span class='ocr_line' id='line_1_8' title="bbox 141 935 1656 1008; baseline 0.005 -20"><span class='ocrx_word' id='word_1_23' title='bbox 141 935 254 1003; x_wconf 70' lang='grc' dir='ltr'>Περὶ</span> <span class='ocrx_word' id='word_1_24' title='bbox 279 935 383 1003; x_wconf 83' lang='grc' dir='ltr'>τῆς</span> <span class='ocrx_word' id='word_1_25' title='bbox 409 936 751 991; x_wconf 72' lang='grc' dir='ltr'>Ἐσιωναίων</span> <span class='ocrx_word' id='word_1_26' title='bbox 775 939 1204 1008; x_wconf 77' lang='grc' dir='ltr'>αἱρέσεως(Νἰε.</span> <span class='ocrx_word' id='word_1_27' title='bbox 1235 937 1306 992; x_wconf 83' lang='grc' dir='ltr'><strong>Π.</strong></span> <span class='ocrx_word' id='word_1_28' title='bbox 1340 939 1405 992; x_wconf 89' lang='grc' dir='ltr'><strong>Ε.</strong></span> <span class='ocrx_word' id='word_1_29' title='bbox 1437 955 1518 1002; x_wconf 87' lang='lat' dir='ltr'><strong>m,</strong></span> <span class='ocrx_word' id='word_1_30' title='bbox 1549 940 1656 1006; x_wconf 78' lang='grc'><strong>13).</strong></span> 
     </span>
    </p>
   </div>
   <div class='ocr_carea' id='block_1_9' title="bbox 198 1018 1660 1099">
    <p class='ocr_par' dir='ltr' id='par_1_9' title="bbox 198 1018 1660 1099">
     <span class='ocr_line' id='line_1_9' title="bbox 198 1018 1660 1099; baseline 0.003 -24"><span class='ocrx_word' id='word_1_31' title='bbox 198 1025 400 1087; x_wconf 74' lang='grc' dir='ltr'>Ἄλλους</span> <span class='ocrx_word' id='word_1_32' title='bbox 421 1019 477 1076; x_wconf 74' lang='grc' dir='ltr'>δὲ</span> <span class='ocrx_word' id='word_1_33' title='bbox 500 1026 533 1076; x_wconf 89' lang='lat'><strong>6</strong></span> <span class='ocrx_word' id='word_1_34' title='bbox 564 1018 797 1096; x_wconf 77' lang='grc' dir='ltr'>πονηρὸς</span> <span class='ocrx_word' id='word_1_35' title='bbox 816 1027 1024 1098; x_wconf 87' lang='grc' dir='ltr'>δαίμων</span> <span class='ocrx_word' id='word_1_36' title='bbox 1045 1026 1142 1099; x_wconf 78' lang='grc' dir='ltr'>τῆς</span> <span class='ocrx_word' id='word_1_37' title='bbox 1170 1030 1294 1098; x_wconf 79' lang='grc' dir='ltr'>περὶ</span> <span class='ocrx_word' id='word_1_38' title='bbox 1320 1027 1409 1081; x_wconf 83' lang='grc' dir='ltr'><strong>τὸν</strong></span> <span class='ocrx_word' id='word_1_39' title='bbox 1433 1030 1474 1080; x_wconf 88' lang='grc' dir='ltr'><strong>Χ</strong></span> <span class='ocrx_word' id='word_1_40' title='bbox 1483 1029 1660 1099; x_wconf 64' lang='grc' dir='ltr'>μετὸν</span> 
     </span>
    </p>
   </div>
   <div class='ocr_carea' id='block_1_10' title="bbox 136 1112 1656 1187">
    <p class='ocr_par' dir='ltr' id='par_1_10' title="bbox 136 1112 1656 1187">
     <span class='ocr_line' id='line_1_10' title="bbox 136 1112 1656 1187; baseline 0.002 -21"><span class='ocrx_word' id='word_1_41' title='bbox 136 1112 212 1166; x_wconf 84' lang='grc' dir='ltr'>τοῦ</span> <span class='ocrx_word' id='word_1_42' title='bbox 241 1113 362 1165; x_wconf 89' lang='grc' dir='ltr'>Θεοῦ</span> <span class='ocrx_word' id='word_1_43' title='bbox 403 1113 692 1176; x_wconf 73' lang='grc' dir='ltr'><strong>διαθέσεως</strong></span> <span class='ocrx_word' id='word_1_44' title='bbox 739 1115 1013 1168; x_wconf 85' lang='grc' dir='ltr'>ἀδυνατῶν</span> <span class='ocrx_word' id='word_1_45' title='bbox 1059 1119 1329 1179; x_wconf 80' lang='grc' dir='ltr'>ὲκσείσαι,</span> <span class='ocrx_word' id='word_1_46' title='bbox 1364 1115 1656 1187; x_wconf 81' lang='grc' dir='ltr'>θατεραλή-</span> 
     </span>
    </p>
   </div>
   <div class='ocr_carea' id='block_1_11' title="bbox 138 1196 1658 1274">
    <p class='ocr_par' dir='ltr' id='par_1_11' title="bbox 138 1196 1658 1274">
     <span class='ocr_line' id='line_1_11' title="bbox 138 1196 1658 1274; baseline 0.002 -19"><span class='ocrx_word' id='word_1_47' title='bbox 138 1220 274 1264; x_wconf 84' lang='grc' dir='ltr'>πτους</span> <span class='ocrx_word' id='word_1_48' title='bbox 296 1202 414 1273; x_wconf 80' lang='grc'>(58),</span> <span class='ocrx_word' id='word_1_49' title='bbox 431 1201 627 1272; x_wconf 84' lang='grc' dir='ltr'>εὑρὼν,</span> <span class='ocrx_word' id='word_1_50' title='bbox 655 1205 1050 1274; x_wconf 76' lang='grc' dir='ltr'>ὲσςρετερίζετο.</span> <span class='ocrx_word' id='word_1_51' title='bbox 1082 1196 1418 1267; x_wconf 81' lang='grc' dir='ltr'>Ἐϐιωναίους</span> <span class='ocrx_word' id='word_1_52' title='bbox 1446 1206 1658 1269; x_wconf 83' lang='grc' dir='ltr'><strong>τούτους</strong></span> 
     </span>
    </p>
   </div>
   <div class='ocr_carea' id='block_1_12' title="bbox 134 1290 1658 1363">
    <p class='ocr_par' dir='ltr' id='par_1_12' title="bbox 134 1290 1658 1363">
     <span class='ocr_line' id='line_1_12' title="bbox 134 1290 1658 1363; baseline 0.002 -20"><span class='ocrx_word' id='word_1_53' title='bbox 134 1290 312 1353; x_wconf 80' lang='grc' dir='ltr'><strong>οἰκείως</strong></span> <span class='ocrx_word' id='word_1_54' title='bbox 337 1291 672 1362; x_wconf 77' lang='grc' dir='ltr'><strong>ἐπεφήμιζον</strong></span> <span class='ocrx_word' id='word_1_55' title='bbox 693 1295 740 1345; x_wconf 79' lang='grc' dir='ltr'><strong>οἱ</strong></span> <span class='ocrx_word' id='word_1_56' title='bbox 772 1293 994 1362; x_wconf 78' lang='grc' dir='ltr'>πρῶτοι,</span> <span class='ocrx_word' id='word_1_57' title='bbox 1027 1293 1251 1363; x_wconf 86' lang='grc' dir='ltr'>πτωχῶς</span> <span class='ocrx_word' id='word_1_58' title='bbox 1272 1296 1363 1348; x_wconf 73' lang='grc' dir='ltr'><strong>καὶ</strong></span> <span class='ocrx_word' id='word_1_59' title='bbox 1393 1294 1658 1356; x_wconf 81' lang='grc' dir='ltr'>ταπεινῶς</span> 
     </span>
    </p>
   </div>
   <div class='ocr_carea' id='block_1_13' title="bbox 133 1365 1658 1457">
    <p class='ocr_par' dir='ltr' id='par_1_13' title="bbox 133 1365 1658 1457">
     <span class='ocr_line' id='line_1_13' title="bbox 133 1365 1658 1457; baseline 0.003 -24"><span class='ocrx_word' id='word_1_60' title='bbox 133 1383 187 1434; x_wconf 74' lang='grc' dir='ltr'>τὰ</span> <span class='ocrx_word' id='word_1_61' title='bbox 211 1381 427 1452; x_wconf 75' lang='grc' dir='ltr'><strong>περὶτοῦ</strong></span> <span class='ocrx_word' id='word_1_62' title='bbox 442 1382 671 1453; x_wconf 81' lang='grc' dir='ltr'><strong>Χριστοῦ</strong></span> <span class='ocrx_word' id='word_1_63' title='bbox 689 1382 1020 1447; x_wconf 80' lang='grc' dir='ltr'><strong>δοξάζοντας.</strong></span> <span class='ocrx_word' id='word_1_64' title='bbox 1050 1385 1204 1436; x_wconf 83' lang='grc' dir='ltr'>Λιτὸν</span> <span class='ocrx_word' id='word_1_65' title='bbox 1261 1386 1359 1454; x_wconf 88' lang='grc' dir='ltr'>μὲν</span> <span class='ocrx_word' id='word_1_66' title='bbox 1411 1386 1516 1457; x_wconf 84' lang='grc' dir='ltr'>γὰρ</span> <span class='ocrx_word' id='word_1_67' title='bbox 1560 1365 1658 1437; x_wconf 74' lang='grc' dir='ltr'><strong>αὐ-</strong></span> 
     </span>
    </p>
   </div>
   <div class='ocr_carea' id='block_1_14' title="bbox 131 1473 1657 1548">
    <p class='ocr_par' dir='ltr' id='par_1_14' title="bbox 131 1473 1657 1548">
     <span class='ocr_line' id='line_1_14' title="bbox 131 1473 1657 1548; baseline 0.003 -22"><span class='ocrx_word' id='word_1_68' title='bbox 131 1473 204 1526; x_wconf 69' lang='grc' dir='ltr'><strong>τδν</strong></span> <span class='ocrx_word' id='word_1_69' title='bbox 252 1473 336 1526; x_wconf 79' lang='grc' dir='ltr'>καὶ</span> <span class='ocrx_word' id='word_1_70' title='bbox 404 1473 582 1525; x_wconf 82' lang='grc' dir='ltr'>κοινὸν</span> <span class='ocrx_word' id='word_1_71' title='bbox 631 1474 857 1543; x_wconf 82' lang='grc' dir='ltr'>ἡγοῦντο</span> <span class='ocrx_word' id='word_1_72' title='bbox 884 1517 899 1536; x_wconf 86' lang='grc'><strong>,</strong></span> <span class='ocrx_word' id='word_1_73' title='bbox 971 1477 1108 1527; x_wconf 73' lang='grc' dir='ltr'><strong>κατά</strong></span> <span class='ocrx_word' id='word_1_74' title='bbox 1168 1477 1448 1547; x_wconf 77' lang='grc' dir='ltr'>προκοπὴν</span> <span class='ocrx_word' id='word_1_75' title='bbox 1498 1477 1657 1548; x_wconf 79' lang='grc' dir='ltr'>ἡθους</span> 
     </span>
    </p>
   </div>
   <div class='ocr_carea' id='block_1_15' title="bbox 132 1563 1655 1638">
    <p class='ocr_par' dir='ltr' id='par_1_15' title="bbox 132 1563 1655 1638">
     <span class='ocr_line' id='line_1_15' title="bbox 132 1563 1655 1638; baseline 0.003 -23"><span class='ocrx_word' id='word_1_76' title='bbox 132 1565 239 1616; x_wconf 78' lang='grc' dir='ltr'>αὐτὸ</span> <span class='ocrx_word' id='word_1_77' title='bbox 271 1565 421 1633; x_wconf 86' lang='grc' dir='ltr'>μόνον</span> <span class='ocrx_word' id='word_1_78' title='bbox 467 1563 750 1635; x_wconf 84' lang='grc' dir='ltr'>ἄνθρωπον</span> <span class='ocrx_word' id='word_1_79' title='bbox 795 1566 1236 1636; x_wconf 86' lang='grc' dir='ltr'>δεδικαιωμένον,</span> <span class='ocrx_word' id='word_1_80' title='bbox 1284 1567 1342 1632; x_wconf 79' lang='grc' dir='ltr'><strong>ἐξ</strong></span> <span class='ocrx_word' id='word_1_81' title='bbox 1370 1567 1556 1638; x_wconf 85' lang='grc' dir='ltr'>ἀνδρός</span> <span class='ocrx_word' id='word_1_82' title='bbox 1596 1585 1655 1620; x_wconf 90' lang='grc' dir='ltr'>τε</span> 
     </span>
    </p>
   </div>
   <div class='ocr_carea' id='block_1_16' title="bbox 132 1656 1656 1729">
    <p class='ocr_par' dir='ltr' id='par_1_16' title="bbox 132 1656 1656 1729">
     <span class='ocr_line' id='line_1_16' title="bbox 132 1656 1656 1729; baseline 0.001 -21"><span class='ocrx_word' id='word_1_83' title='bbox 132 1656 375 1720; x_wconf 73' lang='grc' dir='ltr'><strong>κοινωνίας</strong></span> <span class='ocrx_word' id='word_1_84' title='bbox 418 1658 514 1709; x_wconf 79' lang='grc' dir='ltr'>καὶ</span> <span class='ocrx_word' id='word_1_85' title='bbox 559 1657 657 1726; x_wconf 78' lang='grc' dir='ltr'>τῆς</span> <span class='ocrx_word' id='word_1_86' title='bbox 715 1658 931 1728; x_wconf 80' lang='grc' dir='ltr'><strong>Μαρίας</strong></span> <span class='ocrx_word' id='word_1_87' title='bbox 980 1658 1398 1729; x_wconf 78' lang='grc' dir='ltr'><strong>γεγεννημένον·</strong></span> <span class='ocrx_word' id='word_1_88' title='bbox 1451 1659 1556 1710; x_wconf 83' lang='grc' dir='ltr'>δεῖν</span> <span class='ocrx_word' id='word_1_89' title='bbox 1601 1659 1656 1710; x_wconf 85' lang='grc' dir='ltr'>δὲ</span> 
     </span>
    </p>
   </div>
   <div class='ocr_carea' id='block_1_17' title="bbox 131 1747 1656 1819">
    <p class='ocr_par' dir='ltr' id='par_1_17' title="bbox 131 1747 1656 1819">
     <span class='ocr_line' id='line_1_17' title="bbox 131 1747 1656 1819; baseline 0 -20"><span class='ocrx_word' id='word_1_90' title='bbox 131 1748 312 1810; x_wconf 76' lang='grc' dir='ltr'>πάντως</span> <span class='ocrx_word' id='word_1_91' title='bbox 335 1748 516 1810; x_wconf 80' lang='grc' dir='ltr'>αὐτοῖς</span> <span class='ocrx_word' id='word_1_92' title='bbox 542 1749 641 1817; x_wconf 79' lang='grc' dir='ltr'>τῆς</span> <span class='ocrx_word' id='word_1_93' title='bbox 669 1750 894 1818; x_wconf 82' lang='grc' dir='ltr'><strong>νομικῆς</strong></span> <span class='ocrx_word' id='word_1_94' title='bbox 936 1748 1247 1819; x_wconf 80' lang='grc' dir='ltr'><strong>θρησκείας,</strong></span> <span class='ocrx_word' id='word_1_95' title='bbox 1281 1749 1356 1810; x_wconf 86' lang='grc' dir='ltr'>ὡς</span> <span class='ocrx_word' id='word_1_96' title='bbox 1385 1747 1458 1819; x_wconf 83' lang='grc' dir='ltr'>μὴ</span> <span class='ocrx_word' id='word_1_97' title='bbox 1482 1748 1546 1800; x_wconf 81' lang='grc' dir='ltr'>ἂν</span> <span class='ocrx_word' id='word_1_98' title='bbox 1570 1747 1656 1801; x_wconf 85' lang='grc' dir='ltr'>διὰ</span> 
     </span>
    </p>
   </div>
   <div class='ocr_carea' id='block_1_18' title="bbox 129 1929 1650 2000">
    <p class='ocr_par' dir='ltr' id='par_1_18' title="bbox 129 1929 1650 2000">
     <span class='ocr_line' id='line_1_18' title="bbox 129 1929 1650 2000; baseline 0.002 -20"><span class='ocrx_word' id='word_1_99' title='bbox 129 1931 268 2000; x_wconf 72' lang='grc' dir='ltr'>αὐτὴν</span> <span class='ocrx_word' id='word_1_100' title='bbox 303 1930 415 1999; x_wconf 82' lang='grc' dir='ltr'>βίου</span> <span class='ocrx_word' id='word_1_101' title='bbox 463 1929 877 1999; x_wconf 76' lang='grc' dir='ltr'>σωθησομένοις,</span> <span class='ocrx_word' id='word_1_102' title='bbox 927 1930 1108 1982; x_wconf 80' lang='grc' dir='ltr'>Ἀλλοι</span> <span class='ocrx_word' id='word_1_103' title='bbox 1155 1931 1220 1983; x_wconf 80' lang='grc' dir='ltr'><strong>δὲ’</strong></span> <span class='ocrx_word' id='word_1_104' title='bbox 1256 1931 1407 2000; x_wconf 87' lang='grc' dir='ltr'><strong>παρά</strong></span> <span class='ocrx_word' id='word_1_105' title='bbox 1435 1931 1650 1994; x_wconf 86' lang='grc' dir='ltr'><strong>τούτους</strong></span> 
     </span>
    </p>
   </div>
   <div class='ocr_carea' id='block_1_19' title="bbox 126 2009 1652 2092">
    <p class='ocr_par' dir='ltr' id='par_1_19' title="bbox 126 2009 1652 2092">
     <span class='ocr_line' id='line_1_19' title="bbox 126 2009 1652 2092; baseline -0.001 -19"><span class='ocrx_word' id='word_1_106' title='bbox 126 2022 207 2091; x_wconf 82' lang='grc' dir='ltr'>τῆς</span> <span class='ocrx_word' id='word_1_107' title='bbox 235 2009 392 2091; x_wconf 61' lang='grc' dir='ltr'>αὐτῆς</span> <span class='ocrx_word' id='word_1_108' title='bbox 427 2021 576 2084; x_wconf 78' lang='grc' dir='ltr'>ὄντες</span> <span class='ocrx_word' id='word_1_109' title='bbox 619 2022 1002 2091; x_wconf 78' lang='grc' dir='ltr'><strong>προσηγορίας,</strong></span> <span class='ocrx_word' id='word_1_110' title='bbox 1039 2021 1135 2091; x_wconf 81' lang='grc' dir='ltr'><strong>τὴν</strong></span> <span class='ocrx_word' id='word_1_111' title='bbox 1171 2022 1268 2091; x_wconf 84' lang='grc' dir='ltr'>μὲν</span> <span class='ocrx_word' id='word_1_112' title='bbox 1295 2022 1402 2074; x_wconf 85' lang='grc' dir='ltr'>τῶν</span> <span class='ocrx_word' id='word_1_113' title='bbox 1433 2010 1652 2092; x_wconf 83' lang='grc' dir='ltr'>είρημέ-</span> 
     </span>
    </p>
   </div>
   <div class='ocr_carea' id='block_1_20' title="bbox 127 2109 1649 2182">
    <p class='ocr_par' dir='ltr' id='par_1_20' title="bbox 127 2109 1649 2182">
     <span class='ocr_line' id='line_1_20' title="bbox 127 2109 1649 2182; baseline -0.001 -18"><span class='ocrx_word' id='word_1_114' title='bbox 127 2129 213 2164; x_wconf 88' lang='grc' dir='ltr'>νων</span> <span class='ocrx_word' id='word_1_115' title='bbox 237 2113 451 2166; x_wconf 73' lang='grc' dir='ltr'>ἔκτοπον</span> <span class='ocrx_word' id='word_1_116' title='bbox 491 2109 852 2182; x_wconf 74' lang='grc' dir='ltr'>διεδίδρασκον</span> <span class='ocrx_word' id='word_1_117' title='bbox 884 2111 1128 2174; x_wconf 77' lang='grc' dir='ltr'><strong>ἀτοπίαν,</strong></span> <span class='ocrx_word' id='word_1_118' title='bbox 1160 2113 1222 2164; x_wconf 81' lang='grc' dir='ltr'>ὲκ</span> <span class='ocrx_word' id='word_1_119' title='bbox 1249 2111 1522 2182; x_wconf 84' lang='grc' dir='ltr'>Παρθένου</span> <span class='ocrx_word' id='word_1_120' title='bbox 1558 2113 1649 2162; x_wconf 74' lang='grc' dir='ltr'><strong>καὶ</strong></span> 
     </span>
    </p>
   </div>
   <div class='ocr_carea' id='block_1_21' title="bbox 125 2191 1648 2273">
    <p class='ocr_par' dir='ltr' id='par_1_21' title="bbox 125 2191 1648 2273">
     <span class='ocr_line' id='line_1_21' title="bbox 125 2191 1648 2273; baseline -0.001 -19"><span class='ocrx_word' id='word_1_121' title='bbox 125 2203 200 2254; x_wconf 89' lang='grc' dir='ltr'><strong>τοῦ</strong></span> <span class='ocrx_word' id='word_1_122' title='bbox 222 2204 359 2271; x_wconf 85' lang='grc' dir='ltr'>ἁγίου</span> <span class='ocrx_word' id='word_1_123' title='bbox 378 2191 687 2270; x_wconf 81' lang='grc' dir='ltr'>Πνεῦματος</span> <span class='ocrx_word' id='word_1_124' title='bbox 710 2204 782 2272; x_wconf 87' lang='grc' dir='ltr'><strong>μὴ</strong></span> <span class='ocrx_word' id='word_1_125' title='bbox 798 2201 1112 2273; x_wconf 84' lang='grc' dir='ltr'>ἀρνούμενοι</span> <span class='ocrx_word' id='word_1_126' title='bbox 1137 2201 1510 2270; x_wconf 82' lang='grc' dir='ltr'>γεγονέναιτὸν</span> <span class='ocrx_word' id='word_1_127' title='bbox 1535 2201 1648 2253; x_wconf 86' lang='grc' dir='ltr'>Κύ-</span> 
     </span>
    </p>
   </div>
   <div class='ocr_carea' id='block_1_22' title="bbox 129 2288 1642 2365">
    <p class='ocr_par' dir='ltr' id='par_1_22' title="bbox 129 2288 1642 2365">
     <span class='ocr_line' id='line_1_22' title="bbox 129 2288 1642 2365; baseline -0.002 -18"><span class='ocrx_word' id='word_1_128' title='bbox 129 2311 238 2362; x_wconf 84' lang='grc' dir='ltr'>ριον,</span> <span class='ocrx_word' id='word_1_129' title='bbox 259 2296 315 2347; x_wconf 85' lang='grc' dir='ltr'>οὐ</span> <span class='ocrx_word' id='word_1_130' title='bbox 332 2295 432 2365; x_wconf 84' lang='grc' dir='ltr'><strong>μὴν</strong></span> <span class='ocrx_word' id='word_1_131' title='bbox 470 2294 545 2346; x_wconf 80' lang='grc' dir='ltr'><strong>ἔθ’</strong></span> <span class='ocrx_word' id='word_1_132' title='bbox 573 2295 770 2365; x_wconf 84' lang='grc' dir='ltr'>ὁμοίως</span> <span class='ocrx_word' id='word_1_133' title='bbox 789 2295 881 2346; x_wconf 70' lang='grc' dir='ltr'><strong>καὶ</strong></span> <span class='ocrx_word' id='word_1_134' title='bbox 901 2288 1044 2346; x_wconf 74' lang='grc' dir='ltr'>οὗτοι</span> <span class='ocrx_word' id='word_1_135' title='bbox 1076 2293 1443 2364; x_wconf 77' lang='grc' dir='ltr'>προϋπάρχειν</span> <span class='ocrx_word' id='word_1_136' title='bbox 1466 2292 1642 2356; x_wconf 87' lang='grc' dir='ltr'>αὑτὸν,</span> 
     </span>
    </p>
   </div>
   <div class='ocr_carea' id='block_1_23' title="bbox 124 2383 1646 2456">
    <p class='ocr_par' dir='ltr' id='par_1_23' title="bbox 124 2383 1646 2456">
     <span class='ocr_line' id='line_1_23' title="bbox 124 2383 1646 2456; baseline 0.001 -22"><span class='ocrx_word' id='word_1_137' title='bbox 124 2383 232 2436; x_wconf 80' lang='grc' dir='ltr'>Θεὸν</span> <span class='ocrx_word' id='word_1_138' title='bbox 260 2386 420 2453; x_wconf 85' lang='grc' dir='ltr'>Λόγον</span> <span class='ocrx_word' id='word_1_139' title='bbox 441 2385 570 2437; x_wconf 76' lang='grc' dir='ltr'>ὄντα</span> <span class='ocrx_word' id='word_1_140' title='bbox 589 2386 682 2437; x_wconf 78' lang='grc' dir='ltr'>καὶ</span> <span class='ocrx_word' id='word_1_141' title='bbox 698 2385 892 2452; x_wconf 81' lang='grc' dir='ltr'>Σοφίαν</span> <span class='ocrx_word' id='word_1_142' title='bbox 919 2384 1128 2456; x_wconf 83' lang='grc' dir='ltr'>Πατρδς</span> <span class='ocrx_word' id='word_1_143' title='bbox 1156 2383 1554 2453; x_wconf 85' lang='grc' dir='ltr'>ὁμολογοῦντες,</span> <span class='ocrx_word' id='word_1_144' title='bbox 1581 2386 1646 2454; x_wconf 81' lang='grc' dir='ltr'>τῇ</span> 
     </span>
    </p>
   </div>
   <div class='ocr_carea' id='block_1_24' title="bbox 124 2465 1647 2548">
    <p class='ocr_par' dir='ltr' id='par_1_24' title="bbox 124 2465 1647 2548">
     <span class='ocr_line' id='line_1_24' title="bbox 124 2465 1647 2548; baseline -0.001 -20"><span class='ocrx_word' id='word_1_145' title='bbox 124 2476 212 2528; x_wconf 80' lang='grc' dir='ltr'>τῶν</span> <span class='ocrx_word' id='word_1_146' title='bbox 235 2477 500 2548; x_wconf 85' lang='grc' dir='ltr'>προτέρων</span> <span class='ocrx_word' id='word_1_147' title='bbox 535 2465 952 2548; x_wconf 77' lang='grc' dir='ltr'>πὲριετρέποντο</span> <span class='ocrx_word' id='word_1_148' title='bbox 975 2475 1276 2545; x_wconf 75' lang='grc' dir='ltr'>δυσσεϐείᾳ,</span> <span class='ocrx_word' id='word_1_149' title='bbox 1303 2475 1534 2545; x_wconf 82' lang='grc' dir='ltr'>μάλιστα</span> <span class='ocrx_word' id='word_1_150' title='bbox 1559 2475 1647 2527; x_wconf 82' lang='grc' dir='ltr'>ὅτε</span> 
     </span>
    </p>
   </div>
   <div class='ocr_carea' id='block_1_25' title="bbox 124 2568 1648 2640">
    <p class='ocr_par' dir='ltr' id='par_1_25' title="bbox 124 2568 1648 2640">
     <span class='ocr_line' id='line_1_25' title="bbox 124 2568 1648 2640; baseline 0.001 -21"><span class='ocrx_word' id='word_1_151' title='bbox 124 2569 201 2620; x_wconf 81' lang='grc' dir='ltr'>καὶ</span> <span class='ocrx_word' id='word_1_152' title='bbox 231 2568 320 2638; x_wconf 83' lang='grc' dir='ltr'><strong>τὴν</strong></span> <span class='ocrx_word' id='word_1_153' title='bbox 353 2569 667 2639; x_wconf 86' lang='grc' dir='ltr'>σωματικὴν</span> <span class='ocrx_word' id='word_1_154' title='bbox 698 2570 821 2639; x_wconf 81' lang='grc' dir='ltr'>περὶ</span> <span class='ocrx_word' id='word_1_155' title='bbox 858 2568 947 2621; x_wconf 87' lang='grc' dir='ltr'>τὸν</span> <span class='ocrx_word' id='word_1_156' title='bbox 979 2569 1139 2640; x_wconf 87' lang='grc' dir='ltr'>νόμον</span> <span class='ocrx_word' id='word_1_157' title='bbox 1173 2568 1421 2639; x_wconf 89' lang='grc' dir='ltr'>λατρείαν</span> <span class='ocrx_word' id='word_1_158' title='bbox 1453 2569 1648 2637; x_wconf 82' lang='grc' dir='ltr'>ὁμοίως</span> 
     </span>
    </p>
   </div>
   <div class='ocr_carea' id='block_1_26' title="bbox 124 2654 1649 2730">
    <p class='ocr_par' dir='ltr' id='par_1_26' title="bbox 124 2654 1649 2730">
     <span class='ocr_line' id='line_1_26' title="bbox 124 2654 1649 2730; baseline 0.001 -21"><span class='ocrx_word' id='word_1_159' title='bbox 124 2659 320 2721; x_wconf 77' lang='grc' dir='ltr'>ἐκείνοις</span> <span class='ocrx_word' id='word_1_160' title='bbox 369 2659 650 2730; x_wconf 81' lang='grc' dir='ltr'>περιέπειν</span> <span class='ocrx_word' id='word_1_161' title='bbox 699 2660 1044 2722; x_wconf 82' lang='grc' dir='ltr'>ἐσπούδαζον.</span> <span class='ocrx_word' id='word_1_162' title='bbox 1099 2654 1254 2714; x_wconf 78' lang='grc' dir='ltr'>Οὗτοι</span> <span class='ocrx_word' id='word_1_163' title='bbox 1305 2659 1361 2712; x_wconf 82' lang='grc' dir='ltr'><strong>δὲ</strong></span> <span class='ocrx_word' id='word_1_164' title='bbox 1411 2658 1505 2712; x_wconf 91' lang='grc' dir='ltr'>τοῦ</span> <span class='ocrx_word' id='word_1_165' title='bbox 1554 2658 1649 2729; x_wconf 83' lang='grc' dir='ltr'><strong>μὲν</strong></span> 
     </span>
    </p>
   </div>
   <div class='ocr_carea' id='block_1_27' title="bbox 132 2747 1649 2821">
    <p class='ocr_par' dir='ltr' id='par_1_27' title="bbox 132 2747 1649 2821">
     <span class='ocr_line' id='line_1_27' title="bbox 132 2747 1649 2821; baseline 0 -20"><span class='ocrx_word' id='word_1_166' title='bbox 132 2747 420 2802; x_wconf 84' lang='grc' dir='ltr'>Ἀποστόλου</span> <span class='ocrx_word' id='word_1_167' title='bbox 467 2751 646 2813; x_wconf 87' lang='grc' dir='ltr'>πάσας</span> <span class='ocrx_word' id='word_1_168' title='bbox 667 2749 765 2813; x_wconf 85' lang='grc' dir='ltr'>τὰς</span> <span class='ocrx_word' id='word_1_169' title='bbox 801 2751 1110 2809; x_wconf 82' lang='grc' dir='ltr'>Ἐπιστολάς</span> <span class='ocrx_word' id='word_1_170' title='bbox 1134 2752 1402 2821; x_wconf 84' lang='grc' dir='ltr'>ἀρνητέας</span> <span class='ocrx_word' id='word_1_171' title='bbox 1426 2749 1649 2819; x_wconf 78' lang='grc' dir='ltr'>ἡγοῦντο</span> 
     </span>
    </p>
   </div>
   <div class='ocr_carea' id='block_1_28' title="bbox 123 2835 1646 2910">
    <p class='ocr_par' dir='ltr' id='par_1_28' title="bbox 123 2835 1646 2910">
     <span class='ocr_line' id='line_1_28' title="bbox 123 2835 1646 2910; baseline 0 -20"><span class='ocrx_word' id='word_1_172' title='bbox 123 2835 237 2892; x_wconf 81' lang='grc' dir='ltr'>εἶναι</span> <span class='ocrx_word' id='word_1_173' title='bbox 256 2841 378 2902; x_wconf 83' lang='grc' dir='ltr'>δεῖν,</span> <span class='ocrx_word' id='word_1_174' title='bbox 401 2840 709 2909; x_wconf 78' lang='grc' dir='ltr'>ἀποστάτην</span> <span class='ocrx_word' id='word_1_175' title='bbox 740 2841 1134 2904; x_wconf 84' lang='grc' dir='ltr'>ἀποκαλοῦντες</span> <span class='ocrx_word' id='word_1_176' title='bbox 1159 2840 1320 2894; x_wconf 73' lang='grc' dir='ltr'>αὐτὸν</span> <span class='ocrx_word' id='word_1_177' title='bbox 1347 2839 1438 2892; x_wconf 89' lang='grc' dir='ltr'>τοῦ</span> <span class='ocrx_word' id='word_1_178' title='bbox 1463 2843 1646 2910; x_wconf 83' lang='grc' dir='ltr'>νόμου,</span> 
     </span>
    </p>
   </div>
   <div class='ocr_carea' id='block_1_29' title="bbox 122 2917 1649 3003">
    <p class='ocr_par' dir='ltr' id='par_1_29' title="bbox 122 2917 1649 3003">
     <span class='ocr_line' id='line_1_29' title="bbox 122 2917 1649 3003; baseline 0.001 -20"><span class='ocrx_word' id='word_1_179' title='bbox 122 2917 432 3000; x_wconf 50' lang='lat' dir='ltr'><strong>Euan-silua</strong></span> <span class='ocrx_word' id='word_1_180' title='bbox 468 2931 525 2983; x_wconf 85' lang='grc' dir='ltr'><strong>δὲ</strong></span> <span class='ocrx_word' id='word_1_181' title='bbox 563 2931 707 3001; x_wconf 86' lang='grc' dir='ltr'>μόνῳ</span> <span class='ocrx_word' id='word_1_182' title='bbox 729 2931 807 3000; x_wconf 81' lang='grc' dir='ltr'><strong>τῷ</strong></span> <span class='ocrx_word' id='word_1_183' title='bbox 836 2934 964 2985; x_wconf 83' lang='grc' dir='ltr'>καθ’</span> <span class='ocrx_word' id='word_1_184' title='bbox 1031 2933 1334 3000; x_wconf 78' lang='grc' dir='ltr'>Ἐϐραίους</span> <span class='ocrx_word' id='word_1_185' title='bbox 1376 2926 1649 3003; x_wconf 76' lang='grc' dir='ltr'>λεγομένῳ</span> 
     </span>
    </p>
   </div>
   <div class='ocr_carea' id='block_1_30' title="bbox 121 3020 1652 3093">
    <p class='ocr_par' dir='ltr' id='par_1_30' title="bbox 121 3020 1652 3093">
     <span class='ocr_line' id='line_1_30' title="bbox 121 3020 1652 3093; baseline 0.004 -21"><span class='ocrx_word' id='word_1_186' title='bbox 121 3020 380 3090; x_wconf 82' lang='grc' dir='ltr'>χρώμενοι,</span> <span class='ocrx_word' id='word_1_187' title='bbox 411 3021 518 3074; x_wconf 83' lang='grc' dir='ltr'><strong>τῶν</strong></span> <span class='ocrx_word' id='word_1_188' title='bbox 551 3022 749 3074; x_wconf 82' lang='grc' dir='ltr'>λοιπῶν</span> <span class='ocrx_word' id='word_1_189' title='bbox 783 3024 1010 3093; x_wconf 81' lang='grc' dir='ltr'>σμικρὸν</span> <span class='ocrx_word' id='word_1_190' title='bbox 1038 3025 1314 3078; x_wconf 79' lang='grc' dir='ltr'>ἐποιοῦντο</span> <span class='ocrx_word' id='word_1_191' title='bbox 1338 3026 1512 3093; x_wconf 89' lang='grc' dir='ltr'>λόγον.</span> <span class='ocrx_word' id='word_1_192' title='bbox 1543 3025 1652 3079; x_wconf 73' lang='grc' dir='ltr'><strong>Καὶ</strong></span> 
     </span>
    </p>
   </div>
   <div class='ocr_carea' id='block_1_31' title="bbox 119 3112 1649 3188">
    <p class='ocr_par' dir='ltr' id='par_1_31' title="bbox 119 3112 1649 3188">
     <span class='ocr_line' id='line_1_31' title="bbox 119 3112 1649 3188; baseline 0.005 -27"><span class='ocrx_word' id='word_1_193' title='bbox 119 3112 168 3161; x_wconf 70' lang='grc' dir='ltr'>τὸ</span> <span class='ocrx_word' id='word_1_194' title='bbox 197 3112 285 3181; x_wconf 84' lang='grc' dir='ltr'>μὲν</span> <span class='ocrx_word' id='word_1_195' title='bbox 324 3113 596 3166; x_wconf 75' lang='grc' dir='ltr'>Σάϐϐατον</span> <span class='ocrx_word' id='word_1_196' title='bbox 636 3113 729 3165; x_wconf 78' lang='grc' dir='ltr'>καὶ</span> <span class='ocrx_word' id='word_1_197' title='bbox 765 3115 862 3182; x_wconf 85' lang='grc' dir='ltr'>τὴν</span> <span class='ocrx_word' id='word_1_198' title='bbox 917 3116 1206 3186; x_wconf 82' lang='grc' dir='ltr'>Ἰουδαῖκὴν</span> <span class='ocrx_word' id='word_1_199' title='bbox 1236 3116 1399 3185; x_wconf 79' lang='grc' dir='ltr'>ἄλλην</span> <span class='ocrx_word' id='word_1_200' title='bbox 1431 3117 1649 3188; x_wconf 79' lang='grc' dir='ltr'>ἀγωγὴν</span> 
     </span>
    </p>
   </div>
   <div class='ocr_carea' id='block_1_32' title="bbox 119 3201 1647 3282">
    <p class='ocr_par' dir='ltr' id='par_1_32' title="bbox 119 3201 1647 3282">
     <span class='ocr_line' id='line_1_32' title="bbox 119 3201 1647 3282; baseline 0.004 -30"><span class='ocrx_word' id='word_1_201' title='bbox 119 3201 288 3268; x_wconf 79' lang='grc' dir='ltr'>ὁμοίως</span> <span class='ocrx_word' id='word_1_202' title='bbox 320 3202 544 3264; x_wconf 76' lang='grc' dir='ltr'>ἐκείνοις</span> <span class='ocrx_word' id='word_1_203' title='bbox 581 3203 1007 3274; x_wconf 82' lang='grc' dir='ltr'>παρεφύλαττον,</span> <span class='ocrx_word' id='word_1_204' title='bbox 1040 3208 1156 3282; x_wconf 69' lang='grc' dir='ltr'>ταῖς</span> <span class='ocrx_word' id='word_1_205' title='bbox 1180 3205 1223 3257; x_wconf 87' lang='grc' dir='ltr'>δ’</span> <span class='ocrx_word' id='word_1_206' title='bbox 1257 3201 1322 3257; x_wconf 75' lang='grc' dir='ltr'>αὖ</span> <span class='ocrx_word' id='word_1_207' title='bbox 1348 3208 1647 3276; x_wconf 83' lang='grc' dir='ltr'>Κυριακαῖς</span> 
     </span>
    </p>
   </div>
   <div class='ocr_carea' id='block_1_33' title="bbox 120 3292 1643 3368">
    <p class='ocr_par' dir='ltr' id='par_1_33' title="bbox 120 3292 1643 3368">
     <span class='ocr_line' id='line_1_33' title="bbox 120 3292 1643 3368; baseline 0.005 -25"><span class='ocrx_word' id='word_1_208' title='bbox 120 3292 321 3360; x_wconf 72' lang='grc' dir='ltr'>ἡμέραις</span> <span class='ocrx_word' id='word_1_209' title='bbox 359 3296 489 3368; x_wconf 81' lang='grc' dir='ltr'>ἡμῖν</span> <span class='ocrx_word' id='word_1_210' title='bbox 519 3294 588 3346; x_wconf 87' lang='grc' dir='ltr'>τὰ</span> <span class='ocrx_word' id='word_1_211' title='bbox 629 3297 983 3366; x_wconf 75' lang='grc' dir='ltr'>παραπλήσια</span> <span class='ocrx_word' id='word_1_212' title='bbox 1027 3299 1105 3358; x_wconf 87' lang='grc' dir='ltr'>εἰς</span> <span class='ocrx_word' id='word_1_213' title='bbox 1143 3298 1374 3367; x_wconf 77' lang='grc' dir='ltr'>μνήμην,</span> <span class='ocrx_word' id='word_1_214' title='bbox 1409 3299 1507 3368; x_wconf 85' lang='grc' dir='ltr'><strong>τῆς</strong></span> <span class='ocrx_word' id='word_1_215' title='bbox 1551 3297 1643 3350; x_wconf 88' lang='grc' dir='ltr'>τοῦ</span> 
     </span>
    </p>
   </div>
   <div class='ocr_carea' id='block_1_34' title="bbox 117 3385 1645 3459">
    <p class='ocr_par' dir='ltr' id='par_1_34' title="bbox 117 3385 1645 3459">
     <span class='ocr_line' id='line_1_34' title="bbox 117 3385 1645 3459; baseline 0.004 -24"><span class='ocrx_word' id='word_1_216' title='bbox 117 3385 293 3454; x_wconf 83' lang='grc' dir='ltr'>Κυρίου</span> <span class='ocrx_word' id='word_1_217' title='bbox 355 3387 700 3451; x_wconf 78' lang='grc' dir='ltr'>ἀναστάσεως</span> <span class='ocrx_word' id='word_1_218' title='bbox 758 3389 1060 3440; x_wconf 79' lang='grc' dir='ltr'>ἐπετέλουν.</span> <span class='ocrx_word' id='word_1_219' title='bbox 1127 3388 1284 3440; x_wconf 88' lang='grc' dir='ltr'>Ὅθεν</span> <span class='ocrx_word' id='word_1_220' title='bbox 1345 3388 1494 3459; x_wconf 83' lang='grc' dir='ltr'>παρὰ</span> <span class='ocrx_word' id='word_1_221' title='bbox 1549 3390 1645 3458; x_wconf 88' lang='grc' dir='ltr'>τὴν</span> 
     </span>
    </p>
   </div>
   <div class='ocr_carea' id='block_1_35' title="bbox 116 3472 1644 3547">
    <p class='ocr_par' dir='ltr' id='par_1_35' title="bbox 116 3472 1644 3547">
     <span class='ocr_line' id='line_1_35' title="bbox 116 3472 1644 3547; baseline 0.003 -23"><span class='ocrx_word' id='word_1_222' title='bbox 116 3472 337 3544; x_wconf 76' lang='grc' dir='ltr'>τοιαύτην</span> <span class='ocrx_word' id='word_1_223' title='bbox 361 3475 671 3544; x_wconf 73' lang='grc' dir='ltr'>ἐγχείρησιν</span> <span class='ocrx_word' id='word_1_224' title='bbox 693 3477 790 3544; x_wconf 73' lang='grc' dir='ltr'>τῆς</span> <span class='ocrx_word' id='word_1_225' title='bbox 817 3477 1026 3527; x_wconf 83' lang='grc' dir='ltr'>τοιᾶσδε</span> <span class='ocrx_word' id='word_1_226' title='bbox 1065 3477 1348 3546; x_wconf 81' lang='grc' dir='ltr'>λελόγχασι</span> <span class='ocrx_word' id='word_1_227' title='bbox 1379 3494 1644 3547; x_wconf 84' lang='grc' dir='ltr'>προσηγο-</span> 
     </span>
    </p>
   </div>
   <div class='ocr_carea' id='block_1_36' title="bbox 117 3564 1642 3634">
    <p class='ocr_par' dir='ltr' id='par_1_36' title="bbox 117 3564 1642 3634">
     <span class='ocr_line' id='line_1_36' title="bbox 117 3564 1642 3634; baseline 0.003 -21"><span class='ocrx_word' id='word_1_228' title='bbox 117 3564 237 3630; x_wconf 80' lang='grc' dir='ltr'>ρξας,</span> <span class='ocrx_word' id='word_1_229' title='bbox 279 3564 368 3616; x_wconf 87' lang='grc' dir='ltr'><strong>τοῦ</strong></span> <span class='ocrx_word' id='word_1_230' title='bbox 433 3565 753 3616; x_wconf 79' lang='grc' dir='ltr'>Ἐὁιωναίων</span> <span class='ocrx_word' id='word_1_231' title='bbox 804 3565 1090 3632; x_wconf 85' lang='grc' dir='ltr'>ὀνόματος,</span> <span class='ocrx_word' id='word_1_232' title='bbox 1130 3567 1227 3634; x_wconf 83' lang='grc' dir='ltr'>τὴν</span> <span class='ocrx_word' id='word_1_233' title='bbox 1270 3567 1367 3634; x_wconf 83' lang='grc' dir='ltr'>τῆς</span> <span class='ocrx_word' id='word_1_234' title='bbox 1413 3567 1642 3628; x_wconf 89' lang='grc' dir='ltr'>διανοίας</span> 
     </span>
    </p>
   </div>
   <div class='ocr_carea' id='block_1_37' title="bbox 117 3638 1644 3723">
    <p class='ocr_par' dir='ltr' id='par_1_37' title="bbox 117 3638 1644 3723">
     <span class='ocr_line' id='line_1_37' title="bbox 117 3638 1644 3723; baseline 0.002 -20"><span class='ocrx_word' id='word_1_235' title='bbox 117 3654 353 3722; x_wconf 78' lang='grc' dir='ltr'>πτωχείαν</span> <span class='ocrx_word' id='word_1_236' title='bbox 384 3653 491 3721; x_wconf 82' lang='grc'>(59)</span> <span class='ocrx_word' id='word_1_237' title='bbox 524 3651 700 3704; x_wconf 77' lang='grc' dir='ltr'>αὐτῶν</span> <span class='ocrx_word' id='word_1_238' title='bbox 731 3638 1129 3720; x_wconf 78' lang='grc' dir='ltr'>ὑποφαίνοντος.</span> <span class='ocrx_word' id='word_1_239' title='bbox 1164 3654 1343 3722; x_wconf 83' lang='grc' dir='ltr'>Ταύτῃ</span> <span class='ocrx_word' id='word_1_240' title='bbox 1379 3655 1485 3723; x_wconf 83' lang='grc' dir='ltr'><strong>γὰρ</strong></span> <span class='ocrx_word' id='word_1_241' title='bbox 1528 3657 1644 3706; x_wconf 80' lang='grc' dir='ltr'>ἐπί-</span> 
     </span>
    </p>
   </div>
   <div class='ocr_carea' id='block_1_38' title="bbox 116 3743 1359 3816">
    <p class='ocr_par' dir='ltr' id='par_1_38' title="bbox 116 3743 1359 3816">
     <span class='ocr_line' id='line_1_38' title="bbox 116 3743 1359 3816; baseline 0.002 -23"><span class='ocrx_word' id='word_1_242' title='bbox 116 3745 226 3813; x_wconf 87' lang='grc' dir='ltr'>κλην</span> <span class='ocrx_word' id='word_1_243' title='bbox 255 3746 280 3796; x_wconf 98' lang='lat'><strong>6</strong></span> <span class='ocrx_word' id='word_1_244' title='bbox 317 3745 524 3814; x_wconf 86' lang='grc' dir='ltr'>πτωχὸς</span> <span class='ocrx_word' id='word_1_245' title='bbox 553 3745 680 3813; x_wconf 87' lang='grc' dir='ltr'>παρ’</span> <span class='ocrx_word' id='word_1_246' title='bbox 728 3743 996 3816; x_wconf 78' lang='grc' dir='ltr'>Ἑϐραίοις</span> <span class='ocrx_word' id='word_1_247' title='bbox 1025 3744 1359 3812; x_wconf 75' lang='grc' dir='ltr'>ὀνομάζεται.</span> 
     </span>
    </p>
   </div>
   <div class='ocr_carea' id='block_1_39' title="bbox 585 3853 1145 3906">
    <p class='ocr_par' dir='ltr' id='par_1_39' title="bbox 585 3853 1145 3906">
     <span class='ocr_line' id='line_1_39' title="bbox 585 3853 1145 3906; baseline -0.002 0"><span class='ocrx_word' id='word_1_248' title='bbox 585 3853 976 3906; x_wconf 80' lang='grc' dir='ltr'><strong>ΚΕΦΑΛΑΙΟΝ</strong></span> <span class='ocrx_word' id='word_1_249' title='bbox 1012 3853 1145 3906; x_wconf 84' lang='grc' dir='ltr'><strong>ΚΗ’.</strong></span> 
     </span>
    </p>
   </div>
   <div class='ocr_carea' id='block_1_40' title="bbox 116 3942 1634 4015">
    <p class='ocr_par' dir='ltr' id='par_1_40' title="bbox 116 3942 1634 4015">
     <span class='ocr_line' id='line_1_40' title="bbox 116 3942 1634 4015; baseline 0.001 -17"><span class='ocrx_word' id='word_1_250' title='bbox 116 3946 645 4015; x_wconf 78' lang='grc' dir='ltr'>ΠερίΚηρίνθουτοῦ</span> <span class='ocrx_word' id='word_1_251' title='bbox 667 3942 1046 4014; x_wconf 73' lang='grc' dir='ltr'>αἰρεσιάρχου</span> <span class='ocrx_word' id='word_1_252' title='bbox 1074 3943 1210 4013; x_wconf 84' lang='lat' dir='ltr'><strong>(Nic.</strong></span> <span class='ocrx_word' id='word_1_253' title='bbox 1240 3942 1305 3996; x_wconf 86' lang='grc' dir='ltr'><strong>Η.</strong></span> <span class='ocrx_word' id='word_1_254' title='bbox 1427 3960 1504 4009; x_wconf 84' lang='lat' dir='ltr'><strong>ut,</strong></span> <span class='ocrx_word' id='word_1_255' title='bbox 1529 3944 1634 4013; x_wconf 77' lang='grc'><strong>14).</strong></span> 
     </span>
    </p>
   </div>
   <div class='ocr_carea' id='block_1_41' title="bbox 171 4034 1642 4106">
    <p class='ocr_par' dir='ltr' id='par_1_41' title="bbox 171 4034 1642 4106">
     <span class='ocr_line' id='line_1_41' title="bbox 171 4034 1642 4106; baseline -0.001 -17"><span class='ocrx_word' id='word_1_256' title='bbox 171 4038 311 4092; x_wconf 82' lang='grc' dir='ltr'>Κατά</span> <span class='ocrx_word' id='word_1_257' title='bbox 335 4038 458 4101; x_wconf 79' lang='grc' dir='ltr'>τοὺς</span> <span class='ocrx_word' id='word_1_258' title='bbox 483 4036 876 4106; x_wconf 84' lang='grc' dir='ltr'>δεδηλωμένους</span> <span class='ocrx_word' id='word_1_259' title='bbox 902 4035 1142 4106; x_wconf 85' lang='grc' dir='ltr'>χρόνους,</span> <span class='ocrx_word' id='word_1_260' title='bbox 1172 4034 1357 4104; x_wconf 79' lang='grc' dir='ltr'>ἐτέρας</span> <span class='ocrx_word' id='word_1_261' title='bbox 1386 4036 1642 4106; x_wconf 89' lang='grc' dir='ltr'>αἱρέσεως</span> 
     </span>
    </p>
   </div>
   <div class='ocr_carea' id='block_1_42' title="bbox 115 4108 1641 4197">
    <p class='ocr_par' dir='ltr' id='par_1_42' title="bbox 115 4108 1641 4197">
     <span class='ocr_line' id='line_1_42' title="bbox 115 4108 1641 4197; baseline 0.003 -23"><span class='ocrx_word' id='word_1_262' title='bbox 115 4124 323 4195; x_wconf 74' lang='grc' dir='ltr'>ἀρχηγὸν</span> <span class='ocrx_word' id='word_1_263' title='bbox 351 4126 599 4196; x_wconf 90' lang='grc' dir='ltr'>γενέσθαι</span> <span class='ocrx_word' id='word_1_264' title='bbox 632 4108 899 4197; x_wconf 85' lang='grc' dir='ltr'>Κήρινθον</span> <span class='ocrx_word' id='word_1_265' title='bbox 931 4125 1356 4197; x_wconf 85' lang='grc' dir='ltr'>παρειλήφαμεν.</span> <span class='ocrx_word' id='word_1_266' title='bbox 1390 4126 1564 4188; x_wconf 85' lang='grc' dir='ltr'>Γάϊος,</span> <span class='ocrx_word' id='word_1_267' title='bbox 1583 4121 1641 4178; x_wconf 79' lang='grc' dir='ltr'><strong>οῦ</strong></span> 
     </span>
    </p>
   </div>
   <div class='ocr_carea' id='block_1_43' title="bbox 116 4215 1643 4288">
    <p class='ocr_par' dir='ltr' id='par_1_43' title="bbox 116 4215 1643 4288">
     <span class='ocr_line' id='line_1_43' title="bbox 116 4215 1643 4288; baseline 0.003 -24"><span class='ocrx_word' id='word_1_268' title='bbox 116 4217 272 4279; x_wconf 66' lang='grc' dir='ltr'>φωνὰς</span> <span class='ocrx_word' id='word_1_269' title='bbox 290 4216 389 4288; x_wconf 69' lang='grc' dir='ltr'><strong>ἤδη</strong></span> <span class='ocrx_word' id='word_1_270' title='bbox 433 4217 691 4286; x_wconf 85' lang='grc' dir='ltr'>πρότερον</span> <span class='ocrx_word' id='word_1_271' title='bbox 726 4215 1141 4286; x_wconf 81' lang='grc' dir='ltr'>παρατέθειμαι,</span> <span class='ocrx_word' id='word_1_272' title='bbox 1173 4218 1230 4266; x_wconf 81' lang='grc' dir='ltr'>ἐν</span> <span class='ocrx_word' id='word_1_273' title='bbox 1272 4218 1336 4285; x_wconf 80' lang='grc' dir='ltr'>τῇ</span> <span class='ocrx_word' id='word_1_274' title='bbox 1373 4216 1643 4288; x_wconf 84' lang='grc' dir='ltr'>φερομένῃ</span> 
     </span>
    </p>
   </div>
   <div class='ocr_carea' id='block_1_44' title="bbox 115 4303 1642 4376">
    <p class='ocr_par' dir='ltr' id='par_1_44' title="bbox 115 4303 1642 4376">
     <span class='ocr_line' id='line_1_44' title="bbox 115 4303 1642 4376; baseline 0.004 -22"><span class='ocrx_word' id='word_1_275' title='bbox 115 4303 255 4356; x_wconf 79' lang='grc' dir='ltr'>αὑτοῦ</span> <span class='ocrx_word' id='word_1_276' title='bbox 276 4305 549 4373; x_wconf 69' lang='grc' dir='ltr'>Ζητήσρι,</span> <span class='ocrx_word' id='word_1_277' title='bbox 580 4305 748 4358; x_wconf 84' lang='grc' dir='ltr'>ταῦτα</span> <span class='ocrx_word' id='word_1_278' title='bbox 793 4307 920 4375; x_wconf 70' lang='grc' dir='ltr'>περὶ</span> <span class='ocrx_word' id='word_1_279' title='bbox 958 4304 1119 4356; x_wconf 85' lang='grc' dir='ltr'>αὐτοῦ</span> <span class='ocrx_word' id='word_1_280' title='bbox 1150 4305 1376 4376; x_wconf 85' lang='grc' dir='ltr'>γράφει·</span> <span class='ocrx_word' id='word_1_281' title='bbox 1419 4324 1437 4356; x_wconf 80' lang='lat' dir='ltr'><strong>t</strong></span> <span class='ocrx_word' id='word_1_282' title='bbox 1485 4307 1642 4360; x_wconf 86' lang='grc' dir='ltr'>Ἀλλά</span> 
     </span>
    </p>
   </div>
   <div class='ocr_carea' id='block_1_45' title="bbox 116 4397 1642 4475">
    <p class='ocr_par' dir='ltr' id='par_1_45' title="bbox 116 4397 1642 4475">
     <span class='ocr_line' id='line_1_45' title="bbox 116 4397 1642 4475; baseline 0.001 -27"><span class='ocrx_word' id='word_1_283' title='bbox 116 4400 193 4450; x_wconf 70' lang='grc' dir='ltr'><strong>καὶ</strong></span> <span class='ocrx_word' id='word_1_284' title='bbox 225 4402 481 4471; x_wconf 80' lang='grc' dir='ltr'>Κήρινθος</span> <span class='ocrx_word' id='word_1_285' title='bbox 516 4403 545 4454; x_wconf 88' lang='lat'><strong>6</strong></span> <span class='ocrx_word' id='word_1_286' title='bbox 590 4402 656 4454; x_wconf 76' lang='grc' dir='ltr'>δι’</span> <span class='ocrx_word' id='word_1_287' title='bbox 688 4401 1078 4475; x_wconf 76' lang='grc' dir='ltr'>ἀποκαλύψεων</span> <span class='ocrx_word' id='word_1_288' title='bbox 1108 4399 1182 4459; x_wconf 88' lang='grc' dir='ltr'><strong>ὡς</strong></span> <span class='ocrx_word' id='word_1_289' title='bbox 1213 4398 1316 4450; x_wconf 85' lang='grc' dir='ltr'><strong>ὑπὸ</strong></span> <span class='ocrx_word' id='word_1_290' title='bbox 1352 4397 1642 4452; x_wconf 78' lang='grc' dir='ltr'>ἀποστόλου</span> 
     </span>
    </p>
   </div>
   <div class='ocr_carea' id='block_1_46' title="bbox 1673 3176 1715 3232">
    <p class='ocr_par' dir='ltr' id='par_1_46' title="bbox 1673 3176 1715 3232">
     <span class='ocr_line' id='line_1_46' title="bbox 1673 3176 1715 3232; baseline 0 0"><span class='ocrx_word' id='word_1_291' title='bbox 1673 3176 1715 3232; x_wconf 92' lang='lat' dir='ltr'><strong>C</strong></span> 
     </span>
    </p>
   </div>
   <div class='ocr_carea' id='block_1_47' title="bbox 1762 552 3298 623">
    <p class='ocr_par' dir='ltr' id='par_1_47' title="bbox 1762 552 3298 623">
     <span class='ocr_line' id='line_1_47' title="bbox 1762 552 3298 623; baseline -0.001 -13"><span class='ocrx_word' id='word_1_292' title='bbox 1762 557 1878 610; x_wconf 87' lang='lat' dir='ltr'><strong>brio</strong></span> <span class='ocrx_word' id='word_1_293' title='bbox 1907 568 2178 623; x_wconf 81' lang='lat' dir='ltr'><strong>exponere</strong></span> <span class='ocrx_word' id='word_1_294' title='bbox 2205 555 2458 610; x_wconf 85' lang='lat' dir='ltr'><strong>omnibus</strong></span> <span class='ocrx_word' id='word_1_295' title='bbox 2496 555 2668 609; x_wconf 86' lang='lat' dir='ltr'><strong>modis</strong></span> <span class='ocrx_word' id='word_1_296' title='bbox 2702 552 3014 608; x_wconf 65' lang='lat' dir='ltr'><strong>conaretur.</strong></span> <span class='ocrx_word' id='word_1_297' title='bbox 3061 552 3166 607; x_wconf 85' lang='lat' dir='ltr'><strong>Sed</strong></span> <span class='ocrx_word' id='word_1_298' title='bbox 3211 555 3298 608; x_wconf 86' lang='lat' dir='ltr'><strong>isti</strong></span> 
     </span>
    </p>
   </div>
   <div class='ocr_carea' id='block_1_48' title="bbox 1759 641 3296 714">
    <p class='ocr_par' dir='ltr' id='par_1_48' title="bbox 1759 641 3296 714">
     <span class='ocr_line' id='line_1_48' title="bbox 1759 641 3296 714; baseline -0.002 -17"><span class='ocrx_word' id='word_1_299' title='bbox 1759 645 1971 713; x_wconf 81' lang='lat' dir='ltr'><strong>quidem</strong></span> <span class='ocrx_word' id='word_1_300' title='bbox 2002 643 2229 714; x_wconf 76' lang='lat' dir='ltr'><strong>89qui</strong></span> <span class='ocrx_word' id='word_1_301' title='bbox 2269 641 2535 709; x_wconf 87' lang='lat' dir='ltr'><strong>ejusmodi</strong></span> <span class='ocrx_word' id='word_1_302' title='bbox 2586 656 2891 697; x_wconf 70' lang='lat' dir='ltr'><strong>servatores</strong></span> <span class='ocrx_word' id='word_1_303' title='bbox 2937 641 3038 696; x_wconf 82' lang='lat' dir='ltr'><strong>sibi</strong></span> <span class='ocrx_word' id='word_1_304' title='bbox 3091 642 3296 697; x_wconf 83' lang='lat' dir='ltr'><strong>ascive-</strong></span> 
     </span>
    </p>
   </div>
   <div class='ocr_carea' id='block_1_49' title="bbox 1759 732 3013 802">
    <p class='ocr_par' dir='ltr' id='par_1_49' title="bbox 1759 732 3013 802">
     <span class='ocr_line' id='line_1_49' title="bbox 1759 732 3013 802; baseline -0.002 -16"><span class='ocrx_word' id='word_1_305' title='bbox 1759 743 1902 797; x_wconf 87' lang='lat' dir='ltr'><strong>rant,</strong></span> <span class='ocrx_word' id='word_1_306' title='bbox 1930 747 2025 800; x_wconf 86' lang='lat' dir='ltr'><strong>spe</strong></span> <span class='ocrx_word' id='word_1_307' title='bbox 2055 749 2198 788; x_wconf 80' lang='lat' dir='ltr'><strong>verae</strong></span> <span class='ocrx_word' id='word_1_308' title='bbox 2225 733 2414 788; x_wconf 86' lang='lat' dir='ltr'><strong>salutis</strong></span> <span class='ocrx_word' id='word_1_309' title='bbox 2443 732 2657 802; x_wconf 83' lang='lat' dir='ltr'><strong>penitus</strong></span> <span class='ocrx_word' id='word_1_310' title='bbox 2687 734 3013 788; x_wconf 77' lang='lat' dir='ltr'><strong>exciderunt.</strong></span> 
     </span>
    </p>
   </div>
   <div class='ocr_carea' id='block_1_50' title="bbox 2300 843 2770 900">
    <p class='ocr_par' dir='ltr' id='par_1_50' title="bbox 2300 843 2770 900">
     <span class='ocr_line' id='line_1_50' title="bbox 2300 843 2770 900; baseline -0.004 -1"><span class='ocrx_word' id='word_1_311' title='bbox 2300 844 2526 900; x_wconf 82' lang='lat' dir='ltr'><strong>CAPUT</strong></span> <span class='ocrx_word' id='word_1_312' title='bbox 2563 843 2770 898; x_wconf 74' lang='lat' dir='ltr'><strong>XXVII.</strong></span> 
     </span>
    </p>
   </div>
   <div class='ocr_carea' id='block_1_51' title="bbox 2173 935 2882 990">
    <p class='ocr_par' dir='ltr' id='par_1_51' title="bbox 2173 935 2882 990">
     <span class='ocr_line' id='line_1_51' title="bbox 2173 935 2882 990; baseline 0.001 -4"><span class='ocrx_word' id='word_1_313' title='bbox 2173 935 2244 987; x_wconf 83' lang='lat' dir='ltr'><strong>De</strong></span> <span class='ocrx_word' id='word_1_314' title='bbox 2274 935 2642 990; x_wconf 73' lang='lat' dir='ltr'><strong>Ebionreorum</strong></span> <span class='ocrx_word' id='word_1_315' title='bbox 2679 935 2882 989; x_wconf 64' lang='lat' dir='ltr'><strong>haeresi.</strong></span> 
     </span>
    </p>
   </div>
   <div class='ocr_carea' id='block_1_52' title="bbox 1825 1024 3296 1096">
    <p class='ocr_par' dir='ltr' id='par_1_52' title="bbox 1825 1024 3296 1096">
     <span class='ocr_line' id='line_1_52' title="bbox 1825 1024 3296 1096; baseline 0.001 -18"><span class='ocrx_word' id='word_1_316' title='bbox 1825 1024 1973 1079; x_wconf 82' lang='lat' dir='ltr'><strong>Alios</strong></span> <span class='ocrx_word' id='word_1_317' title='bbox 2003 1039 2130 1079; x_wconf 85' lang='lat' dir='ltr'><strong>vero</strong></span> <span class='ocrx_word' id='word_1_318' title='bbox 2163 1041 2298 1094; x_wconf 92' lang='lat' dir='ltr'><strong>quos</strong></span> <span class='ocrx_word' id='word_1_319' title='bbox 2342 1027 2410 1077; x_wconf 89' lang='lat' dir='ltr'><strong>ab</strong></span> <span class='ocrx_word' id='word_1_320' title='bbox 2432 1041 2615 1080; x_wconf 87' lang='lat' dir='ltr'><strong>amore</strong></span> <span class='ocrx_word' id='word_1_321' title='bbox 2639 1024 2836 1079; x_wconf 84' lang='lat' dir='ltr'><strong>Christi</strong></span> <span class='ocrx_word' id='word_1_322' title='bbox 2879 1025 3136 1096; x_wconf 88' lang='lat' dir='ltr'><strong>malignus</strong></span> <span class='ocrx_word' id='word_1_323' title='bbox 3192 1027 3296 1078; x_wconf 60' lang='lat' dir='ltr'><strong>dat-</strong></span> 
     </span>
    </p>
   </div>
   <div class='ocr_carea' id='block_1_53' title="bbox 1757 1115 3334 1185">
    <p class='ocr_par' dir='ltr' id='par_1_53' title="bbox 1757 1115 3334 1185">
     <span class='ocr_line' id='line_1_53' title="bbox 1757 1115 3334 1185; baseline 0.001 -18"><span class='ocrx_word' id='word_1_324' title='bbox 1757 1116 2178 1168; x_wconf 70' lang='lat' dir='ltr'><strong>mon‘dimovere</strong></span> <span class='ocrx_word' id='word_1_325' title='bbox 2207 1131 2312 1169; x_wconf 92' lang='lat' dir='ltr'><strong>non</strong></span> <span class='ocrx_word' id='word_1_326' title='bbox 2343 1124 2610 1182; x_wconf 87' lang='lat' dir='ltr'><strong>potuerat,</strong></span> <span class='ocrx_word' id='word_1_327' title='bbox 2647 1116 2752 1168; x_wconf 85' lang='lat' dir='ltr'><strong>alia</strong></span> <span class='ocrx_word' id='word_1_328' title='bbox 2786 1130 2850 1168; x_wconf 82' lang='lat' dir='ltr'><strong>ex</strong></span> <span class='ocrx_word' id='word_1_329' title='bbox 2877 1126 3022 1185; x_wconf 89' lang='lat' dir='ltr'><strong>parte</strong></span> <span class='ocrx_word' id='word_1_330' title='bbox 3059 1115 3296 1170; x_wconf 76' lang='lat' dir='ltr'><strong>inﬁrmos</strong></span> <span class='ocrx_word' id='word_1_331' title='bbox 3329 1119 3334 1124; x_wconf 69' lang='lat'><em>&#39;</em></span> 
     </span>
    </p>
   </div>
   <div class='ocr_carea' id='block_1_54' title="bbox 1755 1193 3294 1276">
    <p class='ocr_par' dir='ltr' id='par_1_54' title="bbox 1755 1193 3294 1276">
     <span class='ocr_line' id='line_1_54' title="bbox 1755 1193 3294 1276; baseline -0.001 -17"><span class='ocrx_word' id='word_1_332' title='bbox 1755 1220 1875 1259; x_wconf 88' lang='lat' dir='ltr'><strong>esse</strong></span> <span class='ocrx_word' id='word_1_333' title='bbox 1913 1205 2344 1276; x_wconf 83' lang='lat' dir='ltr'><strong>deprehendens,</strong></span> <span class='ocrx_word' id='word_1_334' title='bbox 2383 1206 2435 1256; x_wconf 93' lang='lat' dir='ltr'><strong>in</strong></span> <span class='ocrx_word' id='word_1_335' title='bbox 2489 1205 2742 1259; x_wconf 87' lang='lat' dir='ltr'><strong>ditionem</strong></span> <span class='ocrx_word' id='word_1_336' title='bbox 2777 1221 2927 1258; x_wconf 89' lang='lat' dir='ltr'><strong>suam</strong></span> <span class='ocrx_word' id='word_1_337' title='bbox 2963 1193 3180 1274; x_wconf 83' lang='lat' dir='ltr'><strong>redegit.</strong></span> <span class='ocrx_word' id='word_1_338' title='bbox 3234 1207 3294 1259; x_wconf 85' lang='lat' dir='ltr'><strong>Hi</strong></span> 
     </span>
    </p>
   </div>
   <div class='ocr_carea' id='block_1_55' title="bbox 1754 1297 3294 1369">
    <p class='ocr_par' dir='ltr' id='par_1_55' title="bbox 1754 1297 3294 1369">
     <span class='ocr_line' id='line_1_55' title="bbox 1754 1297 3294 1369; baseline 0.001 -17"><span class='ocrx_word' id='word_1_339' title='bbox 1754 1302 1820 1355; x_wconf 91' lang='lat' dir='ltr'><strong>ab</strong></span> <span class='ocrx_word' id='word_1_340' title='bbox 1848 1301 2085 1369; x_wconf 90' lang='lat' dir='ltr'><strong>antiquis</strong></span> <span class='ocrx_word' id='word_1_341' title='bbox 2121 1297 2486 1368; x_wconf 85' lang='lat' dir='ltr'><strong>cognominati</strong></span> <span class='ocrx_word' id='word_1_342' title='bbox 2514 1308 2636 1351; x_wconf 89' lang='lat' dir='ltr'><strong>sunt</strong></span> <span class='ocrx_word' id='word_1_343' title='bbox 2668 1298 2904 1351; x_wconf 76' lang='lat' dir='ltr'><strong>Ebionaei</strong></span> <span class='ocrx_word' id='word_1_344' title='bbox 2931 1337 2947 1360; x_wconf 92' lang='lat'><strong>,</strong></span> <span class='ocrx_word' id='word_1_345' title='bbox 2981 1299 3177 1366; x_wconf 87' lang='lat' dir='ltr'><strong>quippe</strong></span> <span class='ocrx_word' id='word_1_346' title='bbox 3207 1301 3294 1367; x_wconf 89' lang='lat' dir='ltr'><strong>qui</strong></span> 
     </span>
    </p>
   </div>
   <div class='ocr_carea' id='block_1_56' title="bbox 1754 1392 3296 1463">
    <p class='ocr_par' dir='ltr' id='par_1_56' title="bbox 1754 1392 3296 1463">
     <span class='ocr_line' id='line_1_56' title="bbox 1754 1392 3296 1463; baseline -0.005 -12"><span class='ocrx_word' id='word_1_347' title='bbox 1754 1397 2024 1450; x_wconf 84' lang='lat' dir='ltr'><strong>humiliter</strong></span> <span class='ocrx_word' id='word_1_348' title='bbox 2051 1394 2336 1447; x_wconf 78' lang='lat' dir='ltr'><strong>admodum</strong></span> <span class='ocrx_word' id='word_1_349' title='bbox 2363 1403 2522 1462; x_wconf 88' lang='lat' dir='ltr'><strong>atque</strong></span> <span class='ocrx_word' id='word_1_350' title='bbox 2551 1392 2763 1463; x_wconf 90' lang='lat' dir='ltr'><strong>abjecte</strong></span> <span class='ocrx_word' id='word_1_351' title='bbox 2792 1394 2859 1448; x_wconf 89' lang='lat' dir='ltr'><strong>de</strong></span> <span class='ocrx_word' id='word_1_352' title='bbox 2895 1393 3108 1448; x_wconf 90' lang='lat' dir='ltr'><strong>Christo</strong></span> <span class='ocrx_word' id='word_1_353' title='bbox 3135 1395 3296 1449; x_wconf 79' lang='lat' dir='ltr'><strong>senti-</strong></span> 
     </span>
    </p>
   </div>
   <div class='ocr_carea' id='block_1_57' title="bbox 1757 1484 3294 1554">
    <p class='ocr_par' dir='ltr' id='par_1_57' title="bbox 1757 1484 3294 1554">
     <span class='ocr_line' id='line_1_57' title="bbox 1757 1484 3294 1554; baseline -0.003 -13"><span class='ocrx_word' id='word_1_354' title='bbox 1757 1497 1892 1542; x_wconf 90' lang='lat' dir='ltr'><strong>rent.</strong></span> <span class='ocrx_word' id='word_1_355' title='bbox 1930 1488 2061 1541; x_wconf 86' lang='lat' dir='ltr'><strong>Eum</strong></span> <span class='ocrx_word' id='word_1_356' title='bbox 2088 1486 2232 1540; x_wconf 89' lang='lat' dir='ltr'><strong>enim</strong></span> <span class='ocrx_word' id='word_1_357' title='bbox 2267 1484 2563 1552; x_wconf 88' lang='lat' dir='ltr'><strong>simplicem</strong></span> <span class='ocrx_word' id='word_1_358' title='bbox 2589 1499 2652 1537; x_wconf 90' lang='lat' dir='ltr'><strong>ae</strong></span> <span class='ocrx_word' id='word_1_359' title='bbox 2681 1484 2980 1554; x_wconf 87' lang='lat' dir='ltr'><strong>vulgarem,</strong></span> <span class='ocrx_word' id='word_1_360' title='bbox 3015 1498 3114 1538; x_wconf 91' lang='lat' dir='ltr'><strong>nec</strong></span> <span class='ocrx_word' id='word_1_361' title='bbox 3151 1484 3294 1537; x_wconf 82' lang='lat' dir='ltr'><strong>aliud</strong></span> 
     </span>
    </p>
   </div>
   <div class='ocr_carea' id='block_1_58' title="bbox 1753 1573 3292 1645">
    <p class='ocr_par' dir='ltr' id='par_1_58' title="bbox 1753 1573 3292 1645">
     <span class='ocr_line' id='line_1_58' title="bbox 1753 1573 3292 1645; baseline -0.001 -17"><span class='ocrx_word' id='word_1_362' title='bbox 1753 1593 1912 1645; x_wconf 91' lang='lat' dir='ltr'><strong>quam</strong></span> <span class='ocrx_word' id='word_1_363' title='bbox 1936 1576 2206 1630; x_wconf 85' lang='lat' dir='ltr'><strong>hominem</strong></span> <span class='ocrx_word' id='word_1_364' title='bbox 2231 1588 2349 1628; x_wconf 89' lang='lat' dir='ltr'><strong>esse</strong></span> <span class='ocrx_word' id='word_1_365' title='bbox 2365 1573 2681 1635; x_wconf 88' lang='lat' dir='ltr'><strong>censebant,</strong></span> <span class='ocrx_word' id='word_1_366' title='bbox 2705 1574 2794 1641; x_wconf 90' lang='lat' dir='ltr'><strong>qui</strong></span> <span class='ocrx_word' id='word_1_367' title='bbox 2828 1573 3068 1643; x_wconf 78' lang='lat' dir='ltr'><strong>profectu</strong></span> <span class='ocrx_word' id='word_1_368' title='bbox 3119 1575 3292 1626; x_wconf 89' lang='lat' dir='ltr'><strong>virtu-</strong></span> 
     </span>
    </p>
   </div>
   <div class='ocr_carea' id='block_1_59' title="bbox 1753 1663 3297 1737">
    <p class='ocr_par' dir='ltr' id='par_1_59' title="bbox 1753 1663 3297 1737">
     <span class='ocr_line' id='line_1_59' title="bbox 1753 1663 3297 1737; baseline -0.004 -16"><span class='ocrx_word' id='word_1_369' title='bbox 1753 1671 1820 1722; x_wconf 87' lang='lat' dir='ltr'><strong>tis</strong></span> <span class='ocrx_word' id='word_1_370' title='bbox 1847 1670 2032 1737; x_wconf 89' lang='lat' dir='ltr'><strong>justus</strong></span> <span class='ocrx_word' id='word_1_371' title='bbox 2055 1667 2228 1722; x_wconf 80' lang='lat' dir='ltr'><strong>factus</strong></span> <span class='ocrx_word' id='word_1_372' title='bbox 2255 1665 2486 1730; x_wconf 78' lang='lat' dir='ltr'><strong>fuisset;</strong></span> <span class='ocrx_word' id='word_1_373' title='bbox 2523 1676 2777 1719; x_wconf 57' lang='lat' dir='ltr'><strong>caeterum</strong></span> <span class='ocrx_word' id='word_1_374' title='bbox 2816 1679 2879 1718; x_wconf 79' lang='lat' dir='ltr'><strong>ex</strong></span> <span class='ocrx_word' id='word_1_375' title='bbox 2907 1665 3007 1718; x_wconf 90' lang='lat' dir='ltr'><strong>viri</strong></span> <span class='ocrx_word' id='word_1_376' title='bbox 3037 1679 3158 1717; x_wconf 89' lang='lat' dir='ltr'><strong>cum</strong></span> <span class='ocrx_word' id='word_1_377' title='bbox 3191 1663 3297 1716; x_wconf 76' lang='lat' dir='ltr'><strong>Ma-</strong></span> 
     </span>
    </p>
   </div>
   <div class='ocr_carea' id='block_1_60' title="bbox 1753 1755 3379 1827">
    <p class='ocr_par' dir='ltr' id='par_1_60' title="bbox 1753 1755 3379 1827">
     <span class='ocr_line' id='line_1_60' title="bbox 1753 1755 3379 1827; baseline -0.002 -15"><span class='ocrx_word' id='word_1_378' title='bbox 1753 1761 1830 1812; x_wconf 87' lang='lat' dir='ltr'><strong>ria</strong></span> <span class='ocrx_word' id='word_1_379' title='bbox 1856 1759 2146 1814; x_wconf 87' lang='lat' dir='ltr'><strong>concubitu</strong></span> <span class='ocrx_word' id='word_1_380' title='bbox 2201 1767 2567 1827; x_wconf 88' lang='lat' dir='ltr'><strong>procreatum.</strong></span> <span class='ocrx_word' id='word_1_381' title='bbox 2605 1757 2775 1811; x_wconf 89' lang='lat' dir='ltr'><strong>Porro</strong></span> <span class='ocrx_word' id='word_1_382' title='bbox 2804 1755 2938 1825; x_wconf 91' lang='lat' dir='ltr'><strong>legis</strong></span> <span class='ocrx_word' id='word_1_383' title='bbox 2961 1757 3291 1811; x_wconf 88' lang='lat' dir='ltr'><strong>observatio-</strong></span> <span class='ocrx_word' id='word_1_384' title='bbox 3376 1815 3379 1819; x_wconf 91' lang='lat'>_</span> 
     </span>
    </p>
   </div>
   <div class='ocr_carea' id='block_1_61' title="bbox 132 1831 1649 1925">
    <p class='ocr_par' dir='ltr' id='par_1_61' title="bbox 132 1838 1649 1909">
     <span class='ocr_line' id='line_1_61' title="bbox 132 1838 1649 1909; baseline 0 -19"><span class='ocrx_word' id='word_1_385' title='bbox 132 1839 271 1908; x_wconf 85' lang='grc' dir='ltr'>μόνης</span> <span class='ocrx_word' id='word_1_386' title='bbox 313 1840 406 1907; x_wconf 84' lang='grc' dir='ltr'>τῆς</span> <span class='ocrx_word' id='word_1_387' title='bbox 455 1840 536 1900; x_wconf 87' lang='grc' dir='ltr'>εἰς</span> <span class='ocrx_word' id='word_1_388' title='bbox 581 1838 671 1891; x_wconf 70' lang='grc' dir='ltr'>τὸν</span> <span class='ocrx_word' id='word_1_389' title='bbox 713 1840 942 1909; x_wconf 85' lang='grc' dir='ltr'>Χριστὸν</span> <span class='ocrx_word' id='word_1_390' title='bbox 976 1840 1208 1902; x_wconf 86' lang='grc' dir='ltr'>πίστεως</span> <span class='ocrx_word' id='word_1_391' title='bbox 1256 1839 1348 1891; x_wconf 80' lang='grc' dir='ltr'><strong>καὶ</strong></span> <span class='ocrx_word' id='word_1_392' title='bbox 1394 1839 1485 1891; x_wconf 88' lang='grc' dir='ltr'>τοῦ</span> <span class='ocrx_word' id='word_1_393' title='bbox 1533 1841 1649 1892; x_wconf 80' lang='grc' dir='ltr'>κατ’</span> 
     </span>
    </p>
   </div>
   <div class='ocr_carea' id='block_1_62' title="bbox 1750 1831 3396 1925">
    <p class='ocr_par' dir='ltr' id='par_1_62' title="bbox 1751 1834 3396 1925">
     <span class='ocr_line' id='line_1_62' title="bbox 1751 1834 3396 1925; baseline -0.002 -22"><span class='ocrx_word' id='word_1_394' title='bbox 1751 1867 1869 1905; x_wconf 91' lang='lat' dir='ltr'><strong>nem</strong></span> <span class='ocrx_word' id='word_1_395' title='bbox 1892 1851 1995 1906; x_wconf 91' lang='lat' dir='ltr'><strong>sibi</strong></span> <span class='ocrx_word' id='word_1_396' title='bbox 2019 1849 2238 1904; x_wconf 90' lang='lat' dir='ltr'><strong>omnino</strong></span> <span class='ocrx_word' id='word_1_397' title='bbox 2272 1849 2636 1902; x_wconf 80' lang='lat' dir='ltr'><strong>necessariam</strong></span> <span class='ocrx_word' id='word_1_398' title='bbox 2690 1847 2979 1925; x_wconf 79' lang='lat' dir='ltr'><strong>ducebant,</strong></span> <span class='ocrx_word' id='word_1_399' title='bbox 3022 1847 3172 1915; x_wconf 85' lang='lat' dir='ltr'><strong>quasi</strong></span> <span class='ocrx_word' id='word_1_400' title='bbox 3202 1861 3294 1916; x_wconf 88' lang='lat' dir='ltr'><strong>per</strong></span> <span class='ocrx_word' id='word_1_401' title='bbox 3390 1834 3396 1840; x_wconf 69' lang='grc'><em>’</em></span> 
     </span>
    </p>
   </div>
   <div class='ocr_carea' id='block_1_63' title="bbox 1748 1938 3292 2006">
    <p class='ocr_par' dir='ltr' id='par_1_63' title="bbox 1748 1938 3292 2006">
     <span class='ocr_line' id='line_1_63' title="bbox 1748 1938 3292 2006; baseline -0.003 -11"><span class='ocrx_word' id='word_1_402' title='bbox 1748 1941 1914 1995; x_wconf 84' lang='lat' dir='ltr'><strong>solam</strong></span> <span class='ocrx_word' id='word_1_403' title='bbox 1943 1941 1997 1994; x_wconf 89' lang='lat' dir='ltr'><strong>in</strong></span> <span class='ocrx_word' id='word_1_404' title='bbox 2026 1939 2299 1993; x_wconf 87' lang='lat' dir='ltr'><strong>Christum</strong></span> <span class='ocrx_word' id='word_1_405' title='bbox 2333 1940 2512 2003; x_wconf 79' lang='lat' dir='ltr'><strong>ﬁdem,</strong></span> <span class='ocrx_word' id='word_1_406' title='bbox 2558 1939 2830 2006; x_wconf 84' lang='lat' dir='ltr'><strong>vitamque</strong></span> <span class='ocrx_word' id='word_1_407' title='bbox 2857 1953 2924 1992; x_wconf 79' lang='lat' dir='ltr'><strong>ex</strong></span> <span class='ocrx_word' id='word_1_408' title='bbox 2957 1953 3018 1992; x_wconf 90' lang='lat' dir='ltr'><strong>ea</strong></span> <span class='ocrx_word' id='word_1_409' title='bbox 3055 1938 3156 1992; x_wconf 85' lang='lat' dir='ltr'><strong>tide</strong></span> <span class='ocrx_word' id='word_1_410' title='bbox 3186 1946 3292 1991; x_wconf 83' lang='lat' dir='ltr'><strong>tra—</strong></span> 
     </span>
    </p>
   </div>
   <div class='ocr_carea' id='block_1_64' title="bbox 1748 2028 3292 2106">
    <p class='ocr_par' dir='ltr' id='par_1_64' title="bbox 1748 2028 3292 2106">
     <span class='ocr_line' id='line_1_64' title="bbox 1748 2028 3292 2106; baseline -0.002 -21"><span class='ocrx_word' id='word_1_411' title='bbox 1748 2033 1984 2095; x_wconf 85' lang='lat' dir='ltr'><strong>ductam,</strong></span> <span class='ocrx_word' id='word_1_412' title='bbox 2007 2029 2232 2084; x_wconf 90' lang='lat' dir='ltr'><strong>salutem</strong></span> <span class='ocrx_word' id='word_1_413' title='bbox 2259 2029 2513 2097; x_wconf 88' lang='lat' dir='ltr'><strong>consequi</strong></span> <span class='ocrx_word' id='word_1_414' title='bbox 2543 2043 2646 2106; x_wconf 86' lang='lat' dir='ltr'><strong>uo_n</strong></span> <span class='ocrx_word' id='word_1_415' title='bbox 2682 2028 2938 2083; x_wconf 85' lang='lat' dir='ltr'><strong>valerent.</strong></span> <span class='ocrx_word' id='word_1_416' title='bbox 2960 2029 3062 2083; x_wconf 84' lang='lat' dir='ltr'><strong>Alii</strong></span> <span class='ocrx_word' id='word_1_417' title='bbox 3095 2029 3162 2082; x_wconf 88' lang='lat' dir='ltr'><strong>ab</strong></span> <span class='ocrx_word' id='word_1_418' title='bbox 3187 2029 3292 2092; x_wconf 86' lang='lat' dir='ltr'><strong>his,</strong></span> 
     </span>
    </p>
   </div>
   <div class='ocr_carea' id='block_1_65' title="bbox 1747 2105 3292 2189">
    <p class='ocr_par' dir='ltr' id='par_1_65' title="bbox 1747 2105 3292 2189">
     <span class='ocr_line' id='line_1_65' title="bbox 1747 2105 3292 2189; baseline -0.001 -13"><span class='ocrx_word' id='word_1_419' title='bbox 1747 2125 1933 2178; x_wconf 90' lang='lat' dir='ltr'><strong>eodem</strong></span> <span class='ocrx_word' id='word_1_420' title='bbox 1962 2121 2176 2176; x_wconf 91' lang='lat' dir='ltr'><strong>nomine</strong></span> <span class='ocrx_word' id='word_1_421' title='bbox 2199 2145 2202 2148; x_wconf 55' lang='grc' dir='ltr'><strong>ί</strong></span> <span class='ocrx_word' id='word_1_422' title='bbox 2224 2105 2555 2188; x_wconf 72' lang='lat' dir='ltr'><strong>nuncupati,</strong></span> <span class='ocrx_word' id='word_1_423' title='bbox 2580 2105 2864 2174; x_wconf 82' lang='lat' dir='ltr'><strong>absurdam</strong></span> <span class='ocrx_word' id='word_1_424' title='bbox 2891 2125 3129 2189; x_wconf 88' lang='lat' dir='ltr'><strong>priorum</strong></span> <span class='ocrx_word' id='word_1_425' title='bbox 3164 2136 3292 2174; x_wconf 88' lang='lat' dir='ltr'><strong>sen-</strong></span> 
     </span>
    </p>
   </div>
   <div class='ocr_carea' id='block_1_66' title="bbox 1749 2198 3289 2288">
    <p class='ocr_par' dir='ltr' id='par_1_66' title="bbox 1749 2198 3289 2288">
     <span class='ocr_line' id='line_1_66' title="bbox 1749 2198 3289 2288; baseline -0.002 -19"><span class='ocrx_word' id='word_1_426' title='bbox 1749 2198 1970 2269; x_wconf 85' lang='lat' dir='ltr'><strong>tentiam</strong></span> <span class='ocrx_word' id='word_1_427' title='bbox 2004 2211 2348 2280; x_wconf 79' lang='lat' dir='ltr'><strong>refugientes,</strong></span> <span class='ocrx_word' id='word_1_428' title='bbox 2374 2211 2645 2267; x_wconf 87' lang='lat' dir='ltr'><strong>Christum</strong></span> <span class='ocrx_word' id='word_1_429' title='bbox 2676 2212 2892 2282; x_wconf 83' lang='lat' dir='ltr'><strong>quidem</strong></span> <span class='ocrx_word' id='word_1_430' title='bbox 2918 2225 2983 2288; x_wconf 65' lang='lat' dir='ltr'><strong>es</strong></span> <span class='ocrx_word' id='word_1_431' title='bbox 3027 2209 3248 2280; x_wconf 76' lang='lat' dir='ltr'><strong>Virgine</strong></span> <span class='ocrx_word' id='word_1_432' title='bbox 3271 2250 3289 2276; x_wconf 89' lang='lat'><strong>,</strong></span> 
     </span>
    </p>
   </div>
   <div class='ocr_carea' id='block_1_67' title="bbox 1721 2303 3289 2373">
    <p class='ocr_par' dir='ltr' id='par_1_67' title="bbox 1721 2303 3289 2373">
     <span class='ocr_line' id='line_1_67' title="bbox 1721 2303 3289 2373; baseline -0.004 -11"><span class='ocrx_word' id='word_1_433' title='bbox 1721 2318 1799 2362; x_wconf 84' lang='lat' dir='ltr'><strong>.ct</strong></span> <span class='ocrx_word' id='word_1_434' title='bbox 1821 2322 1884 2359; x_wconf 83' lang='lat' dir='ltr'><strong>ex</strong></span> <span class='ocrx_word' id='word_1_435' title='bbox 1915 2304 2114 2373; x_wconf 83' lang='lat' dir='ltr'><strong>Spiritu</strong></span> <span class='ocrx_word' id='word_1_436' title='bbox 2142 2313 2326 2357; x_wconf 89' lang='lat' dir='ltr'><strong>sancto</strong></span> <span class='ocrx_word' id='word_1_437' title='bbox 2359 2303 2596 2372; x_wconf 88' lang='lat' dir='ltr'><strong>genitum</strong></span> <span class='ocrx_word' id='word_1_438' title='bbox 2651 2318 2769 2357; x_wconf 87' lang='lat' dir='ltr'><strong>esse</strong></span> <span class='ocrx_word' id='word_1_439' title='bbox 2799 2316 2904 2356; x_wconf 89' lang='lat' dir='ltr'><strong>non</strong></span> <span class='ocrx_word' id='word_1_440' title='bbox 2937 2308 3163 2371; x_wconf 83' lang='lat' dir='ltr'><strong>negant:</strong></span> <span class='ocrx_word' id='word_1_441' title='bbox 3197 2303 3289 2356; x_wconf 81' lang='lat' dir='ltr'><strong>sed</strong></span> 
     </span>
    </p>
   </div>
   <div class='ocr_carea' id='block_1_68' title="bbox 1748 2390 3290 2463">
    <p class='ocr_par' dir='ltr' id='par_1_68' title="bbox 1748 2390 3290 2463">
     <span class='ocr_line' id='line_1_68' title="bbox 1748 2390 3290 2463; baseline -0.005 -13"><span class='ocrx_word' id='word_1_442' title='bbox 1748 2397 1909 2450; x_wconf 91' lang='lat' dir='ltr'><strong>iidem</strong></span> <span class='ocrx_word' id='word_1_443' title='bbox 1936 2395 2284 2449; x_wconf 84' lang='lat' dir='ltr'><strong>nihilominus</strong></span> <span class='ocrx_word' id='word_1_444' title='bbox 2311 2409 2432 2446; x_wconf 91' lang='lat' dir='ltr'><strong>cum</strong></span> <span class='ocrx_word' id='word_1_445' title='bbox 2460 2393 2730 2448; x_wconf 85' lang='lat' dir='ltr'><strong>Christum</strong></span> <span class='ocrx_word' id='word_1_446' title='bbox 2759 2401 2940 2463; x_wconf 90' lang='lat' dir='ltr'><strong>utpote</strong></span> <span class='ocrx_word' id='word_1_447' title='bbox 2969 2392 3130 2446; x_wconf 87' lang='lat' dir='ltr'><strong>Deum</strong></span> <span class='ocrx_word' id='word_1_448' title='bbox 3157 2390 3290 2447; x_wconf 80' lang='lat' dir='ltr'><strong>Ver-</strong></span> 
     </span>
    </p>
   </div>
   <div class='ocr_carea' id='block_1_69' title="bbox 1748 2481 3290 2555">
    <p class='ocr_par' dir='ltr' id='par_1_69' title="bbox 1748 2481 3290 2555">
     <span class='ocr_line' id='line_1_69' title="bbox 1748 2481 3290 2555; baseline -0.003 -14"><span class='ocrx_word' id='word_1_449' title='bbox 1748 2487 1870 2541; x_wconf 85' lang='lat' dir='ltr'><strong>bum</strong></span> <span class='ocrx_word' id='word_1_450' title='bbox 1909 2501 1971 2540; x_wconf 88' lang='lat' dir='ltr'><strong>ae</strong></span> <span class='ocrx_word' id='word_1_451' title='bbox 1994 2484 2324 2555; x_wconf 83' lang='lat' dir='ltr'><strong>Sapientiam</strong></span> <span class='ocrx_word' id='word_1_452' title='bbox 2349 2486 2532 2540; x_wconf 84' lang='lat' dir='ltr'><strong>Patris</strong></span> <span class='ocrx_word' id='word_1_453' title='bbox 2579 2492 2707 2538; x_wconf 87' lang='lat' dir='ltr'><strong>ante</strong></span> <span class='ocrx_word' id='word_1_454' title='bbox 2756 2484 2936 2538; x_wconf 74' lang='lat' dir='ltr'><strong>omnia</strong></span> <span class='ocrx_word' id='word_1_455' title='bbox 2986 2481 3290 2538; x_wconf 87' lang='lat' dir='ltr'><strong>substitisse</strong></span> 
     </span>
    </p>
   </div>
   <div class='ocr_carea' id='block_1_70' title="bbox 1747 2574 3288 2643">
    <p class='ocr_par' dir='ltr' id='par_1_70' title="bbox 1747 2574 3288 2643">
     <span class='ocr_line' id='line_1_70' title="bbox 1747 2574 3288 2643; baseline -0.001 -13"><span class='ocrx_word' id='word_1_456' title='bbox 1747 2577 1966 2630; x_wconf 90' lang='lat' dir='ltr'><strong>minime</strong></span> <span class='ocrx_word' id='word_1_457' title='bbox 1994 2576 2281 2640; x_wconf 82' lang='lat' dir='ltr'><strong>fateantur,</strong></span> <span class='ocrx_word' id='word_1_458' title='bbox 2305 2577 2357 2630; x_wconf 91' lang='lat' dir='ltr'><strong>in</strong></span> <span class='ocrx_word' id='word_1_459' title='bbox 2381 2577 2622 2632; x_wconf 85' lang='lat' dir='ltr'><strong>eamdem</strong></span> <span class='ocrx_word' id='word_1_460' title='bbox 2652 2590 2772 2630; x_wconf 90' lang='lat' dir='ltr'><strong>cum</strong></span> <span class='ocrx_word' id='word_1_461' title='bbox 2803 2575 3069 2643; x_wconf 88' lang='lat' dir='ltr'><strong>prioribus</strong></span> <span class='ocrx_word' id='word_1_462' title='bbox 3101 2574 3288 2642; x_wconf 85' lang='lat' dir='ltr'><strong>impie-</strong></span> 
     </span>
    </p>
   </div>
   <div class='ocr_carea' id='block_1_71' title="bbox 1749 2655 3290 2738">
    <p class='ocr_par' dir='ltr' id='par_1_71' title="bbox 1749 2655 3290 2738">
     <span class='ocr_line' id='line_1_71' title="bbox 1749 2655 3290 2738; baseline -0.001 -17"><span class='ocrx_word' id='word_1_463' title='bbox 1749 2658 1911 2722; x_wconf 88' lang='lat' dir='ltr'><strong>tatem</strong></span> <span class='ocrx_word' id='word_1_464' title='bbox 1941 2668 2142 2738; x_wconf 87' lang='lat' dir='ltr'><strong>delapsi</strong></span> <span class='ocrx_word' id='word_1_465' title='bbox 2174 2676 2297 2723; x_wconf 89' lang='lat' dir='ltr'><strong>sunt</strong></span> <span class='ocrx_word' id='word_1_466' title='bbox 2331 2687 2346 2725; x_wconf 86' lang='lat'><strong>:</strong></span> <span class='ocrx_word' id='word_1_467' title='bbox 2383 2681 2503 2721; x_wconf 90' lang='lat' dir='ltr'><strong>cum</strong></span> <span class='ocrx_word' id='word_1_468' title='bbox 2533 2667 2828 2735; x_wconf 65' lang='lat' dir='ltr'><strong>praesertim</strong></span> <span class='ocrx_word' id='word_1_469' title='bbox 2857 2655 3167 2735; x_wconf 80' lang='lat' dir='ltr'><strong>corporales</strong></span> <span class='ocrx_word' id='word_1_470' title='bbox 3212 2665 3290 2720; x_wconf 88' lang='lat' dir='ltr'><strong>le-</strong></span> 
     </span>
    </p>
   </div>
   <div class='ocr_carea' id='block_1_72' title="bbox 1747 2758 3291 2831">
    <p class='ocr_par' dir='ltr' id='par_1_72' title="bbox 1747 2758 3291 2831">
     <span class='ocr_line' id='line_1_72' title="bbox 1747 2758 3291 2831; baseline -0.003 -19"><span class='ocrx_word' id='word_1_471' title='bbox 1747 2761 1827 2831; x_wconf 90' lang='lat' dir='ltr'><strong>gis</strong></span> <span class='ocrx_word' id='word_1_472' title='bbox 1854 2759 2097 2814; x_wconf 63' lang='lat' dir='ltr'><strong>Mosaicae</strong></span> <span class='ocrx_word' id='word_1_473' title='bbox 2141 2760 2514 2827; x_wconf 83' lang='lat' dir='ltr'><strong>caeremonias,</strong></span> <span class='ocrx_word' id='word_1_474' title='bbox 2551 2758 2773 2828; x_wconf 87' lang='lat' dir='ltr'><strong>p&#39;erinde</strong></span> <span class='ocrx_word' id='word_1_475' title='bbox 2816 2773 2879 2812; x_wconf 88' lang='lat' dir='ltr'><strong>ac</strong></span> <span class='ocrx_word' id='word_1_476' title='bbox 2932 2759 3005 2812; x_wconf 93' lang='lat' dir='ltr'><strong>illi</strong></span> <span class='ocrx_word' id='word_1_477' title='bbox 3045 2765 3291 2812; x_wconf 84' lang='lat' dir='ltr'><strong>accurate</strong></span> 
     </span>
    </p>
   </div>
   <div class='ocr_carea' id='block_1_73' title="bbox 1748 2848 3292 2919">
    <p class='ocr_par' dir='ltr' id='par_1_73' title="bbox 1748 2848 3292 2919">
     <span class='ocr_line' id='line_1_73' title="bbox 1748 2848 3292 2919; baseline -0.001 -15"><span class='ocrx_word' id='word_1_478' title='bbox 1748 2852 2072 2905; x_wconf 87' lang='lat' dir='ltr'><strong>custodiant.</strong></span> <span class='ocrx_word' id='word_1_479' title='bbox 2129 2849 2194 2903; x_wconf 84' lang='lat' dir='ltr'><strong>Hi</strong></span> <span class='ocrx_word' id='word_1_480' title='bbox 2257 2848 2523 2918; x_wconf 84' lang='lat' dir='ltr'><strong>Epistolas</strong></span> <span class='ocrx_word' id='word_1_481' title='bbox 2581 2853 2793 2919; x_wconf 84' lang='lat' dir='ltr'><strong>quidem</strong></span> <span class='ocrx_word' id='word_1_482' title='bbox 2858 2851 3005 2905; x_wconf 82' lang='lat' dir='ltr'><strong>Pauli</strong></span> <span class='ocrx_word' id='word_1_483' title='bbox 3071 2865 3292 2919; x_wconf 89' lang='lat' dir='ltr'><strong>prorsus</strong></span> 
     </span>
    </p>
   </div>
   <div class='ocr_carea' id='block_1_74' title="bbox 1749 2941 3291 3010">
    <p class='ocr_par' dir='ltr' id='par_1_74' title="bbox 1749 2941 3291 3010">
     <span class='ocr_line' id='line_1_74' title="bbox 1749 2941 3291 3010; baseline -0.001 -14"><span class='ocrx_word' id='word_1_484' title='bbox 1749 2943 2069 3010; x_wconf 86' lang='lat' dir='ltr'><strong>rejiciendas</strong></span> <span class='ocrx_word' id='word_1_485' title='bbox 2099 2958 2218 2998; x_wconf 88' lang='lat' dir='ltr'><strong>esse</strong></span> <span class='ocrx_word' id='word_1_486' title='bbox 2252 2944 2571 3007; x_wconf 83' lang='lat' dir='ltr'><strong>censebant,</strong></span> <span class='ocrx_word' id='word_1_487' title='bbox 2605 2945 2930 2997; x_wconf 85' lang='lat' dir='ltr'><strong>desertorem</strong></span> <span class='ocrx_word' id='word_1_488' title='bbox 2968 2941 3115 2999; x_wconf 87' lang='lat' dir='ltr'><strong>illum</strong></span> <span class='ocrx_word' id='word_1_489' title='bbox 3161 2941 3291 3008; x_wconf 80' lang='lat' dir='ltr'><strong>legis</strong></span> 
     </span>
    </p>
   </div>
   <div class='ocr_carea' id='block_1_75' title="bbox 1747 3033 3291 3103">
    <p class='ocr_par' dir='ltr' id='par_1_75' title="bbox 1747 3033 3291 3103">
     <span class='ocr_line' id='line_1_75' title="bbox 1747 3033 3291 3103; baseline -0.001 -17"><span class='ocrx_word' id='word_1_490' title='bbox 1747 3044 1997 3089; x_wconf 86' lang='lat' dir='ltr'><strong>vocantes</strong></span> <span class='ocrx_word' id='word_1_491' title='bbox 2032 3035 2232 3089; x_wconf 91' lang='lat' dir='ltr'><strong>:solum</strong></span> <span class='ocrx_word' id='word_1_492' title='bbox 2261 3046 2438 3090; x_wconf 89' lang='lat' dir='ltr'><strong>autem</strong></span> <span class='ocrx_word' id='word_1_493' title='bbox 2468 3034 2809 3103; x_wconf 76' lang='lat' dir='ltr'><strong>Evangelium</strong></span> <span class='ocrx_word' id='word_1_494' title='bbox 2839 3033 2998 3096; x_wconf 87' lang='lat' dir='ltr'><strong>illud,</strong></span> <span class='ocrx_word' id='word_1_495' title='bbox 3044 3033 3183 3100; x_wconf 89' lang='lat' dir='ltr'><strong>quod</strong></span> <span class='ocrx_word' id='word_1_496' title='bbox 3213 3037 3291 3084; x_wconf 74' lang='lat' dir='ltr'><strong>se-</strong></span> 
     </span>
    </p>
   </div>
   <div class='ocr_carea' id='block_1_76' title="bbox 1748 3122 3288 3192">
    <p class='ocr_par' dir='ltr' id='par_1_76' title="bbox 1748 3122 3288 3192">
     <span class='ocr_line' id='line_1_76' title="bbox 1748 3122 3288 3192; baseline -0.003 -14"><span class='ocrx_word' id='word_1_497' title='bbox 1748 3131 1975 3179; x_wconf 81' lang='lat' dir='ltr'><strong>cundum</strong></span> <span class='ocrx_word' id='word_1_498' title='bbox 2007 3125 2253 3180; x_wconf 67' lang='lat' dir='ltr'><strong>Hebraeos</strong></span> <span class='ocrx_word' id='word_1_499' title='bbox 2291 3127 2510 3191; x_wconf 91' lang='lat' dir='ltr'><strong>dicitur,</strong></span> <span class='ocrx_word' id='word_1_500' title='bbox 2549 3124 2779 3192; x_wconf 80' lang='lat' dir='ltr'><strong>amplexi</strong></span> <span class='ocrx_word' id='word_1_501' title='bbox 2806 3165 2821 3182; x_wconf 87' lang='lat'><strong>,</strong></span> <span class='ocrx_word' id='word_1_502' title='bbox 2885 3124 3086 3190; x_wconf 89' lang='lat' dir='ltr'><strong>reliqua</strong></span> <span class='ocrx_word' id='word_1_503' title='bbox 3141 3122 3288 3191; x_wconf 83' lang='lat' dir='ltr'><strong>parvi</strong></span> 
     </span>
    </p>
   </div>
   <div class='ocr_carea' id='block_1_77' title="bbox 1750 3211 3290 3286">
    <p class='ocr_par' dir='ltr' id='par_1_77' title="bbox 1750 3211 3290 3286">
     <span class='ocr_line' id='line_1_77' title="bbox 1750 3211 3290 3286; baseline -0.005 -14"><span class='ocrx_word' id='word_1_504' title='bbox 1750 3218 2042 3274; x_wconf 78' lang='lat' dir='ltr'><strong>faciebant.</strong></span> <span class='ocrx_word' id='word_1_505' title='bbox 2078 3218 2141 3271; x_wconf 85' lang='lat' dir='ltr'><strong>Et</strong></span> <span class='ocrx_word' id='word_1_506' title='bbox 2164 3217 2456 3272; x_wconf 87' lang='lat' dir='ltr'><strong>Sabbatum</strong></span> <span class='ocrx_word' id='word_1_507' title='bbox 2488 3219 2700 3286; x_wconf 88' lang='lat' dir='ltr'><strong>quidem</strong></span> <span class='ocrx_word' id='word_1_508' title='bbox 2759 3216 2999 3282; x_wconf 86' lang='lat' dir='ltr'><strong>aliosque</strong></span> <span class='ocrx_word' id='word_1_509' title='bbox 3042 3211 3290 3267; x_wconf 72' lang='lat' dir='ltr'><strong>Iudaicos</strong></span> 
     </span>
    </p>
   </div>
   <div class='ocr_carea' id='block_1_78' title="bbox 1751 3302 3291 3366">
    <p class='ocr_par' dir='ltr' id='par_1_78' title="bbox 1751 3302 3291 3366">
     <span class='ocr_line' id='line_1_78' title="bbox 1751 3302 3291 3366; baseline -0.005 -3"><span class='ocrx_word' id='word_1_510' title='bbox 1751 3311 1883 3363; x_wconf 90' lang='lat' dir='ltr'><strong>ritus</strong></span> <span class='ocrx_word' id='word_1_511' title='bbox 1904 3325 2009 3364; x_wconf 91' lang='lat' dir='ltr'><strong>non</strong></span> <span class='ocrx_word' id='word_1_512' title='bbox 2043 3323 2200 3362; x_wconf 88' lang='lat' dir='ltr'><strong>secus</strong></span> <span class='ocrx_word' id='word_1_513' title='bbox 2221 3323 2283 3362; x_wconf 89' lang='lat' dir='ltr'><strong>ac</strong></span> <span class='ocrx_word' id='word_1_514' title='bbox 2309 3307 2475 3362; x_wconf 67' lang='lat' dir='ltr'><strong>Judaei</strong></span> <span class='ocrx_word' id='word_1_515' title='bbox 2504 3308 2884 3366; x_wconf 81' lang='lat' dir='ltr'><strong>observabant.</strong></span> <span class='ocrx_word' id='word_1_516' title='bbox 2945 3302 3138 3357; x_wconf 89' lang='lat' dir='ltr'><strong>Diebus</strong></span> <span class='ocrx_word' id='word_1_517' title='bbox 3163 3315 3291 3356; x_wconf 88' lang='lat' dir='ltr'><strong>vero</strong></span> 
     </span>
    </p>
   </div>
   <div class='ocr_carea' id='block_1_79' title="bbox 1752 3397 3284 3467">
    <p class='ocr_par' dir='ltr' id='par_1_79' title="bbox 1752 3397 3284 3467">
     <span class='ocr_line' id='line_1_79' title="bbox 1752 3397 3284 3467; baseline -0.006 -13"><span class='ocrx_word' id='word_1_518' title='bbox 1752 3400 2037 3456; x_wconf 91' lang='lat' dir='ltr'><strong>Dominicis</strong></span> <span class='ocrx_word' id='word_1_519' title='bbox 2073 3400 2258 3453; x_wconf 87' lang='lat' dir='ltr'><strong>eadem</strong></span> <span class='ocrx_word' id='word_1_520' title='bbox 2292 3413 2410 3467; x_wconf 69' lang='lat' dir='ltr'><strong>quae</strong></span> <span class='ocrx_word' id='word_1_521' title='bbox 2441 3414 2541 3452; x_wconf 90' lang='lat' dir='ltr'><strong>nos</strong></span> <span class='ocrx_word' id='word_1_522' title='bbox 2588 3399 2642 3452; x_wconf 91' lang='lat' dir='ltr'><strong>in</strong></span> <span class='ocrx_word' id='word_1_523' title='bbox 2679 3397 2987 3451; x_wconf 86' lang='lat' dir='ltr'><strong>memoriam</strong></span> <span class='ocrx_word' id='word_1_524' title='bbox 3043 3408 3284 3447; x_wconf 79' lang='lat' dir='ltr'><strong>resurre-</strong></span> 
     </span>
    </p>
   </div>
   <div class='ocr_carea' id='block_1_80' title="bbox 1748 3476 3290 3559">
    <p class='ocr_par' dir='ltr' id='par_1_80' title="bbox 1748 3476 3290 3559">
     <span class='ocr_line' id='line_1_80' title="bbox 1748 3476 3290 3559; baseline -0.005 -16"><span class='ocrx_word' id='word_1_525' title='bbox 1748 3491 1944 3544; x_wconf 89' lang='lat' dir='ltr'><strong>etionis</strong></span> <span class='ocrx_word' id='word_1_526' title='bbox 1970 3490 2176 3544; x_wconf 91' lang='lat' dir='ltr'><strong>Domini</strong></span> <span class='ocrx_word' id='word_1_527' title='bbox 2207 3490 2555 3559; x_wconf 86' lang='lat' dir='ltr'><strong>peragebant.</strong></span> <span class='ocrx_word' id='word_1_528' title='bbox 2587 3486 2754 3555; x_wconf 87' lang='lat' dir='ltr'><strong>Cujus</strong></span> <span class='ocrx_word' id='word_1_529' title='bbox 2806 3485 2882 3539; x_wconf 87' lang='lat' dir='ltr'><strong>rei</strong></span> <span class='ocrx_word' id='word_1_530' title='bbox 2931 3476 3090 3538; x_wconf 78' lang='lat' dir='ltr'><strong>causa</strong></span> <span class='ocrx_word' id='word_1_531' title='bbox 3134 3483 3290 3536; x_wconf 87' lang='lat' dir='ltr'><strong>Ebio—</strong></span> 
     </span>
    </p>
   </div>
   <div class='ocr_carea' id='block_1_81' title="bbox 1748 3573 3292 3650">
    <p class='ocr_par' dir='ltr' id='par_1_81' title="bbox 1748 3573 3292 3650">
     <span class='ocr_line' id='line_1_81' title="bbox 1748 3573 3292 3650; baseline -0.004 -18"><span class='ocrx_word' id='word_1_532' title='bbox 1748 3595 1980 3634; x_wconf 79' lang='lat' dir='ltr'><strong>meorum</strong></span> <span class='ocrx_word' id='word_1_533' title='bbox 2009 3595 2306 3650; x_wconf 83' lang='lat' dir='ltr'><strong>cognomen</strong></span> <span class='ocrx_word' id='word_1_534' title='bbox 2352 3580 2530 3636; x_wconf 88' lang='lat' dir='ltr'><strong>sortiti</strong></span> <span class='ocrx_word' id='word_1_535' title='bbox 2583 3587 2744 3644; x_wconf 87' lang='lat' dir='ltr'><strong>sunt,</strong></span> <span class='ocrx_word' id='word_1_536' title='bbox 2791 3590 2897 3646; x_wconf 91' lang='lat' dir='ltr'><strong>quo</strong></span> <span class='ocrx_word' id='word_1_537' title='bbox 2931 3573 3292 3642; x_wconf 68' lang='lat' dir='ltr'><strong>intelligentia:</strong></span> 
     </span>
    </p>
   </div>
   <div class='ocr_carea' id='block_1_82' title="bbox 1749 3662 3289 3742">
    <p class='ocr_par' dir='ltr' id='par_1_82' title="bbox 1749 3662 3289 3742">
     <span class='ocr_line' id='line_1_82' title="bbox 1749 3662 3289 3742; baseline -0.004 -22"><span class='ocrx_word' id='word_1_538' title='bbox 1749 3667 1955 3720; x_wconf 90' lang='lat' dir='ltr'><strong>illorum</strong></span> <span class='ocrx_word' id='word_1_539' title='bbox 1993 3670 2165 3738; x_wconf 88' lang='lat' dir='ltr'><strong>inopia</strong></span> <span class='ocrx_word' id='word_1_540' title='bbox 2203 3669 2335 3723; x_wconf 87' lang='lat' dir='ltr'><strong>satis</strong></span> <span class='ocrx_word' id='word_1_541' title='bbox 2394 3669 2678 3742; x_wconf 85' lang='lat' dir='ltr'><strong>indicatur.</strong></span> <span class='ocrx_word' id='word_1_542' title='bbox 2727 3665 2819 3720; x_wconf 88' lang='lat' dir='ltr'><strong>Sic</strong></span> <span class='ocrx_word' id='word_1_543' title='bbox 2855 3665 2998 3719; x_wconf 89' lang='lat' dir='ltr'><strong>enim</strong></span> <span class='ocrx_word' id='word_1_544' title='bbox 3057 3662 3289 3717; x_wconf 91' lang='lat' dir='ltr'><strong>mendici</strong></span> 
     </span>
    </p>
   </div>
   <div class='ocr_carea' id='block_1_83' title="bbox 1747 3757 2484 3825">
    <p class='ocr_par' dir='ltr' id='par_1_83' title="bbox 1747 3757 2484 3825">
     <span class='ocr_line' id='line_1_83' title="bbox 1747 3757 2484 3825; baseline 0.001 -17"><span class='ocrx_word' id='word_1_545' title='bbox 1747 3757 1884 3825; x_wconf 86' lang='lat' dir='ltr'><strong>apud</strong></span> <span class='ocrx_word' id='word_1_546' title='bbox 1916 3757 2168 3812; x_wconf 68' lang='lat' dir='ltr'><strong>Hehrmos</strong></span> <span class='ocrx_word' id='word_1_547' title='bbox 2198 3770 2484 3812; x_wconf 86' lang='lat' dir='ltr'><strong>vocantur.</strong></span> 
     </span>
    </p>
   </div>
   <div class='ocr_carea' id='block_1_84' title="bbox 2266 3865 2762 3923">
    <p class='ocr_par' dir='ltr' id='par_1_84' title="bbox 2266 3865 2762 3923">
     <span class='ocr_line' id='line_1_84' title="bbox 2266 3865 2762 3923; baseline -0.004 -3"><span class='ocrx_word' id='word_1_548' title='bbox 2266 3867 2492 3923; x_wconf 75' lang='lat' dir='ltr'><strong>CAPUT</strong></span> <span class='ocrx_word' id='word_1_549' title='bbox 2528 3865 2762 3923; x_wconf 77' lang='lat' dir='ltr'><strong>XXVIII.</strong></span> 
     </span>
    </p>
   </div>
   <div class='ocr_carea' id='block_1_85' title="bbox 2157 3955 2904 4009">
    <p class='ocr_par' dir='ltr' id='par_1_85' title="bbox 2157 3955 2904 4009">
     <span class='ocr_line' id='line_1_85' title="bbox 2157 3955 2904 4009; baseline -0.004 -1"><span class='ocrx_word' id='word_1_550' title='bbox 2157 3956 2234 4009; x_wconf 81' lang='lat' dir='ltr'><strong>De</strong></span> <span class='ocrx_word' id='word_1_551' title='bbox 2265 3955 2508 4009; x_wconf 78' lang='lat' dir='ltr'><strong>Cerintho</strong></span> <span class='ocrx_word' id='word_1_552' title='bbox 2540 3955 2904 4007; x_wconf 65' lang='lat' dir='ltr'><strong>luerosiarclm.</strong></span> 
     </span>
    </p>
   </div>
   <div class='ocr_carea' id='block_1_86' title="bbox 1815 4041 3292 4116">
    <p class='ocr_par' dir='ltr' id='par_1_86' title="bbox 1815 4041 3292 4116">
     <span class='ocr_line' id='line_1_86' title="bbox 1815 4041 3292 4116; baseline -0.004 -16"><span class='ocrx_word' id='word_1_553' title='bbox 1815 4048 2010 4101; x_wconf 85' lang='lat' dir='ltr'><strong>Eadem</strong></span> <span class='ocrx_word' id='word_1_554' title='bbox 2031 4055 2347 4116; x_wconf 91' lang='lat' dir='ltr'><strong>tempestate</strong></span> <span class='ocrx_word' id='word_1_555' title='bbox 2369 4045 2588 4103; x_wconf 86' lang='lat' dir='ltr'><strong>alterius</strong></span> <span class='ocrx_word' id='word_1_556' title='bbox 2604 4044 2820 4109; x_wconf 80' lang='lat' dir='ltr'><strong>haeresis</strong></span> <span class='ocrx_word' id='word_1_557' title='bbox 2837 4051 3107 4098; x_wconf 92' lang='lat' dir='ltr'><strong>auctorem</strong></span> <span class='ocrx_word' id='word_1_558' title='bbox 3131 4041 3292 4096; x_wconf 83' lang='lat' dir='ltr'><strong>fuisse</strong></span> 
     </span>
    </p>
   </div>
   <div class='ocr_carea' id='block_1_87' title="bbox 1746 4134 3290 4205">
    <p class='ocr_par' dir='ltr' id='par_1_87' title="bbox 1746 4134 3290 4205">
     <span class='ocr_line' id='line_1_87' title="bbox 1746 4134 3290 4205; baseline -0.003 -15"><span class='ocrx_word' id='word_1_559' title='bbox 1746 4137 2058 4192; x_wconf 88' lang='lat' dir='ltr'><strong>Cerinthum</strong></span> <span class='ocrx_word' id='word_1_560' title='bbox 2087 4137 2511 4205; x_wconf 88' lang='lat' dir='ltr'><strong>accepitnus..De</strong></span> <span class='ocrx_word' id='word_1_561' title='bbox 2537 4150 2647 4202; x_wconf 87' lang='lat' dir='ltr'><strong>quo</strong></span> <span class='ocrx_word' id='word_1_562' title='bbox 2672 4135 2833 4189; x_wconf 84' lang='lat' dir='ltr'><strong>Caius</strong></span> <span class='ocrx_word' id='word_1_563' title='bbox 2881 4135 2927 4188; x_wconf 92' lang='lat' dir='ltr'><strong>is</strong></span> <span class='ocrx_word' id='word_1_564' title='bbox 2952 4134 3104 4203; x_wconf 83' lang='lat' dir='ltr'><strong>cujus</strong></span> <span class='ocrx_word' id='word_1_565' title='bbox 3131 4134 3290 4186; x_wconf 87' lang='lat' dir='ltr'><strong>verba</strong></span> 
     </span>
    </p>
   </div>
   <div class='ocr_carea' id='block_1_88' title="bbox 1748 4224 3289 4297">
    <p class='ocr_par' dir='ltr' id='par_1_88' title="bbox 1748 4224 3289 4297">
     <span class='ocr_line' id='line_1_88' title="bbox 1748 4224 3289 4297; baseline -0.004 -15"><span class='ocrx_word' id='word_1_566' title='bbox 1748 4230 1998 4296; x_wconf 89' lang='lat' dir='ltr'><strong>superius</strong></span> <span class='ocrx_word' id='word_1_567' title='bbox 2032 4229 2185 4297; x_wconf 80' lang='lat'><strong>100</strong></span> <span class='ocrx_word' id='word_1_568' title='bbox 2212 4227 2514 4290; x_wconf 86' lang='lat' dir='ltr'><strong>retulimus,</strong></span> <span class='ocrx_word' id='word_1_569' title='bbox 2540 4228 2652 4281; x_wconf 67' lang='lat' dir='ltr'><strong>haec</strong></span> <span class='ocrx_word' id='word_1_570' title='bbox 2687 4227 2740 4280; x_wconf 91' lang='lat' dir='ltr'><strong>in</strong></span> <span class='ocrx_word' id='word_1_571' title='bbox 2787 4224 3142 4292; x_wconf 71' lang='lat' dir='ltr'><strong>Disputatione</strong></span> <span class='ocrx_word' id='word_1_572' title='bbox 3197 4239 3289 4277; x_wconf 85' lang='lat' dir='ltr'><strong>sua</strong></span> 
     </span>
    </p>
   </div>
   <div class='ocr_carea' id='block_1_89' title="bbox 1749 4316 3294 4387">
    <p class='ocr_par' dir='ltr' id='par_1_89' title="bbox 1749 4316 3294 4387">
     <span class='ocr_line' id='line_1_89' title="bbox 1749 4316 3294 4387; baseline -0.003 -14"><span class='ocrx_word' id='word_1_573' title='bbox 1749 4322 1964 4374; x_wconf 85' lang='lat' dir='ltr'><strong>scribit:</strong></span> <span class='ocrx_word' id='word_1_574' title='bbox 1986 4339 2003 4370; x_wconf 77' lang='grc' dir='ltr'><strong>σ</strong></span> <span class='ocrx_word' id='word_1_575' title='bbox 2030 4320 2131 4374; x_wconf 90' lang='lat' dir='ltr'><strong>Sed</strong></span> <span class='ocrx_word' id='word_1_576' title='bbox 2162 4329 2214 4373; x_wconf 90' lang='lat' dir='ltr'><strong>et</strong></span> <span class='ocrx_word' id='word_1_577' title='bbox 2242 4316 2550 4382; x_wconf 85' lang='lat' dir='ltr'><strong>Ceririthus,</strong></span> <span class='ocrx_word' id='word_1_578' title='bbox 2594 4319 2784 4387; x_wconf 90' lang='lat' dir='ltr'><strong>inquit,</strong></span> <span class='ocrx_word' id='word_1_579' title='bbox 2825 4333 2918 4385; x_wconf 92' lang='lat' dir='ltr'><strong>per</strong></span> <span class='ocrx_word' id='word_1_580' title='bbox 2947 4317 3294 4370; x_wconf 77' lang='lat' dir='ltr'><strong>revelationes</strong></span> 
     </span>
    </p>
   </div>
   <div class='ocr_carea' id='block_1_90' title="bbox 1753 4405 3294 4479">
    <p class='ocr_par' dir='ltr' id='par_1_90' title="bbox 1753 4405 3294 4479">
     <span class='ocr_line' id='line_1_90' title="bbox 1753 4405 3294 4479; baseline -0.003 -18"><span class='ocrx_word' id='word_1_581' title='bbox 1753 4411 2012 4478; x_wconf 88' lang='lat' dir='ltr'><strong>quasdam</strong></span> <span class='ocrx_word' id='word_1_582' title='bbox 2041 4425 2068 4460; x_wconf 91' lang='lat' dir='ltr'><strong>a</strong></span> <span class='ocrx_word' id='word_1_583' title='bbox 2099 4425 2158 4464; x_wconf 90' lang='lat' dir='ltr'><strong>se</strong></span> <span class='ocrx_word' id='word_1_584' title='bbox 2192 4419 2450 4479; x_wconf 72' lang='lat' dir='ltr'><strong>tanquam</strong></span> <span class='ocrx_word' id='word_1_585' title='bbox 2480 4426 2508 4462; x_wconf 90' lang='lat' dir='ltr'><strong>a</strong></span> <span class='ocrx_word' id='word_1_586' title='bbox 2541 4423 2734 4476; x_wconf 85' lang='lat' dir='ltr'><strong>magno</strong></span> <span class='ocrx_word' id='word_1_587' title='bbox 2784 4410 3014 4476; x_wconf 85' lang='lat' dir='ltr'><strong>quodam</strong></span> <span class='ocrx_word' id='word_1_588' title='bbox 3057 4405 3294 4474; x_wconf 83' lang='lat' dir='ltr'><strong>apostolo</strong></span> 
     </span>
    </p>
   </div>
   <div class='ocr_carea' id='block_1_91' title="bbox 118 4490 1649 4569">
    <p class='ocr_par' dir='ltr' id='par_1_91' title="bbox 118 4490 1644 4563">
     <span class='ocr_line' id='line_1_91' title="bbox 118 4490 1644 4563; baseline -0.001 -20"><span class='ocrx_word' id='word_1_589' title='bbox 118 4491 320 4557; x_wconf 75' lang='grc' dir='ltr'>μεγάλου</span> <span class='ocrx_word' id='word_1_590' title='bbox 373 4493 790 4563; x_wconf 85' lang='grc' dir='ltr'>γεγραμμένων,</span> <span class='ocrx_word' id='word_1_591' title='bbox 844 4490 1222 4561; x_wconf 88' lang='grc' dir='ltr'>τερατολογίας</span> <span class='ocrx_word' id='word_1_592' title='bbox 1278 4491 1415 4559; x_wconf 79' lang='grc' dir='ltr'>ἡμῖν·</span> <span class='ocrx_word' id='word_1_593' title='bbox 1459 4490 1533 4553; x_wconf 87' lang='grc' dir='ltr'>ὡς</span> <span class='ocrx_word' id='word_1_594' title='bbox 1580 4490 1644 4542; x_wconf 87' lang='grc' dir='ltr'>δι’</span> 
     </span>
    </p>
   </div>
   <div class='ocr_carea' id='block_1_92' title="bbox 1750 4490 3293 4569">
    <p class='ocr_par' dir='ltr' id='par_1_92' title="bbox 1751 4494 3293 4568">
     <span class='ocr_line' id='line_1_92' title="bbox 1751 4494 3293 4568; baseline -0.005 -15"><span class='ocrx_word' id='word_1_595' title='bbox 1751 4500 2106 4568; x_wconf 86' lang='lat' dir='ltr'><strong>conscriptas,</strong></span> <span class='ocrx_word' id='word_1_596' title='bbox 2139 4508 2388 4568; x_wconf 86' lang='lat' dir='ltr'><strong>portenta</strong></span> <span class='ocrx_word' id='word_1_597' title='bbox 2417 4497 2660 4566; x_wconf 73' lang='lat' dir='ltr'><strong>quaedam</strong></span> <span class='ocrx_word' id='word_1_598' title='bbox 2688 4498 2843 4566; x_wconf 88' lang='lat' dir='ltr'><strong>quasi</strong></span> <span class='ocrx_word' id='word_1_599' title='bbox 2869 4499 2936 4550; x_wconf 85' lang='lat' dir='ltr'><strong>ab</strong></span> <span class='ocrx_word' id='word_1_600' title='bbox 2966 4496 3167 4562; x_wconf 85' lang='lat' dir='ltr'><strong>angelis</strong></span> <span class='ocrx_word' id='word_1_601' title='bbox 3194 4494 3293 4549; x_wconf 91' lang='lat' dir='ltr'><strong>sibi</strong></span> 
     </span>
    </p>
   </div>
   <div class='ocr_carea' id='block_1_93' title="bbox 116 4580 1646 4654">
    <p class='ocr_par' dir='ltr' id='par_1_93' title="bbox 116 4580 1646 4654">
     <span class='ocr_line' id='line_1_93' title="bbox 116 4580 1646 4654; baseline 0 -22"><span class='ocrx_word' id='word_1_602' title='bbox 116 4581 326 4646; x_wconf 77' lang='grc' dir='ltr'>ἀγγέλων</span> <span class='ocrx_word' id='word_1_603' title='bbox 355 4584 504 4654; x_wconf 79' lang='grc' dir='ltr'><strong>αὑτῷ</strong></span> <span class='ocrx_word' id='word_1_604' title='bbox 527 4583 866 4652; x_wconf 77' lang='grc' dir='ltr'>δεδειγμένας</span> <span class='ocrx_word' id='word_1_605' title='bbox 886 4580 1227 4649; x_wconf 77' lang='grc' dir='ltr'>ψευδόμενος,</span> <span class='ocrx_word' id='word_1_606' title='bbox 1257 4580 1534 4648; x_wconf 79' lang='grc' dir='ltr'>ἐπεισάγει</span> <span class='ocrx_word' id='word_1_607' title='bbox 1560 4581 1646 4632; x_wconf 85' lang='grc' dir='ltr'>λέ-</span> 
     </span>
    </p>
   </div>
   <div class='ocr_carea' id='block_1_94' title="bbox 115 4666 1648 4746">
    <p class='ocr_par' dir='ltr' id='par_1_94' title="bbox 115 4666 1648 4746">
     <span class='ocr_line' id='line_1_94' title="bbox 115 4666 1648 4746; baseline -0.003 -19"><span class='ocrx_word' id='word_1_608' title='bbox 115 4685 226 4734; x_wconf 78' lang='grc' dir='ltr'>γων,</span> <span class='ocrx_word' id='word_1_609' title='bbox 255 4675 380 4740; x_wconf 85' lang='grc' dir='ltr'><strong>μετά</strong></span> <span class='ocrx_word' id='word_1_610' title='bbox 413 4675 510 4746; x_wconf 80' lang='grc' dir='ltr'>τὴν</span> <span class='ocrx_word' id='word_1_611' title='bbox 538 4674 826 4728; x_wconf 89' lang='grc' dir='ltr'>ἀνάστασιν</span> <span class='ocrx_word' id='word_1_612' title='bbox 851 4671 1086 4739; x_wconf 76' lang='grc' dir='ltr'>ἐπίγειον</span> <span class='ocrx_word' id='word_1_613' title='bbox 1125 4666 1260 4724; x_wconf 78' lang='grc' dir='ltr'>εἶναι</span> <span class='ocrx_word' id='word_1_614' title='bbox 1287 4671 1348 4723; x_wconf 89' lang='grc' dir='ltr'>τὸ</span> <span class='ocrx_word' id='word_1_615' title='bbox 1383 4672 1648 4739; x_wconf 88' lang='grc' dir='ltr'>βασίλειον</span> 
     </span>
    </p>
   </div>
   <div class='ocr_carea' id='block_1_95' title="bbox 115 4752 1650 4833">
    <p class='ocr_par' dir='ltr' id='par_1_95' title="bbox 115 4752 1650 4833">
     <span class='ocr_line' id='line_1_95' title="bbox 115 4752 1650 4833; baseline 0.005 -24"><span class='ocrx_word' id='word_1_616' title='bbox 115 4760 190 4811; x_wconf 80' lang='grc' dir='ltr'>τοῦ</span> <span class='ocrx_word' id='word_1_617' title='bbox 226 4764 470 4833; x_wconf 82' lang='grc' dir='ltr'>Χριστοῦ,</span> <span class='ocrx_word' id='word_1_618' title='bbox 517 4767 610 4819; x_wconf 77' lang='grc' dir='ltr'>καὶ</span> <span class='ocrx_word' id='word_1_619' title='bbox 655 4765 813 4818; x_wconf 87' lang='grc' dir='ltr'>πάλιν</span> <span class='ocrx_word' id='word_1_620' title='bbox 846 4752 1156 4832; x_wconf 67' lang='grc' dir='ltr'>ἐπιθυμίαις</span> <span class='ocrx_word' id='word_1_621' title='bbox 1205 4762 1299 4814; x_wconf 73' lang='grc' dir='ltr'>καὶ</span> <span class='ocrx_word' id='word_1_622' title='bbox 1351 4763 1560 4832; x_wconf 82' lang='grc' dir='ltr'>ἡδοναῖς</span> <span class='ocrx_word' id='word_1_623' title='bbox 1593 4765 1650 4816; x_wconf 80' lang='grc' dir='ltr'>ἐν</span> 
     </span>
    </p>
   </div>
   <div class='ocr_carea' id='block_1_96' title="bbox 127 4849 1649 4928">
    <p class='ocr_par' dir='ltr' id='par_1_96' title="bbox 127 4849 1649 4928">
     <span class='ocr_line' id='line_1_96' title="bbox 127 4849 1649 4928; baseline 0.006 -29"><span class='ocrx_word' id='word_1_624' title='bbox 127 4849 444 4925; x_wconf 75' lang='grc' dir='ltr'>Ἰερουσαλὴμ</span> <span class='ocrx_word' id='word_1_625' title='bbox 468 4859 568 4928; x_wconf 78' lang='grc' dir='ltr'>τὴν</span> <span class='ocrx_word' id='word_1_626' title='bbox 590 4858 766 4928; x_wconf 86' lang='grc' dir='ltr'>σάρκα</span> <span class='ocrx_word' id='word_1_627' title='bbox 787 4854 1199 4924; x_wconf 80' lang='grc' dir='ltr'>πολιτευομένην</span> <span class='ocrx_word' id='word_1_628' title='bbox 1223 4852 1509 4908; x_wconf 88' lang='grc' dir='ltr'>δουλεύειν.</span> <span class='ocrx_word' id='word_1_629' title='bbox 1541 4855 1649 4908; x_wconf 81' lang='grc' dir='ltr'><strong>Καὶ</strong></span> 
     </span>
    </p>
   </div>
   <div class='ocr_carea' id='block_1_97' title="bbox 117 4939 1649 5017">
    <p class='ocr_par' dir='ltr' id='par_1_97' title="bbox 117 4939 1649 5017">
     <span class='ocr_line' id='line_1_97' title="bbox 117 4939 1649 5017; baseline 0.007 -28"><span class='ocrx_word' id='word_1_630' title='bbox 117 4939 278 5011; x_wconf 75' lang='grc' dir='ltr'>ἐχθρὸς</span> <span class='ocrx_word' id='word_1_631' title='bbox 311 4947 568 5017; x_wconf 82' lang='grc' dir='ltr'>ὑπάρχων</span> <span class='ocrx_word' id='word_1_632' title='bbox 599 4951 717 5010; x_wconf 85' lang='grc' dir='ltr'>ταῖς</span> <span class='ocrx_word' id='word_1_633' title='bbox 748 4947 987 5016; x_wconf 83' lang='grc' dir='ltr'>Γραφαῖς</span> <span class='ocrx_word' id='word_1_634' title='bbox 1007 4944 1099 4997; x_wconf 88' lang='grc' dir='ltr'>τοῦ</span> <span class='ocrx_word' id='word_1_635' title='bbox 1134 4943 1287 5006; x_wconf 88' lang='grc' dir='ltr'>Θεοῦ,</span> <span class='ocrx_word' id='word_1_636' title='bbox 1317 4945 1544 5013; x_wconf 87' lang='grc' dir='ltr'>ἀριθμὸν</span> <span class='ocrx_word' id='word_1_637' title='bbox 1568 4964 1649 5014; x_wconf 84' lang='grc' dir='ltr'>χι-</span> 
     </span>
    </p>
   </div>
   <div class='ocr_carea' id='block_1_98' title="bbox 118 5029 1646 5108">
    <p class='ocr_par' dir='ltr' id='par_1_98' title="bbox 118 5029 1646 5108">
     <span class='ocr_line' id='line_1_98' title="bbox 118 5029 1646 5108; baseline 0.005 -28"><span class='ocrx_word' id='word_1_638' title='bbox 118 5029 411 5097; x_wconf 80' lang='grc' dir='ltr'>λιονταετίας</span> <span class='ocrx_word' id='word_1_639' title='bbox 435 5038 493 5090; x_wconf 82' lang='grc' dir='ltr'><strong>ἐν</strong></span> <span class='ocrx_word' id='word_1_640' title='bbox 513 5038 677 5108; x_wconf 81' lang='grc' dir='ltr'>γάμῳ</span> <span class='ocrx_word' id='word_1_641' title='bbox 701 5038 913 5108; x_wconf 77' lang='grc' dir='ltr'>ἑορτῆς,</span> <span class='ocrx_word' id='word_1_642' title='bbox 937 5035 1104 5088; x_wconf 88' lang='grc' dir='ltr'>θέλων</span> <span class='ocrx_word' id='word_1_643' title='bbox 1127 5033 1329 5101; x_wconf 85' lang='grc' dir='ltr'>πλανᾷν</span> <span class='ocrx_word' id='word_1_644' title='bbox 1346 5032 1479 5101; x_wconf 75' lang='grc'>(40),</span> <span class='ocrx_word' id='word_1_645' title='bbox 1500 5034 1646 5103; x_wconf 86' lang='grc' dir='ltr'>λέγει</span> 
     </span>
    </p>
   </div>
   <div class='ocr_carea' id='block_1_99' title="bbox 177 5239 1649 5308">
    <p class='ocr_par' dir='ltr' id='par_1_99' title="bbox 177 5239 1649 5308">
     <span class='ocr_line' id='line_1_99' title="bbox 177 5239 1649 5308; baseline 0.003 -15"><span class='ocrx_word' id='word_1_646' title='bbox 177 5239 278 5307; x_wconf 74' lang='grc'>(58)</span> <span class='ocrx_word' id='word_1_647' title='bbox 302 5240 806 5308; x_wconf 73' lang='grc' dir='ltr'>Θατεραλήπτους.</span> <span class='ocrx_word' id='word_1_648' title='bbox 845 5243 988 5298; x_wconf 88' lang='lat' dir='ltr'><strong>Nova</strong></span> <span class='ocrx_word' id='word_1_649' title='bbox 1018 5244 1200 5307; x_wconf 79' lang='lat' dir='ltr'><strong>dictio,</strong></span> <span class='ocrx_word' id='word_1_650' title='bbox 1224 5258 1287 5296; x_wconf 83' lang='lat' dir='ltr'><strong>ex</strong></span> <span class='ocrx_word' id='word_1_651' title='bbox 1315 5242 1520 5296; x_wconf 84' lang='lat' dir='ltr'><strong>duabus</strong></span> <span class='ocrx_word' id='word_1_652' title='bbox 1566 5244 1649 5297; x_wconf 91' lang='lat' dir='ltr'><strong>in-</strong></span> 
     </span>
    </p>
   </div>
   <div class='ocr_carea' id='block_1_100' title="bbox 122 5308 1649 5381">
    <p class='ocr_par' dir='ltr' id='par_1_100' title="bbox 122 5308 1649 5381">
     <span class='ocr_line' id='line_1_100' title="bbox 122 5308 1649 5381; baseline 0.005 -22"><span class='ocrx_word' id='word_1_653' title='bbox 122 5308 288 5381; x_wconf 76' lang='lat' dir='ltr'><strong>solenti</strong></span> <span class='ocrx_word' id='word_1_654' title='bbox 311 5311 697 5381; x_wconf 75' lang='lat' dir='ltr'><strong>compositione</strong></span> <span class='ocrx_word' id='word_1_655' title='bbox 717 5325 1015 5381; x_wconf 82' lang='lat' dir='ltr'><strong>compacta.</strong></span> <span class='ocrx_word' id='word_1_656' title='bbox 1046 5314 1187 5368; x_wconf 86' lang='lat' dir='ltr'><strong>Idem</strong></span> <span class='ocrx_word' id='word_1_657' title='bbox 1226 5313 1366 5367; x_wconf 89' lang='lat' dir='ltr'><strong>enim</strong></span> <span class='ocrx_word' id='word_1_658' title='bbox 1403 5323 1485 5365; x_wconf 92' lang='lat' dir='ltr'><strong>est</strong></span> <span class='ocrx_word' id='word_1_659' title='bbox 1517 5329 1580 5366; x_wconf 87' lang='lat' dir='ltr'><strong>ac</strong></span> <span class='ocrx_word' id='word_1_660' title='bbox 1607 5315 1649 5367; x_wconf 90' lang='lat' dir='ltr'><strong>si</strong></span> 
     </span>
    </p>
   </div>
   <div class='ocr_carea' id='block_1_101' title="bbox 124 5377 969 5449">
    <p class='ocr_par' dir='ltr' id='par_1_101' title="bbox 124 5377 969 5449">
     <span class='ocr_line' id='line_1_101' title="bbox 124 5377 969 5449; baseline 0.001 -20"><span class='ocrx_word' id='word_1_661' title='bbox 124 5378 333 5431; x_wconf 81' lang='lat' dir='ltr'><strong>dicerent</strong></span> <span class='ocrx_word' id='word_1_662' title='bbox 365 5379 570 5449; x_wconf 77' lang='grc' dir='ltr'>θατέρᾳ</span> <span class='ocrx_word' id='word_1_663' title='bbox 597 5377 854 5447; x_wconf 69' lang='grc' dir='ltr'>ληπτούςξ</span> <span class='ocrx_word' id='word_1_664' title='bbox 966 5426 969 5430; x_wconf 77' lang='lat'><strong>,</strong></span> 
     </span>
    </p>
   </div>
   <div class='ocr_carea' id='block_1_102' title="bbox 181 5448 1654 5521">
    <p class='ocr_par' dir='ltr' id='par_1_102' title="bbox 181 5448 1654 5521">
     <span class='ocr_line' id='line_1_102' title="bbox 181 5448 1654 5521; baseline 0.001 -4"><span class='ocrx_word' id='word_1_665' title='bbox 181 5449 279 5518; x_wconf 73' lang='lat'><strong>(39)</strong></span> <span class='ocrx_word' id='word_1_666' title='bbox 308 5449 408 5521; x_wconf 77' lang='grc' dir='ltr'><strong>Τοῦ</strong></span> <span class='ocrx_word' id='word_1_667' title='bbox 440 5448 789 5521; x_wconf 59' lang='grc' dir='ltr'><strong>Ἑεὶωναέφν</strong></span> <span class='ocrx_word' id='word_1_668' title='bbox 827 5453 1113 5521; x_wconf 63' lang='grc' dir='ltr'>ρνόματος</span> <span class='ocrx_word' id='word_1_669' title='bbox 1143 5451 1254 5518; x_wconf 73' lang='grc' dir='ltr'><strong>τὴν</strong></span> <span class='ocrx_word' id='word_1_670' title='bbox 1267 5449 1375 5517; x_wconf 80' lang='grc' dir='ltr'><strong>τῆς</strong></span> <span class='ocrx_word' id='word_1_671' title='bbox 1390 5448 1654 5521; x_wconf 60' lang='grc' dir='ltr'>διανοίας</span> 
     </span>
    </p>
   </div>
   <div class='ocr_carea' id='block_1_103' title="bbox 123 5518 1652 5589">
    <p class='ocr_par' dir='ltr' id='par_1_103' title="bbox 123 5518 1652 5589">
     <span class='ocr_line' id='line_1_103' title="bbox 123 5518 1652 5589; baseline 0.004 -22"><span class='ocrx_word' id='word_1_672' title='bbox 123 5520 407 5589; x_wconf 55' lang='grc' dir='ltr'>πτωχείαν.</span> <span class='ocrx_word' id='word_1_673' title='bbox 439 5519 584 5589; x_wconf 75' lang='lat' dir='ltr'><strong>Idem</strong></span> <span class='ocrx_word' id='word_1_674' title='bbox 608 5518 1083 5589; x_wconf 74' lang='lat' dir='ltr'><strong>scribiLOrigenes</strong></span> <span class='ocrx_word' id='word_1_675' title='bbox 1113 5524 1163 5574; x_wconf 92' lang='lat' dir='ltr'><strong>in</strong></span> <span class='ocrx_word' id='word_1_676' title='bbox 1200 5523 1292 5574; x_wconf 87' lang='lat' dir='ltr'><strong>lib.</strong></span> <span class='ocrx_word' id='word_1_677' title='bbox 1317 5535 1366 5571; x_wconf 84' lang='lat' dir='ltr'><strong>tv</strong></span> <span class='ocrx_word' id='word_1_678' title='bbox 1399 5520 1470 5571; x_wconf 81' lang='lat' dir='ltr'><strong>De</strong></span> <span class='ocrx_word' id='word_1_679' title='bbox 1501 5523 1652 5586; x_wconf 79' lang='lat' dir='ltr'><strong>prin-</strong></span> 
     </span>
    </p>
   </div>
   <div class='ocr_carea' id='block_1_104' title="bbox 124 5586 1652 5659">
    <p class='ocr_par' dir='ltr' id='par_1_104' title="bbox 124 5586 1652 5659">
     <span class='ocr_line' id='line_1_104' title="bbox 124 5586 1652 5659; baseline 0.007 -27"><span class='ocrx_word' id='word_1_680' title='bbox 124 5587 294 5659; x_wconf 62' lang='lat' dir='ltr'><strong>ripiis:</strong></span> <span class='ocrx_word' id='word_1_681' title='bbox 325 5591 432 5642; x_wconf 79' lang='grc' dir='ltr'>Οὐκ</span> <span class='ocrx_word' id='word_1_682' title='bbox 467 5586 841 5655; x_wconf 75' lang='grc' dir='ltr'>ἐλαμϐάνομεν</span> <span class='ocrx_word' id='word_1_683' title='bbox 897 5586 1069 5642; x_wconf 77' lang='grc' dir='ltr'>ταῦτα</span> <span class='ocrx_word' id='word_1_684' title='bbox 1122 5591 1196 5653; x_wconf 83' lang='grc' dir='ltr'>ὡς</span> <span class='ocrx_word' id='word_1_685' title='bbox 1244 5591 1293 5640; x_wconf 83' lang='grc' dir='ltr'><strong>οἱ</strong></span> <span class='ocrx_word' id='word_1_686' title='bbox 1329 5590 1533 5659; x_wconf 79' lang='grc' dir='ltr'>πτωχοὶ</span> <span class='ocrx_word' id='word_1_687' title='bbox 1586 5593 1652 5659; x_wconf 82' lang='grc' dir='ltr'>τῇ</span> 
     </span>
    </p>
   </div>
   <div class='ocr_carea' id='block_1_105' title="bbox 122 5653 1678 5728">
    <p class='ocr_par' dir='ltr' id='par_1_105' title="bbox 122 5653 1678 5728">
     <span class='ocr_line' id='line_1_105' title="bbox 122 5653 1678 5728; baseline 0.002 -22"><span class='ocrx_word' id='word_1_688' title='bbox 122 5653 304 5728; x_wconf 58' lang='grc' dir='ltr'>διανοίᾳ</span> <span class='ocrx_word' id='word_1_689' title='bbox 335 5653 653 5728; x_wconf 48' lang='grc' dir='ltr'>Ἐϐιωναῖοτι,</span> <span class='ocrx_word' id='word_1_690' title='bbox 685 5653 782 5725; x_wconf 78' lang='grc' dir='ltr'>τῆς</span> <span class='ocrx_word' id='word_1_691' title='bbox 830 5660 1097 5727; x_wconf 86' lang='grc' dir='ltr'>πτωχείας</span> <span class='ocrx_word' id='word_1_692' title='bbox 1134 5663 1233 5727; x_wconf 83' lang='grc' dir='ltr'><strong>τῆς</strong></span> <span class='ocrx_word' id='word_1_693' title='bbox 1272 5653 1505 5728; x_wconf 77' lang='grc' dir='ltr'>διανοίας</span> <span class='ocrx_word' id='word_1_694' title='bbox 1561 5653 1678 5712; x_wconf 61' lang='grc' dir='ltr'><strong>ἐκιέέ</strong></span> 
     </span>
    </p>
   </div>
   <div class='ocr_carea' id='block_1_106' title="bbox 125 5723 1653 5794">
    <p class='ocr_par' dir='ltr' id='par_1_106' title="bbox 125 5723 1653 5794">
     <span class='ocr_line' id='line_1_106' title="bbox 125 5723 1653 5794; baseline 0.005 -19"><span class='ocrx_word' id='word_1_695' title='bbox 125 5723 306 5794; x_wconf 49' lang='lat' dir='ltr'><strong>erum</strong></span> <span class='ocrx_word' id='word_1_696' title='bbox 325 5746 336 5757; x_wconf 84' lang='lat'><strong>&#39;</strong></span> <span class='ocrx_word' id='word_1_697' title='bbox 367 5727 571 5782; x_wconf 78' lang='grc' dir='ltr'>Ἐϐίων</span> <span class='ocrx_word' id='word_1_698' title='bbox 597 5723 706 5792; x_wconf 69' lang='grc' dir='ltr'><strong>γὰρ</strong></span> <span class='ocrx_word' id='word_1_699' title='bbox 724 5723 752 5778; x_wconf 86' lang='lat'><strong>6</strong></span> <span class='ocrx_word' id='word_1_700' title='bbox 775 5723 984 5792; x_wconf 71' lang='grc' dir='ltr'>πτωχδέ</span> <span class='ocrx_word' id='word_1_701' title='bbox 1005 5728 1133 5793; x_wconf 78' lang='grc' dir='ltr'>παρ’</span> <span class='ocrx_word' id='word_1_702' title='bbox 1164 5723 1431 5791; x_wconf 75' lang='grc' dir='ltr'>Ἑϐραίοις</span> <span class='ocrx_word' id='word_1_703' title='bbox 1457 5727 1653 5790; x_wconf 77' lang='grc' dir='ltr'>ὀνομάσ</span> 
     </span>
    </p>
   </div>
   <div class='ocr_carea' id='block_1_107' title="bbox 1751 4584 3296 4652">
    <p class='ocr_par' dir='ltr' id='par_1_107' title="bbox 1751 4584 3296 4652">
     <span class='ocr_line' id='line_1_107' title="bbox 1751 4584 3296 4652; baseline -0.005 -11"><span class='ocrx_word' id='word_1_704' title='bbox 1751 4598 1964 4644; x_wconf 85' lang='lat' dir='ltr'><strong>osteusa</strong></span> <span class='ocrx_word' id='word_1_705' title='bbox 1990 4597 2326 4643; x_wconf 90' lang='lat' dir='ltr'><strong>commentus</strong></span> <span class='ocrx_word' id='word_1_706' title='bbox 2361 4589 2514 4641; x_wconf 90' lang='lat' dir='ltr'><strong>nobis</strong></span> <span class='ocrx_word' id='word_1_707' title='bbox 2559 4586 2863 4648; x_wconf 90' lang='lat' dir='ltr'><strong>introducit,</strong></span> <span class='ocrx_word' id='word_1_708' title='bbox 2889 4584 3156 4638; x_wconf 73' lang='lat' dir='ltr'><strong>afﬁrmans</strong></span> <span class='ocrx_word' id='word_1_709' title='bbox 3176 4593 3296 4652; x_wconf 91' lang='lat' dir='ltr'><strong>post</strong></span> 
     </span>
    </p>
   </div>
   <div class='ocr_carea' id='block_1_108' title="bbox 1753 4673 3290 4747">
    <p class='ocr_par' dir='ltr' id='par_1_108' title="bbox 1753 4673 3290 4747">
     <span class='ocr_line' id='line_1_108' title="bbox 1753 4673 3290 4747; baseline -0.002 -17"><span class='ocrx_word' id='word_1_710' title='bbox 1753 4678 2198 4733; x_wconf 86' lang='lat' dir='ltr'><strong>resurrectionem</strong></span> <span class='ocrx_word' id='word_1_711' title='bbox 2232 4693 2451 4747; x_wconf 87' lang='lat' dir='ltr'><strong>regnum</strong></span> <span class='ocrx_word' id='word_1_712' title='bbox 2480 4676 2674 4729; x_wconf 89' lang='lat' dir='ltr'><strong>Christi</strong></span> <span class='ocrx_word' id='word_1_713' title='bbox 2734 4677 2783 4728; x_wconf 90' lang='lat' dir='ltr'><strong>in</strong></span> <span class='ocrx_word' id='word_1_714' title='bbox 2835 4676 2990 4730; x_wconf 89' lang='lat' dir='ltr'><strong>terris</strong></span> <span class='ocrx_word' id='word_1_715' title='bbox 3016 4673 3248 4728; x_wconf 84' lang='lat' dir='ltr'><strong>futurum</strong></span> <span class='ocrx_word' id='word_1_716' title='bbox 3275 4711 3290 4734; x_wconf 86' lang='lat'><strong>.</strong></span> 
     </span>
    </p>
   </div>
   <div class='ocr_carea' id='block_1_109' title="bbox 1752 4766 3293 4845">
    <p class='ocr_par' dir='ltr' id='par_1_109' title="bbox 1752 4766 3293 4845">
     <span class='ocr_line' id='line_1_109' title="bbox 1752 4766 3293 4845; baseline -0.002 -25"><span class='ocrx_word' id='word_1_717' title='bbox 1752 4782 1814 4821; x_wconf 90' lang='lat' dir='ltr'><strong>ac</strong></span> <span class='ocrx_word' id='word_1_718' title='bbox 1840 4783 2028 4823; x_wconf 86' lang='lat' dir='ltr'><strong>rursus</strong></span> <span class='ocrx_word' id='word_1_719' title='bbox 2069 4770 2318 4823; x_wconf 83' lang='lat' dir='ltr'><strong>homines</strong></span> <span class='ocrx_word' id='word_1_720' title='bbox 2353 4766 2732 4845; x_wconf 85' lang='lat' dir='ltr'><strong>Hierosolymis</strong></span> <span class='ocrx_word' id='word_1_721' title='bbox 2755 4767 3006 4834; x_wconf 87' lang='lat' dir='ltr'><strong>degentes</strong></span> <span class='ocrx_word' id='word_1_722' title='bbox 3044 4766 3293 4836; x_wconf 86' lang='lat' dir='ltr'><strong>cupidita-</strong></span> 
     </span>
    </p>
   </div>
   <div class='ocr_carea' id='block_1_110' title="bbox 1751 4856 3293 4927">
    <p class='ocr_par' dir='ltr' id='par_1_110' title="bbox 1751 4856 3293 4927">
     <span class='ocr_line' id='line_1_110' title="bbox 1751 4856 3293 4927; baseline -0.003 -17"><span class='ocrx_word' id='word_1_723' title='bbox 1751 4859 1890 4912; x_wconf 85' lang='lat' dir='ltr'><strong>tibus</strong></span> <span class='ocrx_word' id='word_1_724' title='bbox 1913 4868 1968 4910; x_wconf 89' lang='lat' dir='ltr'><strong>et</strong></span> <span class='ocrx_word' id='word_1_725' title='bbox 1999 4859 2255 4927; x_wconf 80' lang='lat' dir='ltr'><strong>voluptati</strong></span> <span class='ocrx_word' id='word_1_726' title='bbox 2297 4857 2545 4925; x_wconf 85' lang='lat' dir='ltr'><strong>corporis</strong></span> <span class='ocrx_word' id='word_1_727' title='bbox 2567 4857 2835 4911; x_wconf 80' lang='lat' dir='ltr'><strong>obnoxios</strong></span> <span class='ocrx_word' id='word_1_728' title='bbox 2868 4858 3000 4911; x_wconf 78' lang='lat' dir='ltr'><strong>fore.</strong></span> <span class='ocrx_word' id='word_1_729' title='bbox 3035 4856 3293 4919; x_wconf 81' lang='lat' dir='ltr'><strong>Additque</strong></span> 
     </span>
    </p>
   </div>
   <div class='ocr_carea' id='block_1_111' title="bbox 1751 4947 3290 5014">
    <p class='ocr_par' dir='ltr' id='par_1_111' title="bbox 1751 4947 3290 5014">
     <span class='ocr_line' id='line_1_111' title="bbox 1751 4947 3290 5014; baseline -0.005 -13"><span class='ocrx_word' id='word_1_730' title='bbox 1751 4947 1918 5002; x_wconf 78' lang='lat' dir='ltr'><strong>hostis</strong></span> <span class='ocrx_word' id='word_1_731' title='bbox 1943 4947 2032 5003; x_wconf 90' lang='lat' dir='ltr'><strong>ille</strong></span> <span class='ocrx_word' id='word_1_732' title='bbox 2060 4949 2368 5002; x_wconf 88' lang='lat' dir='ltr'><strong>divinarum</strong></span> <span class='ocrx_word' id='word_1_733' title='bbox 2399 4948 2831 5014; x_wconf 86' lang='lat' dir='ltr'><strong>Scripturarum,</strong></span> <span class='ocrx_word' id='word_1_734' title='bbox 2857 4948 3002 5002; x_wconf 86' lang='lat' dir='ltr'><strong>mille</strong></span> <span class='ocrx_word' id='word_1_735' title='bbox 3033 4959 3290 4998; x_wconf 88' lang='lat' dir='ltr'><strong>annorum</strong></span> 
     </span>
    </p>
   </div>
   <div class='ocr_carea' id='block_1_112' title="bbox 1749 5021 3294 5107">
    <p class='ocr_par' dir='ltr' id='par_1_112' title="bbox 1749 5021 3294 5107">
     <span class='ocr_line' id='line_1_112' title="bbox 1749 5021 3294 5107; baseline -0.004 -14"><span class='ocrx_word' id='word_1_736' title='bbox 1749 5040 1979 5107; x_wconf 89' lang='lat' dir='ltr'><strong>spatium</strong></span> <span class='ocrx_word' id='word_1_737' title='bbox 2017 5021 2070 5090; x_wconf 88' lang='lat' dir='ltr'><strong>in</strong></span> <span class='ocrx_word' id='word_1_738' title='bbox 2131 5037 2456 5104; x_wconf 89' lang='lat' dir='ltr'><strong>nuptialibus</strong></span> <span class='ocrx_word' id='word_1_739' title='bbox 2505 5037 2658 5092; x_wconf 84' lang='lat' dir='ltr'><strong>festis</strong></span> <span class='ocrx_word' id='word_1_740' title='bbox 2689 5045 3018 5092; x_wconf 88' lang='lat' dir='ltr'><strong>transactum</strong></span> <span class='ocrx_word' id='word_1_741' title='bbox 3049 5033 3136 5096; x_wconf 88' lang='lat' dir='ltr'><strong>iri,</strong></span> <span class='ocrx_word' id='word_1_742' title='bbox 3190 5047 3294 5100; x_wconf 87' lang='lat' dir='ltr'><strong>quo</strong></span> 
     </span>
    </p>
   </div>
   <div class='ocr_carea' id='block_1_113' title="bbox 1757 5235 3280 5308">
    <p class='ocr_par' dir='ltr' id='par_1_113' title="bbox 1757 5235 3280 5308">
     <span class='ocr_line' id='line_1_113' title="bbox 1757 5235 3280 5308; baseline -0.007 -12"><span class='ocrx_word' id='word_1_743' title='bbox 1757 5245 1926 5308; x_wconf 80' lang='grc' dir='ltr'>ζεται.</span> <span class='ocrx_word' id='word_1_744' title='bbox 1967 5239 2127 5291; x_wconf 83' lang='grc' dir='ltr'>Ὥστε</span> <span class='ocrx_word' id='word_1_745' title='bbox 2155 5238 2444 5293; x_wconf 75' lang='grc' dir='ltr'>ὑπολαϐεῖν</span> <span class='ocrx_word' id='word_1_746' title='bbox 2470 5240 2561 5293; x_wconf 74' lang='grc' dir='ltr'>ἐπὶ</span> <span class='ocrx_word' id='word_1_747' title='bbox 2604 5240 2726 5302; x_wconf 82' lang='grc' dir='ltr'>τοὺς</span> <span class='ocrx_word' id='word_1_748' title='bbox 2763 5235 3044 5308; x_wconf 77' lang='grc' dir='ltr'>σαρκίνους</span> <span class='ocrx_word' id='word_1_749' title='bbox 3089 5235 3280 5308; x_wconf 86' lang='grc' dir='ltr'>Ἰσραη-</span> 
     </span>
    </p>
   </div>
   <div class='ocr_carea' id='block_1_114' title="bbox 1749 5303 3293 5380">
    <p class='ocr_par' dir='ltr' id='par_1_114' title="bbox 1749 5303 3293 5380">
     <span class='ocr_line' id='line_1_114' title="bbox 1749 5303 3293 5380; baseline -0.005 -15"><span class='ocrx_word' id='word_1_750' title='bbox 1749 5303 1899 5374; x_wconf 72' lang='grc' dir='ltr'>λίτας</span> <span class='ocrx_word' id='word_1_751' title='bbox 1955 5309 2373 5380; x_wconf 81' lang='grc' dir='ltr'>προηγουμένως</span> <span class='ocrx_word' id='word_1_752' title='bbox 2418 5311 2509 5362; x_wconf 88' lang='grc' dir='ltr'>τὸν</span> <span class='ocrx_word' id='word_1_753' title='bbox 2551 5308 2778 5380; x_wconf 83' lang='grc' dir='ltr'>Χριστὸν</span> <span class='ocrx_word' id='word_1_754' title='bbox 2827 5303 3293 5373; x_wconf 75' lang='grc' dir='ltr'>ἐπιδεδημηκέναι.</span> 
     </span>
    </p>
   </div>
   <div class='ocr_carea' id='block_1_115' title="bbox 1751 5379 3293 5442">
    <p class='ocr_par' dir='ltr' id='par_1_115' title="bbox 1751 5379 3293 5442">
     <span class='ocr_line' id='line_1_115' title="bbox 1751 5379 3293 5442; baseline -0.005 -8"><span class='ocrx_word' id='word_1_755' title='bbox 1751 5385 1922 5437; x_wconf 88' lang='lat' dir='ltr'><strong>Porro</strong></span> <span class='ocrx_word' id='word_1_756' title='bbox 1953 5381 2005 5431; x_wconf 92' lang='lat' dir='ltr'><strong>iu</strong></span> <span class='ocrx_word' id='word_1_757' title='bbox 2040 5379 2224 5439; x_wconf 75' lang='lat' dir='ltr'><strong>codice</strong></span> <span class='ocrx_word' id='word_1_758' title='bbox 2248 5379 2386 5432; x_wconf 78' lang='lat' dir='ltr'><strong>Maz.</strong></span> <span class='ocrx_word' id='word_1_759' title='bbox 2419 5397 2482 5433; x_wconf 90' lang='lat' dir='ltr'><strong>ac</strong></span> <span class='ocrx_word' id='word_1_760' title='bbox 2521 5381 2660 5433; x_wconf 79' lang='lat' dir='ltr'><strong>Med.</strong></span> <span class='ocrx_word' id='word_1_761' title='bbox 2687 5380 2735 5429; x_wconf 87' lang='lat' dir='ltr'><strong>id</strong></span> <span class='ocrx_word' id='word_1_762' title='bbox 2767 5386 2956 5427; x_wconf 82' lang='lat' dir='ltr'><strong>nomen</strong></span> <span class='ocrx_word' id='word_1_763' title='bbox 2999 5389 3118 5424; x_wconf 89' lang='lat' dir='ltr'><strong>cum</strong></span> <span class='ocrx_word' id='word_1_764' title='bbox 3145 5391 3293 5442; x_wconf 80' lang='lat' dir='ltr'><strong>aSpe-</strong></span> 
     </span>
    </p>
   </div>
   <div class='ocr_carea' id='block_1_116' title="bbox 1752 5442 3294 5516">
    <p class='ocr_par' dir='ltr' id='par_1_116' title="bbox 1752 5442 3294 5516">
     <span class='ocr_line' id='line_1_116' title="bbox 1752 5442 3294 5516; baseline -0.006 -11"><span class='ocrx_word' id='word_1_765' title='bbox 1752 5467 1811 5505; x_wconf 92' lang='lat' dir='ltr'><strong>ro</strong></span> <span class='ocrx_word' id='word_1_766' title='bbox 1839 5449 2028 5516; x_wconf 88' lang='lat' dir='ltr'><strong>spiritu</strong></span> <span class='ocrx_word' id='word_1_767' title='bbox 2058 5450 2416 5515; x_wconf 75' lang='lat' dir='ltr'><strong>perscriptum</strong></span> <span class='ocrx_word' id='word_1_768' title='bbox 2450 5458 2553 5511; x_wconf 90' lang='lat' dir='ltr'><strong>est,</strong></span> <span class='ocrx_word' id='word_1_769' title='bbox 2592 5445 2838 5516; x_wconf 91' lang='lat' dir='ltr'><strong>tum_hoc</strong></span> <span class='ocrx_word' id='word_1_770' title='bbox 2895 5442 2967 5516; x_wconf 86' lang='lat' dir='ltr'><strong>in_</strong></span> <span class='ocrx_word' id='word_1_771' title='bbox 2997 5442 3134 5516; x_wconf 61' lang='lat' dir='ltr'><strong>loco,</strong></span> <span class='ocrx_word' id='word_1_772' title='bbox 3189 5443 3294 5496; x_wconf 65' lang='lat' dir='ltr'><strong>tum</strong></span> 
     </span>
    </p>
   </div>
   <div class='ocr_carea' id='block_1_117' title="bbox 1753 5511 3295 5588">
    <p class='ocr_par' dir='ltr' id='par_1_117' title="bbox 1753 5511 3295 5588">
     <span class='ocr_line' id='line_1_117' title="bbox 1753 5511 3295 5588; baseline -0.002 -17"><span class='ocrx_word' id='word_1_773' title='bbox 1753 5522 1805 5572; x_wconf 92' lang='lat' dir='ltr'><strong>in</strong></span> <span class='ocrx_word' id='word_1_774' title='bbox 1837 5511 1974 5572; x_wconf 78' lang='lat' dir='ltr'><strong>libro</strong></span> <span class='ocrx_word' id='word_1_775' title='bbox 2003 5511 2176 5588; x_wconf 37' lang='lat' dir='ltr'><strong>sefxtp,</strong></span> <span class='ocrx_word' id='word_1_776' title='bbox 2221 5511 2328 5571; x_wconf 80' lang='lat' dir='ltr'><strong>ubi</strong></span> <span class='ocrx_word' id='word_1_777' title='bbox 2366 5520 2544 5588; x_wconf 86' lang='lat' dir='ltr'><strong>agitur</strong></span> <span class='ocrx_word' id='word_1_778' title='bbox 2586 5517 2653 5570; x_wconf 90' lang='lat' dir='ltr'><strong>de</strong></span> <span class='ocrx_word' id='word_1_779' title='bbox 2702 5511 3048 5582; x_wconf 86' lang='lat' dir='ltr'><strong>Symmacho,</strong></span> <span class='ocrx_word' id='word_1_780' title='bbox 3086 5513 3295 5568; x_wconf 74' lang='lat' dir='ltr'><strong>Veteris</strong></span> 
     </span>
    </p>
   </div>
   <div class='ocr_carea' id='block_1_118' title="bbox 1750 5586 2420 5652">
    <p class='ocr_par' dir='ltr' id='par_1_118' title="bbox 1750 5586 2420 5652">
     <span class='ocr_line' id='line_1_118' title="bbox 1750 5586 2420 5652; baseline -0.004 -9"><span class='ocrx_word' id='word_1_781' title='bbox 1750 5586 2074 5643; x_wconf 87' lang='lat' dir='ltr'><strong>Testamenli</strong></span> <span class='ocrx_word' id='word_1_782' title='bbox 2113 5586 2420 5652; x_wconf 66' lang='lat' dir='ltr'><strong>interprete.</strong></span> 
     </span>
    </p>
   </div>
   <div class='ocr_carea' id='block_1_119' title="bbox 1823 5652 3304 5727">
    <p class='ocr_par' dir='ltr' id='par_1_119' title="bbox 1823 5652 3304 5727">
     <span class='ocr_line' id='line_1_119' title="bbox 1823 5652 3304 5727; baseline -0.001 -19"><span class='ocrx_word' id='word_1_783' title='bbox 1823 5655 1932 5727; x_wconf 69' lang='grc'>(40)</span> <span class='ocrx_word' id='word_1_784' title='bbox 1963 5654 2164 5708; x_wconf 76' lang='grc' dir='ltr'>Θέλων</span> <span class='ocrx_word' id='word_1_785' title='bbox 2187 5656 2448 5725; x_wconf 64' lang='grc' dir='ltr'><strong>πλανᾷν.</strong></span> <span class='ocrx_word' id='word_1_786' title='bbox 2486 5652 2729 5722; x_wconf 83' lang='grc' dir='ltr'>Σπλανᾷν</span> <span class='ocrx_word' id='word_1_787' title='bbox 2769 5652 2820 5705; x_wconf 86' lang='lat' dir='ltr'><strong>in</strong></span> <span class='ocrx_word' id='word_1_788' title='bbox 2861 5652 3097 5727; x_wconf 66' lang='lat' dir='ltr'><strong>editione</strong></span> <span class='ocrx_word' id='word_1_789' title='bbox 3153 5652 3304 5707; x_wconf 77' lang='lat' dir='ltr'><strong>Rob.-</strong></span> 
     </span>
    </p>
   </div>
   <div class='ocr_carea' id='block_1_120' title="bbox 1752 5722 3289 5785">
    <p class='ocr_par' dir='ltr' id='par_1_120' title="bbox 1752 5722 3289 5785">
     <span class='ocr_line' id='line_1_120' title="bbox 1752 5722 3289 5785; baseline -0.005 -1"><span class='ocrx_word' id='word_1_790' title='bbox 1752 5722 2008 5785; x_wconf 61' lang='lat' dir='ltr'><strong>Stevh&#39;ani</strong></span> <span class='ocrx_word' id='word_1_791' title='bbox 2040 5728 2226 5782; x_wconf 84' lang='lat' dir='ltr'><strong>nescio</strong></span> <span class='ocrx_word' id='word_1_792' title='bbox 2247 5722 2352 5784; x_wconf 77' lang='lat' dir='ltr'><strong>nuo</strong></span> <span class='ocrx_word' id='word_1_793' title='bbox 2378 5741 2506 5781; x_wconf 88' lang='lat' dir='ltr'><strong>casu</strong></span> <span class='ocrx_word' id='word_1_794' title='bbox 2527 5736 2784 5779; x_wconf 76' lang='lat' dir='ltr'><strong>excusem</strong></span> <span class='ocrx_word' id='word_1_795' title='bbox 2815 5731 2920 5780; x_wconf 88' lang='lat' dir='ltr'><strong>est.</strong></span> <span class='ocrx_word' id='word_1_796' title='bbox 2955 5722 3124 5779; x_wconf 69' lang='lat' dir='ltr'><strong>Quem</strong></span> <span class='ocrx_word' id='word_1_797' title='bbox 3153 5734 3289 5777; x_wconf 79' lang='grc' dir='ltr'>ινύυ·</span> 
     </span>
    </p>
   </div>
  </div>
