  <div class='ocr_page' id='page_1' title='image "/cluster/home/n/w/nwhite01/storage/ocr_20150623/20/pst.000005712052/147.png"; bbox 0 0 3934 6342; ppageno 0'>
   <div class='ocr_carea' id='block_1_1' title="bbox 572 333 681 392">
    <p class='ocr_par' dir='ltr' id='par_1_1' title="bbox 572 333 681 392">
     <span class='ocr_line' id='line_1_1' title="bbox 572 333 681 392; baseline 0 0"><span class='ocrx_word' id='word_1_1' title='bbox 572 333 681 392; x_wconf 75' lang='grc' dir='ltr'><strong>⁴ΓΙ9</strong></span> 
     </span>
    </p>
   </div>
   <div class='ocr_carea' id='block_1_2' title="bbox 1285 321 3088 386">
    <p class='ocr_par' dir='ltr' id='par_1_2' title="bbox 1285 321 3088 386">
     <span class='ocr_line' id='line_1_2' title="bbox 1285 321 3088 386; baseline -0.003 -2"><span class='ocrx_word' id='word_1_2' title='bbox 1285 329 1556 386; x_wconf 86' lang='lat' dir='ltr'><strong>EUSEBll</strong></span> <span class='ocrx_word' id='word_1_3' title='bbox 1591 325 2069 386; x_wconf 70' lang='lat' dir='ltr'><strong>CESARIENSIS</strong></span> <span class='ocrx_word' id='word_1_4' title='bbox 2109 324 2260 380; x_wconf 90' lang='lat' dir='ltr'><strong>OPP.</strong></span> <span class='ocrx_word' id='word_1_5' title='bbox 2301 323 2480 378; x_wconf 80' lang='lat' dir='ltr'><strong>PARS</strong></span> <span class='ocrx_word' id='word_1_6' title='bbox 2518 324 2558 378; x_wconf 88' lang='lat' dir='ltr'><strong>l.</strong></span> <span class='ocrx_word' id='word_1_7' title='bbox 2599 347 2670 365; x_wconf 70' lang='lat'><strong>——</strong></span> <span class='ocrx_word' id='word_1_8' title='bbox 2705 321 3088 378; x_wconf 79' lang='lat' dir='ltr'><strong>HISTOBJCA.</strong></span> 
     </span>
    </p>
   </div>
   <div class='ocr_carea' id='block_1_3' title="bbox 3678 328 3764 383">
    <p class='ocr_par' dir='ltr' id='par_1_3' title="bbox 3678 328 3764 383">
     <span class='ocr_line' id='line_1_3' title="bbox 3678 328 3764 383; baseline 0.023 -2"><span class='ocrx_word' id='word_1_9' title='bbox 3678 328 3764 383; x_wconf 68' lang='lat'><strong>280</strong></span> 
     </span>
    </p>
   </div>
   <div class='ocr_carea' id='block_1_4' title="bbox 576 433 2148 520">
    <p class='ocr_par' dir='ltr' id='par_1_4' title="bbox 576 449 2136 520">
     <span class='ocr_line' id='line_1_4' title="bbox 576 449 2136 520; baseline -0.005 -13"><span class='ocrx_word' id='word_1_10' title='bbox 576 455 793 508; x_wconf 84' lang='lat' dir='ltr'><strong>nomine</strong></span> <span class='ocrx_word' id='word_1_11' title='bbox 837 449 1269 520; x_wconf 89' lang='lat' dir='ltr'><strong>compellantem,</strong></span> <span class='ocrx_word' id='word_1_12' title='bbox 1319 451 1622 504; x_wconf 87' lang='lat' dir='ltr'><strong>hortatorio</strong></span> <span class='ocrx_word' id='word_1_13' title='bbox 1672 459 1727 504; x_wconf 91' lang='lat' dir='ltr'><strong>et</strong></span> <span class='ocrx_word' id='word_1_14' title='bbox 1773 449 2136 503; x_wconf 82' lang='lat' dir='ltr'><strong>consolatorie</strong></span> 
     </span>
    </p>
   </div>
   <div class='ocr_carea' id='block_1_5' title="bbox 2254 433 3808 520">
    <p class='ocr_par' dir='ltr' id='par_1_5' title="bbox 2254 433 3808 513">
     <span class='ocr_line' id='line_1_5' title="bbox 2254 433 3808 513; baseline 0.001 -17"><span class='ocrx_word' id='word_1_15' title='bbox 2254 444 2518 513; x_wconf 66' lang='lat' dir='ltr'><strong>iiépv&#39;qao,</strong></span> <span class='ocrx_word' id='word_1_16' title='bbox 2560 438 2605 495; x_wconf 81' lang='grc' dir='ltr'><strong>ὦ</strong></span> <span class='ocrx_word' id='word_1_17' title='bbox 2631 442 2798 511; x_wconf 74' lang='grc' dir='ltr'>αὕτη,</span> <span class='ocrx_word' id='word_1_18' title='bbox 2831 443 2922 494; x_wconf 82' lang='grc' dir='ltr'>τοῦ</span> <span class='ocrx_word' id='word_1_19' title='bbox 2961 442 3185 513; x_wconf 79' lang='grc' dir='ltr'><strong>Κυρίου.</strong></span> <span class='ocrx_word' id='word_1_20' title='bbox 3243 442 3489 504; x_wconf 79' lang='grc' dir='ltr'>Τοιοῦτος</span> <span class='ocrx_word' id='word_1_21' title='bbox 3518 438 3586 513; x_wconf 79' lang='grc' dir='ltr'>ἦν</span> <span class='ocrx_word' id='word_1_22' title='bbox 3621 445 3648 497; x_wconf 82' lang='grc' dir='ltr'>ὁ</span> <span class='ocrx_word' id='word_1_23' title='bbox 3679 446 3766 498; x_wconf 76' lang='grc' dir='ltr'>τῶν</span> <span class='ocrx_word' id='word_1_24' title='bbox 3802 433 3808 440; x_wconf 61' lang='grc'><strong>’</strong></span> 
     </span>
    </p>
   </div>
   <div class='ocr_carea' id='block_1_6' title="bbox 575 540 2128 604">
    <p class='ocr_par' dir='ltr' id='par_1_6' title="bbox 575 540 2128 604">
     <span class='ocr_line' id='line_1_6' title="bbox 575 540 2128 604; baseline -0.003 -10"><span class='ocrx_word' id='word_1_25' title='bbox 575 545 719 600; x_wconf 77' lang='lat' dir='ltr'><strong>vocis</strong></span> <span class='ocrx_word' id='word_1_26' title='bbox 751 558 882 598; x_wconf 88' lang='lat' dir='ltr'><strong>sono</strong></span> <span class='ocrx_word' id='word_1_27' title='bbox 919 543 1283 598; x_wconf 85' lang='lat' dir='ltr'><strong>inclamasse:</strong></span> <span class='ocrx_word' id='word_1_28' title='bbox 1313 541 1527 604; x_wconf 85' lang='lat' dir='ltr'><strong>Mulier,</strong></span> <span class='ocrx_word' id='word_1_29' title='bbox 1583 549 1850 595; x_wconf 87' lang='lat' dir='ltr'><strong>memento</strong></span> <span class='ocrx_word' id='word_1_30' title='bbox 1897 540 2128 594; x_wconf 88' lang='lat' dir='ltr'><strong>Domini.</strong></span> 
     </span>
    </p>
   </div>
   <div class='ocr_carea' id='block_1_7' title="bbox 576 631 2128 705">
    <p class='ocr_par' dir='ltr' id='par_1_7' title="bbox 576 631 2128 705">
     <span class='ocr_line' id='line_1_7' title="bbox 576 631 2128 705; baseline -0.004 -17"><span class='ocrx_word' id='word_1_31' title='bbox 576 636 884 705; x_wconf 86' lang='lat' dir='ltr'><strong>llujusmodi</strong></span> <span class='ocrx_word' id='word_1_32' title='bbox 921 641 1081 688; x_wconf 87' lang='lat' dir='ltr'><strong>erant</strong></span> <span class='ocrx_word' id='word_1_33' title='bbox 1108 642 1416 688; x_wconf 89' lang='lat' dir='ltr'><strong>sanctorum</strong></span> <span class='ocrx_word' id='word_1_34' title='bbox 1451 632 1716 686; x_wconf 89' lang='lat' dir='ltr'><strong>connubia</strong></span> <span class='ocrx_word' id='word_1_35' title='bbox 1752 650 1766 684; x_wconf 91' lang='lat'><strong>:</strong></span> <span class='ocrx_word' id='word_1_36' title='bbox 1824 631 2128 700; x_wconf 77' lang='lat' dir='ltr'><strong>huiusmodi</strong></span> 
     </span>
    </p>
   </div>
   <div class='ocr_carea' id='block_1_8' title="bbox 573 717 2135 790">
    <p class='ocr_par' dir='ltr' id='par_1_8' title="bbox 573 717 2135 790">
     <span class='ocr_line' id='line_1_8' title="bbox 573 717 2135 790; baseline -0.003 -15"><span class='ocrx_word' id='word_1_37' title='bbox 573 723 1145 778; x_wconf 86' lang='lat' dir='ltr'><strong>eratcharissimorum</strong></span> <span class='ocrx_word' id='word_1_38' title='bbox 1169 720 1403 790; x_wconf 89' lang='lat' dir='ltr'><strong>perfecta</strong></span> <span class='ocrx_word' id='word_1_39' title='bbox 1418 720 1682 775; x_wconf 65' lang='lat' dir='ltr'><strong>dilectio.»</strong></span> <span class='ocrx_word' id='word_1_40' title='bbox 1712 721 1885 786; x_wconf 84' lang='lat' dir='ltr'><strong>Atque</strong></span> <span class='ocrx_word' id='word_1_41' title='bbox 1912 717 2025 772; x_wconf 63' lang='lat' dir='ltr'><strong>haec</strong></span> <span class='ocrx_word' id='word_1_42' title='bbox 2052 729 2135 771; x_wconf 87' lang='lat' dir='ltr'><strong>ut-</strong></span> 
     </span>
    </p>
   </div>
   <div class='ocr_carea' id='block_1_9' title="bbox 575 795 2130 884">
    <p class='ocr_par' dir='ltr' id='par_1_9' title="bbox 575 795 2130 884">
     <span class='ocr_line' id='line_1_9' title="bbox 575 795 2130 884; baseline -0.005 -15"><span class='ocrx_word' id='word_1_43' title='bbox 575 824 698 882; x_wconf 87' lang='lat' dir='ltr'><strong>pote</strong></span> <span class='ocrx_word' id='word_1_44' title='bbox 714 795 964 884; x_wconf 64' lang='lat' dir='ltr'><strong>praisenti</strong></span> <span class='ocrx_word' id='word_1_45' title='bbox 979 824 1293 881; x_wconf 82' lang='lat' dir='ltr'><strong>argumento</strong></span> <span class='ocrx_word' id='word_1_46' title='bbox 1309 811 1728 874; x_wconf 76' lang='lat' dir='ltr'><strong>accommodata,</strong></span> <span class='ocrx_word' id='word_1_47' title='bbox 1749 819 2052 879; x_wconf 75' lang='lat' dir='ltr'><strong>opportune</strong></span> <span class='ocrx_word' id='word_1_48' title='bbox 2079 811 2130 862; x_wconf 93' lang='lat' dir='ltr'><strong>in</strong></span> 
     </span>
    </p>
   </div>
   <div class='ocr_carea' id='block_1_10' title="bbox 575 903 1296 972">
    <p class='ocr_par' dir='ltr' id='par_1_10' title="bbox 575 903 1296 972">
     <span class='ocr_line' id='line_1_10' title="bbox 575 903 1296 972; baseline -0.006 -14"><span class='ocrx_word' id='word_1_49' title='bbox 575 905 716 972; x_wconf 81' lang='lat' dir='ltr'><strong>hunc</strong></span> <span class='ocrx_word' id='word_1_50' title='bbox 742 905 919 960; x_wconf 91' lang='lat' dir='ltr'><strong>locum</strong></span> <span class='ocrx_word' id='word_1_51' title='bbox 947 903 1296 970; x_wconf 73' lang='lat' dir='ltr'><strong>coniecimus.</strong></span> 
     </span>
    </p>
   </div>
   <div class='ocr_carea' id='block_1_11' title="bbox 1117 990 1568 1047">
    <p class='ocr_par' dir='ltr' id='par_1_11' title="bbox 1117 990 1568 1047">
     <span class='ocr_line' id='line_1_11' title="bbox 1117 990 1568 1047; baseline -0.004 -1"><span class='ocrx_word' id='word_1_52' title='bbox 1117 991 1345 1047; x_wconf 75' lang='lat' dir='ltr'><strong>CAPUT</strong></span> <span class='ocrx_word' id='word_1_53' title='bbox 1378 990 1568 1046; x_wconf 81' lang='lat' dir='ltr'><strong>XXX-I.</strong></span> 
     </span>
    </p>
   </div>
   <div class='ocr_carea' id='block_1_12' title="bbox 919 1081 1780 1151">
    <p class='ocr_par' dir='ltr' id='par_1_12' title="bbox 919 1081 1780 1151">
     <span class='ocr_line' id='line_1_12' title="bbox 919 1081 1780 1151; baseline -0.001 -14"><span class='ocrx_word' id='word_1_54' title='bbox 919 1083 997 1137; x_wconf 80' lang='lat' dir='ltr'><strong>De</strong></span> <span class='ocrx_word' id='word_1_55' title='bbox 1019 1081 1243 1137; x_wconf 76' lang='lat' dir='ltr'><strong>Joannis</strong></span> <span class='ocrx_word' id='word_1_56' title='bbox 1275 1081 1321 1136; x_wconf 76' lang='lat' dir='ltr'><strong>et</strong></span> <span class='ocrx_word' id='word_1_57' title='bbox 1355 1082 1585 1151; x_wconf 73' lang='lat' dir='ltr'><strong>Philippi</strong></span> <span class='ocrx_word' id='word_1_58' title='bbox 1619 1082 1780 1136; x_wconf 76' lang='lat' dir='ltr'><strong>obitu.</strong></span> 
     </span>
    </p>
   </div>
   <div class='ocr_carea' id='block_1_13' title="bbox 652 1238 2134 1309">
    <p class='ocr_par' dir='ltr' id='par_1_13' title="bbox 652 1238 2134 1309">
     <span class='ocr_line' id='line_1_13' title="bbox 652 1238 2134 1309; baseline -0.003 -13"><span class='ocrx_word' id='word_1_59' title='bbox 652 1243 724 1296; x_wconf 90' lang='lat' dir='ltr'><strong>De</strong></span> <span class='ocrx_word' id='word_1_60' title='bbox 758 1241 922 1294; x_wconf 89' lang='lat' dir='ltr'><strong>Paulo</strong></span> <span class='ocrx_word' id='word_1_61' title='bbox 950 1241 1166 1309; x_wconf 84' lang='lat' dir='ltr'><strong>quidem</strong></span> <span class='ocrx_word' id='word_1_62' title='bbox 1221 1250 1276 1293; x_wconf 92' lang='lat' dir='ltr'><strong>et</strong></span> <span class='ocrx_word' id='word_1_63' title='bbox 1311 1238 1495 1305; x_wconf 84' lang='lat' dir='ltr'><strong>Petro,</strong></span> <span class='ocrx_word' id='word_1_64' title='bbox 1551 1241 1868 1308; x_wconf 57' lang='lat' dir='ltr'><strong>tempus&#39;et</strong></span> <span class='ocrx_word' id='word_1_65' title='bbox 1918 1240 2134 1294; x_wconf 92' lang='lat' dir='ltr'><strong>modum</strong></span> 
     </span>
    </p>
   </div>
   <div class='ocr_carea' id='block_1_14' title="bbox 577 1328 2139 1400">
    <p class='ocr_par' dir='ltr' id='par_1_14' title="bbox 577 1328 2139 1400">
     <span class='ocr_line' id='line_1_14' title="bbox 577 1328 2139 1400; baseline -0.002 -16"><span class='ocrx_word' id='word_1_66' title='bbox 577 1334 759 1396; x_wconf 64' lang='lat' dir='ltr'><strong>modis,</strong></span> <span class='ocrx_word' id='word_1_67' title='bbox 797 1333 1083 1400; x_wconf 91' lang='lat' dir='ltr'><strong>locumque</strong></span> <span class='ocrx_word' id='word_1_68' title='bbox 1109 1331 1160 1384; x_wconf 93' lang='lat' dir='ltr'><strong>in</strong></span> <span class='ocrx_word' id='word_1_69' title='bbox 1202 1345 1308 1400; x_wconf 92' lang='lat' dir='ltr'><strong>quo</strong></span> <span class='ocrx_word' id='word_1_70' title='bbox 1331 1331 1594 1383; x_wconf 82' lang='lat' dir='ltr'><strong>cadavera</strong></span> <span class='ocrx_word' id='word_1_71' title='bbox 1631 1331 1867 1397; x_wconf 89' lang='lat' dir='ltr'><strong>ipsorum</strong></span> <span class='ocrx_word' id='word_1_72' title='bbox 1896 1328 2139 1397; x_wconf 85' lang='lat' dir='ltr'><strong>deposita</strong></span> 
     </span>
    </p>
   </div>
   <div class='ocr_carea' id='block_1_15' title="bbox 577 1420 2138 1493">
    <p class='ocr_par' dir='ltr' id='par_1_15' title="bbox 577 1420 2138 1493">
     <span class='ocr_line' id='line_1_15' title="bbox 577 1420 2138 1493; baseline -0.003 -18"><span class='ocrx_word' id='word_1_73' title='bbox 577 1436 721 1485; x_wconf 78' lang='lat' dir='ltr'><strong>sunt,</strong></span> <span class='ocrx_word' id='word_1_74' title='bbox 745 1425 855 1493; x_wconf 90' lang='lat' dir='ltr'><strong>jam</strong></span> <span class='ocrx_word' id='word_1_75' title='bbox 893 1425 1142 1493; x_wconf 87' lang='lat' dir='ltr'><strong>superius</strong></span> <span class='ocrx_word' id='word_1_76' title='bbox 1175 1423 1476 1477; x_wconf 70' lang='lat' dir='ltr'><strong>retulimus.</strong></span> <span class='ocrx_word' id='word_1_77' title='bbox 1517 1421 1590 1474; x_wconf 91' lang='lat' dir='ltr'><strong>De</strong></span> <span class='ocrx_word' id='word_1_78' title='bbox 1611 1420 1820 1475; x_wconf 91' lang='lat' dir='ltr'><strong>Joanne</strong></span> <span class='ocrx_word' id='word_1_79' title='bbox 1843 1435 1975 1474; x_wconf 83' lang='lat' dir='ltr'><strong>vero</strong></span> <span class='ocrx_word' id='word_1_80' title='bbox 1998 1429 2138 1473; x_wconf 87' lang='lat' dir='ltr'><strong>tem-</strong></span> 
     </span>
    </p>
   </div>
   <div class='ocr_carea' id='block_1_16' title="bbox 578 1512 2134 1585">
    <p class='ocr_par' dir='ltr' id='par_1_16' title="bbox 578 1512 2134 1585">
     <span class='ocr_line' id='line_1_16' title="bbox 578 1512 2134 1585; baseline -0.004 -17"><span class='ocrx_word' id='word_1_81' title='bbox 578 1532 678 1581; x_wconf 93' lang='lat' dir='ltr'><strong>pus</strong></span> <span class='ocrx_word' id='word_1_82' title='bbox 707 1516 920 1585; x_wconf 86' lang='lat' dir='ltr'><strong>quidem</strong></span> <span class='ocrx_word' id='word_1_83' title='bbox 949 1519 1121 1584; x_wconf 91' lang='lat' dir='ltr'><strong>ipsum</strong></span> <span class='ocrx_word' id='word_1_84' title='bbox 1159 1515 1336 1582; x_wconf 87' lang='lat' dir='ltr'><strong>aliqua</strong></span> <span class='ocrx_word' id='word_1_85' title='bbox 1375 1529 1438 1566; x_wconf 82' lang='lat' dir='ltr'><strong>ex</strong></span> <span class='ocrx_word' id='word_1_86' title='bbox 1495 1523 1654 1581; x_wconf 89' lang='lat' dir='ltr'><strong>parte</strong></span> <span class='ocrx_word' id='word_1_87' title='bbox 1684 1512 2090 1580; x_wconf 81' lang='lat' dir='ltr'><strong>designavimus</strong></span> <span class='ocrx_word' id='word_1_88' title='bbox 2121 1530 2134 1562; x_wconf 91' lang='lat'><strong>:</strong></span> 
     </span>
    </p>
   </div>
   <div class='ocr_carea' id='block_1_17' title="bbox 579 1601 2136 1673">
    <p class='ocr_par' dir='ltr' id='par_1_17' title="bbox 579 1601 2136 1673">
     <span class='ocr_line' id='line_1_17' title="bbox 579 1601 2136 1673; baseline -0.003 -14"><span class='ocrx_word' id='word_1_89' title='bbox 579 1612 725 1662; x_wconf 89' lang='lat' dir='ltr'><strong>locus</strong></span> <span class='ocrx_word' id='word_1_90' title='bbox 761 1622 890 1660; x_wconf 80' lang='lat' dir='ltr'><strong>vero</strong></span> <span class='ocrx_word' id='word_1_91' title='bbox 922 1608 974 1659; x_wconf 93' lang='lat' dir='ltr'><strong>in</strong></span> <span class='ocrx_word' id='word_1_92' title='bbox 1031 1620 1137 1673; x_wconf 92' lang='lat' dir='ltr'><strong>quo</strong></span> <span class='ocrx_word' id='word_1_93' title='bbox 1169 1605 1411 1669; x_wconf 90' lang='lat' dir='ltr'><strong>sepultus</strong></span> <span class='ocrx_word' id='word_1_94' title='bbox 1463 1612 1568 1664; x_wconf 90' lang='lat' dir='ltr'><strong>est,</strong></span> <span class='ocrx_word' id='word_1_95' title='bbox 1597 1617 1664 1654; x_wconf 79' lang='lat' dir='ltr'><strong>ex</strong></span> <span class='ocrx_word' id='word_1_96' title='bbox 1698 1601 2003 1670; x_wconf 87' lang='lat' dir='ltr'><strong>Polycratis</strong></span> <span class='ocrx_word' id='word_1_97' title='bbox 2047 1601 2136 1668; x_wconf 92' lang='lat' dir='ltr'><strong>qui</strong></span> 
     </span>
    </p>
   </div>
   <div class='ocr_carea' id='block_1_18' title="bbox 583 1691 2140 1768">
    <p class='ocr_par' dir='ltr' id='par_1_18' title="bbox 583 1691 2140 1768">
     <span class='ocr_line' id='line_1_18' title="bbox 583 1691 2140 1768; baseline -0.005 -16"><span class='ocrx_word' id='word_1_98' title='bbox 583 1699 969 1768; x_wconf 80' lang='lat' dir='ltr'><strong>Ephesinorum</strong></span> <span class='ocrx_word' id='word_1_99' title='bbox 1007 1695 1262 1748; x_wconf 73' lang='lat' dir='ltr'><strong>Ecclesia:</strong></span> <span class='ocrx_word' id='word_1_100' title='bbox 1297 1695 1583 1760; x_wconf 89' lang='lat' dir='ltr'><strong>episcopus</strong></span> <span class='ocrx_word' id='word_1_101' title='bbox 1617 1691 1747 1750; x_wconf 83' lang='lat' dir='ltr'><strong>fuit,</strong></span> <span class='ocrx_word' id='word_1_102' title='bbox 1779 1691 2005 1759; x_wconf 90' lang='lat' dir='ltr'><strong>epistola</strong></span> <span class='ocrx_word' id='word_1_103' title='bbox 2047 1691 2140 1745; x_wconf 82' lang='lat' dir='ltr'><strong>de-</strong></span> 
     </span>
    </p>
   </div>
   <div class='ocr_carea' id='block_1_19' title="bbox 2237 533 3766 605">
    <p class='ocr_par' dir='ltr' id='par_1_19' title="bbox 2237 533 3766 605">
     <span class='ocr_line' id='line_1_19' title="bbox 2237 533 3766 605; baseline 0 -18"><span class='ocrx_word' id='word_1_104' title='bbox 2237 535 2522 605; x_wconf 85' lang='grc' dir='ltr'>μακαρίων</span> <span class='ocrx_word' id='word_1_105' title='bbox 2555 533 2750 603; x_wconf 82' lang='grc' dir='ltr'><strong>γάμος,</strong></span> <span class='ocrx_word' id='word_1_106' title='bbox 2781 535 2876 586; x_wconf 75' lang='grc' dir='ltr'><strong>καὶ</strong></span> <span class='ocrx_word' id='word_1_107' title='bbox 2908 537 2942 604; x_wconf 79' lang='grc' dir='ltr'>ἡ</span> <span class='ocrx_word' id='word_1_108' title='bbox 2977 533 3083 586; x_wconf 82' lang='grc' dir='ltr'><strong>τῶν</strong></span> <span class='ocrx_word' id='word_1_109' title='bbox 3113 533 3380 601; x_wconf 84' lang='grc' dir='ltr'><strong>φιλτάτων</strong></span> <span class='ocrx_word' id='word_1_110' title='bbox 3406 533 3584 585; x_wconf 87' lang='grc' dir='ltr'>τελεία</span> <span class='ocrx_word' id='word_1_111' title='bbox 3613 535 3766 588; x_wconf 71' lang='grc' dir='ltr'>διάθε-</span> 
     </span>
    </p>
   </div>
   <div class='ocr_carea' id='block_1_20' title="bbox 2236 623 3768 694">
    <p class='ocr_par' dir='ltr' id='par_1_20' title="bbox 2236 623 3768 694">
     <span class='ocr_line' id='line_1_20' title="bbox 2236 623 3768 694; baseline 0.001 -18"><span class='ocrx_word' id='word_1_112' title='bbox 2236 642 2336 687; x_wconf 89' lang='grc' dir='ltr'>σις.</span> <span class='ocrx_word' id='word_1_113' title='bbox 2379 645 2396 675; x_wconf 76' lang='grc' dir='ltr'><strong>ι</strong></span> <span class='ocrx_word' id='word_1_114' title='bbox 2424 625 2534 676; x_wconf 74' lang='grc' dir='ltr'>Καὶ</span> <span class='ocrx_word' id='word_1_115' title='bbox 2563 625 2734 675; x_wconf 82' lang='grc' dir='ltr'>ταῦτα</span> <span class='ocrx_word' id='word_1_116' title='bbox 2758 626 2803 676; x_wconf 87' lang='grc' dir='ltr'><strong>δ’</strong></span> <span class='ocrx_word' id='word_1_117' title='bbox 2835 626 3007 676; x_wconf 89' lang='grc' dir='ltr'>οἰκεῖα</span> <span class='ocrx_word' id='word_1_118' title='bbox 3036 624 3165 678; x_wconf 84' lang='grc' dir='ltr'>ὄντα</span> <span class='ocrx_word' id='word_1_119' title='bbox 3186 627 3252 693; x_wconf 84' lang='grc' dir='ltr'>τῇ</span> <span class='ocrx_word' id='word_1_120' title='bbox 3285 623 3421 694; x_wconf 85' lang='grc' dir='ltr'><strong>μετά</strong></span> <span class='ocrx_word' id='word_1_121' title='bbox 3451 627 3635 694; x_wconf 87' lang='grc' dir='ltr'>χεῖρας</span> <span class='ocrx_word' id='word_1_122' title='bbox 3657 625 3768 678; x_wconf 76' lang='grc' dir='ltr'>ὑπο-</span> 
     </span>
    </p>
   </div>
   <div class='ocr_carea' id='block_1_21' title="bbox 2235 713 3413 785">
    <p class='ocr_par' dir='ltr' id='par_1_21' title="bbox 2235 713 3413 785">
     <span class='ocr_line' id='line_1_21' title="bbox 2235 713 3413 785; baseline 0.001 -19"><span class='ocrx_word' id='word_1_123' title='bbox 2235 714 2403 775; x_wconf 84' lang='grc' dir='ltr'>Θέσει,</span> <span class='ocrx_word' id='word_1_124' title='bbox 2433 713 2666 766; x_wconf 79' lang='grc' dir='ltr'>ἐνταῦθά</span> <span class='ocrx_word' id='word_1_125' title='bbox 2691 731 2779 783; x_wconf 88' lang='grc' dir='ltr'><strong>μοι</strong></span> <span class='ocrx_word' id='word_1_126' title='bbox 2806 715 2946 767; x_wconf 83' lang='grc' dir='ltr'>κατὰ</span> <span class='ocrx_word' id='word_1_127' title='bbox 2970 714 3158 785; x_wconf 85' lang='grc' dir='ltr'>καιρὸν</span> <span class='ocrx_word' id='word_1_128' title='bbox 3187 715 3413 768; x_wconf 79' lang='grc' dir='ltr'>κείσθω.-</span> 
     </span>
    </p>
   </div>
   <div class='ocr_carea' id='block_1_22' title="bbox 2735 938 3371 1028">
    <p class='ocr_par' dir='ltr' id='par_1_22' title="bbox 2735 938 3371 1028">
     <span class='ocr_line' id='line_1_22' title="bbox 2735 938 3371 1028; baseline 0.005 -3"><span class='ocrx_word' id='word_1_129' title='bbox 2735 974 3126 1027; x_wconf 77' lang='grc' dir='ltr'><strong>ΚΕΦΑΛΑΙΟΝ</strong></span> <span class='ocrx_word' id='word_1_130' title='bbox 3155 975 3279 1028; x_wconf 80' lang='lat' dir='ltr'><strong>AA&#39;.</strong></span> <span class='ocrx_word' id='word_1_131' title='bbox 3366 938 3371 942; x_wconf 55' lang='grc'><em>’</em></span> 
     </span>
    </p>
   </div>
   <div class='ocr_carea' id='block_1_23' title="bbox 2221 1064 3473 1147">
    <p class='ocr_par' dir='ltr' id='par_1_23' title="bbox 2221 1064 3473 1147">
     <span class='ocr_line' id='line_1_23' title="bbox 2221 1064 3473 1147; baseline -0.001 -28"><span class='ocrx_word' id='word_1_132' title='bbox 2221 1139 2226 1143; x_wconf 82' lang='lat'><strong>_</strong></span> <span class='ocrx_word' id='word_1_133' title='bbox 2305 1066 2446 1147; x_wconf 77' lang='grc' dir='ltr'>Περὶ</span> <span class='ocrx_word' id='word_1_134' title='bbox 2498 1065 2609 1133; x_wconf 82' lang='grc' dir='ltr'>τῆς</span> <span class='ocrx_word' id='word_1_135' title='bbox 2645 1064 3059 1147; x_wconf 49' lang='grc' dir='ltr'><strong>ἰιιιιᾴξςκουηκιιιζ³</strong></span> <span class='ocrx_word' id='word_1_136' title='bbox 3095 1067 3390 1147; x_wconf 35' lang='lat' dir='ltr'><strong>milng</strong></span> <span class='ocrx_word' id='word_1_137' title='bbox 3440 1082 3473 1117; x_wconf 87' lang='grc' dir='ltr'><em>τ</em></span> 
     </span>
    </p>
   </div>
   <div class='ocr_carea' id='block_1_24' title="bbox 2742 1131 3298 1204">
    <p class='ocr_par' dir='ltr' id='par_1_24' title="bbox 2742 1131 3298 1204">
     <span class='ocr_line' id='line_1_24' title="bbox 2742 1131 3298 1204; baseline 0.002 -18"><span class='ocrx_word' id='word_1_138' title='bbox 2742 1133 2879 1202; x_wconf 88' lang='lat' dir='ltr'><strong>(Nic.</strong></span> <span class='ocrx_word' id='word_1_139' title='bbox 2913 1133 2982 1187; x_wconf 73' lang='grc' dir='ltr'><strong>η.</strong></span> <span class='ocrx_word' id='word_1_140' title='bbox 3011 1131 3079 1186; x_wconf 88' lang='lat' dir='ltr'><strong>E.</strong></span> <span class='ocrx_word' id='word_1_141' title='bbox 3109 1151 3148 1198; x_wconf 88' lang='grc' dir='ltr'><strong>ι,</strong></span> <span class='ocrx_word' id='word_1_142' title='bbox 3185 1136 3298 1204; x_wconf 72' lang='lat'><strong>55).</strong></span> 
     </span>
    </p>
   </div>
   <div class='ocr_carea' id='block_1_25' title="bbox 2306 1219 3772 1300">
    <p class='ocr_par' dir='ltr' id='par_1_25' title="bbox 2306 1219 3772 1300">
     <span class='ocr_line' id='line_1_25' title="bbox 2306 1219 3772 1300; baseline 0.004 -23"><span class='ocrx_word' id='word_1_143' title='bbox 2306 1226 2519 1278; x_wconf 79' lang='grc' dir='ltr'><strong>Παύλου</strong></span> <span class='ocrx_word' id='word_1_144' title='bbox 2575 1227 2672 1295; x_wconf 84' lang='grc' dir='ltr'>μὲν</span> <span class='ocrx_word' id='word_1_145' title='bbox 2718 1219 2810 1300; x_wconf 61' lang='grc' dir='ltr'>οὖν</span> <span class='ocrx_word' id='word_1_146' title='bbox 2850 1225 2944 1278; x_wconf 72' lang='grc' dir='ltr'>καὶ</span> <span class='ocrx_word' id='word_1_147' title='bbox 2988 1226 3194 1298; x_wconf 84' lang='grc' dir='ltr'><strong>Πέτρου</strong></span> <span class='ocrx_word' id='word_1_148' title='bbox 3230 1228 3328 1295; x_wconf 81' lang='grc' dir='ltr'>τῆς</span> <span class='ocrx_word' id='word_1_149' title='bbox 3365 1229 3620 1300; x_wconf 84' lang='grc' dir='ltr'><strong>τελευτῆς</strong></span> <span class='ocrx_word' id='word_1_150' title='bbox 3654 1230 3682 1282; x_wconf 81' lang='grc' dir='ltr'><strong>ὅ</strong></span> <span class='ocrx_word' id='word_1_151' title='bbox 3724 1246 3772 1282; x_wconf 81' lang='grc' dir='ltr'><strong>τε</strong></span> 
     </span>
    </p>
   </div>
   <div class='ocr_carea' id='block_1_26' title="bbox 2237 1315 3775 1390">
    <p class='ocr_par' dir='ltr' id='par_1_26' title="bbox 2237 1315 3775 1390">
     <span class='ocr_line' id='line_1_26' title="bbox 2237 1315 3775 1390; baseline 0.004 -23"><span class='ocrx_word' id='word_1_152' title='bbox 2237 1316 2427 1386; x_wconf 88' lang='grc' dir='ltr'><strong>χρόνος</strong></span> <span class='ocrx_word' id='word_1_153' title='bbox 2470 1315 2563 1368; x_wconf 79' lang='grc' dir='ltr'>καὶ</span> <span class='ocrx_word' id='word_1_154' title='bbox 2613 1318 2642 1367; x_wconf 88' lang='grc' dir='ltr'>ὁ</span> <span class='ocrx_word' id='word_1_155' title='bbox 2683 1315 2905 1386; x_wconf 83' lang='grc' dir='ltr'><strong>τρόπος,</strong></span> <span class='ocrx_word' id='word_1_156' title='bbox 2950 1317 3042 1368; x_wconf 72' lang='grc' dir='ltr'><strong>καὶ</strong></span> <span class='ocrx_word' id='word_1_157' title='bbox 3093 1318 3312 1386; x_wconf 84' lang='grc' dir='ltr'><strong>προσέτι</strong></span> <span class='ocrx_word' id='word_1_158' title='bbox 3363 1321 3461 1389; x_wconf 84' lang='grc' dir='ltr'>τῆς</span> <span class='ocrx_word' id='word_1_159' title='bbox 3508 1319 3644 1390; x_wconf 87' lang='grc' dir='ltr'><strong>μετά</strong></span> <span class='ocrx_word' id='word_1_160' title='bbox 3692 1319 3775 1390; x_wconf 79' lang='grc' dir='ltr'><strong>τὴν</strong></span> 
     </span>
    </p>
   </div>
   <div class='ocr_carea' id='block_1_27' title="bbox 2237 1406 3774 1479">
    <p class='ocr_par' dir='ltr' id='par_1_27' title="bbox 2237 1406 3774 1479">
     <span class='ocr_line' id='line_1_27' title="bbox 2237 1406 3774 1479; baseline 0.003 -20"><span class='ocrx_word' id='word_1_161' title='bbox 2237 1406 2552 1477; x_wconf 79' lang='grc' dir='ltr'>ἀπαλλαγὴν</span> <span class='ocrx_word' id='word_1_162' title='bbox 2601 1406 2692 1458; x_wconf 80' lang='grc' dir='ltr'>τοῦ</span> <span class='ocrx_word' id='word_1_163' title='bbox 2746 1407 2859 1476; x_wconf 85' lang='grc' dir='ltr'>βίου</span> <span class='ocrx_word' id='word_1_164' title='bbox 2913 1406 3020 1460; x_wconf 87' lang='grc' dir='ltr'><strong>τῶν</strong></span> <span class='ocrx_word' id='word_1_165' title='bbox 3073 1409 3438 1479; x_wconf 84' lang='grc' dir='ltr'><strong>σκηνωμάτων</strong></span> <span class='ocrx_word' id='word_1_166' title='bbox 3479 1409 3655 1462; x_wconf 81' lang='grc' dir='ltr'>αὐτῶν</span> <span class='ocrx_word' id='word_1_167' title='bbox 3692 1427 3774 1462; x_wconf 82' lang='grc' dir='ltr'>κα-</span> 
     </span>
    </p>
   </div>
   <div class='ocr_carea' id='block_1_28' title="bbox 2238 1495 3774 1570">
    <p class='ocr_par' dir='ltr' id='par_1_28' title="bbox 2238 1495 3774 1570">
     <span class='ocr_line' id='line_1_28' title="bbox 2238 1495 3774 1570; baseline 0.003 -21"><span class='ocrx_word' id='word_1_168' title='bbox 2238 1497 2508 1558; x_wconf 83' lang='grc' dir='ltr'>ταθέσεως</span> <span class='ocrx_word' id='word_1_169' title='bbox 2552 1498 2581 1547; x_wconf 88' lang='grc' dir='ltr'><strong>ὁ</strong></span> <span class='ocrx_word' id='word_1_170' title='bbox 2620 1495 2816 1568; x_wconf 85' lang='grc' dir='ltr'>χῶρος,</span> <span class='ocrx_word' id='word_1_171' title='bbox 2860 1496 2959 1566; x_wconf 73' lang='grc' dir='ltr'><strong>ἤδη</strong></span> <span class='ocrx_word' id='word_1_172' title='bbox 3009 1497 3269 1566; x_wconf 84' lang='grc' dir='ltr'>πρότερον</span> <span class='ocrx_word' id='word_1_173' title='bbox 3312 1500 3440 1568; x_wconf 78' lang='grc' dir='ltr'>ἡμίν</span> <span class='ocrx_word' id='word_1_174' title='bbox 3484 1499 3774 1570; x_wconf 66' lang='grc' dir='ltr'>δεδήλωται.</span> 
     </span>
    </p>
   </div>
   <div class='ocr_carea' id='block_1_29' title="bbox 2239 1586 3775 1660">
    <p class='ocr_par' dir='ltr' id='par_1_29' title="bbox 2239 1586 3775 1660">
     <span class='ocr_line' id='line_1_29' title="bbox 2239 1586 3775 1660; baseline 0.003 -22"><span class='ocrx_word' id='word_1_175' title='bbox 2239 1587 2344 1638; x_wconf 81' lang='grc' dir='ltr'><strong>Τοῦ</strong></span> <span class='ocrx_word' id='word_1_176' title='bbox 2373 1587 2430 1639; x_wconf 89' lang='grc' dir='ltr'><strong>δὲ</strong></span> <span class='ocrx_word' id='word_1_177' title='bbox 2484 1587 2750 1650; x_wconf 85' lang='grc' dir='ltr'><strong>Ἰωάννου,</strong></span> <span class='ocrx_word' id='word_1_178' title='bbox 2791 1587 2858 1639; x_wconf 82' lang='grc' dir='ltr'>τὰ</span> <span class='ocrx_word' id='word_1_179' title='bbox 2901 1587 2997 1657; x_wconf 77' lang='grc' dir='ltr'>μὲν</span> <span class='ocrx_word' id='word_1_180' title='bbox 3038 1586 3129 1638; x_wconf 82' lang='grc' dir='ltr'>τοῦ</span> <span class='ocrx_word' id='word_1_181' title='bbox 3177 1589 3366 1659; x_wconf 88' lang='grc' dir='ltr'>χρόνου</span> <span class='ocrx_word' id='word_1_182' title='bbox 3412 1590 3511 1660; x_wconf 71' lang='grc' dir='ltr'><strong>ἤδη</strong></span> <span class='ocrx_word' id='word_1_183' title='bbox 3553 1608 3666 1654; x_wconf 81' lang='grc' dir='ltr'><strong>πως</strong></span> <span class='ocrx_word' id='word_1_184' title='bbox 3712 1591 3775 1642; x_wconf 80' lang='grc' dir='ltr'>εί-</span> 
     </span>
    </p>
   </div>
   <div class='ocr_carea' id='block_1_30' title="bbox 2245 1676 3777 1750">
    <p class='ocr_par' dir='ltr' id='par_1_30' title="bbox 2245 1676 3777 1750">
     <span class='ocr_line' id='line_1_30' title="bbox 2245 1676 3777 1750; baseline 0.003 -22"><span class='ocrx_word' id='word_1_185' title='bbox 2245 1694 2422 1747; x_wconf 88' lang='grc' dir='ltr'>ρηται,</span> <span class='ocrx_word' id='word_1_186' title='bbox 2477 1677 2539 1729; x_wconf 83' lang='grc' dir='ltr'><strong>τὸ</strong></span> <span class='ocrx_word' id='word_1_187' title='bbox 2586 1677 2642 1728; x_wconf 80' lang='grc' dir='ltr'><strong>δέ</strong></span> <span class='ocrx_word' id='word_1_188' title='bbox 2690 1694 2752 1744; x_wconf 80' lang='grc' dir='ltr'>γε</span> <span class='ocrx_word' id='word_1_189' title='bbox 2812 1676 2936 1748; x_wconf 66' lang='grc' dir='ltr'>τοῦ,</span> <span class='ocrx_word' id='word_1_190' title='bbox 2962 1677 3313 1747; x_wconf 80' lang='grc' dir='ltr'>σκηνώματός</span> <span class='ocrx_word' id='word_1_191' title='bbox 3371 1679 3531 1731; x_wconf 77' lang='grc' dir='ltr'>αὑτοῦ</span> <span class='ocrx_word' id='word_1_192' title='bbox 3579 1679 3777 1750; x_wconf 77' lang='grc' dir='ltr'>χωρίον,</span> 
     </span>
    </p>
   </div>
   <div class='ocr_carea' id='block_1_31' title="bbox 581 1765 2148 1854">
    <p class='ocr_par' dir='ltr' id='par_1_31' title="bbox 581 1765 2140 1854">
     <span class='ocr_line' id='line_1_31' title="bbox 581 1765 2140 1854; baseline -0.004 -11"><span class='ocrx_word' id='word_1_193' title='bbox 581 1765 927 1843; x_wconf 70' lang='lat' dir='ltr'><strong>monstratur.</strong></span> <span class='ocrx_word' id='word_1_194' title='bbox 963 1786 1019 1839; x_wconf 95' lang='lat' dir='ltr'><strong>ln</strong></span> <span class='ocrx_word' id='word_1_195' title='bbox 1053 1801 1156 1854; x_wconf 87' lang='lat' dir='ltr'><strong>qua</strong></span> <span class='ocrx_word' id='word_1_196' title='bbox 1198 1784 1444 1837; x_wconf 87' lang='lat' dir='ltr'><strong>scribens</strong></span> <span class='ocrx_word' id='word_1_197' title='bbox 1475 1784 1540 1835; x_wconf 91' lang='lat' dir='ltr'><strong>ad</strong></span> <span class='ocrx_word' id='word_1_198' title='bbox 1579 1781 1847 1836; x_wconf 85' lang='lat' dir='ltr'><strong>Victorem</strong></span> <span class='ocrx_word' id='word_1_199' title='bbox 1884 1782 2140 1836; x_wconf 69' lang='lat' dir='ltr'><strong>Romanae</strong></span> 
     </span>
    </p>
   </div>
   <div class='ocr_carea' id='block_1_32' title="bbox 2254 1765 3781 1854">
    <p class='ocr_par' dir='ltr' id='par_1_32' title="bbox 2254 1765 3781 1842">
     <span class='ocr_line' id='line_1_32' title="bbox 2254 1765 3781 1842; baseline 0.001 -21"><span class='ocrx_word' id='word_1_200' title='bbox 2254 1769 2299 1833; x_wconf 63' lang='grc' dir='ltr'>ἐξ</span> <span class='ocrx_word' id='word_1_201' title='bbox 2367 1769 2652 1836; x_wconf 75' lang='grc' dir='ltr'><strong>ἐπιπολῆς</strong></span> <span class='ocrx_word' id='word_1_202' title='bbox 2723 1769 3096 1839; x_wconf 84' lang='grc' dir='ltr'>Πολυκράτους</span> <span class='ocrx_word' id='word_1_203' title='bbox 3178 1765 3309 1839; x_wconf 83' lang='grc' dir='ltr'>(τῆς</span> <span class='ocrx_word' id='word_1_204' title='bbox 3369 1770 3414 1822; x_wconf 75' lang='grc' dir='ltr'><strong>δ’</strong></span> <span class='ocrx_word' id='word_1_205' title='bbox 3465 1773 3522 1823; x_wconf 86' lang='grc' dir='ltr'>ὲν</span> <span class='ocrx_word' id='word_1_206' title='bbox 3591 1771 3781 1842; x_wconf 80' lang='grc' dir='ltr'>Ἐφέσῳ</span> 
     </span>
    </p>
   </div>
   <div class='ocr_carea' id='block_1_33' title="bbox 583 1871 2139 1943">
    <p class='ocr_par' dir='ltr' id='par_1_33' title="bbox 583 1871 2139 1943">
     <span class='ocr_line' id='line_1_33' title="bbox 583 1871 2139 1943; baseline -0.002 -15"><span class='ocrx_word' id='word_1_207' title='bbox 583 1879 730 1932; x_wconf 87' lang='lat' dir='ltr'><strong>urbis</strong></span> <span class='ocrx_word' id='word_1_208' title='bbox 751 1879 1082 1943; x_wconf 83' lang='lat' dir='ltr'><strong>episcopum,</strong></span> <span class='ocrx_word' id='word_1_209' title='bbox 1109 1872 1334 1926; x_wconf 83' lang='lat' dir='ltr'><strong>Joannis</strong></span> <span class='ocrx_word' id='word_1_210' title='bbox 1361 1873 1520 1926; x_wconf 91' lang='lat' dir='ltr'><strong>simul</strong></span> <span class='ocrx_word' id='word_1_211' title='bbox 1546 1888 1608 1927; x_wconf 87' lang='lat' dir='ltr'><strong>ac</strong></span> <span class='ocrx_word' id='word_1_212' title='bbox 1632 1871 1864 1939; x_wconf 88' lang='lat' dir='ltr'><strong>Philippi</strong></span> <span class='ocrx_word' id='word_1_213' title='bbox 1893 1873 2139 1937; x_wconf 85' lang='lat' dir='ltr'><strong>apostoli,</strong></span> 
     </span>
    </p>
   </div>
   <div class='ocr_carea' id='block_1_34' title="bbox 581 1962 2140 2039">
    <p class='ocr_par' dir='ltr' id='par_1_34' title="bbox 581 1962 2140 2039">
     <span class='ocr_line' id='line_1_34' title="bbox 581 1962 2140 2039; baseline -0.003 -17"><span class='ocrx_word' id='word_1_214' title='bbox 581 1969 925 2039; x_wconf 72' lang='lat' dir='ltr'><strong>ejusdemque</strong></span> <span class='ocrx_word' id='word_1_215' title='bbox 938 1966 1165 2018; x_wconf 86' lang='lat' dir='ltr'><strong>ﬁliarum</strong></span> <span class='ocrx_word' id='word_1_216' title='bbox 1187 1966 1510 2026; x_wconf 86' lang='lat' dir='ltr'><strong>mentionem</strong></span> <span class='ocrx_word' id='word_1_217' title='bbox 1527 1964 1651 2018; x_wconf 88' lang='lat' dir='ltr'><strong>facit</strong></span> <span class='ocrx_word' id='word_1_218' title='bbox 1667 1964 1748 2018; x_wconf 86' lang='lat' dir='ltr'><strong>his</strong></span> <span class='ocrx_word' id='word_1_219' title='bbox 1767 1964 1995 2018; x_wconf 71' lang='lat' dir='ltr'><strong>verbisu</strong></span> <span class='ocrx_word' id='word_1_220' title='bbox 2009 1962 2140 2017; x_wconf 90' lang='lat' dir='ltr'><strong>Nam</strong></span> 
     </span>
    </p>
   </div>
   <div class='ocr_carea' id='block_1_35' title="bbox 581 2043 2140 2126">
    <p class='ocr_par' dir='ltr' id='par_1_35' title="bbox 581 2043 2140 2126">
     <span class='ocr_line' id='line_1_35' title="bbox 581 2043 2140 2126; baseline -0.004 -11"><span class='ocrx_word' id='word_1_221' title='bbox 581 2061 704 2115; x_wconf 90' lang='lat' dir='ltr'><strong>etin</strong></span> <span class='ocrx_word' id='word_1_222' title='bbox 725 2043 874 2122; x_wconf 70' lang='lat' dir='ltr'><strong>Asia,</strong></span> <span class='ocrx_word' id='word_1_223' title='bbox 909 2058 1098 2126; x_wconf 91' lang='lat' dir='ltr'><strong>inquit,</strong></span> <span class='ocrx_word' id='word_1_224' title='bbox 1144 2072 1332 2125; x_wconf 82' lang='lat' dir='ltr'><strong>magna</strong></span> <span class='ocrx_word' id='word_1_225' title='bbox 1375 2049 1615 2124; x_wconf 67' lang='lat' dir='ltr'><strong>quaedam</strong></span> <span class='ocrx_word' id='word_1_226' title='bbox 1645 2055 1844 2109; x_wconf 88' lang='lat' dir='ltr'><strong>lumina</strong></span> <span class='ocrx_word' id='word_1_227' title='bbox 1876 2055 2140 2110; x_wconf 81' lang='lat' dir='ltr'><strong>exstincta</strong></span> 
     </span>
    </p>
   </div>
   <div class='ocr_carea' id='block_1_36' title="bbox 583 2139 2142 2220">
    <p class='ocr_par' dir='ltr' id='par_1_36' title="bbox 583 2139 2142 2220">
     <span class='ocr_line' id='line_1_36' title="bbox 583 2139 2142 2220; baseline -0.002 -16"><span class='ocrx_word' id='word_1_228' title='bbox 583 2163 726 2214; x_wconf 71' lang='lat' dir='ltr'><strong>sunt,</strong></span> <span class='ocrx_word' id='word_1_229' title='bbox 760 2166 876 2220; x_wconf 63' lang='lat' dir='ltr'><strong>qua:</strong></span> <span class='ocrx_word' id='word_1_230' title='bbox 921 2150 1328 2204; x_wconf 90' lang='lat' dir='ltr'><strong>suscitabuntur</strong></span> <span class='ocrx_word' id='word_1_231' title='bbox 1357 2149 1410 2202; x_wconf 93' lang='lat' dir='ltr'><strong>in</strong></span> <span class='ocrx_word' id='word_1_232' title='bbox 1452 2148 1750 2202; x_wconf 86' lang='lat' dir='ltr'><strong>novissimo</strong></span> <span class='ocrx_word' id='word_1_233' title='bbox 1771 2149 1856 2202; x_wconf 93' lang='lat' dir='ltr'><strong>die</strong></span> <span class='ocrx_word' id='word_1_234' title='bbox 1882 2139 2142 2201; x_wconf 86' lang='lat' dir='ltr'><strong>adventus</strong></span> 
     </span>
    </p>
   </div>
   <div class='ocr_carea' id='block_1_37' title="bbox 587 2238 2142 2308">
    <p class='ocr_par' dir='ltr' id='par_1_37' title="bbox 587 2238 2142 2308">
     <span class='ocr_line' id='line_1_37' title="bbox 587 2238 2142 2308; baseline 0.001 -16"><span class='ocrx_word' id='word_1_235' title='bbox 587 2242 814 2304; x_wconf 80' lang='lat' dir='ltr'><strong>Domini,</strong></span> <span class='ocrx_word' id='word_1_236' title='bbox 840 2251 964 2295; x_wconf 91' lang='lat' dir='ltr'><strong>tunc</strong></span> <span class='ocrx_word' id='word_1_237' title='bbox 992 2256 1112 2294; x_wconf 89' lang='lat' dir='ltr'><strong>cum</strong></span> <span class='ocrx_word' id='word_1_238' title='bbox 1139 2239 1369 2294; x_wconf 76' lang='lat' dir='ltr'><strong>de‘erelo</strong></span> <span class='ocrx_word' id='word_1_239' title='bbox 1388 2241 1566 2294; x_wconf 89' lang='lat' dir='ltr'><strong>veniet</strong></span> <span class='ocrx_word' id='word_1_240' title='bbox 1591 2254 1711 2293; x_wconf 90' lang='lat' dir='ltr'><strong>cum</strong></span> <span class='ocrx_word' id='word_1_241' title='bbox 1737 2238 1927 2308; x_wconf 80' lang='lat' dir='ltr'><strong>gloria,</strong></span> <span class='ocrx_word' id='word_1_242' title='bbox 1949 2241 2142 2293; x_wconf 86' lang='lat' dir='ltr'><strong>etuni-</strong></span> 
     </span>
    </p>
   </div>
   <div class='ocr_carea' id='block_1_38' title="bbox 582 2329 2138 2399">
    <p class='ocr_par' dir='ltr' id='par_1_38' title="bbox 582 2329 2138 2399">
     <span class='ocr_line' id='line_1_38' title="bbox 582 2329 2138 2399; baseline -0.002 -15"><span class='ocrx_word' id='word_1_243' title='bbox 582 2347 767 2387; x_wconf 80' lang='lat' dir='ltr'><strong>versos</strong></span> <span class='ocrx_word' id='word_1_244' title='bbox 799 2342 1014 2387; x_wconf 90' lang='lat' dir='ltr'><strong>sanctos</strong></span> <span class='ocrx_word' id='word_1_245' title='bbox 1043 2331 1324 2398; x_wconf 87' lang='lat' dir='ltr'><strong>requiret:</strong></span> <span class='ocrx_word' id='word_1_246' title='bbox 1385 2329 1686 2398; x_wconf 84' lang='lat' dir='ltr'><strong>Philippum</strong></span> <span class='ocrx_word' id='word_1_247' title='bbox 1735 2329 1994 2399; x_wconf 85' lang='lat' dir='ltr'><strong>intelligo,</strong></span> <span class='ocrx_word' id='word_1_248' title='bbox 2049 2330 2138 2398; x_wconf 93' lang='lat' dir='ltr'><strong>qui</strong></span> 
     </span>
    </p>
   </div>
   <div class='ocr_carea' id='block_1_39' title="bbox 587 2420 2144 2489">
    <p class='ocr_par' dir='ltr' id='par_1_39' title="bbox 587 2420 2144 2489">
     <span class='ocr_line' id='line_1_39' title="bbox 587 2420 2144 2489; baseline -0.002 -12"><span class='ocrx_word' id='word_1_249' title='bbox 587 2425 684 2477; x_wconf 63' lang='lat' dir='ltr'><strong>fuit</strong></span> <span class='ocrx_word' id='word_1_250' title='bbox 704 2439 843 2477; x_wconf 91' lang='lat' dir='ltr'><strong>unus</strong></span> <span class='ocrx_word' id='word_1_251' title='bbox 867 2439 932 2475; x_wconf 83' lang='lat' dir='ltr'><strong>ex</strong></span> <span class='ocrx_word' id='word_1_252' title='bbox 957 2423 1237 2476; x_wconf 86' lang='lat' dir='ltr'><strong>duodecim</strong></span> <span class='ocrx_word' id='word_1_253' title='bbox 1258 2421 1537 2489; x_wconf 82' lang='lat' dir='ltr'><strong>apostolis,</strong></span> <span class='ocrx_word' id='word_1_254' title='bbox 1555 2429 1904 2488; x_wconf 80' lang='lat' dir='ltr'><strong>mortuusque</strong></span> <span class='ocrx_word' id='word_1_255' title='bbox 1923 2430 2004 2473; x_wconf 84' lang='lat' dir='ltr'><strong>est</strong></span> <span class='ocrx_word' id='word_1_256' title='bbox 2024 2420 2144 2474; x_wconf 82' lang='lat' dir='ltr'><strong>Hie-</strong></span> 
     </span>
    </p>
   </div>
   <div class='ocr_carea' id='block_1_40' title="bbox 586 2510 2139 2583">
    <p class='ocr_par' dir='ltr' id='par_1_40' title="bbox 586 2510 2139 2583">
     <span class='ocr_line' id='line_1_40' title="bbox 586 2510 2139 2583; baseline -0.002 -14"><span class='ocrx_word' id='word_1_257' title='bbox 586 2515 751 2583; x_wconf 89' lang='lat' dir='ltr'><strong>rapoli</strong></span> <span class='ocrx_word' id='word_1_258' title='bbox 800 2529 920 2568; x_wconf 91' lang='lat' dir='ltr'><strong>cum</strong></span> <span class='ocrx_word' id='word_1_259' title='bbox 955 2513 1096 2565; x_wconf 90' lang='lat' dir='ltr'><strong>binis</strong></span> <span class='ocrx_word' id='word_1_260' title='bbox 1128 2511 1338 2565; x_wconf 92' lang='lat' dir='ltr'><strong>ﬁliabus</strong></span> <span class='ocrx_word' id='word_1_261' title='bbox 1367 2526 1488 2578; x_wconf 68' lang='lat' dir='ltr'><strong>quae</strong></span> <span class='ocrx_word' id='word_1_262' title='bbox 1527 2511 1578 2563; x_wconf 91' lang='lat' dir='ltr'><strong>in</strong></span> <span class='ocrx_word' id='word_1_263' title='bbox 1614 2510 1919 2581; x_wconf 78' lang='lat' dir='ltr'><strong>virginitate</strong></span> <span class='ocrx_word' id='word_1_264' title='bbox 1947 2527 2139 2566; x_wconf 86' lang='lat' dir='ltr'><strong>conse-</strong></span> 
     </span>
    </p>
   </div>
   <div class='ocr_carea' id='block_1_41' title="bbox 587 2600 2137 2671">
    <p class='ocr_par' dir='ltr' id='par_1_41' title="bbox 587 2600 2137 2671">
     <span class='ocr_line' id='line_1_41' title="bbox 587 2600 2137 2671; baseline -0.003 -11"><span class='ocrx_word' id='word_1_265' title='bbox 587 2617 839 2660; x_wconf 87' lang='lat' dir='ltr'><strong>nuerunt.</strong></span> <span class='ocrx_word' id='word_1_266' title='bbox 888 2604 1069 2657; x_wconf 85' lang='lat' dir='ltr'><strong>Altera</strong></span> <span class='ocrx_word' id='word_1_267' title='bbox 1107 2616 1321 2671; x_wconf 91' lang='lat' dir='ltr'><strong>quoque</strong></span> <span class='ocrx_word' id='word_1_268' title='bbox 1369 2603 1486 2670; x_wconf 88' lang='lat' dir='ltr'><strong>ejus</strong></span> <span class='ocrx_word' id='word_1_269' title='bbox 1519 2600 1625 2654; x_wconf 83' lang='lat' dir='ltr'><strong>ﬁlia</strong></span> <span class='ocrx_word' id='word_1_270' title='bbox 1657 2614 1777 2668; x_wconf 69' lang='lat' dir='ltr'><strong>quae</strong></span> <span class='ocrx_word' id='word_1_271' title='bbox 1799 2602 2137 2669; x_wconf 78' lang='lat' dir='ltr'><strong>spiritualela</strong></span> 
     </span>
    </p>
   </div>
   <div class='ocr_carea' id='block_1_42' title="bbox 593 2693 2143 2766">
    <p class='ocr_par' dir='ltr' id='par_1_42' title="bbox 593 2693 2143 2766">
     <span class='ocr_line' id='line_1_42' title="bbox 593 2693 2143 2766; baseline -0.001 -15"><span class='ocrx_word' id='word_1_272' title='bbox 593 2698 877 2766; x_wconf 79' lang='lat' dir='ltr'><strong>quamdam</strong></span> <span class='ocrx_word' id='word_1_273' title='bbox 930 2696 1093 2749; x_wconf 86' lang='lat' dir='ltr'><strong>vitam</strong></span> <span class='ocrx_word' id='word_1_274' title='bbox 1121 2695 1290 2756; x_wconf 82' lang='lat' dir='ltr'><strong>duxit,</strong></span> <span class='ocrx_word' id='word_1_275' title='bbox 1344 2693 1541 2762; x_wconf 87' lang='lat' dir='ltr'><strong>Ephesi</strong></span> <span class='ocrx_word' id='word_1_276' title='bbox 1595 2693 1801 2762; x_wconf 85' lang='lat' dir='ltr'><strong>sepulta</strong></span> <span class='ocrx_word' id='word_1_277' title='bbox 1829 2703 1929 2748; x_wconf 91' lang='lat' dir='ltr'><strong>est.</strong></span> <span class='ocrx_word' id='word_1_278' title='bbox 1958 2695 2061 2748; x_wconf 91' lang='lat' dir='ltr'><strong>Sed</strong></span> <span class='ocrx_word' id='word_1_279' title='bbox 2089 2705 2143 2750; x_wconf 88' lang='lat' dir='ltr'><strong>et</strong></span> 
     </span>
    </p>
   </div>
   <div class='ocr_carea' id='block_1_43' title="bbox 587 2783 2142 2855">
    <p class='ocr_par' dir='ltr' id='par_1_43' title="bbox 587 2783 2142 2855">
     <span class='ocr_line' id='line_1_43' title="bbox 587 2783 2142 2855; baseline -0.001 -14"><span class='ocrx_word' id='word_1_280' title='bbox 587 2790 843 2850; x_wconf 87' lang='lat' dir='ltr'><strong>Joannes,</strong></span> <span class='ocrx_word' id='word_1_281' title='bbox 867 2786 954 2853; x_wconf 91' lang='lat' dir='ltr'><strong>qui</strong></span> <span class='ocrx_word' id='word_1_282' title='bbox 987 2801 1146 2853; x_wconf 85' lang='lat' dir='ltr'><strong>supra</strong></span> <span class='ocrx_word' id='word_1_283' title='bbox 1173 2794 1360 2853; x_wconf 87' lang='lat' dir='ltr'><strong>pectus</strong></span> <span class='ocrx_word' id='word_1_284' title='bbox 1388 2783 1597 2838; x_wconf 92' lang='lat' dir='ltr'><strong>Domini</strong></span> <span class='ocrx_word' id='word_1_285' title='bbox 1633 2785 1900 2850; x_wconf 89' lang='lat' dir='ltr'><strong>recubuit,</strong></span> <span class='ocrx_word' id='word_1_286' title='bbox 1932 2785 2142 2855; x_wconf 82' lang='lat' dir='ltr'><strong>fuitque</strong></span> 
     </span>
    </p>
   </div>
   <div class='ocr_carea' id='block_1_44' title="bbox 589 2875 2138 2945">
    <p class='ocr_par' dir='ltr' id='par_1_44' title="bbox 589 2875 2138 2945">
     <span class='ocr_line' id='line_1_44' title="bbox 589 2875 2138 2945; baseline 0.001 -16"><span class='ocrx_word' id='word_1_287' title='bbox 589 2878 840 2931; x_wconf 75' lang='lat' dir='ltr'><strong>sacerdos</strong></span> <span class='ocrx_word' id='word_1_288' title='bbox 875 2876 966 2929; x_wconf 89' lang='lat' dir='ltr'><strong>Dei</strong></span> <span class='ocrx_word' id='word_1_289' title='bbox 1005 2875 1257 2929; x_wconf 80' lang='lat' dir='ltr'><strong>laminam</strong></span> <span class='ocrx_word' id='word_1_290' title='bbox 1291 2885 1529 2944; x_wconf 87' lang='lat' dir='ltr'><strong>gestans,</strong></span> <span class='ocrx_word' id='word_1_291' title='bbox 1550 2885 1601 2928; x_wconf 90' lang='lat' dir='ltr'><strong>et</strong></span> <span class='ocrx_word' id='word_1_292' title='bbox 1635 2884 1837 2945; x_wconf 87' lang='lat' dir='ltr'><strong>martyr</strong></span> <span class='ocrx_word' id='word_1_293' title='bbox 1858 2878 2138 2942; x_wconf 89' lang='lat' dir='ltr'><strong>etdoctor,</strong></span> 
     </span>
    </p>
   </div>
   <div class='ocr_carea' id='block_1_45' title="bbox 589 2967 2136 3037">
    <p class='ocr_par' dir='ltr' id='par_1_45' title="bbox 589 2967 2136 3037">
     <span class='ocr_line' id='line_1_45' title="bbox 589 2967 2136 3037; baseline 0 -15"><span class='ocrx_word' id='word_1_294' title='bbox 589 2971 694 3034; x_wconf 61' lang='lat' dir='ltr'><strong>hic,</strong></span> <span class='ocrx_word' id='word_1_295' title='bbox 712 2970 949 3036; x_wconf 87' lang='lat' dir='ltr'><strong>inquam,</strong></span> <span class='ocrx_word' id='word_1_296' title='bbox 976 2967 1209 3021; x_wconf 86' lang='lat' dir='ltr'><strong>Joannes</strong></span> <span class='ocrx_word' id='word_1_297' title='bbox 1233 2967 1283 3019; x_wconf 91' lang='lat' dir='ltr'><strong>in</strong></span> <span class='ocrx_word' id='word_1_298' title='bbox 1312 2968 1441 3020; x_wconf 90' lang='lat' dir='ltr'><strong>urbe</strong></span> <span class='ocrx_word' id='word_1_299' title='bbox 1455 2967 1665 3034; x_wconf 87' lang='lat' dir='ltr'><strong>Epheso</strong></span> <span class='ocrx_word' id='word_1_300' title='bbox 1681 2968 2102 3037; x_wconf 81' lang='lat' dir='ltr'><strong>conditusjacet.</strong></span> <span class='ocrx_word' id='word_1_301' title='bbox 2117 2989 2136 3022; x_wconf 74' lang='grc' dir='ltr'><strong>ι</strong></span> 
     </span>
    </p>
   </div>
   <div class='ocr_carea' id='block_1_46' title="bbox 2244 1855 3783 1934">
    <p class='ocr_par' dir='ltr' id='par_1_46' title="bbox 2244 1855 3783 1934">
     <span class='ocr_line' id='line_1_46' title="bbox 2244 1855 3783 1934; baseline 0.005 -23"><span class='ocrx_word' id='word_1_302' title='bbox 2244 1861 2530 1930; x_wconf 82' lang='grc' dir='ltr'>παροικίας</span> <span class='ocrx_word' id='word_1_303' title='bbox 2582 1861 2874 1923; x_wconf 79' lang='grc' dir='ltr'>ἐπίσκοπος</span> <span class='ocrx_word' id='word_1_304' title='bbox 2927 1855 3079 1922; x_wconf 76' lang='grc' dir='ltr'>οὗτος</span> <span class='ocrx_word' id='word_1_305' title='bbox 3125 1856 3240 1932; x_wconf 81' lang='grc' dir='ltr'><strong>ἦν)</strong></span> <span class='ocrx_word' id='word_1_306' title='bbox 3289 1861 3677 1915; x_wconf 73' lang='grc' dir='ltr'>ἐπιδείκνυται·</span> <span class='ocrx_word' id='word_1_307' title='bbox 3727 1865 3783 1934; x_wconf 77' lang='grc' dir='ltr'>ἢν</span> 
     </span>
    </p>
   </div>
   <div class='ocr_carea' id='block_1_47' title="bbox 2243 1951 3782 2024">
    <p class='ocr_par' dir='ltr' id='par_1_47' title="bbox 2243 1951 3782 2024">
     <span class='ocr_line' id='line_1_47' title="bbox 2243 1951 3782 2024; baseline 0.002 -19"><span class='ocrx_word' id='word_1_308' title='bbox 2243 1953 2496 2021; x_wconf 79' lang='grc' dir='ltr'>Οὐίκτορι</span> <span class='ocrx_word' id='word_1_309' title='bbox 2528 1952 2810 2022; x_wconf 84' lang='grc' dir='ltr'>Ῥωμαίων</span> <span class='ocrx_word' id='word_1_310' title='bbox 2831 1953 3110 2023; x_wconf 77' lang='grc' dir='ltr'>ἐπισκόπῳ</span> <span class='ocrx_word' id='word_1_311' title='bbox 3137 1951 3380 2023; x_wconf 85' lang='grc' dir='ltr'>γράφων,</span> <span class='ocrx_word' id='word_1_312' title='bbox 3404 1953 3538 2024; x_wconf 83' lang='grc' dir='ltr'>ὁμοῦ</span> <span class='ocrx_word' id='word_1_313' title='bbox 3563 1971 3621 2006; x_wconf 86' lang='grc' dir='ltr'><strong>τε</strong></span> <span class='ocrx_word' id='word_1_314' title='bbox 3639 1956 3782 2008; x_wconf 83' lang='grc' dir='ltr'>αὑτοῦ</span> 
     </span>
    </p>
   </div>
   <div class='ocr_carea' id='block_1_48' title="bbox 2242 2042 3784 2113">
    <p class='ocr_par' dir='ltr' id='par_1_48' title="bbox 2242 2042 3784 2113">
     <span class='ocr_line' id='line_1_48' title="bbox 2242 2042 3784 2113; baseline 0.001 -17"><span class='ocrx_word' id='word_1_315' title='bbox 2242 2045 2333 2096; x_wconf 77' lang='grc' dir='ltr'><strong>καὶ</strong></span> <span class='ocrx_word' id='word_1_316' title='bbox 2358 2043 2622 2096; x_wconf 83' lang='grc' dir='ltr'>Φιλίππου</span> <span class='ocrx_word' id='word_1_317' title='bbox 2658 2042 2984 2113; x_wconf 84' lang='grc' dir='ltr'>μνημονεύει</span> <span class='ocrx_word' id='word_1_318' title='bbox 3012 2042 3102 2096; x_wconf 82' lang='grc' dir='ltr'>τοῦ</span> <span class='ocrx_word' id='word_1_319' title='bbox 3134 2043 3450 2106; x_wconf 85' lang='grc' dir='ltr'>ἀποστόλου,</span> <span class='ocrx_word' id='word_1_320' title='bbox 3473 2045 3580 2099; x_wconf 82' lang='grc' dir='ltr'><strong>τῶν</strong></span> <span class='ocrx_word' id='word_1_321' title='bbox 3603 2063 3659 2097; x_wconf 84' lang='grc' dir='ltr'><strong>τε</strong></span> <span class='ocrx_word' id='word_1_322' title='bbox 3686 2047 3784 2098; x_wconf 82' lang='grc' dir='ltr'>τού-</span> 
     </span>
    </p>
   </div>
   <div class='ocr_carea' id='block_1_49' title="bbox 2240 2130 3785 2207">
    <p class='ocr_par' dir='ltr' id='par_1_49' title="bbox 2240 2130 3785 2207">
     <span class='ocr_line' id='line_1_49' title="bbox 2240 2130 3785 2207; baseline 0.003 -19"><span class='ocrx_word' id='word_1_323' title='bbox 2240 2153 2330 2188; x_wconf 86' lang='grc' dir='ltr'><strong>του</strong></span> <span class='ocrx_word' id='word_1_324' title='bbox 2380 2135 2692 2204; x_wconf 83' lang='grc' dir='ltr'>θυγατέρων</span> <span class='ocrx_word' id='word_1_325' title='bbox 2732 2130 2834 2187; x_wconf 82' lang='grc' dir='ltr'><strong>ὧδέ</strong></span> <span class='ocrx_word' id='word_1_326' title='bbox 2872 2152 3006 2196; x_wconf 88' lang='grc' dir='ltr'>πως·</span> <span class='ocrx_word' id='word_1_327' title='bbox 3053 2153 3070 2184; x_wconf 78' lang='grc' dir='ltr'><strong>ι</strong></span> <span class='ocrx_word' id='word_1_328' title='bbox 3121 2136 3228 2187; x_wconf 78' lang='grc' dir='ltr'><strong>Καὶ</strong></span> <span class='ocrx_word' id='word_1_329' title='bbox 3256 2135 3364 2207; x_wconf 88' lang='grc' dir='ltr'><strong>γὰρ</strong></span> <span class='ocrx_word' id='word_1_330' title='bbox 3401 2136 3496 2190; x_wconf 64' lang='grc' dir='ltr'><strong>κα)⁵</strong></span> <span class='ocrx_word' id='word_1_331' title='bbox 3540 2136 3677 2190; x_wconf 84' lang='grc' dir='ltr'><strong>κατά</strong></span> <span class='ocrx_word' id='word_1_332' title='bbox 3701 2136 3785 2207; x_wconf 77' lang='grc' dir='ltr'>τὴν</span> 
     </span>
    </p>
   </div>
   <div class='ocr_carea' id='block_1_50' title="bbox 2254 2225 3785 2298">
    <p class='ocr_par' dir='ltr' id='par_1_50' title="bbox 2254 2225 3785 2298">
     <span class='ocr_line' id='line_1_50' title="bbox 2254 2225 3785 2298; baseline 0.003 -21"><span class='ocrx_word' id='word_1_333' title='bbox 2254 2225 2444 2278; x_wconf 83' lang='grc' dir='ltr'>Ἀσίαν</span> <span class='ocrx_word' id='word_1_334' title='bbox 2475 2226 2686 2294; x_wconf 88' lang='grc' dir='ltr'>μεγάλα</span> <span class='ocrx_word' id='word_1_335' title='bbox 2714 2229 2949 2296; x_wconf 82' lang='grc' dir='ltr'>στοιχεῖα</span> <span class='ocrx_word' id='word_1_336' title='bbox 2969 2226 3078 2297; x_wconf 80' lang='grc'><strong>(50)</strong></span> <span class='ocrx_word' id='word_1_337' title='bbox 3107 2227 3462 2298; x_wconf 89' lang='grc' dir='ltr'>κεκοίμηται·</span> <span class='ocrx_word' id='word_1_338' title='bbox 3490 2230 3645 2283; x_wconf 82' lang='grc' dir='ltr'>ἆτινα</span> <span class='ocrx_word' id='word_1_339' title='bbox 3667 2231 3785 2282; x_wconf 79' lang='grc' dir='ltr'>ἀνα-</span> 
     </span>
    </p>
   </div>
   <div class='ocr_carea' id='block_1_51' title="bbox 2243 2303 3786 2393">
    <p class='ocr_par' dir='ltr' id='par_1_51' title="bbox 2243 2303 3786 2393">
     <span class='ocr_line' id='line_1_51' title="bbox 2243 2303 3786 2393; baseline 0.003 -25"><span class='ocrx_word' id='word_1_340' title='bbox 2243 2318 2497 2386; x_wconf 78' lang='grc' dir='ltr'>στήσεται</span> <span class='ocrx_word' id='word_1_341' title='bbox 2519 2320 2584 2386; x_wconf 80' lang='grc' dir='ltr'>τῇ</span> <span class='ocrx_word' id='word_1_342' title='bbox 2610 2317 2813 2390; x_wconf 74' lang='grc' dir='ltr'>ἐσχάτῃ</span> <span class='ocrx_word' id='word_1_343' title='bbox 2833 2303 3014 2389; x_wconf 62' lang='grc' dir='ltr'><strong>ἡμέρᾷ</strong></span> <span class='ocrx_word' id='word_1_344' title='bbox 3029 2318 3125 2386; x_wconf 85' lang='grc' dir='ltr'>τῆς</span> <span class='ocrx_word' id='word_1_345' title='bbox 3151 2320 3445 2389; x_wconf 85' lang='grc' dir='ltr'>παρουσίας</span> <span class='ocrx_word' id='word_1_346' title='bbox 3466 2322 3558 2373; x_wconf 76' lang='grc' dir='ltr'>τοῦ</span> <span class='ocrx_word' id='word_1_347' title='bbox 3576 2323 3786 2393; x_wconf 82' lang='grc' dir='ltr'>Κυρίου,</span> 
     </span>
    </p>
   </div>
   <div class='ocr_carea' id='block_1_52' title="bbox 2210 2409 3788 2506">
    <p class='ocr_par' dir='ltr' id='par_1_52' title="bbox 2210 2409 3788 2506">
     <span class='ocr_line' id='line_1_52' title="bbox 2210 2409 3788 2506; baseline -0.001 -40"><span class='ocrx_word' id='word_1_348' title='bbox 2210 2415 2298 2506; x_wconf 78' lang='grc' dir='ltr'><strong>⁸ὲν</strong></span> <span class='ocrx_word' id='word_1_349' title='bbox 2398 2415 2615 2488; x_wconf 74' lang='grc' dir='ltr'>ἔρχεται</span> <span class='ocrx_word' id='word_1_350' title='bbox 2653 2418 2788 2486; x_wconf 84' lang='grc' dir='ltr'>μετὰ</span> <span class='ocrx_word' id='word_1_351' title='bbox 2811 2418 2966 2488; x_wconf 81' lang='grc' dir='ltr'>δόξης</span> <span class='ocrx_word' id='word_1_352' title='bbox 2995 2418 3052 2483; x_wconf 77' lang='grc' dir='ltr'>ἐξ</span> <span class='ocrx_word' id='word_1_353' title='bbox 3077 2416 3324 2488; x_wconf 78' lang='grc' dir='ltr'>οὐρανοῦ,</span> <span class='ocrx_word' id='word_1_354' title='bbox 3361 2417 3454 2469; x_wconf 79' lang='grc' dir='ltr'>καὶ</span> <span class='ocrx_word' id='word_1_355' title='bbox 3479 2415 3788 2484; x_wconf 77' lang='grc' dir='ltr'>ἀναζητήσει</span> 
     </span>
    </p>
   </div>
   <div class='ocr_carea' id='block_1_53' title="bbox 2243 2502 3788 2576">
    <p class='ocr_par' dir='ltr' id='par_1_53' title="bbox 2243 2502 3788 2576">
     <span class='ocr_line' id='line_1_53' title="bbox 2243 2502 3788 2576; baseline 0 -20"><span class='ocrx_word' id='word_1_356' title='bbox 2243 2505 2449 2568; x_wconf 88' lang='grc' dir='ltr'>πάντας</span> <span class='ocrx_word' id='word_1_357' title='bbox 2479 2508 2605 2570; x_wconf 74' lang='grc' dir='ltr'>τοὺς</span> <span class='ocrx_word' id='word_1_358' title='bbox 2633 2510 2840 2575; x_wconf 82' lang='grc' dir='ltr'>ἁγίους,</span> <span class='ocrx_word' id='word_1_359' title='bbox 2881 2509 3144 2561; x_wconf 82' lang='grc' dir='ltr'>Φίλιππον</span> <span class='ocrx_word' id='word_1_360' title='bbox 3175 2509 3267 2561; x_wconf 86' lang='grc' dir='ltr'><strong>τὸν</strong></span> <span class='ocrx_word' id='word_1_361' title='bbox 3303 2507 3411 2560; x_wconf 85' lang='grc' dir='ltr'><strong>τῶν</strong></span> <span class='ocrx_word' id='word_1_362' title='bbox 3455 2502 3661 2561; x_wconf 80' lang='grc' dir='ltr'>δώδεκα</span> <span class='ocrx_word' id='word_1_363' title='bbox 3691 2504 3788 2576; x_wconf 80' lang='lat' dir='ltr'><strong>(5i)</strong></span> 
     </span>
    </p>
   </div>
   <div class='ocr_carea' id='block_1_54' title="bbox 2242 2594 3791 2671">
    <p class='ocr_par' dir='ltr' id='par_1_54' title="bbox 2242 2594 3791 2671">
     <span class='ocr_line' id='line_1_54' title="bbox 2242 2594 3791 2671; baseline -0.003 -21"><span class='ocrx_word' id='word_1_364' title='bbox 2242 2600 2575 2662; x_wconf 87' lang='grc' dir='ltr'>ἀποστόλων,</span> <span class='ocrx_word' id='word_1_365' title='bbox 2626 2601 2686 2662; x_wconf 87' lang='grc' dir='ltr'>ὃς</span> <span class='ocrx_word' id='word_1_366' title='bbox 2735 2600 3054 2671; x_wconf 83' lang='grc' dir='ltr'>κεκοίμηται</span> <span class='ocrx_word' id='word_1_367' title='bbox 3103 2603 3162 2652; x_wconf 80' lang='grc' dir='ltr'><strong>ἐν</strong></span> <span class='ocrx_word' id='word_1_368' title='bbox 3218 2599 3541 2671; x_wconf 83' lang='grc' dir='ltr'>Ἱεραπόλει,</span> <span class='ocrx_word' id='word_1_369' title='bbox 3580 2599 3671 2650; x_wconf 81' lang='grc' dir='ltr'><strong>καὶ</strong></span> <span class='ocrx_word' id='word_1_370' title='bbox 3709 2594 3791 2647; x_wconf 83' lang='grc' dir='ltr'><strong>δύο</strong></span> 
     </span>
    </p>
   </div>
   <div class='ocr_carea' id='block_1_55' title="bbox 2242 2687 3792 2766">
    <p class='ocr_par' dir='ltr' id='par_1_55' title="bbox 2242 2687 3792 2766">
     <span class='ocr_line' id='line_1_55' title="bbox 2242 2687 3792 2766; baseline -0.013 -7"><span class='ocrx_word' id='word_1_371' title='bbox 2242 2689 2537 2761; x_wconf 77' lang='grc' dir='ltr'>θυγατέρες</span> <span class='ocrx_word' id='word_1_372' title='bbox 2567 2691 2729 2746; x_wconf 70' lang='grc' dir='ltr'>αὐτοῦ</span> <span class='ocrx_word' id='word_1_373' title='bbox 2754 2696 3118 2766; x_wconf 79' lang='grc' dir='ltr'>γεγηρακυῖαι</span> <span class='ocrx_word' id='word_1_374' title='bbox 3152 2690 3434 2763; x_wconf 83' lang='grc' dir='ltr'>παρθένοι,</span> <span class='ocrx_word' id='word_1_375' title='bbox 3457 2691 3612 2760; x_wconf 67' lang='grc' dir='ltr'><strong>καὶὴ</strong></span> <span class='ocrx_word' id='word_1_376' title='bbox 3649 2687 3792 2760; x_wconf 78' lang='grc' dir='ltr'>ἑτέρα</span> 
     </span>
    </p>
   </div>
   <div class='ocr_carea' id='block_1_56' title="bbox 2242 2781 3789 2856">
    <p class='ocr_par' dir='ltr' id='par_1_56' title="bbox 2242 2781 3789 2856">
     <span class='ocr_line' id='line_1_56' title="bbox 2242 2781 3789 2856; baseline 0.001 -23"><span class='ocrx_word' id='word_1_377' title='bbox 2242 2781 2408 2835; x_wconf 79' lang='grc' dir='ltr'>αὐτοῦ</span> <span class='ocrx_word' id='word_1_378' title='bbox 2434 2783 2544 2854; x_wconf 71' lang='grc'><strong>(52)</strong></span> <span class='ocrx_word' id='word_1_379' title='bbox 2565 2783 2809 2856; x_wconf 81' lang='grc' dir='ltr'>Θυγάτηρ</span> <span class='ocrx_word' id='word_1_380' title='bbox 2831 2788 2889 2837; x_wconf 83' lang='grc' dir='ltr'>ὲν</span> <span class='ocrx_word' id='word_1_381' title='bbox 2902 2785 3042 2855; x_wconf 85' lang='grc' dir='ltr'><strong>ἁγίῳ</strong></span> <span class='ocrx_word' id='word_1_382' title='bbox 3064 2784 3337 2854; x_wconf 81' lang='grc' dir='ltr'>Πνεύματι</span> <span class='ocrx_word' id='word_1_383' title='bbox 3358 2781 3789 2849; x_wconf 84' lang='grc' dir='ltr'>πολιτευσαμένη,</span> 
     </span>
    </p>
   </div>
   <div class='ocr_carea' id='block_1_57' title="bbox 2241 2871 3792 2949">
    <p class='ocr_par' dir='ltr' id='par_1_57' title="bbox 2241 2871 3792 2949">
     <span class='ocr_line' id='line_1_57' title="bbox 2241 2871 3792 2949; baseline -0.01 -13"><span class='ocrx_word' id='word_1_384' title='bbox 2241 2874 2276 2943; x_wconf 76' lang='grc' dir='ltr'>ἣ</span> <span class='ocrx_word' id='word_1_385' title='bbox 2305 2875 2362 2926; x_wconf 84' lang='grc' dir='ltr'><strong>ὲν</strong></span> <span class='ocrx_word' id='word_1_386' title='bbox 2408 2876 2615 2946; x_wconf 75' lang='grc' dir='ltr'>Ἐφέσῳ</span> <span class='ocrx_word' id='word_1_387' title='bbox 2641 2877 3000 2949; x_wconf 85' lang='grc' dir='ltr'>ἀναπαύεται.</span> <span class='ocrx_word' id='word_1_388' title='bbox 3035 2878 3156 2928; x_wconf 84' lang='grc' dir='ltr'>Ἔτι</span> <span class='ocrx_word' id='word_1_389' title='bbox 3179 2876 3236 2928; x_wconf 84' lang='grc' dir='ltr'><strong>δὲ</strong></span> <span class='ocrx_word' id='word_1_390' title='bbox 3261 2876 3354 2928; x_wconf 76' lang='grc' dir='ltr'>καὶ</span> <span class='ocrx_word' id='word_1_391' title='bbox 3387 2875 3638 2944; x_wconf 82' lang='grc' dir='ltr'>Ἰωάννης</span> <span class='ocrx_word' id='word_1_392' title='bbox 3663 2875 3690 2925; x_wconf 81' lang='grc' dir='ltr'>ὁ</span> <span class='ocrx_word' id='word_1_393' title='bbox 3711 2871 3792 2923; x_wconf 77' lang='grc' dir='ltr'><strong>ἐπὶ</strong></span> 
     </span>
    </p>
   </div>
   <div class='ocr_carea' id='block_1_58' title="bbox 2240 2952 3794 3038">
    <p class='ocr_par' dir='ltr' id='par_1_58' title="bbox 2240 2952 3794 3038">
     <span class='ocr_line' id='line_1_58' title="bbox 2240 2952 3794 3038; baseline 0.005 -23"><span class='ocrx_word' id='word_1_394' title='bbox 2240 2962 2301 3015; x_wconf 82' lang='grc' dir='ltr'><strong>τὸ</strong></span> <span class='ocrx_word' id='word_1_395' title='bbox 2331 2952 2652 3035; x_wconf 66' lang='grc' dir='ltr'>στῆθος·τοῦ</span> <span class='ocrx_word' id='word_1_396' title='bbox 2691 2968 2896 3038; x_wconf 84' lang='grc' dir='ltr'>Κυρίου</span> <span class='ocrx_word' id='word_1_397' title='bbox 2929 2967 3237 3032; x_wconf 85' lang='grc' dir='ltr'>ἀναπεσὼν,</span> <span class='ocrx_word' id='word_1_398' title='bbox 3274 2966 3333 3030; x_wconf 84' lang='grc' dir='ltr'>ὃς</span> <span class='ocrx_word' id='word_1_399' title='bbox 3371 2965 3602 3036; x_wconf 78' lang='grc' dir='ltr'>ἐγενήθη</span> <span class='ocrx_word' id='word_1_400' title='bbox 3634 2961 3794 3033; x_wconf 69' lang='grc' dir='ltr'>ἱερεὺς</span> 
     </span>
    </p>
   </div>
   <div class='ocr_carea' id='block_1_59' title="bbox 591 3039 2148 3132">
    <p class='ocr_par' dir='ltr' id='par_1_59' title="bbox 591 3039 2139 3132">
     <span class='ocr_line' id='line_1_59' title="bbox 591 3039 2139 3132; baseline -0.001 -19"><span class='ocrx_word' id='word_1_401' title='bbox 591 3061 743 3132; x_wconf 75' lang='lat'><strong>103</strong></span> <span class='ocrx_word' id='word_1_402' title='bbox 778 3059 844 3113; x_wconf 87' lang='lat' dir='ltr'><strong>Et</strong></span> <span class='ocrx_word' id='word_1_403' title='bbox 871 3061 986 3114; x_wconf 64' lang='lat' dir='ltr'><strong>haec</strong></span> <span class='ocrx_word' id='word_1_404' title='bbox 1018 3060 1232 3128; x_wconf 84' lang='lat' dir='ltr'><strong>quidem</strong></span> <span class='ocrx_word' id='word_1_405' title='bbox 1281 3060 1346 3112; x_wconf 90' lang='lat' dir='ltr'><strong>de</strong></span> <span class='ocrx_word' id='word_1_406' title='bbox 1387 3039 1598 3111; x_wconf 86' lang='lat' dir='ltr'><strong>illorum</strong></span> <span class='ocrx_word' id='word_1_407' title='bbox 1648 3060 1820 3111; x_wconf 90' lang='lat' dir='ltr'><strong>obitu.</strong></span> <span class='ocrx_word' id='word_1_408' title='bbox 1870 3040 2139 3114; x_wconf 44' lang='lat' dir='ltr'><strong>Przcterea</strong></span> 
     </span>
    </p>
   </div>
   <div class='ocr_carea' id='block_1_60' title="bbox 2254 3039 3794 3132">
    <p class='ocr_par' dir='ltr' id='par_1_60' title="bbox 2254 3055 3794 3130">
     <span class='ocr_line' id='line_1_60' title="bbox 2254 3055 3794 3130; baseline 0.001 -24"><span class='ocrx_word' id='word_1_409' title='bbox 2254 3056 2302 3106; x_wconf 80' lang='grc' dir='ltr'>τὺ</span> <span class='ocrx_word' id='word_1_410' title='bbox 2327 3057 2556 3111; x_wconf 81' lang='grc' dir='ltr'>πέταλον</span> <span class='ocrx_word' id='word_1_411' title='bbox 2582 3059 2928 3130; x_wconf 81' lang='grc' dir='ltr'>πεφορηκὼς,</span> <span class='ocrx_word' id='word_1_412' title='bbox 2955 3060 3049 3111; x_wconf 76' lang='grc' dir='ltr'>καὶ</span> <span class='ocrx_word' id='word_1_413' title='bbox 3082 3059 3309 3128; x_wconf 85' lang='grc' dir='ltr'>μάρτυς,</span> <span class='ocrx_word' id='word_1_414' title='bbox 3338 3057 3432 3109; x_wconf 75' lang='grc' dir='ltr'>καὶ</span> <span class='ocrx_word' id='word_1_415' title='bbox 3460 3055 3762 3115; x_wconf 72' lang='grc' dir='ltr'>διδάσκαλοι,</span> <span class='ocrx_word' id='word_1_416' title='bbox 3779 3090 3794 3116; x_wconf 85' lang='lat'><strong>,</strong></span> 
     </span>
    </p>
   </div>
   <div class='ocr_carea' id='block_1_61' title="bbox 590 3124 2148 3234">
    <p class='ocr_par' dir='ltr' id='par_1_61' title="bbox 590 3150 2143 3222">
     <span class='ocr_line' id='line_1_61' title="bbox 590 3150 2143 3222; baseline 0 -15"><span class='ocrx_word' id='word_1_417' title='bbox 590 3154 642 3207; x_wconf 82' lang='lat' dir='ltr'><strong>in</strong></span> <span class='ocrx_word' id='word_1_418' title='bbox 685 3151 1058 3222; x_wconf 43' lang='lat' dir='ltr'><strong>Dialogo|Caii</strong></span> <span class='ocrx_word' id='word_1_419' title='bbox 1115 3151 1270 3218; x_wconf 84' lang='lat' dir='ltr'><strong>cujus</strong></span> <span class='ocrx_word' id='word_1_420' title='bbox 1301 3167 1461 3220; x_wconf 87' lang='lat' dir='ltr'><strong>supra</strong></span> <span class='ocrx_word' id='word_1_421' title='bbox 1511 3150 1737 3204; x_wconf 81' lang='lat' dir='ltr'><strong>fecimus</strong></span> <span class='ocrx_word' id='word_1_422' title='bbox 1793 3152 2143 3218; x_wconf 82' lang='lat' dir='ltr'><strong>mentionem,</strong></span> 
     </span>
    </p>
   </div>
   <div class='ocr_carea' id='block_1_62' title="bbox 2254 3124 3798 3234">
    <p class='ocr_par' dir='ltr' id='par_1_62' title="bbox 2254 3124 3798 3234">
     <span class='ocr_line' id='line_1_62' title="bbox 2254 3124 3798 3234; baseline -0.003 -32"><span class='ocrx_word' id='word_1_423' title='bbox 2254 3144 2405 3212; x_wconf 74' lang='grc' dir='ltr'>οὗτος</span> <span class='ocrx_word' id='word_1_424' title='bbox 2433 3153 2491 3202; x_wconf 80' lang='grc' dir='ltr'>ὲν</span> <span class='ocrx_word' id='word_1_425' title='bbox 2534 3124 2744 3219; x_wconf 67' lang='grc' dir='ltr'>Ἐφέσιρ</span> <span class='ocrx_word' id='word_1_426' title='bbox 2783 3124 3128 3220; x_wconf 76' lang='grc' dir='ltr'>κεκοίμηται.</span> <span class='ocrx_word' id='word_1_427' title='bbox 3225 3146 3407 3200; x_wconf 80' lang='grc' dir='ltr'>Ταῦτα</span> <span class='ocrx_word' id='word_1_428' title='bbox 3434 3146 3530 3198; x_wconf 75' lang='grc' dir='ltr'>καὶ</span> <span class='ocrx_word' id='word_1_429' title='bbox 3558 3146 3682 3234; x_wconf 73' lang='grc' dir='ltr'>περὶ</span> <span class='ocrx_word' id='word_1_430' title='bbox 3707 3143 3798 3212; x_wconf 80' lang='grc' dir='ltr'>τῆς</span> 
     </span>
    </p>
   </div>
   <div class='ocr_carea' id='block_1_63' title="bbox 658 3349 2148 3422">
    <p class='ocr_par' dir='ltr' id='par_1_63' title="bbox 658 3349 2148 3422">
     <span class='ocr_line' id='line_1_63' title="bbox 658 3349 2148 3422; baseline 0.001 -18"><span class='ocrx_word' id='word_1_431' title='bbox 658 3353 770 3422; x_wconf 83' lang='lat'><strong>(50)</strong></span> <span class='ocrx_word' id='word_1_432' title='bbox 803 3352 1047 3419; x_wconf 76' lang='grc' dir='ltr'>Μετάλα</span> <span class='ocrx_word' id='word_1_433' title='bbox 1070 3349 1748 3422; x_wconf 39' lang='grc' dir='ltr'>στοιχεῖαηιῐίετοηγηιιιε</span> <span class='ocrx_word' id='word_1_434' title='bbox 1776 3361 1830 3405; x_wconf 88' lang='lat' dir='ltr'><strong>et</strong></span> <span class='ocrx_word' id='word_1_435' title='bbox 1876 3352 2148 3408; x_wconf 84' lang='lat' dir='ltr'><strong>Musculus</strong></span> 
     </span>
    </p>
   </div>
   <div class='ocr_carea' id='block_1_64' title="bbox 588 3419 2147 3483">
    <p class='ocr_par' dir='ltr' id='par_1_64' title="bbox 588 3419 2147 3483">
     <span class='ocr_line' id='line_1_64' title="bbox 588 3419 2147 3483; baseline -0.003 -6"><span class='ocrx_word' id='word_1_436' title='bbox 588 3419 841 3477; x_wconf 71' lang='lat' dir='ltr'><strong>elementa</strong></span> <span class='ocrx_word' id='word_1_437' title='bbox 889 3423 1066 3483; x_wconf 79' lang='lat' dir='ltr'><strong>vertit,</strong></span> <span class='ocrx_word' id='word_1_438' title='bbox 1111 3419 1632 3483; x_wconf 80' lang='lat' dir='ltr'><strong>Christopliorsonus</strong></span> <span class='ocrx_word' id='word_1_439' title='bbox 1688 3423 2016 3478; x_wconf 80' lang='lat' dir='ltr'><strong>seminaria:</strong></span> <span class='ocrx_word' id='word_1_440' title='bbox 2053 3426 2147 3476; x_wconf 82' lang='lat' dir='ltr'><strong>sed</strong></span> 
     </span>
    </p>
   </div>
   <div class='ocr_carea' id='block_1_65' title="bbox 587 3488 2147 3558">
    <p class='ocr_par' dir='ltr' id='par_1_65' title="bbox 587 3488 2147 3558">
     <span class='ocr_line' id='line_1_65' title="bbox 587 3488 2147 3558; baseline -0.002 -12"><span class='ocrx_word' id='word_1_441' title='bbox 587 3491 791 3558; x_wconf 80' lang='lat' dir='ltr'><strong>Optime</strong></span> <span class='ocrx_word' id='word_1_442' title='bbox 825 3488 1276 3541; x_wconf 73' lang='lat' dir='ltr'><strong>Ruﬁntlslumina</strong></span> <span class='ocrx_word' id='word_1_443' title='bbox 1333 3491 1736 3558; x_wconf 84' lang='lat' dir='ltr'><strong>interpretatur.</strong></span> <span class='ocrx_word' id='word_1_444' title='bbox 1791 3489 1924 3542; x_wconf 82' lang='lat' dir='ltr'><strong>Nam</strong></span> <span class='ocrx_word' id='word_1_445' title='bbox 1975 3490 2147 3544; x_wconf 66' lang='lat' dir='ltr'><strong>Graeci</strong></span> 
     </span>
    </p>
   </div>
   <div class='ocr_carea' id='block_1_66' title="bbox 590 3556 2148 3629">
    <p class='ocr_par' dir='ltr' id='par_1_66' title="bbox 590 3556 2148 3629">
     <span class='ocr_line' id='line_1_66' title="bbox 590 3556 2148 3629; baseline 0.001 -18"><span class='ocrx_word' id='word_1_446' title='bbox 590 3556 739 3629; x_wconf 84' lang='lat' dir='ltr'><strong>signa</strong></span> <span class='ocrx_word' id='word_1_447' title='bbox 786 3558 991 3629; x_wconf 78' lang='lat' dir='ltr'><strong>zodiaci</strong></span> <span class='ocrx_word' id='word_1_448' title='bbox 1027 3558 1262 3629; x_wconf 82' lang='grc' dir='ltr'>στοιχεῖα</span> <span class='ocrx_word' id='word_1_449' title='bbox 1299 3556 1818 3629; x_wconf 85' lang='lat' dir='ltr'><strong>s_olent__appellare.</strong></span> <span class='ocrx_word' id='word_1_450' title='bbox 1842 3560 1968 3629; x_wconf 10' lang='lat' dir='ltr'><strong>gSic</strong></span> <span class='ocrx_word' id='word_1_451' title='bbox 2010 3562 2148 3626; x_wconf 87' lang='lat' dir='ltr'><strong>apud</strong></span> 
     </span>
    </p>
   </div>
   <div class='ocr_carea' id='block_1_67' title="bbox 591 3624 2151 3698">
    <p class='ocr_par' dir='ltr' id='par_1_67' title="bbox 591 3624 2151 3698">
     <span class='ocr_line' id='line_1_67' title="bbox 591 3624 2151 3698; baseline -0.003 -18"><span class='ocrx_word' id='word_1_452' title='bbox 591 3624 878 3696; x_wconf 74' lang='lat' dir='ltr'><strong>Diogenem</strong></span> <span class='ocrx_word' id='word_1_453' title='bbox 907 3624 1190 3698; x_wconf 81' lang='lat' dir='ltr'><strong>Laertiutu</strong></span> <span class='ocrx_word' id='word_1_454' title='bbox 1320 3624 1433 3698; x_wconf 64' lang='lat' dir='ltr'><strong>Vita</strong></span> <span class='ocrx_word' id='word_1_455' title='bbox 1465 3624 1752 3698; x_wconf 78' lang='lat' dir='ltr'><strong>Menedemi</strong></span> <span class='ocrx_word' id='word_1_456' title='bbox 1781 3641 1808 3698; x_wconf 63' lang='grc' dir='ltr'><strong>εΔ</strong></span> <span class='ocrx_word' id='word_1_457' title='bbox 1841 3627 2002 3689; x_wconf 86' lang='grc' dir='ltr'>Πῖλος</span> <span class='ocrx_word' id='word_1_458' title='bbox 2029 3624 2151 3698; x_wconf 79' lang='grc' dir='ltr'>Ἄρ-</span> 
     </span>
    </p>
   </div>
   <div class='ocr_carea' id='block_1_68' title="bbox 591 3693 2152 3765">
    <p class='ocr_par' dir='ltr' id='par_1_68' title="bbox 591 3693 2152 3765">
     <span class='ocr_line' id='line_1_68' title="bbox 591 3693 2152 3765; baseline -0.008 -14"><span class='ocrx_word' id='word_1_459' title='bbox 591 3693 807 3760; x_wconf 77' lang='grc' dir='ltr'>καδῐκὸς</span> <span class='ocrx_word' id='word_1_460' title='bbox 837 3697 928 3748; x_wconf 74' lang='grc' dir='ltr'><strong>ἐπὶ</strong></span> <span class='ocrx_word' id='word_1_461' title='bbox 964 3699 1061 3765; x_wconf 82' lang='grc' dir='ltr'>τῆς</span> <span class='ocrx_word' id='word_1_462' title='bbox 1090 3694 1329 3763; x_wconf 81' lang='grc' dir='ltr'>κεφαλῆς</span> <span class='ocrx_word' id='word_1_463' title='bbox 1367 3693 1503 3765; x_wconf 81' lang='grc' dir='ltr'>ἔχων</span> <span class='ocrx_word' id='word_1_464' title='bbox 1536 3695 1881 3764; x_wconf 73' lang='grc' dir='ltr'>ἐνυφασμένα</span> <span class='ocrx_word' id='word_1_465' title='bbox 1931 3698 1998 3748; x_wconf 87' lang='grc' dir='ltr'>τὰ</span> <span class='ocrx_word' id='word_1_466' title='bbox 2051 3693 2152 3750; x_wconf 79' lang='grc' dir='ltr'><strong>δώ-</strong></span> 
     </span>
    </p>
   </div>
   <div class='ocr_carea' id='block_1_69' title="bbox 589 3764 2150 3835">
    <p class='ocr_par' dir='ltr' id='par_1_69' title="bbox 589 3764 2150 3835">
     <span class='ocr_line' id='line_1_69' title="bbox 589 3764 2150 3835; baseline -0.001 -13"><span class='ocrx_word' id='word_1_467' title='bbox 589 3771 718 3822; x_wconf 82' lang='grc' dir='ltr'>δεκα</span> <span class='ocrx_word' id='word_1_468' title='bbox 745 3764 1123 3835; x_wconf 67' lang='grc' dir='ltr'>στοιχεῖα.5ῇι;</span> <span class='ocrx_word' id='word_1_469' title='bbox 1147 3775 1321 3816; x_wconf 85' lang='lat' dir='ltr'><strong>autem</strong></span> <span class='ocrx_word' id='word_1_470' title='bbox 1359 3764 1625 3835; x_wconf 72' lang='lat' dir='ltr'><strong>vocabant</strong></span> <span class='ocrx_word' id='word_1_471' title='bbox 1671 3770 1740 3817; x_wconf 86' lang='lat' dir='ltr'><strong>ea</strong></span> <span class='ocrx_word' id='word_1_472' title='bbox 1775 3766 1924 3832; x_wconf 87' lang='lat' dir='ltr'><strong>signa</strong></span> <span class='ocrx_word' id='word_1_473' title='bbox 1978 3770 2150 3834; x_wconf 89' lang='lat' dir='ltr'><strong>genti-</strong></span> 
     </span>
    </p>
   </div>
   <div class='ocr_carea' id='block_1_70' title="bbox 591 3833 2149 3904">
    <p class='ocr_par' dir='ltr' id='par_1_70' title="bbox 591 3833 2149 3904">
     <span class='ocr_line' id='line_1_70' title="bbox 591 3833 2149 3904; baseline -0.001 -12"><span class='ocrx_word' id='word_1_474' title='bbox 591 3841 693 3901; x_wconf 87' lang='lat' dir='ltr'><strong>les,</strong></span> <span class='ocrx_word' id='word_1_475' title='bbox 730 3833 890 3904; x_wconf 74' lang='lat' dir='ltr'><strong>quod</strong></span> <span class='ocrx_word' id='word_1_476' title='bbox 919 3833 1178 3903; x_wconf 87' lang='lat' dir='ltr'><strong>principia</strong></span> <span class='ocrx_word' id='word_1_477' title='bbox 1229 3835 1353 3886; x_wconf 73' lang='lat' dir='ltr'><strong>vita:</strong></span> <span class='ocrx_word' id='word_1_478' title='bbox 1395 3833 1671 3885; x_wconf 88' lang='lat' dir='ltr'><strong>hominum</strong></span> <span class='ocrx_word' id='word_1_479' title='bbox 1706 3849 1770 3887; x_wconf 89' lang='lat' dir='ltr'><strong>ac</strong></span> <span class='ocrx_word' id='word_1_480' title='bbox 1823 3833 2050 3889; x_wconf 76' lang='lat' dir='ltr'><strong>fortuna:</strong></span> <span class='ocrx_word' id='word_1_481' title='bbox 2097 3839 2149 3890; x_wconf 90' lang='lat' dir='ltr'><strong>in</strong></span> 
     </span>
    </p>
   </div>
   <div class='ocr_carea' id='block_1_71' title="bbox 592 3905 2152 3975">
    <p class='ocr_par' dir='ltr' id='par_1_71' title="bbox 592 3905 2152 3975">
     <span class='ocr_line' id='line_1_71' title="bbox 592 3905 2152 3975; baseline -0.001 -13"><span class='ocrx_word' id='word_1_482' title='bbox 592 3911 660 3963; x_wconf 90' lang='lat' dir='ltr'><strong>iis</strong></span> <span class='ocrx_word' id='word_1_483' title='bbox 696 3908 863 3975; x_wconf 89' lang='lat' dir='ltr'><strong>posita</strong></span> <span class='ocrx_word' id='word_1_484' title='bbox 897 3921 1015 3975; x_wconf 80' lang='lat' dir='ltr'><strong>esse</strong></span> <span class='ocrx_word' id='word_1_485' title='bbox 1055 3905 1479 3975; x_wconf 73' lang='lat' dir='ltr'><strong>existimarent,</strong></span> <span class='ocrx_word' id='word_1_486' title='bbox 1508 3913 1566 3956; x_wconf 88' lang='lat' dir='ltr'><strong>ut</strong></span> <span class='ocrx_word' id='word_1_487' title='bbox 1613 3905 1768 3975; x_wconf 85' lang='lat' dir='ltr'><strong>docet</strong></span> <span class='ocrx_word' id='word_1_488' title='bbox 1826 3905 2152 3972; x_wconf 81' lang='lat' dir='ltr'><strong>Epiphanius</strong></span> 
     </span>
    </p>
   </div>
   <div class='ocr_carea' id='block_1_72' title="bbox 592 3973 2155 4045">
    <p class='ocr_par' dir='ltr' id='par_1_72' title="bbox 592 3973 2155 4045">
     <span class='ocr_line' id='line_1_72' title="bbox 592 3973 2155 4045; baseline -0.003 -13"><span class='ocrx_word' id='word_1_489' title='bbox 592 3981 644 4032; x_wconf 91' lang='lat' dir='ltr'><strong>in</strong></span> <span class='ocrx_word' id='word_1_490' title='bbox 672 3973 862 4031; x_wconf 75' lang='lat' dir='ltr'><strong>limresi</strong></span> <span class='ocrx_word' id='word_1_491' title='bbox 912 3974 1307 4045; x_wconf 58' lang='lat' dir='ltr'><strong>Pharisaeorum</strong></span> <span class='ocrx_word' id='word_1_492' title='bbox 1354 3989 1365 4024; x_wconf 92' lang='lat'><strong>:</strong></span> <span class='ocrx_word' id='word_1_493' title='bbox 1416 3973 1519 4045; x_wconf 70' lang='lat' dir='ltr'><strong>T&amp;_</strong></span> <span class='ocrx_word' id='word_1_494' title='bbox 1549 3973 1790 4042; x_wconf 86' lang='grc' dir='ltr'>ματαίως</span> <span class='ocrx_word' id='word_1_495' title='bbox 1829 3976 2155 4045; x_wconf 76' lang='grc' dir='ltr'>νομιζόμενα</span> 
     </span>
    </p>
   </div>
   <div class='ocr_carea' id='block_1_73' title="bbox 590 4043 2157 4116">
    <p class='ocr_par' dir='ltr' id='par_1_73' title="bbox 590 4043 2157 4116">
     <span class='ocr_line' id='line_1_73' title="bbox 590 4043 2157 4116; baseline -0.001 -17"><span class='ocrx_word' id='word_1_496' title='bbox 590 4051 670 4109; x_wconf 75' lang='grc' dir='ltr'><strong>είς</strong></span> <span class='ocrx_word' id='word_1_497' title='bbox 709 4043 1235 4116; x_wconf 22' lang='grc' dir='ltr'>ἀριθμὸνηστοιχε-ίων</span> <span class='ocrx_word' id='word_1_498' title='bbox 1261 4043 1830 4116; x_wconf 14' lang='grc' dir='ltr'>τοῖςᾲοπεπλανημένοις</span> <span class='ocrx_word' id='word_1_499' title='bbox 1857 4043 2092 4114; x_wconf 79' lang='grc' dir='ltr'>ὀνόματα</span> <span class='ocrx_word' id='word_1_500' title='bbox 2122 4047 2157 4098; x_wconf 79' lang='grc' dir='ltr'><strong>ἃ.</strong></span> 
     </span>
    </p>
   </div>
   <div class='ocr_carea' id='block_1_74' title="bbox 594 4113 2157 4182">
    <p class='ocr_par' dir='ltr' id='par_1_74' title="bbox 594 4113 2157 4182">
     <span class='ocr_line' id='line_1_74' title="bbox 594 4113 2157 4182; baseline -0.001 -13"><span class='ocrx_word' id='word_1_501' title='bbox 594 4113 760 4182; x_wconf 78' lang='grc' dir='ltr'>ζώδια</span> <span class='ocrx_word' id='word_1_502' title='bbox 796 4113 1068 4168; x_wconf 76' lang='grc' dir='ltr'>καλοῦσιν.</span> <span class='ocrx_word' id='word_1_503' title='bbox 1112 4113 1206 4168; x_wconf 87' lang='lat' dir='ltr'><strong>Ubi</strong></span> <span class='ocrx_word' id='word_1_504' title='bbox 1235 4114 1329 4175; x_wconf 79' lang='grc' dir='ltr'>εἰς.</span> <span class='ocrx_word' id='word_1_505' title='bbox 1360 4113 1590 4182; x_wconf 84' lang='grc' dir='ltr'>ἀριθμόν</span> <span class='ocrx_word' id='word_1_506' title='bbox 1648 4118 1866 4179; x_wconf 86' lang='lat' dir='ltr'><strong>ponitur</strong></span> <span class='ocrx_word' id='word_1_507' title='bbox 1919 4113 2014 4182; x_wconf 79' lang='lat' dir='ltr'><strong>pro</strong></span> <span class='ocrx_word' id='word_1_508' title='bbox 2076 4120 2157 4177; x_wconf 84' lang='grc' dir='ltr'><strong>είς</strong></span> 
     </span>
    </p>
   </div>
   <div class='ocr_carea' id='block_1_75' title="bbox 595 4183 2158 4253">
    <p class='ocr_par' dir='ltr' id='par_1_75' title="bbox 595 4183 2158 4253">
     <span class='ocr_line' id='line_1_75' title="bbox 595 4183 2158 4253; baseline -0.002 -14"><span class='ocrx_word' id='word_1_509' title='bbox 595 4187 772 4253; x_wconf 75' lang='grc' dir='ltr'>λόγον.</span> <span class='ocrx_word' id='word_1_510' title='bbox 808 4186 984 4249; x_wconf 84' lang='lat' dir='ltr'><strong>Quare</strong></span> <span class='ocrx_word' id='word_1_511' title='bbox 1019 4183 1221 4253; x_wconf 69' lang='lat' dir='ltr'><strong>fallitur</strong></span> <span class='ocrx_word' id='word_1_512' title='bbox 1240 4183 1540 4253; x_wconf 79' lang='lat' dir='ltr'><strong>Salmasius</strong></span> <span class='ocrx_word' id='word_1_513' title='bbox 1568 4184 1634 4234; x_wconf 17' lang='lat' dir='ltr'><strong>ain</strong></span> <span class='ocrx_word' id='word_1_514' title='bbox 1682 4183 1822 4253; x_wconf 78' lang='lat' dir='ltr'><strong>libro</strong></span> <span class='ocrx_word' id='word_1_515' title='bbox 1875 4184 1951 4236; x_wconf 89' lang='lat' dir='ltr'><strong>De</strong></span> <span class='ocrx_word' id='word_1_516' title='bbox 2005 4188 2158 4237; x_wconf 82' lang='lat' dir='ltr'><strong>annis</strong></span> 
     </span>
    </p>
   </div>
   <div class='ocr_carea' id='block_1_76' title="bbox 597 4251 2158 4322">
    <p class='ocr_par' dir='ltr' id='par_1_76' title="bbox 597 4251 2158 4322">
     <span class='ocr_line' id='line_1_76' title="bbox 597 4251 2158 4322; baseline 0.001 -17"><span class='ocrx_word' id='word_1_517' title='bbox 597 4251 981 4316; x_wconf 76' lang='lat' dir='ltr'><strong>climactericis,</strong></span> <span class='ocrx_word' id='word_1_518' title='bbox 1012 4251 1287 4322; x_wconf 13' lang='lat' dir='ltr'><strong>pag.i577.</strong></span> <span class='ocrx_word' id='word_1_519' title='bbox 1314 4251 1496 4318; x_wconf 87' lang='lat' dir='ltr'><strong>Neque</strong></span> <span class='ocrx_word' id='word_1_520' title='bbox 1519 4254 1659 4322; x_wconf 78' lang='lat' dir='ltr'><strong>enim</strong></span> <span class='ocrx_word' id='word_1_521' title='bbox 1685 4251 1855 4306; x_wconf 64' lang='lat' dir='ltr'><strong>Graeci</strong></span> <span class='ocrx_word' id='word_1_522' title='bbox 1900 4258 2158 4322; x_wconf 89' lang='grc' dir='ltr'>στοιχεῖον</span> 
     </span>
    </p>
   </div>
   <div class='ocr_carea' id='block_1_77' title="bbox 599 4321 1826 4389">
    <p class='ocr_par' dir='ltr' id='par_1_77' title="bbox 599 4321 1826 4389">
     <span class='ocr_line' id='line_1_77' title="bbox 599 4321 1826 4389; baseline -0.001 -14"><span class='ocrx_word' id='word_1_523' title='bbox 599 4338 830 4389; x_wconf 88' lang='lat' dir='ltr'><strong>unquam</strong></span> <span class='ocrx_word' id='word_1_524' title='bbox 857 4324 1111 4372; x_wconf 79' lang='lat' dir='ltr'><strong>dixerunt</strong></span> <span class='ocrx_word' id='word_1_525' title='bbox 1143 4321 1551 4389; x_wconf 68' lang='lat' dir='ltr'><strong>imaginemaut</strong></span> <span class='ocrx_word' id='word_1_526' title='bbox 1577 4321 1826 4386; x_wconf 81' lang='lat' dir='ltr'><strong>ﬁguram.</strong></span> 
     </span>
    </p>
   </div>
   <div class='ocr_carea' id='block_1_78' title="bbox 669 4387 2157 4460">
    <p class='ocr_par' dir='ltr' id='par_1_78' title="bbox 669 4387 2157 4460">
     <span class='ocr_line' id='line_1_78' title="bbox 669 4387 2157 4460; baseline -0.009 -17"><span class='ocrx_word' id='word_1_527' title='bbox 669 4387 778 4460; x_wconf 72' lang='lat'><strong>(31)</strong></span> <span class='ocrx_word' id='word_1_528' title='bbox 815 4389 1112 4441; x_wconf 80' lang='grc' dir='ltr'>Φίλιππον</span> <span class='ocrx_word' id='word_1_529' title='bbox 1143 4387 1249 4439; x_wconf 76' lang='grc' dir='ltr'><strong>τὸν</strong></span> <span class='ocrx_word' id='word_1_530' title='bbox 1273 4387 1390 4439; x_wconf 80' lang='grc' dir='ltr'><strong>τῶν</strong></span> <span class='ocrx_word' id='word_1_531' title='bbox 1423 4387 1666 4460; x_wconf 71' lang='grc' dir='ltr'>δώδεκα.</span> <span class='ocrx_word' id='word_1_532' title='bbox 1708 4390 2157 4459; x_wconf 80' lang='lat' dir='ltr'><strong>Christophorso-</strong></span> 
     </span>
    </p>
   </div>
   <div class='ocr_carea' id='block_1_79' title="bbox 2258 3349 3796 3418">
    <p class='ocr_par' dir='ltr' id='par_1_79' title="bbox 2258 3349 3796 3418">
     <span class='ocr_line' id='line_1_79' title="bbox 2258 3349 3796 3418; baseline -0.001 -14"><span class='ocrx_word' id='word_1_533' title='bbox 2258 3353 2569 3418; x_wconf 73' lang='lat' dir='ltr'><strong>virginitate</strong></span> <span class='ocrx_word' id='word_1_534' title='bbox 2593 3357 3014 3403; x_wconf 89' lang='lat' dir='ltr'><strong>consenuerunt.</strong></span> <span class='ocrx_word' id='word_1_535' title='bbox 3041 3350 3116 3403; x_wconf 79' lang='lat' dir='ltr'><strong>Ex</strong></span> <span class='ocrx_word' id='word_1_536' title='bbox 3139 3365 3248 3418; x_wconf 78' lang='lat' dir='ltr'><strong>quo</strong></span> <span class='ocrx_word' id='word_1_537' title='bbox 3279 3349 3571 3418; x_wconf 80' lang='lat' dir='ltr'><strong>colligitur,</strong></span> <span class='ocrx_word' id='word_1_538' title='bbox 3599 3350 3796 3404; x_wconf 82' lang='lat' dir='ltr'><strong>tertiam</strong></span> 
     </span>
    </p>
   </div>
   <div class='ocr_carea' id='block_1_80' title="bbox 2257 3419 3799 3490">
    <p class='ocr_par' dir='ltr' id='par_1_80' title="bbox 2257 3419 3799 3490">
     <span class='ocr_line' id='line_1_80' title="bbox 2257 3419 3799 3490; baseline -0.003 -15"><span class='ocrx_word' id='word_1_539' title='bbox 2257 3424 2396 3476; x_wconf 90' lang='lat' dir='ltr'><strong>hanc</strong></span> <span class='ocrx_word' id='word_1_540' title='bbox 2425 3423 2541 3472; x_wconf 82' lang='lat' dir='ltr'><strong>viro</strong></span> <span class='ocrx_word' id='word_1_541' title='bbox 2572 3429 2793 3490; x_wconf 87' lang='lat' dir='ltr'><strong>nuptam</strong></span> <span class='ocrx_word' id='word_1_542' title='bbox 2859 3419 3042 3472; x_wconf 85' lang='lat' dir='ltr'><strong>fuisse.</strong></span> <span class='ocrx_word' id='word_1_543' title='bbox 3097 3419 3280 3490; x_wconf 83' lang='lat' dir='ltr'><strong>Neque</strong></span> <span class='ocrx_word' id='word_1_544' title='bbox 3327 3436 3458 3472; x_wconf 83' lang='lat' dir='ltr'><strong>vero</strong></span> <span class='ocrx_word' id='word_1_545' title='bbox 3514 3421 3566 3474; x_wconf 87' lang='lat' dir='ltr'><strong>id</strong></span> <span class='ocrx_word' id='word_1_546' title='bbox 3613 3432 3799 3490; x_wconf 84' lang='lat' dir='ltr'><strong>pugnat</strong></span> 
     </span>
    </p>
   </div>
   <div class='ocr_carea' id='block_1_81' title="bbox 2258 3489 3797 3561">
    <p class='ocr_par' dir='ltr' id='par_1_81' title="bbox 2258 3489 3797 3561">
     <span class='ocr_line' id='line_1_81' title="bbox 2258 3489 3797 3561; baseline -0.001 -17"><span class='ocrx_word' id='word_1_547' title='bbox 2258 3508 2376 3544; x_wconf 91' lang='lat' dir='ltr'><strong>cum</strong></span> <span class='ocrx_word' id='word_1_548' title='bbox 2414 3491 2587 3554; x_wconf 85' lang='lat' dir='ltr'><strong>capite</strong></span> <span class='ocrx_word' id='word_1_549' title='bbox 2619 3505 2708 3542; x_wconf 71' lang='lat' dir='ltr'><strong>xx:</strong></span> <span class='ocrx_word' id='word_1_550' title='bbox 2771 3489 3000 3561; x_wconf 69' lang='lat' dir='ltr'><strong>Acutum</strong></span> <span class='ocrx_word' id='word_1_551' title='bbox 3044 3489 3444 3561; x_wconf 80' lang='lat' dir='ltr'><strong>apostolorum._</strong></span> <span class='ocrx_word' id='word_1_552' title='bbox 3483 3489 3797 3560; x_wconf 69' lang='lat' dir='ltr'><strong>Responderi</strong></span> 
     </span>
    </p>
   </div>
   <div class='ocr_carea' id='block_1_82' title="bbox 2256 3559 3801 3629">
    <p class='ocr_par' dir='ltr' id='par_1_82' title="bbox 2256 3559 3801 3629">
     <span class='ocr_line' id='line_1_82' title="bbox 2256 3559 3801 3629; baseline -0.003 -15"><span class='ocrx_word' id='word_1_553' title='bbox 2256 3563 2400 3614; x_wconf 89' lang='lat' dir='ltr'><strong>enim</strong></span> <span class='ocrx_word' id='word_1_554' title='bbox 2431 3567 2631 3629; x_wconf 66' lang='lat' dir='ltr'><strong>potest,</strong></span> <span class='ocrx_word' id='word_1_555' title='bbox 2663 3569 2773 3611; x_wconf 88' lang='lat' dir='ltr'><strong>tum</strong></span> <span class='ocrx_word' id='word_1_556' title='bbox 2809 3559 3028 3629; x_wconf 75' lang='lat' dir='ltr'><strong>quidem</strong></span> <span class='ocrx_word' id='word_1_557' title='bbox 3058 3575 3178 3612; x_wconf 88' lang='lat' dir='ltr'><strong>cum</strong></span> <span class='ocrx_word' id='word_1_558' title='bbox 3201 3559 3272 3612; x_wconf 49' lang='lat' dir='ltr'><strong>&quot;ea</strong></span> <span class='ocrx_word' id='word_1_559' title='bbox 3309 3569 3649 3629; x_wconf 78' lang='lat' dir='ltr'><strong>-&#39;gcrerentur</strong></span> <span class='ocrx_word' id='word_1_560' title='bbox 3690 3573 3801 3627; x_wconf 72' lang='lat' dir='ltr'><strong>quae</strong></span> 
     </span>
    </p>
   </div>
   <div class='ocr_carea' id='block_1_83' title="bbox 2257 3627 3794 3696">
    <p class='ocr_par' dir='ltr' id='par_1_83' title="bbox 2257 3627 3794 3696">
     <span class='ocr_line' id='line_1_83' title="bbox 2257 3627 3794 3696; baseline -0.002 -13"><span class='ocrx_word' id='word_1_561' title='bbox 2257 3638 2522 3683; x_wconf 88' lang='lat' dir='ltr'><strong>memorat</strong></span> <span class='ocrx_word' id='word_1_562' title='bbox 2577 3627 2793 3690; x_wconf 90' lang='lat' dir='ltr'><strong>Lucas,</strong></span> <span class='ocrx_word' id='word_1_563' title='bbox 2859 3627 3083 3696; x_wconf 87' lang='lat' dir='ltr'><strong>Philippi</strong></span> <span class='ocrx_word' id='word_1_564' title='bbox 3134 3629 3270 3683; x_wconf 84' lang='lat' dir='ltr'><strong>ﬁlias</strong></span> <span class='ocrx_word' id='word_1_565' title='bbox 3322 3627 3486 3683; x_wconf 72' lang='lat' dir='ltr'><strong>fuisse</strong></span> <span class='ocrx_word' id='word_1_566' title='bbox 3528 3631 3794 3696; x_wconf 72' lang='lat' dir='ltr'><strong>virgines:</strong></span> 
     </span>
    </p>
   </div>
   <div class='ocr_carea' id='block_1_84' title="bbox 2257 3646 3797 3766">
    <p class='ocr_par' dir='ltr' id='par_1_84' title="bbox 2257 3646 3797 3766">
     <span class='ocr_line' id='line_1_84' title="bbox 2257 3646 3794 3696; baseline -0.002 -13"><span class='ocrx_word' id='word_1_567' title='bbox 2257 3646 2522 3683; x_wconf 80' lang='lat' dir='ltr'><strong>memorat</strong></span> <span class='ocrx_word' id='word_1_568' title='bbox 2577 3646 2793 3690; x_wconf 69' lang='lat' dir='ltr'><strong>Lucas,</strong></span> <span class='ocrx_word' id='word_1_569' title='bbox 2859 3646 3083 3696; x_wconf 81' lang='lat' dir='ltr'><strong>I’lllllppl</strong></span> <span class='ocrx_word' id='word_1_570' title='bbox 3134 3646 3270 3683; x_wconf 87' lang='lat' dir='ltr'><strong>uuas</strong></span> <span class='ocrx_word' id='word_1_571' title='bbox 3322 3646 3486 3683; x_wconf 82' lang='lat' dir='ltr'><strong>tuisse</strong></span> <span class='ocrx_word' id='word_1_572' title='bbox 3528 3647 3579 3684; x_wconf 71' lang='lat' dir='ltr'><strong>vn</strong></span> <span class='ocrx_word' id='word_1_573' title='bbox 3647 3646 3794 3683; x_wconf 85' lang='lat' dir='ltr'><strong>mes:</strong></span> 
     </span>
     <span class='ocr_line' id='line_1_85' title="bbox 2257 3646 3797 3766; baseline 0 -16"><span class='ocrx_word' id='word_1_574' title='bbox 2257 3709 2439 3765; x_wconf 80' lang='lat' dir='ltr'><strong>postea</strong></span> <span class='ocrx_word' id='word_1_575' title='bbox 2488 3709 2661 3750; x_wconf 90' lang='lat' dir='ltr'><strong>tamen</strong></span> <span class='ocrx_word' id='word_1_576' title='bbox 2701 3714 2858 3751; x_wconf 89' lang='lat' dir='ltr'><strong>unam</strong></span> <span class='ocrx_word' id='word_1_577' title='bbox 2885 3714 2950 3751; x_wconf 75' lang='lat' dir='ltr'><strong>ex</strong></span> <span class='ocrx_word' id='word_1_578' title='bbox 2974 3697 3077 3751; x_wconf 91' lang='lat' dir='ltr'><strong>illis</strong></span> <span class='ocrx_word' id='word_1_579' title='bbox 3112 3715 3140 3752; x_wconf 91' lang='lat' dir='ltr'><strong>a</strong></span> <span class='ocrx_word' id='word_1_580' title='bbox 3169 3710 3316 3766; x_wconf 87' lang='lat' dir='ltr'><strong>patre</strong></span> <span class='ocrx_word' id='word_1_581' title='bbox 3359 3646 3797 3766; x_wconf 58' lang='lat' dir='ltr'><strong>nuptumrgatam.</strong></span> 
     </span>
    </p>
   </div>
   <div class='ocr_carea' id='block_1_85' title="bbox 2258 3768 3798 3836">
    <p class='ocr_par' dir='ltr' id='par_1_85' title="bbox 2258 3768 3798 3836">
     <span class='ocr_line' id='line_1_86' title="bbox 2258 3768 3798 3836; baseline -0.003 -13"><span class='ocrx_word' id='word_1_582' title='bbox 2258 3769 2677 3836; x_wconf 70' lang='lat' dir='ltr'><strong>lilqueinnuere</strong></span> <span class='ocrx_word' id='word_1_583' title='bbox 2745 3770 2953 3821; x_wconf 78' lang='lat' dir='ltr'><strong>videtur</strong></span> <span class='ocrx_word' id='word_1_584' title='bbox 3003 3769 3251 3821; x_wconf 86' lang='lat' dir='ltr'><strong>Clemens</strong></span> <span class='ocrx_word' id='word_1_585' title='bbox 3306 3769 3694 3822; x_wconf 83' lang='lat' dir='ltr'><strong>Alexandrinus</strong></span> <span class='ocrx_word' id='word_1_586' title='bbox 3749 3768 3798 3818; x_wconf 94' lang='lat' dir='ltr'><strong>in</strong></span> 
     </span>
    </p>
   </div>
   <div class='ocr_carea' id='block_1_86' title="bbox 2258 3838 3803 3906">
    <p class='ocr_par' dir='ltr' id='par_1_86' title="bbox 2258 3838 3803 3906">
     <span class='ocr_line' id='line_1_87' title="bbox 2258 3838 3803 3906; baseline -0.003 -15"><span class='ocrx_word' id='word_1_587' title='bbox 2258 3840 2438 3891; x_wconf 74' lang='lat' dir='ltr'><strong>verbis</strong></span> <span class='ocrx_word' id='word_1_588' title='bbox 2463 3853 2581 3905; x_wconf 72' lang='lat' dir='ltr'><strong>qua:</strong></span> <span class='ocrx_word' id='word_1_589' title='bbox 2604 3852 2763 3906; x_wconf 90' lang='lat' dir='ltr'><strong>supra</strong></span> <span class='ocrx_word' id='word_1_590' title='bbox 2794 3839 3029 3891; x_wconf 89' lang='lat' dir='ltr'><strong>citantur</strong></span> <span class='ocrx_word' id='word_1_591' title='bbox 3053 3839 3120 3890; x_wconf 91' lang='lat' dir='ltr'><strong>ab</strong></span> <span class='ocrx_word' id='word_1_592' title='bbox 3156 3839 3406 3891; x_wconf 87' lang='lat' dir='ltr'><strong>Eusebio.</strong></span> <span class='ocrx_word' id='word_1_593' title='bbox 3439 3839 3605 3896; x_wconf 74' lang='lat' dir='ltr'><strong>Porro</strong></span> <span class='ocrx_word' id='word_1_594' title='bbox 3655 3838 3803 3890; x_wconf 86' lang='lat' dir='ltr'><strong>Chri-</strong></span> 
     </span>
    </p>
   </div>
   <div class='ocr_carea' id='block_1_87' title="bbox 2261 3908 3801 3974">
    <p class='ocr_par' dir='ltr' id='par_1_87' title="bbox 2261 3908 3801 3974">
     <span class='ocr_line' id='line_1_88' title="bbox 2261 3908 3801 3974; baseline -0.003 -13"><span class='ocrx_word' id='word_1_595' title='bbox 2261 3910 2653 3974; x_wconf 69' lang='lat' dir='ltr'><strong>stophorsonus</strong></span> <span class='ocrx_word' id='word_1_596' title='bbox 2695 3909 2906 3960; x_wconf 89' lang='lat' dir='ltr'><strong>tertiam</strong></span> <span class='ocrx_word' id='word_1_597' title='bbox 2960 3909 3095 3959; x_wconf 86' lang='lat' dir='ltr'><strong>hanc</strong></span> <span class='ocrx_word' id='word_1_598' title='bbox 3121 3908 3349 3973; x_wconf 83' lang='lat' dir='ltr'><strong>Philippi</strong></span> <span class='ocrx_word' id='word_1_599' title='bbox 3413 3908 3628 3969; x_wconf 76' lang='lat' dir='ltr'><strong>ﬁliam,</strong></span> <span class='ocrx_word' id='word_1_600' title='bbox 3685 3921 3801 3958; x_wconf 90' lang='lat' dir='ltr'><strong>cum</strong></span> 
     </span>
    </p>
   </div>
   <div class='ocr_carea' id='block_1_88' title="bbox 2262 3976 3801 4042">
    <p class='ocr_par' dir='ltr' id='par_1_88' title="bbox 2262 3976 3801 4042">
     <span class='ocr_line' id='line_1_89' title="bbox 2262 3976 3801 4042; baseline -0.003 -12"><span class='ocrx_word' id='word_1_601' title='bbox 2262 3980 2472 4031; x_wconf 90' lang='lat' dir='ltr'><strong>duabus</strong></span> <span class='ocrx_word' id='word_1_602' title='bbox 2507 3979 2610 4030; x_wconf 87' lang='lat' dir='ltr'><strong>illis</strong></span> <span class='ocrx_word' id='word_1_603' title='bbox 2641 3977 2912 4041; x_wconf 90' lang='lat' dir='ltr'><strong>prioribus</strong></span> <span class='ocrx_word' id='word_1_604' title='bbox 2950 3976 3213 4028; x_wconf 90' lang='lat' dir='ltr'><strong>confudit.</strong></span> <span class='ocrx_word' id='word_1_605' title='bbox 3259 3977 3422 4042; x_wconf 84' lang='lat' dir='ltr'><strong>Cujus</strong></span> <span class='ocrx_word' id='word_1_606' title='bbox 3466 3977 3639 4029; x_wconf 82' lang='lat' dir='ltr'><strong>versio</strong></span> <span class='ocrx_word' id='word_1_607' title='bbox 3694 3989 3801 4026; x_wconf 83' lang='lat' dir='ltr'><strong>me-</strong></span> 
     </span>
    </p>
   </div>
   <div class='ocr_carea' id='block_1_89' title="bbox 2264 4045 3801 4111">
    <p class='ocr_par' dir='ltr' id='par_1_89' title="bbox 2264 4045 3801 4111">
     <span class='ocr_line' id='line_1_90' title="bbox 2264 4045 3801 4111; baseline -0.003 -10"><span class='ocrx_word' id='word_1_608' title='bbox 2264 4050 2370 4100; x_wconf 84' lang='lat' dir='ltr'><strong>rito</strong></span> <span class='ocrx_word' id='word_1_609' title='bbox 2400 4047 2636 4100; x_wconf 84' lang='lat' dir='ltr'><strong>turbavit</strong></span> <span class='ocrx_word' id='word_1_610' title='bbox 2677 4045 2986 4109; x_wconf 84' lang='lat' dir='ltr'><strong>Baronium,</strong></span> <span class='ocrx_word' id='word_1_611' title='bbox 3015 4055 3070 4094; x_wconf 90' lang='lat' dir='ltr'><strong>ut</strong></span> <span class='ocrx_word' id='word_1_612' title='bbox 3099 4056 3244 4111; x_wconf 87' lang='lat' dir='ltr'><strong>patet</strong></span> <span class='ocrx_word' id='word_1_613' title='bbox 3287 4062 3352 4100; x_wconf 79' lang='lat' dir='ltr'><strong>ex</strong></span> <span class='ocrx_word' id='word_1_614' title='bbox 3403 4045 3686 4098; x_wconf 79' lang='lat' dir='ltr'><strong>Annalibus</strong></span> <span class='ocrx_word' id='word_1_615' title='bbox 3737 4046 3801 4096; x_wconf 86' lang='lat' dir='ltr'><strong>ad</strong></span> 
     </span>
    </p>
   </div>
   <div class='ocr_carea' id='block_1_90' title="bbox 2262 4113 3800 4183">
    <p class='ocr_par' dir='ltr' id='par_1_90' title="bbox 2262 4113 3800 4183">
     <span class='ocr_line' id='line_1_91' title="bbox 2262 4113 3800 4183; baseline -0.003 -15"><span class='ocrx_word' id='word_1_616' title='bbox 2262 4134 2456 4169; x_wconf 86' lang='lat' dir='ltr'><strong>annum</strong></span> <span class='ocrx_word' id='word_1_617' title='bbox 2486 4115 2686 4169; x_wconf 81' lang='lat' dir='ltr'><strong>Christi</strong></span> <span class='ocrx_word' id='word_1_618' title='bbox 2718 4114 2806 4176; x_wconf 84' lang='grc'><strong>58,</strong></span> <span class='ocrx_word' id='word_1_619' title='bbox 2850 4128 2969 4179; x_wconf 89' lang='lat' dir='ltr'><strong>cap.</strong></span> <span class='ocrx_word' id='word_1_620' title='bbox 2997 4115 3115 4166; x_wconf 76' lang='lat'><strong>“5.</strong></span> <span class='ocrx_word' id='word_1_621' title='bbox 3153 4116 3360 4183; x_wconf 78' lang='lat' dir='ltr'><strong>llepetit</strong></span> <span class='ocrx_word' id='word_1_622' title='bbox 3391 4116 3531 4168; x_wconf 90' lang='lat' dir='ltr'><strong>hunc</strong></span> <span class='ocrx_word' id='word_1_623' title='bbox 3556 4113 3800 4182; x_wconf 86' lang='lat' dir='ltr'><strong>Polycra-</strong></span> 
     </span>
    </p>
   </div>
   <div class='ocr_carea' id='block_1_91' title="bbox 2264 4183 3799 4252">
    <p class='ocr_par' dir='ltr' id='par_1_91' title="bbox 2264 4183 3799 4252">
     <span class='ocr_line' id='line_1_92' title="bbox 2264 4183 3799 4252; baseline -0.001 -16"><span class='ocrx_word' id='word_1_624' title='bbox 2264 4189 2329 4237; x_wconf 90' lang='lat' dir='ltr'><strong>tis</strong></span> <span class='ocrx_word' id='word_1_625' title='bbox 2359 4188 2530 4238; x_wconf 90' lang='lat' dir='ltr'><strong>locum</strong></span> <span class='ocrx_word' id='word_1_626' title='bbox 2570 4183 2833 4235; x_wconf 88' lang='lat' dir='ltr'><strong>Eusebius</strong></span> <span class='ocrx_word' id='word_1_627' title='bbox 2869 4195 3053 4238; x_wconf 92' lang='lat' dir='ltr'><strong>noster</strong></span> <span class='ocrx_word' id='word_1_628' title='bbox 3094 4186 3143 4236; x_wconf 93' lang='lat' dir='ltr'><strong>in</strong></span> <span class='ocrx_word' id='word_1_629' title='bbox 3178 4185 3271 4238; x_wconf 92' lang='lat' dir='ltr'><strong>lib.</strong></span> <span class='ocrx_word' id='word_1_630' title='bbox 3299 4201 3350 4248; x_wconf 78' lang='grc' dir='ltr'><strong>ν,</strong></span> <span class='ocrx_word' id='word_1_631' title='bbox 3385 4200 3505 4252; x_wconf 91' lang='lat' dir='ltr'><strong>cap.</strong></span> <span class='ocrx_word' id='word_1_632' title='bbox 3557 4184 3625 4234; x_wconf 74' lang='grc'><strong>24</strong></span> <span class='ocrx_word' id='word_1_633' title='bbox 3651 4221 3666 4243; x_wconf 88' lang='grc'><strong>,</strong></span> <span class='ocrx_word' id='word_1_634' title='bbox 3714 4183 3799 4234; x_wconf 90' lang='lat' dir='ltr'><strong>ubi</strong></span> 
     </span>
    </p>
   </div>
   <div class='ocr_carea' id='block_1_92' title="bbox 2261 4253 3803 4322">
    <p class='ocr_par' dir='ltr' id='par_1_92' title="bbox 2261 4253 3803 4322">
     <span class='ocr_line' id='line_1_93' title="bbox 2261 4253 3803 4322; baseline -0.001 -16"><span class='ocrx_word' id='word_1_635' title='bbox 2261 4255 2783 4321; x_wconf 85' lang='lat' dir='ltr'><strong>Christophorsonus</strong></span> <span class='ocrx_word' id='word_1_636' title='bbox 2811 4261 2918 4303; x_wconf 91' lang='lat' dir='ltr'><strong>tres</strong></span> <span class='ocrx_word' id='word_1_637' title='bbox 2942 4253 3172 4322; x_wconf 85' lang='lat' dir='ltr'><strong>Philippi</strong></span> <span class='ocrx_word' id='word_1_638' title='bbox 3203 4254 3342 4308; x_wconf 84' lang='lat' dir='ltr'><strong>ﬁlias</strong></span> <span class='ocrx_word' id='word_1_639' title='bbox 3361 4256 3517 4306; x_wconf 83' lang='lat' dir='ltr'><strong>recte</strong></span> <span class='ocrx_word' id='word_1_640' title='bbox 3541 4253 3803 4322; x_wconf 77' lang='lat' dir='ltr'><strong>distinxit,</strong></span> 
     </span>
    </p>
   </div>
   <div class='ocr_carea' id='block_1_93' title="bbox 2261 4321 3802 4388">
    <p class='ocr_par' dir='ltr' id='par_1_93' title="bbox 2261 4321 3802 4388">
     <span class='ocr_line' id='line_1_94' title="bbox 2261 4321 3802 4388; baseline 0 -14"><span class='ocrx_word' id='word_1_641' title='bbox 2261 4334 2314 4374; x_wconf 91' lang='lat' dir='ltr'><strong>ct</strong></span> <span class='ocrx_word' id='word_1_642' title='bbox 2365 4325 2598 4388; x_wconf 89' lang='lat' dir='ltr'><strong>priorem</strong></span> <span class='ocrx_word' id='word_1_643' title='bbox 2650 4334 2804 4372; x_wconf 87' lang='lat' dir='ltr'><strong>suum</strong></span> <span class='ocrx_word' id='word_1_644' title='bbox 2874 4321 3129 4377; x_wconf 84' lang='lat' dir='ltr'><strong>errorem</strong></span> <span class='ocrx_word' id='word_1_645' title='bbox 3174 4324 3495 4378; x_wconf 83' lang='lat' dir='ltr'><strong>emendavit.</strong></span> <span class='ocrx_word' id='word_1_646' title='bbox 3549 4321 3802 4374; x_wconf 70' lang='lat' dir='ltr'><strong>Cancrum</strong></span> 
     </span>
    </p>
   </div>
   <div class='ocr_carea' id='block_1_94' title="bbox 2264 4392 3802 4462">
    <p class='ocr_par' dir='ltr' id='par_1_94' title="bbox 2264 4392 3802 4462">
     <span class='ocr_line' id='line_1_95' title="bbox 2264 4392 3802 4462; baseline 0 -20"><span class='ocrx_word' id='word_1_647' title='bbox 2264 4393 2427 4458; x_wconf 70' lang='lat' dir='ltr'><strong>quaeri</strong></span> <span class='ocrx_word' id='word_1_648' title='bbox 2455 4393 2541 4462; x_wconf 77' lang='lat' dir='ltr'><strong>i_iic</strong></span> <span class='ocrx_word' id='word_1_649' title='bbox 2565 4392 2795 4462; x_wconf 87' lang='lat' dir='ltr'><strong>__merit_o</strong></span> <span class='ocrx_word' id='word_1_650' title='bbox 2829 4403 3004 4456; x_wconf 87' lang='lat' dir='ltr'><strong>potest</strong></span> <span class='ocrx_word' id='word_1_651' title='bbox 3055 4409 3150 4445; x_wconf 90' lang='lat' dir='ltr'><strong>cur</strong></span> <span class='ocrx_word' id='word_1_652' title='bbox 3177 4393 3486 4462; x_wconf 82' lang='lat' dir='ltr'><strong>Polycrates</strong></span> <span class='ocrx_word' id='word_1_653' title='bbox 3509 4400 3625 4462; x_wconf 89' lang='lat' dir='ltr'><strong>tres</strong></span> <span class='ocrx_word' id='word_1_654' title='bbox 3666 4393 3802 4442; x_wconf 83' lang='lat' dir='ltr'><strong>dun-</strong></span> 
     </span>
    </p>
   </div>
   <div class='ocr_carea' id='block_1_95' title="bbox 597 4458 3806 4527">
    <p class='ocr_par' dir='ltr' id='par_1_95' title="bbox 597 4458 3806 4527">
     <span class='ocr_line' id='line_1_96' title="bbox 597 4458 3806 4527; baseline 0 -15"><span class='ocrx_word' id='word_1_655' title='bbox 597 4458 699 4516; x_wconf 81' lang='lat' dir='ltr'><strong>nus</strong></span> <span class='ocrx_word' id='word_1_656' title='bbox 729 4463 828 4512; x_wconf 89' lang='lat' dir='ltr'><strong>hoc</strong></span> <span class='ocrx_word' id='word_1_657' title='bbox 860 4460 975 4511; x_wconf 89' lang='lat' dir='ltr'><strong>loco</strong></span> <span class='ocrx_word' id='word_1_658' title='bbox 1030 4470 1366 4527; x_wconf 73' lang='lat' dir='ltr'><strong>nequaquam</strong></span> <span class='ocrx_word' id='word_1_659' title='bbox 1396 4458 1565 4527; x_wconf 79' lang='lat' dir='ltr'><strong>__boni</strong></span> <span class='ocrx_word' id='word_1_660' title='bbox 1620 4458 1938 4524; x_wconf 84' lang='lat' dir='ltr'><strong>interpretis</strong></span> <span class='ocrx_word' id='word_1_661' title='bbox 1985 4460 2160 4513; x_wconf 81' lang='lat' dir='ltr'><strong>oﬂicio</strong></span> <span class='ocrx_word' id='word_1_662' title='bbox 2193 4465 2238 4519; x_wconf 91' lang='lat' dir='ltr'><strong>D</strong></span> <span class='ocrx_word' id='word_1_663' title='bbox 2272 4471 2418 4512; x_wconf 81' lang='lat' dir='ltr'><strong>taxat</strong></span> <span class='ocrx_word' id='word_1_664' title='bbox 2457 4460 2689 4527; x_wconf 80' lang='lat' dir='ltr'><strong>Philippi</strong></span> <span class='ocrx_word' id='word_1_665' title='bbox 2727 4460 2864 4514; x_wconf 87' lang='lat' dir='ltr'><strong>ﬁlias</strong></span> <span class='ocrx_word' id='word_1_666' title='bbox 2885 4458 3290 4526; x_wconf 66' lang='lat' dir='ltr'><strong>memoraverit;</strong></span> <span class='ocrx_word' id='word_1_667' title='bbox 3335 4475 3456 4513; x_wconf 94' lang='lat' dir='ltr'><strong>cum</strong></span> <span class='ocrx_word' id='word_1_668' title='bbox 3506 4461 3556 4511; x_wconf 92' lang='lat' dir='ltr'><strong>in</strong></span> <span class='ocrx_word' id='word_1_669' title='bbox 3590 4461 3806 4514; x_wconf 81' lang='lat' dir='ltr'><strong>Actibus</strong></span> 
     </span>
    </p>
   </div>
   <div class='ocr_carea' id='block_1_96' title="bbox 602 4524 2156 4593">
    <p class='ocr_par' dir='ltr' id='par_1_96' title="bbox 602 4524 2156 4593">
     <span class='ocr_line' id='line_1_97' title="bbox 602 4524 2156 4593; baseline -0.001 -11"><span class='ocrx_word' id='word_1_670' title='bbox 602 4535 816 4583; x_wconf 88' lang='lat' dir='ltr'><strong>Iunctus</strong></span> <span class='ocrx_word' id='word_1_671' title='bbox 852 4540 967 4586; x_wconf 89' lang='lat' dir='ltr'><strong>est.</strong></span> <span class='ocrx_word' id='word_1_672' title='bbox 1011 4528 1102 4593; x_wconf 92' lang='lat' dir='ltr'><strong>qui</strong></span> <span class='ocrx_word' id='word_1_673' title='bbox 1161 4541 1259 4593; x_wconf 92' lang='lat' dir='ltr'><strong>pro</strong></span> <span class='ocrx_word' id='word_1_674' title='bbox 1311 4524 1555 4592; x_wconf 90' lang='lat' dir='ltr'><strong>Philippo</strong></span> <span class='ocrx_word' id='word_1_675' title='bbox 1615 4541 1721 4579; x_wconf 93' lang='lat' dir='ltr'><strong>uno</strong></span> <span class='ocrx_word' id='word_1_676' title='bbox 1761 4542 1825 4579; x_wconf 80' lang='lat' dir='ltr'><strong>ex</strong></span> <span class='ocrx_word' id='word_1_677' title='bbox 1875 4529 2156 4581; x_wconf 91' lang='lat' dir='ltr'><strong>duodecim</strong></span> 
     </span>
    </p>
   </div>
   <div class='ocr_carea' id='block_1_97' title="bbox 601 4597 2160 4666">
    <p class='ocr_par' dir='ltr' id='par_1_97' title="bbox 601 4597 2160 4666">
     <span class='ocr_line' id='line_1_98' title="bbox 601 4597 2160 4666; baseline -0.001 -14"><span class='ocrx_word' id='word_1_678' title='bbox 601 4598 892 4666; x_wconf 81' lang='lat' dir='ltr'><strong>apostolis,</strong></span> <span class='ocrx_word' id='word_1_679' title='bbox 934 4597 1242 4666; x_wconf 83' lang='lat' dir='ltr'><strong>Philippum</strong></span> <span class='ocrx_word' id='word_1_680' title='bbox 1297 4609 1461 4666; x_wconf 87' lang='lat' dir='ltr'><strong>unum</strong></span> <span class='ocrx_word' id='word_1_681' title='bbox 1529 4609 1594 4644; x_wconf 76' lang='lat' dir='ltr'><strong>ex</strong></span> <span class='ocrx_word' id='word_1_682' title='bbox 1655 4607 1864 4666; x_wconf 79' lang='lat' dir='ltr'><strong>septem</strong></span> <span class='ocrx_word' id='word_1_683' title='bbox 1918 4598 2160 4666; x_wconf 72' lang='lat' dir='ltr'><strong>diaconis</strong></span> 
     </span>
    </p>
   </div>
   <div class='ocr_carea' id='block_1_98' title="bbox 602 4664 2162 4734">
    <p class='ocr_par' dir='ltr' id='par_1_98' title="bbox 602 4664 2162 4734">
     <span class='ocr_line' id='line_1_99' title="bbox 602 4664 2162 4734; baseline -0.003 -11"><span class='ocrx_word' id='word_1_684' title='bbox 602 4664 900 4723; x_wconf 82' lang='lat' dir='ltr'><strong>substituit.</strong></span> <span class='ocrx_word' id='word_1_685' title='bbox 934 4665 1104 4720; x_wconf 82' lang='lat' dir='ltr'><strong>Vetus</strong></span> <span class='ocrx_word' id='word_1_686' title='bbox 1136 4665 1352 4733; x_wconf 89' lang='lat' dir='ltr'><strong>quidem</strong></span> <span class='ocrx_word' id='word_1_687' title='bbox 1384 4665 1470 4716; x_wconf 90' lang='lat' dir='ltr'><strong>hic</strong></span> <span class='ocrx_word' id='word_1_688' title='bbox 1501 4678 1658 4716; x_wconf 88' lang='lat' dir='ltr'><strong>error</strong></span> <span class='ocrx_word' id='word_1_689' title='bbox 1682 4664 1806 4734; x_wconf 84' lang='lat' dir='ltr'><strong>fuit,</strong></span> <span class='ocrx_word' id='word_1_690' title='bbox 1852 4677 1911 4717; x_wconf 92' lang='lat' dir='ltr'><strong>ut</strong></span> <span class='ocrx_word' id='word_1_691' title='bbox 1960 4665 2162 4734; x_wconf 92' lang='lat' dir='ltr'><strong>Philip-</strong></span> 
     </span>
    </p>
   </div>
   <div class='ocr_carea' id='block_1_99' title="bbox 602 4733 2163 4808">
    <p class='ocr_par' dir='ltr' id='par_1_99' title="bbox 602 4733 2163 4808">
     <span class='ocr_line' id='line_1_100' title="bbox 602 4733 2163 4808; baseline -0.001 -17"><span class='ocrx_word' id='word_1_692' title='bbox 602 4754 724 4808; x_wconf 86' lang='lat' dir='ltr'><strong>pum</strong></span> <span class='ocrx_word' id='word_1_693' title='bbox 751 4737 1033 4808; x_wconf 83' lang='lat' dir='ltr'><strong>diaconum</strong></span> <span class='ocrx_word' id='word_1_694' title='bbox 1058 4745 1112 4789; x_wconf 89' lang='lat' dir='ltr'><strong>et</strong></span> <span class='ocrx_word' id='word_1_695' title='bbox 1144 4734 1528 4808; x_wconf 57' lang='lat' dir='ltr'><strong>evangelistam</strong></span> <span class='ocrx_word' id='word_1_696' title='bbox 1557 4749 1694 4808; x_wconf 63' lang='lat' dir='ltr'><strong>cum</strong></span> <span class='ocrx_word' id='word_1_697' title='bbox 1746 4733 1997 4808; x_wconf 84' lang='lat' dir='ltr'><strong>Philippo</strong></span> <span class='ocrx_word' id='word_1_698' title='bbox 2033 4733 2163 4804; x_wconf 87' lang='lat' dir='ltr'><strong>apo-</strong></span> 
     </span>
    </p>
   </div>
   <div class='ocr_carea' id='block_1_100' title="bbox 602 4802 2158 4872">
    <p class='ocr_par' dir='ltr' id='par_1_100' title="bbox 602 4802 2158 4872">
     <span class='ocr_line' id='line_1_101' title="bbox 602 4802 2158 4872; baseline -0.002 -12"><span class='ocrx_word' id='word_1_699' title='bbox 602 4802 747 4861; x_wconf 74' lang='lat' dir='ltr'><strong>stolo</strong></span> <span class='ocrx_word' id='word_1_700' title='bbox 768 4805 1182 4858; x_wconf 85' lang='lat' dir='ltr'><strong>confunderent.</strong></span> <span class='ocrx_word' id='word_1_701' title='bbox 1217 4805 1282 4856; x_wconf 87' lang='lat' dir='ltr'><strong>Et</strong></span> <span class='ocrx_word' id='word_1_702' title='bbox 1306 4805 1431 4872; x_wconf 87' lang='lat' dir='ltr'><strong>quia</strong></span> <span class='ocrx_word' id='word_1_703' title='bbox 1460 4804 1512 4856; x_wconf 90' lang='lat' dir='ltr'><strong>in</strong></span> <span class='ocrx_word' id='word_1_704' title='bbox 1543 4802 1767 4858; x_wconf 78' lang='lat' dir='ltr'><strong>Aelibus</strong></span> <span class='ocrx_word' id='word_1_705' title='bbox 1795 4802 2158 4869; x_wconf 83' lang='lat' dir='ltr'><strong>apostolorum</strong></span> 
     </span>
    </p>
   </div>
   <div class='ocr_carea' id='block_1_101' title="bbox 601 4873 2162 4946">
    <p class='ocr_par' dir='ltr' id='par_1_101' title="bbox 601 4873 2162 4946">
     <span class='ocr_line' id='line_1_102' title="bbox 601 4873 2162 4946; baseline -0.003 -16"><span class='ocrx_word' id='word_1_706' title='bbox 601 4893 723 4946; x_wconf 90' lang='lat' dir='ltr'><strong>cap.</strong></span> <span class='ocrx_word' id='word_1_707' title='bbox 749 4873 1120 4946; x_wconf 75' lang='lat' dir='ltr'><strong>xx1,l’bilippi</strong></span> <span class='ocrx_word' id='word_1_708' title='bbox 1146 4873 1758 4946; x_wconf 71' lang='lat' dir='ltr'><strong>evangelisue_qu_atuor</strong></span> <span class='ocrx_word' id='word_1_709' title='bbox 1811 4874 1951 4926; x_wconf 86' lang='lat' dir='ltr'><strong>lilias</strong></span> <span class='ocrx_word' id='word_1_710' title='bbox 1999 4875 2162 4946; x_wconf 77' lang='lat' dir='ltr'><strong>virgi-</strong></span> 
     </span>
    </p>
   </div>
   <div class='ocr_carea' id='block_1_102' title="bbox 603 4942 2159 5014">
    <p class='ocr_par' dir='ltr' id='par_1_102' title="bbox 603 4942 2159 5014">
     <span class='ocr_line' id='line_1_103' title="bbox 603 4942 2159 5014; baseline -0.003 -14"><span class='ocrx_word' id='word_1_711' title='bbox 603 4942 698 5001; x_wconf 76' lang='lat' dir='ltr'><strong>nes</strong></span> <span class='ocrx_word' id='word_1_712' title='bbox 741 4945 1101 5014; x_wconf 82' lang='lat' dir='ltr'><strong>prephetasse</strong></span> <span class='ocrx_word' id='word_1_713' title='bbox 1146 4943 1431 5014; x_wconf 77' lang='lat' dir='ltr'><strong>legerant,</strong></span> <span class='ocrx_word' id='word_1_714' title='bbox 1489 4942 1792 5010; x_wconf 85' lang='lat' dir='ltr'><strong>Philippum</strong></span> <span class='ocrx_word' id='word_1_715' title='bbox 1861 4944 2159 5010; x_wconf 88' lang='lat' dir='ltr'><strong>apostolum</strong></span> 
     </span>
    </p>
   </div>
   <div class='ocr_carea' id='block_1_103' title="bbox 603 5012 2160 5084">
    <p class='ocr_par' dir='ltr' id='par_1_103' title="bbox 603 5012 2160 5084">
     <span class='ocr_line' id='line_1_104' title="bbox 603 5012 2160 5084; baseline -0.004 -14"><span class='ocrx_word' id='word_1_716' title='bbox 603 5012 882 5084; x_wconf 74' lang='lat' dir='ltr'><strong>coniugem</strong></span> <span class='ocrx_word' id='word_1_717' title='bbox 943 5012 1194 5084; x_wconf 72' lang='lat' dir='ltr'><strong>habuisse</strong></span> <span class='ocrx_word' id='word_1_718' title='bbox 1255 5013 1501 5084; x_wconf 22' lang='lat' dir='ltr'><strong>et_’lilias</strong></span> <span class='ocrx_word' id='word_1_719' title='bbox 1541 5016 2160 5084; x_wconf 10' lang='lat' dir='ltr'><strong>suscepisseruixerunl.</strong></span> 
     </span>
    </p>
   </div>
   <div class='ocr_carea' id='block_1_104' title="bbox 601 5080 2161 5155">
    <p class='ocr_par' dir='ltr' id='par_1_104' title="bbox 601 5080 2161 5155">
     <span class='ocr_line' id='line_1_105' title="bbox 601 5080 2161 5155; baseline -0.004 -16"><span class='ocrx_word' id='word_1_720' title='bbox 601 5087 678 5139; x_wconf 91' lang='lat' dir='ltr'><strong>lta</strong></span> <span class='ocrx_word' id='word_1_721' title='bbox 705 5080 918 5155; x_wconf 60' lang='lat' dir='ltr'><strong>praeter</strong></span> <span class='ocrx_word' id='word_1_722' title='bbox 939 5081 1278 5155; x_wconf 57' lang='lat' dir='ltr'><strong>Polycratem</strong></span> <span class='ocrx_word' id='word_1_723' title='bbox 1303 5080 1554 5155; x_wconf 80' lang='lat' dir='ltr'><strong>Clemens</strong></span> <span class='ocrx_word' id='word_1_724' title='bbox 1575 5081 1972 5155; x_wconf 34' lang='lat' dir='ltr'><strong>{alexandrinus</strong></span> <span class='ocrx_word' id='word_1_725' title='bbox 2003 5099 2161 5155; x_wconf 86' lang='lat' dir='ltr'><strong>supra</strong></span> 
     </span>
    </p>
   </div>
   <div class='ocr_carea' id='block_1_105' title="bbox 603 5149 2162 5222">
    <p class='ocr_par' dir='ltr' id='par_1_105' title="bbox 603 5149 2162 5222">
     <span class='ocr_line' id='line_1_106' title="bbox 603 5149 2162 5222; baseline -0.004 -13"><span class='ocrx_word' id='word_1_726' title='bbox 603 5158 656 5209; x_wconf 90' lang='lat' dir='ltr'><strong>in</strong></span> <span class='ocrx_word' id='word_1_727' title='bbox 688 5149 862 5222; x_wconf 78' lang='lat' dir='ltr'><strong>capite</strong></span> <span class='ocrx_word' id='word_1_728' title='bbox 891 5152 981 5214; x_wconf 79' lang='grc'><strong>50,</strong></span> <span class='ocrx_word' id='word_1_729' title='bbox 1009 5161 1061 5203; x_wconf 87' lang='lat' dir='ltr'><strong>et</strong></span> <span class='ocrx_word' id='word_1_730' title='bbox 1101 5149 1296 5222; x_wconf 77' lang='lat' dir='ltr'><strong>Papias</strong></span> <span class='ocrx_word' id='word_1_731' title='bbox 1349 5150 1510 5222; x_wconf 73' lang='lat' dir='ltr'><strong>infra.</strong></span> <span class='ocrx_word' id='word_1_732' title='bbox 1576 5151 1768 5222; x_wconf 67' lang='lat' dir='ltr'><strong>Verum</strong></span> <span class='ocrx_word' id='word_1_733' title='bbox 1819 5168 1883 5206; x_wconf 80' lang='lat' dir='ltr'><strong>ex</strong></span> <span class='ocrx_word' id='word_1_734' title='bbox 1937 5149 2162 5206; x_wconf 81' lang='lat' dir='ltr'><strong>Actibus</strong></span> 
     </span>
    </p>
   </div>
   <div class='ocr_carea' id='block_1_106' title="bbox 606 5219 2165 5292">
    <p class='ocr_par' dir='ltr' id='par_1_106' title="bbox 606 5219 2165 5292">
     <span class='ocr_line' id='line_1_107' title="bbox 606 5219 2165 5292; baseline 0 -18"><span class='ocrx_word' id='word_1_735' title='bbox 606 5219 969 5292; x_wconf 74' lang='lat' dir='ltr'><strong>apostolorum</strong></span> <span class='ocrx_word' id='word_1_736' title='bbox 1003 5219 1292 5272; x_wconf 82' lang='lat' dir='ltr'><strong>manifesto</strong></span> <span class='ocrx_word' id='word_1_737' title='bbox 1318 5219 1936 5292; x_wconf 78' lang='lat' dir='ltr'><strong>colligiturPltilippum</strong></span> <span class='ocrx_word' id='word_1_738' title='bbox 1984 5224 2165 5292; x_wconf 55' lang='lat' dir='ltr'><strong>diacof</strong></span> 
     </span>
    </p>
   </div>
   <div class='ocr_carea' id='block_1_107' title="bbox 607 5289 2161 5359">
    <p class='ocr_par' dir='ltr' id='par_1_107' title="bbox 607 5289 2161 5359">
     <span class='ocr_line' id='line_1_108' title="bbox 607 5289 2161 5359; baseline -0.002 -14"><span class='ocrx_word' id='word_1_739' title='bbox 607 5289 758 5357; x_wconf 83' lang='lat' dir='ltr'><strong>num,</strong></span> <span class='ocrx_word' id='word_1_740' title='bbox 794 5309 917 5346; x_wconf 89' lang='lat' dir='ltr'><strong>eum</strong></span> <span class='ocrx_word' id='word_1_741' title='bbox 953 5308 981 5344; x_wconf 91' lang='lat' dir='ltr'><strong>a</strong></span> <span class='ocrx_word' id='word_1_742' title='bbox 1012 5305 1119 5359; x_wconf 90' lang='lat' dir='ltr'><strong>quo</strong></span> <span class='ocrx_word' id='word_1_743' title='bbox 1147 5289 1431 5359; x_wconf 87' lang='lat' dir='ltr'><strong>eunuchus</strong></span> <span class='ocrx_word' id='word_1_744' title='bbox 1476 5289 1786 5357; x_wconf 78' lang='lat' dir='ltr'><strong>baptizatus</strong></span> <span class='ocrx_word' id='word_1_745' title='bbox 1804 5303 1910 5356; x_wconf 87' lang='lat' dir='ltr'><strong>est,</strong></span> <span class='ocrx_word' id='word_1_746' title='bbox 1963 5303 2016 5345; x_wconf 90' lang='lat' dir='ltr'><strong>et</strong></span> <span class='ocrx_word' id='word_1_747' title='bbox 2071 5291 2161 5356; x_wconf 91' lang='lat' dir='ltr'><strong>qui</strong></span> 
     </span>
    </p>
   </div>
   <div class='ocr_carea' id='block_1_108' title="bbox 606 5358 2161 5426">
    <p class='ocr_par' dir='ltr' id='par_1_108' title="bbox 606 5358 2161 5426">
     <span class='ocr_line' id='line_1_109' title="bbox 606 5358 2161 5426; baseline -0.001 -13"><span class='ocrx_word' id='word_1_748' title='bbox 606 5373 836 5426; x_wconf 86' lang='lat' dir='ltr'><strong>quatuor</strong></span> <span class='ocrx_word' id='word_1_749' title='bbox 868 5358 1060 5416; x_wconf 87' lang='lat' dir='ltr'><strong>habuit</strong></span> <span class='ocrx_word' id='word_1_750' title='bbox 1113 5359 1252 5411; x_wconf 83' lang='lat' dir='ltr'><strong>filias</strong></span> <span class='ocrx_word' id='word_1_751' title='bbox 1284 5358 1684 5426; x_wconf 84' lang='lat' dir='ltr'><strong>prophetautes,</strong></span> <span class='ocrx_word' id='word_1_752' title='bbox 1723 5361 1885 5413; x_wconf 88' lang='lat' dir='ltr'><strong>alium</strong></span> <span class='ocrx_word' id='word_1_753' title='bbox 1935 5361 2105 5414; x_wconf 90' lang='lat' dir='ltr'><strong>fuisse</strong></span> <span class='ocrx_word' id='word_1_754' title='bbox 2134 5375 2161 5411; x_wconf 88' lang='lat' dir='ltr'><strong>a</strong></span> 
     </span>
    </p>
   </div>
   <div class='ocr_carea' id='block_1_109' title="bbox 609 5424 2161 5500">
    <p class='ocr_par' dir='ltr' id='par_1_109' title="bbox 609 5424 2161 5500">
     <span class='ocr_line' id='line_1_110' title="bbox 609 5424 2161 5500; baseline -0.002 -17"><span class='ocrx_word' id='word_1_755' title='bbox 609 5424 849 5500; x_wconf 77' lang='lat' dir='ltr'><strong>Philippo</strong></span> <span class='ocrx_word' id='word_1_756' title='bbox 904 5429 1191 5500; x_wconf 88' lang='lat' dir='ltr'><strong>apostolo._</strong></span> <span class='ocrx_word' id='word_1_757' title='bbox 1229 5428 1365 5500; x_wconf 70' lang='lat' dir='ltr'><strong>Vide</strong></span> <span class='ocrx_word' id='word_1_758' title='bbox 1408 5424 1669 5479; x_wconf 90' lang='lat' dir='ltr'><strong>lsidorum</strong></span> <span class='ocrx_word' id='word_1_759' title='bbox 1726 5431 2053 5484; x_wconf 86' lang='lat' dir='ltr'><strong>Pelusiotam</strong></span> <span class='ocrx_word' id='word_1_760' title='bbox 2111 5431 2161 5481; x_wconf 92' lang='lat' dir='ltr'><strong>in</strong></span> 
     </span>
    </p>
   </div>
   <div class='ocr_carea' id='block_1_110' title="bbox 610 5496 2164 5568">
    <p class='ocr_par' dir='ltr' id='par_1_110' title="bbox 610 5496 2164 5568">
     <span class='ocr_line' id='line_1_111' title="bbox 610 5496 2164 5568; baseline 0.003 -20"><span class='ocrx_word' id='word_1_761' title='bbox 610 5496 759 5552; x_wconf 49' lang='lat' dir='ltr'><strong>libro&#39;</strong></span> <span class='ocrx_word' id='word_1_762' title='bbox 780 5496 972 5566; x_wconf 78' lang='lat' dir='ltr'><strong>primo,</strong></span> <span class='ocrx_word' id='word_1_763' title='bbox 997 5498 1228 5568; x_wconf 88' lang='lat' dir='ltr'><strong>epistola</strong></span> <span class='ocrx_word' id='word_1_764' title='bbox 1263 5496 1386 5563; x_wconf 70' lang='grc'><strong>447,</strong></span> <span class='ocrx_word' id='word_1_765' title='bbox 1417 5505 1471 5547; x_wconf 90' lang='lat' dir='ltr'><strong>et</strong></span> <span class='ocrx_word' id='word_1_766' title='bbox 1522 5503 1898 5565; x_wconf 86' lang='lat' dir='ltr'><strong>sequentibus,</strong></span> <span class='ocrx_word' id='word_1_767' title='bbox 1964 5501 2055 5553; x_wconf 88' lang='lat' dir='ltr'><strong>ubi</strong></span> <span class='ocrx_word' id='word_1_768' title='bbox 2112 5500 2164 5552; x_wconf 89' lang='lat' dir='ltr'><strong>id</strong></span> 
     </span>
    </p>
   </div>
   <div class='ocr_carea' id='block_1_111' title="bbox 610 5571 1821 5633">
    <p class='ocr_par' dir='ltr' id='par_1_111' title="bbox 610 5571 1821 5633">
     <span class='ocr_line' id='line_1_112' title="bbox 610 5571 1821 5633; baseline 0.005 -16"><span class='ocrx_word' id='word_1_769' title='bbox 610 5571 944 5633; x_wconf 83' lang='lat' dir='ltr'><strong>apertissime</strong></span> <span class='ocrx_word' id='word_1_770' title='bbox 966 5573 1320 5622; x_wconf 88' lang='lat' dir='ltr'><strong>demonstrat.</strong></span> <span class='ocrx_word' id='word_1_771' title='bbox 1817 5583 1821 5586; x_wconf 86' lang='grc'><strong>·</strong></span> 
     </span>
    </p>
   </div>
   <div class='ocr_carea' id='block_1_112' title="bbox 684 5635 2163 5706">
    <p class='ocr_par' dir='ltr' id='par_1_112' title="bbox 684 5635 2163 5706">
     <span class='ocr_line' id='line_1_113' title="bbox 684 5635 2163 5706; baseline 0.001 -18"><span class='ocrx_word' id='word_1_772' title='bbox 684 5638 790 5706; x_wconf 70' lang='grc'><strong>(52)</strong></span> <span class='ocrx_word' id='word_1_773' title='bbox 824 5641 986 5705; x_wconf 78' lang='grc' dir='ltr'><strong>Καὶή</strong></span> <span class='ocrx_word' id='word_1_774' title='bbox 1013 5639 1184 5705; x_wconf 76' lang='grc' dir='ltr'>ἑτέρα</span> <span class='ocrx_word' id='word_1_775' title='bbox 1218 5635 1424 5695; x_wconf 86' lang='grc' dir='ltr'>αὐτοῦ.</span> <span class='ocrx_word' id='word_1_776' title='bbox 1457 5635 1690 5706; x_wconf 80' lang='lat' dir='ltr'><strong>Tertiam</strong></span> <span class='ocrx_word' id='word_1_777' title='bbox 1750 5640 1890 5694; x_wconf 87' lang='lat' dir='ltr'><strong>hanc</strong></span> <span class='ocrx_word' id='word_1_778' title='bbox 1933 5635 2163 5705; x_wconf 88' lang='lat' dir='ltr'><strong>Philippi</strong></span> 
     </span>
    </p>
   </div>
   <div class='ocr_carea' id='block_1_113' title="bbox 611 5704 2159 5778">
    <p class='ocr_par' dir='ltr' id='par_1_113' title="bbox 611 5704 2159 5778">
     <span class='ocr_line' id='line_1_114' title="bbox 611 5704 2159 5778; baseline -0.001 -17"><span class='ocrx_word' id='word_1_779' title='bbox 611 5704 770 5761; x_wconf 82' lang='lat' dir='ltr'><strong>ﬁliani</strong></span> <span class='ocrx_word' id='word_1_780' title='bbox 799 5704 1030 5777; x_wconf 73' lang='lat' dir='ltr'><strong>seiungit</strong></span> <span class='ocrx_word' id='word_1_781' title='bbox 1069 5704 1378 5778; x_wconf 86' lang='lat' dir='ltr'><strong>Polycrates</strong></span> <span class='ocrx_word' id='word_1_782' title='bbox 1433 5719 1463 5758; x_wconf 86' lang='lat' dir='ltr'><strong>a</strong></span> <span class='ocrx_word' id='word_1_783' title='bbox 1511 5704 1717 5759; x_wconf 83' lang='lat' dir='ltr'><strong>duabus</strong></span> <span class='ocrx_word' id='word_1_784' title='bbox 1781 5711 1902 5766; x_wconf 87' lang='lat' dir='ltr'><strong>aliis</strong></span> <span class='ocrx_word' id='word_1_785' title='bbox 1942 5704 2159 5777; x_wconf 70' lang='lat' dir='ltr'><strong>quzein</strong></span> 
     </span>
    </p>
   </div>
   <div class='ocr_carea' id='block_1_114' title="bbox 2267 4529 3805 4598">
    <p class='ocr_par' dir='ltr' id='par_1_114' title="bbox 2267 4529 3805 4598">
     <span class='ocr_line' id='line_1_115' title="bbox 2267 4529 3805 4598; baseline 0.003 -20"><span class='ocrx_word' id='word_1_786' title='bbox 2267 4541 2498 4596; x_wconf 86' lang='lat' dir='ltr'><strong>quatuor</strong></span> <span class='ocrx_word' id='word_1_787' title='bbox 2523 4529 2643 4581; x_wconf 79' lang='lat' dir='ltr'><strong>lilia:</strong></span> <span class='ocrx_word' id='word_1_788' title='bbox 2680 4529 2907 4598; x_wconf 89' lang='lat' dir='ltr'><strong>Philippi</strong></span> <span class='ocrx_word' id='word_1_789' title='bbox 2942 4540 3316 4585; x_wconf 88' lang='lat' dir='ltr'><strong>numerentur.</strong></span> <span class='ocrx_word' id='word_1_790' title='bbox 3354 4530 3665 4595; x_wconf 74' lang='lat' dir='ltr'><strong>Respondeo</strong></span> <span class='ocrx_word' id='word_1_791' title='bbox 3707 4529 3805 4583; x_wconf 87' lang='lat' dir='ltr'><strong>Po-</strong></span> 
     </span>
    </p>
   </div>
   <div class='ocr_carea' id='block_1_115' title="bbox 2265 4599 3807 4667">
    <p class='ocr_par' dir='ltr' id='par_1_115' title="bbox 2265 4599 3807 4667">
     <span class='ocr_line' id='line_1_116' title="bbox 2265 4599 3807 4667; baseline 0.002 -18"><span class='ocrx_word' id='word_1_792' title='bbox 2265 4600 2525 4667; x_wconf 84' lang='lat' dir='ltr'><strong>lycratem</strong></span> <span class='ocrx_word' id='word_1_793' title='bbox 2557 4614 2743 4651; x_wconf 88' lang='lat' dir='ltr'><strong>earum</strong></span> <span class='ocrx_word' id='word_1_794' title='bbox 2773 4602 3033 4653; x_wconf 82' lang='lat' dir='ltr'><strong>duntaxat</strong></span> <span class='ocrx_word' id='word_1_795' title='bbox 3065 4601 3391 4653; x_wconf 90' lang='lat' dir='ltr'><strong>mentionem</strong></span> <span class='ocrx_word' id='word_1_796' title='bbox 3439 4599 3648 4664; x_wconf 90' lang='lat' dir='ltr'><strong>fecisse,</strong></span> <span class='ocrx_word' id='word_1_797' title='bbox 3689 4614 3807 4667; x_wconf 76' lang='lat' dir='ltr'><strong>qua:</strong></span> 
     </span>
    </p>
   </div>
   <div class='ocr_carea' id='block_1_116' title="bbox 2264 4669 3808 4738">
    <p class='ocr_par' dir='ltr' id='par_1_116' title="bbox 2264 4669 3808 4738">
     <span class='ocr_line' id='line_1_117' title="bbox 2264 4669 3808 4738; baseline 0.001 -19"><span class='ocrx_word' id='word_1_798' title='bbox 2264 4669 2316 4738; x_wconf 88' lang='lat' dir='ltr'><strong>in</strong></span> <span class='ocrx_word' id='word_1_799' title='bbox 2346 4669 2469 4738; x_wconf 83' lang='lat' dir='ltr'><strong>Asia</strong></span> <span class='ocrx_word' id='word_1_800' title='bbox 2505 4680 2728 4721; x_wconf 65' lang='lat' dir='ltr'><strong>mortuae</strong></span> <span class='ocrx_word' id='word_1_801' title='bbox 2773 4673 3099 4738; x_wconf 67' lang='lat' dir='ltr'><strong>scpultmque</strong></span> <span class='ocrx_word' id='word_1_802' title='bbox 3146 4679 3360 4738; x_wconf 82' lang='lat' dir='ltr'><strong>essent,</strong></span> <span class='ocrx_word' id='word_1_803' title='bbox 3398 4678 3458 4720; x_wconf 89' lang='lat' dir='ltr'><strong>ut</strong></span> <span class='ocrx_word' id='word_1_804' title='bbox 3502 4669 3682 4738; x_wconf 75' lang='lat' dir='ltr'><strong>videre</strong></span> <span class='ocrx_word' id='word_1_805' title='bbox 3723 4681 3808 4722; x_wconf 87' lang='lat' dir='ltr'><strong>est</strong></span> 
     </span>
    </p>
   </div>
   <div class='ocr_carea' id='block_1_117' title="bbox 2265 4737 3804 4809">
    <p class='ocr_par' dir='ltr' id='par_1_117' title="bbox 2265 4737 3804 4809">
     <span class='ocr_line' id='line_1_118' title="bbox 2265 4737 3804 4809; baseline 0.003 -21"><span class='ocrx_word' id='word_1_806' title='bbox 2265 4737 2317 4809; x_wconf 88' lang='lat' dir='ltr'><strong>i_n</strong></span> <span class='ocrx_word' id='word_1_807' title='bbox 2368 4737 2577 4809; x_wconf 83' lang='lat' dir='ltr'><strong>integra</strong></span> <span class='ocrx_word' id='word_1_808' title='bbox 2617 4739 2782 4807; x_wconf 89' lang='lat' dir='ltr'><strong>ipsius</strong></span> <span class='ocrx_word' id='word_1_809' title='bbox 2816 4737 3040 4809; x_wconf 88' lang='lat' dir='ltr'><strong>epistola</strong></span> <span class='ocrx_word' id='word_1_810' title='bbox 3076 4737 3454 4809; x_wconf 59' lang='lat' dir='ltr'><strong>quaerel‘ertur</strong></span> <span class='ocrx_word' id='word_1_811' title='bbox 3482 4740 3534 4791; x_wconf 83' lang='lat' dir='ltr'><strong>in</strong></span> <span class='ocrx_word' id='word_1_812' title='bbox 3569 4737 3723 4809; x_wconf 65' lang='lat' dir='ltr'><strong>libro</strong></span> <span class='ocrx_word' id='word_1_813' title='bbox 3754 4755 3804 4792; x_wconf 74' lang='grc' dir='ltr'>ν.</span> 
     </span>
    </p>
   </div>
   <div class='ocr_carea' id='block_1_118' title="bbox 2264 4804 3808 4877">
    <p class='ocr_par' dir='ltr' id='par_1_118' title="bbox 2264 4804 3808 4877">
     <span class='ocr_line' id='line_1_119' title="bbox 2264 4804 3808 4877; baseline 0.005 -22"><span class='ocrx_word' id='word_1_814' title='bbox 2264 4804 2394 4856; x_wconf 90' lang='lat' dir='ltr'><strong>Cum</strong></span> <span class='ocrx_word' id='word_1_815' title='bbox 2424 4804 2593 4877; x_wconf 78' lang='lat' dir='ltr'><strong>igitur</strong></span> <span class='ocrx_word' id='word_1_816' title='bbox 2619 4804 2721 4859; x_wconf 80' lang='lat' dir='ltr'><strong>una</strong></span> <span class='ocrx_word' id='word_1_817' title='bbox 2770 4804 3108 4877; x_wconf 50' lang='lat' dir='ltr'><strong>ex&#39;quatuor&#39;</strong></span> <span class='ocrx_word' id='word_1_818' title='bbox 3162 4805 3269 4877; x_wconf 85' lang='lat' dir='ltr'><strong>illis</strong></span> <span class='ocrx_word' id='word_1_819' title='bbox 3301 4807 3514 4877; x_wconf 79' lang='lat' dir='ltr'><strong>ﬁliabus</strong></span> <span class='ocrx_word' id='word_1_820' title='bbox 3555 4807 3808 4863; x_wconf 60' lang='lat' dir='ltr'><strong>Caesarea:</strong></span> 
     </span>
    </p>
   </div>
   <div class='ocr_carea' id='block_1_119' title="bbox 2265 4875 3807 4942">
    <p class='ocr_par' dir='ltr' id='par_1_119' title="bbox 2265 4875 3807 4942">
     <span class='ocr_line' id='line_1_120' title="bbox 2265 4875 3807 4942; baseline 0.004 -18"><span class='ocrx_word' id='word_1_821' title='bbox 2265 4885 2358 4926; x_wconf 87' lang='lat' dir='ltr'><strong>aut</strong></span> <span class='ocrx_word' id='word_1_822' title='bbox 2391 4875 2512 4930; x_wconf 90' lang='lat' dir='ltr'><strong>alibi</strong></span> <span class='ocrx_word' id='word_1_823' title='bbox 2546 4890 2752 4930; x_wconf 87' lang='lat' dir='ltr'><strong>mortua</strong></span> <span class='ocrx_word' id='word_1_824' title='bbox 2776 4875 2939 4941; x_wconf 77' lang='lat' dir='ltr'><strong>esset,</strong></span> <span class='ocrx_word' id='word_1_825' title='bbox 2975 4879 3094 4929; x_wconf 88' lang='lat' dir='ltr'><strong>ideo</strong></span> <span class='ocrx_word' id='word_1_826' title='bbox 3117 4875 3313 4927; x_wconf 91' lang='lat' dir='ltr'><strong>nullam</strong></span> <span class='ocrx_word' id='word_1_827' title='bbox 3344 4875 3459 4942; x_wconf 83' lang='lat' dir='ltr'><strong>ejus</strong></span> <span class='ocrx_word' id='word_1_828' title='bbox 3481 4879 3807 4932; x_wconf 73' lang='lat' dir='ltr'><strong>intentionem</strong></span> 
     </span>
    </p>
   </div>
   <div class='ocr_carea' id='block_1_120' title="bbox 2266 4942 3808 5018">
    <p class='ocr_par' dir='ltr' id='par_1_120' title="bbox 2266 4942 3808 5018">
     <span class='ocr_line' id='line_1_121' title="bbox 2266 4942 3808 5018; baseline 0.003 -24"><span class='ocrx_word' id='word_1_829' title='bbox 2266 4942 2393 5018; x_wconf 77' lang='lat' dir='ltr'><strong>fecit</strong></span> <span class='ocrx_word' id='word_1_830' title='bbox 2435 4945 2770 5018; x_wconf 87' lang='lat' dir='ltr'><strong>Polycrates.</strong></span> <span class='ocrx_word' id='word_1_831' title='bbox 2833 4951 3000 5018; x_wconf 85' lang='lat' dir='ltr'><strong>Porro</strong></span> <span class='ocrx_word' id='word_1_832' title='bbox 3040 4961 3103 5018; x_wconf 69' lang='lat' dir='ltr'><strong>es</strong></span> <span class='ocrx_word' id='word_1_833' title='bbox 3170 4945 3379 5018; x_wconf 73' lang='lat' dir='ltr'><strong>ﬁliabus</strong></span> <span class='ocrx_word' id='word_1_834' title='bbox 3430 4947 3653 5018; x_wconf 85' lang='lat' dir='ltr'><strong>Philippi</strong></span> <span class='ocrx_word' id='word_1_835' title='bbox 3703 4963 3808 5000; x_wconf 87' lang='lat' dir='ltr'><strong>una</strong></span> 
     </span>
    </p>
   </div>
   <div class='ocr_carea' id='block_1_121' title="bbox 2267 5014 3809 5082">
    <p class='ocr_par' dir='ltr' id='par_1_121' title="bbox 2267 5014 3809 5082">
     <span class='ocr_line' id='line_1_122' title="bbox 2267 5014 3809 5082; baseline 0.003 -18"><span class='ocrx_word' id='word_1_836' title='bbox 2267 5014 2573 5079; x_wconf 83' lang='lat' dir='ltr'><strong>llcrmione,</strong></span> <span class='ocrx_word' id='word_1_837' title='bbox 2643 5019 2809 5068; x_wconf 89' lang='lat' dir='ltr'><strong>altera</strong></span> <span class='ocrx_word' id='word_1_838' title='bbox 2865 5016 3126 5082; x_wconf 83' lang='lat' dir='ltr'><strong>Eutycbis</strong></span> <span class='ocrx_word' id='word_1_839' title='bbox 3166 5014 3463 5069; x_wconf 87' lang='lat' dir='ltr'><strong>dicebatur.</strong></span> <span class='ocrx_word' id='word_1_840' title='bbox 3528 5014 3619 5072; x_wconf 74' lang='lat' dir='ltr'><strong>Sic</strong></span> <span class='ocrx_word' id='word_1_841' title='bbox 3661 5020 3809 5071; x_wconf 86' lang='lat' dir='ltr'><strong>enim</strong></span> 
     </span>
    </p>
   </div>
   <div class='ocr_carea' id='block_1_122' title="bbox 2266 5085 3811 5154">
    <p class='ocr_par' dir='ltr' id='par_1_122' title="bbox 2266 5085 3811 5154">
     <span class='ocr_line' id='line_1_123' title="bbox 2266 5085 3811 5154; baseline 0.002 -20"><span class='ocrx_word' id='word_1_842' title='bbox 2266 5085 2520 5137; x_wconf 89' lang='lat' dir='ltr'><strong>scribitur</strong></span> <span class='ocrx_word' id='word_1_843' title='bbox 2557 5089 2609 5139; x_wconf 92' lang='lat' dir='ltr'><strong>in</strong></span> <span class='ocrx_word' id='word_1_844' title='bbox 2651 5085 2853 5154; x_wconf 72' lang='lat' dir='ltr'><strong>Menam</strong></span> <span class='ocrx_word' id='word_1_845' title='bbox 2883 5085 3194 5138; x_wconf 65' lang='lat' dir='ltr'><strong>Graecorum</strong></span> <span class='ocrx_word' id='word_1_846' title='bbox 3230 5102 3243 5135; x_wconf 92' lang='lat'><strong>:</strong></span> <span class='ocrx_word' id='word_1_847' title='bbox 3283 5085 3378 5139; x_wconf 87' lang='lat' dir='ltr'><strong>Die</strong></span> <span class='ocrx_word' id='word_1_848' title='bbox 3411 5086 3445 5137; x_wconf 68' lang='grc'><strong>4</strong></span> <span class='ocrx_word' id='word_1_849' title='bbox 3493 5087 3811 5154; x_wconf 60' lang='lat' dir='ltr'><strong>Septembris</strong></span> 
     </span>
    </p>
   </div>
   <div class='ocr_carea' id='block_1_123' title="bbox 2265 5153 3812 5223">
    <p class='ocr_par' dir='ltr' id='par_1_123' title="bbox 2265 5153 3812 5223">
     <span class='ocr_line' id='line_1_124' title="bbox 2265 5153 3812 5223; baseline 0.004 -22"><span class='ocrx_word' id='word_1_850' title='bbox 2265 5157 2681 5223; x_wconf 70' lang='lat' dir='ltr'><strong>commemoratio</strong></span> <span class='ocrx_word' id='word_1_851' title='bbox 2719 5154 2776 5207; x_wconf 92' lang='lat' dir='ltr'><strong>S.</strong></span> <span class='ocrx_word' id='word_1_852' title='bbox 2808 5153 3124 5216; x_wconf 71' lang='lat' dir='ltr'><strong>Hermionw,</strong></span> <span class='ocrx_word' id='word_1_853' title='bbox 3155 5155 3306 5206; x_wconf 81' lang='lat' dir='ltr'><strong>unius</strong></span> <span class='ocrx_word' id='word_1_854' title='bbox 3331 5172 3394 5208; x_wconf 73' lang='lat' dir='ltr'><strong>ex</strong></span> <span class='ocrx_word' id='word_1_855' title='bbox 3424 5153 3644 5223; x_wconf 72' lang='lat' dir='ltr'><strong>quatuor</strong></span> <span class='ocrx_word' id='word_1_856' title='bbox 3666 5155 3812 5222; x_wconf 73' lang='lat' dir='ltr'><strong>ﬁlia-</strong></span> 
     </span>
    </p>
   </div>
   <div class='ocr_carea' id='block_1_124' title="bbox 2267 5221 3814 5291">
    <p class='ocr_par' dir='ltr' id='par_1_124' title="bbox 2267 5221 3814 5291">
     <span class='ocr_line' id='line_1_125' title="bbox 2267 5221 3814 5291; baseline 0.003 -21"><span class='ocrx_word' id='word_1_857' title='bbox 2267 5221 2355 5272; x_wconf 84' lang='lat' dir='ltr'><strong>bus</strong></span> <span class='ocrx_word' id='word_1_858' title='bbox 2393 5221 2621 5290; x_wconf 73' lang='lat' dir='ltr'><strong>Philippi</strong></span> <span class='ocrx_word' id='word_1_859' title='bbox 2651 5223 2892 5291; x_wconf 78' lang='lat' dir='ltr'><strong>apostoli,</strong></span> <span class='ocrx_word' id='word_1_860' title='bbox 2920 5223 3010 5286; x_wconf 83' lang='lat' dir='ltr'><strong>qui</strong></span> <span class='ocrx_word' id='word_1_861' title='bbox 3050 5223 3324 5291; x_wconf 27' lang='lat' dir='ltr'><strong>biaptisavit</strong></span> <span class='ocrx_word' id='word_1_862' title='bbox 3347 5221 3636 5278; x_wconf 72' lang='lat' dir='ltr'><strong>eunuchum</strong></span> <span class='ocrx_word' id='word_1_863' title='bbox 3668 5221 3814 5276; x_wconf 73' lang='lat' dir='ltr'><strong>Casa-</strong></span> 
     </span>
    </p>
   </div>
   <div class='ocr_carea' id='block_1_125' title="bbox 2267 5290 3812 5360">
    <p class='ocr_par' dir='ltr' id='par_1_125' title="bbox 2267 5290 3812 5360">
     <span class='ocr_line' id='line_1_126' title="bbox 2267 5290 3812 5360; baseline 0.005 -21"><span class='ocrx_word' id='word_1_864' title='bbox 2267 5291 2440 5344; x_wconf 80' lang='lat' dir='ltr'><strong>doces.</strong></span> <span class='ocrx_word' id='word_1_865' title='bbox 2467 5292 2595 5347; x_wconf 65' lang='lat' dir='ltr'><strong>Haec</strong></span> <span class='ocrx_word' id='word_1_866' title='bbox 2646 5290 2692 5345; x_wconf 81' lang='lat' dir='ltr'><strong>et</strong></span> <span class='ocrx_word' id='word_1_867' title='bbox 2719 5307 2866 5344; x_wconf 86' lang='lat' dir='ltr'><strong>soror</strong></span> <span class='ocrx_word' id='word_1_868' title='bbox 2898 5291 3011 5359; x_wconf 81' lang='lat' dir='ltr'><strong>ejus</strong></span> <span class='ocrx_word' id='word_1_869' title='bbox 3053 5290 3300 5360; x_wconf 85' lang='lat' dir='ltr'><strong>Eutychis</strong></span> <span class='ocrx_word' id='word_1_870' title='bbox 3361 5299 3414 5348; x_wconf 83' lang='lat' dir='ltr'><strong>in</strong></span> <span class='ocrx_word' id='word_1_871' title='bbox 3456 5297 3635 5349; x_wconf 79' lang='lat' dir='ltr'><strong>Asiam</strong></span> <span class='ocrx_word' id='word_1_872' title='bbox 3674 5292 3812 5346; x_wconf 69' lang='lat' dir='ltr'><strong>mil</strong></span> 
     </span>
    </p>
   </div>
   <div class='ocr_carea' id='block_1_126' title="bbox 2265 5362 3813 5432">
    <p class='ocr_par' dir='ltr' id='par_1_126' title="bbox 2265 5362 3813 5432">
     <span class='ocr_line' id='line_1_127' title="bbox 2265 5362 3813 5432; baseline 0.001 -21"><span class='ocrx_word' id='word_1_873' title='bbox 2265 5371 2378 5432; x_wconf 59' lang='lat' dir='ltr'><strong>post</strong></span> <span class='ocrx_word' id='word_1_874' title='bbox 2442 5377 2657 5414; x_wconf 82' lang='lat' dir='ltr'><strong>mortem</strong></span> <span class='ocrx_word' id='word_1_875' title='bbox 2725 5362 2949 5432; x_wconf 53' lang='lat' dir='ltr'><strong>Joannis</strong></span> <span class='ocrx_word' id='word_1_876' title='bbox 3006 5363 3249 5428; x_wconf 75' lang='lat' dir='ltr'><strong>apostoli,</strong></span> <span class='ocrx_word' id='word_1_877' title='bbox 3300 5375 3408 5422; x_wconf 78' lang='lat' dir='ltr'><strong>etc.</strong></span> <span class='ocrx_word' id='word_1_878' title='bbox 3465 5364 3697 5432; x_wconf 15' lang='lat' dir='ltr'><strong>Sepultar</strong></span> <span class='ocrx_word' id='word_1_879' title='bbox 3740 5371 3813 5414; x_wconf 71' lang='lat' dir='ltr'><strong>est</strong></span> 
     </span>
    </p>
   </div>
   <div class='ocr_carea' id='block_1_127' title="bbox 2267 5425 3813 5500">
    <p class='ocr_par' dir='ltr' id='par_1_127' title="bbox 2267 5425 3813 5500">
     <span class='ocr_line' id='line_1_128' title="bbox 2267 5425 3813 5500; baseline 0.001 -20"><span class='ocrx_word' id='word_1_880' title='bbox 2267 5425 2475 5500; x_wconf 53' lang='lat' dir='ltr'><strong>Ephesi.</strong></span> <span class='ocrx_word' id='word_1_881' title='bbox 2512 5433 2678 5500; x_wconf 84' lang='lat' dir='ltr'><strong>Igitur</strong></span> <span class='ocrx_word' id='word_1_882' title='bbox 2706 5446 2770 5484; x_wconf 81' lang='lat' dir='ltr'><strong>ex</strong></span> <span class='ocrx_word' id='word_1_883' title='bbox 2797 5425 3047 5500; x_wconf 4' lang='lat' dir='ltr'><strong>quemve</strong></span> <span class='ocrx_word' id='word_1_884' title='bbox 3079 5425 3354 5500; x_wconf 86' lang='lat' dir='ltr'><strong>discimus,</strong></span> <span class='ocrx_word' id='word_1_885' title='bbox 3399 5425 3612 5489; x_wconf 81' lang='lat' dir='ltr'><strong>tertiam</strong></span> <span class='ocrx_word' id='word_1_886' title='bbox 3664 5431 3813 5484; x_wconf 84' lang='lat' dir='ltr'><strong>illam</strong></span> 
     </span>
    </p>
   </div>
   <div class='ocr_carea' id='block_1_128' title="bbox 2268 5496 3814 5570">
    <p class='ocr_par' dir='ltr' id='par_1_128' title="bbox 2268 5496 3814 5570">
     <span class='ocr_line' id='line_1_129' title="bbox 2268 5496 3814 5570; baseline 0.01 -23"><span class='ocrx_word' id='word_1_887' title='bbox 2268 5496 2493 5570; x_wconf 66' lang='lat' dir='ltr'><strong>Philippi</strong></span> <span class='ocrx_word' id='word_1_888' title='bbox 2537 5496 2731 5560; x_wconf 74' lang='lat' dir='ltr'><strong>liliam,</strong></span> <span class='ocrx_word' id='word_1_889' title='bbox 2779 5499 2844 5570; x_wconf 81' lang='lat' dir='ltr'><strong>de</strong></span> <span class='ocrx_word' id='word_1_890' title='bbox 2901 5514 3012 5570; x_wconf 16' lang='lat' dir='ltr'><strong>qua,</strong></span> <span class='ocrx_word' id='word_1_891' title='bbox 3057 5502 3142 5555; x_wconf 89' lang='lat' dir='ltr'><strong>hic</strong></span> <span class='ocrx_word' id='word_1_892' title='bbox 3203 5496 3440 5570; x_wconf 88' lang='lat' dir='ltr'><strong>loquitur</strong></span> <span class='ocrx_word' id='word_1_893' title='bbox 3485 5502 3814 5569; x_wconf 68' lang='lat' dir='ltr'><strong>Polycrates.</strong></span> 
     </span>
    </p>
   </div>
   <div class='ocr_carea' id='block_1_129' title="bbox 2270 5562 3814 5639">
    <p class='ocr_par' dir='ltr' id='par_1_129' title="bbox 2270 5562 3814 5639">
     <span class='ocr_line' id='line_1_130' title="bbox 2270 5562 3814 5639; baseline 0.005 -24"><span class='ocrx_word' id='word_1_894' title='bbox 2270 5562 2959 5639; x_wconf 15' lang='lat' dir='ltr'><strong>lieni-tionem,appellatam</strong></span> <span class='ocrx_word' id='word_1_895' title='bbox 2991 5569 3180 5624; x_wconf 92' lang='lat' dir='ltr'><strong>fuisse.</strong></span> <span class='ocrx_word' id='word_1_896' title='bbox 3233 5562 3444 5635; x_wconf 74' lang='lat' dir='ltr'><strong>Eienim</strong></span> <span class='ocrx_word' id='word_1_897' title='bbox 3499 5562 3814 5639; x_wconf 73' lang='lat' dir='ltr'><strong>Polycrates</strong></span> 
     </span>
    </p>
   </div>
   <div class='ocr_carea' id='block_1_130' title="bbox 2270 5637 3819 5709">
    <p class='ocr_par' dir='ltr' id='par_1_130' title="bbox 2270 5637 3819 5709">
     <span class='ocr_line' id='line_1_131' title="bbox 2270 5637 3819 5709; baseline 0.003 -23"><span class='ocrx_word' id='word_1_898' title='bbox 2270 5651 2385 5690; x_wconf 85' lang='lat' dir='ltr'><strong>eam</strong></span> <span class='ocrx_word' id='word_1_899' title='bbox 2425 5637 2627 5707; x_wconf 77' lang='lat' dir='ltr'><strong>Ephesi</strong></span> <span class='ocrx_word' id='word_1_900' title='bbox 2671 5638 2934 5705; x_wconf 86' lang='lat' dir='ltr'><strong>sepultam</strong></span> <span class='ocrx_word' id='word_1_901' title='bbox 2989 5654 3107 5709; x_wconf 75' lang='lat' dir='ltr'><strong>esse</strong></span> <span class='ocrx_word' id='word_1_902' title='bbox 3153 5642 3304 5709; x_wconf 87' lang='lat' dir='ltr'><strong>dicit,</strong></span> <span class='ocrx_word' id='word_1_903' title='bbox 3349 5659 3470 5698; x_wconf 89' lang='lat' dir='ltr'><strong>cum</strong></span> <span class='ocrx_word' id='word_1_904' title='bbox 3535 5637 3653 5695; x_wconf 74' lang='lat' dir='ltr'><strong>dua:</strong></span> <span class='ocrx_word' id='word_1_905' title='bbox 3702 5639 3819 5705; x_wconf 71' lang='lat' dir='ltr'><strong>q’us</strong></span> 
     </span>
    </p>
   </div>
   <div class='ocr_carea' id='block_1_131' title="bbox 2271 5701 3274 5780">
    <p class='ocr_par' dir='ltr' id='par_1_131' title="bbox 2271 5701 3274 5780">
     <span class='ocr_line' id='line_1_132' title="bbox 2271 5701 3274 5780; baseline 0.007 -23"><span class='ocrx_word' id='word_1_906' title='bbox 2271 5701 2484 5764; x_wconf 76' lang='lat' dir='ltr'><strong>sorores</strong></span> <span class='ocrx_word' id='word_1_907' title='bbox 2522 5701 2746 5778; x_wconf 73' lang='lat' dir='ltr'><strong>sepultae</strong></span> <span class='ocrx_word' id='word_1_908' title='bbox 2777 5717 2955 5762; x_wconf 88' lang='lat' dir='ltr'><strong>essent</strong></span> <span class='ocrx_word' id='word_1_909' title='bbox 2983 5701 3274 5780; x_wconf 81' lang='lat' dir='ltr'><strong>Hierapoli.</strong></span> 
     </span>
    </p>
   </div>
  </div>
