3934 6342
411 321 680 378 -287’

1214 323 1485 413 EUSEBil
1520 324 1630 378 (ΗΕ
1640 323 1996 405 SARIENSIS
2033 328 2058 382 (

2159 339 2181 381 ’.
2220 330 2399 385 PARS
2439 330 2475 385 Ι.
2515 362 2586 370 -
2626 331 3009 387 HISTORICA.

3615 337 3709 394 988

505 440 800 507 supradicti
825 441 1166 496 imperatoris
1199 445 1363 495 tertio
1390 439 1522 495 abiit
1566 442 1598 496 ὀ
1633 443 1764 508 vita,
1805 444 2058 499 Evarasto

2165 449 2555 518 προειρημένου
2609 449 2866 518 βασιλέως
2913 449 3104 520 ἀρχῆςλ
3155 451 3384 519 Κλήμης
3427 432 3709 525 Εὐαρὲστῳ

505 533 867 586 sacerdotium
920 533 1259 598 relinquens,
1306 547 1427 585 cum
1457 548 1647 586 novem
1704 543 1845 590 totos
1892 551 2068 591 annos

505 623 950 693 praedicationem
977 623 1126 679 verbi
1167 623 1332 677 divini
1361 634 1724 692 procurasset.

1056 801 1281 856 CAPUT
1329 801 1540 858 XXXV.

507 889 662 954 Quod
724 893 909 945 tertius
984 890 1469 1013 Hieroso’lynltorum
1540 891 1792 949 Ecclesia!
1835 894 2065 964 praefuit

1232 978 1288 1013 us
1315 978 1374 1013 us

1232 978 1374 1014 ustus

579 1049 849 1120 Symeone
882 1064 1096 1119 quoque
1119 1051 1185 1104 ad
1227 1053 1370 1105 hunc
1398 1067 1559 1121 quem
1586 1055 1820 1107 diximus
1849 1056 2063 1109 modum

508 1142 614 1192 vita
640 1140 916 1204 defuncto,
969 1140 1449 1212 Hierosolymitani.
1489 1147 1832 1215 episcopatus
1883 1147 2061 1201 sedem

505 1229 695 1282 Justus
732 1230 947 1298 quidam
978 1228 1194 1287 Iudaeus
1237 1234 1494 1302 capessit.
1556 1235 1765 1303 Quippe
1814 1250 1878 1290 ea
1933 1246 2064 1289 tem-

509 1325 716 1385 pestate
739 1317 1160 1374 innumerabiles
1189 1336 1256 1375 ex
1283 1321 1694 1376 circumcisione
1741 1323 1808 1376 ad
1862 1323 2059 1378 Christi

467 1465 469 1467 ,
508 1409 666 1461 tidem
697 1410 1043 1468 transierant.

1024 1501 1249 1556 CAPUT
1291 1502 1528 1557 XXXVI.

854 1591 932 1645 De
969 1593 1179 1662 Ignatt'o
1218 1603 1267 1646 et
1304 1594 1416 1660 ejus
1456 1593 1710 1663 epistolis.

2166 539 2436 606 παραδοὺς
2456 541 2552 608 τὴν
2572 540 2924 609 λειτουργίαν,
2954 540 3168 592 ἀναλύει
3195 542 3286 592 τὸν
3303 541 3434 610 βίον,
3455 542 3528 595 τὰ
3544 544 3709 614 πάντα

2165 627 2403 695 προστὰς
2461 628 2554 697 ἐτη
2624 629 2776 681 ἐννέα
2847 630 2943 697 τῆς
2996 628 3089 680 τοῦ
3150 629 3293 681 θείου
3362 631 3519 699 λόγου
3578 632 3712 688 διδα-

2167 718 2410 780 σκαλίας.
3328 755 3331 758 ί

2622 818 2626 822 ’
2660 811 3049 866 ΚΕΦΛΛΑΙΟΝ
3069 813 3190 866 ΛΕ’.

2176 899 2273 963 Ὠς
2312 898 2503 964 τρίτος
2542 897 2648 966 τῆς
2671 902 3439 1044 (ἆεὲοῇοὲύῆῗνῖἆιοῦστος
3494 904 3708 976 virssz

2234 1058 2390 1112 Ἀλλὰ
2419 1062 2510 1111 καὶ
2540 1061 2630 1112 τοῦ
2661 1062 2938 1132 Συμεῶνος
2972 1065 3060 1116 τὸν
3085 1064 3387 1134 δηλωθέντα
3411 1066 3710 1120 τελειωθέν-

2162 1166 2251 1212 τος
2282 1150 2499 1219 τρόπον,
2539 1153 2635 1221 τῆς
2665 1139 2729 1204 ἐν
2763 1155 3143 1224 Ἰεροσολύμοις
3169 1157 3470 1227 ἐπισκοπῆς
3493 1157 3582 1211 τὸν
3600 1157 3713 1227 θρό-

2162 1256 2266 1291 νον.
2291 1241 2537 1313 Ἰουδαῖός
2564 1259 2646 1304 τις
2678 1242 2846 1312 ὄνομα
2874 1242 3118 1307 Ἰοῦστος,
3145 1246 3351 1316 μυρίων
3381 1247 3517 1299 ὅσων
3534 1249 3598 1300 ὲκ
3614 1264 3708 1298 πε-

2163 1332 2387 1402 ριτομῆς
2411 1334 2487 1390 είς
2503 1334 2590 1406 τὸν
2620 1336 2849 1403 Χριστὸν
2864 1336 3159 1404 τηνικαῦτα
3180 1339 3611 1392 πεπιστευκότων
3633 1334 3707 1402 εἷς

2162 1422 2252 1472 καὶ
2280 1421 2437 1485 αὐτὸς
2463 1420 2556 1500 ὢν,
2585 1423 2899 1493 διαδέχεται.
2950 1493 2954 1497 κ
3208 1493 3213 1497 Ι

2613 1515 3004 1567 ΚΕΦΛΛΑΙΟΝ
3053 1517 3190 1582 Acr.

2487 1605 2724 1672 γγατίου
2770 1604 3020 1672 καὶτῶν
3060 1603 3391 1658 ἐπιστολῶν
3428 1607 3611 1660 αὐτοῦ

2601 1673 2740 1741 (Nic.
2770 1673 2835 1726 II.
2869 1671 2935 1727 E.
2968 1690 3048 1737 Ill,
3078 1675 3192 1742 29).
3398 1691 3407 1718 δ
3633 1685 3646 1698 '

2263 1603 2401 1667 Περὶ
2439 1603 2485 1656 Ἰ

575 1744 768 1801 Iisdem
798 1747 1129 1816 temporibus
1171 1746 1395 1801 ﬂorebat
1449 1748 1500 1826 in
1554 1748 1679 1801 Asia
1736 1747 2058 1818 Polycarpus

2231 1763 2497 1834 Διέπρεπέ
2525 1781 2585 1831 γε
2613 1765 2716 1835 μὴν
2748 1764 2884 1815 κατὰ
2909 1764 3125 1826 τούτους
3150 1764 3240 1816 ἐπὶ
3272 1764 3372 1833 τῆς
3401 1766 3581 1829 Ἀσίας
3607 1766 3706 1820 τῶν

507 1836 872 1901 apostolorum
905 1838 1231 1902 discipulus,
1263 1838 1352 1902 qui
1395 1853 1423 1888 a
1459 1836 1812 1889 familiaribUS
1850 1851 1914 1888 ac
1966 1840 2064 1889 mi-

507 1926 701 1979 nistris
733 1927 969 1989 Domini,
1010 1926 1356 1996 Stnyrnensis
1394 1927 1649 1987 Ecclesia:
1693 1929 2059 1998 episcopatum

507 2026 813 2084 acceperat.
853 2010 1054 2087 Papias
1089 2033 1332 2086 quoque,
1393 2018 1826 2086 Hierapolitantts
1850 2022 2060 2089 episco-

505 2124 630 2177 pus,
660 2109 846 2162 eadem
880 2118 1036 2164 aetate
1071 2110 1301 2164 celebris
1325 2110 1444 2176 fuit,
1474 2113 1558 2164 vir
1596 2112 1859 2186 imprimis
1885 2112 2067 2176 diser:

505 2211 593 2252 tus
619 2210 672 2254 et
694 2202 954 2264 eruditus,
1002 2217 1066 2255 ac
1111 2202 1518 2272 Scripturarum
1552 2205 1775 2271 peritus.
1813 2199 2058 2272 Ignatius

503 2306 761 2358 praeterea
788 2295 1079 2348 multorum
1102 2295 1442 2347 sermonibus
1480 2305 1662 2348 nostra
1698 2296 1860 2348 etiam
1901 2306 2059 2349 aetate

502 2385 828 2458 celebratus,
873 2387 1143 2439 secundus
1184 2395 1306 2452 post
1352 2386 1572 2442 Petrum
1634 2387 2054 2451 Antiochenscm

501 2473 797 2530 Ecclesiam
828 2478 1052 2528 sortitus
1086 2485 1188 2528 est.
1221 2476 1316 2528 Hic
1340 2477 1408 2530 ob
1433 2474 1590 2528 ﬁdem
1616 2476 1813 2529 Christi
1841 2491 1870 2528 e
1902 2473 2054 2544 Syria

501 2573 568 2623 ad
597 2550 786 2625 urbem
822 2571 1046 2625 Romam
1079 2571 1392 2638 perductus,
1434 2569 1624 2624 bestiis
1665 2571 1909 2637 objectus
1939 2584 2056 2623 esse

500 2661 722 2715 dicitur.
749 2662 817 2715 Et
842 2677 962 2716 cum
994 2677 1088 2729 per
1113 2661 1299 2714 Asiam
1334 2661 1432 2714 sub
1465 2657 1869 2714 accuratissima
1899 2662 2057 2714 satel-

500 2751 655 2804 litum
686 2753 929 2806 custodia
967 2753 1295 2815 ductaretur,
1333 2751 1666 2822 singularum
1708 2752 2055 2805 nihilominus

463 2852 466 2854 ‘
496 2844 782 2895 civitatum
817 2824 954 2911 quas
988 2843 1381 2912 ingrederetur,
1416 2843 1686 2898 Ecclesias
1718 2844 2054 2898 sermonibus

500 2945 556 2986 et
590 2933 1056 2989 cohortationibus
1080 2935 1190 2988 suis
1210 2935 1556 3001 conﬁrmans,
1585 2937 1838 2991 monebat
1869 2937 2054 3006 impri-
2087 2943 2090 2946 ’

501 3026 606 3078 mis
634 3039 690 3077 ut
725 3025 828 3080 sibi
861 3042 887 3077 a
924 3026 1104 3095 pravis
1152 3026 1527 3104 hatreticorum
1561 3028 1905 3096 opinionibus
1957 3044 2050 3083 ca-

2161 1853 2468 1905 ἀποστόλων
2495 1854 2751 1924 ὁμιλητὴς
2778 1854 3142 1924 Πολύκαρπος,
3173 1856 3268 1923 τῆς
3297 1855 3437 1907 κατά
3465 1857 3707 1927 Σμύρναν

2175 1944 2491 2015 Ἑκκλησίας
2534 1946 2666 2015 πρὸς
2697 1947 2802 1998 τῶν
2828 1947 3104 2000 αὐτοπτῶν
3153 1949 3245 2000 καὶ
3293 1948 3580 2019 ὑπηρετῶν
3619 1949 3717 2002 τοῦ

2144 2020 2363 2106 ,Κυρίου
2412 2037 2509 2108 τὴν
2573 2039 2874 2109 ἐπισκοπὴν
2935 2038 3426 2110 ἐγκεχειρισμένος.
3479 2039 3614 2093 Καθ’
3651 2039 3708 2095 ὃν

2157 2129 2476 2200 ἐγνωρίζετο
2507 2131 2720 2193 Παπίας
2762 2132 2860 2200 τῆς
2899 2134 2955 2183 ἐν
2992 2130 3279 2201 Ἱεραπόλει
3305 2131 3591 2200 παροικίας
3619 2131 3708 2185 καὶ

2157 2220 2314 2283 αὐτὸς
2345 2224 2655 2284 ἐπίσκοπος,
2689 2221 2848 2292 [ἀνὴρ
2876 2221 2946 2274 τά
2977 2223 3148 2275 πάντα
3173 2209 3253 2273 ὅτι
3274 2222 3502 2290 μάλιστα
3525 2219 3709 2288 λογιώ-

2155 2330 2312 2375 τατος
2339 2305 2430 2366 καὶ
2453 2314 2550 2383 τῆς
2581 2314 2798 2384 Γραφῆς
2831 2315 3060 2385 είδήμων
3090 2313 3369 2386 (64),]ὂγτε
3391 2313 3540 2384 παρά
3563 2313 3707 2366 πλεί-

2158 2419 2303 2465 στοις
2332 2402 2497 2454 εἰσέτι
2516 2401 2610 2455 νῦν
2630 2403 2906 2473 διαϐόητος
2941 2403 3214 2471 Ἰγνάτιος,
3249 2404 3348 2473 τῆς
3366 2405 3484 2456 κατ’
3517 2402 3708 2455 Ἀντιό-

2155 2505 2304 2558 χειαν
2330 2491 2533 2560 Πέτρου
2555 2491 2800 2561 διαδοχῆς
2815 2493 3060 2563 δεύτερος
3091 2492 3186 2562 τὴν
3208 2495 3510 2563 ἐπισκοπὴν
3528 2492 3714 2562 κεκλη-.

2157 2579 2414 2648 ρωμένος,
2473 2580 2642 2648 Λόγος
2682 2581 2724 2632 δ’
2755 2581 2866 2652 ἔχει
2902 2583 3086 2636 τοῦτον
3124 2583 3241 2654 ἀπὸ⁴
3263 2584 3459 2654 Συρίας
3496 2583 3589 2635 ἐπὶ
3614 2584 3706 2652 τὴν

2167 2669 2446 2739 Ῥωμαίων
2479 2671 2631 2722 πόλιν
2659 2673 3098 2743 ἀναπεμφθέντα,
3133 2673 3334 2745 θηρίων
3359 2673 3608 2742 γενέσθαι
3631 2673 3706 2741 βο-

2155 2759 2254 2829 ρὰν
2274 2762 2372 2830 τῆς
2395 2763 2474 2824 εἰς
2495 2762 2726 2831 Χριστὸν
2751 2765 3050 2834 μαρτυρίας
3075 2766 3255 2818 ἕνεκεν
3273 2782 3286 2794 °
3320 2766 3413 2817 καὶ
3439 2765 3502 2834 δὴ
3530 2764 3624 2834 τὴν
3645 2763 3705 2814 δι’

2152 2836 2346 2916 χἈσίας
2381 2853 2488 2928 (65)
2517 2855 2840 2926 ἀνακομιδὴν
2870 2857 2982 2925 μετ’
3018 2856 3440 2927 ἐπιμελεστάτης
3465 2853 3704 2924 φρουρῶν
3761 2840 3766 2843 ”

2153 2945 2394 3016 φυλακῆς
2434 2946 2768 3017 ποιούμενος,
2822 2947 2919 3009 τὰς
2963 2947 3101 3001 κατά
3141 2948 3293 3000 πόλιν
3334 2942 3420 3010 αἷς
3452 2946 3705 3016 ἐπεδήμει

2151 3037 2457 3106 παροικίας,
2500 3040 2618 3099 ταῖς
2662 3034 2747 3088 διὰ
2786 3037 2956 3104 λόγων
2988 3038 3221 3107 ὁμιλίαις
3260 3055 3318 3088 τε
3365 3037 3458 3089 xui.
3485 3051 3708 3107 προτρο-

499 3127 714 3184 verent,
742 3133 861 3186 qua;
897 3128 1021 3171 tunc
1046 3120 1279 3188 primum
1318 3119 1369 3172 in
1405 3119 1580 3173 lucem
1616 3134 1896 3189 emergere
1929 3132 2048 3176 cum

2159 3131 2276 3189 παῖς
2302 3127 2656 3198 ὲπιρῤωννὺς,
2675 3128 2731 3178 ἐν
2750 3126 2982 3198 πρώτοις
3001 3127 3230 3196 μάλιστα
3248 3125 3704 3195 προφυλάττεσθαι

499 3205 835 3273 cmpisseut,
906 3208 1177 3275 copiosius
1246 3207 1614 3275 pttllulabant,
1692 3210 2050 3278 hortatusque

500 3307 582 3348 est
616 3307 672 3350 ut
711 3298 1074 3364 apostolorum
1111 3299 1503 3351 traditionibus.
1529 3299 1791 3352 tenaciter
1816 3300 2052 3368 inhaere-

499 3399 620 3442 rent
666 3403 678 3436 :
732 3381 869 3456 quas
940 3389 1154 3456 quidem
1228 3387 1295 3441 ad
1365 3390 1651 3446 certiorem
1721 3390 2052 3456 posteritatis

503 3481 659 3548 107
687 3480 925 3531 notitiam
955 3478 1259 3530 testimonio
1303 3493 1400 3531 suo
1442 3467 1787 3532 conﬁrmatas
1829 3478 2053 3547 scriptis

501 3569 762 3621 mandare
787 3568 1150 3621 necessarium
1183 3566 1356 3620 duxit.
1394 3567 1580 3636 Itaque
1613 3584 1734 3623 cum
1766 3569 2048 3640 smyrnam

503 3659 740 3712 venisset
767 3698 782 3723 ,
820 3660 872 3711 in
916 3673 1019 3726 qua
1057 3668 1165 3711 tum
1197 3668 1314 3712 erat
1340 3657 1670 3727 Polycarpus
1693 3681 1715 3722 ,η
1745 3675 1903 3715 unam
1936 3661 2054 3727 qui-

500 3755 622 3805 dem
662 3752 946 3821 epistolam
977 3751 1194 3819 scripsit
1223 3753 1288 3804 ad
1319 3750 1616 3805 Ecclesiam
1653 3750 2004 3828 Ephesiorum
2035 3790 2077 3820 ,φ

447 3853 458 3863 ‘
501 3846 553 3896 in
585 3859 689 3912 qua
722 3841 962 3896 Onesimi
993 3843 1228 3911 ipsorum
1278 3844 1509 3911 pastoris
1542 3842 1869 3896 mentionem
1903 3839 2049 3906 facit.

460 3938 462 3940 ’
499 3933 742 3985 Alteram
769 3947 984 4001 quoque
1013 3932 1164 3985 dedit
1187 3932 1253 3984 ad
1286 3931 1580 3984 Ecclesiam
1610 3930 2050 4000 Magnesiae‘civi-

500 4022 630 4074 tatis
659 4037 776 4089 qua:
805 4023 871 4075 ad
899 4021 1223 4074 Maeandrum
1251 4022 1352 4074 sita
1386 4030 1491 4082 est,
1523 4023 1576 4074 in
1609 4037 1714 4091 qua
1742 4021 1906 4074 etiam
1945 4021 2048 4074 Da-

2150 3217 2249 3281 τάς
2281 3219 2519 3288 αἱρέσεις
2565 3218 2688 3286 ἄρτι
2723 3217 2841 3268 τότε
2870 3217 3079 3286 πρῶτον
3101 3217 3430 3284 ἀναφυείσας
3467 3216 3560 3268 καὶ
3593 3218 3706 3267 ἐπι-

2153 3302 2487 3364 πολαζούσας
2508 3302 2754 3371 παρῄνει,
2782 3302 3087 3372 προύτρεπέ
3110 3319 3168 3354 τε
3188 3303 3352 3370 ἀπρὶξ
3381 3303 3595 3373 ἔχεσθαι
3606 3304 3706 3373 τῆς
3752 3315 3763 3325 “

2150 3393 2258 3444 τῶν
2289 3392 2596 3444 ἀποστόλων
2629 3392 2996 3460 παραδόσεως,
3030 3393 3094 3462 ἣν
3127 3393 3264 3463 ὑπὲρ
3292 3394 3586 3462 ἀσφαλείας
3617 3395 3709 3447 καὶ

2154 3483 2440 3552 ἐγγράφως
2456 3483 2554 3551 ἥδη
2576 3483 2995 3553 μαρτυρόμενος,
3017 3483 3398 3536 διατυποῢσθαι
3417 3485 3708 3553 ἀναγκαῖον

2153 3576 2353 3644 ἡγεῖτο.
2392 3572 2546 3625 Οὕτω
2576 3573 2708 3643 δῆτα
2737 3576 2792 3625 ἐν
2820 3575 3034 3645 Σμύρνῃ
3068 3575 3371 3645 γενόμενος,
3403 3577 3531 3630 ἔνθα
3556 3580 3583 3630 ὁ
3603 3579 3710 3630 Πο-

2152 3664 2426 3733 λύκαρπος
2457 3659 2543 3733 ἦν,
2571 3663 2697 3733 μίαν
2723 3665 2818 3734 μὲν
2848 3665 3129 3734 ἐπιστολὴν
3151 3669 3216 3736 τῇ
3246 3667 3384 3719 κατὰ
3417 3666 3515 3736 τὴν
3550 3667 3713 3734 Ἐφε-

2155 3769 2242 3804 σον
2281 3753 2571 3823 Ἐκκλησία
2595 3754 3106 3824 γράφει,.ποιμένος
3147 3755 3312 3824 αὐτῆς
3365 3754 3712 3825 μνημονεύων

2165 3844 2468 3913 Ὀνησίμου,
2489 3845 2677 3915 ἐτέραν
2698 3846 2751 3898 δέ
2783 3851 2845 3917 τῇ
2871 3849 2926 3897 ἐν
2954 3847 3240 3916 Μαγνησίᾳ
3260 3850 3326 3918 τῇ
3351 3847 3485 3918 πρὸς
3508 3845 3714 3899 Μαιάν-

2150 3936 2277 4006 δρῳ,
2302 3937 2426 3988 ἔνθα
2446 3937 2603 3989 πάλιν
2638 3938 2933 3990 ἐπισκόπου
2963 3939 3118 4005 Δάμα
3153 3939 3368 4008 μνήμην
3395 3938 3708 4004 πεποίηται·

2152 4029 2243 4081 καὶ
2280 4031 2344 4098 τῇ
2379 4030 2436 4086 ἐν
2471 4028 2729 4097 Τράλλεσι
2769 4028 2824 4078 δὲ
2862 4027 3043 4096 ἀλλην,
3080 4024 3146 4097 ἧς
3176 4028 3404 4098 ἄρχοντα
3429 4028 3548 4079 τότε
3582 4027 3716 4078 ὄντα

506 4128 644 4165 mam
676 4113 983 4183 episcopum
1013 4115 1272 4168 nominat.
1307 4115 1477 4168 Aliam
1510 4109 1636 4169 item
1662 4113 1728 4168 ad
1755 4113 2051 4167 Ecclesiam

2159 4119 2413 4172 Πολύϐιον
2464 4121 2679 4188 ίστορεῖ.
2915 4118 3135 4181 ταύταις
3185 4120 3277 4171 καὶ
3315 4122 3380 4189 τῇ
3428 4117 3716 4188 Ῥωμαίων

452 4244 455 4247 .
501 4200 901 4268 Trallianorum
928 4245 943 4268 ,
974 4203 1127 4271 cujus
1153 4205 1451 4258 antistitem
1487 4215 1615 4257 tunc
1645 4205 1812 4275 fuisse
1852 4217 2053 4257 memo-

2163 4209 2456 4280 Ἐκκλησία
2492 4209 2710 4279 γράφει,
2820 4210 2911 4260 καὶ
2952 4209 3287 4278 παράκλησιν
3317 4209 3603 4280 προτείνει,
3626 4205 3717 4270 ¹ὡς

502 4303 588 4345 rat
622 4292 920 4362 Polybium.
953 4282 1153 4348 Praeter
1186 4297 1281 4348 bas
1323 4306 1406 4348 est
1446 4305 1499 4348 et
1533 4294 1634 4370 alia
1673 4294 1792 4372 ejus
1823 4293 2049 4361 epistola

2159 4301 2232 4370 μὴ
2269 4299 2731 4372 παραιτησάμενοι
2772 4299 2862 4350 τοῦ
2897 4301 3212 4370 μαρτυρίου,
3248 4301 3346 4370 τῆς
3377 4299 3716 4368 ποθουμένης

500 4385 566 4436 ad
599 4383 894 4436 Ecclesiam
927 4385 1074 4436 urbis
1119 4386 1320 4446 Romae,
1361 4387 1413 4438 in
1446 4401 1549 4453 qua
1584 4395 1704 4438 orat
1744 4394 1902 4452 atque
1929 4386 2051 4437 hor-

2159 4390 2312 4442 αὑτὸν
2337 4373 2760 4458 ἀποστερήσαιεν
2788 4391 3017 4453 ἐλπίδος.
3066 4391 3152 4454 Ἐξ
3176 4386 3249 4442 ὧν
3275 4391 3368 4444 xai.
3399 4389 3719 4460 βραχύτατα

503 4483 647 4526 tatur
675 4473 948 4528 Romanos
978 4513 994 4539 ,
1022 4489 1088 4526 ne
1119 4474 1434 4543 martyrium
1471 4490 1498 4525 a
1529 4490 1597 4536 se.
1632 4474 1963 4541 depellentes
1989 4490 2051 4528 ac

2159 4478 2232 4536 εἰς
2267 4474 2520 4536 ἐπίδειξιν
2559 4475 2666 4528 τῶν
2687 4478 2984 4546 εἰρημένων
3007 4478 3341 4546 παραθέσθαι
3373 4477 3541 4540 ἄξιον.
3573 4478 3720 4547 Γρά-

500 4555 897 4633 deprecantes,
931 4579 1024 4631 spe
1071 4579 1134 4617 ac
1181 4573 1307 4617 voto
1339 4577 1397 4616 se
1432 4561 1687 4616 fraudare
1716 4564 1903 4617 velint.
1948 4559 2051 4618 Sed

2159 4565 2325 4633 φειδὴ
2351 4562 2441 4617 οὖν
2464 4565 2604 4619 κατὰ
2632 4566 2804 4631 λέξιν-ο
2850 4588 2867 4618 ‹
2910 4570 3038 4620 Ἀπὸ
3069 4569 3268 4638 Συρίας
3297 4567 3456 4637 μέχρι
3497 4563 3720 4638 Ῥώμης

498 4670 676 4726 opera:
694 4653 922 4724 pretium
957 4656 1198 4709 fueritad
1225 4656 1688 4711 conﬁrmationem
1719 4669 1904 4709 eorum
1935 4671 2051 4725 qua:

2159 4656 2469 4726 θηριομαχῶ
2511 4657 2731 4728 διάνγῆς
2768 4659 2860 4711 καὶ
2893 4659 3183 4727 θαλάσσης,
3231 4657 3422 4718 νυκτὸς
3454 4659 3546 4710 καὶ
3579 4659 3724 4729 ὴμέ-

497 4799 618 4851 loco
662 4795 893 4866 graecus
936 4795 1197 4865 interpres
1245 4795 1584 4866 Tertulliatri.
1639 4793 1855 4849 Oblatas
1898 4795 2042 4866 enim
2150 4793 2391 4866 plaribtts
2425 4796 2752 4866 legerat,"ut
2793 4813 2858 4851 ex
2895 4813 3011 4864 ειυς
3060 4795 3509 4866 interpretatione
3547 4801 3719 4853 coni-

498 4868 631 4937 dicit
669 4863 1036 4937 Tertullianus
1062 4863 1152 4937 seu
1182 4867 1357 4932 potius
1399 4865 1685 4937 Traianus,
1716 4879 1808 4919 eos
1836 4866 1926 4937 qui
1957 4865 2046 4931 ju-
2150 4863 2307 4937 gitur.
2337 4863 2514 4937 Quare
2547 4881 2650 4919 non
2682 4868 2880 4937 dubito
2905 4863 3031 4932 quin
3072 4866 3187 4937 haec
3227 4865 3390 4916 verba
3437 4868 3722 4937 abjtnpe-

499 4936 706 4990 dicibtts
748 4935 1090 4988 exhibentur.
1125 4936 1217 4988 Sic
1265 4937 1407 4987 enim
1445 4934 1622 4988 Latini
1674 4935 1816 5002 loqui
1849 4935 2042 4988 solent.
2154 4935 2258 4986 rito
2285 4933 2511 5000 quodam
2543 4936 2838 4989 sclzoliaste
2867 4937 3070 5002 adjecta
3103 4935 3227 4997 sint,
3264 4944 3458 4998 praeter
3488 4933 3715 4992 Eusebii

501 5006 704 5059 Sensus
733 5005 896 5073 igitur
927 5004 1170 5073 rescripti
1206 5005 1333 5069 imp.
1364 5003 1578 5072 Trajani
1614 5005 1870 5057 adversus
1894 5003 2048 5058 Chri-
2155 5009 2386 5054 mentem
2447 5014 2605 5073 a_tque
2662 5005 3015 5073 sententiam.
3045 5004 3326 5073 Quomodo
3387 5005 3533 5057 enim
3597 5007 3720 5065 ﬁeri

499 5077 704 5128 stianos
734 5070 822 5127 hic
853 5081 975 5125 est:
1009 5071 1264 5125 Rectores
1292 5070 1690 5137 provinciarum
1722 5088 1826 5126 non
1859 5075 2051 5127 debere
2154 5080 2330 5139 potest
2363 5080 2421 5123 ιιι
2454 5070 2717 5127 Eusebius
2750 5073 2965 5138 Papiam
3004 5071 3090 5123 hic
3134 5070 3365 5138 appellet
3401 5074 3582 5128 virum
3623 5081 3723 5132 do-

502 5159 597 5211 pcr
636 5144 1001 5212 speculatores
1041 5149 1097 5194 et
1140 5140 1395 5213 satellites
1433 5158 1557 5195 suos
1603 5144 1871 5198 curiosius
1900 5143 2049 5196 inda-
2154 5142 2467 5213 ctissimnm,
2491 5153 2542 5196 et
2574 5142 2976 5213 Scriptuirarum
2998 5140 3399 5213 peritissimum,
3426 5159 3550 5196 cum
3581 5147 3724 5213 ipse.

501 5208 627 5279 gare
653 5208 820 5281 genus
848 5223 902 5265 et
928 5209 1603 5282 sectamquristianorum.
1655 5213 1709 5265 Si
1741 5215 1829 5280 qui
1874 5223 2048 5264 tamen
2155 5218 2262 5282 inet
2309 5209 2358 5261 in
2414 5212 2520 5282 ﬁne
2571 5208 2724 5282 hujus
2763 5209 2883 5282 libri
2929 5209 3124 5282 diserte
3157 5208 3421 5282 aﬂirmet,
3479 5208 3716 5282 Papiam

501 5277 792 5337 Cbrisiiani
827 5284 892 5334 ab
927 5280 1242 5336 oﬁicialibus
1290 5278 1513 5350 fortuito
1545 5277 1863 5348 deprehensi
1908 5282 2050 5342 sint,
2155 5278 2320 5350 fuisse
2352 5281 2600 5350 mediocri
2637 5280 2849 5348 ingenio
2881 5277 3181 5345 przeditum,
3220 5279 3483 5350 planeque
3515 5277 3718 5338 rudem

502 5359 557 5401 et
594 5352 648 5404 in
678 5351 940 5418 judicium
969 5351 1208 5412 adducti,
1239 5349 1320 5401 vel
1357 5350 1398 5400 si
1438 5349 1504 5400 ab
1534 5353 1939 5406 accusatoribus
1970 5351 2055 5402 de-
2155 5363 2217 5401 ac
2238 5348 2559 5418 ,simplicem.

503 5415 728 5473 nuntiati
759 5423 885 5484 sint,
909 5437 1001 5476 eos
1031 5419 1253 5474 omnino
1284 5418 1458 5485 puniri
1489 5430 1755 5485 oportere.
2039 5466 2043 5471 .
2226 5415 2335 5486 (65)
2374 5417 2481 5469 Καὶ
2529 5417 2604 5484 δὴ
2643 5416 2756 5483 τὴν
2800 5415 2871 5467 δι’
2924 5415 3134 5482 Ἄσίας.
3175 5416 3248 5470 Ita
3289 5417 3490 5486 legitur
3524 5422 3584 5474 in
3623 5437 3721 5476 co-

573 5489 683 5557 (64)
718 5492 968 5556 Παπίας,
1009 5490 1162 5556 ἀνὴρ
1201 5487 1270 5540 τὰ
1305 5486 1506 5557 ,πάντα
1549 5487 1636 5540 ὅτι
1651 5488 1916 5557 μάλιστα
1957 5491 2056 5541 λο-

2159 5487 2277 5541 dice
2306 5485 2470 5554 Regio
2505 5503 2660 5554 quem
2705 5496 2917 5557 secutus
2949 5496 3031 5537 cst
3057 5485 3188 5540 Rob.
3242 5488 3579 5555 Stephanus.
3609 5491 3722 5543 Sed

504 5554 802 5627 γιώτᾱτος,
828 5554 932 5612 καί
956 5554 1072 5628 τῆς
1113 5554 1361 5627 Γραφῆς
1405 5554 1681 5625 domum
1710 5559 1901 5613 Totum
1957 5561 2058 5611 hoc

2161 5567 2392 5624 quatuor
2435 5558 2528 5628 alii
2566 5557 2796 5628 codices,
2835 5554 3147 5628 Mazarimts
3182 5554 3393 5610 scilicet
3434 5574 3506 5612 ac
3542 5559 3722 5628 Μεῖόί-

503 5621 735 5697 elogium
754 5621 931 5697 Papia:
953 5621 1100 5683 deest
1128 5621 1178 5682 in
1210 5621 1407 5682 nostris
1434 5621 1708 5697 codicibus
1733 5628 2054 5689 Maz..'Med.
2163 5621 2322 5697 cacus.
2349 5639 2469 5697 cum
2492 5626 2626 5697 Fuit.
2649 5634 2703 5697 et
2735 5625 3303 5697 Saviliano,‘scriptum
3328 5629 3541 5682 habent
3565 5621 3726 5692 οὗτος

505 5710 558 5750 et
585 5691 717 5751 Fuk.
746 5691 850 5751 Sed
878 5713 1047 5768 neque
1080 5699 1304 5754 Ruﬁnus
1337 5699 1451 5753 banc
1475 5691 1640 5750 verba
1664 5697 1716 5762 in
1743 5701 1855 5753 suis
1881 5714 2057 5752 exctttc

2160 5696 2225 5763 δὴ
2255 5691 2344 5748 οὖν
2372 5695 2464 5764 τὴν
2488 5695 2547 5746 δι’
2589 5693 2766 5757 Ἀσίας
2794 5695 3137 5762 ἀνακομιδήν,
3158 5691 3271 5750 etc.
3564 5698 3567 5705 ’
