3970 6340
232 323 326 377 295

1194 318 1535 373 msruma:
1573 293 2125 402 εοειεειλετιοᾼέ
2166 319 2290 372 LIB.
2337 317 2423 371 ιιι.

3327 313 3433 378 ἓῦζι

231 434 406 496 θέντας
443 433 552 487 ὐπὸ
580 436 686 489 τῶν
709 434 1016 488 ἀποστόλων
1056 433 1335 503 θεμελίους
1369 432 1765 501 ἐπῳκοδόμουν,

1873 423 2097 501 apostoli
2126 434 2279 500 prius
2317 434 2562 499 jecerant
2589 473 2602 495 ,
2642 433 2840 487 additis
2873 432 3116 488 adiﬁciis
3143 445 3433 493 exstruxe-

231 522 471 588 αὔξοντες
502 529 583 588 εἰς
636 526 794 579 πλέον
840 525 902 578 τὸ
949 527 1230 596 κήρυγμα,
1264 525 1356 576 καὶ
1420 523 1487 576 τὰ
1538 525 1778 593 σωτήρια

233 618 511 688 σπέρματα
533 617 632 685 τῆς
663 616 768 667 τῶν
797 614 1038 684 οὐρανῶν
1058 613 1332 682 βασιλείας
1364 611 1468 664 ἀνά
1493 614 1670 664 πᾶσαν
1699 615 1778 674 είς

231 713 421 774 πλάτος
457 707 860 778 ἐπισπείροντες
901 705 999 775 τὴν
1027 704 1369 774 οἰκουμένην.
1409 703 1519 755 Καὶ
1575 701 1684 771 γὰρ
1713 701 1776 769 δὴ

191 823 196 828 ’
235 804 460 856 πλεῖστοι
485 801 591 852 τῶν
620 799 738 850 τότε
773 795 1026 866 μαθητῶν
1079 796 1414 865 σφοδροτέρῳ
1467 793 1775 861 φιλοσοφίας
1830 798 1834 802 ’

235 891 385 961 ἔρωτι
407 889 542 960 πρὸς
564 886 657 940 τοῦ
689 887 832 938 θείου
865 886 1040 952 Λόγου
1069 883 1168 953 τὴν
1196 884 1373 953 ψυχὴν
1401 883 1773 952 πληττόμενοι,

231 983 322 1052 τὴν
369 981 632 1048 σωτήριον
664 977 926 1048 πρότερον
957 976 1308 1045 ἀπεπλήρουν
1354 974 1774 1044 παρακέλευσιν,

232 1072 423 1124 ἐνδεέσι
455 1069 708 1136 νέμοντες
731 1067 826 1129 τὰς
860 1067 1063 1127 οὐσίας.
1101 1067 1329 1118 Ἔπειτα
1359 1066 1415 1117 δέ
1471 1065 1777 1136 ἀποδημίας

232 1161 578 1230 στελλόμενοι,
601 1159 759 1229 ἔργον
784 1157 1072 1210 ἐπετέλουν
1096 1157 1493 1226 εὐαγγελιστῶν
1510 1197 1526 1220 ,
1553 1159 1664 1218 τοῖς

230 1255 449 1322 πάμπαν
477 1252 726 1320 ἀνηκόοις
757 1250 848 1302 τοῦ
889 1251 987 1320 τῆς
1017 1251 1251 1312 πίστεως
1296 1251 1455 1317 λόγου
1490 1235 1776 1320 κηρύττειν

229 1345 311 1398 τὸν
363 1344 594 1413 Χριστὸν
649 1343 1118 1412 φιλοτιμούμενοι,
1179 1343 1272 1394 καὶ
1318 1342 1417 1412 τὴν
1463 1341 1572 1394 τῶν
1620 1335 1777 1400 θείων

230 1433 561 1501 Εὐαγγελίων
584 1433 931 1503 παραδιδόναι
961 1433 1196 1503 γραφήν.
1225 1424 1380 1486 Οὗτοι
1413 1432 1470 1484 δὲ
1497 1431 1774 1501 θεμελίους

228 1526 318 1595 τῆς
344 1526 577 1587 πίστεως
602 1525 694 1576 ὲπί⁵
727 1523 894 1588 ξένοις
919 1526 1028 1576 τισὶ
1056 1524 1241 1586 τόποις
1272 1523 1404 1576 αὐτὸ
1432 1507 1782 1593 μόνονκατα·

227 1617 552 1686 ϐαλλόμενοι,
585 1619 843 1688 ποιμένας
866 1634 927 1668 τε
973 1617 1324 1677 καθιστάντες
1372 1615 1609 1687 ἐτέρους.
1657 1613 1779 1666 τού-

228 1726 330 1772 τοις
358 1726 415 1761 τε
454 1710 638 1771 αὐτοῖς
670 1706 1062 1778 ἐγχειρίζοντες
1090 1707 1189 1776 τὴν
1233 1706 1340 1758 τῶν
1397 1707 1600 1780 ἀρτίως
1658 1706 1772 1757 εἱσ-

228 1799 486 1868 αχθέντων
501 1800 792 1869 γεωργίαν,
817 1799 1008 1868 ἐτέρας
1025 1797 1174 1848 αὐτοὶ
1197 1795 1360 1848 πάλιν
1387 1793 1569 1865 χώρας
1593 1812 1651 1846 τε
1678 1794 1772 1846 καὶ

228 1890 341 1960 ἐθνη
367 1891 653 1960 μετῄεσαν,
685 1890 779 1941 σὺν
799 1891 864 1958 τῇ
896 1890 959 1940 ἐκ
988 1887 1121 1938 Θεοῦ
1156 1887 1335 1956 χάριτι
1367 1875 1768 1954 καὶσυνεργίᾳ,

227 1980 337 2031 ί,πί
361 1980 455 2031 καὶ
485 1979 578 2029 τοῦ
610 1978 753 2029 θείου
784 1976 1096 2045 Πνεύματος
1141 1974 1307 2026 εἰσέτι
1334 1974 1455 2024 τότε
1493 1973 1561 2024 δι’
1594 1972 1772 2023 αὐτῶν

228 2071 461 2123 πλεῖσται
520 2068 810 2139 παράδοξοι
854 2068 1110 2136 δυνάμεις
1159 2066 1438 2135 ἐνήργουν,
1471 2064 1610 2116 ὥστε
1666 2063 1772 2114 ἀπὺ

227 2159 436 2232 πρώτης
466 2160 796 2228 ἀκροάσεως,
818 2156 1028 2228 ἀθρόως
1054 2155 1320 2224 αὔτανδρα
1351 2155 1526 2223 πλήθη
1569 2153 1770 2223 προθύ-

229 2271 330 2322 μως
360 2250 460 2320 τὴν
486 2251 566 2310 εἰς
583 2249 674 2300 τόν
702 2248 808 2300 τῶν
835 2249 972 2299 ὅλων
999 2246 1336 2316 Δημιουργὸν
1359 2244 1635 2296 εὐσέϐειαν
1671 2246 1768 2296 αὐ-

224 2347 330 2406 ταῖς
357 2343 556 2411 ψυχαῖς
599 2335 984 2409 καταδέχεσθαι
1019 2339 1152 2408 (72).
1207 2337 1489 2394 Ἀδυνάτου
1534 2336 1578 2387 δ’
1621 2335 1772 2397 ὄντος

225 2441 346 2508 ήμίν
376 2437 620 2500 ἆταιντας
646 2436 706 2500 ἐξ
724 2437 981 2506 ὀνόματος
1011 2432 1454 2504 ἀπαριθμεῖσθαι,
1499 2431 1611 2483 ὅσοι
1644 2429 1770 2480 ποτε

225 2529 360 2582 κατὰ
499 2527 722 2599 πρώτην
754 2527 860 2580 τῶν
912 2525 1222 2579 ἀποστόλων
1251 2524 1498 2593 διαδοχὴν
1544 2524 1601 2572 ἐν
1649 2525 1768 2582 ταῖς

227 2621 357 2676 κατά
379 2622 479 2692 τήν
502 2620 823 2690 οἰκουμένην
866 2618 1207 2686 Ἑκκλησίαις
1228 2617 1479 2684 γεγόνασι
1513 2615 1765 2684 ποιμένες

227 2711 256 2780 ἢ
293 2713 384 2765 καὶ⁵
427 2713 827 2779 εὐαγγελισταὶ,
881 2710 1080 2763 τούτων
1130 2710 1351 2771 εἰκότως
1394 2707 1455 2772 ἐξ
1513 2707 1770 2776 ὀνόματος

225 2804 398 2871 γραφῇ
426 2801 599 2870 μόνων
627 2802 725 2869 τὴν
755 2801 969 2870 μνήμην
999 2791 1537 2869 κατατεθείμεθα,ὧν
1568 2797 1647 2850 ἔτι
1680 2797 1774 2850 καὶ

228 2891 311 2943 νῦν
337 2893 414 2954 εἰς
442 2893 588 2962 ἡμᾶς
618 2892 685 2943 δι’
718 2891 1117 2961 ὑπομνημάτων
1155 2892 1257 2961 τῆς
1297 2890 1655 2960 ἀποπολικῆς
1700 2889 1774 2940 δι-

193 3047 198 3051 _
228 2981 506 3044 δασκαλίας
533 2985 566 3052 ή
596 2983 890 3055 παράδοσις
924 2983 1162 3052 φέρεται.

709 3137 1099 3190 ΚΕΦΑΛΑῙΟΝ
1145 3138 1273 3190 Aﬂ’.

227 3248 351 3314 Περί
380 3249 488 3314 τῆς
511 3249 852 3317 Κλήμεντος
890 3249 1217 3316 ἐπιστολῆς
1257 3251 1353 3304 καὶ
1388 3249 1502 3302 τῶν
1533 3245 1769 3316 ψευδῶς

287 3320 370 3381 εἰς
395 3319 582 3372 αὐτὸν
612 3321 1066 3388 ἀναφερομένων
1098 3321 1237 3388 (Nic.
1275 3319 1345 3372 ll.
1375 3319 1439 3371 Ε.
1469 3334 1550 3379 ιιι,
1585 3319 1695 3386 18).

291 3447 492 3518 Ὥσπερ
518 3443 611 3501 οὖν
640 3448 828 3517 ἀμέλει
847 3449 942 3501 τοῦ
987 3451 1244 3517 Ἰγνατίου
1277 3454 1335 3503 ἐν
1363 3447 1450 3512 αἷς
1485 3449 1770 3515 κατελέξα-

229 3555 317 3607 μεν
348 3539 669 3601 ἐπιστολαῖς,
704 3541 797 3592 καὶ
823 3540 917 3592 τοῦ
946 3543 1257 3610 Κλήμεντος
1287 3545 1344 3593 ὲν
1389 3544 1455 3610 τῇ
1503 3543 1769 3610 ἀνωμολο-

227 3630 426 3702 γημένῃ
454 3629 604 3700 παρά
636 3631 817 3692 πᾶσιν,
849 3631 917 3699 ἣν
943 3631 1006 3681 ἐκ
1039 3629 1327 3699 προσώπου
1355 3632 1451 3700 τῆς
1487 3633 1768 3700 Ῥωμαίων

239 3721 544 3789 Ἐκκλησίας
596 3723 662 3790 τῇ
694 3720 988 3791 Κορινθίων
1040 3719 1423 3776 διετυπιεισατο.
1476 3717 1627 3794 Ἐνῇ
1673 3724 1768 3791 τῆς

228 3814 352 3882 πρὸς
388 3813 668 3882 Ἐϐραίους
690 3813 858 3866 πολλά
878 3813 1119 3882 νοήματα
1144 3811 1428 3882 παραθεὶς,
1454 3813 1552 3882 ήδη
1585 3813 1640 3864 δὲ
1673 3815 1766 3866 καὶ

229 3903 486 3968 αὐτολεξεὶ
519 3907 701 3975 ῥητοῖς
727 3907 865 3958 τίσιν
907 3903 963 3969 ἐξ
996 3904 1160 3973 αὐτῆς
1207 3902 1564 3972 χρησάμενος,
1599 3904 1764 3972 σαφέ-

232 4011 385 4048 στατα
419 3996 743 4068 παρίστησιν
769 3997 850 4048 ὅτι
881 3995 953 4066 μὴ
979 3996 1094 4048 νέον
1133 3993 1363 4062 ὑπάρχει
1393 3994 1454 4044 τὸ
1486 3994 1765 4062 σύγγραμ-

233 4099 319 4150 μα.
355 4085 514 4140 Ὅθεν
543 4088 764 4151 εἰκότως
785 4077 982 4153 ἔδοξεν,
1018 4089 1146 4141 αὐτὸ
1173 4091 1281 4152 τοῖς
1308 4089 1508 4148 λοιποῖς
1533 4089 1762 4152 ἐγκατα-

229 4171 470 4244 λεχθῆναι
497 4178 782 4249 γράμμασι
823 4178 917 4230 τοῦ
959 4180 1295 4233 Ἀποστόλου.
1342 4178 1604 4249 Ἑϐραίοις
1657 4175 1763 4247 γὰρ

229 4263 306 4316 διὰ
324 4267 418 4335 τῆς
444 4269 670 4338 πατρίου
718 4269 961 4342 γλώττης
982 4272 1268 4341 ἐγγράφως
1297 4271 1626 4341 ὼμιληκότος
1672 4266 1762 4318 τοῦ

230 4355 448 4421 Παύλου,
486 4363 534 4412 οἱ
570 4361 667 4430 μὲν
697 4361 788 4412 τὸν
822 4361 1205 4432 εὐαγγελιστὴν
1232 4365 1460 4419 Λουκᾶν.
1506 4364 1552 4414 οἱ
1592 4361 1646 4412 δὲ
1677 4360 1764 4410 τὸν

230 4447 505 4518 Κλήμεντα
553 4441 740 4504 τοῦτον
792 4454 951 4505 αὐτὸν
1015 4453 1343 4523 ἑρμηνεῦσαι
1411 4455 1626 4521 λέγουσι
1669 4451 1764 4520 τὴν

230 4542 450 4611 γραφήν.
476 4543 539 4594 ⁸0
566 4542 660 4595 καὶ
688 4542 883 4613 μᾶλλον
915 4542 1000 4613 εἴη
1031 4542 1094 4595 ἂν
1125 4544 1338 4612 ἀληθὲς,
1373 4543 1450 4612 τῷ
1473 4545 1562 4595 τὸν
1587 4545 1766 4612 ὅμοιον

229 4630 317 4696 τῆς
337 4631 581 4702 φράσεως
616 4635 932 4705 χαρακτῆρα
964 4635 1060 4704 τήν
1089 4651 1148 4686 τε
1177 4633 1270 4685 τοῦ
1302 4635 1611 4704 Κλήμεντος
1660 4636 1768 4686 ἐπι-

233 4719 428 4790 στολὴν,
459 4727 550 4779 καὶ
578 4727 678 4795 τὴν
705 4727 838 4798 πρὸς
871 4725 1148 4796 Ἐϐραίους
1181 4724 1504 4788 ἀποσώζειν,
1553 4728 1644 4780 καὶ
1692 4727 1770 4796 τῷ

235 4808 301 4879 μὴ
327 4813 509 4883 πόρρω
537 4816 602 4869 τὰ
631 4821 689 4870 ἐν
716 4818 992 4889 ἑκατέροις
1019 4820 1127 4879 τοῖς
1161 4800 1543 4887 συγγράμμασι
1567 4822 1768 4889 νοήμα-

231 4915 289 4951 τα
317 4901 656 4959 καθεστάναι.
703 4908 895 4960 ’ἰστέον
921 4908 966 4960 δ’
999 4907 1072 4969 ὡς
1098 4906 1191 4958 καὶ
1225 4905 1449 4978 δευτέρα
1489 4928 1571 4973 τις
1631 4906 1770 4964 εἶναι

232 4990 434 5058 λέγεται
463 4996 554 5046 τοῦ
576 4996 884 5068 Κλήμεντος
930 4999 1202 5066 ἐπιστολή.
1228 4997 1304 5049 Οὐ
1336 4997 1440 5068 μὴν
1471 5000 1545 5052 ἔθ’
1567 5003 1766 5070 ὁμοίως

233 5083 291 5150 τῇ
316 5083 550 5153 προτέρᾳ
575 5087 666 5138 καὶ
715 5089 914 5159 ταύτην
965 5088 1250 5158 γνώριμον,
1289 5088 1626 5158 ἐπιστάμεθα
1644 5130 1659 5151 ,
1687 5092 1767 5142 ὅτι

237 5170 358 5241 μηδὲ
377 5160 610 5236 καὶτοὺς
633 5177 889 5246 ἀρχαίους
904 5181 1046 5251 ἀὐτῇ
1070 5177 1431 5251 κεχρημένους
1447 5180 1769 5250 ἴσμεν.“Ηδη

235 5261 285 5314 δέ
307 5262 394 5314 καὶ
425 5262 586 5336 ἕτερα
628 5268 868 5339 πολυεπῆ
899 5271 992 5323 καὶ⁵
1040 5271 1226 5342 μακρά
1271 5271 1666 5340 συγγράμματα
1692 5274 1771 5334 ὡς

237 5351 321 5405 τοῦ
347 5349 509 5406 αὐτοῦ
554 5353 678 5423 χθὲς
708 5358 799 5408 καὶ
828 5359 1017 5430 πρώην
1043 5362 1183 5423 τινὲς
1207 5361 1534 5431 προήγαγον,
1564 5362 1770 5432 Πέτρου

1878 532 2004 579 runt
2048 541 2064 578 :
2113 527 2549 595 praedicationem
2600 525 2870 598 Evangelii
2925 528 3094 601 magis
3139 544 3203 583 ac
3253 538 3428 600 magis

1876 612 2292 690 prominentes,
2337 626 2392 669 et
2436 617 2697 671 salutaria
2749 621 2900 688 regni
2947 620 3179 674 cmlestis
3223 623 3428 673 semina

1876 707 1972 772 pe'r
2018 707 2324 759 universum
2374 715 2643 760 terrarum
2691 710 2880 762 orbem
2936 711 3044 764 late
3091 723 3429 778 spargentes.

1877 797 2152 864 Siquidem
2206 797 2454 865 plerique
2498 813 2562 850 ex
2613 800 2755 855 illius
2801 803 3058 869 temporis
3111 802 3426 868 discipulis,

1845 899 2101 953 [quorum
2151 890 2362 942 animos
2395 892 2720 946 ardentioris
2768 892 3124 960 philosophiae
3160 891 3429 945 desiderio

1879 973 2110 1029 Verbum
2137 976 2376 1030 divinum
2402 980 2740 1044 incenderat,
2770 981 3074 1034 Servatoris
3100 981 3267 1035 nostri
3295 996 3429 1048 pra:-

1874 1075 2085 1134 ceptum
2108 1064 2220 1132 jam
2256 1079 2416 1119 antea
2465 1070 2814 1136 expleverant
2839 1112 2853 1133 ,
2884 1072 3073 1125 divisis
3109 1073 3248 1124 inter
3270 1085 3425 1138 egen-

1877 1163 1957 1207 tes
1982 1154 2329 1208 facultatibus
2361 1156 2496 1208 suis.
2540 1156 2746 1210 Deinde
2782 1159 2963 1212 relicta
2995 1161 3168 1226 patria
3207 1167 3428 1227 peregre

1876 1245 2322 1313 proﬁciscentes,
2351 1260 2544 1298 munus
2594 1248 2815 1300 obibant
2854 1249 3326 1314 evangelistarum,
3365 1250 3430 1301 iis

1874 1339 1966 1404 qui
2003 1337 2122 1390 ﬁdei
2151 1350 2452 1390 sermonem
2482 1339 2712 1390 nondum
2745 1339 3119 1403 audivissent,
3147 1340 3426 1393 Christum

1874 1430 2168 1499 praedicare
2193 1469 2210 1493 ,
2252 1437 2309 1482 et
2335 1442 2609 1481 sacrorum
2644 1427 3060 1497 Evangeliorum
3102 1430 3276 1497 libros
3318 1441 3430 1482 tra-

1875 1523 2003 1573 dere
2030 1520 2316 1572 amhitioso
2337 1525 2677 1586 tangentes.
2713 1518 2775 1571 lli
2812 1509 3097 1588 postquam
3124 1519 3177 1572 in
3207 1519 3428 1572 remotis

1877 1611 2192 1681 quibusdam
2218 1625 2282 1664 ac
2306 1611 2549 1664 barbaris
2573 1609 2881 1678 regionibus
2908 1610 3255 1663 fundamenta
3295 1611 3417 1661 tidei

1871 1704 2135 1772 iecerant,
2169 1701 2409 1770 aliosque
2444 1710 2686 1769 pastores
2715 1702 3128 1762 constituerant,
3157 1711 3212 1754 et
3241 1699 3424 1752 novel-

1805 1765 1848 1822 Β
1879 1797 1941 1848 lae
1966 1792 2314 1863 plantationis
2350 1807 2533 1845 curam
2570 1793 2759 1846 iisdem
2792 1793 3196 1856 commiserant,
3223 1808 3287 1846 eo
3303 1808 3432 1846 eon-

1879 1888 2006 1941 tenti
2041 1885 2108 1938 ad
2165 1885 2303 1937 alias
2336 1893 2522 1952 gentes
2559 1897 2624 1935 ac
2670 1884 2917 1951 regiones
2944 1924 2958 1948 ,
2993 1886 3287 1938 comitante
3337 1885 3428 1939 Dei

1875 1977 2047 2045 gratia
2079 1990 2146 2028 ac
2165 1975 2366 2028 virtute
2405 1975 2789 2041 properabant.
2832 1974 3039 2054 Quippe
3083 1977 3245 2029 divini
3274 1979 3432 2042 spiri-

1879 2081 1961 2122 tus
2009 2070 2091 2122 vis
2141 2063 2204 2121 ac
2243 2068 2482 2135 potentia
2510 2105 2525 2130 ,
2576 2067 2742 2119 multa
2788 2081 2881 2134 per
2921 2069 3137 2122 eosdem
3173 2070 3428 2124 miracula

1875 2160 2158 2213 etiamtum
2187 2157 2532 2224 Operabatur.
2558 2155 2706 2208 Adeo
2733 2163 2792 2207 ut
2831 2155 3002 2222 prima
3031 2158 3212 2210 statim
3248 2160 3427 2211 audita

1874 2248 2254 2317 praedicatione
2278 2285 2295 2311 ,
2337 2245 2574 2298 universi
2619 2244 2778 2298 simul
2810 2246 2992 2314 populi
3043 2249 3153 2299 veri
3183 2247 3431 2302 Numinis

1870 2341 2075 2393 cultum
2118 2338 2519 2407 promptissimo
2565 2337 2743 2390 animo
2771 2337 3130 2404 susciperent.
3163 2338 3427 2392 Caeterum

1876 2445 1998 2483 cum
2045 2428 2160 2482 ﬁeri
2187 2427 2336 2480 nullo
2371 2427 2526 2480 modo
2553 2427 2719 2495 possit
2763 2437 2820 2478 ut
2852 2428 3086 2496 singulos
3113 2430 3426 2482 nominatim

1876 2528 2285 2585 recenseamus,
2317 2527 2580 2584 quotquot
2615 2517 2804 2585 primis
2834 2516 2936 2570 illis
2962 2520 3267 2586 apostolica:
3305 2535 3428 2575 Suc-

1873 2605 2134 2664 Cessioriis
2165 2610 2495 2677 temporibus
2515 2624 2609 2676 per
2639 2624 2827 2662 omnes
2849 2610 2995 2663 orbis
3025 2616 3290 2662 terrarum
3317 2609 3417 2663 Ec-

1873 2701 2068 2753 elcsias
2105 2699 2374 2753 antistites
2415 2709 2508 2751 aut
2558 2699 2899 2767 evangelista:
2947 2700 3206 2754 fuerunt:
3241 2714 3427 2755 eorum

1875 2795 2138 2846 duntaxat
2192 2792 2411 2844 nomina
2471 2791 2559 2844 hic
2613 2806 3043 2846 commemorare
3097 2794 3426 2854 statuimus,

1878 2899 2103 2948 quorum
2155 2894 2497 2935 monumenta
2551 2881 2899 2949 apostolicam
2966 2883 3178 2934 illorum
3231 2883 3427 2936 doctri-

1881 2991 2000 3026 nam
2033 2974 2369 3028 continentia
2402 2973 2574 3026 adhuc
2605 2981 2910 3040 supersunt.

2298 3081 2454 3198 un
2477 3127 2698 3183 CAPUT
2724 3125 3006 3182 xxxvm.

1984 3242 2056 3293 De
2085 3241 2358 3294 Clementis
2384 3239 2643 3305 Epistola.
2683 3240 2902 3304 aliisque
2935 3256 3050 3310 qua!
3082 3239 3219 3307 falso
3253 3241 3300 3293 ei

2494 3310 2816 3362 tribuuntur.

1947 3465 2106 3520 Verbi
2142 3465 2314 3533 gratia
2345 3463 2552 3534 lgnatii,
2592 3481 2725 3534 quas
2757 3467 3126 3520 reccnsuimus
3159 3467 3422 3535 epistolze,

1875 3568 1928 3608 et
1949 3555 2244 3608 Clementis
2275 3554 2366 3607 illa
2396 3557 2464 3608 ab
2491 3557 2737 3610 omnibus
2772 3566 2982 3624 recepta
3007 3597 3024 3622 ,
3048 3573 3208 3625 quam
3236 3557 3420 3611 Eccle-

1875 3645 1967 3696 sia:
1997 3643 2255 3698 Romana:
2304 3645 2519 3698 nomine
2564 3646 2627 3697 ad
2678 3647 3074 3700 Corinthiorum
3127 3649 3421 3702 Ecclesiam

1877 3735 2122 3800 scripsit.
2157 3735 2210 3786 In
2246 3751 2346 3801 qua
2378 3753 2503 3790 cum
2541 3736 2737 3788 multas
2771 3737 2972 3787 inserat
3003 3739 3301 3791 sententias
3329 3742 3419 3791 de-

1874 3838 2113 3891 sumptas
2156 3839 2222 3878 ex
2245 3825 2470 3893 Epistula
2504 3826 2568 3876 ad
2601 3825 2885 3887 Hebraeos,
2913 3826 3210 3893 iisdemque
3246 3828 3416 3880 inter-

1872 3913 1996 3964 dum
2031 3914 2205 3966 verbis
2236 3924 2442 3972 utatur.
2482 3915 2614 3966 satis
2663 3915 2863 3965 indicat
2895 3930 3028 3980 opus
3060 3904 3189 3967 illud
3219 3931 3415 3983 nequa.

1873 4020 2035 4070 quam
2075 4019 2260 4056 recens
2293 4020 2432 4057 esse.
2476 4005 2835 4070 Quamobrem
2863 4020 2984 4058 cum
3019 4006 3236 4074 reliquis
3273 4007 3416 4076 Apo-

1872 4094 1992 4146 stoli
2051 4096 2266 4162 scriptis
2297 4111 2398 4146 non
2434 4097 2549 4147 sine
2579 4110 2741 4148 causa
2773 4095 2875 4149 hoc
2905 4097 3067 4149 etiam
3098 4100 3418 4153 recensitum

1874 4184 2106 4238 videtur.
2159 4184 2292 4238 Cum
2343 4186 2485 4238 enim
2530 4185 2595 4238 ad
2641 4185 2895 4241 Hebraeos
2945 4189 3116 4257 patrio
3171 4203 3418 4243 sermone

1873 4278 2177 4346 scripsisset
2227 4277 2460 4339 Paulus,
2515 4278 2842 4334 alii'Lucam
2884 4281 3302 4352 evangelistam,
3333 4283 3419 4335 alii

1875 4367 2018 4418 hunc
2041 4367 2104 4419 de
2131 4382 2235 4434 quo
2266 4365 2534 4434 loquimur
2561 4366 2889 4422 Clementem
2913 4408 2928 4430 ,
2957 4368 3240 4435 Epistolam
3275 4368 3419 4419 illam

1873 4472 1995 4510 esse
2027 4460 2440 4526 interpretatum
2473 4457 2673 4512 ferunt.
2709 4459 2858 4525 Quod
2885 4459 3099 4522 quidem
3134 4458 3314 4509 verius
3342 4458 3410 4507 vi-

1873 4551 2050 4612 detur,
2093 4565 2212 4602 cum
2247 4553 2546 4616 praesertim
2580 4560 2635 4604 et
2663 4551 2953 4603 CIementis
2976 4589 2990 4612 ,
3017 4562 3071 4602 et
3102 4549 3187 4601 illa
3219 4550 3281 4600 ad
3316 4547 3414 4599 lle-

1873 4625 2284 4710 hrmosEpistola
2303 4647 2546 4696 eumdem
2574 4644 2765 4697 habeat
2789 4652 2830 4694 sl
2839 4641 3007 4710 ylum,
3033 4655 3128 4693 nec
3147 4639 3414 4703 utriusque

1877 4731 2064 4798 scripti
2099 4733 2375 4785 sententia:
2416 4732 2572 4787 valde
2599 4733 2742 4786 inter
2788 4747 2846 4784 se
2873 4731 3200 4796 discrepent.
3236 4729 3412 4780 Scien-

1876 4821 1999 4872 dum
2029 4829 2204 4873 tamen
2229 4831 2313 4873 est
2334 4821 2559 4872 alteram
2586 4834 2801 4889 quoque
2825 4820 3118 4874 Clementis
3144 4816 3413 4884 epistulam

1875 4911 2231 4964 circumferri.
2285 4911 2482 4962 Verum
2529 4913 2666 4966 hanc
2719 4928 2824 4966 non
2876 4911 3096 4981 perinde
3151 4916 3438 4979 receptam

1877 5009 2037 5069 atque
2069 5002 2413 5068 approbatum
2441 5002 2632 5070 fuisse,
2656 5020 2754 5074 pro
2769 5015 2916 5058 certo
2946 5003 3232 5056 habemus:
3252 5013 3408 5064 quau-

1875 5092 2155 5159 doquidcm
2200 5094 2518 5148 vetustiores
2567 5093 2684 5161 ejus
2729 5093 3032 5149 testimonio
3081 5103 3412 5155 nequaquam

1875 5195 2001 5234 usos
2047 5194 2168 5232 esse
2217 5183 2598 5251 comperimus.
2648 5185 2870 5251 Quidam
2910 5195 3067 5249 porro
3109 5178 3210 5230 alia
3254 5180 3410 5231 etiam

1876 5286 2033 5340 opera
2071 5271 2276 5338 prolixa
2303 5283 2360 5328 et
2394 5277 2608 5346 copiosa
2652 5277 2751 5330 sub
2778 5276 2893 5341 ejus
2933 5270 3144 5323 nomine
3195 5269 3310 5323 heri
3353 5283 3412 5323 ac

1880 5360 2069 5412 nudius
2094 5361 2282 5414 tertius
2311 5363 2364 5420 in
2399 5364 2574 5420 lucem
2610 5364 2950 5434 protulerunt
2979 5378 2991 5410 :
3029 5369 3151 5427 puta
3183 5357 3328 5412 Petri
3361 5370 3414 5414 et

279 5601 408 5682 -(72)
446 5598 658 5682 Αὐταῖς
696 5599 919 5682 fuluis
958 5603 1398 5682 καταδέχεσθαι.
1449 5600 1612 5682 Iidem
1660 5603 1768 5660 tres

1873 5603 2004 5658 lices
2047 5617 2168 5658 cum
2201 5603 2475 5662 Saviliauo
2509 5605 2765 5673 scriptum
2818 5599 3016 5656 habent
3069 5601 3125 5653 ἐν
3171 5603 3289 5664 ταῖς
3323 5603 3410 5655 αὐ-

243 5669 340 5723 τῶν
367 5669 560 5741 ψυχαῖς
585 5669 983 5738 καταδέχεσθαι,
1010 5674 1150 5741 quod
1175 5669 1351 5739 magis
1379 5672 1589 5742 probo.)
