  <div class='ocr_page' id='page_1' title='image "/cluster/home/n/w/nwhite01/storage/ocr_20150623/20/pst.000005712052/156.png"; bbox 0 0 3934 6342; ppageno 0'>
   <div class='ocr_carea' id='block_1_1' title="bbox 182 222 2342 323">
    <p class='ocr_par' dir='ltr' id='par_1_1' title="bbox 182 222 2342 323">
     <span class='ocr_line' id='line_1_1' title="bbox 182 222 2342 323; baseline -0.001 0"><span class='ocrx_word' id='word_1_1' title='bbox 182 270 269 323; x_wconf 65' lang='lat' dir='ltr'><strong>S97</strong></span> <span class='ocrx_word' id='word_1_2' title='bbox 1117 266 1454 323; x_wconf 77' lang='lat' dir='ltr'><strong>HISTORUE</strong></span> <span class='ocrx_word' id='word_1_3' title='bbox 1496 265 2048 323; x_wconf 64' lang='lat' dir='ltr'><strong>ECCLESIASTICE</strong></span> <span class='ocrx_word' id='word_1_4' title='bbox 2086 267 2215 322; x_wconf 80' lang='lat' dir='ltr'><strong>LIB.</strong></span> <span class='ocrx_word' id='word_1_5' title='bbox 2255 267 2342 321; x_wconf 84' lang='lat' dir='ltr'><strong>III.</strong></span> 
     </span>
    </p>
   </div>
   <div class='ocr_carea' id='block_1_2' title="bbox 3230 275 3330 329">
    <p class='ocr_par' dir='ltr' id='par_1_2' title="bbox 3230 275 3330 329">
     <span class='ocr_line' id='line_1_2' title="bbox 3230 275 3330 329; baseline 0.02 -3"><span class='ocrx_word' id='word_1_6' title='bbox 3230 275 3330 329; x_wconf 63' lang='lat'><strong>2:33</strong></span> 
     </span>
    </p>
   </div>
   <div class='ocr_carea' id='block_1_3' title="bbox 183 367 1674 457">
    <p class='ocr_par' dir='ltr' id='par_1_3' title="bbox 183 367 1674 457">
     <span class='ocr_line' id='line_1_3' title="bbox 183 367 1674 457; baseline -0.001 -16"><span class='ocrx_word' id='word_1_7' title='bbox 183 384 541 454; x_wconf 81' lang='grc' dir='ltr'>συγκατατάξαι</span> <span class='ocrx_word' id='word_1_8' title='bbox 599 388 717 448; x_wconf 84' lang='grc' dir='ltr'>ταῖς</span> <span class='ocrx_word' id='word_1_9' title='bbox 759 387 1071 456; x_wconf 75' lang='grc' dir='ltr'><strong>ἑρμηνείαις</strong></span> <span class='ocrx_word' id='word_1_10' title='bbox 1097 389 1229 456; x_wconf 80' lang='lat'><strong>(77).</strong></span> <span class='ocrx_word' id='word_1_11' title='bbox 1285 367 1674 457; x_wconf 72' lang='grc' dir='ltr'>διαϐεϐαιούμε·</span> 
     </span>
    </p>
   </div>
   <div class='ocr_carea' id='block_1_4' title="bbox 1774 367 3333 457">
    <p class='ocr_par' dir='ltr' id='par_1_4' title="bbox 1793 384 3333 456">
     <span class='ocr_line' id='line_1_4' title="bbox 1793 384 3333 456; baseline 0.001 -14"><span class='ocrx_word' id='word_1_12' title='bbox 1793 397 1975 442; x_wconf 87' lang='lat' dir='ltr'><strong>nostra</strong></span> <span class='ocrx_word' id='word_1_13' title='bbox 2029 400 2241 455; x_wconf 87' lang='lat' dir='ltr'><strong>quoque</strong></span> <span class='ocrx_word' id='word_1_14' title='bbox 2267 384 2568 439; x_wconf 70' lang='lat' dir='ltr'><strong>assertione</strong></span> <span class='ocrx_word' id='word_1_15' title='bbox 2622 386 2881 440; x_wconf 87' lang='lat' dir='ltr'><strong>ﬁrmetur.</strong></span> <span class='ocrx_word' id='word_1_16' title='bbox 2927 387 3041 442; x_wconf 82' lang='lat' dir='ltr'><strong>Non</strong></span> <span class='ocrx_word' id='word_1_17' title='bbox 3085 392 3249 456; x_wconf 87' lang='lat' dir='ltr'><strong>enim,</strong></span> <span class='ocrx_word' id='word_1_18' title='bbox 3276 403 3333 446; x_wconf 88' lang='lat' dir='ltr'><strong>ut</strong></span> 
     </span>
    </p>
   </div>
   <div class='ocr_carea' id='block_1_5' title="bbox 182 475 1688 548">
    <p class='ocr_par' dir='ltr' id='par_1_5' title="bbox 182 475 1688 548">
     <span class='ocr_line' id='line_1_5' title="bbox 182 475 1688 548; baseline 0.003 -21"><span class='ocrx_word' id='word_1_19' title='bbox 182 495 254 540; x_wconf 81' lang='grc' dir='ltr'><strong>νος</strong></span> <span class='ocrx_word' id='word_1_20' title='bbox 280 477 404 545; x_wconf 80' lang='grc' dir='ltr'>ὑπὲρ</span> <span class='ocrx_word' id='word_1_21' title='bbox 430 475 603 529; x_wconf 83' lang='grc' dir='ltr'>αὐτῶν</span> <span class='ocrx_word' id='word_1_22' title='bbox 626 476 897 546; x_wconf 79' lang='grc' dir='ltr'>ἀλήθειαν.</span> <span class='ocrx_word' id='word_1_23' title='bbox 919 478 991 530; x_wconf 82' lang='grc' dir='ltr'>Οῦ</span> <span class='ocrx_word' id='word_1_24' title='bbox 1017 478 1123 548; x_wconf 82' lang='grc' dir='ltr'>γὰρ</span> <span class='ocrx_word' id='word_1_25' title='bbox 1156 484 1269 542; x_wconf 82' lang='grc' dir='ltr'>τοῖς</span> <span class='ocrx_word' id='word_1_26' title='bbox 1299 480 1367 532; x_wconf 79' lang='grc' dir='ltr'>τὰ</span> <span class='ocrx_word' id='word_1_27' title='bbox 1408 479 1576 531; x_wconf 82' lang='grc' dir='ltr'>πολλὰ</span> <span class='ocrx_word' id='word_1_28' title='bbox 1603 479 1688 531; x_wconf 81' lang='grc' dir='ltr'><strong>λέ-</strong></span> 
     </span>
    </p>
   </div>
   <div class='ocr_carea' id='block_1_6' title="bbox 180 565 1687 638">
    <p class='ocr_par' dir='ltr' id='par_1_6' title="bbox 180 565 1687 638">
     <span class='ocr_line' id='line_1_6' title="bbox 180 565 1687 638; baseline 0.001 -20"><span class='ocrx_word' id='word_1_29' title='bbox 180 582 337 634; x_wconf 87' lang='grc' dir='ltr'>γουσιν</span> <span class='ocrx_word' id='word_1_30' title='bbox 358 565 565 635; x_wconf 79' lang='grc' dir='ltr'>ἔχαιρον</span> <span class='ocrx_word' id='word_1_31' title='bbox 602 565 788 635; x_wconf 84' lang='grc' dir='ltr'>ὥσπερ</span> <span class='ocrx_word' id='word_1_32' title='bbox 814 567 863 618; x_wconf 80' lang='grc' dir='ltr'>οἱ</span> <span class='ocrx_word' id='word_1_33' title='bbox 893 567 1095 630; x_wconf 81' lang='grc' dir='ltr'>πολλοὶ,</span> <span class='ocrx_word' id='word_1_34' title='bbox 1126 568 1271 637; x_wconf 2' lang='grc' dir='ltr'>,ἀλλὰ</span> <span class='ocrx_word' id='word_1_35' title='bbox 1317 572 1430 631; x_wconf 75' lang='grc' dir='ltr'>τοῖς</span> <span class='ocrx_word' id='word_1_36' title='bbox 1482 567 1687 638; x_wconf 81' lang='grc' dir='ltr'>τάληθῆ</span> 
     </span>
    </p>
   </div>
   <div class='ocr_carea' id='block_1_7' title="bbox 98 655 1687 730">
    <p class='ocr_par' dir='ltr' id='par_1_7' title="bbox 98 655 1687 730">
     <span class='ocr_line' id='line_1_7' title="bbox 98 655 1687 730; baseline 0.003 -21"><span class='ocrx_word' id='word_1_37' title='bbox 98 697 104 700; x_wconf 64' lang='grc' dir='ltr'><em>ς</em></span> <span class='ocrx_word' id='word_1_38' title='bbox 180 657 471 710; x_wconf 74' lang='grc' dir='ltr'><strong>διδάσκουσιν</strong></span> <span class='ocrx_word' id='word_1_39' title='bbox 492 672 507 687; x_wconf 77' lang='grc'><strong><em>⁸</em></strong></span> <span class='ocrx_word' id='word_1_40' title='bbox 539 655 661 708; x_wconf 79' lang='grc' dir='ltr'>οὐδὲ</span> <span class='ocrx_word' id='word_1_41' title='bbox 705 659 814 718; x_wconf 83' lang='grc' dir='ltr'>τοῖς</span> <span class='ocrx_word' id='word_1_42' title='bbox 843 657 939 719; x_wconf 74' lang='grc' dir='ltr'><strong>τὰς</strong></span> <span class='ocrx_word' id='word_1_43' title='bbox 979 657 1261 726; x_wconf 84' lang='grc' dir='ltr'>ἀλλοτρίας</span> <span class='ocrx_word' id='word_1_44' title='bbox 1290 660 1507 722; x_wconf 76' lang='grc' dir='ltr'>ἐντολὰς</span> <span class='ocrx_word' id='word_1_45' title='bbox 1556 676 1687 730; x_wconf 85' lang='grc' dir='ltr'>μνη-</span> 
     </span>
    </p>
   </div>
   <div class='ocr_carea' id='block_1_8' title="bbox 182 744 1685 822">
    <p class='ocr_par' dir='ltr' id='par_1_8' title="bbox 182 744 1685 822">
     <span class='ocr_line' id='line_1_8' title="bbox 182 744 1685 822; baseline 0.003 -24"><span class='ocrx_word' id='word_1_46' title='bbox 182 745 475 815; x_wconf 84' lang='grc' dir='ltr'>μονεύουσιν,</span> <span class='ocrx_word' id='word_1_47' title='bbox 491 744 628 797; x_wconf 85' lang='grc' dir='ltr'><strong>ἀλλά</strong></span> <span class='ocrx_word' id='word_1_48' title='bbox 652 748 763 807; x_wconf 82' lang='grc' dir='ltr'>τοῖς</span> <span class='ocrx_word' id='word_1_49' title='bbox 787 746 885 808; x_wconf 79' lang='grc' dir='ltr'>τὰς</span> <span class='ocrx_word' id='word_1_50' title='bbox 903 746 1052 817; x_wconf 86' lang='grc' dir='ltr'>παρὰ</span> <span class='ocrx_word' id='word_1_51' title='bbox 1068 749 1160 801; x_wconf 88' lang='grc' dir='ltr'><strong>τοῦ</strong></span> <span class='ocrx_word' id='word_1_52' title='bbox 1192 750 1394 821; x_wconf 77' lang='grc' dir='ltr'>Κυρίου</span> <span class='ocrx_word' id='word_1_53' title='bbox 1419 754 1485 822; x_wconf 76' lang='grc' dir='ltr'>τῇ</span> <span class='ocrx_word' id='word_1_54' title='bbox 1509 753 1685 803; x_wconf 79' lang='grc' dir='ltr'>πίστει</span> 
     </span>
    </p>
   </div>
   <div class='ocr_carea' id='block_1_9' title="bbox 177 836 1686 911">
    <p class='ocr_par' dir='ltr' id='par_1_9' title="bbox 177 836 1686 911">
     <span class='ocr_line' id='line_1_9' title="bbox 177 836 1686 911; baseline -0.001 -21"><span class='ocrx_word' id='word_1_55' title='bbox 177 838 443 907; x_wconf 64' lang='grc' dir='ltr'>διδομένας,</span> <span class='ocrx_word' id='word_1_56' title='bbox 470 837 563 889; x_wconf 81' lang='grc' dir='ltr'><strong>καὶ</strong></span> <span class='ocrx_word' id='word_1_57' title='bbox 590 837 684 889; x_wconf 83' lang='grc' dir='ltr'>ἀπ’</span> <span class='ocrx_word' id='word_1_58' title='bbox 711 836 879 905; x_wconf 79' lang='grc' dir='ltr'>αὐτῆς</span> <span class='ocrx_word' id='word_1_59' title='bbox 922 839 1361 908; x_wconf 77' lang='grc' dir='ltr'><strong>παραγινομένας</strong></span> <span class='ocrx_word' id='word_1_60' title='bbox 1407 841 1508 910; x_wconf 81' lang='grc' dir='ltr'>τῆς</span> <span class='ocrx_word' id='word_1_61' title='bbox 1556 841 1686 911; x_wconf 81' lang='grc' dir='ltr'>ἁλη-</span> 
     </span>
    </p>
   </div>
   <div class='ocr_carea' id='block_1_10' title="bbox 179 923 1678 997">
    <p class='ocr_par' dir='ltr' id='par_1_10' title="bbox 179 923 1678 997">
     <span class='ocr_line' id='line_1_10' title="bbox 179 923 1678 997; baseline 0.004 -22"><span class='ocrx_word' id='word_1_62' title='bbox 179 924 316 985; x_wconf 79' lang='grc' dir='ltr'>θείας.</span> <span class='ocrx_word' id='word_1_63' title='bbox 339 925 397 975; x_wconf 79' lang='lat' dir='ltr'><strong>Ei</strong></span> <span class='ocrx_word' id='word_1_64' title='bbox 421 923 475 975; x_wconf 85' lang='grc' dir='ltr'><em>δέ</em></span> <span class='ocrx_word' id='word_1_65' title='bbox 499 942 598 976; x_wconf 86' lang='grc' dir='ltr'><strong>που</strong></span> <span class='ocrx_word' id='word_1_66' title='bbox 631 924 722 976; x_wconf 73' lang='grc' dir='ltr'>καὶ</span> <span class='ocrx_word' id='word_1_67' title='bbox 750 924 1238 995; x_wconf 83' lang='grc' dir='ltr'>παρηκολουθηκώς</span> <span class='ocrx_word' id='word_1_68' title='bbox 1287 944 1369 990; x_wconf 86' lang='grc' dir='ltr'><strong>τις</strong></span> <span class='ocrx_word' id='word_1_69' title='bbox 1407 931 1518 991; x_wconf 83' lang='grc' dir='ltr'>τοῖς</span> <span class='ocrx_word' id='word_1_70' title='bbox 1546 932 1678 997; x_wconf 78' lang='grc' dir='ltr'>πρε-</span> 
     </span>
    </p>
   </div>
   <div class='ocr_carea' id='block_1_11' title="bbox 178 1013 1685 1090">
    <p class='ocr_par' dir='ltr' id='par_1_11' title="bbox 178 1013 1685 1090">
     <span class='ocr_line' id='line_1_11' title="bbox 178 1013 1685 1090; baseline 0.004 -25"><span class='ocrx_word' id='word_1_71' title='bbox 178 1014 417 1084; x_wconf 76' lang='grc' dir='ltr'>σὸυτέροις</span> <span class='ocrx_word' id='word_1_72' title='bbox 444 1013 604 1076; x_wconf 73' lang='grc' dir='ltr'>ἔλθοι,</span> <span class='ocrx_word' id='word_1_73' title='bbox 622 1014 747 1082; x_wconf 78' lang='grc' dir='ltr'>τοὺς</span> <span class='ocrx_word' id='word_1_74' title='bbox 764 1014 869 1067; x_wconf 86' lang='grc' dir='ltr'><strong>τῶν</strong></span> <span class='ocrx_word' id='word_1_75' title='bbox 893 1015 1268 1085; x_wconf 80' lang='grc' dir='ltr'>πρεσϐυτέρων</span> <span class='ocrx_word' id='word_1_76' title='bbox 1290 1020 1565 1090; x_wconf 75' lang='grc' dir='ltr'>ἀνέκρινον</span> <span class='ocrx_word' id='word_1_77' title='bbox 1601 1019 1685 1071; x_wconf 85' lang='grc' dir='ltr'>λό-</span> 
     </span>
    </p>
   </div>
   <div class='ocr_carea' id='block_1_12' title="bbox 176 1097 1679 1178">
    <p class='ocr_par' dir='ltr' id='par_1_12' title="bbox 176 1097 1679 1178">
     <span class='ocr_line' id='line_1_12' title="bbox 176 1097 1679 1178; baseline 0.019 -36"><span class='ocrx_word' id='word_1_78' title='bbox 176 1100 309 1170; x_wconf 60' lang='grc' dir='ltr'>γουςὲ</span> <span class='ocrx_word' id='word_1_79' title='bbox 333 1104 382 1155; x_wconf 76' lang='grc' dir='ltr'>τί</span> <span class='ocrx_word' id='word_1_80' title='bbox 409 1097 673 1175; x_wconf 78' lang='grc' dir='ltr'>Ἀνδρέας,</span> <span class='ocrx_word' id='word_1_81' title='bbox 699 1104 732 1173; x_wconf 78' lang='grc' dir='ltr'>ἢ</span> <span class='ocrx_word' id='word_1_82' title='bbox 760 1104 811 1156; x_wconf 84' lang='grc' dir='ltr'><strong>τί</strong></span> <span class='ocrx_word' id='word_1_83' title='bbox 858 1105 1057 1175; x_wconf 78' lang='grc' dir='ltr'>Πέτρος</span> <span class='ocrx_word' id='word_1_84' title='bbox 1075 1103 1246 1171; x_wconf 83' lang='grc' dir='ltr'>εἶπεν,</span> <span class='ocrx_word' id='word_1_85' title='bbox 1274 1108 1305 1178; x_wconf 85' lang='grc' dir='ltr'>ἢ</span> <span class='ocrx_word' id='word_1_86' title='bbox 1333 1109 1384 1160; x_wconf 82' lang='grc' dir='ltr'><strong>τί</strong></span> <span class='ocrx_word' id='word_1_87' title='bbox 1405 1110 1679 1171; x_wconf 75' lang='grc' dir='ltr'>Φίλιππος,</span> 
     </span>
    </p>
   </div>
   <div class='ocr_carea' id='block_1_13' title="bbox 174 1194 1677 1269">
    <p class='ocr_par' dir='ltr' id='par_1_13' title="bbox 174 1194 1677 1269">
     <span class='ocr_line' id='line_1_13' title="bbox 174 1194 1677 1269; baseline 0.005 -25"><span class='ocrx_word' id='word_1_88' title='bbox 174 1194 266 1263; x_wconf 81' lang='grc' dir='ltr'>ῆτί</span> <span class='ocrx_word' id='word_1_89' title='bbox 289 1194 493 1263; x_wconf 74' lang='grc' dir='ltr'>Θωμᾶς,</span> <span class='ocrx_word' id='word_1_90' title='bbox 591 1196 839 1259; x_wconf 81' lang='grc' dir='ltr'>Ἰάκωϐος</span> <span class='ocrx_word' id='word_1_91' title='bbox 857 1214 870 1225; x_wconf 90' lang='grc'>·</span> <span class='ocrx_word' id='word_1_92' title='bbox 898 1196 1005 1266; x_wconf 84' lang='grc' dir='ltr'>ἢτί</span> <span class='ocrx_word' id='word_1_93' title='bbox 1033 1198 1297 1268; x_wconf 83' lang='grc' dir='ltr'><strong>Ἰωάννης,</strong></span> <span class='ocrx_word' id='word_1_94' title='bbox 1328 1199 1361 1269; x_wconf 82' lang='grc' dir='ltr'><strong>ἢ</strong></span> <span class='ocrx_word' id='word_1_95' title='bbox 1390 1197 1677 1261; x_wconf 81' lang='grc' dir='ltr'>Ματοαῖος·</span> 
     </span>
    </p>
   </div>
   <div class='ocr_carea' id='block_1_14' title="bbox 174 1283 1684 1359">
    <p class='ocr_par' dir='ltr' id='par_1_14' title="bbox 174 1283 1684 1359">
     <span class='ocr_line' id='line_1_14' title="bbox 174 1283 1684 1359; baseline 0.005 -25"><span class='ocrx_word' id='word_1_96' title='bbox 174 1283 203 1351; x_wconf 72' lang='grc' dir='ltr'>ἢ</span> <span class='ocrx_word' id='word_1_97' title='bbox 230 1300 302 1345; x_wconf 85' lang='grc' dir='ltr'><strong>τις</strong></span> <span class='ocrx_word' id='word_1_98' title='bbox 330 1284 504 1353; x_wconf 75' lang='grc' dir='ltr'>ἕτερος</span> <span class='ocrx_word' id='word_1_99' title='bbox 528 1284 637 1338; x_wconf 81' lang='grc' dir='ltr'><strong>τῶν</strong></span> <span class='ocrx_word' id='word_1_100' title='bbox 667 1285 761 1337; x_wconf 79' lang='grc' dir='ltr'><strong>τοῦ</strong></span> <span class='ocrx_word' id='word_1_101' title='bbox 809 1286 1013 1358; x_wconf 81' lang='grc' dir='ltr'>Κυρίου</span> <span class='ocrx_word' id='word_1_102' title='bbox 1058 1286 1335 1359; x_wconf 73' lang='grc' dir='ltr'>μαθητῶν,</span> <span class='ocrx_word' id='word_1_103' title='bbox 1374 1289 1408 1341; x_wconf 82' lang='grc' dir='ltr'><strong>ἆ</strong></span> <span class='ocrx_word' id='word_1_104' title='bbox 1440 1307 1496 1340; x_wconf 87' lang='grc' dir='ltr'><strong>τε</strong></span> <span class='ocrx_word' id='word_1_105' title='bbox 1546 1291 1684 1359; x_wconf 80' lang='grc' dir='ltr'>Ἀρι-</span> 
     </span>
    </p>
   </div>
   <div class='ocr_carea' id='block_1_15' title="bbox 174 1365 1680 1450">
    <p class='ocr_par' dir='ltr' id='par_1_15' title="bbox 174 1365 1680 1450">
     <span class='ocr_line' id='line_1_15' title="bbox 174 1365 1680 1450; baseline 0.004 -25"><span class='ocrx_word' id='word_1_106' title='bbox 174 1372 433 1438; x_wconf 56' lang='lat' dir='ltr'><strong>etiamm&quot;.</strong></span> <span class='ocrx_word' id='word_1_107' title='bbox 462 1378 489 1427; x_wconf 85' lang='grc' dir='ltr'>ὁ</span> <span class='ocrx_word' id='word_1_108' title='bbox 523 1375 883 1447; x_wconf 77' lang='grc' dir='ltr'>πρεσϐύτερος</span> <span class='ocrx_word' id='word_1_109' title='bbox 948 1365 1213 1448; x_wconf 84' lang='grc' dir='ltr'>Ἰωάννης,</span> <span class='ocrx_word' id='word_1_110' title='bbox 1257 1380 1305 1431; x_wconf 80' lang='grc' dir='ltr'>οἱ</span> <span class='ocrx_word' id='word_1_111' title='bbox 1344 1379 1437 1431; x_wconf 87' lang='grc' dir='ltr'><strong>τοῦ</strong></span> <span class='ocrx_word' id='word_1_112' title='bbox 1480 1380 1680 1450; x_wconf 83' lang='grc' dir='ltr'>Κυρίου</span> 
     </span>
    </p>
   </div>
   <div class='ocr_carea' id='block_1_16' title="bbox 176 1456 1681 1539">
    <p class='ocr_par' dir='ltr' id='par_1_16' title="bbox 176 1456 1681 1539">
     <span class='ocr_line' id='line_1_16' title="bbox 176 1456 1681 1539; baseline 0.005 -25"><span class='ocrx_word' id='word_1_113' title='bbox 176 1456 765 1539; x_wconf 55' lang='grc' dir='ltr'>μαθηταὶ,λέγουσινῖ’οὐ</span> <span class='ocrx_word' id='word_1_114' title='bbox 794 1468 898 1539; x_wconf 79' lang='grc' dir='ltr'><strong>γὰρ</strong></span> <span class='ocrx_word' id='word_1_115' title='bbox 928 1468 994 1521; x_wconf 77' lang='grc' dir='ltr'>τὰ</span> <span class='ocrx_word' id='word_1_116' title='bbox 1022 1471 1086 1521; x_wconf 77' lang='grc' dir='ltr'>ἐκ</span> <span class='ocrx_word' id='word_1_117' title='bbox 1112 1460 1217 1521; x_wconf 80' lang='grc' dir='ltr'>τῶν</span> <span class='ocrx_word' id='word_1_118' title='bbox 1261 1468 1473 1538; x_wconf 73' lang='grc' dir='ltr'>βιϐλίων</span> <span class='ocrx_word' id='word_1_119' title='bbox 1495 1470 1681 1522; x_wconf 81' lang='grc' dir='ltr'>τοσοῦ-</span> 
     </span>
    </p>
   </div>
   <div class='ocr_carea' id='block_1_17' title="bbox 174 1523 1683 1629">
    <p class='ocr_par' dir='ltr' id='par_1_17' title="bbox 174 1523 1683 1629">
     <span class='ocr_line' id='line_1_17' title="bbox 174 1523 1683 1629; baseline 0.007 -26"><span class='ocrx_word' id='word_1_120' title='bbox 174 1523 249 1604; x_wconf 67' lang='grc' dir='ltr'><strong>τόν</strong></span> <span class='ocrx_word' id='word_1_121' title='bbox 364 1523 582 1623; x_wconf 74' lang='grc' dir='ltr'>ὠφελεῖν</span> <span class='ocrx_word' id='word_1_122' title='bbox 616 1523 1020 1629; x_wconf 41' lang='grc' dir='ltr'>ἐπελάμϐανον,</span> <span class='ocrx_word' id='word_1_123' title='bbox 1060 1559 1182 1611; x_wconf 82' lang='grc' dir='ltr'>ὅσον</span> <span class='ocrx_word' id='word_1_124' title='bbox 1210 1523 1278 1611; x_wconf 77' lang='grc' dir='ltr'><strong>τά</strong></span> <span class='ocrx_word' id='word_1_125' title='bbox 1306 1559 1454 1629; x_wconf 87' lang='grc' dir='ltr'><strong>παρά</strong></span> <span class='ocrx_word' id='word_1_126' title='bbox 1508 1559 1683 1629; x_wconf 77' lang='grc' dir='ltr'>ζώσης</span> 
     </span>
    </p>
   </div>
   <div class='ocr_carea' id='block_1_18' title="bbox 171 1626 1682 1729">
    <p class='ocr_par' dir='ltr' id='par_1_18' title="bbox 171 1626 1682 1729">
     <span class='ocr_line' id='line_1_18' title="bbox 171 1626 1682 1729; baseline -0.007 -20"><span class='ocrx_word' id='word_1_127' title='bbox 171 1644 323 1712; x_wconf 64' lang='grc' dir='ltr'><strong>ειτωνῆς</strong></span> <span class='ocrx_word' id='word_1_128' title='bbox 352 1645 438 1696; x_wconf 78' lang='grc' dir='ltr'><strong>καὶ</strong></span> <span class='ocrx_word' id='word_1_129' title='bbox 476 1626 754 1729; x_wconf 50' lang='grc' dir='ltr'>μενόύίδᾷης.</span> <span class='ocrx_word' id='word_1_130' title='bbox 796 1668 813 1699; x_wconf 72' lang='grc' dir='ltr'><strong>ι</strong></span> <span class='ocrx_word' id='word_1_131' title='bbox 869 1648 1033 1701; x_wconf 84' lang='grc' dir='ltr'><strong>Ἔνθα</strong></span> <span class='ocrx_word' id='word_1_132' title='bbox 1074 1649 1169 1700; x_wconf 83' lang='grc' dir='ltr'><strong>καὶ</strong></span> <span class='ocrx_word' id='word_1_133' title='bbox 1214 1647 1499 1717; x_wconf 81' lang='grc' dir='ltr'>ἐπιστῆσαι</span> <span class='ocrx_word' id='word_1_134' title='bbox 1538 1648 1682 1711; x_wconf 80' lang='grc' dir='ltr'>ἄξιον</span> 
     </span>
    </p>
   </div>
   <div class='ocr_carea' id='block_1_19' title="bbox 1792 478 3337 550">
    <p class='ocr_par' dir='ltr' id='par_1_19' title="bbox 1792 478 3337 550">
     <span class='ocr_line' id='line_1_19' title="bbox 1792 478 3337 550; baseline 0.004 -20"><span class='ocrx_word' id='word_1_135' title='bbox 1792 478 2037 546; x_wconf 84' lang='lat' dir='ltr'><strong>plerique</strong></span> <span class='ocrx_word' id='word_1_136' title='bbox 2060 483 2259 550; x_wconf 84' lang='lat' dir='ltr'><strong>solent,</strong></span> <span class='ocrx_word' id='word_1_137' title='bbox 2285 490 2383 530; x_wconf 90' lang='lat' dir='ltr'><strong>eos</strong></span> <span class='ocrx_word' id='word_1_138' title='bbox 2412 489 2645 544; x_wconf 61' lang='lat' dir='ltr'><strong>unqaan‘.</strong></span> <span class='ocrx_word' id='word_1_139' title='bbox 2679 485 2914 532; x_wconf 74' lang='lat' dir='ltr'><strong>sectatus</strong></span> <span class='ocrx_word' id='word_1_140' title='bbox 2947 494 3060 532; x_wconf 90' lang='lat' dir='ltr'><strong>sum</strong></span> <span class='ocrx_word' id='word_1_141' title='bbox 3097 481 3187 547; x_wconf 86' lang='lat' dir='ltr'><strong>qui</strong></span> <span class='ocrx_word' id='word_1_142' title='bbox 3219 497 3337 537; x_wconf 79' lang='lat' dir='ltr'><strong>ver-</strong></span> 
     </span>
    </p>
   </div>
   <div class='ocr_carea' id='block_1_20' title="bbox 1790 560 3332 641">
    <p class='ocr_par' dir='ltr' id='par_1_20' title="bbox 1790 560 3332 641">
     <span class='ocr_line' id='line_1_20' title="bbox 1790 560 3332 641; baseline 0.003 -18"><span class='ocrx_word' id='word_1_143' title='bbox 1790 570 1873 623; x_wconf 89' lang='lat' dir='ltr'><strong>bis</strong></span> <span class='ocrx_word' id='word_1_144' title='bbox 1902 560 2201 634; x_wconf 81' lang='lat' dir='ltr'><strong>amuerent,</strong></span> <span class='ocrx_word' id='word_1_145' title='bbox 2237 569 2329 624; x_wconf 85' lang='lat' dir='ltr'><strong>sed</strong></span> <span class='ocrx_word' id='word_1_146' title='bbox 2358 583 2451 623; x_wconf 91' lang='lat' dir='ltr'><strong>eos</strong></span> <span class='ocrx_word' id='word_1_147' title='bbox 2490 570 2667 637; x_wconf 84' lang='lat' dir='ltr'><strong>potius</strong></span> <span class='ocrx_word' id='word_1_148' title='bbox 2698 570 2788 638; x_wconf 90' lang='lat' dir='ltr'><strong>qui</strong></span> <span class='ocrx_word' id='word_1_149' title='bbox 2820 583 2999 623; x_wconf 88' lang='lat' dir='ltr'><strong>verum</strong></span> <span class='ocrx_word' id='word_1_150' title='bbox 3034 572 3332 641; x_wconf 88' lang='lat' dir='ltr'><strong>docerent;</strong></span> 
     </span>
    </p>
   </div>
   <div class='ocr_carea' id='block_1_21' title="bbox 1791 646 3330 730">
    <p class='ocr_par' dir='ltr' id='par_1_21' title="bbox 1791 646 3330 730">
     <span class='ocr_line' id='line_1_21' title="bbox 1791 646 3330 730; baseline 0.002 -18"><span class='ocrx_word' id='word_1_151' title='bbox 1791 674 1890 713; x_wconf 87' lang='lat' dir='ltr'><strong>nec</strong></span> <span class='ocrx_word' id='word_1_152' title='bbox 1915 674 2009 713; x_wconf 89' lang='lat' dir='ltr'><strong>eos</strong></span> <span class='ocrx_word' id='word_1_153' title='bbox 2038 659 2126 727; x_wconf 85' lang='lat' dir='ltr'><strong>qui</strong></span> <span class='ocrx_word' id='word_1_154' title='bbox 2163 674 2299 714; x_wconf 83' lang='lat' dir='ltr'><strong>nova</strong></span> <span class='ocrx_word' id='word_1_155' title='bbox 2343 658 2588 726; x_wconf 64' lang='lat' dir='ltr'><strong>quaedam</strong></span> <span class='ocrx_word' id='word_1_156' title='bbox 2642 666 2697 711; x_wconf 92' lang='lat' dir='ltr'><strong>et</strong></span> <span class='ocrx_word' id='word_1_157' title='bbox 2746 646 2997 712; x_wconf 88' lang='lat' dir='ltr'><strong>inusitata</strong></span> <span class='ocrx_word' id='word_1_158' title='bbox 3046 674 3330 730; x_wconf 68' lang='lat' dir='ltr'><strong>praecepta,</strong></span> 
     </span>
    </p>
   </div>
   <div class='ocr_carea' id='block_1_22' title="bbox 1790 746 3333 817">
    <p class='ocr_par' dir='ltr' id='par_1_22' title="bbox 1790 746 3333 817">
     <span class='ocr_line' id='line_1_22' title="bbox 1790 746 3333 817; baseline 0.001 -15"><span class='ocrx_word' id='word_1_159' title='bbox 1790 751 1886 802; x_wconf 90' lang='lat' dir='ltr'><strong>sed</strong></span> <span class='ocrx_word' id='word_1_160' title='bbox 1916 748 2039 802; x_wconf 88' lang='lat' dir='ltr'><strong>illos</strong></span> <span class='ocrx_word' id='word_1_161' title='bbox 2080 746 2413 817; x_wconf 61' lang='lat' dir='ltr'><strong>qu‘i&#39;Domini</strong></span> <span class='ocrx_word' id='word_1_162' title='bbox 2443 748 2693 802; x_wconf 83' lang='lat' dir='ltr'><strong>mandata</strong></span> <span class='ocrx_word' id='word_1_163' title='bbox 2724 746 2779 801; x_wconf 91' lang='lat' dir='ltr'><strong>in</strong></span> <span class='ocrx_word' id='word_1_164' title='bbox 2816 748 2999 815; x_wconf 81' lang='lat' dir='ltr'><strong>ﬁguris</strong></span> <span class='ocrx_word' id='word_1_165' title='bbox 3035 753 3251 816; x_wconf 82' lang='lat' dir='ltr'><strong>tradita,</strong></span> <span class='ocrx_word' id='word_1_166' title='bbox 3279 760 3333 803; x_wconf 87' lang='lat' dir='ltr'><strong>et</strong></span> 
     </span>
    </p>
   </div>
   <div class='ocr_carea' id='block_1_23' title="bbox 1789 837 3333 906">
    <p class='ocr_par' dir='ltr' id='par_1_23' title="bbox 1789 837 3333 906">
     <span class='ocr_line' id='line_1_23' title="bbox 1789 837 3333 906; baseline 0.003 -15"><span class='ocrx_word' id='word_1_167' title='bbox 1789 838 1856 891; x_wconf 88' lang='lat' dir='ltr'><strong>ab</strong></span> <span class='ocrx_word' id='word_1_168' title='bbox 1909 838 2019 905; x_wconf 89' lang='lat' dir='ltr'><strong>ipsa</strong></span> <span class='ocrx_word' id='word_1_169' title='bbox 2064 837 2294 892; x_wconf 82' lang='lat' dir='ltr'><strong>veritate</strong></span> <span class='ocrx_word' id='word_1_170' title='bbox 2339 837 2580 905; x_wconf 81' lang='lat' dir='ltr'><strong>profecta</strong></span> <span class='ocrx_word' id='word_1_171' title='bbox 2652 841 3047 893; x_wconf 73' lang='lat' dir='ltr'><strong>memorabant.</strong></span> <span class='ocrx_word' id='word_1_172' title='bbox 3086 843 3239 906; x_wconf 65' lang='lat' dir='ltr'><strong>Quod</strong></span> <span class='ocrx_word' id='word_1_173' title='bbox 3287 844 3333 896; x_wconf 90' lang='lat' dir='ltr'><strong>si</strong></span> 
     </span>
    </p>
   </div>
   <div class='ocr_carea' id='block_1_24' title="bbox 1789 914 3335 995">
    <p class='ocr_par' dir='ltr' id='par_1_24' title="bbox 1789 914 3335 995">
     <span class='ocr_line' id='line_1_24' title="bbox 1789 914 3335 995; baseline 0.004 -17"><span class='ocrx_word' id='word_1_174' title='bbox 1789 926 1908 992; x_wconf 86' lang='lat' dir='ltr'><strong>quis</strong></span> <span class='ocrx_word' id='word_1_175' title='bbox 1934 925 2201 981; x_wconf 87' lang='lat' dir='ltr'><strong>interdum</strong></span> <span class='ocrx_word' id='word_1_176' title='bbox 2242 914 2370 977; x_wconf 86' lang='lat' dir='ltr'><strong>mihi</strong></span> <span class='ocrx_word' id='word_1_177' title='bbox 2398 926 2723 979; x_wconf 85' lang='lat' dir='ltr'><strong>occurrebat</strong></span> <span class='ocrx_word' id='word_1_178' title='bbox 2752 928 2845 995; x_wconf 87' lang='lat' dir='ltr'><strong>qui</strong></span> <span class='ocrx_word' id='word_1_179' title='bbox 2877 918 2997 980; x_wconf 89' lang='lat' dir='ltr'><strong>cum</strong></span> <span class='ocrx_word' id='word_1_180' title='bbox 3030 930 3335 984; x_wconf 81' lang='lat' dir='ltr'><strong>senioribus</strong></span> 
     </span>
    </p>
   </div>
   <div class='ocr_carea' id='block_1_25' title="bbox 1763 1003 3331 1089">
    <p class='ocr_par' dir='ltr' id='par_1_25' title="bbox 1763 1003 3331 1089">
     <span class='ocr_line' id='line_1_25' title="bbox 1763 1003 3331 1089; baseline 0.008 -25"><span class='ocrx_word' id='word_1_181' title='bbox 1763 1003 2031 1069; x_wconf 10' lang='lat' dir='ltr'><strong>iversatus</strong></span> <span class='ocrx_word' id='word_1_182' title='bbox 2064 1014 2274 1079; x_wconf 77' lang='lat' dir='ltr'><strong>fuisset,</strong></span> <span class='ocrx_word' id='word_1_183' title='bbox 2306 1008 2371 1067; x_wconf 83' lang='lat' dir='ltr'><strong>ex</strong></span> <span class='ocrx_word' id='word_1_184' title='bbox 2395 1029 2459 1069; x_wconf 89' lang='lat' dir='ltr'><strong>eo</strong></span> <span class='ocrx_word' id='word_1_185' title='bbox 2485 1016 2703 1069; x_wconf 81' lang='lat' dir='ltr'><strong>eutiose</strong></span> <span class='ocrx_word' id='word_1_186' title='bbox 2729 1018 3053 1074; x_wconf 83' lang='lat' dir='ltr'><strong>sciscitabar</strong></span> <span class='ocrx_word' id='word_1_187' title='bbox 3085 1036 3331 1089; x_wconf 81' lang='lat' dir='ltr'><strong>quamam</strong></span> 
     </span>
    </p>
   </div>
   <div class='ocr_carea' id='block_1_26' title="bbox 1787 1094 3332 1176">
    <p class='ocr_par' dir='ltr' id='par_1_26' title="bbox 1787 1094 3332 1176">
     <span class='ocr_line' id='line_1_26' title="bbox 1787 1094 3332 1176; baseline 0.005 -21"><span class='ocrx_word' id='word_1_188' title='bbox 1787 1112 1967 1157; x_wconf 87' lang='lat' dir='ltr'><strong>essent</strong></span> <span class='ocrx_word' id='word_1_189' title='bbox 2002 1103 2289 1156; x_wconf 88' lang='lat' dir='ltr'><strong>seniorum</strong></span> <span class='ocrx_word' id='word_1_190' title='bbox 2315 1103 2459 1155; x_wconf 88' lang='lat' dir='ltr'><strong>dicta</strong></span> <span class='ocrx_word' id='word_1_191' title='bbox 2498 1117 2517 1153; x_wconf 88' lang='lat'><strong>:</strong></span> <span class='ocrx_word' id='word_1_192' title='bbox 2556 1094 2685 1170; x_wconf 80' lang='lat' dir='ltr'><strong>quid</strong></span> <span class='ocrx_word' id='word_1_193' title='bbox 2734 1104 3001 1169; x_wconf 81' lang='lat' dir='ltr'><strong>Andreas,</strong></span> <span class='ocrx_word' id='word_1_194' title='bbox 3052 1109 3179 1176; x_wconf 88' lang='lat' dir='ltr'><strong>quid</strong></span> <span class='ocrx_word' id='word_1_195' title='bbox 3233 1108 3332 1163; x_wconf 80' lang='lat' dir='ltr'><strong>Pe—</strong></span> 
     </span>
    </p>
   </div>
   <div class='ocr_carea' id='block_1_27' title="bbox 1791 1192 3330 1267">
    <p class='ocr_par' dir='ltr' id='par_1_27' title="bbox 1791 1192 3330 1267">
     <span class='ocr_line' id='line_1_27' title="bbox 1791 1192 3330 1267; baseline 0.005 -21"><span class='ocrx_word' id='word_1_196' title='bbox 1791 1203 1925 1256; x_wconf 92' lang='lat' dir='ltr'><strong>trus,</strong></span> <span class='ocrx_word' id='word_1_197' title='bbox 1953 1194 2079 1260; x_wconf 87' lang='lat' dir='ltr'><strong>quid</strong></span> <span class='ocrx_word' id='word_1_198' title='bbox 2116 1192 2413 1261; x_wconf 82' lang='lat' dir='ltr'><strong>Philippus,</strong></span> <span class='ocrx_word' id='word_1_199' title='bbox 2447 1194 2574 1261; x_wconf 90' lang='lat' dir='ltr'><strong>quid</strong></span> <span class='ocrx_word' id='word_1_200' title='bbox 2616 1193 2873 1257; x_wconf 81' lang='lat' dir='ltr'><strong>Thomas,</strong></span> <span class='ocrx_word' id='word_1_201' title='bbox 2910 1198 3039 1264; x_wconf 89' lang='lat' dir='ltr'><strong>quid</strong></span> <span class='ocrx_word' id='word_1_202' title='bbox 3080 1197 3330 1267; x_wconf 89' lang='lat' dir='ltr'><strong>Jacobus,</strong></span> 
     </span>
    </p>
   </div>
   <div class='ocr_carea' id='block_1_28' title="bbox 1787 1280 3333 1351">
    <p class='ocr_par' dir='ltr' id='par_1_28' title="bbox 1787 1280 3333 1351">
     <span class='ocr_line' id='line_1_28' title="bbox 1787 1280 3333 1351; baseline 0.004 -17"><span class='ocrx_word' id='word_1_203' title='bbox 1787 1284 1913 1349; x_wconf 89' lang='lat' dir='ltr'><strong>quid</strong></span> <span class='ocrx_word' id='word_1_204' title='bbox 1938 1282 2195 1343; x_wconf 88' lang='lat' dir='ltr'><strong>Joannes,</strong></span> <span class='ocrx_word' id='word_1_205' title='bbox 2221 1282 2348 1351; x_wconf 87' lang='lat' dir='ltr'><strong>quid</strong></span> <span class='ocrx_word' id='word_1_206' title='bbox 2385 1280 2689 1346; x_wconf 69' lang='lat' dir='ltr'><strong>Matthmus,</strong></span> <span class='ocrx_word' id='word_1_207' title='bbox 2724 1284 2850 1349; x_wconf 85' lang='lat' dir='ltr'><strong>quid</strong></span> <span class='ocrx_word' id='word_1_208' title='bbox 2896 1288 3075 1340; x_wconf 68' lang='lat' dir='ltr'><strong>caueri</strong></span> <span class='ocrx_word' id='word_1_209' title='bbox 3123 1288 3333 1342; x_wconf 90' lang='lat' dir='ltr'><strong>Domini</strong></span> 
     </span>
    </p>
   </div>
   <div class='ocr_carea' id='block_1_29' title="bbox 1787 1370 3334 1441">
    <p class='ocr_par' dir='ltr' id='par_1_29' title="bbox 1787 1370 3334 1441">
     <span class='ocr_line' id='line_1_29' title="bbox 1787 1370 3334 1441; baseline 0.003 -15"><span class='ocrx_word' id='word_1_210' title='bbox 1787 1372 2030 1440; x_wconf 84' lang='lat' dir='ltr'><strong>discipuli</strong></span> <span class='ocrx_word' id='word_1_211' title='bbox 2063 1372 2241 1425; x_wconf 81' lang='lat' dir='ltr'><strong>dicere</strong></span> <span class='ocrx_word' id='word_1_212' title='bbox 2274 1370 2415 1424; x_wconf 91' lang='lat' dir='ltr'><strong>soliti</strong></span> <span class='ocrx_word' id='word_1_213' title='bbox 2440 1382 2662 1424; x_wconf 88' lang='lat' dir='ltr'><strong>essent:</strong></span> <span class='ocrx_word' id='word_1_214' title='bbox 2694 1371 2961 1441; x_wconf 72' lang='lat' dir='ltr'><strong>Quidnam</strong></span> <span class='ocrx_word' id='word_1_215' title='bbox 2988 1374 3251 1441; x_wconf 86' lang='lat' dir='ltr'><strong>Aristion,</strong></span> <span class='ocrx_word' id='word_1_216' title='bbox 3281 1384 3334 1429; x_wconf 86' lang='lat' dir='ltr'><strong>et</strong></span> 
     </span>
    </p>
   </div>
   <div class='ocr_carea' id='block_1_30' title="bbox 1786 1461 3410 1534">
    <p class='ocr_par' dir='ltr' id='par_1_30' title="bbox 1786 1461 3410 1534">
     <span class='ocr_line' id='line_1_30' title="bbox 1786 1461 3410 1534; baseline 0.004 -17"><span class='ocrx_word' id='word_1_217' title='bbox 1786 1463 2019 1517; x_wconf 82' lang='lat' dir='ltr'><strong>Joannes</strong></span> <span class='ocrx_word' id='word_1_218' title='bbox 2045 1462 2343 1532; x_wconf 84' lang='lat' dir='ltr'><strong>presbyter,</strong></span> <span class='ocrx_word' id='word_1_219' title='bbox 2397 1461 2643 1531; x_wconf 87' lang='lat' dir='ltr'><strong>discipuli</strong></span> <span class='ocrx_word' id='word_1_220' title='bbox 2690 1462 2917 1525; x_wconf 89' lang='lat' dir='ltr'><strong>Domini,</strong></span> <span class='ocrx_word' id='word_1_221' title='bbox 2952 1466 3328 1534; x_wconf 73' lang='lat' dir='ltr'><strong>prmdiearent.</strong></span> <span class='ocrx_word' id='word_1_222' title='bbox 3407 1494 3410 1497; x_wconf 93' lang='grc'>·</span> 
     </span>
    </p>
   </div>
   <div class='ocr_carea' id='block_1_31' title="bbox 1790 1540 3333 1624">
    <p class='ocr_par' dir='ltr' id='par_1_31' title="bbox 1790 1540 3333 1624">
     <span class='ocr_line' id='line_1_31' title="bbox 1790 1540 3333 1624; baseline 0.003 -17"><span class='ocrx_word' id='word_1_223' title='bbox 1790 1555 1977 1624; x_wconf 83' lang='lat' dir='ltr'><strong>Neque</strong></span> <span class='ocrx_word' id='word_1_224' title='bbox 1996 1552 2233 1611; x_wconf 82' lang='lat' dir='ltr'><strong>enim&#39;ex</strong></span> <span class='ocrx_word' id='word_1_225' title='bbox 2261 1555 2521 1609; x_wconf 89' lang='lat' dir='ltr'><strong>librorum</strong></span> <span class='ocrx_word' id='word_1_226' title='bbox 2566 1554 2797 1610; x_wconf 91' lang='lat' dir='ltr'><strong>lectione</strong></span> <span class='ocrx_word' id='word_1_227' title='bbox 2831 1540 3034 1608; x_wconf 73' lang='lat' dir='ltr'><strong>tantam</strong></span> <span class='ocrx_word' id='word_1_228' title='bbox 3072 1572 3154 1610; x_wconf 90' lang='lat' dir='ltr'><strong>me</strong></span> <span class='ocrx_word' id='word_1_229' title='bbox 3182 1558 3333 1612; x_wconf 88' lang='lat' dir='ltr'><strong>utili-</strong></span> 
     </span>
    </p>
   </div>
   <div class='ocr_carea' id='block_1_32' title="bbox 1791 1645 3332 1714">
    <p class='ocr_par' dir='ltr' id='par_1_32' title="bbox 1791 1645 3332 1714">
     <span class='ocr_line' id='line_1_32' title="bbox 1791 1645 3332 1714; baseline 0.004 -17"><span class='ocrx_word' id='word_1_230' title='bbox 1791 1655 1953 1709; x_wconf 81' lang='lat' dir='ltr'><strong>tatem</strong></span> <span class='ocrx_word' id='word_1_231' title='bbox 1982 1661 2176 1713; x_wconf 91' lang='lat' dir='ltr'><strong>capere</strong></span> <span class='ocrx_word' id='word_1_232' title='bbox 2217 1658 2373 1713; x_wconf 86' lang='lat' dir='ltr'><strong>posse</strong></span> <span class='ocrx_word' id='word_1_233' title='bbox 2402 1645 2803 1708; x_wconf 80' lang='lat' dir='ltr'><strong>existimabam,</strong></span> <span class='ocrx_word' id='word_1_234' title='bbox 2852 1659 3103 1714; x_wconf 89' lang='lat' dir='ltr'><strong>quantam</strong></span> <span class='ocrx_word' id='word_1_235' title='bbox 3132 1664 3195 1702; x_wconf 77' lang='lat' dir='ltr'><strong>ex</strong></span> <span class='ocrx_word' id='word_1_236' title='bbox 3236 1651 3332 1703; x_wconf 72' lang='lat' dir='ltr'><strong>ho—</strong></span> 
     </span>
    </p>
   </div>
   <div class='ocr_carea' id='block_1_33' title="bbox 169 1710 1674 1811">
    <p class='ocr_par' dir='ltr' id='par_1_33' title="bbox 169 1710 1674 1811">
     <span class='ocr_line' id='line_1_33' title="bbox 169 1710 1674 1811; baseline 0.007 -26"><span class='ocrx_word' id='word_1_237' title='bbox 169 1732 237 1795; x_wconf 72' lang='grc' dir='ltr'><strong>δὶς</strong></span> <span class='ocrx_word' id='word_1_238' title='bbox 266 1710 664 1806; x_wconf 53' lang='grc' dir='ltr'>καταριθμοῦνῖέὶ</span> <span class='ocrx_word' id='word_1_239' title='bbox 687 1710 835 1809; x_wconf 80' lang='grc' dir='ltr'>αὐτῷ</span> <span class='ocrx_word' id='word_1_240' title='bbox 864 1741 925 1793; x_wconf 83' lang='grc' dir='ltr'>τὸ</span> <span class='ocrx_word' id='word_1_241' title='bbox 971 1741 1212 1805; x_wconf 66' lang='grc' dir='ltr'>Ἰωάννου</span> <span class='ocrx_word' id='word_1_242' title='bbox 1252 1710 1422 1811; x_wconf 65' lang='grc' dir='ltr'>ὄνομα</span> <span class='ocrx_word' id='word_1_243' title='bbox 1444 1759 1460 1773; x_wconf 68' lang='grc'><strong>⁸</strong></span> <span class='ocrx_word' id='word_1_244' title='bbox 1492 1736 1566 1795; x_wconf 82' lang='grc' dir='ltr'>ὧν</span> <span class='ocrx_word' id='word_1_245' title='bbox 1590 1710 1674 1795; x_wconf 68' lang='grc' dir='ltr'><strong>τοι</strong></span> 
     </span>
    </p>
   </div>
   <div class='ocr_carea' id='block_1_34' title="bbox 1774 1710 3327 1811">
    <p class='ocr_par' dir='ltr' id='par_1_34' title="bbox 1790 1727 3327 1805">
     <span class='ocr_line' id='line_1_34' title="bbox 1790 1727 3327 1805; baseline 0.005 -16"><span class='ocrx_word' id='word_1_246' title='bbox 1790 1739 1991 1789; x_wconf 89' lang='lat' dir='ltr'><strong>minttm</strong></span> <span class='ocrx_word' id='word_1_247' title='bbox 2041 1737 2215 1790; x_wconf 73' lang='lat' dir='ltr'><strong>adhuc</strong></span> <span class='ocrx_word' id='word_1_248' title='bbox 2243 1727 2588 1804; x_wconf 79' lang='lat' dir='ltr'><strong>superstitum</strong></span> <span class='ocrx_word' id='word_1_249' title='bbox 2625 1738 2742 1789; x_wconf 79' lang='lat' dir='ltr'><strong>viva</strong></span> <span class='ocrx_word' id='word_1_250' title='bbox 2780 1753 2931 1792; x_wconf 85' lang='lat' dir='ltr'><strong>voce.</strong></span> <span class='ocrx_word' id='word_1_251' title='bbox 2973 1757 2991 1789; x_wconf 72' lang='grc' dir='ltr'><strong>ι</strong></span> <span class='ocrx_word' id='word_1_252' title='bbox 3043 1738 3247 1805; x_wconf 85' lang='lat' dir='ltr'><strong>Quibus</strong></span> <span class='ocrx_word' id='word_1_253' title='bbox 3276 1743 3327 1795; x_wconf 92' lang='lat' dir='ltr'><strong>in</strong></span> 
     </span>
    </p>
   </div>
   <div class='ocr_carea' id='block_1_35' title="bbox 173 1812 1686 1901">
    <p class='ocr_par' dir='ltr' id='par_1_35' title="bbox 173 1812 1686 1901">
     <span class='ocr_line' id='line_1_35' title="bbox 173 1812 1686 1901; baseline 0.005 -26"><span class='ocrx_word' id='word_1_254' title='bbox 173 1823 253 1893; x_wconf 82' lang='grc' dir='ltr'><strong>μὲν</strong></span> <span class='ocrx_word' id='word_1_255' title='bbox 277 1826 518 1898; x_wconf 84' lang='grc' dir='ltr'>πρότερον</span> <span class='ocrx_word' id='word_1_256' title='bbox 544 1812 733 1899; x_wconf 75' lang='grc' dir='ltr'>Πέτρῳ</span> <span class='ocrx_word' id='word_1_257' title='bbox 759 1831 851 1883; x_wconf 79' lang='grc' dir='ltr'><strong>καὶ</strong></span> <span class='ocrx_word' id='word_1_258' title='bbox 890 1829 1146 1899; x_wconf 75' lang='grc' dir='ltr'>Ἰακώϐῳ,</span> <span class='ocrx_word' id='word_1_259' title='bbox 1182 1831 1273 1883; x_wconf 76' lang='grc' dir='ltr'><strong>καὶ</strong></span> <span class='ocrx_word' id='word_1_260' title='bbox 1291 1831 1568 1901; x_wconf 81' lang='grc' dir='ltr'>Ματθαίῳ,</span> <span class='ocrx_word' id='word_1_261' title='bbox 1595 1833 1686 1883; x_wconf 71' lang='grc' dir='ltr'><strong>καὶ</strong></span> 
     </span>
    </p>
   </div>
   <div class='ocr_carea' id='block_1_36' title="bbox 167 1914 1685 1990">
    <p class='ocr_par' dir='ltr' id='par_1_36' title="bbox 167 1914 1685 1990">
     <span class='ocr_line' id='line_1_36' title="bbox 167 1914 1685 1990; baseline 0.005 -25"><span class='ocrx_word' id='word_1_262' title='bbox 167 1918 261 1976; x_wconf 80' lang='grc' dir='ltr'>τοῖς</span> <span class='ocrx_word' id='word_1_263' title='bbox 287 1914 474 1979; x_wconf 84' lang='grc' dir='ltr'>λοιποῖς</span> <span class='ocrx_word' id='word_1_264' title='bbox 497 1916 807 1980; x_wconf 69' lang='grc' dir='ltr'>ἀποστόλοις</span> <span class='ocrx_word' id='word_1_265' title='bbox 834 1920 1248 1989; x_wconf 75' lang='grc' dir='ltr'>συγκαταλέγει,</span> <span class='ocrx_word' id='word_1_266' title='bbox 1281 1920 1466 1988; x_wconf 77' lang='grc' dir='ltr'>σαφῶς</span> <span class='ocrx_word' id='word_1_267' title='bbox 1512 1920 1685 1990; x_wconf 86' lang='grc' dir='ltr'>δηλῶν</span> 
     </span>
    </p>
   </div>
   <div class='ocr_carea' id='block_1_37' title="bbox 167 2002 1713 2081">
    <p class='ocr_par' dir='ltr' id='par_1_37' title="bbox 167 2002 1713 2081">
     <span class='ocr_line' id='line_1_37' title="bbox 167 2002 1713 2081; baseline 0.004 -27"><span class='ocrx_word' id='word_1_268' title='bbox 167 2002 243 2054; x_wconf 77' lang='grc' dir='ltr'>τὸν</span> <span class='ocrx_word' id='word_1_269' title='bbox 265 2003 635 2073; x_wconf 75' lang='grc' dir='ltr'>εύαγγελιστήν</span> <span class='ocrx_word' id='word_1_270' title='bbox 655 2022 667 2033; x_wconf 93' lang='grc'><strong>·</strong></span> <span class='ocrx_word' id='word_1_271' title='bbox 702 2005 792 2056; x_wconf 79' lang='grc' dir='ltr'><strong>τὸν</strong></span> <span class='ocrx_word' id='word_1_272' title='bbox 830 2004 859 2057; x_wconf 91' lang='grc' dir='ltr'>δ</span> <span class='ocrx_word' id='word_1_273' title='bbox 874 2007 886 2022; x_wconf 76' lang='grc'><strong><em>⁸</em></strong></span> <span class='ocrx_word' id='word_1_274' title='bbox 908 2007 1089 2076; x_wconf 75' lang='grc' dir='ltr'>ἕτερον</span> <span class='ocrx_word' id='word_1_275' title='bbox 1116 2006 1363 2078; x_wconf 84' lang='grc' dir='ltr'>Ἰωάννην</span> <span class='ocrx_word' id='word_1_276' title='bbox 1385 2007 1713 2081; x_wconf 66' lang='grc' dir='ltr'>διαστείλαςχ</span> 
     </span>
    </p>
   </div>
   <div class='ocr_carea' id='block_1_38' title="bbox 168 2093 1681 2166">
    <p class='ocr_par' dir='ltr' id='par_1_38' title="bbox 168 2093 1681 2166">
     <span class='ocr_line' id='line_1_38' title="bbox 168 2093 1681 2166; baseline 0.001 -19"><span class='ocrx_word' id='word_1_277' title='bbox 168 2093 241 2147; x_wconf 79' lang='grc' dir='ltr'><strong>τὸν</strong></span> <span class='ocrx_word' id='word_1_278' title='bbox 266 2094 424 2161; x_wconf 84' lang='grc' dir='ltr'>λόγον,</span> <span class='ocrx_word' id='word_1_279' title='bbox 447 2095 651 2164; x_wconf 78' lang='grc' dir='ltr'>ἑτέροις</span> <span class='ocrx_word' id='word_1_280' title='bbox 680 2095 829 2165; x_wconf 82' lang='grc' dir='ltr'><strong>παρά</strong></span> <span class='ocrx_word' id='word_1_281' title='bbox 852 2096 938 2147; x_wconf 84' lang='grc' dir='ltr'><strong>τὸν</strong></span> <span class='ocrx_word' id='word_1_282' title='bbox 956 2095 1063 2148; x_wconf 83' lang='grc' dir='ltr'><strong>τῶν</strong></span> <span class='ocrx_word' id='word_1_283' title='bbox 1098 2095 1403 2149; x_wconf 71' lang='grc' dir='ltr'>ἀποστόλων</span> <span class='ocrx_word' id='word_1_284' title='bbox 1452 2096 1681 2166; x_wconf 85' lang='grc' dir='ltr'>ἀριθμὸν</span> 
     </span>
    </p>
   </div>
   <div class='ocr_carea' id='block_1_39' title="bbox 169 2184 1681 2258">
    <p class='ocr_par' dir='ltr' id='par_1_39' title="bbox 169 2184 1681 2258">
     <span class='ocr_line' id='line_1_39' title="bbox 169 2184 1681 2258; baseline 0.001 -22"><span class='ocrx_word' id='word_1_285' title='bbox 169 2184 475 2246; x_wconf 76' lang='grc' dir='ltr'>κατστάσσει,</span> <span class='ocrx_word' id='word_1_286' title='bbox 510 2184 778 2254; x_wconf 76' lang='grc' dir='ltr'>προτάξας</span> <span class='ocrx_word' id='word_1_287' title='bbox 809 2184 969 2258; x_wconf 81' lang='grc' dir='ltr'>αὐτοῦ</span> <span class='ocrx_word' id='word_1_288' title='bbox 989 2185 1079 2237; x_wconf 84' lang='grc' dir='ltr'><strong>τὸν</strong></span> <span class='ocrx_word' id='word_1_289' title='bbox 1128 2185 1459 2255; x_wconf 77' lang='grc' dir='ltr'>Ἀριστίωνα.</span> <span class='ocrx_word' id='word_1_290' title='bbox 1492 2186 1681 2253; x_wconf 69' lang='grc' dir='ltr'>Σαφῶς</span> 
     </span>
    </p>
   </div>
   <div class='ocr_carea' id='block_1_40' title="bbox 166 2272 1681 2345">
    <p class='ocr_par' dir='ltr' id='par_1_40' title="bbox 166 2272 1681 2345">
     <span class='ocr_line' id='line_1_40' title="bbox 166 2272 1681 2345; baseline 0.003 -20"><span class='ocrx_word' id='word_1_291' title='bbox 166 2290 215 2324; x_wconf 80' lang='grc' dir='ltr'><strong>τε</strong></span> <span class='ocrx_word' id='word_1_292' title='bbox 236 2275 378 2327; x_wconf 81' lang='grc' dir='ltr'>αὑτὸν</span> <span class='ocrx_word' id='word_1_293' title='bbox 408 2272 766 2345; x_wconf 74' lang='grc' dir='ltr'>πρεσϐύτερόν</span> <span class='ocrx_word' id='word_1_294' title='bbox 792 2276 1059 2345; x_wconf 79' lang='grc' dir='ltr'>ὀνομάζει.</span> <span class='ocrx_word' id='word_1_295' title='bbox 1104 2277 1190 2340; x_wconf 82' lang='grc' dir='ltr'>Ὠς</span> <span class='ocrx_word' id='word_1_296' title='bbox 1222 2278 1314 2329; x_wconf 72' lang='grc' dir='ltr'><strong>καὶ</strong></span> <span class='ocrx_word' id='word_1_297' title='bbox 1345 2277 1430 2329; x_wconf 63' lang='grc' dir='ltr'>διὰ</span> <span class='ocrx_word' id='word_1_298' title='bbox 1477 2277 1681 2329; x_wconf 85' lang='grc' dir='ltr'>τούτων</span> 
     </span>
    </p>
   </div>
   <div class='ocr_carea' id='block_1_41' title="bbox 167 2364 1681 2437">
    <p class='ocr_par' dir='ltr' id='par_1_41' title="bbox 167 2364 1681 2437">
     <span class='ocr_line' id='line_1_41' title="bbox 167 2364 1681 2437; baseline 0.003 -24"><span class='ocrx_word' id='word_1_299' title='bbox 167 2364 537 2417; x_wconf 79' lang='grc' dir='ltr'>ἀποδείκνυσθαι</span> <span class='ocrx_word' id='word_1_300' title='bbox 562 2366 661 2435; x_wconf 83' lang='grc' dir='ltr'>τὴν</span> <span class='ocrx_word' id='word_1_301' title='bbox 689 2364 923 2434; x_wconf 74' lang='grc' dir='ltr'>ἱστορίαν</span> <span class='ocrx_word' id='word_1_302' title='bbox 948 2364 1120 2434; x_wconf 80' lang='grc' dir='ltr'>ἀληθῆ</span> <span class='ocrx_word' id='word_1_303' title='bbox 1170 2365 1276 2418; x_wconf 83' lang='grc' dir='ltr'><strong>τῶν</strong></span> <span class='ocrx_word' id='word_1_304' title='bbox 1311 2366 1403 2418; x_wconf 85' lang='grc' dir='ltr'>δύο</span> <span class='ocrx_word' id='word_1_305' title='bbox 1432 2367 1570 2419; x_wconf 77' lang='grc' dir='ltr'>κατὰ</span> <span class='ocrx_word' id='word_1_306' title='bbox 1582 2368 1681 2437; x_wconf 87' lang='grc' dir='ltr'>τὴν</span> 
     </span>
    </p>
   </div>
   <div class='ocr_carea' id='block_1_42' title="bbox 178 2453 1681 2527">
    <p class='ocr_par' dir='ltr' id='par_1_42' title="bbox 178 2453 1681 2527">
     <span class='ocr_line' id='line_1_42' title="bbox 178 2453 1681 2527; baseline 0.003 -21"><span class='ocrx_word' id='word_1_307' title='bbox 178 2453 330 2507; x_wconf 76' lang='grc' dir='ltr'>Ἀσίαν</span> <span class='ocrx_word' id='word_1_308' title='bbox 354 2456 631 2525; x_wconf 70' lang='grc' dir='ltr'>ὁμωνυμίᾳ</span> <span class='ocrx_word' id='word_1_309' title='bbox 672 2455 964 2525; x_wconf 81' lang='grc' dir='ltr'>κεχρῆσθαι</span> <span class='ocrx_word' id='word_1_310' title='bbox 1008 2456 1323 2527; x_wconf 75' lang='grc' dir='ltr'>εἰρηκότων,</span> <span class='ocrx_word' id='word_1_311' title='bbox 1382 2457 1473 2509; x_wconf 85' lang='grc' dir='ltr'>δύο</span> <span class='ocrx_word' id='word_1_312' title='bbox 1516 2475 1574 2509; x_wconf 86' lang='grc' dir='ltr'><strong>τε</strong></span> <span class='ocrx_word' id='word_1_313' title='bbox 1624 2457 1681 2510; x_wconf 81' lang='grc' dir='ltr'><strong>ἐν</strong></span> 
     </span>
    </p>
   </div>
   <div class='ocr_carea' id='block_1_43' title="bbox 178 2534 1680 2616">
    <p class='ocr_par' dir='ltr' id='par_1_43' title="bbox 178 2534 1680 2616">
     <span class='ocr_line' id='line_1_43' title="bbox 178 2534 1680 2616; baseline 0.001 -20"><span class='ocrx_word' id='word_1_314' title='bbox 178 2544 353 2615; x_wconf 81' lang='grc' dir='ltr'>Ἐφέσῳ</span> <span class='ocrx_word' id='word_1_315' title='bbox 377 2545 622 2614; x_wconf 81' lang='grc' dir='ltr'>γενέσθαι</span> <span class='ocrx_word' id='word_1_316' title='bbox 645 2547 896 2616; x_wconf 83' lang='grc' dir='ltr'>μνήματα</span> <span class='ocrx_word' id='word_1_317' title='bbox 922 2548 1015 2598; x_wconf 79' lang='grc' dir='ltr'><strong>καὶ</strong></span> <span class='ocrx_word' id='word_1_318' title='bbox 1038 2546 1293 2616; x_wconf 74' lang='grc' dir='ltr'>ἑκάτερον</span> <span class='ocrx_word' id='word_1_319' title='bbox 1331 2534 1580 2609; x_wconf 75' lang='grc' dir='ltr'>Ἰωάννου</span> <span class='ocrx_word' id='word_1_320' title='bbox 1600 2546 1680 2600; x_wconf 80' lang='grc' dir='ltr'><strong>ἔτι</strong></span> 
     </span>
    </p>
   </div>
   <div class='ocr_carea' id='block_1_44' title="bbox 167 2632 1676 2708">
    <p class='ocr_par' dir='ltr' id='par_1_44' title="bbox 167 2632 1676 2708">
     <span class='ocr_line' id='line_1_44' title="bbox 167 2632 1676 2708; baseline 0.004 -24"><span class='ocrx_word' id='word_1_321' title='bbox 167 2633 244 2686; x_wconf 84' lang='grc' dir='ltr'><strong>νῦν</strong></span> <span class='ocrx_word' id='word_1_322' title='bbox 269 2635 500 2704; x_wconf 82' lang='grc' dir='ltr'>λέγεσθαι</span> <span class='ocrx_word' id='word_1_323' title='bbox 521 2653 535 2666; x_wconf 74' lang='grc' dir='ltr'><strong>ο</strong></span> <span class='ocrx_word' id='word_1_324' title='bbox 570 2632 649 2698; x_wconf 78' lang='grc' dir='ltr'>οἷς</span> <span class='ocrx_word' id='word_1_325' title='bbox 668 2637 760 2688; x_wconf 78' lang='grc' dir='ltr'>καὶ</span> <span class='ocrx_word' id='word_1_326' title='bbox 790 2638 1078 2704; x_wconf 81' lang='grc' dir='ltr'>ἀναγκαῖον</span> <span class='ocrx_word' id='word_1_327' title='bbox 1110 2638 1394 2708; x_wconf 79' lang='grc' dir='ltr'>προσέχειν</span> <span class='ocrx_word' id='word_1_328' title='bbox 1423 2639 1509 2690; x_wconf 82' lang='grc' dir='ltr'><strong>τὸν</strong></span> <span class='ocrx_word' id='word_1_329' title='bbox 1533 2638 1676 2692; x_wconf 93' lang='grc' dir='ltr'>νοῦν.</span> 
     </span>
    </p>
   </div>
   <div class='ocr_carea' id='block_1_45' title="bbox 167 2725 1680 2803">
    <p class='ocr_par' dir='ltr' id='par_1_45' title="bbox 167 2725 1680 2803">
     <span class='ocr_line' id='line_1_45' title="bbox 167 2725 1680 2803; baseline 0.004 -26"><span class='ocrx_word' id='word_1_330' title='bbox 167 2725 298 2790; x_wconf 78' lang='grc' dir='ltr'>Εἰκὸς</span> <span class='ocrx_word' id='word_1_331' title='bbox 316 2726 415 2799; x_wconf 77' lang='grc' dir='ltr'><strong>γὰρ</strong></span> <span class='ocrx_word' id='word_1_332' title='bbox 446 2729 534 2780; x_wconf 88' lang='grc' dir='ltr'><strong>τὺν</strong></span> <span class='ocrx_word' id='word_1_333' title='bbox 558 2727 803 2799; x_wconf 85' lang='grc' dir='ltr'>δεύτερον</span> <span class='ocrx_word' id='word_1_334' title='bbox 829 2768 842 2792; x_wconf 90' lang='grc'><strong>,</strong></span> <span class='ocrx_word' id='word_1_335' title='bbox 882 2730 931 2780; x_wconf 83' lang='grc' dir='ltr'>εἰ</span> <span class='ocrx_word' id='word_1_336' title='bbox 969 2730 1040 2797; x_wconf 84' lang='grc' dir='ltr'>μή</span> <span class='ocrx_word' id='word_1_337' title='bbox 1074 2746 1157 2791; x_wconf 86' lang='grc' dir='ltr'><strong>τις</strong></span> <span class='ocrx_word' id='word_1_338' title='bbox 1185 2729 1353 2782; x_wconf 80' lang='grc' dir='ltr'>ἐθέλοι</span> <span class='ocrx_word' id='word_1_339' title='bbox 1386 2731 1475 2783; x_wconf 79' lang='grc' dir='ltr'><strong>τὸν</strong></span> <span class='ocrx_word' id='word_1_340' title='bbox 1529 2731 1680 2803; x_wconf 80' lang='grc' dir='ltr'>πρῶ-</span> 
     </span>
    </p>
   </div>
   <div class='ocr_carea' id='block_1_46' title="bbox 165 2816 1679 2894">
    <p class='ocr_par' dir='ltr' id='par_1_46' title="bbox 165 2816 1679 2894">
     <span class='ocr_line' id='line_1_46' title="bbox 165 2816 1679 2894; baseline 0.006 -25"><span class='ocrx_word' id='word_1_341' title='bbox 165 2834 259 2886; x_wconf 81' lang='grc' dir='ltr'>τον,</span> <span class='ocrx_word' id='word_1_342' title='bbox 274 2822 362 2892; x_wconf 79' lang='grc' dir='ltr'>τὴν</span> <span class='ocrx_word' id='word_1_343' title='bbox 390 2821 472 2871; x_wconf 69' lang='grc' dir='ltr'><strong>ἐπ’</strong></span> <span class='ocrx_word' id='word_1_344' title='bbox 520 2820 777 2891; x_wconf 85' lang='grc' dir='ltr'>ὀνόματος</span> <span class='ocrx_word' id='word_1_345' title='bbox 811 2823 1114 2894; x_wconf 78' lang='grc' dir='ltr'>φερομένην</span> <span class='ocrx_word' id='word_1_346' title='bbox 1169 2816 1407 2875; x_wconf 81' lang='grc' dir='ltr'>Ἰωάννου</span> <span class='ocrx_word' id='word_1_347' title='bbox 1454 2823 1679 2877; x_wconf 79' lang='grc' dir='ltr'>Ἀποκά-</span> 
     </span>
    </p>
   </div>
   <div class='ocr_carea' id='block_1_47' title="bbox 166 2904 1675 2981">
    <p class='ocr_par' dir='ltr' id='par_1_47' title="bbox 166 2904 1675 2981">
     <span class='ocr_line' id='line_1_47' title="bbox 166 2904 1675 2981; baseline 0.007 -25"><span class='ocrx_word' id='word_1_348' title='bbox 166 2904 293 2975; x_wconf 66' lang='grc' dir='ltr'>λυψιν</span> <span class='ocrx_word' id='word_1_349' title='bbox 312 2911 621 2980; x_wconf 79' lang='grc' dir='ltr'>ἑωρακέναι.</span> <span class='ocrx_word' id='word_1_350' title='bbox 644 2912 796 2964; x_wconf 85' lang='grc' dir='ltr'>Καὶὸ</span> <span class='ocrx_word' id='word_1_351' title='bbox 824 2912 916 2963; x_wconf 86' lang='grc' dir='ltr'><strong>νῦν</strong></span> <span class='ocrx_word' id='word_1_352' title='bbox 936 2912 1004 2963; x_wconf 81' lang='grc' dir='ltr'><strong>’δὲ</strong></span> <span class='ocrx_word' id='word_1_353' title='bbox 1028 2914 1156 2981; x_wconf 84' lang='grc' dir='ltr'>ἡμῖν</span> <span class='ocrx_word' id='word_1_354' title='bbox 1196 2910 1353 2981; x_wconf 87' lang='grc' dir='ltr'>δηλού</span> <span class='ocrx_word' id='word_1_355' title='bbox 1363 2930 1521 2981; x_wconf 82' lang='grc' dir='ltr'>μενος</span> <span class='ocrx_word' id='word_1_356' title='bbox 1563 2915 1675 2966; x_wconf 91' lang='grc' dir='ltr'><strong>Πα-</strong></span> 
     </span>
    </p>
   </div>
   <div class='ocr_carea' id='block_1_48' title="bbox 166 2998 1675 3074">
    <p class='ocr_par' dir='ltr' id='par_1_48' title="bbox 166 2998 1675 3074">
     <span class='ocr_line' id='line_1_48' title="bbox 166 2998 1675 3074; baseline 0.007 -27"><span class='ocrx_word' id='word_1_357' title='bbox 166 2998 289 3061; x_wconf 79' lang='grc' dir='ltr'>πίας,</span> <span class='ocrx_word' id='word_1_358' title='bbox 318 3003 434 3065; x_wconf 84' lang='grc' dir='ltr'>τοὺς</span> <span class='ocrx_word' id='word_1_359' title='bbox 489 3003 587 3071; x_wconf 85' lang='grc' dir='ltr'><strong>μὲν</strong></span> <span class='ocrx_word' id='word_1_360' title='bbox 622 3003 729 3055; x_wconf 83' lang='grc' dir='ltr'><strong>τῶν</strong></span> <span class='ocrx_word' id='word_1_361' title='bbox 761 3003 1067 3055; x_wconf 84' lang='grc' dir='ltr'>ἀποστόλων</span> <span class='ocrx_word' id='word_1_362' title='bbox 1128 3003 1317 3069; x_wconf 86' lang='grc' dir='ltr'>λόγους</span> <span class='ocrx_word' id='word_1_363' title='bbox 1379 3004 1529 3074; x_wconf 81' lang='grc' dir='ltr'>παρὰ</span> <span class='ocrx_word' id='word_1_364' title='bbox 1568 3005 1675 3057; x_wconf 85' lang='grc' dir='ltr'>τῶν</span> 
     </span>
    </p>
   </div>
   <div class='ocr_carea' id='block_1_49' title="bbox 164 3087 1665 3163">
    <p class='ocr_par' dir='ltr' id='par_1_49' title="bbox 164 3087 1665 3163">
     <span class='ocr_line' id='line_1_49' title="bbox 164 3087 1665 3163; baseline 0.007 -27"><span class='ocrx_word' id='word_1_365' title='bbox 164 3087 315 3152; x_wconf 71' lang='grc' dir='ltr'>αὐτοῖς</span> <span class='ocrx_word' id='word_1_366' title='bbox 370 3091 911 3161; x_wconf 84' lang='grc' dir='ltr'>παρηκολουθηκότων</span> <span class='ocrx_word' id='word_1_367' title='bbox 964 3092 1209 3161; x_wconf 84' lang='grc' dir='ltr'>ὀμολογει</span> <span class='ocrx_word' id='word_1_368' title='bbox 1258 3092 1665 3163; x_wconf 79' lang='grc' dir='ltr'>παρειληφέναι,</span> 
     </span>
    </p>
   </div>
   <div class='ocr_carea' id='block_1_50' title="bbox 174 3174 1676 3254">
    <p class='ocr_par' dir='ltr' id='par_1_50' title="bbox 174 3174 1676 3254">
     <span class='ocr_line' id='line_1_50' title="bbox 174 3174 1676 3254; baseline 0.007 -29"><span class='ocrx_word' id='word_1_369' title='bbox 174 3174 474 3243; x_wconf 70' lang='grc' dir='ltr'>Ἀριστίωνος</span> <span class='ocrx_word' id='word_1_370' title='bbox 505 3180 561 3231; x_wconf 83' lang='grc' dir='ltr'><strong>δὲ</strong></span> <span class='ocrx_word' id='word_1_371' title='bbox 589 3180 681 3233; x_wconf 73' lang='grc' dir='ltr'><strong>καὶ</strong></span> <span class='ocrx_word' id='word_1_372' title='bbox 707 3180 797 3232; x_wconf 86' lang='grc' dir='ltr'><strong>τοῦ</strong></span> <span class='ocrx_word' id='word_1_373' title='bbox 823 3182 1191 3251; x_wconf 78' lang='grc' dir='ltr'>πρεσϐυτέρου</span> <span class='ocrx_word' id='word_1_374' title='bbox 1233 3182 1476 3235; x_wconf 80' lang='grc' dir='ltr'>Ἰωάννου</span> <span class='ocrx_word' id='word_1_375' title='bbox 1508 3184 1676 3254; x_wconf 78' lang='grc' dir='ltr'>αὐτή--</span> 
     </span>
    </p>
   </div>
   <div class='ocr_carea' id='block_1_51' title="bbox 164 3266 1674 3339">
    <p class='ocr_par' dir='ltr' id='par_1_51' title="bbox 164 3266 1674 3339">
     <span class='ocr_line' id='line_1_51' title="bbox 164 3266 1674 3339; baseline 0.005 -24"><span class='ocrx_word' id='word_1_376' title='bbox 164 3278 264 3314; x_wconf 78' lang='grc' dir='ltr'><strong>κων</strong></span> <span class='ocrx_word' id='word_1_377' title='bbox 281 3266 454 3319; x_wconf 76' lang='grc' dir='ltr'>ἑαυτόν</span> <span class='ocrx_word' id='word_1_378' title='bbox 484 3284 613 3337; x_wconf 83' lang='grc' dir='ltr'>φησι</span> <span class='ocrx_word' id='word_1_379' title='bbox 640 3268 904 3335; x_wconf 74' lang='grc' dir='ltr'>γενέσθαι.</span> <span class='ocrx_word' id='word_1_380' title='bbox 947 3269 1229 3339; x_wconf 78' lang='grc' dir='ltr'>Ὀνομαστὶ</span> <span class='ocrx_word' id='word_1_381' title='bbox 1266 3270 1394 3337; x_wconf 86' lang='grc' dir='ltr'>γοῦν</span> <span class='ocrx_word' id='word_1_382' title='bbox 1423 3270 1674 3334; x_wconf 82' lang='grc' dir='ltr'>πολλάκις</span> 
     </span>
    </p>
   </div>
   <div class='ocr_carea' id='block_1_52' title="bbox 164 3353 1677 3431">
    <p class='ocr_par' dir='ltr' id='par_1_52' title="bbox 164 3353 1677 3431">
     <span class='ocr_line' id='line_1_52' title="bbox 164 3353 1677 3431; baseline 0.007 -28"><span class='ocrx_word' id='word_1_383' title='bbox 164 3353 310 3406; x_wconf 79' lang='grc' dir='ltr'>αὐτῶν</span> <span class='ocrx_word' id='word_1_384' title='bbox 337 3359 718 3426; x_wconf 78' lang='grc' dir='ltr'>μνημονεύσας,</span> <span class='ocrx_word' id='word_1_385' title='bbox 751 3360 807 3409; x_wconf 82' lang='grc' dir='ltr'>ἐν</span> <span class='ocrx_word' id='word_1_386' title='bbox 833 3364 942 3422; x_wconf 83' lang='grc' dir='ltr'>τοῖς</span> <span class='ocrx_word' id='word_1_387' title='bbox 985 3362 1148 3413; x_wconf 87' lang='grc' dir='ltr'>αὑτοῦ</span> <span class='ocrx_word' id='word_1_388' title='bbox 1176 3362 1566 3431; x_wconf 73' lang='grc' dir='ltr'>συγγράμμασι</span> <span class='ocrx_word' id='word_1_389' title='bbox 1599 3362 1677 3414; x_wconf 90' lang='grc' dir='ltr'>τί-</span> 
     </span>
    </p>
   </div>
   <div class='ocr_carea' id='block_1_53' title="bbox 164 3440 1675 3520">
    <p class='ocr_par' dir='ltr' id='par_1_53' title="bbox 164 3440 1675 3520">
     <span class='ocr_line' id='line_1_53' title="bbox 164 3440 1675 3520; baseline 0.009 -29"><span class='ocrx_word' id='word_1_390' title='bbox 164 3440 293 3510; x_wconf 83' lang='grc' dir='ltr'>θησιν</span> <span class='ocrx_word' id='word_1_391' title='bbox 314 3446 481 3500; x_wconf 81' lang='grc' dir='ltr'>αὐτῶν</span> <span class='ocrx_word' id='word_1_392' title='bbox 506 3448 843 3515; x_wconf 85' lang='grc' dir='ltr'>παραδόσεις.</span> <span class='ocrx_word' id='word_1_393' title='bbox 889 3450 997 3501; x_wconf 77' lang='grc' dir='ltr'><strong>Καὶ</strong></span> <span class='ocrx_word' id='word_1_394' title='bbox 1037 3450 1206 3503; x_wconf 78' lang='grc' dir='ltr'>ταῦτα</span> <span class='ocrx_word' id='word_1_395' title='bbox 1238 3452 1282 3503; x_wconf 85' lang='grc' dir='ltr'>δ’</span> <span class='ocrx_word' id='word_1_396' title='bbox 1315 3454 1445 3520; x_wconf 81' lang='grc' dir='ltr'>ἡμῖν</span> <span class='ocrx_word' id='word_1_397' title='bbox 1471 3455 1567 3505; x_wconf 79' lang='grc' dir='ltr'><strong>οὐκ</strong></span> <span class='ocrx_word' id='word_1_398' title='bbox 1596 3456 1675 3515; x_wconf 88' lang='grc' dir='ltr'><strong>είς</strong></span> 
     </span>
    </p>
   </div>
   <div class='ocr_carea' id='block_1_54' title="bbox 164 3528 1675 3608">
    <p class='ocr_par' dir='ltr' id='par_1_54' title="bbox 164 3528 1675 3608">
     <span class='ocr_line' id='line_1_54' title="bbox 164 3528 1675 3608; baseline 0.007 -27"><span class='ocrx_word' id='word_1_399' title='bbox 164 3528 213 3581; x_wconf 80' lang='grc' dir='ltr'><strong>τό</strong></span> <span class='ocrx_word' id='word_1_400' title='bbox 231 3529 475 3603; x_wconf 79' lang='grc' dir='ltr'>ἄχρηστον</span> <span class='ocrx_word' id='word_1_401' title='bbox 518 3535 766 3608; x_wconf 80' lang='grc' dir='ltr'>εἰρήσθω.</span> <span class='ocrx_word' id='word_1_402' title='bbox 812 3537 989 3600; x_wconf 80' lang='grc' dir='ltr'>’Δξιον</span> <span class='ocrx_word' id='word_1_403' title='bbox 1029 3536 1083 3587; x_wconf 83' lang='grc' dir='ltr'><strong>δὲ</strong></span> <span class='ocrx_word' id='word_1_404' title='bbox 1123 3542 1242 3599; x_wconf 82' lang='grc' dir='ltr'>ταῖς</span> <span class='ocrx_word' id='word_1_405' title='bbox 1302 3540 1675 3604; x_wconf 85' lang='grc' dir='ltr'>ἁποδοθείσαις</span> 
     </span>
    </p>
   </div>
   <div class='ocr_carea' id='block_1_55' title="bbox 162 3620 1670 3697">
    <p class='ocr_par' dir='ltr' id='par_1_55' title="bbox 162 3620 1670 3697">
     <span class='ocr_line' id='line_1_55' title="bbox 162 3620 1670 3697; baseline 0.007 -25"><span class='ocrx_word' id='word_1_406' title='bbox 162 3620 240 3672; x_wconf 84' lang='grc' dir='ltr'><strong>τοῦ</strong></span> <span class='ocrx_word' id='word_1_407' title='bbox 264 3624 433 3675; x_wconf 85' lang='grc' dir='ltr'>Παπία</span> <span class='ocrx_word' id='word_1_408' title='bbox 466 3627 662 3692; x_wconf 82' lang='grc' dir='ltr'>φωναῖς</span> <span class='ocrx_word' id='word_1_409' title='bbox 686 3664 701 3688; x_wconf 96' lang='grc'><strong>,</strong></span> <span class='ocrx_word' id='word_1_410' title='bbox 731 3627 1001 3696; x_wconf 77' lang='grc' dir='ltr'>προσάψαι</span> <span class='ocrx_word' id='word_1_411' title='bbox 1054 3627 1223 3690; x_wconf 80' lang='grc' dir='ltr'>λέξεις</span> <span class='ocrx_word' id='word_1_412' title='bbox 1262 3629 1452 3697; x_wconf 76' lang='grc' dir='ltr'>ἑτέρας</span> <span class='ocrx_word' id='word_1_413' title='bbox 1486 3629 1670 3695; x_wconf 81' lang='grc' dir='ltr'>αὐτοῦ,</span> 
     </span>
    </p>
   </div>
   <div class='ocr_carea' id='block_1_56' title="bbox 161 3705 1673 3785">
    <p class='ocr_par' dir='ltr' id='par_1_56' title="bbox 161 3705 1673 3785">
     <span class='ocr_line' id='line_1_56' title="bbox 161 3705 1673 3785; baseline 0.005 -22"><span class='ocrx_word' id='word_1_414' title='bbox 161 3708 216 3759; x_wconf 81' lang='grc' dir='ltr'><strong>δι’</strong></span> <span class='ocrx_word' id='word_1_415' title='bbox 242 3705 303 3764; x_wconf 81' lang='grc' dir='ltr'>ὧν</span> <span class='ocrx_word' id='word_1_416' title='bbox 335 3715 605 3785; x_wconf 76' lang='grc' dir='ltr'>παράδοξά</span> <span class='ocrx_word' id='word_1_417' title='bbox 632 3732 749 3767; x_wconf 87' lang='grc' dir='ltr'>τινα</span> <span class='ocrx_word' id='word_1_418' title='bbox 784 3717 984 3784; x_wconf 73' lang='grc' dir='ltr'>ἱστορεῖ</span> <span class='ocrx_word' id='word_1_419' title='bbox 1042 3716 1136 3767; x_wconf 79' lang='grc' dir='ltr'><strong>καὶ</strong></span> <span class='ocrx_word' id='word_1_420' title='bbox 1179 3715 1332 3777; x_wconf 84' lang='grc' dir='ltr'>ἄλλα,</span> <span class='ocrx_word' id='word_1_421' title='bbox 1364 3716 1437 3777; x_wconf 83' lang='grc' dir='ltr'>ὡς</span> <span class='ocrx_word' id='word_1_422' title='bbox 1492 3716 1557 3768; x_wconf 82' lang='grc' dir='ltr'>ἂν</span> <span class='ocrx_word' id='word_1_423' title='bbox 1610 3719 1673 3769; x_wconf 80' lang='grc' dir='ltr'>ἐκ</span> 
     </span>
    </p>
   </div>
   <div class='ocr_carea' id='block_1_57' title="bbox 161 3794 1671 3875">
    <p class='ocr_par' dir='ltr' id='par_1_57' title="bbox 161 3794 1671 3875">
     <span class='ocr_line' id='line_1_57' title="bbox 161 3794 1671 3875; baseline 0.003 -23"><span class='ocrx_word' id='word_1_424' title='bbox 161 3794 469 3871; x_wconf 77' lang='grc' dir='ltr'>παραδόσεως</span> <span class='ocrx_word' id='word_1_425' title='bbox 498 3807 577 3868; x_wconf 87' lang='grc' dir='ltr'><strong>είς</strong></span> <span class='ocrx_word' id='word_1_426' title='bbox 606 3806 762 3859; x_wconf 81' lang='grc' dir='ltr'>αὑτὸν</span> <span class='ocrx_word' id='word_1_427' title='bbox 793 3807 1028 3858; x_wconf 69' lang='grc' dir='ltr'>ἐλθόντα.</span> <span class='ocrx_word' id='word_1_428' title='bbox 1061 3806 1132 3856; x_wconf 85' lang='grc' dir='ltr'>Τὸ</span> <span class='ocrx_word' id='word_1_429' title='bbox 1158 3806 1253 3874; x_wconf 82' lang='grc' dir='ltr'><strong>μὲν</strong></span> <span class='ocrx_word' id='word_1_430' title='bbox 1286 3802 1375 3857; x_wconf 82' lang='grc' dir='ltr'><strong>οὖν</strong></span> <span class='ocrx_word' id='word_1_431' title='bbox 1406 3805 1543 3858; x_wconf 82' lang='grc' dir='ltr'><strong>κατά</strong></span> <span class='ocrx_word' id='word_1_432' title='bbox 1572 3805 1671 3875; x_wconf 81' lang='grc' dir='ltr'>τὴν</span> 
     </span>
    </p>
   </div>
   <div class='ocr_carea' id='block_1_58' title="bbox 170 3888 1668 3966">
    <p class='ocr_par' dir='ltr' id='par_1_58' title="bbox 170 3888 1668 3966">
     <span class='ocr_line' id='line_1_58' title="bbox 170 3888 1668 3966; baseline 0.003 -20"><span class='ocrx_word' id='word_1_433' title='bbox 170 3888 432 3961; x_wconf 85' lang='grc' dir='ltr'>Ίεράπολιν</span> <span class='ocrx_word' id='word_1_434' title='bbox 456 3896 714 3949; x_wconf 78' lang='grc' dir='ltr'>Φίλιππον</span> <span class='ocrx_word' id='word_1_435' title='bbox 745 3895 834 3949; x_wconf 85' lang='grc' dir='ltr'>τὸν</span> <span class='ocrx_word' id='word_1_436' title='bbox 867 3897 1157 3949; x_wconf 81' lang='grc' dir='ltr'>ἀπόστολον</span> <span class='ocrx_word' id='word_1_437' title='bbox 1190 3897 1303 3966; x_wconf 83' lang='grc' dir='ltr'><strong>ἅμα</strong></span> <span class='ocrx_word' id='word_1_438' title='bbox 1343 3900 1461 3960; x_wconf 84' lang='grc' dir='ltr'>ταῖς</span> <span class='ocrx_word' id='word_1_439' title='bbox 1501 3897 1668 3964; x_wconf 82' lang='grc' dir='ltr'>θυγα-</span> 
     </span>
    </p>
   </div>
   <div class='ocr_carea' id='block_1_59' title="bbox 160 3984 1669 4059">
    <p class='ocr_par' dir='ltr' id='par_1_59' title="bbox 160 3984 1669 4059">
     <span class='ocr_line' id='line_1_59' title="bbox 160 3984 1669 4059; baseline 0.003 -23"><span class='ocrx_word' id='word_1_440' title='bbox 160 3984 292 4051; x_wconf 79' lang='grc' dir='ltr'>τράσι</span> <span class='ocrx_word' id='word_1_441' title='bbox 312 3987 596 4059; x_wconf 70' lang='grc' dir='ltr'>διατρίψαι,</span> <span class='ocrx_word' id='word_1_442' title='bbox 628 3988 713 4043; x_wconf 82' lang='grc' dir='ltr'><strong>διὰ</strong></span> <span class='ocrx_word' id='word_1_443' title='bbox 739 3987 843 4041; x_wconf 83' lang='grc' dir='ltr'>τῶν</span> <span class='ocrx_word' id='word_1_444' title='bbox 881 3988 1109 4059; x_wconf 85' lang='grc' dir='ltr'>πρόσθεν</span> <span class='ocrx_word' id='word_1_445' title='bbox 1136 3989 1441 4058; x_wconf 82' lang='grc' dir='ltr'>δεδήλωται.</span> <span class='ocrx_word' id='word_1_446' title='bbox 1486 3990 1572 4051; x_wconf 87' lang='grc' dir='ltr'>Ὠς</span> <span class='ocrx_word' id='word_1_447' title='bbox 1613 3989 1669 4040; x_wconf 84' lang='grc' dir='ltr'><strong>δὲ</strong></span> 
     </span>
    </p>
   </div>
   <div class='ocr_carea' id='block_1_60' title="bbox 162 4074 1669 4150">
    <p class='ocr_par' dir='ltr' id='par_1_60' title="bbox 162 4074 1669 4150">
     <span class='ocr_line' id='line_1_60' title="bbox 162 4074 1669 4150; baseline 0.007 -27"><span class='ocrx_word' id='word_1_448' title='bbox 162 4074 275 4125; x_wconf 82' lang='grc' dir='ltr'><strong>κατά</strong></span> <span class='ocrx_word' id='word_1_449' title='bbox 300 4078 417 4139; x_wconf 82' lang='grc' dir='ltr'>τοὺς</span> <span class='ocrx_word' id='word_1_450' title='bbox 444 4080 634 4141; x_wconf 76' lang='grc' dir='ltr'>αὐτοὺς</span> <span class='ocrx_word' id='word_1_451' title='bbox 661 4082 688 4132; x_wconf 90' lang='grc' dir='ltr'><strong>ὁ</strong></span> <span class='ocrx_word' id='word_1_452' title='bbox 708 4080 919 4144; x_wconf 85' lang='grc' dir='ltr'>Παπίας</span> <span class='ocrx_word' id='word_1_453' title='bbox 946 4084 1246 4150; x_wconf 83' lang='grc' dir='ltr'>γενόμενος,</span> <span class='ocrx_word' id='word_1_454' title='bbox 1265 4081 1509 4150; x_wconf 85' lang='grc' dir='ltr'>διήγησιν</span> <span class='ocrx_word' id='word_1_455' title='bbox 1532 4096 1669 4150; x_wconf 89' lang='grc' dir='ltr'>παρ-</span> 
     </span>
    </p>
   </div>
   <div class='ocr_carea' id='block_1_61' title="bbox 184 4161 1667 4237">
    <p class='ocr_par' dir='ltr' id='par_1_61' title="bbox 184 4161 1667 4237">
     <span class='ocr_line' id='line_1_61' title="bbox 184 4161 1667 4237; baseline 0.005 -24"><span class='ocrx_word' id='word_1_456' title='bbox 184 4161 426 4233; x_wconf 67' lang='grc' dir='ltr'>ειληφέναι</span> <span class='ocrx_word' id='word_1_457' title='bbox 457 4167 759 4237; x_wconf 88' lang='grc' dir='ltr'>θαυμασίαν</span> <span class='ocrx_word' id='word_1_458' title='bbox 793 4171 896 4221; x_wconf 87' lang='grc' dir='ltr'>ὑπὸ</span> <span class='ocrx_word' id='word_1_459' title='bbox 920 4170 1025 4222; x_wconf 82' lang='grc' dir='ltr'><strong>τῶν</strong></span> <span class='ocrx_word' id='word_1_460' title='bbox 1050 4170 1141 4222; x_wconf 87' lang='grc' dir='ltr'><strong>τοῦ</strong></span> <span class='ocrx_word' id='word_1_461' title='bbox 1182 4170 1444 4222; x_wconf 79' lang='grc' dir='ltr'>Φιλίππου</span> <span class='ocrx_word' id='word_1_462' title='bbox 1503 4169 1667 4235; x_wconf 85' lang='grc' dir='ltr'>θυγα-</span> 
     </span>
    </p>
   </div>
   <div class='ocr_carea' id='block_1_62' title="bbox 159 4249 1665 4329">
    <p class='ocr_par' dir='ltr' id='par_1_62' title="bbox 159 4249 1665 4329">
     <span class='ocr_line' id='line_1_62' title="bbox 159 4249 1665 4329; baseline 0.003 -24"><span class='ocrx_word' id='word_1_463' title='bbox 159 4249 300 4319; x_wconf 78' lang='grc' dir='ltr'>τέρων</span> <span class='ocrx_word' id='word_1_464' title='bbox 322 4256 656 4325; x_wconf 85' lang='grc' dir='ltr'>μνημονεύει,</span> <span class='ocrx_word' id='word_1_465' title='bbox 686 4257 755 4310; x_wconf 80' lang='grc' dir='ltr'>τὰ</span> <span class='ocrx_word' id='word_1_466' title='bbox 784 4258 876 4311; x_wconf 86' lang='grc' dir='ltr'><strong>νῦν</strong></span> <span class='ocrx_word' id='word_1_467' title='bbox 920 4261 1266 4329; x_wconf 80' lang='grc' dir='ltr'>σημειωτέον.</span> <span class='ocrx_word' id='word_1_468' title='bbox 1313 4257 1523 4329; x_wconf 88' lang='grc' dir='ltr'>Νεκροῦ</span> <span class='ocrx_word' id='word_1_469' title='bbox 1558 4257 1665 4328; x_wconf 82' lang='grc' dir='ltr'><strong>γὰρ</strong></span> 
     </span>
    </p>
   </div>
   <div class='ocr_carea' id='block_1_63' title="bbox 1786 1825 3331 1900">
    <p class='ocr_par' dir='ltr' id='par_1_63' title="bbox 1786 1825 3331 1900">
     <span class='ocr_line' id='line_1_63' title="bbox 1786 1825 3331 1900; baseline 0.006 -23"><span class='ocrx_word' id='word_1_470' title='bbox 1786 1826 1967 1879; x_wconf 76' lang='lat' dir='ltr'><strong>verbis</strong></span> <span class='ocrx_word' id='word_1_471' title='bbox 1995 1825 2125 1878; x_wconf 89' lang='lat' dir='ltr'><strong>illud</strong></span> <span class='ocrx_word' id='word_1_472' title='bbox 2172 1827 2333 1879; x_wconf 87' lang='lat' dir='ltr'><strong>etiam</strong></span> <span class='ocrx_word' id='word_1_473' title='bbox 2361 1825 2761 1879; x_wconf 84' lang='lat' dir='ltr'><strong>observandum</strong></span> <span class='ocrx_word' id='word_1_474' title='bbox 2802 1840 2908 1893; x_wconf 90' lang='lat' dir='ltr'><strong>est,</strong></span> <span class='ocrx_word' id='word_1_475' title='bbox 2942 1829 3023 1883; x_wconf 88' lang='lat' dir='ltr'><strong>bis</strong></span> <span class='ocrx_word' id='word_1_476' title='bbox 3049 1832 3116 1884; x_wconf 88' lang='lat' dir='ltr'><strong>ab</strong></span> <span class='ocrx_word' id='word_1_477' title='bbox 3147 1846 3209 1885; x_wconf 89' lang='lat' dir='ltr'><strong>eo</strong></span> <span class='ocrx_word' id='word_1_478' title='bbox 3237 1846 3331 1900; x_wconf 85' lang='lat' dir='ltr'><strong>po-</strong></span> 
     </span>
    </p>
   </div>
   <div class='ocr_carea' id='block_1_64' title="bbox 1786 1903 3330 1988">
    <p class='ocr_par' dir='ltr' id='par_1_64' title="bbox 1786 1903 3330 1988">
     <span class='ocr_line' id='line_1_64' title="bbox 1786 1903 3330 1988; baseline 0.003 -18"><span class='ocrx_word' id='word_1_479' title='bbox 1786 1903 2309 1970; x_wconf 20' lang='lat' dir='ltr'><strong>situm’esseinomen</strong></span> <span class='ocrx_word' id='word_1_480' title='bbox 2333 1914 2581 1970; x_wconf 83' lang='lat' dir='ltr'><strong>Joannis.</strong></span> <span class='ocrx_word' id='word_1_481' title='bbox 2612 1916 2677 1969; x_wconf 82' lang='lat' dir='ltr'><strong>Et</strong></span> <span class='ocrx_word' id='word_1_482' title='bbox 2704 1918 2940 1984; x_wconf 86' lang='lat' dir='ltr'><strong>priorem</strong></span> <span class='ocrx_word' id='word_1_483' title='bbox 2975 1921 3186 1988; x_wconf 87' lang='lat' dir='ltr'><strong>quidem</strong></span> <span class='ocrx_word' id='word_1_484' title='bbox 3224 1937 3330 1975; x_wconf 89' lang='lat' dir='ltr'><strong>una</strong></span> 
     </span>
    </p>
   </div>
   <div class='ocr_carea' id='block_1_65' title="bbox 1785 1998 3330 2080">
    <p class='ocr_par' dir='ltr' id='par_1_65' title="bbox 1785 1998 3330 2080">
     <span class='ocr_line' id='line_1_65' title="bbox 1785 1998 3330 2080; baseline 0.005 -20"><span class='ocrx_word' id='word_1_485' title='bbox 1785 1998 1904 2060; x_wconf 79' lang='lat' dir='ltr'><strong>enin</strong></span> <span class='ocrx_word' id='word_1_486' title='bbox 1940 2004 2123 2069; x_wconf 87' lang='lat' dir='ltr'><strong>Petro,</strong></span> <span class='ocrx_word' id='word_1_487' title='bbox 2153 2004 2372 2068; x_wconf 83' lang='lat' dir='ltr'><strong>Jacobo,</strong></span> <span class='ocrx_word' id='word_1_488' title='bbox 2411 2006 2661 2059; x_wconf 68' lang='lat' dir='ltr'><strong>Matthmo</strong></span> <span class='ocrx_word' id='word_1_489' title='bbox 2705 2016 2758 2061; x_wconf 91' lang='lat' dir='ltr'><strong>et</strong></span> <span class='ocrx_word' id='word_1_490' title='bbox 2797 2009 3021 2076; x_wconf 84' lang='lat' dir='ltr'><strong>reliquis</strong></span> <span class='ocrx_word' id='word_1_491' title='bbox 3072 2012 3330 2080; x_wconf 77' lang='lat' dir='ltr'><strong>apestolis</strong></span> 
     </span>
    </p>
   </div>
   <div class='ocr_carea' id='block_1_66' title="bbox 1742 2086 3329 2168">
    <p class='ocr_par' dir='ltr' id='par_1_66' title="bbox 1742 2086 3329 2168">
     <span class='ocr_line' id='line_1_66' title="bbox 1742 2086 3329 2168; baseline 0.006 -20"><span class='ocrx_word' id='word_1_492' title='bbox 1742 2098 1747 2103; x_wconf 83' lang='grc'><em>’</em></span> <span class='ocrx_word' id='word_1_493' title='bbox 1786 2086 2050 2157; x_wconf 85' lang='lat' dir='ltr'><strong>recenset,</strong></span> <span class='ocrx_word' id='word_1_494' title='bbox 2099 2096 2231 2148; x_wconf 78' lang='lat' dir='ltr'><strong>satis</strong></span> <span class='ocrx_word' id='word_1_495' title='bbox 2281 2095 2523 2149; x_wconf 83' lang='lat' dir='ltr'><strong>indicans</strong></span> <span class='ocrx_word' id='word_1_496' title='bbox 2555 2110 2611 2149; x_wconf 89' lang='lat' dir='ltr'><strong>se</strong></span> <span class='ocrx_word' id='word_1_497' title='bbox 2647 2098 2712 2150; x_wconf 89' lang='lat' dir='ltr'><strong>de</strong></span> <span class='ocrx_word' id='word_1_498' title='bbox 2747 2090 3074 2168; x_wconf 80' lang='lat' dir='ltr'><strong>evangelista</strong></span> <span class='ocrx_word' id='word_1_499' title='bbox 3120 2101 3329 2157; x_wconf 87' lang='lat' dir='ltr'><strong>Joanne</strong></span> 
     </span>
    </p>
   </div>
   <div class='ocr_carea' id='block_1_67' title="bbox 1722 2183 3327 2247">
    <p class='ocr_par' dir='ltr' id='par_1_67' title="bbox 1722 2183 3327 2247">
     <span class='ocr_line' id='line_1_67' title="bbox 1722 2183 3327 2247; baseline 0.006 -9"><span class='ocrx_word' id='word_1_500' title='bbox 1722 2192 1745 2197; x_wconf 72' lang='lat'>&quot;</span> <span class='ocrx_word' id='word_1_501' title='bbox 1783 2186 1947 2238; x_wconf 88' lang='lat' dir='ltr'><strong>verba</strong></span> <span class='ocrx_word' id='word_1_502' title='bbox 1974 2183 2392 2239; x_wconf 71' lang='lat' dir='ltr'><strong>facere.-Postca</strong></span> <span class='ocrx_word' id='word_1_503' title='bbox 2442 2184 2863 2241; x_wconf 70' lang='lat' dir='ltr'><strong>vero-adhibita</strong></span> <span class='ocrx_word' id='word_1_504' title='bbox 2915 2191 3184 2245; x_wconf 86' lang='lat' dir='ltr'><strong>sermonis</strong></span> <span class='ocrx_word' id='word_1_505' title='bbox 3220 2193 3327 2247; x_wconf 75' lang='lat' dir='ltr'><strong>dis-</strong></span> 
     </span>
    </p>
   </div>
   <div class='ocr_carea' id='block_1_68' title="bbox 1786 2265 3326 2349">
    <p class='ocr_par' dir='ltr' id='par_1_68' title="bbox 1786 2265 3326 2349">
     <span class='ocr_line' id='line_1_68' title="bbox 1786 2265 3326 2349; baseline 0.003 -22"><span class='ocrx_word' id='word_1_506' title='bbox 1786 2274 2318 2340; x_wconf 81' lang='lat' dir='ltr'><strong>tinctione,~a|terutn</strong></span> <span class='ocrx_word' id='word_1_507' title='bbox 2372 2272 2633 2329; x_wconf 83' lang='lat' dir='ltr'><strong>Joannem</strong></span> <span class='ocrx_word' id='word_1_508' title='bbox 2676 2270 2794 2331; x_wconf 86' lang='lat' dir='ltr'><strong>cum</strong></span> <span class='ocrx_word' id='word_1_509' title='bbox 2849 2265 2915 2334; x_wconf 83' lang='lat' dir='ltr'><strong>iis</strong></span> <span class='ocrx_word' id='word_1_510' title='bbox 2963 2279 3190 2333; x_wconf 86' lang='lat' dir='ltr'><strong>collocat</strong></span> <span class='ocrx_word' id='word_1_511' title='bbox 3235 2282 3326 2349; x_wconf 91' lang='lat' dir='ltr'><strong>qui</strong></span> 
     </span>
    </p>
   </div>
   <div class='ocr_carea' id='block_1_69' title="bbox 1781 2365 3324 2437">
    <p class='ocr_par' dir='ltr' id='par_1_69' title="bbox 1781 2365 3324 2437">
     <span class='ocr_line' id='line_1_69' title="bbox 1781 2365 3324 2437; baseline 0.003 -20"><span class='ocrx_word' id='word_1_512' title='bbox 1781 2374 1931 2417; x_wconf 75' lang='lat' dir='ltr'><strong>extra</strong></span> <span class='ocrx_word' id='word_1_513' title='bbox 1963 2378 2241 2418; x_wconf 87' lang='lat' dir='ltr'><strong>numerum</strong></span> <span class='ocrx_word' id='word_1_514' title='bbox 2294 2373 2418 2417; x_wconf 88' lang='lat' dir='ltr'><strong>sunt</strong></span> <span class='ocrx_word' id='word_1_515' title='bbox 2467 2365 2856 2432; x_wconf 87' lang='lat' dir='ltr'><strong>apostolorum,</strong></span> <span class='ocrx_word' id='word_1_516' title='bbox 2909 2380 3221 2437; x_wconf 64' lang='lat' dir='ltr'><strong>praeponens</strong></span> <span class='ocrx_word' id='word_1_517' title='bbox 3252 2369 3324 2421; x_wconf 88' lang='lat' dir='ltr'><strong>illi</strong></span> 
     </span>
    </p>
   </div>
   <div class='ocr_carea' id='block_1_70' title="bbox 1783 2455 3323 2528">
    <p class='ocr_par' dir='ltr' id='par_1_70' title="bbox 1783 2455 3323 2528">
     <span class='ocr_line' id='line_1_70' title="bbox 1783 2455 3323 2528; baseline 0.003 -23"><span class='ocrx_word' id='word_1_518' title='bbox 1783 2455 2114 2508; x_wconf 86' lang='lat' dir='ltr'><strong>Aristionem</strong></span> <span class='ocrx_word' id='word_1_519' title='bbox 2164 2455 2444 2523; x_wconf 88' lang='lat' dir='ltr'><strong>quemdam</strong></span> <span class='ocrx_word' id='word_1_520' title='bbox 2498 2475 2510 2507; x_wconf 90' lang='lat'>:</span> <span class='ocrx_word' id='word_1_521' title='bbox 2559 2459 2913 2524; x_wconf 88' lang='lat' dir='ltr'><strong>enmdemque</strong></span> <span class='ocrx_word' id='word_1_522' title='bbox 2955 2460 3323 2528; x_wconf 88' lang='lat' dir='ltr'><strong>presbyterum</strong></span> 
     </span>
    </p>
   </div>
   <div class='ocr_carea' id='block_1_71' title="bbox 1783 2542 3353 2612">
    <p class='ocr_par' dir='ltr' id='par_1_71' title="bbox 1783 2542 3353 2612">
     <span class='ocr_line' id='line_1_71' title="bbox 1783 2542 3353 2612; baseline 0.003 -15"><span class='ocrx_word' id='word_1_523' title='bbox 1783 2545 1982 2599; x_wconf 75' lang='lat' dir='ltr'><strong>diserte</strong></span> <span class='ocrx_word' id='word_1_524' title='bbox 2015 2545 2280 2599; x_wconf 86' lang='lat' dir='ltr'><strong>nominat.</strong></span> <span class='ocrx_word' id='word_1_525' title='bbox 2307 2545 2421 2612; x_wconf 86' lang='lat' dir='ltr'><strong>Quo</strong></span> <span class='ocrx_word' id='word_1_526' title='bbox 2455 2545 2516 2598; x_wconf 90' lang='lat' dir='ltr'><strong>ﬁt</strong></span> <span class='ocrx_word' id='word_1_527' title='bbox 2544 2554 2603 2597; x_wconf 93' lang='lat' dir='ltr'><strong>ut</strong></span> <span class='ocrx_word' id='word_1_528' title='bbox 2626 2559 2750 2600; x_wconf 73' lang='lat' dir='ltr'><strong>vera</strong></span> <span class='ocrx_word' id='word_1_529' title='bbox 2779 2548 3024 2601; x_wconf 86' lang='lat' dir='ltr'><strong>videatur</strong></span> <span class='ocrx_word' id='word_1_530' title='bbox 3050 2562 3167 2602; x_wconf 89' lang='lat' dir='ltr'><strong>esse</strong></span> <span class='ocrx_word' id='word_1_531' title='bbox 3202 2542 3353 2602; x_wconf 55' lang='lat' dir='ltr'><strong>na&#39;ra&#39;</strong></span> 
     </span>
    </p>
   </div>
   <div class='ocr_carea' id='block_1_72' title="bbox 1787 2635 3325 2707">
    <p class='ocr_par' dir='ltr' id='par_1_72' title="bbox 1787 2635 3325 2707">
     <span class='ocr_line' id='line_1_72' title="bbox 1787 2635 3325 2707; baseline 0.003 -19"><span class='ocrx_word' id='word_1_532' title='bbox 1787 2635 1923 2689; x_wconf 85' lang='lat' dir='ltr'><strong>ratio</strong></span> <span class='ocrx_word' id='word_1_533' title='bbox 1960 2635 2194 2698; x_wconf 90' lang='lat' dir='ltr'><strong>illorum,</strong></span> <span class='ocrx_word' id='word_1_534' title='bbox 2227 2638 2314 2704; x_wconf 90' lang='lat' dir='ltr'><strong>qui</strong></span> <span class='ocrx_word' id='word_1_535' title='bbox 2348 2638 2480 2691; x_wconf 89' lang='lat' dir='ltr'><strong>duos</strong></span> <span class='ocrx_word' id='word_1_536' title='bbox 2550 2639 2732 2692; x_wconf 87' lang='lat' dir='ltr'><strong>eodem</strong></span> <span class='ocrx_word' id='word_1_537' title='bbox 2779 2638 2992 2691; x_wconf 90' lang='lat' dir='ltr'><strong>nomine</strong></span> <span class='ocrx_word' id='word_1_538' title='bbox 3032 2639 3325 2707; x_wconf 81' lang='lat' dir='ltr'><strong>appellatos</strong></span> 
     </span>
    </p>
   </div>
   <div class='ocr_carea' id='block_1_73' title="bbox 1784 2720 3326 2798">
    <p class='ocr_par' dir='ltr' id='par_1_73' title="bbox 1784 2720 3326 2798">
     <span class='ocr_line' id='line_1_73' title="bbox 1784 2720 3326 2798; baseline 0.002 -19"><span class='ocrx_word' id='word_1_539' title='bbox 1784 2726 1836 2779; x_wconf 91' lang='lat' dir='ltr'><strong>in</strong></span> <span class='ocrx_word' id='word_1_540' title='bbox 1875 2727 2001 2780; x_wconf 82' lang='lat' dir='ltr'><strong>Asia</strong></span> <span class='ocrx_word' id='word_1_541' title='bbox 2028 2720 2243 2779; x_wconf 31' lang='lat' dir='ltr'><strong>&#39;vixisse</strong></span> <span class='ocrx_word' id='word_1_542' title='bbox 2290 2727 2580 2781; x_wconf 80' lang='lat' dir='ltr'><strong>dixerunt:</strong></span> <span class='ocrx_word' id='word_1_543' title='bbox 2622 2737 2676 2781; x_wconf 90' lang='lat' dir='ltr'><strong>et</strong></span> <span class='ocrx_word' id='word_1_544' title='bbox 2728 2728 2866 2796; x_wconf 90' lang='lat' dir='ltr'><strong>apud</strong></span> <span class='ocrx_word' id='word_1_545' title='bbox 2908 2728 3174 2798; x_wconf 80' lang='lat' dir='ltr'><strong>Ephesum</strong></span> <span class='ocrx_word' id='word_1_546' title='bbox 3222 2729 3326 2783; x_wconf 89' lang='lat' dir='ltr'><strong>duo</strong></span> 
     </span>
    </p>
   </div>
   <div class='ocr_carea' id='block_1_74' title="bbox 1779 2817 3324 2885">
    <p class='ocr_par' dir='ltr' id='par_1_74' title="bbox 1779 2817 3324 2885">
     <span class='ocr_line' id='line_1_74' title="bbox 1779 2817 3324 2885; baseline 0.001 -14"><span class='ocrx_word' id='word_1_547' title='bbox 1779 2831 1899 2871; x_wconf 90' lang='lat' dir='ltr'><strong>esse</strong></span> <span class='ocrx_word' id='word_1_548' title='bbox 1954 2818 2226 2885; x_wconf 89' lang='lat' dir='ltr'><strong>sepulcra,</strong></span> <span class='ocrx_word' id='word_1_549' title='bbox 2255 2826 2309 2872; x_wconf 90' lang='lat' dir='ltr'><strong>et</strong></span> <span class='ocrx_word' id='word_1_550' title='bbox 2360 2826 2647 2885; x_wconf 88' lang='lat' dir='ltr'><strong>utrumque</strong></span> <span class='ocrx_word' id='word_1_551' title='bbox 2670 2817 2892 2875; x_wconf 88' lang='lat' dir='ltr'><strong>Joannis</strong></span> <span class='ocrx_word' id='word_1_552' title='bbox 2939 2821 3199 2875; x_wconf 84' lang='lat' dir='ltr'><strong>hactenus</strong></span> <span class='ocrx_word' id='word_1_553' title='bbox 3229 2835 3324 2873; x_wconf 72' lang='lat' dir='ltr'><strong>no~</strong></span> 
     </span>
    </p>
   </div>
   <div class='ocr_carea' id='block_1_75' title="bbox 1779 2907 3324 2978">
    <p class='ocr_par' dir='ltr' id='par_1_75' title="bbox 1779 2907 3324 2978">
     <span class='ocr_line' id='line_1_75' title="bbox 1779 2907 3324 2978; baseline 0.003 -19"><span class='ocrx_word' id='word_1_554' title='bbox 1779 2907 1995 2961; x_wconf 87' lang='lat' dir='ltr'><strong>minari.</strong></span> <span class='ocrx_word' id='word_1_555' title='bbox 2030 2907 2203 2976; x_wconf 89' lang='lat' dir='ltr'><strong>Atque</strong></span> <span class='ocrx_word' id='word_1_556' title='bbox 2230 2910 2329 2962; x_wconf 84' lang='lat' dir='ltr'><strong>hoc</strong></span> <span class='ocrx_word' id='word_1_557' title='bbox 2359 2908 2787 2963; x_wconf 80' lang='lat' dir='ltr'><strong>animadvertere</strong></span> <span class='ocrx_word' id='word_1_558' title='bbox 2821 2910 2873 2962; x_wconf 89' lang='lat' dir='ltr'><strong>in</strong></span> <span class='ocrx_word' id='word_1_559' title='bbox 2920 2911 3108 2978; x_wconf 88' lang='lat' dir='ltr'><strong>primis</strong></span> <span class='ocrx_word' id='word_1_560' title='bbox 3142 2925 3324 2965; x_wconf 84' lang='lat' dir='ltr'><strong>neces-</strong></span> 
     </span>
    </p>
   </div>
   <div class='ocr_carea' id='block_1_76' title="bbox 1778 2990 3323 3073">
    <p class='ocr_par' dir='ltr' id='par_1_76' title="bbox 1778 2990 3323 3073">
     <span class='ocr_line' id='line_1_76' title="bbox 1778 2990 3323 3073; baseline 0.005 -23"><span class='ocrx_word' id='word_1_561' title='bbox 1778 3000 1979 3051; x_wconf 88' lang='lat' dir='ltr'><strong>sarium</strong></span> <span class='ocrx_word' id='word_1_562' title='bbox 2009 3008 2155 3068; x_wconf 91' lang='lat' dir='ltr'><strong>puto.</strong></span> <span class='ocrx_word' id='word_1_563' title='bbox 2202 2996 2505 3053; x_wconf 84' lang='lat' dir='ltr'><strong>Verisimile</strong></span> <span class='ocrx_word' id='word_1_564' title='bbox 2533 2990 2617 3073; x_wconf 85' lang='lat' dir='ltr'><strong>est</strong></span> <span class='ocrx_word' id='word_1_565' title='bbox 2643 2999 2783 3052; x_wconf 77' lang='lat' dir='ltr'><strong>enim</strong></span> <span class='ocrx_word' id='word_1_566' title='bbox 2819 2998 3219 3057; x_wconf 77' lang='lat' dir='ltr'><strong>Revelationeut</strong></span> <span class='ocrx_word' id='word_1_567' title='bbox 3260 3006 3323 3061; x_wconf 87' lang='lat' dir='ltr'><strong>il-</strong></span> 
     </span>
    </p>
   </div>
   <div class='ocr_carea' id='block_1_77' title="bbox 1777 3088 3321 3163">
    <p class='ocr_par' dir='ltr' id='par_1_77' title="bbox 1777 3088 3321 3163">
     <span class='ocr_line' id='line_1_77' title="bbox 1777 3088 3321 3163; baseline 0.004 -20"><span class='ocrx_word' id='word_1_568' title='bbox 1777 3091 1882 3143; x_wconf 90' lang='lat' dir='ltr'><strong>lam</strong></span> <span class='ocrx_word' id='word_1_569' title='bbox 1916 3088 2138 3144; x_wconf 88' lang='lat' dir='ltr'><strong>Juannis</strong></span> <span class='ocrx_word' id='word_1_570' title='bbox 2180 3090 2393 3143; x_wconf 90' lang='lat' dir='ltr'><strong>nomine</strong></span> <span class='ocrx_word' id='word_1_571' title='bbox 2423 3090 2759 3157; x_wconf 87' lang='lat' dir='ltr'><strong>inscriptam,</strong></span> <span class='ocrx_word' id='word_1_572' title='bbox 2806 3092 2850 3143; x_wconf 94' lang='lat' dir='ltr'><strong>si</strong></span> <span class='ocrx_word' id='word_1_573' title='bbox 2896 3107 2997 3144; x_wconf 87' lang='lat' dir='ltr'><strong>non</strong></span> <span class='ocrx_word' id='word_1_574' title='bbox 3059 3110 3086 3145; x_wconf 90' lang='lat' dir='ltr'><strong>a</strong></span> <span class='ocrx_word' id='word_1_575' title='bbox 3146 3099 3321 3163; x_wconf 83' lang='lat' dir='ltr'><strong>priore</strong></span> 
     </span>
    </p>
   </div>
   <div class='ocr_carea' id='block_1_78' title="bbox 1778 3181 3319 3248">
    <p class='ocr_par' dir='ltr' id='par_1_78' title="bbox 1778 3181 3319 3248">
     <span class='ocr_line' id='line_1_78' title="bbox 1778 3181 3319 3248; baseline 0.002 -13"><span class='ocrx_word' id='word_1_576' title='bbox 1778 3181 1889 3247; x_wconf 88' lang='lat' dir='ltr'><strong>illo,</strong></span> <span class='ocrx_word' id='word_1_577' title='bbox 1923 3192 2069 3235; x_wconf 90' lang='lat' dir='ltr'><strong>certe</strong></span> <span class='ocrx_word' id='word_1_578' title='bbox 2096 3181 2162 3233; x_wconf 87' lang='lat' dir='ltr'><strong>ab</strong></span> <span class='ocrx_word' id='word_1_579' title='bbox 2194 3181 2294 3234; x_wconf 89' lang='lat' dir='ltr'><strong>hoc</strong></span> <span class='ocrx_word' id='word_1_580' title='bbox 2326 3182 2624 3248; x_wconf 90' lang='lat' dir='ltr'><strong>posteriore</strong></span> <span class='ocrx_word' id='word_1_581' title='bbox 2672 3181 2843 3233; x_wconf 82' lang='lat' dir='ltr'><strong>visam</strong></span> <span class='ocrx_word' id='word_1_582' title='bbox 2889 3181 3078 3236; x_wconf 79' lang='lat' dir='ltr'><strong>fuisse.</strong></span> <span class='ocrx_word' id='word_1_583' title='bbox 3133 3186 3193 3237; x_wconf 65' lang='lat' dir='ltr'><strong>lit</strong></span> <span class='ocrx_word' id='word_1_584' title='bbox 3222 3185 3319 3238; x_wconf 80' lang='lat' dir='ltr'><strong>Pa-</strong></span> 
     </span>
    </p>
   </div>
   <div class='ocr_carea' id='block_1_79' title="bbox 1775 3260 3316 3342">
    <p class='ocr_par' dir='ltr' id='par_1_79' title="bbox 1775 3260 3316 3342">
     <span class='ocr_line' id='line_1_79' title="bbox 1775 3260 3316 3342; baseline 0.003 -17"><span class='ocrx_word' id='word_1_585' title='bbox 1775 3275 1891 3342; x_wconf 83' lang='lat' dir='ltr'><strong>pias</strong></span> <span class='ocrx_word' id='word_1_586' title='bbox 1940 3260 2157 3341; x_wconf 88' lang='lat' dir='ltr'><strong>quidem</strong></span> <span class='ocrx_word' id='word_1_587' title='bbox 2204 3272 2269 3325; x_wconf 86' lang='lat' dir='ltr'><strong>de</strong></span> <span class='ocrx_word' id='word_1_588' title='bbox 2312 3286 2416 3340; x_wconf 89' lang='lat' dir='ltr'><strong>quo</strong></span> <span class='ocrx_word' id='word_1_589' title='bbox 2476 3285 2619 3325; x_wconf 89' lang='lat' dir='ltr'><strong>nunc</strong></span> <span class='ocrx_word' id='word_1_590' title='bbox 2679 3284 2981 3327; x_wconf 90' lang='lat' dir='ltr'><strong>sermonem</strong></span> <span class='ocrx_word' id='word_1_591' title='bbox 3034 3273 3316 3341; x_wconf 85' lang='lat' dir='ltr'><strong>habemus,</strong></span> 
     </span>
    </p>
   </div>
   <div class='ocr_carea' id='block_1_80' title="bbox 1775 3362 3316 3433">
    <p class='ocr_par' dir='ltr' id='par_1_80' title="bbox 1775 3362 3316 3433">
     <span class='ocr_line' id='line_1_80' title="bbox 1775 3362 3316 3433; baseline 0.004 -18"><span class='ocrx_word' id='word_1_592' title='bbox 1775 3363 2137 3433; x_wconf 89' lang='lat' dir='ltr'><strong>apostolorum</strong></span> <span class='ocrx_word' id='word_1_593' title='bbox 2169 3362 2331 3427; x_wconf 88' lang='lat' dir='ltr'><strong>dicta,</strong></span> <span class='ocrx_word' id='word_1_594' title='bbox 2365 3363 2433 3415; x_wconf 87' lang='lat' dir='ltr'><strong>ab</strong></span> <span class='ocrx_word' id='word_1_595' title='bbox 2461 3362 2525 3415; x_wconf 88' lang='lat' dir='ltr'><strong>iis</strong></span> <span class='ocrx_word' id='word_1_596' title='bbox 2558 3362 2647 3430; x_wconf 90' lang='lat' dir='ltr'><strong>qui</strong></span> <span class='ocrx_word' id='word_1_597' title='bbox 2697 3378 2815 3415; x_wconf 91' lang='lat' dir='ltr'><strong>cum</strong></span> <span class='ocrx_word' id='word_1_598' title='bbox 2847 3364 3096 3430; x_wconf 86' lang='lat' dir='ltr'><strong>apostolis</strong></span> <span class='ocrx_word' id='word_1_599' title='bbox 3124 3371 3316 3421; x_wconf 85' lang='lat' dir='ltr'><strong>versati</strong></span> 
     </span>
    </p>
   </div>
   <div class='ocr_carea' id='block_1_81' title="bbox 1776 3450 3321 3522">
    <p class='ocr_par' dir='ltr' id='par_1_81' title="bbox 1776 3450 3321 3522">
     <span class='ocr_line' id='line_1_81' title="bbox 1776 3450 3321 3522; baseline 0.002 -15"><span class='ocrx_word' id='word_1_600' title='bbox 1776 3455 2010 3521; x_wconf 78' lang='lat' dir='ltr'><strong>inerant,</strong></span> <span class='ocrx_word' id='word_1_601' title='bbox 2042 3468 2104 3507; x_wconf 89' lang='lat' dir='ltr'><strong>se</strong></span> <span class='ocrx_word' id='word_1_602' title='bbox 2127 3453 2401 3522; x_wconf 85' lang='lat' dir='ltr'><strong>accepisse</strong></span> <span class='ocrx_word' id='word_1_603' title='bbox 2432 3450 2710 3520; x_wconf 89' lang='lat' dir='ltr'><strong>proﬁtetur</strong></span> <span class='ocrx_word' id='word_1_604' title='bbox 2734 3469 2748 3505; x_wconf 92' lang='lat'><strong>:</strong></span> <span class='ocrx_word' id='word_1_605' title='bbox 2772 3452 3054 3509; x_wconf 84' lang='lat' dir='ltr'><strong>AristiOnis</strong></span> <span class='ocrx_word' id='word_1_606' title='bbox 3076 3467 3248 3509; x_wconf 85' lang='lat' dir='ltr'><strong>autem</strong></span> <span class='ocrx_word' id='word_1_607' title='bbox 3268 3468 3321 3510; x_wconf 87' lang='lat' dir='ltr'><strong>et</strong></span> 
     </span>
    </p>
   </div>
   <div class='ocr_carea' id='block_1_82' title="bbox 1772 3528 3313 3612">
    <p class='ocr_par' dir='ltr' id='par_1_82' title="bbox 1772 3528 3313 3612">
     <span class='ocr_line' id='line_1_82' title="bbox 1772 3528 3313 3612; baseline 0.001 -15"><span class='ocrx_word' id='word_1_608' title='bbox 1772 3543 1995 3597; x_wconf 85' lang='lat' dir='ltr'><strong>Joannis</strong></span> <span class='ocrx_word' id='word_1_609' title='bbox 2022 3542 2318 3612; x_wconf 88' lang='lat' dir='ltr'><strong>presbyteri</strong></span> <span class='ocrx_word' id='word_1_610' title='bbox 2357 3544 2651 3595; x_wconf 88' lang='lat' dir='ltr'><strong>auditorem</strong></span> <span class='ocrx_word' id='word_1_611' title='bbox 2686 3557 2742 3595; x_wconf 87' lang='lat' dir='ltr'><strong>se</strong></span> <span class='ocrx_word' id='word_1_612' title='bbox 2770 3528 2897 3595; x_wconf 83' lang='lat' dir='ltr'><strong>dicit</strong></span> <span class='ocrx_word' id='word_1_613' title='bbox 2921 3542 3106 3598; x_wconf 80' lang='lat' dir='ltr'><strong>fuisse.</strong></span> <span class='ocrx_word' id='word_1_614' title='bbox 3156 3546 3313 3598; x_wconf 79' lang='lat' dir='ltr'><strong>Multa</strong></span> 
     </span>
    </p>
   </div>
   <div class='ocr_carea' id='block_1_83' title="bbox 1774 3629 3316 3698">
    <p class='ocr_par' dir='ltr' id='par_1_83' title="bbox 1774 3629 3316 3698">
     <span class='ocr_line' id='line_1_83' title="bbox 1774 3629 3316 3698; baseline 0 -16"><span class='ocrx_word' id='word_1_615' title='bbox 1774 3639 1919 3683; x_wconf 90' lang='lat' dir='ltr'><strong>certe</strong></span> <span class='ocrx_word' id='word_1_616' title='bbox 1948 3645 2066 3698; x_wconf 77' lang='lat' dir='ltr'><strong>qua:</strong></span> <span class='ocrx_word' id='word_1_617' title='bbox 2091 3630 2159 3683; x_wconf 90' lang='lat' dir='ltr'><strong>ab</strong></span> <span class='ocrx_word' id='word_1_618' title='bbox 2193 3631 2261 3684; x_wconf 89' lang='lat' dir='ltr'><strong>iis</strong></span> <span class='ocrx_word' id='word_1_619' title='bbox 2293 3629 2483 3683; x_wconf 87' lang='lat' dir='ltr'><strong>tradita</strong></span> <span class='ocrx_word' id='word_1_620' title='bbox 2513 3638 2833 3696; x_wconf 80' lang='lat' dir='ltr'><strong>aceeperat,‘</strong></span> <span class='ocrx_word' id='word_1_621' title='bbox 2858 3631 3101 3695; x_wconf 88' lang='lat' dir='ltr'><strong>ipsorum</strong></span> <span class='ocrx_word' id='word_1_622' title='bbox 3148 3633 3316 3685; x_wconf 83' lang='lat' dir='ltr'><strong>Immi-</strong></span> 
     </span>
    </p>
   </div>
   <div class='ocr_carea' id='block_1_84' title="bbox 1773 3718 3313 3781">
    <p class='ocr_par' dir='ltr' id='par_1_84' title="bbox 1773 3718 3313 3781">
     <span class='ocr_line' id='line_1_84' title="bbox 1773 3718 3313 3781; baseline 0 -9"><span class='ocrx_word' id='word_1_623' title='bbox 1773 3720 1937 3772; x_wconf 90' lang='lat' dir='ltr'><strong>natim</strong></span> <span class='ocrx_word' id='word_1_624' title='bbox 1969 3719 2242 3772; x_wconf 89' lang='lat' dir='ltr'><strong>mentione</strong></span> <span class='ocrx_word' id='word_1_625' title='bbox 2276 3718 2436 3781; x_wconf 79' lang='lat' dir='ltr'><strong>facta,</strong></span> <span class='ocrx_word' id='word_1_626' title='bbox 2469 3719 2521 3771; x_wconf 92' lang='lat' dir='ltr'><strong>in</strong></span> <span class='ocrx_word' id='word_1_627' title='bbox 2552 3718 2966 3773; x_wconf 88' lang='lat' dir='ltr'><strong>Commentariis</strong></span> <span class='ocrx_word' id='word_1_628' title='bbox 3018 3720 3128 3771; x_wconf 90' lang='lat' dir='ltr'><strong>suis</strong></span> <span class='ocrx_word' id='word_1_629' title='bbox 3161 3734 3313 3773; x_wconf 83' lang='lat' dir='ltr'><strong>retu-</strong></span> 
     </span>
    </p>
   </div>
   <div class='ocr_carea' id='block_1_85' title="bbox 1758 3802 3314 3878">
    <p class='ocr_par' dir='ltr' id='par_1_85' title="bbox 1758 3802 3314 3878">
     <span class='ocr_line' id='line_1_85' title="bbox 1758 3802 3314 3878; baseline 0 -16"><span class='ocrx_word' id='word_1_630' title='bbox 1758 3810 1849 3865; x_wconf 50' lang='lat' dir='ltr'><strong>‘lit.</strong></span> <span class='ocrx_word' id='word_1_631' title='bbox 1890 3811 2065 3878; x_wconf 81' lang='lat' dir='ltr'><strong>Atque</strong></span> <span class='ocrx_word' id='word_1_632' title='bbox 2089 3811 2202 3864; x_wconf 70' lang='lat' dir='ltr'><strong>haec</strong></span> <span class='ocrx_word' id='word_1_633' title='bbox 2231 3810 2445 3877; x_wconf 87' lang='lat' dir='ltr'><strong>quidem</strong></span> <span class='ocrx_word' id='word_1_634' title='bbox 2494 3802 2916 3875; x_wconf 65' lang='lat' dir='ltr'><strong>norfsuperﬁue,</strong></span> <span class='ocrx_word' id='word_1_635' title='bbox 2952 3809 3104 3876; x_wconf 78' lang='lat'><strong>112</strong></span> <span class='ocrx_word' id='word_1_636' title='bbox 3145 3819 3200 3862; x_wconf 92' lang='lat' dir='ltr'><strong>ut</strong></span> <span class='ocrx_word' id='word_1_637' title='bbox 3225 3825 3314 3862; x_wconf 84' lang='lat' dir='ltr'><strong>ar—</strong></span> 
     </span>
    </p>
   </div>
   <div class='ocr_carea' id='block_1_86' title="bbox 1769 3897 3311 3964">
    <p class='ocr_par' dir='ltr' id='par_1_86' title="bbox 1769 3897 3311 3964">
     <span class='ocr_line' id='line_1_86' title="bbox 1769 3897 3311 3964; baseline 0 -13"><span class='ocrx_word' id='word_1_638' title='bbox 1769 3897 1963 3961; x_wconf 78' lang='lat' dir='ltr'><strong>bitror,</strong></span> <span class='ocrx_word' id='word_1_639' title='bbox 1997 3912 2026 3950; x_wconf 92' lang='lat' dir='ltr'><strong>a</strong></span> <span class='ocrx_word' id='word_1_640' title='bbox 2052 3898 2209 3951; x_wconf 91' lang='lat' dir='ltr'><strong>nobis</strong></span> <span class='ocrx_word' id='word_1_641' title='bbox 2234 3898 2379 3951; x_wconf 90' lang='lat' dir='ltr'><strong>dicta</strong></span> <span class='ocrx_word' id='word_1_642' title='bbox 2413 3898 2542 3950; x_wconf 89' lang='lat' dir='ltr'><strong>sint.</strong></span> <span class='ocrx_word' id='word_1_643' title='bbox 2577 3897 2746 3952; x_wconf 88' lang='lat' dir='ltr'><strong>Porro</strong></span> <span class='ocrx_word' id='word_1_644' title='bbox 2769 3910 2947 3964; x_wconf 76' lang='lat' dir='ltr'><strong>opera:</strong></span> <span class='ocrx_word' id='word_1_645' title='bbox 2969 3899 3196 3964; x_wconf 89' lang='lat' dir='ltr'><strong>pretium</strong></span> <span class='ocrx_word' id='word_1_646' title='bbox 3225 3898 3311 3951; x_wconf 84' lang='lat' dir='ltr'><strong>fu-</strong></span> 
     </span>
    </p>
   </div>
   <div class='ocr_carea' id='block_1_87' title="bbox 1767 3985 3311 4054">
    <p class='ocr_par' dir='ltr' id='par_1_87' title="bbox 1767 3985 3311 4054">
     <span class='ocr_line' id='line_1_87' title="bbox 1767 3985 3311 4054; baseline 0.002 -15"><span class='ocrx_word' id='word_1_647' title='bbox 1767 3987 1895 4049; x_wconf 88' lang='lat' dir='ltr'><strong>erit,</strong></span> <span class='ocrx_word' id='word_1_648' title='bbox 1920 4002 2079 4053; x_wconf 86' lang='lat' dir='ltr'><strong>supra</strong></span> <span class='ocrx_word' id='word_1_649' title='bbox 2104 3986 2283 4040; x_wconf 89' lang='lat' dir='ltr'><strong>citatis</strong></span> <span class='ocrx_word' id='word_1_650' title='bbox 2306 3986 2483 4054; x_wconf 79' lang='lat' dir='ltr'><strong>Papiae</strong></span> <span class='ocrx_word' id='word_1_651' title='bbox 2514 3985 2693 4039; x_wconf 80' lang='lat' dir='ltr'><strong>verbis</strong></span> <span class='ocrx_word' id='word_1_652' title='bbox 2753 3986 2858 4040; x_wconf 85' lang='lat' dir='ltr'><strong>alia</strong></span> <span class='ocrx_word' id='word_1_653' title='bbox 2888 3987 3045 4040; x_wconf 88' lang='lat' dir='ltr'><strong>etiam</strong></span> <span class='ocrx_word' id='word_1_654' title='bbox 3079 3988 3311 4053; x_wconf 75' lang='lat' dir='ltr'><strong>ejusdem</strong></span> 
     </span>
    </p>
   </div>
   <div class='ocr_carea' id='block_1_88' title="bbox 1769 4068 3311 4145">
    <p class='ocr_par' dir='ltr' id='par_1_88' title="bbox 1769 4068 3311 4145">
     <span class='ocr_line' id='line_1_88' title="bbox 1769 4068 3311 4145; baseline -0.001 -16"><span class='ocrx_word' id='word_1_655' title='bbox 1769 4075 2072 4129; x_wconf 89' lang='lat' dir='ltr'><strong>testimonia</strong></span> <span class='ocrx_word' id='word_1_656' title='bbox 2099 4076 2411 4144; x_wconf 80' lang='lat' dir='ltr'><strong>adjnngere,</strong></span> <span class='ocrx_word' id='word_1_657' title='bbox 2443 4076 2494 4129; x_wconf 91' lang='lat' dir='ltr'><strong>in</strong></span> <span class='ocrx_word' id='word_1_658' title='bbox 2535 4076 2729 4143; x_wconf 89' lang='lat' dir='ltr'><strong>quibus</strong></span> <span class='ocrx_word' id='word_1_659' title='bbox 2774 4068 3033 4130; x_wconf 84' lang='lat' dir='ltr'><strong>miracula</strong></span> <span class='ocrx_word' id='word_1_660' title='bbox 3073 4079 3311 4145; x_wconf 71' lang='lat' dir='ltr'><strong>quazdam</strong></span> 
     </span>
    </p>
   </div>
   <div class='ocr_carea' id='block_1_89' title="bbox 1765 4164 3315 4219">
    <p class='ocr_par' dir='ltr' id='par_1_89' title="bbox 1765 4164 3315 4219">
     <span class='ocr_line' id='line_1_89' title="bbox 1765 4164 3315 4219; baseline -0.001 -1"><span class='ocrx_word' id='word_1_661' title='bbox 1765 4180 1831 4218; x_wconf 79' lang='lat' dir='ltr'><strong>ex</strong></span> <span class='ocrx_word' id='word_1_662' title='bbox 1869 4164 2095 4218; x_wconf 87' lang='lat' dir='ltr'><strong>aliorum</strong></span> <span class='ocrx_word' id='word_1_663' title='bbox 2134 4164 2236 4219; x_wconf 88' lang='lat' dir='ltr'><strong>ﬁde</strong></span> <span class='ocrx_word' id='word_1_664' title='bbox 2277 4179 2330 4217; x_wconf 66' lang='lat' dir='ltr'><strong>at</strong></span> <span class='ocrx_word' id='word_1_665' title='bbox 2398 4164 2684 4217; x_wconf 88' lang='lat' dir='ltr'><strong>traditione</strong></span> <span class='ocrx_word' id='word_1_666' title='bbox 2733 4177 3135 4219; x_wconf 86' lang='lat' dir='ltr'><strong>commemorat.</strong></span> <span class='ocrx_word' id='word_1_667' title='bbox 3190 4166 3315 4218; x_wconf 79' lang='lat' dir='ltr'><strong>i&#39;hi-</strong></span> 
     </span>
    </p>
   </div>
   <div class='ocr_carea' id='block_1_90' title="bbox 1766 4253 3310 4324">
    <p class='ocr_par' dir='ltr' id='par_1_90' title="bbox 1766 4253 3310 4324">
     <span class='ocr_line' id='line_1_90' title="bbox 1766 4253 3310 4324; baseline -0.001 -18"><span class='ocrx_word' id='word_1_668' title='bbox 1766 4253 1965 4324; x_wconf 89' lang='lat' dir='ltr'><strong>lippum</strong></span> <span class='ocrx_word' id='word_1_669' title='bbox 1994 4254 2212 4323; x_wconf 89' lang='lat' dir='ltr'><strong>quidem</strong></span> <span class='ocrx_word' id='word_1_670' title='bbox 2246 4253 2545 4323; x_wconf 89' lang='lat' dir='ltr'><strong>apostolum</strong></span> <span class='ocrx_word' id='word_1_671' title='bbox 2584 4269 2684 4307; x_wconf 90' lang='lat' dir='ltr'><strong>una</strong></span> <span class='ocrx_word' id='word_1_672' title='bbox 2717 4269 2835 4308; x_wconf 91' lang='lat' dir='ltr'><strong>cum</strong></span> <span class='ocrx_word' id='word_1_673' title='bbox 2869 4253 3084 4308; x_wconf 88' lang='lat' dir='ltr'><strong>ﬁliabus</strong></span> <span class='ocrx_word' id='word_1_674' title='bbox 3124 4254 3310 4308; x_wconf 82' lang='lat' dir='ltr'><strong>lliera—</strong></span> 
     </span>
    </p>
   </div>
   <div class='ocr_carea' id='block_1_91' title="bbox 159 4338 1674 4446">
    <p class='ocr_par' dir='ltr' id='par_1_91' title="bbox 159 4338 1664 4419">
     <span class='ocr_line' id='line_1_91' title="bbox 159 4338 1664 4419; baseline 0.007 -28"><span class='ocrx_word' id='word_1_675' title='bbox 159 4338 409 4399; x_wconf 79' lang='grc' dir='ltr'>ἀνάστασιν</span> <span class='ocrx_word' id='word_1_676' title='bbox 448 4349 566 4400; x_wconf 78' lang='grc' dir='ltr'>κατ’</span> <span class='ocrx_word' id='word_1_677' title='bbox 604 4349 761 4401; x_wconf 81' lang='grc' dir='ltr'>αὐτὸν</span> <span class='ocrx_word' id='word_1_678' title='bbox 780 4353 1059 4417; x_wconf 80' lang='grc' dir='ltr'>γεγονυῖαν</span> <span class='ocrx_word' id='word_1_679' title='bbox 1092 4352 1307 4419; x_wconf 77' lang='grc' dir='ltr'>ἱστορεῖ,</span> <span class='ocrx_word' id='word_1_680' title='bbox 1340 4351 1431 4402; x_wconf 74' lang='grc' dir='ltr'><strong>καὶ</strong></span> <span class='ocrx_word' id='word_1_681' title='bbox 1468 4346 1534 4402; x_wconf 79' lang='grc' dir='ltr'>αὖ</span> <span class='ocrx_word' id='word_1_682' title='bbox 1560 4349 1664 4402; x_wconf 83' lang='grc' dir='ltr'>πά-</span> 
     </span>
    </p>
   </div>
   <div class='ocr_carea' id='block_1_92' title="bbox 1774 4338 3371 4446">
    <p class='ocr_par' dir='ltr' id='par_1_92' title="bbox 1774 4343 3371 4413">
     <span class='ocr_line' id='line_1_92' title="bbox 1774 4343 3371 4413; baseline -0.001 -15"><span class='ocrx_word' id='word_1_683' title='bbox 1774 4345 1877 4413; x_wconf 92' lang='lat' dir='ltr'><strong>poli</strong></span> <span class='ocrx_word' id='word_1_684' title='bbox 1908 4346 2103 4413; x_wconf 80' lang='lat' dir='ltr'><strong>degere</strong></span> <span class='ocrx_word' id='word_1_685' title='bbox 2134 4344 2347 4411; x_wconf 86' lang='lat' dir='ltr'><strong>solitum</strong></span> <span class='ocrx_word' id='word_1_686' title='bbox 2389 4346 2636 4411; x_wconf 89' lang='lat' dir='ltr'><strong>superius</strong></span> <span class='ocrx_word' id='word_1_687' title='bbox 2669 4343 2969 4398; x_wconf 89' lang='lat' dir='ltr'><strong>docuimus.</strong></span> <span class='ocrx_word' id='word_1_688' title='bbox 3006 4344 3157 4397; x_wconf 85' lang='lat' dir='ltr'><strong>Nunc</strong></span> <span class='ocrx_word' id='word_1_689' title='bbox 3186 4360 3311 4397; x_wconf 87' lang='lat' dir='ltr'><strong>vero</strong></span> <span class='ocrx_word' id='word_1_690' title='bbox 3368 4410 3371 4413; x_wconf 17' lang='grc' dir='ltr'><strong>Α</strong></span> 
     </span>
    </p>
   </div>
   <div class='ocr_carea' id='block_1_93' title="bbox 159 4430 1666 4510">
    <p class='ocr_par' dir='ltr' id='par_1_93' title="bbox 159 4430 1666 4510">
     <span class='ocr_line' id='line_1_93' title="bbox 159 4430 1666 4510; baseline 0.006 -27"><span class='ocrx_word' id='word_1_691' title='bbox 159 4430 225 4484; x_wconf 87' lang='grc' dir='ltr'><strong>λιν</strong></span> <span class='ocrx_word' id='word_1_692' title='bbox 245 4436 410 4505; x_wconf 73' lang='grc' dir='ltr'>ἕτερον</span> <span class='ocrx_word' id='word_1_693' title='bbox 456 4439 749 4510; x_wconf 82' lang='grc' dir='ltr'>παράδοξον</span> <span class='ocrx_word' id='word_1_694' title='bbox 773 4442 897 4507; x_wconf 72' lang='grc' dir='ltr'>περὶ</span> <span class='ocrx_word' id='word_1_695' title='bbox 937 4440 1160 4491; x_wconf 75' lang='grc' dir='ltr'>Ἰοῦστον</span> <span class='ocrx_word' id='word_1_696' title='bbox 1191 4443 1281 4493; x_wconf 87' lang='grc' dir='ltr'><strong>τὸν</strong></span> <span class='ocrx_word' id='word_1_697' title='bbox 1313 4439 1666 4509; x_wconf 72' lang='grc' dir='ltr'>ἐπικληθέντα</span> 
     </span>
    </p>
   </div>
   <div class='ocr_carea' id='block_1_94' title="bbox 161 4518 1664 4600">
    <p class='ocr_par' dir='ltr' id='par_1_94' title="bbox 161 4518 1664 4600">
     <span class='ocr_line' id='line_1_94' title="bbox 161 4518 1664 4600; baseline 0.002 -24"><span class='ocrx_word' id='word_1_698' title='bbox 161 4518 408 4591; x_wconf 77' lang='grc' dir='ltr'>Βαρσαϐἄν</span> <span class='ocrx_word' id='word_1_699' title='bbox 440 4528 551 4598; x_wconf 86' lang='grc'>(78)</span> <span class='ocrx_word' id='word_1_700' title='bbox 596 4530 844 4596; x_wconf 84' lang='grc' dir='ltr'>γεγονὸς,</span> <span class='ocrx_word' id='word_1_701' title='bbox 876 4529 949 4591; x_wconf 89' lang='grc' dir='ltr'>ὡς</span> <span class='ocrx_word' id='word_1_702' title='bbox 1006 4530 1322 4599; x_wconf 82' lang='grc' dir='ltr'>δηλητήριον</span> <span class='ocrx_word' id='word_1_703' title='bbox 1381 4531 1664 4600; x_wconf 76' lang='grc' dir='ltr'>φάρμακον</span> 
     </span>
    </p>
   </div>
   <div class='ocr_carea' id='block_1_95' title="bbox 162 4608 1666 4689">
    <p class='ocr_par' dir='ltr' id='par_1_95' title="bbox 162 4608 1666 4689">
     <span class='ocr_line' id='line_1_95' title="bbox 162 4608 1666 4689; baseline 0.005 -26"><span class='ocrx_word' id='word_1_704' title='bbox 162 4608 407 4679; x_wconf 83' lang='grc' dir='ltr'>ὲμπιόντος</span> <span class='ocrx_word' id='word_1_705' title='bbox 429 4620 522 4671; x_wconf 74' lang='grc' dir='ltr'>καὶ</span> <span class='ocrx_word' id='word_1_706' title='bbox 548 4619 709 4687; x_wconf 78' lang='grc' dir='ltr'>μηδὲν</span> <span class='ocrx_word' id='word_1_707' title='bbox 737 4619 894 4687; x_wconf 82' lang='grc' dir='ltr'>ἀηδὲς</span> <span class='ocrx_word' id='word_1_708' title='bbox 924 4618 1009 4670; x_wconf 77' lang='grc' dir='ltr'>διὰ</span> <span class='ocrx_word' id='word_1_709' title='bbox 1042 4619 1135 4688; x_wconf 77' lang='grc' dir='ltr'>τὴν</span> <span class='ocrx_word' id='word_1_710' title='bbox 1155 4619 1249 4671; x_wconf 89' lang='grc' dir='ltr'><strong>τοῦ</strong></span> <span class='ocrx_word' id='word_1_711' title='bbox 1280 4622 1481 4689; x_wconf 85' lang='grc' dir='ltr'>Κυρίου</span> <span class='ocrx_word' id='word_1_712' title='bbox 1509 4620 1666 4688; x_wconf 89' lang='grc' dir='ltr'>χάριν</span> 
     </span>
    </p>
   </div>
   <div class='ocr_carea' id='block_1_96' title="bbox 161 4697 1663 4779">
    <p class='ocr_par' dir='ltr' id='par_1_96' title="bbox 161 4697 1663 4779">
     <span class='ocr_line' id='line_1_96' title="bbox 161 4697 1663 4779; baseline 0.003 -25"><span class='ocrx_word' id='word_1_713' title='bbox 161 4697 528 4769; x_wconf 77' lang='grc' dir='ltr'>ὕπομείναντος.</span> <span class='ocrx_word' id='word_1_714' title='bbox 556 4707 753 4760; x_wconf 75' lang='grc' dir='ltr'>Τοῦτον</span> <span class='ocrx_word' id='word_1_715' title='bbox 782 4707 838 4759; x_wconf 83' lang='grc' dir='ltr'><strong>δὲ</strong></span> <span class='ocrx_word' id='word_1_716' title='bbox 862 4706 950 4758; x_wconf 78' lang='grc' dir='ltr'>τὸν</span> <span class='ocrx_word' id='word_1_717' title='bbox 986 4706 1211 4758; x_wconf 87' lang='grc' dir='ltr'>Ἰοῦστον</span> <span class='ocrx_word' id='word_1_718' title='bbox 1256 4710 1392 4774; x_wconf 86' lang='grc' dir='ltr'>μετὰ</span> <span class='ocrx_word' id='word_1_719' title='bbox 1428 4709 1526 4779; x_wconf 82' lang='grc' dir='ltr'>τὴν</span> <span class='ocrx_word' id='word_1_720' title='bbox 1571 4708 1663 4759; x_wconf 88' lang='grc' dir='ltr'><strong>τοῦ</strong></span> 
     </span>
    </p>
   </div>
   <div class='ocr_carea' id='block_1_97' title="bbox 160 4784 1665 4889">
    <p class='ocr_par' dir='ltr' id='par_1_97' title="bbox 160 4784 1665 4889">
     <span class='ocr_line' id='line_1_97' title="bbox 160 4784 1665 4889; baseline 0.029 -52"><span class='ocrx_word' id='word_1_721' title='bbox 417 4795 677 4863; x_wconf 75' lang='grc' dir='ltr'>ἀνάληψιν</span> <span class='ocrx_word' id='word_1_722' title='bbox 701 4835 715 4857; x_wconf 85' lang='grc'><strong>,</strong></span> <span class='ocrx_word' id='word_1_723' title='bbox 760 4796 887 4858; x_wconf 80' lang='grc' dir='ltr'>τοὺς</span> <span class='ocrx_word' id='word_1_724' title='bbox 935 4798 1109 4865; x_wconf 71' lang='grc' dir='ltr'>ἱεροὺς</span> <span class='ocrx_word' id='word_1_725' title='bbox 1166 4797 1491 4871; x_wconf 55' lang='grc' dir='ltr'>ἀποστᾴλθυς</span> <span class='ocrx_word' id='word_1_726' title='bbox 1527 4797 1665 4889; x_wconf 52' lang='grc' dir='ltr'><strong>μεδᾲ</strong></span> 
     </span>
    </p>
   </div>
   <div class='ocr_carea' id='block_1_98' title="bbox 161 4875 1666 4956">
    <p class='ocr_par' dir='ltr' id='par_1_98' title="bbox 161 4875 1666 4956">
     <span class='ocr_line' id='line_1_98' title="bbox 161 4875 1666 4956; baseline 0.009 -30"><span class='ocrx_word' id='word_1_727' title='bbox 161 4875 341 4933; x_wconf 79' lang='grc' dir='ltr'>Ματθία</span> <span class='ocrx_word' id='word_1_728' title='bbox 370 4882 558 4950; x_wconf 73' lang='grc' dir='ltr'>στῆσαί</span> <span class='ocrx_word' id='word_1_729' title='bbox 590 4902 646 4937; x_wconf 84' lang='grc' dir='ltr'><strong>τε</strong></span> <span class='ocrx_word' id='word_1_730' title='bbox 674 4886 767 4939; x_wconf 74' lang='grc' dir='ltr'><strong>καὶ</strong></span> <span class='ocrx_word' id='word_1_731' title='bbox 814 4884 1137 4950; x_wconf 74' lang='grc' dir='ltr'>ἐπεύξασθαι</span> <span class='ocrx_word' id='word_1_732' title='bbox 1168 4884 1288 4937; x_wconf 80' lang='grc' dir='ltr'>ἀντὶ</span> <span class='ocrx_word' id='word_1_733' title='bbox 1324 4885 1417 4937; x_wconf 83' lang='grc' dir='ltr'><strong>τοῦ</strong></span> 
     </span>
    </p>
   </div>
   <div class='ocr_carea' id='block_1_99' title="bbox 163 5010 1661 5085">
    <p class='ocr_par' dir='ltr' id='par_1_99' title="bbox 163 5010 1661 5085">
     <span class='ocr_line' id='line_1_99' title="bbox 163 5010 1661 5085; baseline 0.007 -23"><span class='ocrx_word' id='word_1_734' title='bbox 163 5010 341 5085; x_wconf 70' lang='lat' dir='ltr'><strong>merito</strong></span> <span class='ocrx_word' id='word_1_735' title='bbox 377 5018 717 5083; x_wconf 81' lang='lat' dir='ltr'><strong>reprehendit</strong></span> <span class='ocrx_word' id='word_1_736' title='bbox 771 5028 923 5073; x_wconf 86' lang='lat' dir='ltr'><strong>vetus</strong></span> <span class='ocrx_word' id='word_1_737' title='bbox 972 5019 1291 5074; x_wconf 89' lang='lat' dir='ltr'><strong>scholiastes</strong></span> <span class='ocrx_word' id='word_1_738' title='bbox 1336 5018 1419 5070; x_wconf 88' lang='lat' dir='ltr'><strong>bis</strong></span> <span class='ocrx_word' id='word_1_739' title='bbox 1458 5020 1661 5085; x_wconf 78' lang='lat' dir='ltr'><strong>verbis,</strong></span> 
     </span>
    </p>
   </div>
   <div class='ocr_carea' id='block_1_100' title="bbox 165 5082 1659 5157">
    <p class='ocr_par' dir='ltr' id='par_1_100' title="bbox 165 5082 1659 5157">
     <span class='ocr_line' id='line_1_100' title="bbox 165 5082 1659 5157; baseline 0.007 -28"><span class='ocrx_word' id='word_1_740' title='bbox 165 5091 260 5157; x_wconf 68' lang='lat' dir='ltr'><strong>qua:</strong></span> <span class='ocrx_word' id='word_1_741' title='bbox 282 5082 344 5135; x_wconf 82' lang='lat' dir='ltr'><strong>ad</strong></span> <span class='ocrx_word' id='word_1_742' title='bbox 375 5082 670 5157; x_wconf 69' lang='lat' dir='ltr'><strong>marginem</strong></span> <span class='ocrx_word' id='word_1_743' title='bbox 701 5090 902 5157; x_wconf 75' lang='lat' dir='ltr'><strong>codicis</strong></span> <span class='ocrx_word' id='word_1_744' title='bbox 938 5088 1199 5157; x_wconf 58' lang='lat' dir='ltr'><strong>Mazarini</strong></span> <span class='ocrx_word' id='word_1_745' title='bbox 1225 5090 1458 5157; x_wconf 79' lang='lat' dir='ltr'><strong>ascripta</strong></span> <span class='ocrx_word' id='word_1_746' title='bbox 1492 5082 1659 5157; x_wconf 50' lang='lat' dir='ltr'><strong>sunt}</strong></span> 
     </span>
    </p>
   </div>
   <div class='ocr_carea' id='block_1_101' title="bbox 162 5146 1663 5227">
    <p class='ocr_par' dir='ltr' id='par_1_101' title="bbox 162 5146 1663 5227">
     <span class='ocr_line' id='line_1_101' title="bbox 162 5146 1663 5227; baseline 0.007 -29"><span class='ocrx_word' id='word_1_747' title='bbox 162 5146 214 5227; x_wconf 76' lang='lat' dir='ltr'><strong>&#39;_l&#39;l</strong></span> <span class='ocrx_word' id='word_1_748' title='bbox 225 5164 296 5200; x_wconf 87' lang='grc' dir='ltr'><strong>σοι</strong></span> <span class='ocrx_word' id='word_1_749' title='bbox 428 5146 541 5227; x_wconf 71' lang='grc' dir='ltr'>τοῖς</span> <span class='ocrx_word' id='word_1_750' title='bbox 565 5153 658 5227; x_wconf 77' lang='grc' dir='ltr'><strong>τοῦ</strong></span> <span class='ocrx_word' id='word_1_751' title='bbox 684 5156 826 5227; x_wconf 70' lang='grc' dir='ltr'>ίεροῦ</span> <span class='ocrx_word' id='word_1_752' title='bbox 845 5146 1459 5227; x_wconf 13' lang='grc' dir='ltr'>γωήμὲπκλδωόγρις,</span> <span class='ocrx_word' id='word_1_753' title='bbox 1507 5149 1663 5218; x_wconf 80' lang='grc' dir='ltr'><strong>ὲνοῖς</strong></span> 
     </span>
    </p>
   </div>
   <div class='ocr_carea' id='block_1_102' title="bbox 160 5216 1661 5293">
    <p class='ocr_par' dir='ltr' id='par_1_102' title="bbox 160 5216 1661 5293">
     <span class='ocr_line' id='line_1_102' title="bbox 160 5216 1661 5293; baseline -0.003 -14"><span class='ocrx_word' id='word_1_754' title='bbox 160 5216 340 5293; x_wconf 48' lang='grc' dir='ltr'><strong>ὅσον-τὸ</strong></span> <span class='ocrx_word' id='word_1_755' title='bbox 373 5218 562 5293; x_wconf 49' lang='grc' dir='ltr'>ὄφελος</span> <span class='ocrx_word' id='word_1_756' title='bbox 596 5222 645 5293; x_wconf 72' lang='grc' dir='ltr'><strong>ρὶ</strong></span> <span class='ocrx_word' id='word_1_757' title='bbox 673 5216 1082 5291; x_wconf 66' lang='grc' dir='ltr'>ὀρδοδόξως”καὶ</span> <span class='ocrx_word' id='word_1_758' title='bbox 1115 5216 1427 5293; x_wconf 13' lang='grc' dir='ltr'>είλικρινῶςγ</span> <span class='ocrx_word' id='word_1_759' title='bbox 1447 5216 1661 5293; x_wconf 54' lang='grc' dir='ltr'>ὲνίξετυὲ</span> 
     </span>
    </p>
   </div>
   <div class='ocr_carea' id='block_1_103' title="bbox 160 5286 1665 5361">
    <p class='ocr_par' dir='ltr' id='par_1_103' title="bbox 160 5286 1665 5361">
     <span class='ocr_line' id='line_1_103' title="bbox 160 5286 1665 5361; baseline 0.002 -21"><span class='ocrx_word' id='word_1_760' title='bbox 160 5286 351 5361; x_wconf 45' lang='lat' dir='ltr'><strong>mittite;</strong></span> <span class='ocrx_word' id='word_1_761' title='bbox 371 5286 552 5361; x_wconf 78' lang='grc' dir='ltr'>σαφῷς</span> <span class='ocrx_word' id='word_1_762' title='bbox 603 5286 1012 5361; x_wconf 74' lang='grc' dir='ltr'>ἴσασιν.”Απαγε</span> <span class='ocrx_word' id='word_1_763' title='bbox 1035 5295 1142 5347; x_wconf 83' lang='grc' dir='ltr'>τῶν</span> <span class='ocrx_word' id='word_1_764' title='bbox 1163 5286 1550 5361; x_wconf 77' lang='grc' dir='ltr'>διασυρμῶν,ὧ</span> <span class='ocrx_word' id='word_1_765' title='bbox 1578 5292 1665 5361; x_wconf 59' lang='grc' dir='ltr'><strong>λοέ</strong></span> 
     </span>
    </p>
   </div>
   <div class='ocr_carea' id='block_1_104' title="bbox 161 5309 1659 5433">
    <p class='ocr_par' dir='ltr' id='par_1_104' title="bbox 161 5309 1659 5433">
     <span class='ocr_line' id='line_1_104' title="bbox 161 5309 1659 5411; baseline -0.005 -60"><span class='ocrx_word' id='word_1_766' title='bbox 161 5309 351 5353; x_wconf 70' lang='grc' dir='ltr'>χηιστες</span> <span class='ocrx_word' id='word_1_767' title='bbox 371 5309 552 5356; x_wconf 76' lang='grc' dir='ltr'>σαφως</span> <span class='ocrx_word' id='word_1_768' title='bbox 604 5309 1012 5361; x_wconf 54' lang='grc' dir='ltr'>ισασινσιὶπαγε</span> <span class='ocrx_word' id='word_1_769' title='bbox 1035 5313 1142 5347; x_wconf 89' lang='grc' dir='ltr'><strong>των</strong></span> <span class='ocrx_word' id='word_1_770' title='bbox 1163 5309 1490 5411; x_wconf 70' lang='grc' dir='ltr'>οιασυρμων,</span> <span class='ocrx_word' id='word_1_771' title='bbox 1506 5310 1550 5343; x_wconf 90' lang='grc' dir='ltr'><strong>ω</strong></span> <span class='ocrx_word' id='word_1_772' title='bbox 1580 5309 1659 5345; x_wconf 86' lang='grc' dir='ltr'><strong>ΑΟ-</strong></span> 
     </span>
     <span class='ocr_line' id='line_1_105' title="bbox 161 5353 1659 5433; baseline -0.005 -15"><span class='ocrx_word' id='word_1_773' title='bbox 161 5353 357 5433; x_wconf 60' lang='grc' dir='ltr'><strong>ξιάνξαῖξ</strong></span> <span class='ocrx_word' id='word_1_774' title='bbox 374 5372 387 5384; x_wconf 88' lang='lat'><strong>&#39;</strong></span> <span class='ocrx_word' id='word_1_775' title='bbox 424 5356 666 5433; x_wconf 64' lang='grc' dir='ltr'>Ῑῑείσξεται</span> <span class='ocrx_word' id='word_1_776' title='bbox 693 5359 905 5433; x_wconf 46' lang='grc' dir='ltr'>γᾴρ-σοι</span> <span class='ocrx_word' id='word_1_777' title='bbox 934 5363 1040 5415; x_wconf 85' lang='grc' dir='ltr'><strong>τῶν</strong></span> <span class='ocrx_word' id='word_1_778' title='bbox 1069 5364 1204 5433; x_wconf 86' lang='grc' dir='ltr'>ὅλων</span> <span class='ocrx_word' id='word_1_779' title='bbox 1241 5361 1410 5433; x_wconf 82' lang='grc' dir='ltr'>ούδες</span> <span class='ocrx_word' id='word_1_780' title='bbox 1439 5361 1539 5429; x_wconf 80' lang='grc' dir='ltr'><strong>τῆς</strong></span> <span class='ocrx_word' id='word_1_781' title='bbox 1567 5360 1659 5412; x_wconf 86' lang='grc' dir='ltr'><strong>τοῦ</strong></span> 
     </span>
    </p>
   </div>
   <div class='ocr_carea' id='block_1_105' title="bbox 164 5418 1654 5499">
    <p class='ocr_par' dir='ltr' id='par_1_105' title="bbox 164 5418 1654 5499">
     <span class='ocr_line' id='line_1_106' title="bbox 164 5418 1654 5499; baseline 0.002 -23"><span class='ocrx_word' id='word_1_782' title='bbox 164 5418 268 5499; x_wconf 71' lang='grc' dir='ltr'>Θεοῦ</span> <span class='ocrx_word' id='word_1_783' title='bbox 306 5418 1103 5499; x_wconf 55' lang='grc' dir='ltr'>Ἐκξιλησίαςκτοῦ</span> <span class='ocrx_word' id='word_1_784' title='bbox 1130 5432 1339 5485; x_wconf 74' lang='grc' dir='ltr'>ἅπαντα</span> <span class='ocrx_word' id='word_1_785' title='bbox 1366 5418 1423 5483; x_wconf 75' lang='grc' dir='ltr'><strong>ἐν</strong></span> <span class='ocrx_word' id='word_1_786' title='bbox 1459 5418 1654 5499; x_wconf 54' lang='grc' dir='ltr'>σεμνυ-</span> 
     </span>
    </p>
   </div>
   <div class='ocr_carea' id='block_1_106' title="bbox 161 5492 1652 5577">
    <p class='ocr_par' dir='ltr' id='par_1_106' title="bbox 161 5492 1652 5577">
     <span class='ocr_line' id='line_1_107' title="bbox 161 5492 1652 5577; baseline 0.004 -34"><span class='ocrx_word' id='word_1_787' title='bbox 161 5492 363 5577; x_wconf 45' lang='grc' dir='ltr'>Ἡμένοιε</span> <span class='ocrx_word' id='word_1_788' title='bbox 400 5492 517 5545; x_wconf 70' lang='grc' dir='ltr'>ἐστὶ</span> <span class='ocrx_word' id='word_1_789' title='bbox 543 5496 654 5556; x_wconf 84' lang='grc' dir='ltr'>τοῖς</span> <span class='ocrx_word' id='word_1_790' title='bbox 698 5492 976 5565; x_wconf 69' lang='grc' dir='ltr'>τροφίμοις</span> <span class='ocrx_word' id='word_1_791' title='bbox 1006 5492 1105 5571; x_wconf 78' lang='grc' dir='ltr'><strong>τῆς</strong></span> <span class='ocrx_word' id='word_1_792' title='bbox 1142 5498 1437 5562; x_wconf 75' lang='grc' dir='ltr'>εὐσεϐείας,</span> <span class='ocrx_word' id='word_1_793' title='bbox 1461 5492 1548 5565; x_wconf 61' lang='grc' dir='ltr'><strong>ὑφ’</strong></span> <span class='ocrx_word' id='word_1_794' title='bbox 1579 5493 1652 5551; x_wconf 82' lang='grc' dir='ltr'>ὧν</span> 
     </span>
    </p>
   </div>
   <div class='ocr_carea' id='block_1_107' title="bbox 212 5618 1651 5704">
    <p class='ocr_par' dir='ltr' id='par_1_107' title="bbox 212 5618 1651 5704">
     <span class='ocr_line' id='line_1_108' title="bbox 212 5618 1651 5704; baseline 0.002 -21"><span class='ocrx_word' id='word_1_795' title='bbox 212 5630 305 5700; x_wconf 87' lang='grc'><strong>(77)</strong></span> <span class='ocrx_word' id='word_1_796' title='bbox 342 5618 777 5704; x_wconf 46' lang='lat' dir='ltr'><strong>Emittam</strong></span> <span class='ocrx_word' id='word_1_797' title='bbox 820 5632 945 5697; x_wconf 84' lang='grc' dir='ltr'>ταῖς</span> <span class='ocrx_word' id='word_1_798' title='bbox 973 5637 1320 5701; x_wconf 71' lang='grc' dir='ltr'>ὲραηνείαις.</span> <span class='ocrx_word' id='word_1_799' title='bbox 1359 5636 1433 5691; x_wconf 89' lang='lat' dir='ltr'><strong>Ita</strong></span> <span class='ocrx_word' id='word_1_800' title='bbox 1458 5635 1651 5704; x_wconf 74' lang='lat' dir='ltr'><strong>legitur</strong></span> 
     </span>
    </p>
   </div>
   <div class='ocr_carea' id='block_1_108' title="bbox 435 5721 1035 5785">
    <p class='ocr_par' dir='ltr' id='par_1_108' title="bbox 435 5721 1035 5785">
     <span class='ocr_line' id='line_1_109' title="bbox 435 5721 1035 5785; baseline 0.005 -3"><span class='ocrx_word' id='word_1_801' title='bbox 435 5725 698 5783; x_wconf 70' lang='grc' dir='ltr'>Ρηιιοι..</span> <span class='ocrx_word' id='word_1_802' title='bbox 746 5721 857 5783; x_wconf 80' lang='lat' dir='ltr'><strong>Gn.</strong></span> <span class='ocrx_word' id='word_1_803' title='bbox 906 5722 1035 5785; x_wconf 78' lang='lat' dir='ltr'><strong>XX.</strong></span> 
     </span>
    </p>
   </div>
   <div class='ocr_carea' id='block_1_109' title="bbox 1770 4432 3311 4502">
    <p class='ocr_par' dir='ltr' id='par_1_109' title="bbox 1770 4432 3311 4502">
     <span class='ocr_line' id='line_1_110' title="bbox 1770 4432 3311 4502; baseline -0.003 -14"><span class='ocrx_word' id='word_1_804' title='bbox 1770 4434 2215 4501; x_wconf 87' lang='lat' dir='ltr'><strong>quemadmodum</strong></span> <span class='ocrx_word' id='word_1_805' title='bbox 2250 4433 2463 4502; x_wconf 85' lang='lat' dir='ltr'><strong>Papias.</strong></span> <span class='ocrx_word' id='word_1_806' title='bbox 2500 4434 2591 4501; x_wconf 92' lang='lat' dir='ltr'><strong>qui</strong></span> <span class='ocrx_word' id='word_1_807' title='bbox 2630 4433 2820 4487; x_wconf 86' lang='lat' dir='ltr'><strong>iisdem</strong></span> <span class='ocrx_word' id='word_1_808' title='bbox 2876 4434 3205 4502; x_wconf 90' lang='lat' dir='ltr'><strong>temporibus</strong></span> <span class='ocrx_word' id='word_1_809' title='bbox 3234 4432 3311 4484; x_wconf 78' lang='lat' dir='ltr'><strong>vi—</strong></span> 
     </span>
    </p>
   </div>
   <div class='ocr_carea' id='block_1_110' title="bbox 1770 4521 3311 4592">
    <p class='ocr_par' dir='ltr' id='par_1_110' title="bbox 1770 4521 3311 4592">
     <span class='ocr_line' id='line_1_111' title="bbox 1770 4521 3311 4592; baseline -0.003 -15"><span class='ocrx_word' id='word_1_810' title='bbox 1770 4524 1868 4586; x_wconf 83' lang='lat' dir='ltr'><strong>xit,</strong></span> <span class='ocrx_word' id='word_1_811' title='bbox 1899 4525 2197 4578; x_wconf 87' lang='lat' dir='ltr'><strong>mirabilem</strong></span> <span class='ocrx_word' id='word_1_812' title='bbox 2229 4526 2516 4592; x_wconf 86' lang='lat' dir='ltr'><strong>quamdam</strong></span> <span class='ocrx_word' id='word_1_813' title='bbox 2547 4526 2913 4577; x_wconf 82' lang='lat' dir='ltr'><strong>narrationem</strong></span> <span class='ocrx_word' id='word_1_814' title='bbox 2945 4538 2974 4575; x_wconf 88' lang='lat' dir='ltr'><strong>a</strong></span> <span class='ocrx_word' id='word_1_815' title='bbox 3001 4522 3225 4591; x_wconf 80' lang='lat' dir='ltr'><strong>Philippi</strong></span> <span class='ocrx_word' id='word_1_816' title='bbox 3251 4521 3311 4573; x_wconf 79' lang='lat' dir='ltr'><strong>ﬁ-</strong></span> 
     </span>
    </p>
   </div>
   <div class='ocr_carea' id='block_1_111' title="bbox 1768 4611 3310 4683">
    <p class='ocr_par' dir='ltr' id='par_1_111' title="bbox 1768 4611 3310 4683">
     <span class='ocr_line' id='line_1_112' title="bbox 1768 4611 3310 4683; baseline -0.003 -16"><span class='ocrx_word' id='word_1_817' title='bbox 1768 4616 1940 4669; x_wconf 85' lang='lat' dir='ltr'><strong>liabus</strong></span> <span class='ocrx_word' id='word_1_818' title='bbox 1996 4616 2269 4683; x_wconf 91' lang='lat' dir='ltr'><strong>accepisse</strong></span> <span class='ocrx_word' id='word_1_819' title='bbox 2335 4630 2392 4668; x_wconf 89' lang='lat' dir='ltr'><strong>se</strong></span> <span class='ocrx_word' id='word_1_820' title='bbox 2443 4614 2644 4676; x_wconf 85' lang='lat' dir='ltr'><strong>refert,</strong></span> <span class='ocrx_word' id='word_1_821' title='bbox 2692 4618 3053 4681; x_wconf 81' lang='lat' dir='ltr'><strong>exponamus.</strong></span> <span class='ocrx_word' id='word_1_822' title='bbox 3114 4611 3310 4665; x_wconf 86' lang='lat' dir='ltr'><strong>Scribit</strong></span> 
     </span>
    </p>
   </div>
   <div class='ocr_carea' id='block_1_112' title="bbox 1766 4701 3304 4757">
    <p class='ocr_par' dir='ltr' id='par_1_112' title="bbox 1766 4701 3304 4757">
     <span class='ocr_line' id='line_1_113' title="bbox 1766 4701 3304 4757; baseline -0.005 -1"><span class='ocrx_word' id='word_1_823' title='bbox 1766 4706 1906 4757; x_wconf 91' lang='lat' dir='ltr'><strong>enim</strong></span> <span class='ocrx_word' id='word_1_824' title='bbox 1937 4714 2202 4757; x_wconf 92' lang='lat' dir='ltr'><strong>mortuum</strong></span> <span class='ocrx_word' id='word_1_825' title='bbox 2231 4719 2325 4757; x_wconf 86' lang='lat' dir='ltr'><strong>sua</strong></span> <span class='ocrx_word' id='word_1_826' title='bbox 2353 4712 2511 4754; x_wconf 62' lang='lat' dir='ltr'><strong>aetate</strong></span> <span class='ocrx_word' id='word_1_827' title='bbox 2535 4701 2599 4752; x_wconf 90' lang='lat' dir='ltr'><strong>ad</strong></span> <span class='ocrx_word' id='word_1_828' title='bbox 2630 4701 2795 4753; x_wconf 84' lang='lat' dir='ltr'><strong>vitam</strong></span> <span class='ocrx_word' id='word_1_829' title='bbox 2828 4717 2948 4755; x_wconf 90' lang='lat' dir='ltr'><strong>esse</strong></span> <span class='ocrx_word' id='word_1_830' title='bbox 2980 4710 3304 4754; x_wconf 82' lang='lat' dir='ltr'><strong>revocatum.</strong></span> 
     </span>
    </p>
   </div>
   <div class='ocr_carea' id='block_1_113' title="bbox 1730 4785 3306 4861">
    <p class='ocr_par' dir='ltr' id='par_1_113' title="bbox 1730 4785 3306 4861">
     <span class='ocr_line' id='line_1_114' title="bbox 1730 4785 3306 4861; baseline -0.007 -14"><span class='ocrx_word' id='word_1_831' title='bbox 1730 4798 1733 4803; x_wconf 73' lang='grc'><strong><em>’</em></strong></span> <span class='ocrx_word' id='word_1_832' title='bbox 1767 4794 2007 4846; x_wconf 88' lang='lat' dir='ltr'><strong>Alterum</strong></span> <span class='ocrx_word' id='word_1_833' title='bbox 2042 4808 2257 4861; x_wconf 88' lang='lat' dir='ltr'><strong>quoque</strong></span> <span class='ocrx_word' id='word_1_834' title='bbox 2284 4785 2472 4859; x_wconf 75' lang='lat' dir='ltr'><strong>ingens</strong></span> <span class='ocrx_word' id='word_1_835' title='bbox 2504 4790 2817 4844; x_wconf 78' lang='lat' dir='ltr'><strong>miraculum</strong></span> <span class='ocrx_word' id='word_1_836' title='bbox 2852 4790 3035 4857; x_wconf 81' lang='lat' dir='ltr'><strong>refert</strong></span> <span class='ocrx_word' id='word_1_837' title='bbox 3065 4792 3128 4842; x_wconf 90' lang='lat' dir='ltr'><strong>de</strong></span> <span class='ocrx_word' id='word_1_838' title='bbox 3155 4788 3306 4839; x_wconf 85' lang='lat' dir='ltr'><strong>Justo</strong></span> 
     </span>
    </p>
   </div>
   <div class='ocr_carea' id='block_1_114' title="bbox 1766 4874 3305 4951">
    <p class='ocr_par' dir='ltr' id='par_1_114' title="bbox 1766 4874 3305 4951">
     <span class='ocr_line' id='line_1_115' title="bbox 1766 4874 3305 4951; baseline -0.007 -17"><span class='ocrx_word' id='word_1_839' title='bbox 1766 4882 1854 4950; x_wconf 92' lang='lat' dir='ltr'><strong>qui</strong></span> <span class='ocrx_word' id='word_1_840' title='bbox 1894 4880 2160 4934; x_wconf 87' lang='lat' dir='ltr'><strong>Barsabas</strong></span> <span class='ocrx_word' id='word_1_841' title='bbox 2206 4882 2619 4951; x_wconf 77' lang='lat' dir='ltr'><strong>cognominatus</strong></span> <span class='ocrx_word' id='word_1_842' title='bbox 2650 4891 2729 4934; x_wconf 92' lang='lat' dir='ltr'><strong>est</strong></span> <span class='ocrx_word' id='word_1_843' title='bbox 2768 4897 2783 4945; x_wconf 92' lang='lat'><strong>;</strong></span> <span class='ocrx_word' id='word_1_844' title='bbox 2836 4880 2924 4948; x_wconf 88' lang='lat' dir='ltr'><strong>qui</strong></span> <span class='ocrx_word' id='word_1_845' title='bbox 2966 4893 3084 4933; x_wconf 92' lang='lat' dir='ltr'><strong>cum</strong></span> <span class='ocrx_word' id='word_1_846' title='bbox 3113 4874 3305 4928; x_wconf 80' lang='lat' dir='ltr'><strong>lethale</strong></span> 
     </span>
    </p>
   </div>
   <div class='ocr_carea' id='block_1_115' title="bbox 1769 5005 3303 5085">
    <p class='ocr_par' dir='ltr' id='par_1_115' title="bbox 1769 5005 3303 5085">
     <span class='ocr_line' id='line_1_116' title="bbox 1769 5005 3303 5085; baseline -0.012 -11"><span class='ocrx_word' id='word_1_847' title='bbox 1769 5014 1819 5085; x_wconf 63' lang='lat' dir='ltr'><strong>in</strong></span> <span class='ocrx_word' id='word_1_848' title='bbox 1857 5012 2039 5085; x_wconf 53' lang='lat' dir='ltr'><strong>codice</strong></span> <span class='ocrx_word' id='word_1_849' title='bbox 2070 5011 2256 5085; x_wconf 78' lang='lat' dir='ltr'><strong>Regio,</strong></span> <span class='ocrx_word' id='word_1_850' title='bbox 2294 5022 2346 5066; x_wconf 94' lang='lat' dir='ltr'><strong>et</strong></span> <span class='ocrx_word' id='word_1_851' title='bbox 2376 5015 2787 5085; x_wconf 15' lang='lat' dir='ltr'><strong>recteiquidem,</strong></span> <span class='ocrx_word' id='word_1_852' title='bbox 2822 5022 2879 5064; x_wconf 90' lang='lat' dir='ltr'><strong>ut</strong></span> <span class='ocrx_word' id='word_1_853' title='bbox 2907 5011 3109 5085; x_wconf 80' lang='lat' dir='ltr'><strong>opinor.</strong></span> <span class='ocrx_word' id='word_1_854' title='bbox 3145 5005 3303 5084; x_wconf 73' lang='lat' dir='ltr'><strong>Certe</strong></span> 
     </span>
    </p>
   </div>
   <div class='ocr_carea' id='block_1_116' title="bbox 1768 5081 3300 5151">
    <p class='ocr_par' dir='ltr' id='par_1_116' title="bbox 1768 5081 3300 5151">
     <span class='ocr_line' id='line_1_117' title="bbox 1768 5081 3300 5151; baseline -0.007 -16"><span class='ocrx_word' id='word_1_855' title='bbox 1768 5083 1992 5135; x_wconf 81' lang='lat' dir='ltr'><strong>Ruﬁnus</strong></span> <span class='ocrx_word' id='word_1_856' title='bbox 2025 5081 2167 5151; x_wconf 75' lang='lat' dir='ltr'><strong>hunc</strong></span> <span class='ocrx_word' id='word_1_857' title='bbox 2205 5083 2379 5145; x_wconf 86' lang='lat' dir='ltr'><strong>locum</strong></span> <span class='ocrx_word' id='word_1_858' title='bbox 2415 5084 2489 5135; x_wconf 88' lang='lat' dir='ltr'><strong>ita</strong></span> <span class='ocrx_word' id='word_1_859' title='bbox 2528 5084 2671 5151; x_wconf 82' lang='lat' dir='ltr'><strong>legit,</strong></span> <span class='ocrx_word' id='word_1_860' title='bbox 2711 5094 2766 5135; x_wconf 92' lang='lat' dir='ltr'><strong>ut</strong></span> <span class='ocrx_word' id='word_1_861' title='bbox 2800 5081 3150 5151; x_wconf 71' lang='lat' dir='ltr'><strong>ex_yersior_te</strong></span> <span class='ocrx_word' id='word_1_862' title='bbox 3187 5081 3300 5140; x_wconf 64' lang='lat' dir='ltr'><strong>ejus</strong></span> 
     </span>
    </p>
   </div>
   <div class='ocr_carea' id='block_1_117' title="bbox 1764 5147 3299 5220">
    <p class='ocr_par' dir='ltr' id='par_1_117' title="bbox 1764 5147 3299 5220">
     <span class='ocr_line' id='line_1_118' title="bbox 1764 5147 3299 5220; baseline -0.008 -16"><span class='ocrx_word' id='word_1_863' title='bbox 1764 5159 2028 5220; x_wconf 86' lang='lat' dir='ltr'><strong>apparet:</strong></span> <span class='ocrx_word' id='word_1_864' title='bbox 2059 5147 2183 5202; x_wconf 88' lang='lat' dir='ltr'><strong>Non</strong></span> <span class='ocrx_word' id='word_1_865' title='bbox 2236 5152 2422 5219; x_wconf 80' lang='lat' dir='ltr'><strong>pigebit</strong></span> <span class='ocrx_word' id='word_1_866' title='bbox 2472 5147 2645 5203; x_wconf 64' lang='lat' dir='ltr'><strong>autém</strong></span> <span class='ocrx_word' id='word_1_867' title='bbox 2690 5167 2779 5202; x_wconf 80' lang='lat' dir='ltr'><strong>nos</strong></span> <span class='ocrx_word' id='word_1_868' title='bbox 2833 5147 2923 5220; x_wconf 78' lang='lat' dir='ltr'><strong>tibi</strong></span> <span class='ocrx_word' id='word_1_869' title='bbox 2964 5147 3136 5220; x_wconf 65' lang='lat' dir='ltr'><strong>omnia</strong></span> <span class='ocrx_word' id='word_1_870' title='bbox 3183 5158 3299 5209; x_wconf 65' lang='lat' dir='ltr'><strong>quis</strong></span> 
     </span>
    </p>
   </div>
   <div class='ocr_carea' id='block_1_118' title="bbox 1763 5216 3298 5289">
    <p class='ocr_par' dir='ltr' id='par_1_118' title="bbox 1763 5216 3298 5289">
     <span class='ocr_line' id='line_1_119' title="bbox 1763 5216 3298 5289; baseline 0.001 -19"><span class='ocrx_word' id='word_1_871' title='bbox 1763 5216 2021 5289; x_wconf 62' lang='lat' dir='ltr'><strong>quondam</strong></span> <span class='ocrx_word' id='word_1_872' title='bbox 2052 5233 2081 5267; x_wconf 89' lang='lat' dir='ltr'><strong>a</strong></span> <span class='ocrx_word' id='word_1_873' title='bbox 2115 5216 2423 5286; x_wconf 75' lang='lat' dir='ltr'><strong>presbyteris</strong></span> <span class='ocrx_word' id='word_1_874' title='bbox 2450 5220 2743 5275; x_wconf 70' lang='lat' dir='ltr'><strong>didicimus,</strong></span> <span class='ocrx_word' id='word_1_875' title='bbox 2777 5224 2824 5266; x_wconf 82' lang='lat' dir='ltr'><strong>et</strong></span> <span class='ocrx_word' id='word_1_876' title='bbox 2856 5216 2975 5289; x_wconf 57' lang='lat' dir='ltr'><strong>bene</strong></span> <span class='ocrx_word' id='word_1_877' title='bbox 2998 5216 3298 5289; x_wconf 60' lang='grc' dir='ltr'>νιειξηεηιιμο</span> 
     </span>
    </p>
   </div>
   <div class='ocr_carea' id='block_1_119' title="bbox 1763 5282 3293 5352">
    <p class='ocr_par' dir='ltr' id='par_1_119' title="bbox 1763 5282 3293 5352">
     <span class='ocr_line' id='line_1_120' title="bbox 1763 5282 3293 5352; baseline -0.005 -14"><span class='ocrx_word' id='word_1_878' title='bbox 1763 5282 2094 5338; x_wconf 67' lang='lat' dir='ltr'><strong>recordantes</strong></span> <span class='ocrx_word' id='word_1_879' title='bbox 2144 5282 2395 5352; x_wconf 57' lang='lat' dir='ltr'><strong>exponere</strong></span> <span class='ocrx_word' id='word_1_880' title='bbox 2440 5304 2556 5339; x_wconf 88' lang='lat' dir='ltr'><strong>cum</strong></span> <span class='ocrx_word' id='word_1_881' title='bbox 2606 5282 3109 5352; x_wconf 52' lang='lat' dir='ltr'><strong>interpretationibus</strong></span> <span class='ocrx_word' id='word_1_882' title='bbox 3163 5282 3293 5352; x_wconf 55' lang='lat' dir='ltr'><strong>suis.</strong></span> 
     </span>
    </p>
   </div>
   <div class='ocr_carea' id='block_1_120' title="bbox 1763 5342 3301 5421">
    <p class='ocr_par' dir='ltr' id='par_1_120' title="bbox 1763 5342 3301 5421">
     <span class='ocr_line' id='line_1_121' title="bbox 1763 5342 3301 5421; baseline -0.004 -15"><span class='ocrx_word' id='word_1_883' title='bbox 1763 5354 1970 5421; x_wconf 80' lang='lat' dir='ltr'><strong>Reliqui</strong></span> <span class='ocrx_word' id='word_1_884' title='bbox 2002 5361 2181 5404; x_wconf 85' lang='lat' dir='ltr'><strong>tamen</strong></span> <span class='ocrx_word' id='word_1_885' title='bbox 2208 5342 2422 5410; x_wconf 73' lang='lat' dir='ltr'><strong>codices</strong></span> <span class='ocrx_word' id='word_1_886' title='bbox 2453 5356 2615 5413; x_wconf 84' lang='lat' dir='ltr'><strong>Maz..</strong></span> <span class='ocrx_word' id='word_1_887' title='bbox 2646 5342 2779 5421; x_wconf 65' lang='lat' dir='ltr'><strong>Meti.</strong></span> <span class='ocrx_word' id='word_1_888' title='bbox 2812 5363 2873 5400; x_wconf 84' lang='lat' dir='ltr'><strong>ac</strong></span> <span class='ocrx_word' id='word_1_889' title='bbox 2904 5342 3034 5399; x_wconf 80' lang='lat' dir='ltr'><strong>Fuk.</strong></span> <span class='ocrx_word' id='word_1_890' title='bbox 3062 5361 3184 5400; x_wconf 89' lang='lat' dir='ltr'><strong>cum</strong></span> <span class='ocrx_word' id='word_1_891' title='bbox 3206 5346 3301 5400; x_wconf 80' lang='lat' dir='ltr'><strong>Ni-</strong></span> 
     </span>
    </p>
   </div>
   <div class='ocr_carea' id='block_1_121' title="bbox 1761 5419 3140 5489">
    <p class='ocr_par' dir='ltr' id='par_1_121' title="bbox 1761 5419 3140 5489">
     <span class='ocr_line' id='line_1_122' title="bbox 1761 5419 3140 5489; baseline -0.007 -13"><span class='ocrx_word' id='word_1_892' title='bbox 1761 5419 1995 5489; x_wconf 85' lang='lat' dir='ltr'><strong>cephoro</strong></span> <span class='ocrx_word' id='word_1_893' title='bbox 2030 5421 2289 5489; x_wconf 81' lang='lat' dir='ltr'><strong>scriptum</strong></span> <span class='ocrx_word' id='word_1_894' title='bbox 2320 5425 2518 5478; x_wconf 88' lang='lat' dir='ltr'><strong>habent</strong></span> <span class='ocrx_word' id='word_1_895' title='bbox 2545 5419 2810 5489; x_wconf 79' lang='grc' dir='ltr'>συντάξαι.</span> <span class='ocrx_word' id='word_1_896' title='bbox 2874 5487 2903 5489; x_wconf 94' lang='lat'>_</span> <span class='ocrx_word' id='word_1_897' title='bbox 3088 5480 3140 5489; x_wconf 41' lang='lat' dir='ltr'><strong>ﬂ</strong></span> 
     </span>
    </p>
   </div>
   <div class='ocr_carea' id='block_1_122' title="bbox 1826 5482 3291 5559">
    <p class='ocr_par' dir='ltr' id='par_1_122' title="bbox 1826 5482 3291 5559">
     <span class='ocr_line' id='line_1_123' title="bbox 1826 5482 3291 5559; baseline -0.001 -18"><span class='ocrx_word' id='word_1_898' title='bbox 1826 5482 1934 5559; x_wconf 73' lang='lat'><strong>(78)</strong></span> <span class='ocrx_word' id='word_1_899' title='bbox 1988 5482 2261 5542; x_wconf 60' lang='grc' dir='ltr'>Ἰοῦστον</span> <span class='ocrx_word' id='word_1_900' title='bbox 2284 5492 2389 5545; x_wconf 81' lang='grc' dir='ltr'>τὸν</span> <span class='ocrx_word' id='word_1_901' title='bbox 2434 5487 2825 5559; x_wconf 44' lang='lat' dir='ltr'><strong>extunderet:</strong></span> <span class='ocrx_word' id='word_1_902' title='bbox 2866 5482 3197 5559; x_wconf 57' lang='grc' dir='ltr'><strong>Βςρᾳαῦξᾶνε</strong></span> <span class='ocrx_word' id='word_1_903' title='bbox 3236 5482 3291 5535; x_wconf 87' lang='lat' dir='ltr'><strong>In</strong></span> 
     </span>
    </p>
   </div>
   <div class='ocr_carea' id='block_1_123' title="bbox 1758 5551 3293 5622">
    <p class='ocr_par' dir='ltr' id='par_1_123' title="bbox 1758 5551 3293 5622">
     <span class='ocr_line' id='line_1_124' title="bbox 1758 5551 3293 5622; baseline -0.005 -12"><span class='ocrx_word' id='word_1_904' title='bbox 1758 5551 1927 5610; x_wconf 68' lang='lat' dir='ltr'><strong>tribus</strong></span> <span class='ocrx_word' id='word_1_905' title='bbox 1956 5559 2153 5612; x_wconf 89' lang='lat' dir='ltr'><strong>nostris</strong></span> <span class='ocrx_word' id='word_1_906' title='bbox 2178 5562 2450 5617; x_wconf 90' lang='lat' dir='ltr'><strong>codicibus</strong></span> <span class='ocrx_word' id='word_1_907' title='bbox 2480 5551 2643 5622; x_wconf 57' lang='grc' dir='ltr'>Μαι,</span> <span class='ocrx_word' id='word_1_908' title='bbox 2667 5556 2799 5608; x_wconf 78' lang='lat' dir='ltr'><strong>Med.</strong></span> <span class='ocrx_word' id='word_1_909' title='bbox 2834 5564 2888 5607; x_wconf 87' lang='lat' dir='ltr'><strong>et</strong></span> <span class='ocrx_word' id='word_1_910' title='bbox 2915 5552 3031 5605; x_wconf 73' lang='lat' dir='ltr'><strong>Fuit</strong></span> <span class='ocrx_word' id='word_1_911' title='bbox 3101 5551 3293 5620; x_wconf 77' lang='lat' dir='ltr'><strong>legitur</strong></span> 
     </span>
    </p>
   </div>
   <div class='ocr_carea' id='block_1_124' title="bbox 1753 5624 2085 5694">
    <p class='ocr_par' dir='ltr' id='par_1_124' title="bbox 1753 5624 2085 5694">
     <span class='ocr_line' id='line_1_125' title="bbox 1753 5624 2085 5694; baseline -0.003 -17"><span class='ocrx_word' id='word_1_912' title='bbox 1753 5624 2085 5694; x_wconf 75' lang='grc' dir='ltr'>Βαρσαϐϐᾶν.</span> 
     </span>
    </p>
   </div>
   <div class='ocr_carea' id='block_1_125' title="bbox 2916 5712 2989 5771">
    <p class='ocr_par' dir='ltr' id='par_1_125' title="bbox 2916 5712 2989 5771">
     <span class='ocr_line' id='line_1_126' title="bbox 2916 5712 2989 5771; baseline 0.041 -3"><span class='ocrx_word' id='word_1_913' title='bbox 2916 5712 2989 5771; x_wconf 89' lang='grc'><strong>10</strong></span> 
     </span>
    </p>
   </div>
  </div>
