3970 6340
590 320 688 348 ῑῗέἔ

590 342 692 373 000

1281 320 1544 374 EUSEBII
1581 320 2051 376 CESARIENSIS
2087 319 2233 375 OPP.
2273 317 2448 372 PARS
2484 317 2522 370 I.
2565 347 2632 359 —
2668 314 3054 369 IIISTORICA.
3655 309 3745 362 336

594 441 760 488 teant.
817 430 979 485 Multo
1024 432 1164 484 enim
1212 436 1381 501 magis
1415 434 1517 486 illis
1547 435 1798 487 convenit
1823 435 2007 500 punire
2036 447 2126 486 eos

2243 427 2379 496 Ἐγὼ
2415 430 2511 497 μὲν
2539 425 2650 480 οἶδα
2679 427 2759 479 ὅτι
2790 428 2884 479 καὶ
2921 427 3032 486 τοῖς
3067 421 3205 486 θεοῖς
3243 417 3495 488 ἐπιμελές
3522 417 3652 479 ἐστι,
3685 419 3747 487 μὴ

589 524 681 592 qui
709 522 882 576 colere
913 521 1053 590 ipsos
1080 534 1366 584 recusant,
1398 537 1557 590 quam
1586 524 1757 576 vobis.
1790 524 1888 588 Qui
1920 538 2126 581 eorum.

595 614 850 666 adversus
883 626 1014 678 quos
1043 611 1472 674 tumultuamini,
1506 611 1822 664 sententiam
1849 625 1910 662 ac
1938 624 2131 677 propo-

593 704 753 757 situm
783 701 1006 768 amplius
1039 701 1374 754 conﬁrmatis
1396 741 1411 765 ,
1443 702 1564 754 dum
1595 716 1687 753 eos
1716 700 1980 752 accusatis
2016 710 2131 751 tan-

591 807 748 860 quam
783 791 988 857 impios.
1044 789 1150 842 Illis
1198 797 1374 842 autem
1422 789 1583 854 longe
1615 790 1895 856 optabilius
1938 773 2126 854 fuerit,

591 889 648 932 ut
676 880 725 932 in
746 882 833 946 jus
863 878 1034 930 vocati
1068 887 1291 930 mortem
1319 889 1570 946 oppetere
1594 881 1875 932 videantur
1904 894 1998 947 pro
2021 879 2128 933 Deo

591 986 722 1033 suo,
776 974 932 1037 quam
968 979 1024 1021 ut
1054 969 1348 1022 incolumes
1390 979 1724 1022 remaneant.
1779 969 1856 1022 lla
1901 972 2130 1022 victores

591 1062 863 1124 evadunt,
914 1061 1121 1112 animas
1165 1075 1289 1112 suas
1327 1060 1504 1126 potius
1553 1059 1924 1126 projicientes,
1971 1075 2126 1128 quam

591 1159 651 1202 nt
678 1164 738 1202 ea
775 1148 953 1200 facere
984 1164 1098 1215 qua:
1124 1163 1217 1200 vos
1243 1149 1478 1213 jubetis,
1517 1147 1570 1199 in
1600 1148 1833 1200 animum
1868 1163 2018 1199 suum
2051 1148 2129 1199 in-

593 1243 810 1294 ducant.
866 1240 1126 1292 Cinterum
1174 1239 1239 1291 de
1298 1239 1684 1292 terraeinotilius
1734 1240 1823 1306 qui
1868 1239 1950 1292 vel
2003 1238 2126 1291 facti

589 1340 716 1384 sunt
763 1330 844 1384 vel
877 1332 1167 1382 etiamnum
1218 1329 1382 1393 ﬁunt,
1446 1345 1549 1382 non
1592 1328 1878 1382 absurdum
1922 1330 2129 1382 videtur

594 1436 689 1474 vos
739 1434 1108 1482 commonere,
1168 1421 1254 1487 qui
1301 1430 1356 1472 et
1392 1421 1596 1473 animos
1650 1420 1879 1484 abjicitis
1923 1420 2128 1486 quoties

596 1510 896 1579 hujiismodi
927 1525 1082 1562 casus
1111 1510 1458 1577 contingunt,
1491 1521 1541 1564 et
1567 1521 1738 1563 vestra
1765 1526 1880 1562 cum
1901 1511 2127 1562 illorum

599 1601 854 1654 institutis
887 1600 1228 1664 comparatis.
1287 1601 1446 1667 Atqui
1497 1601 1571 1652 illi
1617 1601 1831 1667 quidem
1876 1601 2124 1668 majorem

598 1701 723 1744 tunc
755 1691 1000 1743 ﬁduciam
1035 1692 1084 1742 in
1119 1691 1226 1742 Deo
1255 1691 1535 1743 collocant.
1574 1692 1680 1745 Vos
1707 1706 1830 1743 vero
1857 1707 1951 1759 per
1973 1706 2126 1744 omne

598 1782 726 1834 illud
756 1790 962 1847 tempus
987 1796 1089 1848 quo
1122 1795 1228 1847 prie
1261 1781 1526 1848 imperitia
1558 1767 1661 1833 lalii
1697 1782 1822 1833 mihi
1851 1782 2125 1845 videmini,
2163 1767 2204 1820 Β

595 1873 722 1924 deos
773 1871 1079 1938 negligitis:
1128 1879 1182 1922 et
1229 1880 1339 1922 tum
1375 1872 1510 1923 alias
1543 1872 1888 1924 caeremonias
1920 1871 2130 1938 insuper

597 1944 841 2023 habetis,
890 1969 996 2011 tum
1047 1961 1248 2013 cultum
1297 1961 1613 2014 immortalis
1660 1962 1798 2014 illius
1831 1997 1845 2018 ,
1884 1971 1934 2013 et
1978 1962 2130 2014 Cliri-

595 2052 795 2103 stianos
820 2051 908 2115 qui
942 2049 1083 2101 illum
1113 2062 1430 2112 venerantur
1450 2076 1470 2114 ,-
1496 2051 1788 2118 espellitis,
1817 2061 1868 2106 et
1896 2055 1958 2103 ad
1984 2067 2128 2103 mor-

595 2149 700 2192 teni
734 2155 898 2207 usque
926 2140 1176 2193 infestius
1205 2144 1517 2209 perurgetis.
1558 2141 1719 2193 Porro
1747 2143 1812 2195 de
1843 2143 1926 2194 bis
1960 2143 2128 2194 homi-

595 2231 749 2283 nibus
775 2230 978 2297 plurimi
1009 2231 1158 2300 127
1193 2219 1582 2298 provinciarum
1603 2241 1837 2284 rectores
1859 2231 1976 2283 divo
1991 2232 2126 2299 patri

595 2330 780 2372 nostro
800 2329 951 2372 antea
973 2329 1320 2386 scripserunt.
1343 2319 1547 2384 Quibus
1574 2320 1660 2372 ille
1678 2322 1969 2387 rescripsit,
1987 2321 2127 2386 ejus-

598 2411 738 2461 modi
769 2410 1006 2463 homines
1041 2409 1181 2462 nulla
1209 2410 1449 2477 molestia
1483 2410 1792 2463 alliciendos
1820 2425 1973 2472 esse,
2021 2410 2122 2462 nisi

597 2498 734 2553 forte
759 2509 942 2552 contra
992 2509 1187 2554 statum
1225 2500 1432 2569 imperii
1469 2501 1691 2552 Romani
1724 2501 1923 2568 aliquid
1954 2499 2124 2552 moliri

593 2579 918 2644 viderentur.
941 2586 1113 2642 Sedet
1135 2589 1282 2642 inulti
1301 2590 1365 2641 ad
1384 2603 1467 2641 ine
1484 2591 1546 2641 de
1564 2590 1666 2643 illis
1681 2590 1970 2642 retulerunt
1989 2605 2002 2640 :
2019 2591 2128 2657 qui-

596 2682 694 2733 bus
716 2695 814 2748 ego
842 2682 1007 2748 patris
1034 2681 1134 2732 niei
1157 2680 1595 2732 constitutionem
1625 2690 1835 2732 secutus
1863 2682 2125 2748 respondi.

595 2772 745 2836 Quod
779 2774 819 2824 si
865 2772 983 2838 quis
1016 2772 1186 2824 adhuc
1233 2772 1403 2838 pergit
1434 2771 1684 2837 cuiquam
1730 2771 1936 2822 illorum
1971 2786 2130 2836 nego-

599 2857 727 2910 tium
760 2856 1021 2910 facessere
1051 2873 1114 2911 es
1157 2872 1217 2909 eo
1246 2859 1385 2926 quod
1418 2858 1752 2910 Christianus
1794 2859 1891 2920 sit,
1925 2860 2128 2915 delatus

596 2949 808 3013 quidem
855 2948 1075 3000 crimine
1125 2947 1465 3011 absolvatur,
1521 2948 1731 2999 tametsi
1783 2956 1984 3000 constet
2009 2963 2126 2999 eum

598 3038 768 3103 reipsa
799 3036 1166 3088 Christianum
1195 3051 1332 3090 esse.
1368 3035 1577 3088 Delator
1602 3046 1777 3090 autem
1807 3038 1920 3104 ipse
1948 3049 2129 3105 pinnas

2229 518 2500 571 λανθάνειν
2539 517 2660 579 τοὺς
2691 515 2978 575 τοιούτους.
3027 511 3166 563 Πολὺ
3207 508 3310 578 γὰρ
3348 506 3542 578 μᾶλλον
3575 507 3750 560 ἐκεῖνοι

2229 611 2506 664 κολάσαιεν
2549 610 2611 662 ἂν
2656 609 2778 670 τοὺς
2820 607 2893 678 μὴ
2931 604 3506 681 βουλομένουςσαύτοὺς
3537 618 3754 670 προσκυ-

2227 699 2355 753 νεῖν.
2384 697 2416 766 ἢ
2449 698 2618 765 ὑμεῖς.
2649 696 2753 758 Οὒς
2786 698 2864 756 εἰς
2890 693 3126 764 ταραχὴν
3159 691 3479 761 ἐμϐάλλετε,
3510 690 3756 759 βεϐαιοῦν-

2225 804 2317 848 τες
2338 787 2434 855 τὴν
2456 784 2674 854 γνώμην
2700 787 2873 837 αὐτῶν
2900 786 3076 854 ἥνπερ
3105 785 3314 852 ἔχουσιν
3346 783 3476 851 (45),
3500 781 3572 843 ὡς
3597 781 3755 833 ἀθέων

2226 878 2670 948 κατηγοροῦντες.
2707 880 2801 948 Εῖη
2843 880 2888 932 δ’
2922 879 2986 931 ἂν
3030 880 3296 940 κάκείνοις
3324 877 3534 942 αἱρετὸν
3566 876 3671 945 (46)
3703 876 3756 927 τὸ

2225 967 2396 1020 δοκεῖν
2431 968 2920 1037 κατηγορουμένους
2944 967 3054 1034 (47)
3077 966 3322 1019 τεθνάναι
3351 966 3566 1036 μᾶλλον,
3594 965 3623 1034 ἡ
3647 963 3752 1034 ζῇν,

2225 1057 2363 1127 ὑπὲρ
2381 1058 2472 1110 τοῦ
2495 1058 2690 1110 οἰκείου
2721 1058 2875 1111 Θεοῦ.
2933 1059 3090 1111 Ὅθεν
3117 1059 3209 1109 κα).
3234 1058 3441 1119 νικῶσι,
3467 1056 3756 1125 προιέμενοι

2224 1147 2321 1209 τὰς
2380 1148 2583 1199 ἑαυτῶν
2641 1147 2832 1224 ψυχὰς,
2876 1149 3016 1217 ἥπερ
3066 1147 3371 1216 πειθόμενοι
3420 1142 3500 1207 οἷς
3557 1143 3754 1210 ἀξιοῦτε

2227 1239 2482 1307 πράττειν
2525 1237 2736 1299 αὐτούς.
2767 1239 2901 1306 Περὶ
2931 1237 2986 1288 δέ
3012 1237 3117 1289 τῶν
3155 1237 3392 1306 σεισμῶν
3423 1237 3530 1288 τῶν
3564 1237 3758 1302 γεγονό·

2224 1345 2329 1380 των
2367 1328 2460 1379 καὶ
2509 1328 2802 1397 γινομένων
2851 1328 2950 1379 οὐκ
3003 1328 3196 1380 ἄτοπον
3250 1329 3390 1395 ὑμᾶς
3443 1327 3756 1394 ὑπομνῆσαι,

2224 1416 2556 1486 ἀθυμοῦντας
2588 1419 2682 1486 μὲν
2704 1419 2828 1470 ὅταν
2859 1434 2960 1487 περ
2989 1412 3109 1480 ὦσι,
3140 1417 3574 1487 παραϐάλλοντας
3601 1416 3654 1466 δὲ
3695 1417 3760 1468 τὰ

2225 1509 2464 1578 ἡμέτερα
2495 1508 2603 1578 (48)
2648 1509 2781 1578 πρὸς
2817 1509 2884 1559 τά
2917 1509 3154 1560 ἐκείνων.
3203 1510 3264 1561 Οἱ
3310 1510 3404 1577 μὲν
3436 1504 3526 1561 οῦν
3573 1509 3760 1578 εὐπαρ-

2227 1601 2627 1671 ρησιαστύτεροι
2687 1600 2922 1666 γίνονται
2980 1600 3114 1671 πρὸς
3147 1601 3237 1652 τὸν
3289 1601 3454 1651 Θεόν·
3512 1601 3662 1668 ὑμεῖς
3707 1600 3762 1650 δὲ

2226 1691 2372 1761 παρά
2397 1693 2571 1743 πάντα
2597 1692 2687 1742 τὸν
2719 1692 2905 1760 χρόνον
2940 1691 3060 1742 καθ’
3087 1691 3145 1741 ὃν
3179 1692 3385 1757 ἀγνοεῖν
3411 1690 3631 1750 δοκεῖτε,
3663 1691 3762 1741 τῶν

2231 1797 2289 1832 τε
2316 1781 2450 1832 θεῶν
2478 1781 2569 1833 καὶ
2599 1780 2705 1832 τῶν
2739 1781 2910 1833 ἀλλων
2948 1766 3214 1848 ἀμελεῖτε,
3243 1781 3331 1832 κα).
3360 1781 3455 1845 τῆς
3483 1778 3763 1849 θρησκείας

2231 1873 2327 1939 τῆς
2359 1871 2483 1938 περὶ
2513 1871 2599 1921 τὸν
2621 1871 2903 1930 ἀθάνατον,
2928 1870 2985 1920 ὃν
3011 1870 3072 1938 δὴ
3101 1871 3224 1931 τοὺς
3247 1871 3595 1939 Χριστιανοὺς
3650 1869 3766 1937 θρη-

2233 1960 2517 2022 σκεύοντας
2541 1961 2781 2014 ἐλαύνετε
2811 1962 2900 2012 καὶ
2938 1959 3156 2012 διώκετε
3189 1960 3290 2021 ἓως
3324 1959 3568 2012 θανάτου.
3607 1960 3764 2028 Ὑπὲρ

2229 2051 2283 2103 δὲ
2336 2049 2439 2102 τῶν
2490 2049 2759 2113 τοιούτων,
2815 2050 2912 2119 ἠδη
2964 2050 3056 2102 καὶ
3110 2050 3290 2100 πολλοὶ
3345 2050 3452 2101 τῶν
3498 2050 3622 2118 περὶ
3678 2050 3765 2109 τὰς

2229 2141 2489 2209 ἐπαρχίας
2515 2140 2790 2209 ἡγεμόνων
2830 2141 2921 2192 καὶ
2950 2139 3025 2208 τῷ
3064 2139 3318 2208 θειοτάτῳ
3347 2142 3380 2209 ἡ
3391 2139 3504 2208 μῶν
3534 2138 3765 2209 ἐυραψαω

2231 2230 2393 2299 πατρί
2436 2229 2572 2296 (49)·
2623 2225 2702 2291 οἷς
2732 2231 2825 2282 καί
2856 2230 3154 2300 ἀντέγραψε
3191 2229 3353 2299 μηδὲν
3387 2230 3618 2298 ἐνοχλεῖν
3662 2231 3764 2290 τοῖς

2230 2320 2510 2382 τοιούτοις,
2556 2322 2604 2372 εἰ
2655 2319 2727 2389 μὴ
2777 2320 3041 2387 φαίνοιντό
3084 2337 3136 2372 τι
3181 2320 3305 2390 περὶ
3346 2319 3441 2388 τὴν
3493 2319 3766 2387 Ῥωμαίων

2228 2411 2516 2480 ἡγεμονίαν
2545 2411 2928 2481 ἐγχειροῦντες.
2958 2413 3066 2463 Καὶ
3096 2413 3216 2479 ἐμοὶ
3241 2411 3296 2462 δὲ
3323 2410 3448 2480 περὶ
3478 2409 3584 2461 τῶν
3610 2408 3770 2460 τοιού-

2228 2518 2332 2554 των
2360 2501 2535 2553 πολλοὶ
2559 2503 2854 2572 ἐσήμαναν,
2885 2496 2964 2563 οἷς
2991 2502 3053 2569 δὴ
3075 2503 3165 2554 καὶ
3187 2501 3517 2571 ἀντέγραψα,
3544 2515 3770 2552 κατακο-

2229 2587 2428 2639 λουθῶν
2455 2591 2518 2657 τῇ
2542 2587 2631 2640 τοῦ
2660 2590 2861 2659 πατρὸς
2883 2589 3092 2661 γνώμῃ.
3119 2591 3180 2640 Εἰ
3203 2590 3258 2642 δέ
3283 2607 3364 2652 τις
3389 2588 3634 2656 ἐπιμένοι
3655 2587 3770 2638 τινὰ

2229 2681 2332 2731 τῶν
2363 2679 2611 2730 τοιούτων
2653 2681 2730 2741 εἰς
2763 2680 3057 2749 πράγματα
3096 2680 3272 2748 φέρων
3307 2679 3381 2740 ὠς
3421 2679 3484 2746 δὴ
3514 2676 3770 2736 τοιοῦτον.

2231 2763 2429 2830 ἐκεῖνος
2469 2773 2496 2821 ὁ
2527 2770 2960 2838 καταφερόμενος
3003 2769 3343 2822 ἀπολελύσθω
3375 2769 3467 2820 τοῦ
3511 2767 3776 2837 ἐγκλήμα-

2230 2879 2336 2923 τος,
2369 2863 2460 2912 κα).
2490 2860 2580 2910 ἐάν
2611 2854 2860 2929 φαίνηται
2889 2860 3122 2923 τοιοῦτος
3156 2859 3256 2910 ὤν’
3289 2861 3315 2909 ὁ
3343 2860 3396 2911 δὲ
3435 2860 3771 2928 καταφέρων,

2233 2950 2410 3017 ἔνοχος
2442 2948 2591 3000 ἔσται
2613 2949 2784 3016 δίκης.
2817 2948 3084 3018 Προετέθη
3115 2951 3170 3000 ἐν
3220 2950 3424 3015 Ἐφέσῳ
3451 2948 3561 3016 (50)
3605 2950 3660 2999 ἐν
3698 2948 3775 3015 τῷ

2235 3041 2391 3109 κοινῷ
2433 3041 2530 3108 τῆς
2578 3039 2756 3101 Ἀσίας
2804 3040 2934 3109 (51).
2974 3057 2992 3088 ›
3034 3037 3252 3100 Τούτοις
3289 3037 3428 3088 οὕτω
3468 3039 3773 3107 χωρήσασιν

596 3190 650 3241 in
712 3204 763 3239 iv
797 3190 942 3244 Orat.
1007 3203 1297 3241 sacrarum.
1341 3189 1405 3241 Et
1453 3189 1712 3242 Aristides
1761 3189 1970 3254 quidem
2027 3190 2132 3243 illic
2159 3199 2200 3253 (ς
2234 3205 2444 3244 sensum
2483 3191 2623 3243 linnc
2652 3190 2937 3242 admittere
2968 3205 3070 3241 non
3105 3199 3348 3255 possunt.
3379 3189 3589 3256 Optime
3633 3188 3774 3241 Lan-

596 3257 802 3319 scribit,
851 3257 948 3308 hoc
989 3258 1270 3310 concilium
1310 3257 1360 3308 in
1403 3258 1677 3324 superiore
1725 3257 1951 3325 Phrygia
2005 3275 2127 3312 con-

595 3327 821 3386 venisse,
857 3327 1030 3386 idest,
1073 3328 1316 3393 Apamea:
1355 3327 1435 3377 vel
1469 3328 1752 3392 Synnadis.
1809 3327 2023 3379 Videtur
2056 3338 2127 3380 ta-

598 3409 717 3462 men
750 3397 909 3445 etiam
939 3395 988 3445 in
1029 3394 1145 3445 aliis
1171 3395 1478 3447 civitatibus
1515 3405 1889 3460 congregatum
1937 3396 2121 3449 fuisse.

596 3463 762 3516 Erant
789 3473 842 3514 et
868 3465 918 3513 in
949 3463 1066 3516 aliis
1094 3464 1380 3529 provinciis
1413 3463 1590 3530 populi
1621 3463 2117 3529 Roiii.'-bojusmodi

597 3533 844 3593 concilia,
871 3541 927 3582 ut
959 3533 1240 3584 concilium
1267 3535 1555 3596 provinciae
1592 3532 1800 3594 Africai,
1832 3534 2118 3587 concilium

596 3599 1023 3669 Byzacenorum,
1105 3602 1392 3653 concilium
1493 3599 1973 3666 Tripolitanorum;
2056 3605 2123 3656 de

595 3672 1016 3790 ggébigsmnotavi
1067 3670 1132 3722 ad
1191 3670 1283 3723 lib.
1337 3684 1500 3723 xxviii
1566 3672 1741 3722 Anim.
1791 3670 2122 3736 Marcellini,

594 3753 711 3805 pag.
741 3753 773 3790 ο
791 3753 861 3789 ιο.

664 3807 770 3875 (45)
810 3805 1186 3870 Βεϐαιοῦντες
1237 3804 1349 3873 τὴν
1407 3805 1642 3875 γνώμην
1687 3807 1881 3861 αὐτῶν
1942 3807 2129 3875 ἥνπερ

589 3892 853 3948 σχοινσιη.
901 3876 1228 3948 Nicephorius
1271 3886 1388 3942 post
1437 3880 1546 3948 haec
1587 3881 1743 3948 verba
1806 3878 1953 3930 addit
2001 3878 2127 3948 περὶ

595 3945 766 4014 ἡμῶν..
803 3944 968 4008 Quam
1000 3947 1320 4010 scripturam
1352 3947 1629 3997 conlirmat
1660 3946 1830 3999 Ruﬁni
1864 3944 2125 4014 interpre-

597 4025 745 4065 tatio.
787 4014 889 4065 Sed
922 4029 1027 4076 vos,
1062 4015 1257 4080 inquit,
1291 4015 1606 4080 con/innatis
1647 4033 1820 4067 eorum
1855 4032 1979 4082 quos
2010 4032 2124 4082 per-

595 4084 858 4147 sequimiiii
896 4085 1194 4134 sententiam
1221 4099 1376 4150 quam
1411 4084 1474 4135 de
1502 4084 1636 4136 vobis
1666 4086 1870 4148 habent,
1903 4087 2125 4136 dicentes

593 4165 679 4218 tos
712 4152 889 4215 impios
918 4167 1041 4202 esse.
1145 4185 1149 4189 -
1491 4208 1499 4218 _
1781 4198 1783 4200 .
2043 4198 2047 4201 .

664 4217 773 4285 (46)
816 4218 921 4282 Εἵη
951 4219 999 4269 δ’
1024 4219 1098 4270 ἂν
1137 4220 1429 4282 κάκείνοις
1460 4217 1710 4284 αἱρετόν.
1741 4219 1792 4270 In
1823 4221 1991 4272 tribus
2026 4236 2124 4272 no-

596 4294 724 4356 stris
753 4287 1023 4356 codicibus
1058 4288 1213 4348 Maz.,
1243 4289 1383 4356 Med.
1404 4298 1455 4338 et
1485 4287 1611 4339 Fuk.
1643 4289 1834 4353 legitur
1876 4289 1958 4356 εἴη
1988 4289 2030 4339 δ’
2061 4291 2126 4342 ἂν

593 4353 816 4412 ἐκείνοις
841 4354 1247 4422 alpe'rdyquain
1285 4355 1599 4420 scripturam
1633 4358 1798 4422 magis
1832 4353 2016 4422 probo.

663 4422 773 4487 (47)
827 4420 892 4470 Τὸ
931 4421 1127 4472 δοκεῖν
1177 4423 1610 4488 κατηγορουμέν

593 4492 760 4543 codex
804 4490 1017 4555 Regius,
1049 4491 1129 4539 cui
1169 4500 1435 4540 eo:.seiitit
1467 4490 1814 4555 hicepborus.
1843 4489 2034 4542 Verum
2068 4494 2119 4544 in

594 4565 778 4611 codice
819 4557 1086 4606 Mazarino
1121 4569 1175 4628 et
1201 4555 1491 4628 Fiiketiauo
1527 4560 1784 4621 scriptum
1837 4559 2010 4628 inveni
2047 4559 2123 4628 τῷ

592 4628 762 4679 δοκεῖν
809 4623 1310 4742 κατηγορουμένοις.
1362 4625 1537 4676 Codex
1600 4637 1775 4675 autem
1848 4623 2124 4680 Medica-us

595 4706 848 4742 Stfl'lllllllll
893 4695 1050 4742 habet
1087 4710 1115 4742 τ
1168 4693 1337 4742 δοκεῖν
1363 4694 1862 4742 κατηγορουμένοις.
1896 4694 2045 4742 Onod
2078 4698 2123 4742 si

595 4706 848 4758 scriptum
893 4695 1050 4745 habet
1087 4693 1143 4743 τὸ
1168 4693 1337 4743 δοκεῖν
1363 4694 1862 4761 κατηγορουμένοις.
1896 4694 2045 4756 Quod
2078 4698 2123 4746 si

593 4765 652 4815 τὸ
713 4763 884 4812 δοκεῖν
943 4764 1223 4827 legamus,—
1260 4764 1591 4812 ri-tereiiuum
1651 4773 1752 4812 erit
1797 4766 1859 4812 ad
1911 4762 2123 4812 verbum

593 4831 867 4891 τεθνάναι,
919 4833 1052 4881 sient
1102 4828 1604 4898 retiilitiblusculus.
1653 4829 1707 4880 Si
1759 4845 1881 4880 vero
1925 4828 2000 4898 τῷ
2038 4829 2124 4882 δο-

596 4905 706 4952 κεῖν
733 4917 848 4951 cum
886 4899 1017 4952 Mal.
1055 4911 1104 4948 et
1135 4897 1267 4950 Fuk.
1299 4897 1396 4962 legi
1429 4897 1617 4959 placet,
1645 4909 1751 4948 tum
1786 4897 2122 4961 referendum

595 4963 696 5022 erit
728 4972 789 5037 ad
816 4974 1031 5021 verbum
1063 4965 1555 5037 κατηγορουμένους
1588 4976 1743 5032 prout
1771 4968 1948 5019 retulit
1987 4966 2125 5019 Lan-

600 5055 712 5104 gus.
759 5035 845 5088 Sic
888 5040 1028 5090 enim
1072 5047 1228 5087 vertit
1269 5034 1520 5096 EQuibus
1561 5039 1902 5101 prarstabilius
1931 5039 2121 5100 etiam,

597 5109 718 5156 dum
756 5106 1267 5180 accusariarguique
1302 5107 1555 5166 videntur,
1593 5119 1684 5171 pro
1726 5105 1831 5156 Deo
1866 5122 1957 5157 suo
1994 5106 2141 5180 mori.

599 5181 786 5237 potius,
810 5191 959 5241 quam
992 5175 1043 5224 in
1073 5176 1168 5224 vita
1208 5189 1431 5241 manere.

667 5242 769 5309 ('48)
810 5237 1300 5309 Πίιρᾱϐἁλλοντας
1325 5238 1390 5290 δὲ
1414 5237 1484 5291 τὰ
1528 5239 1791 5308 ἡμέτερα.
1822 5241 2119 5311 Legendum

600 5311 804 5361 videtur
832 5314 894 5364 τὰ
921 5314 1198 5382 ὑμέτερα,
1221 5324 1276 5362 ιιι
1308 5311 1562 5382 scribitur
1593 5317 1729 5377 apud
1773 5311 2036 5364 Iustinum
2067 5312 2119 5363 in

602 5382 743 5429 calce
787 5380 1120 5447 Apol-agetici.
1171 5381 1338 5445 Quam
1410 5380 1723 5444 scripturam
1779 5393 1988 5432 secutus
2041 5390 2122 5432 est

601 5447 1124 5512 Cbrisopliorsonus.
1156 5453 1244 5501 bii:
1277 5448 1416 5500 enim
1448 5450 1604 5498 vertit
1639 5449 1776 5502 hunc
1807 5453 1974 5500 locum
2004 5463 2018 5498 :
2053 5447 2120 5501 Et

602 5513 822 5586 infelices
853 5519 998 5569 vestri
1029 5520 1256 5569 omnium
1287 5532 1438 5566 casus
1469 5531 1530 5586 ιιι
1551 5516 1836 5582 religionem
1878 5530 2120 5586 tauquam

603 5585 885 5634 earumdem
911 5602 1120 5637 causam
1147 5585 1464 5652 transfertis.
1497 5585 1744 5636 Eumdem
1772 5585 1987 5652 quoque
2007 5603 2122 5637 sen-

603 5663 714 5699 sum
758 5657 1014 5716 expressit
1045 5655 1286 5709 Ruﬁnus.
1321 5656 1428 5709 bed
1456 5652 1639 5708 Graios
1669 5657 1916 5708 Antonini
1955 5657 2116 5709 verba

1612 4412 1748 4486 ουςῖ
1778 4412 1848 4473 Ita
1910 4427 2118 4488 quidem
2155 4412 2199 4464 Ῑ)

2233 3275 2349 3327 gius.
2400 3263 2585 3312 doctus
2640 3258 2921 3325 Niccpliori
2974 3260 3255 3322 interpres,
3308 3262 3443 3310 hunc
3479 3260 3646 3310 loeutn
3698 3260 3770 3309 ita

2227 3329 2425 3380 vi-rtit:
2469 3327 2543 3380 De
2590 3340 2738 3378 terra:
2775 3327 2991 3378 motibus
3042 3338 3212 3380 autem
3251 3328 3338 3392 qui
3389 3327 3465 3379 rel
3513 3328 3655 3392 fuere
3697 3330 3776 3380 vel

2225 3397 2357 3464 ﬁunt
2403 3398 2604 3457 adhuc,
2646 3413 2745 3447 non
2776 3398 3125 3460 importunum
3159 3399 3312 3464 fuerit
3357 3413 3440 3448 vos
3483 3399 3575 3463 qui
3607 3413 3665 3447 ea
3710 3400 3775 3449 de

2225 3481 2382 3533 Causa
2443 3467 2675 3516 animum
2727 3465 3090 3530 despondistis,
3165 3469 3458 3528 admonere,
3490 3476 3543 3516 ut
3574 3466 3774 3517 scilicet

2228 3550 2306 3585 res
2357 3545 2548 3586 vestras
2600 3551 2715 3585 cum
2761 3533 2912 3585 rebus
2979 3534 3191 3586 illorum
3245 3535 3542 3601 conferatis.
3600 3535 3772 3599 Igitur

2223 3601 2431 3666 Langiis
2481 3603 2621 3654 hunc
2673 3604 2840 3654 locum
2906 3603 2974 3654 ita
3021 3603 3147 3670 legit
3179 3621 3192 3656 :
3224 3604 3341 3670 Oi'ng
3383 3604 3580 3655 ἄτοπον
3628 3604 3774 3670 ὑμᾶς

2230 3671 2560 3742 ὑπομνῆσαι,
2609 3670 2943 3740 ἀθυμοῦντας
2992 3667 3116 3742 δτσῙν
3167 3689 3270 3742 περ
3308 3667 3439 3724 ὦσι·
3486 3667 3772 3740 παραϐάλ-

2228 3739 2504 3811 λονταςτά
2537 3739 2770 3811 ὑμέτερα
2795 3742 2930 3810 πρὸς
2953 3739 3020 3791 τὰ
3047 3739 3283 3811 ἐκείνων.
3309 3739 3770 3811 Quemadmodum

2228 3810 2416 3877 legitur
2453 3813 2519 3862 ad
2565 3809 2762 3862 calcem
2797 3809 3111 3876 Apologetici
3142 3810 3354 3864 Jiistini.
3387 3810 3514 3873 Quae
3551 3809 3771 3875 quidem

2229 3881 2488 3944 Scriptura
2523 3881 2647 3930 milii
2679 3879 3018 3946 vehementer
3052 3879 3240 3946 placet.
3402 3930 3405 3933 .

2297 3949 2405 4016 (49)
2450 3947 2530 4011 Τῷ
2560 3945 2830 4012 θειοτάτῳ
2867 3945 3061 4011 πατρί.
3088 3949 3258 4011 Supra
3303 3946 3620 4016 monuimus,
3650 3959 3776 4013 gra-

2228 4014 2364 4068 viter
2403 4019 2719 4068 ballueinari
2754 4016 3038 4066 Eusebium
3063 4017 3149 4080 qui
3184 4016 3319 4065 hanc
3347 4014 3626 4079 epistolam
3658 4021 3774 4066 An-

2228 4085 2410 4137 tonino
2457 4085 2550 4137 l’io
2603 4085 2931 4148 ascripserit.
2986 4082 3179 4134 Verum
3231 4084 3354 4133 licet
3403 4083 3621 4146 epistola
3673 4083 3771 4136 illa

2228 4169 2330 4204 non
2361 4155 2428 4205 sit
2465 4152 2717 4203 Antonini
2753 4151 2855 4214 Pii,
2894 4161 3186 4216 opportune
3223 4161 3396 4201 tamen
3425 4161 3477 4200 et
3502 4165 3598 4200 suo
3648 4150 3774 4205 loco

2228 4222 2311 4271 liic
2363 4221 2663 4272 adducitur.
2712 4218 2766 4269 lii
2813 4233 2874 4269 ea
2925 4220 3119 4282 quippe
3170 4217 3226 4268 ﬁt
3283 4220 3481 4269 mentio
3528 4220 3774 4284 epistola:

2227 4289 2364 4339 illius
2394 4303 2549 4354 quam
2575 4287 2877 4338 Antoninus
2906 4285 3029 4337 Pius
3058 4288 3404 4351 rescripserat
3433 4289 3498 4337 ad
3525 4301 3772 4341 reeiores

2227 4358 2653 4422 provinciarum,
2706 4355 2978 4406 consultus
3027 4355 3091 4403 ab
3146 4356 3209 4405 iis
3259 4355 3386 4419 quid
3439 4355 3772 4422 Christianis

2226 4415 2502 4491 agendum
2532 4433 2689 4476 esset.
2743 4422 2908 4486 Hujus
2949 4422 3187 4485 epistolae
3241 4415 3344 4473 divi
3394 4422 3471 4474 Pii
3523 4415 3776 4479 meminit

2221 4490 2398 4542 M’eliio
2427 4490 2563 4561 infra
2602 4506 2718 4561 cap.
2740 4491 2830 4561 ξὶ6,
2865 4506 2967 4554 qna
3019 4492 3234 4561 v‘eiitnin
3274 4505 3390 4541 esse
3420 4493 3550 4542 dicit
3594 4493 3770 4561 μηδὲν

2220 4559 2547 4627 νεωτερίζειν
2570 4547 2695 4628 περ)
2738 4547 3107 4626 Χριστιανούς.
3150 4559 3245 4610 Hic
3288 4563 3414 4628 vero
3454 4561 3504 4611 in
3541 4547 3768 4628 episiola

2224 4629 2530 4701 itii_ri_Marei
2564 4627 2756 4701 dicitur
2800 4637 3012 4678 cautum
3057 4642 3176 4679 esse
3222 4642 3250 4677 a
3297 4627 3418 4680 divo
3456 4627 3769 4701 Ρίοίμηδὲν

2221 4694 2415 4761 ὀχλεῖν,
2441 4699 2578 4761 quod
2614 4697 2746 4745 idem
2778 4707 2878 4746 est.
3257 4756 3261 4759 _

2293 4766 2401 4834 (50)
2441 4761 2760 4834 ιΙροετέθηῌ
2789 4763 2858 4813 ἐν
2913 4761 3152 4829 Ἐφέσῳ.
3208 4761 3279 4834 Id,
3324 4773 3440 4834 esti.
3496 4772 3768 4834 proposita

2222 4829 2429 4896 Ephesi.
2478 4836 2567 4882 διο
2597 4835 2649 4898 in
2696 4831 2896 4896 aliquot
2929 4834 3132 4898 legibus
3167 4833 3366 4885 codicis
3396 4829 3763 4894 Theodosiani
3845 4885 3850 4891 .

2223 4903 2464 4952 additur:
2487 4899 2563 4969 Ρ.
2590 4897 2658 4969 P.
2700 4899 2874 4950 Itonia
2893 4897 2999 4951 aut,
3013 4900 3341 4969 Carthagine.
3375 4903 3498 4967 Qua:
3528 4917 3646 4956 nota
3677 4911 3767 4959 si-

2223 4969 2436 5041 gniﬁcat
2465 4968 2965 5041 illain_imperatoris
2991 4969 3160 5041 legem
3194 4968 3399 5036 publice
3429 4978 3766 5041 propositam

2222 5036 2420 5109 essein
2471 5051 2544 5109 ea
2580 5038 2816 5088 civitate.
2863 5038 3115 5109 solebant
3161 5050 3338 5092 autem
3386 5036 3764 5109 imperatores,

2222 5105 2432 5170 quoties
2480 5104 2708 5170 aliquam
2745 5107 3171 5159 constitutionem
3221 5111 3284 5160 ad
3332 5104 3566 5163 omnium
3607 5104 3768 5164 noti;

2222 5176 2348 5225 tiam
2368 5187 2638 5246 pervenire
2670 5174 2881 5234 vellent,
2901 5189 3008 5246 sua
3042 5192 3197 5242 manu
3225 5183 3527 5232 ascribere:
3559 5179 3768 5246 Propo-

2221 5250 2398 5314 natur,
2428 5252 2483 5292 ut
2513 5244 2765 5314 discimus
2808 5241 3131 5314 eerovellis
3162 5247 3362 5314 aliquot
3394 5241 3765 5304 Valentiniani

2219 5321 2272 5361 et
2300 5309 2595 5384 Majoriani,
2627 5319 2679 5360 et
2707 5324 2788 5384 ἐκ
2815 5313 3029 5376 epistola
3057 5315 3119 5367 51
3152 5309 3348 5370 ltili-ani
3374 5317 3514 5384 Aug.
3537 5319 3600 5369 ad
3627 5319 3768 5370 Ale-

2223 5381 2530 5456 xandrinos,
2558 5380 2608 5429 in
2637 5378 2788 5456 cujus
2821 5384 2969 5456 calce
2994 5393 3258 5456 scriptun!
3289 5397 3370 5440 est
3393 5405 3408 5439 :
3434 5378 3765 5456 Πρατεθήτω

2218 5446 2893 5523 τοῖς-ῄμετέροις-πολίταες
2931 5446 3337 5523 Ἀλεξανδρεῦσι.

2278 5517 2396 5594 ⁸(ει)
2438 5516 2539 5594 ξεν
2579 5517 2658 5580 τῷ
2712 5516 2886 5594 eum;
2933 5519 3039 5594 τῆς
3089 5516 3297 5588 Ἁᾱιιις.
3325 5526 3493 5577 Aliter
3533 5523 3620 5594 hic
3657 5537 3766 5594 su-

2221 5588 2713 5660 mi.tur_Conimune_
2739 5588 2898 5660 Asiae,
2941 5591 3094 5643 aliter
3126 5594 3178 5645 in
3213 5595 3558 5660 inscriptione
3591 5590 3762 5658 huius

2221 5653 2472 5722 epistolae.
2520 5652 2650 5707 Nam
2701 5655 2752 5708 in
2806 5659 3155 5724 inscriptione
3200 5652 3415 5728 quidem
3464 5664 3613 5730 ipa,
3647 5652 3763 5716 ibi
