3934 6342
630 413 734 469 543

1332 413 1602 473 EUSEBII
1630 409 2109 469 CESARIENSIS
2148 408 2299 464 OPP.
2338 406 2517 461 PARS
2552 405 2594 459 1.
2634 436 2704 447 -
2740 402 3127 459 HISTORICA.
3716 403 3799 458 541

628 535 750 589 dam
783 536 1141 605 persecutioni
1173 537 1334 593 linem
1363 538 1645 609 imposuit.
1672 552 1689 585 ι
1718 532 1848 590 Post
1875 535 1988 589 haec
2025 541 2160 586 ante

2280 528 2499 590 Τούτοις
2535 526 2659 597 ἑξῆς
2701 523 2805 595 πρὸ
2834 524 2932 592 τῆς
2964 523 3105 609 ἀμφὶ
3145 520 3237 574 τοῦ
3264 519 3618 590 Πολυκάρπου
3645 520 3799 593 dum}

625 643 785 693 quam
813 628 1093 700 Polycarpi
1124 629 1444 700 martyrium
1489 641 1718 683 narrare
1749 625 2131 695 aggrediantur
2158 662 2174 687 ,

624 731 686 769 ea
732 717 882 784 prius
920 724 1347 772 commemorant
1378 731 1497 785 quae
1541 716 1607 769 ad
1636 715 1875 783 reliquos
1908 723 2178 780 martyres

624 809 968 874 spectabant,
1000 816 1055 862 et
1086 816 1346 875 quantam
1374 807 1536 861 animi
1563 806 1916 860 constantiam
1945 804 1997 859 in
2026 803 2170 856 dolo-

516 890 531 911 ⁶
624 897 771 949 ribus
804 897 1140 963 perferendis
1170 897 1550 960 ostenderint,
1585 895 1947 964 perscribunt.
1974 892 2176 947 Obstu-

621 987 926 1052 pescebant,
962 986 1131 1050 aiunt,
1159 1001 1348 1041 omnes
1391 986 1481 1055 qui
1523 988 1747 1039 aderant
1777 1000 1900 1040 cum
1936 984 2057 1039 illos
2096 985 2177 1035 vi-

620 1079 801 1131 derent
828 1079 1022 1145 partim
1052 1076 1233 1147 ﬂag-ris
1258 1080 1324 1131 ad
1354 1078 1571 1131 intimas
1593 1091 1761 1145 usque
1805 1092 1973 1131 venas
2000 1086 2053 1129 et
2084 1092 2174 1129 ar-

620 1169 784 1221 terias
817 1167 1050 1222 laniatos
1076 1185 1090 1232 ;
1121 1171 1255 1223 adeo
1293 1181 1353 1221 ut
1386 1168 1630 1235 corporis
1680 1169 1918 1221 membra
1963 1168 2175 1234 penitus

621 1258 912 1316 recondita.
958 1269 1009 1311 et
1034 1260 1237 1314 viscera
1270 1261 1381 1327 ipsa
1414 1259 1721 1326 conspectui
1749 1263 2175 1325 paterentzpar-

588 1386 592 1391 .
616 1348 710 1399 tim
730 1349 1053 1401 concharum
1081 1365 1200 1417 quae
1236 1349 1466 1404 buccina
1492 1352 1744 1405 dicuntur
1762 1350 1935 1413 testis,
1959 1357 2013 1399 et
2040 1362 2176 1413 prm-

617 1436 788 1488 acutis
812 1436 1131 1503 quibusdam
1168 1438 1389 1505 spiculis
1418 1438 1565 1491 humi
1598 1437 1886 1492 constratis
1916 1449 2174 1500 superpo—

614 1524 766 1589 sitos,
796 1532 848 1577 et
877 1526 1019 1578 omni
1053 1525 1439 1593 suppliciorum
1463 1540 1528 1578 ac
1556 1534 1944 1578 tormentorum
1973 1535 2174 1590 genere

614 1614 951 1669 excruciatos
984 1632 997 1668 :
1027 1616 1218 1670 bestiis
1276 1614 1531 1682 denique,
1578 1622 1638 1666 ut
1668 1612 1735 1665 ab
1771 1611 1959 1665 iisdem
2002 1609 2172 1662 lania-

532 1825 535 1829 -
615 1792 721 1846 rias
770 1799 1127 1858 spectaretur,
1176 1789 1529 1843 nihilominus
1582 1788 2002 1851 sustinuerunt,
2043 1787 2171 1858 adeo

2281 635 2433 681 σεως,
2462 617 2531 670 τὰ
2576 617 2717 669 κατὰ
2742 617 2865 677 τοὺς
2900 608 3116 674 λοιποὺς
3160 611 3495 681 ἁνιστοροῦσι
3536 611 3797 681 μάρτυρας,

2276 710 2391 772 οἵας
2428 709 2702 771 ἐνστάσεις
2732 707 2867 777 πρὸς
2890 704 2988 767 τὰς
3032 703 3325 773 ἀλγηδόνας
3347 702 3686 767 ἐνεδείξαντο,
3705 704 3796 756 διας

2276 800 2593 871 γράφοντες.
2622 796 2975 867 Καταπλῆξαι
2996 796 3104 866 γάρ
3131 812 3262 863 φασι
3287 795 3412 856 τοὺς
3444 796 3503 845 ὲν
3535 793 3706 863 κύκλῳ
3726 812 3800 847 πε-

2279 890 2567 962 ριεστῶτας
2609 882 2910 957 Θεωμένους
2935 888 3067 957 (61),
3106 886 3225 938 τοτὲ
3270 885 3365 955 μὲν
3414 883 3628 955 μάστιξι
3669 884 3798 953 μέχρι

2274 984 2369 1035 καὶ
2388 968 2495 1034 τῶν
2531 979 2792 1033 ἐνδοτάτω
2820 978 3029 1046 φλεϐῶν
3074 978 3167 1031 καὶ
3205 975 3482 1047 ἀρτηριῶν
3516 975 3813 1039 scaenicum»

2279 1074 2487 1142 μένους,
2521 1070 2595 1131 ὡς
2638 1070 2736 1140 ἤδη
2763 1069 2855 1120 καὶ
2880 1068 2948 1121 τὰ
2976 1071 3033 1122 ὲν
3067 1072 3251 1138 μυχοῖς
3291 1066 3576 1138 ἀπόρρητα
3602 1064 3687 1116 τοῦ
3719 1066 3801 1116 σώ-

2278 1179 2444 1232 ματος
2468 1161 2744 1228 σπλάγχνα
2773 1176 2829 1210 τε
2858 1159 3034 1213 αὐτῶν
3072 1160 3163 1211 καὶ
3202 1158 3335 1229 μέλη
3369 1155 3799 1209 κατοπτεύεσθαι·

2272 1231 2394 1303 τοτὲ
2416 1252 2472 1303 δὲ
2508 1252 2632 1313 τοὺς
2665 1248 2770 1302 άπὸ
2814 1249 3076 1319 Θαλάττης
3116 1231 3358 1319 κήρυκας
3386 1248 3517 1318 (62),
3561 1249 3649 1300 καί
3675 1264 3799 1309 τινας

2272 1342 2413 1405 ὀξεῖς
2437 1342 2743 1404 ὀϐελίσκους
2786 1330 3354 1409 ὑποστρωννυμένους,
3387 1340 3481 1392 καὶ
3516 1339 3603 1391 διὰ
3631 1336 3799 1401 παντὺς

2272 1434 2442 1495 εἴδους
2476 1432 2745 1486 κολάσεων
2782 1433 2873 1484 καὶ
2907 1431 3150 1500 βασάνων
3190 1432 3504 1501 προϊόντας,
3551 1429 3641 1482 καὶ
3674 1427 3799 1488 τέλος

2272 1522 2464 1593 θηρσὶν
2492 1524 2572 1585 είς
2616 1522 2775 1592 βορὰν
2810 1512 3275 1591 παραδιδομένοὺς.
3317 1520 3561 1573 Μάλιστα
3593 1520 3648 1571 δὲ
3684 1522 3800 1571 ἱστο-

2274 1611 2457 1682 ροῦσιν
2484 1613 2775 1684 διαπρέψαι
2793 1612 2881 1664 τὸν
2899 1611 3269 1680 γενναιότατον
3291 1610 3638 1679 Γερμανικὸν,
3659 1611 3799 1678 ὑποῤ-

2272 1739 2419 1783 suos,
2449 1725 2759 1791 prophetico
2785 1726 2976 1791 spiritu
3008 1724 3140 1785 dixit
3165 1743 3181 1777 :
3212 1742 3230 1774 ι
3256 1723 3441 1776 Virum
3482 1730 3567 1775 me
3593 1723 3797 1775 cremari

2272 1795 2533 1857 oportet.»
2566 1796 2731 1846 Porro
2751 1810 2871 1848 cum
2894 1797 3157 1847 instarent
3172 1794 3261 1861 qui
3293 1792 3436 1845 illum
3457 1792 3798 1858 requirebant,

615 1868 671 1911 ut
699 1857 895 1929 omnes
926 1860 1019 1926 qui
1065 1860 1317 1923 aderant,
1371 1858 1715 1929 miseratione
1748 1858 1918 1929 capti
1948 1857 2172 1925 ingemi-
2202 1858 2243 1909 Β
2275 1863 2523 1929 migravit
2577 1864 2629 1915 in
2674 1864 2831 1915 aliam
2879 1863 3055 1915 villam
3097 1900 3111 1923 ,
3153 1857 3441 1927 statimque
3494 1857 3795 1917 advenerunt

614 1936 845 1987 scerent.
888 1928 986 1995 ipsi
1020 1943 1148 1981 vero
1185 1938 1329 1980 tanta
1365 1926 1682 1980 fortitudine
1714 1926 1920 1995 praediti
1965 1935 2165 1987 essent,

615 2004 671 2048 nt
712 2011 867 2050 nemo
899 1997 1110 2049 illorum
1156 1997 1445 2064 suspirium
1490 2005 1583 2049 aut
1628 1996 1888 2061 gemitum
1921 1996 2164 2048 ediderit.

614 2065 977 2119 Ostendebant
1030 2066 1235 2119 scilicet
1280 2067 1431 2120 nobis
1481 2076 1747 2127 martyres
1785 2064 2006 2127 Christi,
2047 2078 2106 2117 se
2137 2080 2167 2116 a

615 2133 845 2202 propriis
877 2137 1197 2201 corporibus
1235 2135 1384 2202 quasi
1428 2122 1799 2203 peregrinatus
1834 2122 2166 2203 fuissedutn

616 2213 1009 2271 torquerentur.
1045 2215 1135 2257 aut
1191 2206 1366 2273 potius
1428 2202 1698 2258 CbriStuin
1749 2204 1881 2272 ipsis
1927 2202 2167 2273 astitisse

613 2282 666 2325 et
717 2273 1052 2327 familiariter
1101 2272 1220 2326 cum
1273 2274 1403 2343 ipsis
1451 2288 1572 2326 esse
1622 2286 1914 2326 versatum.
1962 2272 2210 2339 Christi_

615 2343 771 2407 igitur
804 2344 971 2412 gratia
1008 2343 1121 2395 fulti
1150 2358 1214 2397 ac
1248 2343 1553 2403 sustentati,
1584 2343 1859 2395 hominum
1901 2351 2167 2395 tormenta

611 2414 963 2476 spernebant,
1006 2414 1165 2465 unius
1195 2415 1339 2466 borze
1378 2412 1554 2479 spatio
1596 2426 1655 2465 se
1685 2413 1750 2465 ab
1784 2412 2000 2465 aeternis
2045 2425 2169 2462 cru-

612 2481 841 2535 ciatibus
888 2482 1234 2533 redimentes.
1281 2482 1531 2547 Frigidus
1576 2480 1707 2547 ipsis
1751 2481 2032 2533 videbatur
2063 2480 2165 2530 im-

617 2550 847 2602 manium
908 2550 1222 2602 carnificum
1274 2550 1412 2617 ignis
1446 2585 1461 2609 ,
1499 2550 1693 2617 quippe
1735 2550 1825 2615 qui
1879 2548 1930 2602 in
1984 2550 2166 2600 animo

616 2618 891 2679 haberent,
917 2628 1174 2671 aeternum
1208 2617 1352 2670 illum
1389 2632 1487 2671 nec
1518 2619 1626 2670 ullo
1659 2632 1892 2684 unquam
1930 2627 2167 2683 tempore

612 2686 1055 2754 exstinguendum
1091 2687 1263 2753 ignem
1292 2687 1513 2748 evitare,
1553 2695 1608 2739 et
1637 2686 1828 2739 mentis
1860 2686 2044 2739 oculos
2075 2688 2167 2738 de-

616 2758 745 2805 tixos
780 2756 1033 2808 baberent
1086 2756 1139 2806 in
1191 2757 1426 2822 pricmia,
1475 2771 1595 2822 qua:
1642 2756 1787 2808 viros
1823 2755 1991 2808 fortes
2043 2763 2165 2821 post

614 2822 869 2875 malorum
922 2824 1257 2877 tolerantiam
1306 2836 1551 2890 manent,
1600 2839 1850 2891 qumnec
1893 2825 2039 2877 auris
2071 2840 2166 2875 an-

610 2891 743 2944 divit
777 2908 872 2945 nec
901 2893 1085 2946 oculos
1110 2896 1261 2956 vidit,
1300 2908 1397 2947 nec
1439 2894 1710 2948 hominum
1744 2909 1934 2947 sensus
1963 2904 2054 2944 aut
2086 2894 2166 2945 in—

616 2960 901 3029 telligentia
953 2963 1381 3031 cmnprehendit,
1414 2964 1541 3030 ipsis
1585 2978 1711 3015 vero
1758 2974 1880 3015 tunc
1910 2963 2165 3015 ostende-

614 3032 806 3083 bantur
838 3046 863 3082 a
904 3032 1147 3095 Domino,
1181 3042 1363 3100 utpote
1390 3035 1477 3100 qui
1510 3049 1613 3086 non
1650 3033 1891 3085 homines
1914 3034 2162 3100 amplius,

612 3102 704 3152 sed
753 3102 921 3168 angeli
976 3111 1179 3156 essent.
1230 3104 1334 3156 Sed
1376 3113 1430 3155 et
1468 3103 1519 3155 hi
1552 3104 1639 3170 qui
1674 3104 1739 3153 ad
1773 3102 1972 3154 bestias
2010 3113 2165 3154 erant

2272 1931 2346 1984 illi
2397 1934 2488 1999 qui
2526 1934 2695 1999 ipsum
2741 1933 3085 1997 indagabant.
3138 1932 3353 1984 Etcum
3398 1931 3544 1982 illum
3590 1944 3688 1999 non
3726 1944 3800 1981 re-

2270 1997 2555 2067 perissent,
2580 2003 2716 2055 duos
2744 2003 2985 2056 servulos
3012 2001 3553 2065 comprehenderunt.
3580 1997 3793 2067 Quorum

2270 2066 2407 2122 alter
2442 2072 2723 2123 tormentis
2768 2071 3042 2134 subditus,
3089 2071 3348 2134 latebram
3384 2070 3501 2133 ejus
3545 2066 3792 2134 indicavit.

2269 2136 2429 2192 Certe
2461 2140 2627 2193 latere
2668 2155 2769 2193 non
2797 2128 3039 2207 poterat,
3075 2128 3514 2207 quauqunidein
3539 2133 3795 2207 domestici

2268 2208 2387 2275 ejus
2430 2220 2584 2261 erant
2622 2210 2710 2276 qui
2762 2203 2932 2277 ipsum
2978 2203 3343 2275 prodiderunt.
3389 2205 3453 2259 Et
3499 2203 3799 2277 Irenarclins

2268 2273 2357 2344 qui
2392 2287 2447 2330 et
2474 2273 2823 2332 Cleronomus
2851 2273 3149 2337 dicebatur.
3176 2286 3528 2347 cognomento
3554 2273 3794 2347 llerodes,

2267 2342 2413 2400 omni
2462 2362 2564 2415 ope
2609 2348 2988 2413 contendebat,
3023 2359 3079 2400 nt
3127 2342 3296 2413 ipsum
3339 2348 3404 2398 ad
3451 2344 3677 2396 stadium
3716 2342 3797 2393 ad-

2269 2418 2524 2479 duceret,
2579 2431 2687 2484 quo
2747 2417 2952 2487 scilicet
3001 2418 3325 2487 Polycarpus
3377 2415 3629 2487 Aquide_m_
3680 2425 3794 2479 pro-

2269 2486 2440 2551 priam
2497 2481 2697 2538 sortem
2768 2486 3042 2552 impleret,
3081 2481 3301 2539 consors
3365 2484 3562 2552 Christi
3604 2481 3795 2552 factus,

2270 2549 2575 2620 proditores
2613 2549 2966 2608 antem-illius
2999 2558 3182 2609 iisdem
3218 2556 3412 2620 quibus
3443 2551 3607 2606 ludas
3645 2549 3797 2617 pinnis

2266 2620 2628 2677 afﬁcerentur.
2671 2625 2835 2693 Igitur
2880 2625 3148 2693 diogmitre
3180 2634 3234 2677 et
3260 2624 3497 2689 equites,
3544 2627 3792 2693 assumptt'

2267 2706 2451 2744 secum
2483 2708 2650 2761 puero
2700 2690 2899 2759 egressi
2946 2690 3070 2745 sunt
3111 2693 3437 2757 feriavsexta
3481 2690 3795 2761 subihoratn

2268 2775 2457 2824 ctenaz,
2490 2760 2938 2815 armisconsuetis
2970 2763 3240 2825 instructi,
3269 2772 3523 2827 tanquam
3557 2760 3794 2827 adversus

2270 2830 2539 2883 latronem
2591 2841 2885 2883 currentes.
2942 2831 3005 2882 Et
3051 2836 3150 2883 sub
3199 2824 3489 2900 vesperam
3523 2828 3684 2900 simul
3728 2824 3796 2900 in-

2266 2901 2460 2965 gressi,
2488 2900 2658 2966 ipsum
2688 2900 2899 2965 quidem
2930 2909 3239 2965 repererunt
3272 2895 3323 2950 in
3354 2898 3583 2965 quodam
3612 2895 3795 2948 solario

2262 2965 2550 3034 iacentem.
2584 2965 2733 3020 Unde
2765 2983 2884 3019 cum
2919 2969 2968 3019 in
2995 2969 3156 3021 alium
3187 2968 3360 3033 locum
3398 2966 3555 3019 facile
3587 2966 3796 3034 migrare

2288 3047 2465 3098 iOSset,
2495 3037 2546 3089 id
2576 3047 2752 3089 tamen
2776 3047 3031 3101 prmstare
3051 3038 3237 3100 noluit,
3269 3037 3454 3087 dicens
3479 3052 3491 3086 :
3528 3052 3547 3084 ι
3584 3033 3794 3101 Fiatvo-

2288 3056 2465 3098 IOSSCI,
2495 3056 2546 3089 I0
2576 3056 2752 3089 tamen
2776 3056 3031 3101 pra‘stare
3051 3056 3237 3100 ιιυιιιιι,
3269 3056 3454 3087 υιεειιδ
3479 3056 3491 3086 ζ
3528 3056 3547 3084 ι
3587 3056 3611 3085 ι·
3630 3056 3697 3085 lat
3715 3056 3794 3081 νυ·

2269 3056 2445 3158 iuntas
2468 3104 2699 3157 Domini.
2728 3122 2747 3154 ι
2782 3104 2913 3156 Cum
2944 3120 3073 3173 ergo
3097 3106 3345 3157 introisse
3387 3103 3502 3155 illos
3531 3099 3795 3173 cognovis-

611 3170 969 3231 comlemnati,
1003 3187 1125 3223 cum
1177 3172 1477 3225 diutissime
1508 3174 1559 3224 in
1599 3186 1817 3223 carcere
1857 3171 2164 3223 detinercn-
2191 3174 2232 3229 C
2267 3185 2369 3233 set,
2402 3174 2732 3227 descendite
2760 3170 3095 3226 cenacnlo'et
3131 3175 3424 3225 collocutus
3448 3181 3531 3237 est
3556 3186 3673 3223 cum
3705 3170 3791 3219 eis.

614 3248 718 3297 tur,
750 3241 1097 3306 gravissimos
1129 3242 1400 3293 cruciatus
1435 3240 1789 3305 pertulerunt,
1827 3240 2021 3307 partim
2058 3256 2167 3290 mu-

613 3308 810 3361 ricibus
864 3310 1097 3377 ipsorum
1169 3312 1379 3377 corpori
1434 3309 1751 3369 substratis,
1807 3309 1999 3377 partim
2045 3308 2165 3363 aliis

609 3372 1056 3444 cujusque—modi
1128 3372 1407 3444 suppliciis
1458 3372 1897 3437 excruciatifut
1954 3372 1997 3427 si
2049 3378 2162 3429 fieri

614 3457 824 3509 posset,
880 3454 1267 3497 tormentorum
1312 3447 1630 3500 assiduitate
1659 3460 1750 3497 eos
1798 3458 2054 3511 tyrannus
2097 3446 2161 3496 ad

612 3518 902 3579 negantiam
931 3515 1136 3566 Citriin
1178 3515 1334 3568 [idem
1365 3516 1668 3567 adduceret.
1706 3512 1863 3565 Multa
1897 3514 2160 3577 siquidem

613 3582 868 3651 advarsus
921 3583 1037 3633 illos
1087 3586 1414 3651 excogitavit
1464 3582 1726 3635 diabolus.
1781 3584 1884 3634 Sed
1940 3583 2162 3648 juvante

611 3649 804 3703 Christi
848 3653 1018 3718 gratia
1054 3652 1183 3705 nihil
1218 3649 1403 3705 contra
1428 3661 1649 3704 cunctos
1676 3653 1937 3717 prolicere
1971 3652 2157 3703 valuit.

611 3718 743 3772 Nam
790 3720 1117 3773 fortissimus
1162 3722 1514 3775 Germanicus
1564 3722 1856 3773 tolerantiae
1900 3735 2009 3773 sua:
2044 3736 2159 3772 tua-

608 3789 883 3856 gnitudine
918 3802 1235 3843 cmterorum
1272 3790 1689 3844 imbecillitatem
1730 3790 2037 3854 roborabat,
2069 3790 2157 3856 qui

609 3861 819 3925 quidem
870 3860 1061 3912 illustri
1113 3864 1407 3914 certamine
1454 3861 1710 3913 adversus
1752 3860 1951 3913 bestias
1995 3862 2159 3925 depu-

609 3930 810 3999 gnavit.
857 3929 985 3981 Nam
1039 3944 1162 3983 cum
1214 3930 1498 3999 proconsul
1550 3930 1725 3983 verbis
1774 3944 1898 3982 eum
1943 3927 2158 3983 ﬂectere

611 3998 797 4064 vellet,
842 4011 1191 4067 moneretque
1233 4010 1287 4052 ut
1318 4016 1469 4053 suam
1519 4000 1631 4067 ipse
1669 4010 1879 4053 aetatem
1935 4000 2158 4052 misere-

614 4078 775 4131 retur,
806 4068 894 4120 ille
923 4069 1145 4122 bestiam
1177 4071 1318 4121 ultro
1344 4072 1408 4121 ad
1441 4082 1499 4121 se
1525 4071 1765 4135 attraxit,
1792 4083 1987 4138 cogens
2014 4070 2155 4122 illam

611 4150 672 4187 ac
703 4151 1018 4201 provocans,
1058 4153 1166 4206 quo
1200 4139 1403 4192 scilicet
1444 4152 1509 4191 ex
1542 4139 1644 4191 hoc
1676 4139 1840 4205 impio
1885 4148 2043 4204 atque
2076 4141 2155 4191 iu-

601 4206 975 4276 }uszohsaeculo
1013 4209 1246 4261 velocius
1293 4207 1853 4276 emigraret.°Exinile
1905 4208 2153 4261 universa

611 4274 803 4345 populi
840 4276 1153 4340 multitudo,
1209 4274 1575 4328 fortitudinem
1636 4278 1736 4345 piae
1780 4292 1843 4329 ac
1894 4277 2154 4343 religiosa:

607 4343 1032 4395 Christianorum
1076 4346 1251 4410 gentis
1297 4343 1942 4410 tuagnopere'admirata,
1975 4348 2151 4397 accla-

609 4410 767 4461 mavit
797 4430 809 4462 :
846 4428 865 4459 ι
885 4410 1033 4463 Tolle
1057 4412 1265 4478 impios,
1285 4410 1611 4479 Polycarpus
1630 4415 1948 4477 requiratur.
1976 4431 1994 4461 ι
2029 4414 2153 4477 Qni-

606 4480 726 4531 dant
768 4493 894 4531 vero
920 4483 1179 4560 oriundus
1203 4496 1233 4533 e
1262 4480 1515 4560 Phrygia,
1537 4480 1769 4560 Quintus
1797 4482 2032 4560 nomine,
2058 4488 2151 4560 qui

607 4562 777 4616 nuper
801 4562 863 4599 ex
895 4556 1061 4614 patria
1104 4551 1207 4602 huc
1247 4550 1557 4612 advenerat,
1594 4564 1713 4600 cum
1759 4550 1955 4601 bestias
1986 4552 2144 4603 vidis-

606 4631 707 4681 set,
740 4631 937 4683 patore
970 4633 1262 4673 concussus
1295 4631 1397 4675 est.
1420 4616 1518 4671 Hic
1554 4633 1713 4687 porro
1743 4629 1858 4673 erat
1885 4618 1973 4687 qui
2013 4619 2144 4673 alios

605 4687 928 4755 perpulerat,
958 4698 1017 4738 ut
1049 4688 1188 4741 ultro
1219 4705 1399 4743 secum
1438 4692 1504 4741 ad
1547 4688 1777 4740 tribunal
1801 4686 1995 4755 judicis
2034 4704 2153 4754 per-

526 4774 535 4789 ι
605 4770 813 4824 gerent.
871 4755 1020 4809 llunc
1090 4760 1373 4825 proconsul
1440 4757 1650 4812 blandis
1718 4757 2152 4824 persuasionibus

607 4828 855 4896 illectum
879 4841 942 4877 eo
971 4828 1214 4890 adduxit,
1251 4838 1308 4880 ut
1334 4829 1538 4896 juraret
1567 4842 1631 4879 ac
1670 4827 2019 4896 sacrificaret.
2044 4826 2151 4878 Nos

605 4900 801 4964 itaque,
834 4895 1051 4955 fratres,
1081 4912 1186 4966 non
1220 4894 1508 4966 probamus
1547 4910 1640 4949 eos
1684 4898 1771 4963 qui
1804 4894 1953 4966 Aultro
1998 4910 2152 4948 acce-

604 4967 735 5016 dunt
794 4980 856 5016 ac
908 4964 1233 5031 semetipsos
1292 4968 1551 5034 produnt,
1596 4981 1717 5019 cum
1767 4964 1922 5017 aliter
1964 4966 2153 5031 praeci-

606 5036 780 5100 piatur
807 5037 857 5085 in
893 5034 1198 5101 Evangelio.
1231 5033 1575 5089 Admirabilis
1620 5047 1795 5087 autem
1826 5033 2151 5102 Polycarpus

605 5108 831 5167 primum
860 5106 1074 5171 quidem
1113 5106 1421 5157 nullatenus
1449 5116 1745 5158 commotus
1770 5114 1853 5157 est
1883 5120 2003 5156 cum
2050 5107 2148 5157 ista

609 5174 719 5241 geli
764 5178 1001 5238 audiret,
1050 5177 1143 5227 sed
1194 5174 1246 5226 in
1290 5178 1418 5226 urbe
1467 5189 1781 5241 permanere
1817 5178 2148 5227 decreverat.

606 5237 787 5296 Plures
818 5253 993 5296 tamen
1020 5247 1067 5297 ei
1102 5237 1487 5311 persuaseruni
1512 5253 1569 5296 ut
1596 5247 1885 5296 secederet.
1917 5246 2152 5297 Secessit

603 5323 729 5382 ergo
771 5314 821 5363 in
866 5314 1092 5382 agellum
1128 5314 1409 5381 quemdam
1450 5312 1589 5364 haud
1631 5315 1812 5380 procul
1849 5328 1879 5365 a
1911 5315 2145 5365 civitate.

603 5378 713 5430 illic
746 5396 862 5432 cum
896 5378 1081 5449 paucis
1125 5378 1409 5437 countibus
1456 5378 1785 5445 morabatur,
1820 5385 1910 5435 diu
1961 5393 2150 5435 noctu-

604 5460 705 5521 que
738 5453 1071 5505 orationibus
1126 5454 1382 5517 intentus,
1413 5465 1548 5519 quas
1588 5467 1681 5516 pro
1724 5454 1929 5504 cunctis
1978 5453 2151 5505 homi-

605 5516 757 5589 nibus
786 5528 837 5569 et
870 5535 964 5587 pro
996 5524 1261 5575 universis
1302 5537 1398 5589 per
1430 5516 1651 5589 'orbenr
1672 5530 1933 5573 terrarum
1962 5520 2147 5573 Eccle-

602 5583 717 5644 siis,
750 5594 804 5635 ut
848 5583 1011 5641 moris
1048 5594 1094 5643 ei
1141 5594 1266 5653 fuit,
1302 5583 1385 5644 'ad
1427 5591 1591 5643 Deum
1631 5587 1903 5643 fundebat.
1947 5591 2149 5642 Triduo
2202 5610 2205 5615 ί
2246 5601 2250 5605 ·

604 5666 729 5729 vero
776 5666 1058 5723 antequam
1094 5662 1658 5729 comprehenderetur,
1708 5659 1845 5711 inter
1883 5662 2147 5729 orandum

600 5721 772 5773 oblata
812 5721 965 5789 est
1011 5721 1233 5783 caelitus.
1263 5733 1415 5785 visio.
1455 5721 1679 5780 Videbat
1728 5743 1869 5779 enim
1917 5728 2147 5783 cervical

601 5806 752 5843 suum
787 5792 902 5859 igne
936 5800 1201 5854 consumi.
1231 5799 1294 5854 Et
1335 5814 1458 5855 mox
1487 5810 1779 5853 conversus
1810 5798 1874 5851 ad
1914 5799 2140 5853 comites

2264 3244 2398 3297 Cum
2464 3254 2642 3295 autem
2694 3242 3088 3295 admirarentur
3122 3256 3339 3295 omnes
3388 3250 3601 3293 aetatem
3670 3238 3793 3289 illius

2263 3323 2422 3377 atque
2459 3311 2848 3374 constantiam,
2892 3313 3107 3376 quidam
3129 3326 3194 3364 ex
3242 3312 3306 3363 iis
3328 3309 3616 3363 dicebant:
3659 3326 3676 3357 ι
3699 3308 3795 3358 Cur

2267 3390 2466 3432 tantum
2538 3380 2823 3431 adhibetur
2877 3382 3111 3431 studium
3174 3382 3240 3446 ιιιέ
3292 3379 3594 3447 hujusmodi
3646 3388 3795 3431 senex

2264 3448 2823 3515 comprehendatur?»
2858 3450 2925 3500 At
2958 3450 3043 3501 ille
3063 3450 3343 3503 c0nfestim
3364 3449 3513 3502 cibos
3532 3464 3651 3501 cum
3681 3458 3793 3515 potu

2262 3520 2340 3570 eis
2381 3518 2573 3583 apponi
2606 3517 2795 3582 jussit,
2839 3531 3097 3586 quantum
3137 3521 3233 3586 ipsi
3269 3519 3585 3573 voluissent.
3624 3516 3793 3569 Pettil-

2260 3602 2363 3655 qne
2390 3588 2457 3638 ab
2486 3590 2563 3639 eis
2593 3588 2738 3640 hora:
2764 3591 3016 3655 spatium,
3047 3604 3153 3655 quo
3190 3590 3355 3641 libere
3392 3600 3449 3641 et
3476 3591 3673 3654 absque
3704 3588 3794 3637 im-

2259 3656 2565 3724 pcditnento
2606 3669 2806 3709 oraret.
2850 3658 2998 3722 Quod
3047 3674 3168 3711 cum
3219 3660 3319 3723 ipsi
3371 3662 3787 3715 concessissent,

2260 3736 2411 3778 stans
2444 3726 2530 3779 ille
2577 3728 2751 3779 oravit
2794 3726 2981 3794 plenus
3028 3730 3198 3795 gratia
3234 3729 3365 3781 Dei:
3407 3730 3645 3780 adeout
3690 3726 3808 3789 ipse-

2258 3795 2471 3861 quidem
2504 3798 2727 3848 duarum
2759 3797 3011 3849 horarum
3052 3800 3227 3863 spatio
3266 3798 3425 3849 silere
3467 3812 3571 3849 non
3603 3800 3785 3861 posset,

2260 3866 2532 3918 auditores
2568 3881 2695 3919 vero
2735 3866 3090 3918 admiratione
3133 3866 3422 3933 stupefacti
3472 3872 3788 3919 tenerentur.

2259 3935 2561 4001 multosque
2612 3951 2795 3989 eorum
2855 3938 3141 4000 paeniteret
3198 3939 3338 4002 quod
3388 3935 3544 3986 talem
3594 3941 3793 3996 tamque

2256 4005 2491 4056 divinum
2512 4020 2694 4057 senem
2728 4006 2932 4069 capturi
2977 4004 3263 4057 venissent.
3288 4004 3463 4056 Finita
3490 4002 3747 4062 oratione,
3767 4014 3784 4046 ο

2255 4085 2308 4125 et
2343 4087 2560 4134 czetera,
2587 4084 2643 4124 ut
2682 4073 2947 4124 habentur
2974 4072 3131 4123 infra.

2325 4140 2434 4212 (61)
2467 4132 2609 4205 Τοὺς
2632 4142 2700 4192 ἐν
2730 4140 2931 4212 mium
2962 4141 3353 4212 περιεστῶτας
3382 4136 3719 4212 θεωμένους.
3740 4132 3790 4212 l_n

2254 4204 2482 4284 quatuor
2511 4204 2787 4284 codicibus
2818 4211 2978 4284 Μυκη
3008 4204 3168 4284 Med.,
3200 4204 3340 4265 Fuit.
3367 4221 3420 4284 et
3442 4204 3606 4262 sam.
3639 4204 3791 4284 parii-

2256 4273 2375 4331 cula
2428 4280 2764 4344 coniunctiva
2836 4283 3049 4331 additur
3110 4273 3210 4333 huc
3261 4281 3414 4331 modo
3468 4273 3789 4344 καταπλῆξαι

2254 4348 2360 4417 γάρ
2408 4341 2541 4419 quas
2579 4350 2703 4409 τοὺς
2742 4348 2799 4399 ὲν
2843 4345 3024 4417 κύκλῳ
3066 4348 3429 4419 περιεστῶτας
3603 4341 3789 4411 Θεωμέ-

2253 4416 2913 4501 vo'JqJHVrulgatam‘ta‘men
2951 4416 3229 4501 lectionem
3265 4417 3432 4501 magis
3455 4416 3641 4501 pprobo.

2330 4486 2436 4554 (62)
2470 4482 2611 4549 Τοὺς
2626 4484 2741 4537 ἀπὸ
2766 4485 3059 4552 θαλάττης
3087 4482 3367 4553 κήρυκαςζ
3389 4484 3611 4535 Rufinus
3635 4482 3786 4554 muri-

2256 4551 2545 4607 cer-vertit.
2581 4554 2760 4607 Genus
2802 4566 2885 4607 est
2928 4551 3414 4609 tiia’rinzeieochleae
3443 4568 3532 4605 seu
3564 4551 3783 4611 conchae,

2258 4638 2407 4689 cuius
2439 4626 2636 4676 mentio
2660 4626 2713 4676 lit
2740 4625 2789 4675 in
2824 4627 2986 4678 veteri
3016 4626 3400 4692 epigrammate
3432 4623 3658 4675 nondum
3683 4620 3787 4692 edif

2259 4700 2309 4743 to
2367 4692 2563 4761 Quinti
2597 4694 2892 4761 cujusdam,
2931 4696 3015 4747 ubi
3049 4689 3248 4745 Darnis
3298 4694 3529 4759 piscator
3570 4689 3787 4760 Apollini

2254 4763 2451 4813 Acriuc
2478 4760 2776 4828 hujnsmodi
2803 4765 3059 4815 concham
3083 4762 3291 4814 dedicat
3320 4778 3334 4813 :

2255 4830 2478 4892 Ἀκρίτα
2515 4833 2716 4895 Φοίϐῳ,
2748 4831 3054 4895 Βιθυνίδος
3077 4829 3143 4893 ὃς
3171 4828 3304 4881 τόδε
3330 4828 3521 4897 χώρης
3564 4844 3573 4862 '

2310 4897 2675 4972 ⁴Ιιζιοάοξπεδοιν
2700 4901 2986 4972 αἰγιαλοῖς
3017 4898 3417 4972 rectori-favour
3442 4902 3623 4972 eleae:

2253 4967 2429 5033 Δᾶμις
2454 4971 2485 5018 ό
2510 4967 2851 5036 κυρτευτὺς,
2886 4967 3100 5038 ψάμμῳ
3126 4967 3299 5038 κέρας
3326 4969 3455 5021 alar
3471 4969 3730 5038 ἐρείδων,

2323 5039 2652 5106 φρουρητὸν
2674 5042 2876 5106 κήρυκ’
2894 5036 3183 5104 ἀὺτοφυεῐ
3216 5040 3467 5093 σκόλοπι

2254 5102 2429 5179 eriles,
2462 5102 2631 5179 γέρας
2652 5102 2821 5163 λιτόν
2841 5102 3089 5179 penei:
3113 5108 3353 5179 εὐσεϐεῖ)
3373 5110 3423 5161 δ’
3446 5115 3477 5163 ό
3500 5107 3721 5179 γεραιὸς

2320 5177 2659 5295 ᾔὺχόμενος
2694 5179 2931 5231 νούσων
2962 5175 3132 5241 ἐκτὸς
3157 5176 3304 5230 ίδεῖν
3322 5175 3516 5247 ὰίδηνζ

2402 5259 2503 5295 est.
3476 5283 3490 5295 .

2402 5259 2503 5296 est.
3476 5283 3490 5295 δ

2254 5284 2717 5385 Δί’ζῖιέᾌιὶοίιίιιὶ,
2746 5314 2835 5382 qui
2865 5314 2998 5364 hanc
3024 5329 3166 5367 oram
3185 5314 3445 5385 Bithynia:

2324 5380 2604 5435 Liuoribus
2637 5380 2853 5437 vicinam
2878 5393 3014 5434 tenes
3043 5402 3063 5438 :

2253 5450 2432 5502 Dentis
2480 5455 2725 5519 piscator,
2771 5454 2857 5520 qui
2897 5467 3094 5520 semper
3130 5464 3235 5507 rete
3276 5471 3485 5508 arenam
3699 5449 3784 5500 ἀει

3545 5526 3631 5573 ηιιι
3657 5529 3717 5583 u,

3545 5521 3717 5583 mura,

2323 5587 2577 5643 Muricem
2606 5591 2777 5643 nativo
2808 5589 2941 5641 vallo
2972 5592 3224 5646 munitum

2252 5657 2458 5711 Dicavit
2486 5675 2641 5712 senex
2673 5677 2686 5711 :
2718 5659 2821 5711 leve
2847 5660 3052 5725 quidem
3091 5666 3304 5729 donum,
3351 5662 3442 5715 sed
3484 5672 3649 5713 tamen
3679 5655 3779 5720 pie-

2360 5766 2367 5775 .
3368 5740 3513 5789 |Iatts
3533 5740 3714 5789 causa;

2360 5766 2367 5775 .
3368 5731 3513 5802 [tatis
3533 5742 3702 5789 causa,

2327 5793 2577 5850 Precatus
2606 5807 2659 5851 ut
2680 5796 2867 5866 absque
2902 5799 3091 5862 morbi;
3124 5804 3189 5855 ad
3216 5818 3390 5855 manes
3413 5798 3702 5855 descendat.
