3970 6340
230 299 319 356 διδ
1174 305 1516 360 ΠΙΞΤΟΒΙᾸΞ
1558 308 1729 362 ECCL

1833 307 2110 363 [ASTICE
2149 308 2274 365 LIB.
2314 307 2401 364 Π.

3291 314 3393 368 3ιὸ

230 413 474 485 ρωννύντα
504 417 598 470 σὺν
626 410 746 487 θείᾲ
775 420 952 488 χάριτι
984 422 1082 490 τὴν
1118 424 1352 492 ἔμφυτον
1377 425 1485 495 (65)
1513 426 1642 496 περὶ
1666 426 1730 478 τὺη

1856 438 2065 494 rentur,
2090 431 2351 497 objeclos.
2379 428 2650 497 Praecipue
2669 443 2794 482 vero
2813 427 3067 483 enituisse
3093 427 3278 481 dicunt
3302 445 3395 499 ge-

227 508 426 560 θάνατον
452 510 541 561 τοῦ
571 511 816 582 σώματος
838 516 1050 570 δειλίαν.
1096 519 1422 588 Βουλομένου
1446 522 1510 588 γέ
1541 538 1620 573 τοι
1659 521 1749 574 τοῦ

224 597 499 649 ἀνθυπάτου
527 601 726 653 πείθειν
756 605 932 667 αὑτὸν,
967 607 1396 675 προϐαλλομένου
1422 626 1478 661 τε
1517 609 1612 680 τὴν
1636 611 1751 679 ἠλι-

223 690 328 742 κίαν
349 690 434 741 καὶ
457 689 850 753 ἀντιϐολοῦντος
879 697 1069 766 κομιδῆ
1096 698 1211 750 νέον
1242 699 1368 751 ὄντα
1391 702 1483 752 καὶ
1498 702 1748 769 ἀκμαῖον,

221 775 374 861 οἶκτον
399 781 585 834 ἑαυτοῦ
610 783 810 844 λαϐεῖν,
838 785 909 854 μὴ
939 786 1216 856 μελλῆσαι,
1245 790 1535 861 προθύμως
1564 793 1619 844 δὲ
1642 795 1752 845 ἑπι-

226 855 498 924 mima
528 875 608 936 εἰς
648 875 833 927 ἑαυτὸν
866 877 924 928 τὸ
947 855 1150 947 θηρίον,
1181 855 1458 953 μονονουχὶ
1489 882 1748 955 βιασάμε-

223 977 296 1012 νον
324 963 405 1014 κάὶ
431 963 800 1032 παροξύναντα
820 1007 834 1030 ,
866 968 939 1030 ὡς
976 969 1040 1021 ἂν
1074 971 1258 1040 τάχιον
1304 969 1612 1027 τοῦάδίκου
1655 977 1748 1029 καὶ

221 1050 391 1118 ἀνόμου
415 1050 524 1115 βίου
547 1053 722 1104 αὐτῶν
745 1056 1074 1128 ἀπαλλαγείη
1105 1060 1234 1128 (64).
1264 1063 1462 1115 Τούτου
1484 1065 1538 1118 δὲ
1563 1066 1652 1117 ἐπὶ
1672 1065 1748 1135 τῷ

219 1139 474 1207 διαπρεπεῖ
507 1141 718 1213 θανάτῳ
753 1145 812 1196 τὸ
853 1149 957 1198 πᾶν
1004 1149 1200 1219 πλῆθος
1233 1152 1624 1222 ἀποθαυμάσαν
1649 1157 1747 1225 τῆς

218 1230 434 1298 ἀνδρείας
463 1232 551 1284 τὸν
583 1233 798 1306 θεοφιλῆ
826 1238 1095 1308 μάρτυρα,
1127 1241 1218 1292 καὶ
1256 1242 1355 1311 τὴν
1399 1244 1625 1296 καθόλου
1653 1245 1744 1297 τοῦ

217 1320 376 1387 γένους
402 1321 504 1389 (65)
534 1323 642 1376 τῶν
668 1327 1004 1395 Χριστιανῶν
1032 1330 1246 1400 ἀρετὴν,
1287 1331 1494 1402 ἀθρόως
1525 1335 1746 1406 ὲπιὸοᾷν

216 1411 466 1481 ἄρξασθαι·
503 1411 659 1485 «Αἶρε
684 1417 810 1478 τοὺς
832 1418 1038 1481 ἀθέους·
1060 1420 1322 1489 ζητείσθω
1335 1422 1738 1492 Πολύκαρπος,›

215 1505 307 1556 Καὶ
335 1504 392 1575 δὴ
424 1505 676 1576 πλείστης
709 1509 799 1560 ἐπὶ
829 1512 945 1571 ταῖς
974 1510 1120 1578 βοαῖς
1158 1515 1452 1584 γενομένης
1477 1515 1741 1586 ταραχῆς,

213 1596 373 1666 Φρύγα
399 1598 514 1651 τινὰ
547 1600 607 1653 τὸ
634 1601 788 1668 γένος
821 1604 1041 1657 Κόϊντον
1063 1604 1315 1674 τοῦνομα,
1342 1609 1533 1659 νεωστὶ
1558 1609 1621 1660 ὲκ
1647 1609 1744 1678 τῆς

211 1687 418 1756 Φρυγίας
455 1693 766 1758 ἐπιστάντα,
798 1695 969 1749 ἰδόντα
1001 1700 1126 1758 τοὺς
1157 1698 1346 1768 θῆρας,
1373 1701 1467 1752 καὶ
1509 1700 1605 1764 τὰς
1651 1702 1742 1753 ἐπὶ

210 1777 393 1840 τούτοις
407 1780 651 1845 ἀπειλὰς,
669 1785 1004 1855 καταπτῆξαι
1020 1788 1116 1856 τὴν
1132 1787 1306 1858 ψυχὴν
1325 1788 1741 1856 μαλακισθέντα,

210 1867 290 1919 καὶ
309 1869 444 1932 τέλος
469 1871 567 1940 τῆς
589 1875 856 1944 σωτηρίας
880 1876 1113 1929 ἐνδοῦναι
1136 1877 1264 1945 (66).
1293 1878 1510 1948 Ἐδήλου
1538 1881 1593 1931 δὲ
1617 1881 1741 1931 τοῦ-

109 2007 122 2024 ,
207 1974 286 2009 τον
308 1961 333 2010 ὁ
351 1961 441 2028 τῆς
462 1967 860 2034 προειρημένης
885 1968 1095 2036 γραφῆς
1116 1969 1268 2035 λόγος
1294 1971 1739 2042 προπετέστερον,

208 2048 304 2100 ἀλλ’
347 2051 404 2102 οὐ
435 2053 550 2103 κατ’
597 2055 876 2106 εὐλάϐειαν
921 2059 1245 2128 ὲπιπηδῆσαι
1297 2059 1366 2128 τῷ
1411 2059 1740 2132 δικαστηρίῳ

209 2140 292 2190 σὺν
315 2141 526 2210 ἑτέροις,
569 2144 757 2197 ἁλόντα
795 2145 839 2197 δ’
866 2142 955 2198 οῦν
988 2149 1153 2216 ὅμως,
1187 2151 1494 2217 καταφανὲς
1526 2153 1738 2204 ὑπόδει-

206 2246 306 2298 γμα
335 2235 438 2292 τοῖς
477 2234 609 2284 πᾶσι
640 2240 954 2306 παρασχεῖν,
982 2239 1061 2290 ὅτι
1096 2240 1168 2308 μὴ
1202 2240 1309 2292 δέοι
1340 2244 1451 2302 τοῖς
1481 2242 1739 2304 τοιούτοις

207 2321 560 2390 ῥιψοκινδύνως
579 2328 670 2378 καὶ
683 2328 989 2391 ἀνευλαδῶς
1007 2331 1368 2402 κατατολμᾷν.
1395 2333 1552 2384 Ἀλλὰ
1567 2334 1737 2404 ταύτῃ

206 2415 290 2482 μὲν
314 2411 415 2484 εἶχε
441 2417 612 2487 πέρας
637 2419 705 2473 τὰ
734 2419 872 2472 κατὰ
902 2421 1140 2491 τούτους.
1173 2423 1276 2474 Τόν
1303 2439 1365 2489 γε
1391 2423 1495 2492 μὴν
1527 2403 1735 2493 θαυμαξ

205 2505 436 2558 σιὼτατον
470 2505 846 2578 Πολύκαρπον,
880 2511 946 2564 τά
981 2513 1076 2581 μὲν
1128 2513 1317 2582 πρῶτα
1344 2514 1546 2567 τούτων
1578 2516 1735 2568 ἀκού-

205 2613 368 2660 σαντα,
397 2600 661 2670 ἀτάραχον
683 2602 971 2671 διαμεῖναι,
995 2604 1252 2667 εὐσταθὲς
1277 2606 1337 2656 τὸ
1356 2601 1486 2675 ἦθος
1509 2607 1599 2658 καὶ
1626 2608 1738 2659 ἀκί-

203 2705 338 2756 νητον
366 2690 686 2756 φυλάξαντα,
717 2691 992 2761 βούλεσθαί
1022 2711 1081 2745 τε
1104 2695 1266 2746 αὑτοῦ
1293 2695 1431 2747 κατὰ
1457 2695 1555 2765 τὴν
1587 2697 1735 2750 πόλιν

203 2781 485 2848 περιμένειν
510 2799 523 2810 ⁸
563 2783 850 2836 πεισθέντα
871 2801 931 2851 γε
967 2786 1070 2855 μὴν
1101 2785 1435 2838 ἁντιὸολοῦσι
1463 2789 1571 2849 τοῖς
1601 2788 1734 2855 ἀμφ’

202 2872 361 2935 αὐτὸν,
393 2874 483 2925 καὶ
513 2874 587 2937 ῶς
619 2874 683 2926 ἂν
713 2875 984 2939 ὑπεξέλθοι
1019 2878 1418 2949 παρακαλοῦσι,
1457 2878 1734 2950 προελθεῖν

201 2962 268 3023 εἰς
290 2963 342 3014 οὐ
368 2964 550 3034 πόρρω
587 2965 844 3018 διεστῶτα
886 2967 984 3035 τῆς
1013 2968 1214 3031 πόλεως
1248 2969 1414 3038 ἀγρὸν
1443 2969 1732 3040 διατρίϐειν

1853 518 2262 574 nerosissitnum
2291 517 2693 580 Germanicum,
2721 518 2810 585 qui
2841 517 3016 571 divina
3038 519 3249 587 adjutus
3271 534 3392 586 gra-

1852 611 1947 673 tia,
1989 610 2176 662 mortis
2216 619 2417 661 metum
2448 607 2662 675 corpori
2696 623 2725 660 a
2762 618 2952 661 natura
2986 609 3202 661 insitum
3233 624 3391 676 snpe-

1853 702 2015 756 ravit.
2039 701 2168 754 Nam
2191 716 2313 754 cum
2337 700 2621 767 proconsul
2637 701 2815 754 verbis
2839 715 2958 753 eum
2976 698 3184 753 ﬂectere
3213 701 3391 760 vellet.

1850 793 2250 859 admonensque
2277 789 2423 844 illum
2457 791 2662 856 aetatis,
2695 799 2876 843 oraret
2905 800 2963 843 ut
2987 805 3190 843 memor
3218 793 3395 846 adole-

1850 884 2069 935 scentiae
2090 897 2201 934 sua:
2227 879 2327 934 sibi
2361 882 2472 950 ipse
2500 891 2766 948 parceret,
2797 881 2885 932 ille
2913 881 3042 934 nihil
3095 883 3391 944 cunctatus,

1849 974 1987 1026 ultro
2018 974 2068 1026 in
2095 987 2153 1026 se
2181 973 2469 1026 attraxisse
2499 957 2720 1026 bestiam
2756 973 2974 1036 dicitur,
3009 976 3387 1042 propemodum

1845 1080 1962 1118 eam
1991 1067 2209 1132 adigens
2235 1080 2298 1117 ac
2321 1065 2621 1129 stimulans,
2648 1081 2752 1132 quo
2769 1067 2836 1117 ab
2855 1067 2952 1118 hoc
2972 1065 3132 1132 impio
3162 1065 3386 1132 injusto-
3445 1107 3451 1111 .

1848 1165 1950 1218 que
1983 1151 2178 1203 smculo
2232 1151 2466 1202 velocius
2523 1151 2858 1202 abscederet.
2896 1150 3060 1203 Porro
3089 1162 3208 1217 post
3266 1153 3384 1204 illu-

1847 1250 2014 1295 strem
2049 1241 2203 1307 hujus
2230 1242 2529 1305 interitum,
2557 1240 2808 1292 universa
2842 1241 3143 1303 multitudo,
3185 1252 3292 1293 tum
3316 1243 3397 1295 di-

1846 1332 1955 1386 vini
1993 1329 2667 1400 martyrisl‘ortitudinem,
2705 1340 2815 1382 tum
2853 1318 3018 1384 totius
3064 1332 3396 1385 Christiano-

1848 1425 1964 1477 rum
2001 1425 2211 1493 generis
2235 1424 2483 1476 virtutem
2520 1437 2845 1490 magnopere
2867 1422 3154 1483 admirata,
3177 1431 3396 1489 repente
3466 1486 3471 1492 _

1844 1514 2143 1567 acclamare
2174 1515 2336 1581 coepit
2362 1531 2375 1567 :
2401 1534 2419 1564 t
2446 1513 2593 1565 Tolle
2616 1513 2805 1580 impios
2831 1530 2841 1563 :
2873 1511 3198 1580 Polycarpus
3220 1513 3396 1584 requi—

1845 1620 2013 1659 ratur.
2040 1625 2057 1658 ι
2087 1607 2281 1659 Secuto
2311 1606 2501 1658 dehinc
2519 1613 2638 1671 post
2657 1603 2954 1671 hujnsmodi
2979 1602 3394 1655 acclamationes

1847 1698 2168 1766 gravissimo
2192 1705 2361 1760 motu,
2387 1695 2616 1760 Quintus
2643 1695 2882 1761 quidam,
2935 1691 3154 1744 natione
3174 1691 3349 1760 Phryx
3376 1731 3393 1752 ,

1847 1792 1935 1860 qui
1971 1805 2138 1858 nuper
2169 1805 2231 1841 ex
2268 1787 2497 1855 Phrygia
2526 1787 2842 1845 advenerat,
2875 1798 2996 1836 cum
3030 1783 3171 1835 feras
3198 1792 3252 1835 et
3279 1797 3396 1849 qua:

1844 1890 2099 1950 praeterea
2154 1878 2558 1930 intentabantur
2611 1881 2878 1925 tormenta
2926 1873 3186 1933 vidisset,
3224 1871 3393 1923 fracto

1845 1973 2024 2026 animo
2054 1969 2290 2036 expavit,
2343 1963 2667 2031 'a‘ndemqne
2719 1965 2840 2015 vita:
2893 1964 3184 2015 retinenda:
3217 1961 3394 2014 studio

1820 2082 1828 2086 ··
1842 2062 2022 2115 cessit.
2051 2059 2149 2111 Hic
2180 2043 2591 2125 porro‘jnintus
2628 2062 2684 2105 ut
2714 2053 2763 2103 in
2805 2052 2988 2103 eadem
3020 2052 3240 2117 cpistola
3295 2051 3392 2104 do-

1840 2159 2016 2212 cetur,
2049 2146 2353 2199 temeritate
2386 2144 2619 2211 Quadam
2676 2155 2742 2192 ac
2776 2141 3001 2193 levitate
3034 2142 3253 2203 ductus,
3286 2150 3389 2194 non

1839 2256 1961 2294 cum
1997 2238 2086 2302 pio
2122 2252 2185 2289 ac
2214 2235 2464 2300 religioso
2519 2241 2686 2295 metu,
2722 2246 2825 2283 una
2860 2246 2980 2284 cum
3022 2231 3225 2298 aliquot
3273 2232 3391 2284 aliis

1840 2332 1905 2384 ad
1925 2327 2154 2382 tribunal
2179 2325 2518 2394 prosiluerat.
2539 2323 2642 2374 Sed
2663 2322 2917 2373 continuo
2947 2330 3152 2387 captus,
3186 2321 3392 2374 illustre

1839 2427 2214 2478 documentum
2253 2419 2501 2472 omnibus
2535 2415 2779 2485 prtcbuit,
2829 2430 2892 2466 nc
2914 2413 3174 2483 prmcipiti
3227 2412 3391 2464 auda-

1838 2517 1919 2570 cia
1957 2515 2078 2568 sine.
2102 2513 2209 2565 ullo
2237 2497 2562 2564 infirmitatis
2592 2523 2702 2560 sum
2738 2515 2982 2574 respectu
3019 2503 3175 2570 130
3203 2500 3388 2566 hujus-

1837 2605 1980 2661 modi
2021 2604 2269 2676 periculis
2314 2618 2431 2657 sese
2483 2602 2798 2668 objicerent.
2849 2599 2914 2650 Et
2942 2597 3007 2650 de
3037 2598 3117 2648 his
3172 2594 3386 2663 quidem

1838 2700 2116 2753 hactenus.
2161 2696 2524 2751 Admiraudus
2572 2704 2749 2746 autem
2784 2691 2873 2744 ille
2902 2689 3246 2758 Polycarpns,
3280 2685 3390 2753 pei-

1836 2807 1981 2846 mum
2011 2792 2222 2858 quidem
2255 2805 2375 2844 cum
2408 2788 2523 2841 hzcc
2557 2783 2879 2851 accepisset,
2911 2781 3212 2834 nullatenus
3237 2791 3388 2830 corn-

1832 2874 2012 2937 inotus
2049 2893 2158 2946 est,
2203 2883 2296 2935 sed
2329 2877 2622 2947 tranquillo
2651 2889 2950 2942 serenoque
2978 2873 3160 2925 animo
3194 2871 3389 2939 persti-

1840 2976 1916 3029 tit.
1942 2975 2321 3040 Statueratqtte
2363 2971 2558 3025 ibidem
2590 2970 2640 3020 in
2689 2966 2821 3019 urbe
2856 2979 3156 3018 remanere.
3195 2962 3386 3016 Verum

200 3065 249 3101 τε
274 3051 358 3101 σὺν
379 3052 573 3119 ὀλίγοις
599 3055 845 3118 ἐνταῦθα,
869 3057 1080 3127 νύκτωρ
1111 3059 1201 3110 καὶ
1232 3060 1346 3128 μεθ’
1378 3059 1588 3129 ἡμέραν
1603 3057 1664 3111 οὗ
1681 3077 1730 3111 τι

1834 3065 2239 3119 obsecrantibus
2261 3060 2636 3123 familiaribus,
2657 3056 3104 3122 hortantibusque
3120 3062 3176 3105 nt
3192 3066 3249 3105 se
3267 3051 3388 3104 inde

200 3140 358 3210 ἕτερον
382 3145 704 3210 πράττοντα,
728 3147 759 3217 ἦ
786 3151 903 3209 ταῖς
929 3151 1061 3217 πρὸς
1093 3151 1181 3201 τὸν
1222 3150 1420 3219 Κύριον
1447 3151 1732 3220 διακαρτε-

201 3230 369 3300 ροῦντα
397 3236 598 3302 εὐχαῖς,
630 3236 694 3287 δι’
741 3229 812 3287 ὧν
844 3237 1044 3289 δεῖσθαι
1075 3239 1166 3289 καὶ
1201 3239 1479 3301 ἱκετεύειν,
1508 3241 1729 3309 εἰρήνην

199 3321 543 3392 ἐξαιτούμενον
567 3328 686 3387 ταῖς
719 3326 820 3377 ἀνὰ
843 3329 1017 3379 πᾶσαν
1041 3329 1139 3398 τὴν
1164 3329 1484 3398 οἰκουμένην
1508 3330 1733 3399 Ἐκκλη-

200 3413 322 3474 σίαις
343 3429 356 3441 ·
386 3413 539 3464 τοῦτο
567 3414 674 3483 γὰρ
722 3417 811 3467 καὶ
844 3412 977 3467 εἶναι
1005 3419 1067 3468 ὲκ
1095 3418 1188 3474 τοῦ
1221 3419 1414 3480 παντὸς
1438 3420 1584 3488 αὐτῴ
1611 3419 1730 3470 σύν-

196 3500 324 3569 ηθες.
350 3503 455 3554 Καὶ
495 3503 557 3573 δὴ
587 3491 893 3572 εὐχόμενον,
926 3508 982 3559 ὲν
1012 3508 1243 3576 ὀπτασίᾳ
1271 3509 1436 3577 τριῶν
1467 3511 1729 3579 πρότερον

196 3590 387 3661 ἡμερῶν
410 3591 505 3660 τῆς
534 3590 1084 3662 συλλήψεως,νύκτωρ
1116 3595 1239 3646 ἰδεῖν
1270 3595 1330 3645 τὸ
1357 3596 1459 3646 ὑπὸ
1490 3599 1728 3668 κεφαλῆς

196 3681 336 3733 αὐτοῦ
363 3681 583 3753 στρῶμα
619 3682 826 3749 ἀθρόως
859 3683 1024 3745 οὕτως
1057 3683 1159 3734 ὑπὸ
1188 3684 1355 3752 πυρὸς
1395 3684 1618 3753 φλεχθὲν
1645 3689 1728 3740 δε-

198 3773 528 3842 δαπανῆσθαι,
554 3773 774 3836 ἐξυπνον
807 3774 862 3825 δὲ
905 3775 994 3826 ἐπὶ
1031 3775 1201 3842 τούτῳ
1236 3775 1539 3844 γενόμενον,
1568 3780 1727 3842 εὐθὺς

202 3863 579 3934 ὑφερμηνεῦσαι
624 3867 732 3926 τοῖς
762 3863 992 3934 παροῦσι
1030 3865 1088 3916 τὸ
1121 3864 1305 3931 φανὲν,
1346 3853 1622 3936 μονονουχὶ
1666 3870 1725 3921 τὸ

200 3955 365 4023 μέλλον
391 3957 841 4026 προθεσπίσαντα,
865 3957 1044 4024 σαφῶς
1068 3973 1123 4007 τε
1149 3956 1432 4008 ἀνειπόντα
1459 3961 1567 4019 τοῖς
1589 3959 1736 4028 ἀμφ’,

197 4046 437 4106 αὑτὸν,ὃτι
460 4047 565 4100 δέοι
598 4047 754 4099 αὑτὸν
779 4047 864 4099 διὰ
890 4047 1116 4118 Χριστὸν
1150 4047 1277 4117 πυρὶ¹
1300 4046 1397 4116 τὴν
1428 4045 1567 4117 ζωὴν
1597 4065 1722 4117 μετ-

196 4135 410 4200 ἀλλάξαι.
438 4139 824 4208 Ἐπικειμένων
853 4139 914 4208 δὴ
940 4136 1029 4192 οὖν
1073 4140 1167 4190 σὺν
1220 4139 1364 4210 πάσῃ
1391 4137 1588 4207 σπουδῇ
1617 4139 1723 4190 τιῖν

197 4227 569 4296 ἀναζητούντων
617 4230 813 4295 αὑτὸν,
845 4227 998 4292 αὖθις
1046 4231 1147 4283 ὑπὸ
1194 4229 1292 4298 τῆς
1332 4229 1436 4281 τῶν
1487 4228 1722 4296 ἀδελφῶν

195 4315 453 4382 διαθέσεως
494 4321 587 4372 καὶ
632 4320 862 4391 στοργῆς
921 4320 1373 4390 ἐκϐεϐιασμένον,
1426 4320 1721 4391 μεταϐῆναί

1834 3156 2183 3219 subduceret,
2207 3154 2261 3206 in
2298 3166 2484 3206 eorum
2518 3147 2838 3203 sententiam
2864 3145 3030 3198 ﬂexus
3054 3185 3068 3209 ,
3103 3144 3168 3196 ad
3202 3157 3385 3211 agrum

1832 3247 2114 3313 quemdam
2146 3245 2346 3297 civitati
2372 3241 2672 3312 proximum
2700 3238 2946 3292 secessit.
2993 3235 3068 3288 lbi
3106 3249 3226 3287 cum
3255 3248 3385 3301 pau-

1831 3338 1908 3389 cis
1934 3335 2215 3389 comitibus
2264 3335 2464 3404 degens
2489 3377 2502 3400 ,
2541 3333 2625 3386 die
2659 3341 2927 3397 noctuque
2960 3327 3228 3381 continuis
3257 3339 3384 3378 ora-

1834 3425 2091 3488 tionibus,
2124 3440 2223 3478 nec
2247 3424 2333 3476 alii
2367 3433 2627 3492 praeterea
2664 3422 2903 3474 intentus
2948 3419 3097 3487 Operi
3135 3430 3384 3486 perseve-

1829 3516 2021 3567 rabat:
2057 3524 2180 3567 v.0ta
2214 3527 2506 3581 precesque
2537 3512 2614 3563 'ad
2642 3512 2810 3563 Deum
2865 3509 3067 3561 faciens
3101 3522 3197 3576 pro
3249 3521 3382 3575 pace

1829 3620 1893 3657 ac
1925 3604 2314 3670 tranquillitate
2337 3603 2571 3654 omnium
2598 3615 2714 3667 qua:
2739 3601 2935 3665 ubique
2967 3608 3230 3650 terrarum
3259 3602 3382 3648 sunt

1828 3693 2215 3745 Ecclesiarum.
2259 3691 2313 3742 Id
2347 3691 2492 3742 enim
2536 3689 2622 3740 ille
2657 3698 2814 3738 antea
2868 3700 3081 3753 semper
3131 3684 3381 3735 factitare

1827 3791 2194 3834 consueverat.
2223 3779 2482 3832 Caeterum
2515 3776 2689 3828 triduo
2721 3785 3002 3842 antequam
3027 3773 3379 3840 comprehen-

1826 3871 2063 3933 deretur,
2098 3882 2257 3923 noctu
2286 3871 2425 3922 inter
2444 3869 2707 3920 orandum
2750 3867 2953 3918 solutus
3005 3867 3054 3917 in
3085 3868 3328 3917 somnum
3354 3900 3373 3927 ,

1824 3962 2007 4013 videre
2039 3960 2138 4012 sibi
2174 3960 2321 4014 visus
2352 3968 2432 4012 est
2463 3957 2695 4012 cervical
2742 3973 2846 4025 quo
2870 3967 3031 4024 caput
3057 3954 3373 4030 reclinahat,

1826 4060 1995 4103 totum
2032 4060 2246 4117 repente
2272 4049 2486 4102 ﬂamma
2513 4059 2913 4116 consumptum.
2958 4046 3126 4112 Quam
3156 4046 3223 4098 ob
3246 4059 3373 4098 cau-

1825 4157 1936 4195 sam
1968 4156 1997 4194 e
2027 4157 2214 4195 somno
2249 4143 2538 4205 excitatus,
2567 4141 2746 4195 statim
2779 4141 2950 4192 visum
2982 4154 3134 4191 snmu
3186 4146 3373 4190 astan-

1825 4220 1966 4286 tibus
2019 4234 2305 4300 eXposuit;
2365 4235 2531 4302 idque
2584 4233 2724 4302 quod
2760 4232 2860 4286 sibi
2901 4240 3216 4285 eventurum
3254 4234 3374 4285 erat

1825 4326 2213 4391 praenuntians,
2261 4324 2618 4379 familiaribus
2655 4325 2768 4378 suis
2801 4334 2982 4392 aperte
3015 4323 3262 4392 praedixit
3315 4338 3372 4376 se

195 4424 331 4473 φασιν
371 4415 445 4475 είς
468 4413 651 4483 ἕτερον
695 4413 886 4482 ἀγρόν,
924 4412 1045 4464 ἔνθα
1077 4414 1189 4481 μετ’
1220 4412 1278 4462 ού
1326 4413 1570 4465 πλεῖστον
1598 4414 1722 4475 τοὺς

1833 4430 1919 4482 pro
1970 4414 2183 4469 Christo
2226 4414 2454 4470 ﬂanimis
2505 4418 2846 4485 absumptum
2901 4415 2989 4467 iri.
3041 4414 3206 4467 Porro
3247 4427 3367 4466 cum

196 4501 578 4566 συνελαύνοντας
606 4505 864 4565 ἐπελθεῖν,
895 4504 984 4555 δύο
1007 4521 1064 4555 τε
1087 4502 1194 4554 τῶν
1223 4503 1409 4555 αὐτόθι
1441 4505 1717 4556 συλλαϐεῖν

195 4588 386 4655 παίδων,
416 4587 488 4646 ὧν
517 4595 738 4665 θάτερον
783 4596 1180 4664 αἰκισαμένους,
1208 4595 1494 4663 ἐπιστῆναι
1529 4595 1594 4647 δι’
1620 4598 1716 4647 αὺ-

193 4677 268 4729 τοῦ
292 4687 349 4752 τῇ
373 4686 461 4736 τοῦ
489 4687 840 4758 Πολυκάρπου
864 4688 1172 4754 καταγωγῇ.
1210 4684 1334 4752 Ὀψὲ
1357 4687 1413 4737 δὲ
1443 4688 1542 4757 τῆς
1571 4687 1717 4759 ὥρας

251 4876 346 4942 (65)
380 4881 866 4954 Ὑξιορῤωννύντα
895 4886 1012 4938 σὺν
1041 4886 1165 4950 θείᾳ
1189 4881 1375 4950 χάριτι
1401 4884 1514 4952 τὴν
1531 4887 1712 4954 ἐμφυ-

195 4961 295 5025 τοιτ,
322 4961 420 5025 etc.
451 4951 622 5025 Verba
670 4957 838 5020 ipsius
873 4958 1107 5024 epistolae
1139 4951 1578 5025 quatusuperius
1606 4951 1712 5009 ex-

194 5019 499 5095 scripsimus,
546 5019 718 5095 longe
743 5019 918 5076 alium'
948 5019 1169 5078 sensum
1198 5019 1473 5074 exhibent.
1514 5024 1708 5095 Neque

194 5089 591 5151 enimseipsum,
631 5093 720 5142 sed
749 5096 1012 5145 sociorum
1062 5095 1266 5144 animos
1320 5093 1559 5157 exemplo
1609 5089 1706 5147 suo

195 5159 507 5228 contignasse
538 5157 733 5228 dicitur
766 5163 1133 5216 Germanicus.
1179 5161 1233 5212 Ὀ
1262 5158 1368 5228 γὰρ
1398 5164 1706 5226 γενναιότα-

195 5239 268 5299 τος
297 5224 634 5299 ΔΓερμανικὸς
672 5228 1036 5299 ἐπερρώννυεν
1075 5229 1249 5282 αὐτῶν
1276 5224 1373 5296 τὴν
1393 5224 1592 5282 δειλίαν
1620 5232 1706 5284 διὰ

195 5292 272 5370 τῆς
294 5295 342 5414 élv
361 5292 501 5362 αὖτῷ
521 5292 818 5365 ὑπομονῆςξ
844 5300 944 5363 Qui
972 5316 1160 5353 sensus
1189 5292 1562 5365 mihi—quidem
1587 5317 1703 5353 ma-

197 5376 260 5414 ets
283 5379 310 5414 ο
331 5375 458 5414 acet.

226 5379 260 5414 ts
283 5375 458 5416 Dlacet.

197 5376 620 5512 ἕωῶέῖεὲίθόμου
640 5434 790 5512 βίου.
815 5419 1410 5512 αὐτῶνὶὶπαλέατείη.
1445 5435 1555 5512 iloc
1585 5439 1703 5494 loco

196 5514 350 5573 Vocem
383 5503 557 5555 αὐτῶν
586 5505 932 5567 restituimus,
963 5521 1079 5573 qua:
1108 5510 1158 5558 in
1196 5505 1587 5573 Regioquidem
1614 5524 1704 5564 co-

197 5569 293 5645 dice
331 5575 526 5645 deerat,
561 5574 655 5645 sed
684 5575 735 5626 in
777 5575 942 5625 tribus
979 5569 1186 5628 nostris
1233 5569 1502 5645 codicibus
1542 5576 1704 5645 Man,

196 5636 521 5698 MedetFuk.
553 5654 606 5697 et
627 5636 696 5698 ’in
726 5645 1007 5712 exemplari
1049 5646 1209 5712 ipsius
1239 5636 1702 5714 epistoltelegitur.

1823 4508 1968 4559 omni
2003 4508 2177 4560 studio
2202 4524 2263 4561 ac
2294 4508 2566 4576 diligentia
2592 4507 2960 4560 incumberent
2983 4506 3069 4574 qui
3099 4519 3220 4557 cum
3250 4519 3368 4570 per-

1824 4596 2203 4665 vestigabant,
2259 4609 2445 4650 rursus
2492 4596 2718 4649 fratrum
2773 4595 2964 4649 affectu
3003 4606 3057 4648 et
3108 4594 3368 4647 charitate

1823 4687 2152 4756 compulsus,
2185 4697 2241 4739 ut
2268 4687 2441 4753 aiunt,
2478 4687 2544 4740 ad
2572 4687 2728 4740 aliam
2761 4687 2940 4740 villam
2977 4683 3361 4753 commigravit.

1891 4887 1996 4954 (65)
2044 4888 2159 4953 Τὴν
2197 4887 2452 4940 καθόλου
2485 4885 2600 4939 ’τοῦ
2636 4887 2867 4954 γένους.
2921 4888 2974 4939 1η
3005 4886 3185 4938 codice
3223 4880 3358 4933 Μαι.

1817 4969 1871 5010 et
1918 4957 2208 5009 bnketiano
2255 4955 2477 5007 καθόλου
2527 4959 2784 5010 scribitur
2829 4957 3038 5024 quidem
3080 4967 3177 5003 una
3207 4967 3358 5014 voce,

1814 5043 2001 5095 aSpern
2045 5036 2216 5095 tamen
2250 5027 2438 5095 spiritu
2465 5028 2632 5095 media
2658 5027 2856 5095 syllaba
2893 5031 3232 5095 praenotatur.

1883 5089 1988 5162 (66)
2002 5092 2109 5159 Τῆς
2125 5089 2415 5159 σωτηρίας
2433 5089 2956 5147 ἐνδοῦναὶλὶυίίηὶιε
2974 5092 3125 5141 vertit
3139 5089 3357 5162 salutem

1810 5161 2026 5232 segnitia
2054 5163 2283 5228 perdere.
2322 5162 2592 5217 Musculus
2615 5180 2737 5217 vero
2768 5163 3144 5232 salutemsuam
3171 5161 3355 5232 prode.

1810 5227 1883 5286 νεῖ
1912 5235 1979 5285 At
2006 5227 2523 5296 Cltristophorsonus
2571 5235 2784 5286 uberius
2834 5241 2888 5281 ut
2928 5228 3064 5279 solet
3101 5235 3152 5277 et
3189 5227 3356 5293 proli-

1810 5306 1930 5355 xius
1963 5304 2346 5365 interpretatus
2370 5312 2451 5354 est
2485 5304 2584 5354 hoc
2616 5302 2771 5353 modo
2798 5316 2810 5351 :
2845 5297 2917 5363 Et
2952 5297 3155 5365 tandem
3186 5297 3354 5350 salute

1809 5372 2015 5439 prodita
2040 5363 2221 5420 mimus
2249 5385 2357 5439 prd:
2394 5373 2598 5438 ignavia
2622 5369 2838 5439 dedisse.
2865 5365 3002 5439 sane
3028 5363 3353 5439 aliquid_hic

1811 5433 2018 5491 videtur
2053 5433 2258 5508 deesse.
2295 5433 2478 5508 Neque
2512 5444 2657 5508 enim
2681 5437 2862 5508 Grafce
2887 5434 3081 5508 dicitur
3112 5433 3353 5508 ἐνδοῦναι

1806 5508 1904 5575 τῆς
1937 5505 2224 5574 σωτηρίας,
2273 5502 2554 5561 ηἰείγοιίιξ
2583 5503 2866 5575 subaudias
2904 5502 3352 5575 Evexa..Necim-

1808 5573 1996 5629 merito
2032 5573 2150 5641 quis
2188 5578 2492 5643 suspicetur
2521 5573 2859 5630 scribendum
2895 5586 3013 5626 esse
3053 5573 3350 5629 ἐκπεσόντα

1806 5647 1903 5715 τῆς
1935 5645 2220 5714 σωτηρίας,
2249 5646 2502 5699 ἐνδοῦναι.
