3970 6340
663 345 761 402 351

1358 339 1625 398 EUSEBII
1655 337 2130 397 CESARIENSIS
2165 336 2314 395 OPP.
2357 337 2539 393 PARS
2574 338 2616 395 i.
2652 343 2722 380 -‘—
2761 337 3140 396 ﬂlSTORiCA.

3756 352 3836 409 352

707 421 884 536 Fprtis
898 460 1353 532 esto,Polycat-pe,
1368 469 1424 516 et
1442 462 1671 519 Viriliter
1684 448 1802 531 age.
1817 481 1833 513 ι
1857 461 1920 515 Et
1935 462 1982 515 is
2006 460 2195 531 quiden

2321 457 2590 531 προσώπῳ
2628 463 2707 524 είς
2730 462 2904 514 πάντα
2921 461 3009 514 τὸν
3045 461 3196 530 ὄχλον
3221 462 3310 515 τὸν
3341 464 3398 518 ὲν
3419 465 3497 536 τῷ
3526 469 3734 540 σταδίῳ
3757 475 3831 542 ιμ.

666 556 750 623 qui
775 556 912 612 hanc
936 569 1124 609 vocem
1160 552 1422 616 ediderat,
1443 567 1489 619 la
1516 554 1729 610 nemine
1764 562 1847 606 est
1897 554 2065 615 visus,
2095 553 2211 619 ipsa

661 658 788 697 vero
815 657 917 696 vox
949 657 977 694 a
1005 640 1278 709 plerisque
1299 636 1610 693 nostroruni
1637 641 1889 694 exaudita
1917 651 2022 696 est.
2051 640 2214 694 Cum-

660 749 764 801 que
787 735 852 787 ad
883 730 1115 786 tribunal
1153 730 1408 795 adductus
1429 739 1591 795 esset,
1623 731 1811 800 ingens
1835 734 2078 786 omnium
2105 731 2212 784 cla-

661 838 780 876 mor
813 821 1083 876 excitatus
1114 828 1215 884 est,
1244 820 1571 872 audientium
1618 821 2065 888 comprehensum
2090 832 2212 872 esse

659 909 1245 982 Poiycarpum..Porro
1295 911 1639 963 accedentem
1698 910 2048 978 interrogavit
2090 924 2212 976 pro-

658 1003 864 1062 consul,
903 1002 1081 1069 ipsene
1111 1007 1251 1052 esset
1279 998 1623 1068 Polycarpus.
1659 997 1788 1052 Cum
1817 1000 1902 1051 ille
1935 1000 2206 1064 fateretur,

658 1087 884 1140 suadere
914 1087 1375 1153 cmpitproconsul
1406 1097 1462 1139 ut
1486 1087 1756 1139 Christum
1781 1097 1998 1154 negaret
2026 1105 2039 1139 :
2064 1106 2082 1137 ‹
2109 1086 2208 1140 Re-

657 1192 862 1240 verere,
893 1178 1154 1245 inquiens,
1188 1188 1400 1230 :etmem
1435 1187 1601 1242 tuam,
1631 1196 1649 1227 ι
1679 1179 1885 1244 aliaque
1914 1178 1993 1231 his
2015 1177 2206 1231 similia

659 1268 916 1334 adjiciens
969 1285 1084 1334 quae
1110 1269 1180 1322 illi
1227 1283 1529 1337 proponere
1552 1277 1951 1322 consueverunt
1986 1287 1998 1321 :
2038 1286 2056 1318 ι
2080 1267 2206 1322 Jura

654 1360 986 1428 pergenium
1010 1358 1273 1429 Caesaris;
1310 1360 1599 1428 resipisce;
1629 1361 1712 1412 dic
1738 1358 1927 1413 :‘Tolle
1960 1360 2203 1428 impios.»

637 1449 787 1509 ,Tum
814 1449 1138 1519 Polycarpus
1161 1451 1306 1520 gravi
1351 1465 1414 1503 ac
1441 1464 1629 1503 severo
1660 1450 1807 1501 vultu
1835 1452 2042 1505 turbam
2093 1466 2208 1503 om-

651 1555 793 1600 nem,
822 1555 938 1607 qua:
966 1541 1019 1592 in
1073 1541 1257 1593 stadio
1304 1550 1422 1592 erat
1452 1549 1731 1603 contuens,
1785 1542 2108 1609 manumque
2153 1541 2205 1594 in

650 1645 743 1684 eos
772 1631 1074 1692 intendens,
1099 1645 1200 1682 non
1246 1629 1363 1681 sine
1398 1631 1595 1695 gemitu
1631 1629 1856 1684 sublatis
1890 1615 1961 1682 'in
2011 1632 2204 1685 omium

648 1722 820 1774 oculis
839 1721 1004 1773 dixit:
1031 1738 1048 1769 ι
1072 1718 1222 1772 Tolle
1245 1718 1455 1784 impios.
1471 1736 1488 1767 ι
1511 1719 1641 1771 Cum
1661 1718 1882 1773 instaret
1902 1718 2203 1788 proconsul,

2312 548 2529 618 ϐλέψας,
2560 552 2839 615 ἐπισείσας
2861 547 3038 617 αὐτοῖς
3067 553 3162 623 τὴν
3192 555 3366 624 χεῖρα,
3398 558 3655 623 στενάξας
3679 572 3738 613 τε
3763 566 3834 616 καὶ

2309 646 2609 714 ἀναϐλέψας
2626 649 2703 709 είς
2716 647 3058 717 τὸνζούρανὸν,
3090 641 3256 699 εἶπενο
3285 644 3441 716 «Αἶρε
3464 651 3587 721 τοὺς
3603 652 3829 718 ἀθέους.»

2323 736 2662 804 Ἐγκειμένου
2693 736 2747 789 δὲ
2772 736 2860 789 τοῦ
2893 720 3210 806 ἡγουμένου,
3237 737 3328 790 καὶ
3349 720 3609 805 λέγοντος·
3641 760 3662 792 ι
3697 744 3836 812 Ὅμο-

2312 842 2401 878 σον
2431 827 2524 878 καὶ
2559 826 2809 902 ἀπολύσω
2841 845 2920 891 σε,
2964 828 3265 900 λοιδόρησον
3289 829 3378 882 τὸν
3406 831 3660 899 Χριστὸν,
3697 835 3834 906 iter}

2310 917 2337 966 6
2385 915 2748 985 Πολύκαρπος·
2791 935 2809 967 ε
2855 917 3204 986 Ὀγδοήκοντα
3249 919 3340 970 καὶ
3386 910 3445 981 ἒξ
3480 917 3572 989 ἔτη
3620 919 3836 974 δουλεύω

2308 1004 2474 1074 αὐτῷ,
2501 1005 2592 1058 καὶ
2621 1005 2768 1057 οὐδέν
2797 1023 2863 1075 με
2893 1007 3132 1077 ἠδίκησε.
3159 1009 3268 1061 Καὶ
3292 1008 3406 1071 πῶς
3429 1009 3660 1080 δύναμαι
3696 1009 3834 1078 βλασ-

2308 1095 2556 1164 φημῆσαι
2578 1095 2666 1149 τὸν
2689 1096 2918 1173 Βασιλέα
2953 1115 3073 1167 μου,
3104 1098 3191 1151 τὸν
3216 1097 3460 1152 σώσαντά
3485 1117 3584 1168 με;
3629 1119 3648 1151 1
3702 1101 3835 1152 Ἔπι-

2310 1185 2554 1254 μένοντος
2600 1185 2656 1238 δὲ
2703 1185 2860 1238 πάλιν
2904 1188 3064 1240 αὑτοῦ
3109 1189 3200 1240 καὶ
3243 1188 3513 1255 λέγοντοςο
3554 1208 3572 1238 ε
3619 1190 3834 1258 Ὅμοσον

2305 1275 2400 1344 τὴν
2433 1275 2705 1344 Καίσαρος
2745 1274 2930 1346 τύχην,
2969 1295 2987 1327 ι
3024 1279 3051 1329 6
3078 1268 3444 1347 Πολύχαρπος,
3478 1297 3496 1327 ι
3527 1279 3591 1330 Ei.
3642 1279 3834 1331 κενοδο-

2267 1431 2282 1450 Χ
2307 1351 2449 1430 ξεῖς,’
2461 1369 2639 1434 φησὶν,
2669 1369 2752 1419 ἵνα
2774 1368 2952 1437 ὀμόσω
2974 1367 3068 1436 τὴν
3085 1369 3351 1438 Καίσαρος
3375 1368 3643 1440 τύχην,ὡς
3655 1363 3835 1434 λέγεις.

2295 1452 2760 1527 ’προσποιούμενος
2783 1460 2991 1525 ἀγνοεῖν
3026 1459 3170 1520 ὅστις
3197 1459 3338 1526 εἰμὶ,
3376 1461 3510 1527 μετά
3538 1459 3832 1530 παρρησίας

2304 1550 2482 1603 ἀκουεο
2502 1548 2818 1618 Χριστιανός
2843 1550 2975 1616 εἰμι.
3001 1549 3063 1599 Ei
3089 1547 3143 1600 δὲ
3169 1548 3338 1612 θέλεις
3366 1550 3456 1602 τὸν
3477 1550 3571 1602 τοῦ
3597 1552 3834 1620 Χριστια-

2303 1639 2494 1708 νισμοῦ
2527 1637 2710 1708 μαθεῖν
2736 1637 2911 1703 λόγον,
2939 1636 3248 1706 δὸςήμέραν
3273 1637 3364 1689 καὶ
3391 1637 3636 1690 ἄκουσον.
3664 1656 3684 1688 ι
3707 1638 3834 1706 Ἔφη

2303 1731 2330 1781 6
2361 1727 2679 1790 ἀνθύπατος·
2717 1747 2732 1776 ι
2758 1727 2945 1778 Πεῖσου
2972 1726 3059 1779 τὸν
3087 1727 3270 1795 δῆμον.
3303 1745 3321 1776 ι
3343 1726 3700 1797 Πολύκαρπος
3721 1727 3829 1797 ἔφη·

649 1812 958 1877 diceretque
995 1826 1009 1862 :
1054 1829 1072 1862 ι
1096 1809 1242 1871 Jura,
1268 1819 1322 1861 et
1359 1809 1512 1878 132
1544 1810 1783 1877 protinus
1814 1818 1863 1862 te
1893 1810 2152 1862 dimittam
2183 1827 2195 1863 :

2311 1839 2329 1870 ι
2367 1817 2434 1871 Σὲ
2470 1820 2566 1889 μὲν
2598 1819 2689 1871 καὶ
2708 1818 2862 1884 λόγου
2886 1817 3104 1886 ἠξίωσα.
3136 1793 3493 1885 Ᾰεδιδάγμεθα
3521 1793 3627 1886 γάρ
3654 1793 3833 1885 ἀρχαῖς

649 1903 734 1956 dic
752 1902 990 1955 convicia
1004 1904 1263 1957 adversus
1280 1903 1553 1956 Christum
1578 1918 1624 1966 ;›
1651 1900 1840 1971 Polyca
1851 1916 1975 1969 rpus
1987 1915 2204 1968 respon-

649 1996 728 2048 dit
761 2011 776 2045 :
816 2011 834 2043 t
859 1992 966 2046 Sex
998 2004 1051 2046 et
1078 1995 1348 2063 octoginta
1377 1994 1518 2047 conti
1564 2008 1660 2046 uos
1679 2006 1846 2046 annos
1866 1992 1914 2045 ei
1934 1993 2204 2058 ministra-

541 2116 546 2130 ι
647 2085 722 2147 vi,
761 2099 861 2138 nec
890 2084 993 2135 ulla
1025 2099 1108 2139 me
1137 2101 1370 2154 unquam
1395 2084 1572 2138 aii'ecit
1602 2084 1832 2152 injuria:
1856 2093 1910 2137 et
1937 2084 2202 2152 quomodo

649 2190 864 2243 possum
895 2175 1054 2241 impie
1086 2175 1225 2245 loqui
1272 2176 1526 2229 adversus
1577 2176 1776 2244 Regem
1809 2191 1986 2232 meum
2013 2183 2200 2229 aucto-

645 2279 865 2334 remque
893 2265 1083 2319 saldtis
1115 2268 1291 2332 mea?
1317 2286 1333 2316 ι
1371 2268 1607 2336 Urgente
1635 2282 1823 2321 rursus
1854 2257 2198 2334 proconsule,

644 2371 711 2410 ac
734 2357 942 2411 dicente
966 2373 979 2408 :
1002 2375 1020 2407 ι
1042 2354 1166 2409 Jura
1188 2372 1284 2424 per
1301 2357 1512 2425 genium
1529 2342 1790 2420 Caesaris;
1827 2375 1845 2407 ι
1880 2340 2065 2426 Polyca
2077 2371 2199 2424 rpus

642 2449 816 2501 dixit:
849 2467 865 2497 ‹
902 2448 956 2501 Si
988 2449 1227 2516 quidem,
1267 2447 1460 2514 inquit,
1505 2447 1786 2500 ambitiose
1814 2447 2111 2508 contendis,
2143 2453 2198 2498 ut

643 2553 745 2604 ego
777 2553 871 2604 per
907 2539 1121 2604 genium
1150 2553 1308 2604 quem
1339 2551 1499 2589 vocas
1528 2536 1754 2589 Caesaris
1797 2534 1995 2602 jurem,
2031 2538 2198 2588 simu-

643 2630 760 2681 lans
789 2636 839 2680 te
869 2627 1120 2694 ignorare
1148 2627 1269 2694 quis
1293 2627 1416 2688 sim,
1449 2626 1570 2677 audi
1605 2626 1770 2677 libere
1809 2626 2146 2692 proﬁtentem
2179 2645 2193 2678 :

642 2719 981 2770 Christianus
1000 2732 1133 2768 sum.
1171 2716 1320 2781 Quod
1347 2716 1390 2767 si
1425 2715 1715 2767 Christiani
1739 2715 1918 2769 cultus
1939 2716 2196 2770 rationem

642 2807 791 2872 Cupis
812 2821 1124 2873 agnoscere,
1170 2807 1235 2855 da
1268 2804 1396 2855 mihi
1438 2804 1543 2857 diei
1578 2804 1834 2872 spatium,
1867 2815 1918 2858 et
1946 2806 2146 2859 audies.
2172 2825 2192 2857 ι

640 2899 705 2948 At
722 2896 1038 2964 proconsul:
1065 2915 1081 2945 ι
1100 2895 1384 2958 Persuade,
1405 2894 1822 2965 inquit,populo.
1837 2915 1856 2948 ι
1873 2897 2197 2970 Polycarpus

642 2989 804 3041 dixit:
827 3007 845 3038 ‹
874 2988 990 3041 Tibi
1017 2987 1229 3056 quidem
1253 2987 1512 3040 rationem
1533 2989 1756 3042 reddere
1786 3005 1889 3043 non
1918 3005 2002 3043 me
2015 2991 2192 3059 piget:

640 3088 960 3147 praeceptum
989 3078 1129 3130 enim
1155 3077 1310 3131 nobis
1350 3089 1432 3130 est
1488 3086 1546 3130 ut
1594 3079 2000 3148 magistratibus
2024 3088 2079 3133 et
2103 3094 2197 3147 po-

642 3171 928 3224 testatibus
963 3185 988 3222 a
1026 3170 1136 3223 Deo
1166 3170 1475 3225 constitutis
1497 3171 1753 3224 honorem
1777 3171 2014 3225 debitum
2044 3172 2195 3224 exhi-

639 3262 883 3325 beamus,
931 3262 1022 3330 qui
1064 3262 1222 3315 nobis
1280 3262 1412 3328 ipsis
1467 3261 1598 3314 nihil
1661 3271 1871 3316 noceat.
1909 3262 2030 3315 illos
2066 3278 2193 3315 vero

641 3369 826 3420 parum
858 3353 1048 3420 dignos
1073 3367 1268 3410 censeo
1291 3352 1486 3417 quibus
1522 3350 1643 3404 ﬁdei
1688 3361 1888 3404 nostra:
1932 3354 2192 3405 rationem

642 3445 880 3497 reddam.
904 3461 920 3492 ι
958 3440 1108 3493 Tunc
1136 3440 1421 3506 proconsul
1460 3459 1470 3491 :
1503 3459 1521 3490 ‹
1562 3441 1767 3492 Ρναιειο
1799 3449 1947 3504 ευηι,
1999 3441 2188 3508 inquit,

641 3533 848 3592 bestize,
874 3530 1068 3597 quibus
1113 3539 1164 3580 te
1194 3528 1507 3595 obiecturus
1549 3543 1688 3588 sum,
1719 3529 1814 3605 nisi
1869 3530 2190 3581 sententiam

643 3621 988 3676 mutaveris.»
1018 3618 1343 3689 Polycarpus
1372 3618 1503 3671 dixit
1532 3633 1547 3671 :
1582 3636 1600 3668 ι
1625 3619 1854 3672 Αοεετεθ
1884 3633 1994 3682 eas,
2023 3635 2194 3686 neque

643 3715 784 3766 enim
841 3712 993 3765 nobis
1046 3727 1075 3763 a
1129 3710 1439 3764 melioribus
1491 3709 1554 3762 ad
1598 3709 1864 3762 deteriora
1923 3709 2192 3763 mutabilis

642 3819 794 3856 mens
817 3811 912 3858 est.
949 3803 1234 3857 Pulchrum
1279 3802 1490 3872 quidem
1528 3788 1689 3870 atque
1725 3801 2004 3855 hanestum
2038 3802 2190 3857 duci-

642 3911 758 3948 mus
803 3911 830 3946 a
881 3895 1023 3948 vitiis
1078 3895 1143 3947 ad
1181 3895 1434 3947 virtutem
1470 3904 1904 3947 transcurrere.)
1960 3893 2041 3946 Ad
2078 3894 2188 3946 haec

640 3987 927 4055 proconsul
961 4004 974 4039 :
1017 4005 1035 4036 ι
1071 3986 1309 4051 Quando,
1333 3985 1526 4053 inquit,
1550 3984 1752 4038 bestias
1804 3986 2033 4052 spernis,
2065 3985 2189 4039 faxo

640 4087 698 4128 nt
726 4077 971 4131 incendio
984 4076 1234 4138 domeris,
1255 4077 1352 4128 nisi
1373 4078 1695 4129 sententiam
1718 4086 1907 4130 mutes.
1924 4104 1991 4112 ——
2009 4074 2187 4145 ignem

642 4167 878 4232 minaris,
908 4167 984 4219 ait
1007 4166 1355 4236 Polycarpus,
1378 4166 1465 4232 qui
1491 4167 1554 4218 ad
1583 4168 1726 4219 horae
1758 4167 1986 4233 spatium
2011 4167 2182 4230 ardet,
2229 4211 2231 4214 ι

642 4259 927 4327 statimque
962 4259 1335 4328 exstinguitur.
1362 4257 1577 4326 Ignoras
1602 4258 1808 4311 scilicet
1852 4258 1997 4311 illum
2020 4257 2182 4312 futuri

639 4347 822 4415 judicii
854 4360 1172 4420 aeternaeque
1206 4348 1564 4403 damnationis
1607 4348 1805 4415 ignem,
1843 4349 1932 4417 qui
1989 4349 2184 4417 impio-

2303 1903 2394 1962 καὶ
2421 1910 2686 1976 ἐξουσίαις
2720 1913 2822 1964 ὑπὸ
2862 1912 2992 1965 Θεοῦ
3031 1909 3378 1979 τεταγμέναις
3418 1908 3578 1978 τιμὴν
3620 1907 3760 1959 κατά
3785 1908 3835 1958 τὸ

2303 2002 2572 2071 προσῆκον
2599 2002 2696 2071 τὴν
2728 2003 2799 2072 μὴ
2827 2003 3162 2073 βλάπτουσαν
3194 2002 3336 2071 ἡμᾶς
3357 2000 3646 2068 ἀπονέμειν
3667 2015 3680 2027 ·
3706 1998 3834 2050 ὲκεί-

2300 2089 2496 2151 νους·δὲ
2520 2090 2617 2142 οὐκ
2636 2090 2815 2157 ἀξίους
2838 2091 3070 2162 ἡγοῦμαι
3102 2091 3191 2143 τοῦ
3213 2086 3587 2155 ἀπολογεῖσθαι
3607 2085 3830 2146 αὐτοῖς.»

2312 2184 2369 2235 '0
2394 2183 2448 2234 δὲ
2475 2181 2774 2245 ἀνθύπατος
2806 2178 2924 2235 εἷπε
2951 2181 3060 2250 (72)
3079 2198 3090 2211 ·
3131 2199 3148 2231 t
3186 2179 3360 2248 Θηρία
3385 2177 3509 2247 ἔχω.
3533 2175 3754 2236 Τούτοις
3783 2189 3832 2224 σε

2301 2267 2596 2339 παραϐαλῶ
2619 2268 2711 2320 ἐὰν
2739 2270 2813 2339 μὴ
2850 2270 3196 2340 μετανοήσῃς.
3231 2286 3249 2316 ι
3299 2267 3354 2318 '0
3385 2266 3439 2317 δὲ
3471 2261 3638 2316 εἷπενο
3675 2282 3698 2313 ί
3735 2262 3837 2314 Κά-

2299 2359 2397 2422 λει,
2426 2359 2750 2428 ἀμετάθετος
2779 2358 2882 2429 γὰρ
2913 2361 3042 2428 ἡμῖν
3077 2361 3103 2427 ἡ
3135 2357 3239 2409 ἀπὸ
3266 2357 3371 2408 τῶν
3401 2356 3723 2426 κρειττόνων
3749 2352 3834 2410 ἐπὶ

2296 2449 2364 2502 τά
2399 2449 2564 2518 χείρω
2597 2449 2847 2517 μετάνοια
2877 2448 3008 2519 (75).
3047 2447 3221 2499 Καλὸν
3245 2446 3300 2499 δὲ
3338 2445 3714 2513 μετατίθεσθαι
3739 2441 3836 2495 ἀπὺ

2295 2539 2402 2591 τῶν
2431 2538 2679 2608 χαλεπῶν
2717 2539 2808 2590 ἐπὶ
2850 2538 2917 2590 τά
2946 2538 3142 2589 δίκαια.
3179 2555 3198 2587 ι
3236 2537 3292 2588 '0
3315 2535 3371 2588 δὲ
3402 2535 3559 2588 πάλιν
3585 2535 3720 2604 πρὸς
3745 2533 3835 2585 αὑ-

2297 2630 2403 2682 τόνο
2445 2648 2463 2679 t
2493 2629 2630 2699 Πυρί
2670 2646 2726 2680 σε
2757 2630 2962 2699 ποιήσω
2998 2627 3352 2697 δαμασθῖψαι,
3388 2626 3481 2678 ὲάν
3507 2624 3612 2677 τῶν
3641 2623 3835 2694 θηρίων

2297 2724 2658 2794 καταφρονῇς,
2690 2721 2782 2773 ὲάν
2811 2719 2882 2790 μὴ
2918 2720 3265 2789 μετανοήσῃς.
3287 2736 3305 2767 1
3323 2715 3673 2785 Πολύκαρπος
3700 2711 3832 2766 εἴπεο

2303 2832 2322 2864 ο
2353 2813 2468 2884 Πῦρ
2503 2813 2742 2874 ἀπειλεῖς
2769 2811 2900 2881 πρὸς
2920 2811 3063 2881 ὤραν
3093 2809 3396 2879 καιόμενον,
3433 2807 3528 2859 καὶ
3564 2803 3837 2874 μετολίγον
3863 2812 3866 2815 ’

2298 2903 2664 2974 σϐεννύμενον.
2695 2905 2927 2970 Ἀγνοεῖς
2945 2901 3050 2972 γὰρ
3074 2900 3134 2953 τὸ
3165 2902 3260 2970 τῆς
3289 2899 3580 2969 μελλούσης
3611 2897 3838 2967 κρίσεως

2297 2996 2387 3048 καὶ
2425 2994 2638 3046 αἰωνίου
2669 2993 2936 3060 κολάσεως
2964 2995 3072 3054 τοῖς
3098 2990 3314 3043 ἀσεϐέσι
3346 2988 3674 3058 τηρούμενον
3706 2987 3834 3056 πῦρ.

2309 3083 2464 3138 Ἀλλά
2477 3085 2526 3136 τί
2544 3084 2818 3153 βραδύνεις
2840 3100 2855 3147 ;
2890 3083 3022 3150 Φέρε
3038 3081 3065 3133 ὃ
3088 3079 3261 3148 βούλει
3280 3077 3506 3146 (74-75).
3533 3095 3551 3126 ι
3571 3076 3756 3128 Ταῦτα
3787 3074 3838 3127 δὲ

2294 3177 2387 3228 καὶ
2413 3177 2572 3245 ἕτερα
2592 3175 2807 3226 πλείονα
2831 3173 3022 3239 λέγων,
3049 3172 3276 3240 Θάρσους
3308 3169 3400 3221 καὶ
3423 3170 3596 3237 χαρᾶς
3615 3169 3836 3236 ἐνεπίμς

2293 3267 2481 3329 πλατο,
2517 3267 2609 3318 καὶ
2643 3265 2704 3315 τὸ
2747 3264 3031 3332 πρόσωπον
3069 3259 3226 3313 αὑτοῦ
3260 3260 3476 3330 χάριτος
3505 3258 3834 3328 ἐπληροῦτο,

2293 3356 2430 3408 ὥστε
2465 3355 2536 3424 μὴ
2574 3354 2729 3423 μόνον
2767 3354 2838 3424 μὴ
2887 3353 3176 3421 συμπεσεῖν
3206 3349 3536 3418 ταραχθέντα
3577 3349 3681 3399 ύπὺ
3733 3346 3838 3398 τῶν

2292 3443 2591 3514 λεγομένων
2626 3440 2759 3511 πρὸς
2789 3440 2967 3502 αὑτὸν,
3006 3436 3137 3489 ἀλλὰ
3161 3435 3462 3488 τούναντίον
3485 3435 3574 3486 τὸν
3602 3433 3838 3485 ἀνθύπα-

2292 3551 2382 3586 τον
2407 3533 2678 3602 ἐκστῆναι,
2706 3530 2912 3600 πέμψαι
2935 3546 2992 3580 τε
3022 3529 3109 3581 τὸν
3141 3529 3352 3598 κήρυκα
3379 3526 3472 3578 καὶ
3497 3527 3554 3576 ὲν
3585 3526 3736 3594 μέσῳ
3765 3521 3838 3590 τῷ

2298 3624 2491 3692 σταδίῳ
2520 3621 2748 3692 κηρύξαι
2777 3621 2912 3692 τρίς⁸
2942 3619 3319 3688 «Πολύκαρπος
3344 3617 3691 3686 ὡμολόγησεν
3717 3615 3840 3666 ἑαυ-

2293 3714 2382 3765 τὸν
2404 3712 2719 3782 Χριστιανὸν
2742 3708 2897 3764 εἶναι.
2927 3730 2943 3762 ι
2983 3709 3179 3762 Τούτου
3200 3699 3472 3778 λεχθέντος
3499 3707 3602 3758 ὑπὸ
3615 3703 3710 3756 τοῦ
3745 3701 3838 3771 κή-

2300 3821 2456 3874 ρυκος
2475 3843 2489 3865 ,
2539 3805 2642 3855 πᾶν
2673 3803 2731 3855 τὸ
2775 3801 2974 3871 πλῆθος
3006 3800 3173 3870 ,ἐθνῶν
3203 3815 3262 3850 τε
3301 3798 3392 3850 καὶ
3430 3795 3698 3848 Ἰουδαίων
3731 3791 3841 3842 τῶν

2294 3883 2666 3964 τὴνΣμύρναν
2706 3891 3112 3954 κατοικούντων,
3162 3888 3510 3956 ἀκατασχέτῳ
3541 3882 3695 3951 θυμῷ
3745 3879 3838 3932 καὶ

2296 3985 2499 4056 μεγάλῃ
2515 3987 2660 4054 φωνῇ
2680 3983 2823 4036 ἐϐόαο
2851 4000 2869 4032 ι
2893 3975 3058 4044 Οὗτός
3074 3983 3217 4033 ἐστιν
3238 3980 3264 4030 ὁ
3283 3979 3378 4047 τῆς
3395 3974 3573 4035 Ἀσίας
3594 3973 3840 4024 διδάσκει-ι

2291 4077 2398 4141 λος,
2428 4079 2455 4128 6
2488 4075 2664 4145 πατὴρ
2690 4074 2795 4126 τῶν
2825 4071 3178 4144 Χριστιανῶν,
3211 4074 3238 4124 6
3269 4069 3374 4123 τῶν
3400 4065 3678 4136 ἡμετέρων
3701 4061 3838 4112 θεῶν

2291 4165 2631 4235 καθαιρὲτης,
2657 4167 2684 4215 6
2711 4163 2932 4235 πολλοὺς
2959 4163 3218 4235 διδάσκων
3249 4159 3321 4230 μὴ
3349 4157 3495 4209 θύειν
3523 4151 3654 4223 μηδὲ
3675 4166 3842 4220 προσ-

2290 4231 2485 4310 κυνεῖν.
2511 4276 2527 4307 ι
2551 4231 2732 4307 Ταῦτα
2760 4231 3004 4320 λέγοντες
3025 4295 3038 4318 ,
3074 4232 3307 4305 ἐπεϐόων
3340 4248 3433 4302 καὶ
3470 4244 3695 4314 ἠρώτων
3748 4241 3837 4293 τὸν

2301 4349 2585 4417 Ἀσιάρχην
2620 4344 2729 4416 (76)
2759 4344 3034 4409 Φίλιππον,
3067 4345 3151 4396 ἵνα
3181 4341 3360 4409 ἐπαφῇ
3394 4336 3471 4404 τῷ
3497 4332 3843 4410 Πολυκάφπψ

717 4528 940 4600 (72)]07
969 4529 1035 4582 δὲ
1059 4527 1580 4595 ἀνθύπατοςαεῖπε.
1613 4530 1663 4582 ln
1692 4530 1964 4582 codicibus
1990 4533 2187 4585 nostris

2298 4531 2471 4584 δίκαιά
2494 4548 2551 4583 τε
2584 4530 2677 4582 καὶ
2698 4530 2836 4582 ὅσια.
2872 4529 3033 4594 Quasi
3069 4512 3269 4579 diceret
3310 4538 3323 4573 :
3356 4518 3474 4600 Npli
3508 4529 3778 4600 ἐμεῖται-ε,
3807 4531 3838 4566 o

646 4583 967 4669 Ma‘z.,'_Med.
1009 4612 1059 4669 et
1085 4583 1219 4653 Fuit.
1251 4583 1508 4668 scriptum
1543 4610 1645 4662 est,
1684 4601 1741 4652 '0
1791 4599 1846 4650 δὲ
1889 4583 2185 4663 ἀνθύπατος

2298 4583 2468 4667 index,
2500 4602 2611 4653 ﬁeri
2650 4615 2802 4666 posse
2823 4583 2983 4669 utine
3009 4609 3240 4661 unquam
3269 4590 3544 4668 paeniteat.
3566 4583 3672 4636 Nos
3688 4587 3836 4638 cutim

643 4669 746 4737 ἔφη
769 4684 781 4696 ·
815 4666 986 4735 Θηρὶα
1016 4668 1138 4736 ἔχω,
1172 4683 1274 4723 etc.

715 4739 823 4807 (75)
857 4735 1216 4807 Ἀμετάθετος
1241 4739 1348 4806 τὰρ
1371 4739 1511 4807 ἡμῖν
1529 4740 1564 4806 ἡ
1585 4738 1700 4791 ἀπὸ
1717 4735 1830 4789 τῶν
1844 4740 2190 4803 κρειττόνων

641 4811 743 4863 ἐπὶ
768 4806 838 4858 τὰ
861 4806 1034 4874 χείρω
1053 4807 1350 4871 μετάνοια.
1381 4806 1574 4861 Ultima
1605 4825 1706 4860 vox
1734 4823 1835 4858 non
1867 4809 2072 4859 videtur
2102 4808 2189 4858 hic

641 4880 951 4947 convenire.
987 4877 1062 4926 Ac
1105 4877 1330 4928 libenter
1354 4894 1445 4943 pro
1475 4893 1603 4930 voce
1639 4877 1891 4947 μετάνοια
1924 4876 2186 4930 rescribe-

645 4966 755 5002 rem
785 4945 1008 5004 διάνοια,
1040 4959 1194 5014 quem
1222 4960 1434 4996 sensum
1475 4947 1525 4998 in
1579 4945 2017 5014 interpretatione
2067 4959 2181 4996 mea

643 5035 758 5071 sum
797 5027 1035 5069 secutus.
1073 5013 1213 5064 idem
1247 5028 1456 5079 quoque
1501 5016 1690 5069 lluﬁno
1721 5013 1980 5082 placuisse
2006 5014 2180 5067 video.

646 5089 734 5141 Sic
765 5088 904 5147 enim
937 5084 1024 5136 ille
1062 5083 1382 5134 vertithune
1405 5082 1575 5135 locum
1612 5101 1623 5135 :
1665 5086 1952 5137 Proconsul
2002 5084 2182 5136 dixit:

643 5156 1037 5233 Bestiashabfo
1073 5153 1259 5233 quibus
1321 5151 1570 5233 indigens
1605 5156 1697 5222 (ita
1730 5159 1938 5233 correxi
1963 5155 2181 5233 partim

641 5243 702 5278 cx
751 5227 934 5278 codice
969 5219 1288 5274 l’arisiensis
1320 5219 1832 5289 Ecclesiae,‘partim
1888 5219 2181 5289 ex'llcgio)

644 5297 742 5346 nisi
773 5297 875 5346 cito
897 5292 1218 5358 paenitueris.
1254 5289 1317 5340 At
1353 5287 1437 5338 ille
1467 5287 1721 5352 respondit
1753 5308 1770 5344 :
1803 5287 2182 5344 Adhibenniur.

645 5362 808 5415 Nobis
857 5366 990 5414 enim
1030 5361 1307 5413 immobilis
1330 5367 1428 5408 stat
1461 5362 1713 5428 sententia
1743 5376 1885 5428 :,nec
1910 5375 2186 5428 possumus

644 5437 706 5483 de
732 5435 863 5483 bono
893 5434 959 5483 ad
991 5431 1186 5482 malum
1220 5444 1312 5497 per
1339 5427 1707 5497 paniiudinem
1729 5427 2060 5482 commutari.
2097 5427 2186 5479 Ni-

646 5503 908 5566 cephorus
936 5516 1170 5567 quoque,
1205 5494 1262 5550 ut
1293 5498 1449 5567 hujus
1474 5494 1575 5567 luci
1603 5510 1814 5549 sensum
1836 5501 2187 5567 exprimeret,

647 5563 1123 5622 circumlocutione
1157 5583 1284 5620 usus
1320 5575 1403 5637 est
1427 5563 1731 5637 bujusmodi
1769 5584 1781 5617 :
1815 5563 2192 5637 υύ”γὰρ’ὲμοὶ

648 5637 898 5706 μετάνοια
931 5637 1112 5705 σαφῶς
1138 5635 1398 5706 ὁρισθείη,
1613 5633 1726 5706 τῶν
1749 5632 2062 5706 κρειττόνῶν
2100 5632 2191 5706 ἐπὶ

643 5701 709 5758 τὰ
739 5706 903 5773 χείρω
949 5701 1251 5770 μετάθεσις,
1285 5701 1397 5760 ἀλλ’
1421 5705 1455 5774 ἡ
1480 5702 1541 5754 ὲκ
1570 5701 1676 5754 τῶν
1706 5701 1950 5773 χαλεπῶν
1989 5707 2082 5759 ἐπὶ
2127 5704 2194 5756 τά

2293 4657 2742 4722 ἱιιιτιιηλΙυηιιιὶΜ
2791 4657 3156 4735 paenitentiam
3207 4657 3566 4735 agnoscimus,
3598 4670 3750 4735 .c‘unt
3807 4671 3835 4706 a

2292 4741 2436 4790 vitiis
2461 4741 2524 4789 ad
2551 4723 2824 4798 virtutem',
2853 4746 2904 4788 et
2935 4735 3000 4785 ab
3041 4744 3220 4783 errore
3245 4723 3518 4798 iransitur
3545 4723 3610 4798 ad
3645 4725 3830 4776 iidem.

2292 4808 2335 4859 Α
2364 4807 2673 4860 melioribus
2713 4793 2838 4858 vero
2865 4804 2927 4856 ad
2955 4800 3214 4856 deteriora
3254 4795 3504 4860 migrare,
3544 4793 3596 4846 id
3624 4808 3835 4861 nequa-

2294 4893 2452 4943 quam
2489 4875 2802 4943 resipiscere
2830 4881 2930 4943 est.

2356 4945 2563 5009 (74-75)
2599 4930 2796 5010 ἓῡέρενὸ
2812 4940 3043 5010 ,βούλειἶ
3066 4933 3242 5010 Codex
3277 4930 3672 5010 M32.‘30AMC‘li.,
3703 4945 3835 5010 cgm

2292 4999 2425 5065 Ftik.
2462 5023 2515 5066 et
2545 4999 2694 5073 'Sav.',
2727 4999 2979 5075 scriptum
3033 5002 3388 5075 habentcpéps.
3416 5003 3450 5055 ἂ.
3489 4999 3838 5075 βούλειᾷβιιο

2287 5085 2426 5134 linus
2471 5083 2626 5134 vertit
2664 5070 2689 5133 τ’
2714 5070 2911 5132 Adhibe
2949 5084 3121 5127 utrum
3165 5070 3339 5136 voles,
3380 5070 3552 5142 ignem
3615 5070 3838 5124 scilicet

2287 5163 2376 5201 aut
2403 5151 2618 5203 bestias.

2358 5220 2466 5287 (76)
2507 5219 2614 5272 Τὸν
2657 5212 2998 5287 Ἀσιάρχην.
3020 5209 3240 5264 Ruﬁnus
3269 5207 3834 5287 munerariumvertit,

2288 5279 2724 5353 quod'cquitlem
2782 5285 3006 5353 probare
3057 5295 3160 5332 non
3220 5296 3458 5353 possum.
3522 5279 3630 5332 Etsi
3683 5279 3837 5330 enim

2288 5351 2541 5409 asiarchze
2587 5351 2806 5409 munera
2831 5351 3078 5420 edebant,
3108 5366 3206 5403 non
3252 5352 3353 5403 hoc
3382 5361 3558 5420 tamen
3585 5355 3703 5420 erat
3736 5359 3834 5420 pe:

2290 5425 2490 5476 cnliare
2513 5439 2695 5476 eorum
2725 5420 2975 5473 oﬂicium.
3005 5417 3145 5471 Multi
3169 5420 3361 5487 quippe
3384 5418 3474 5470 alii
3517 5413 3834 5484 huiusmodi

2291 5495 2598 5559 Spectacula
2643 5489 2963 5559 exhibebant
2993 5490 3203 5559 ziverbi
3255 5489 3426 5559 gratia
3462 5487 3834 5559 _magistr_a_tu_s

2293 5547 2639 5627 municipales
2687 5575 2780 5614 seu
2828 5557 3112 5630 duumviri,
3141 5568 3208 5630 ut_
3244 5547 3408 5630 estin
3460 5547 3832 5630 legerl_C.0d.

2294 5619 2509 5683 Theod:
2534 5631 2604 5682 De
2629 5625 2963 5697 spectaculis.
2985 5619 3303 5697 Vertendum
3335 5626 3502 5692 igitur
3516 5619 3605 5674 est
3641 5619 3838 5695 Asiar-

2295 5699 2462 5752 cham.
2497 5696 2662 5752 Erant
2689 5705 2863 5751 autem
2892 5696 3148 5751 asiarcba:
3186 5697 3494 5750 sacerdotes
3522 5701 3840 5744 communis
