3942 6332
471 300 477 306 ’
540 302 638 355 ᾷιῑὸ

1236 294 1497 351 EUSEBll
1533 288 2005 348 CESARIENSIS
2043 287 2191 343 OPP.
2226 285 2405 341 PARS
2440 284 2481 339 l.
2516 315 2586 327 —
2621 281 3009 342 HISTORICA.
3614 277 3703 333 564

532 418 713 483 Atque
741 416 828 470 hic
851 412 1029 467 exitus
1059 409 1356 464 admirandi
1384 407 1527 459 illius
1569 414 1621 457 et
1660 402 1932 472 apostolici
1977 399 2079 453 Po-

2190 396 2602 468 μαρτυρηκὸτων
2638 397 2881 468 φέρεται,
2922 395 3151 465 Κάρπου
3189 392 3281 445 καὶ
3312 388 3582 453 Παπύλου,
3624 390 3704 443 καὶ

530 482 644 576 lyca
660 509 739 578 rpi
774 526 787 561 :
821 506 976 575 cujus
999 502 1245 559 ordinem
1263 513 1327 553 ac
1348 496 1540 551 seriem
1573 494 1763 547 fratres
1788 493 2082 563 Smyrnen-

2190 487 2438 554 γυναικὸς
2470 486 3001 557 Ἀγαθονίκης,ιμετά
3022 484 3275 546 πλείστας
3296 483 3387 535 καὶ
3415 482 3705 551 διαπρεπεῖς

530 575 602 650 sis
641 575 909 657 Ecclesiae,
942 595 994 646 in
1023 605 1086 646 ea
1112 604 1270 658 quam
1308 587 1539 641 diximus
1563 582 1783 650 epistola
1812 580 2081 635 memoria:

2190 579 2468 647 ὁμολογίας
2490 579 2745 645 ὲπιδόξως
2768 575 3212 658 τετελειωμένων.

529 656 902 752 prodiderunt.
934 681 1039 735 Sen
1070 656 1248 733 et—alia
1275 676 1531 746 martyris
1560 675 1659 728 sub
1704 673 1843 727 idem
1875 679 2082 741 tempus
2508 692 2514 705 -
3091 656 3098 662 ’

528 749 632 842 quo
668 777 993 845 Polycarpus
1035 785 1223 841 passus
1260 776 1357 829 est,
1411 766 1547 834 apud
1592 764 1882 835 Smyrnam
1933 762 2098 825 facta,
2139 762 2193 816 in
2255 762 2441 815 eadem
2505 758 2727 825 epistola
2758 758 3082 827 coniunctim
3128 756 3397 824 leguntur.
3538 749 3705 845 quibus

528 840 576 916 et
609 840 946 920 Metrodorus
978 840 1213 930 quidam,
1243 859 1333 928 qui
1396 855 1682 910 Marcionis
1739 863 1897 908 secta:
1936 852 2221 923 presbyter
2284 852 2583 911 dicebatur,
2631 848 2856 901 ﬂammis
2901 853 3253 916 consumptus
3305 842 3524 896 interiit.
3575 840 3707 893 Cele-

541 962 804 1015 berrimus
831 972 1044 1028 quoque
1077 957 1219 1008 inter
1252 952 1488 1018 reliquos
1544 948 1656 1017 ejus
1722 946 1975 1015 temporis
2003 955 2266 1015 martyres
2305 944 2404 997 fuit
2436 944 2675 996 Pionius.
2738 940 2903 1009 Cujus
2957 939 3196 1007 singulas
3227 935 3620 996 confessiones,
3644 948 3697 993 ac

442 1038 445 1039 ν
541 1057 836 1111 libertatem
862 1054 914 1105 in
950 1050 1193 1114 dicendo,
1222 1058 1382 1115 utque
1447 1059 1629 1099 coram
1693 1042 1905 1111 populis
1935 1056 1999 1094 ac
2058 1039 2371 1109 praesidibus
2436 1052 2533 1107 pro
2591 1036 2711 1089 fidei
2773 1045 2970 1088 nostra;
3014 1032 3323 1087 defensione
3356 1028 3705 1100 peroraverit,

540 1142 824 1198 conciones
882 1141 1005 1192 item
1063 1138 1129 1190 de
1200 1135 1530 1188 institutione
1596 1129 1742 1195 fidei,
1812 1141 2072 1198 praeterea
2112 1127 2536 1189 cohortationes,
2605 1126 2766 1192 atque
2817 1124 3159 1177 invitationes
3216 1125 3280 1176 ad
3311 1136 3405 1175 eos
3429 1120 3711 1189 quiperse-

540 1236 770 1293 cutionis
810 1242 1051 1299 tempore
1112 1228 1243 1297 lapsi
1279 1226 1491 1281 fuerant
1527 1243 1541 1278 :
1610 1222 1964 1277 allocutiones
1988 1221 2149 1273 etiam
2191 1230 2241 1274 et
2265 1218 2659 1272 consolationes
2696 1231 2832 1285 quas
2881 1217 2932 1269 in
2983 1229 3204 1295 carcere
3248 1215 3453 1282 positus
3488 1209 3707 1265 adeunti-

541 1335 637 1385 bus
662 1326 836 1395 ipsum
898 1326 1156 1379 fratribus
1220 1321 1506 1384 adhibuit;
1551 1333 1670 1387 qua:
1705 1332 1866 1385 super
1904 1317 1991 1370 his
2037 1324 2339 1373 tormenta.
2382 1322 2720 1382 quantosque
2760 1310 2973 1365 dolores
3015 1308 3330 1362 sustinuerit
3388 1323 3403 1359 :
3464 1300 3708 1357 clavorum

539 1416 755 1481 insuper
787 1412 1139 1472 conﬁxioues,
1180 1416 1233 1463 et
1271 1405 1569 1461 mirabilem
1619 1406 1672 1457 in
1729 1404 1909 1457 medio
1948 1416 2079 1469 rogo
2115 1401 2474 1454 constantiam
2542 1420 2553 1453 :
2621 1406 2847 1451 mortem
2890 1396 3119 1462 denique
3164 1395 3332 1463 ipsam
3375 1409 3493 1461 quze
3536 1399 3705 1445 cuncta

543 1508 629 1561 illa
657 1504 915 1561 miracula
953 1504 1238 1557 subsecuta
1298 1508 1400 1563 est,
1427 1498 1473 1553 si
1533 1496 1624 1565 qui
1652 1495 1834 1549 volent
1893 1507 2244 1562 cognoscere,
2283 1506 2376 1546 eos
2413 1491 2477 1545 ad
2522 1490 2799 1559 epistolam
2864 1488 2931 1542 de
2961 1486 3101 1540 illius
3152 1484 3412 1555 martyrio
3468 1482 3705 1543 uberrime

539 1597 896 1664 conscriptam
953 1592 1326 1655 amandamus,
1369 1602 1530 1656 quam
1590 1601 1687 1641 nos
1737 1584 1791 1639 in
1849 1598 2013 1654 opere
2065 1585 2128 1637 de
2167 1582 2358 1651 priscis
2409 1580 2732 1650 martyribus
2784 1591 3012 1646 quorum
3079 1575 3357 1644 passiones
3404 1574 3708 1641 collegimus.

548 1686 705 1755 136
724 1682 913 1754 ordine
975 1694 1074 1735 suo
1108 1678 1449 1733 inseruimus.
1504 1676 1747 1730 Aliorum
1781 1686 2041 1745 praeterea
2071 1674 2160 1742 qui
2201 1673 2251 1725 in
2290 1672 2420 1724 urbe
2452 1670 2591 1723 Asia:
2620 1670 2883 1737 Pergamo
2925 1666 3025 1722 sub
3066 1666 3119 1719 id
3169 1674 3373 1755 tempus
3421 1664 3711 1755 martyrium

543 1753 690 1845 passi
720 1753 863 1837 sunt,
890 1772 1022 1825 Acta
1059 1771 1352 1826 etiamnum
1404 1762 1877 1831 circumferuntur,
1923 1764 2086 1832 Carpi
2122 1765 2387 1824 videlicet,
2457 1758 2677 1827 Papuli,
2739 1768 2794 1813 et
2835 1756 3079 1812 mulieris
3124 1754 3400 1823 cujusdam
3444 1753 3708 1824 Agathoni-

543 1881 618 1922 (επ
648 1883 663 1918 :
692 1864 781 1935 qui
825 1875 943 1933 post
980 1862 1177 1917 multas
1209 1871 1367 1929 atque
1424 1858 1662 1914 illustres
1704 1858 1826 1911 fidei
1885 1864 2083 1909 nostra:
2117 1855 2485 1909 confessiones
2523 1852 2755 1921 glorioso
2788 1852 2936 1903 exitu
2968 1849 3325 1904 consummati
3352 1855 3493 1902 sunt.

1096 2036 1324 2093 CAPUT
1372 2034 1512 2090 XVI.

544 2156 811 2224 Quomodo
868 2153 1113 2224 Justinus
1159 2150 1519 2224 philosOpIzus_
1546 2147 1844 2224 religionem
1891 2144 2088 2199 Christi

744 2224 915 2277 Romae
954 2222 1247 2289 praedicans
1302 2217 1612 2285 martyrium
1664 2216 1875 2267 meruit.

607 2402 798 2456 iisdem
827 2396 1160 2465 temporibus
1180 2404 1234 2447 et
1254 2393 1522 2455 Justinus,
1564 2391 1721 2459 cujus
1745 2406 1907 2459 supra
1940 2406 2092 2443 men-

541 2494 735 2548 tionem
755 2489 997 2553 fecimus,
1022 2503 1143 2542 cum
1169 2488 1394 2541 alterum
1412 2485 1607 2539 librum
1626 2498 1725 2553 pro
1748 2483 1871 2537 fidei
1894 2492 2091 2536 nostrae

541 2580 852 2638 defensione
885 2574 1298 2647 imperatoribus
1321 2573 1571 2642 superius
1605 2571 1919 2625 memoratis
1935 2571 2091 2623 obtu-

542 2672 717 2733 lisset,
751 2683 905 2723 sacro
936 2666 1196 2738 martyrio
1223 2672 1513 2720 exornatus
1539 2670 1622 2717 est
1652 2662 1844 2716 fraude
1878 2675 1944 2715 ac
1979 2674 2093 2717 ma-

544 2760 938 2815 chinationibus
975 2756 1279 2813 Crescentis
1322 2753 1667 2823 philosophi,
1722 2750 1814 2821 qui
1868 2749 2091 2803 vivendi

545 2851 802 2905 rationem
844 2862 1062 2917 prorsus
1112 2845 1519 2901 convenientem
1560 2858 1623 2897 ac
1674 2841 2090 2911 respondentem

542 2940 755 3009 Cynica
812 2936 1148 3006 appellationi
1200 2934 1572 2989 azmulabatur.
1613 2932 1779 2999 Quem
1822 2946 1945 2986 cum
1998 2927 2092 2987 ille

544 3031 822 3100 disputans
846 3028 1191 3082 audientibus
1217 3025 1461 3096 plurimis
1485 3024 1833 3087 convicisset,
1872 3022 2090 3075 tandem

546 3120 790 3175 veritatis
821 3118 963 3171 illius
989 3131 1151 3185 quam
1180 3118 1587 3187 praedicaverat,
1623 3113 1905 3183 prtemium
1946 3126 2092 3163 mar-

544 3208 682 3278 tyrio
728 3214 1046 3260 consecutus
1101 3215 1201 3260 est.
1263 3205 1426 3280 Hunc,
1462 3214 1644 3256 autem
1699 3203 1902 3255 exitum
1946 3201 2088 3264 vitae,

542 3296 681 3348 idem
719 3294 806 3347 ille
850 3307 993 3346 vera:
1027 3295 1305 3361 sapientiae
1347 3292 1773 3346 studiosissimus
1827 3301 2088 3355 sectator,

2695 2009 3082 2062 ΚΕΦΔΛΑΙΟΝ
3111 2009 3233 2074 ις’.

2195 2123 2379 2186 Ὅπως
2410 2122 2731 2191 νἸουοντῖνος
2778 2125 2811 2175 ό
2862 2124 3189 2191 φιλόσοφος
3218 2121 3323 2174 τόν
3367 2123 3609 2190 Χριστοῦ
3632 2119 3717 2175 1r!-

2189 2208 2299 2259 τον
2326 2190 2424 2243 ἐπὶ
2447 2191 2555 2260 τῆς
2602 2190 2895 2262 Ῥωμαίῳ·
2934 2196 3162 2262 πόλεῳς
3201 2194 3536 2257 πρεσϐεύων
3563 2194 3716 2262 ἐμαρ-

2539 2260 2956 2329 τύρησεν(Νἰε.
2991 2261 3063 2316 Η.
3090 2260 3157 2313 Ε.
3233 2276 3316 2327 ιιι,
3347 2262 3457 2331 52).

2261 2393 2415 2445 Κατὰ
2439 2392 2657 2455 τούτους
2685 2392 2740 2445 δὲ
2768 2392 2860 2444 καὶ
2884 2391 2911 2443 ὁ
2943 2389 3119 2461 μικρῷ
3154 2391 3385 2463 πρόσθεν
3414 2393 3539 2461 ἡμῖν
3568 2382 3715 2461 δηλω-

2191 2482 2302 2543 θεὶς
2340 2483 2637 2544 Ἰουστίνος,
2669 2480 2915 2549 δεύτερον
2940 2480 3078 2549 ὑπὲρ
3103 2479 3209 2531 τῶν
3237 2478 3357 2531 καθ’
3385 2482 3528 2549 ἡμᾶς
3545 2481 3715 2548 δογμά-

2191 2590 2295 2623 των
2328 2570 2526 2639 βιϐλίον
2548 2570 2771 2632 ἀναδοὺς
2800 2569 2907 2638 (90)
2942 2572 3053 2632 τοῖς
3084 2567 3465 2639 δεδηλωμένοις
3497 2570 3713 2639 ἄρχουσι,

2194 2662 2321 2731 θείῳ
2350 2662 2773 2729 κατακοσμεῖται
2808 2659 3085 2729 μαρτυρίῳ
3105 2700 3120 2723 ,
3162 2659 3445 2728 φιλοσόφου
3477 2659 3716 2729 Κρίσκεν-

2191 2770 2282 2815 τος
2334 2752 2444 2822 (τὸν
2489 2749 2803 2820 φερώνυμον
2831 2750 2888 2802 δὲ
2905 2746 3058 2813 οὗτος
3083 2752 3147 2819 τῇ
3173 2751 3379 2820 Κυνικῇ
3412 2750 3715 2821 προσηγορίᾳ

2192 2840 2305 2909 βίον
2333 2857 2391 2891 τε
2408 2839 2706 2911 καὶτρόπον
2732 2838 2954 2910 ἐζήλου)
2984 2839 3078 2909 τὴν
3111 2838 3396 2909 ἐπιϐουλὴν
3437 2840 3575 2908 αὑτῷ
3604 2855 3715 2892 κατ-

2190 2929 2540 3001 αρτύσαντος,
2569 2930 2798 3001 ἐπείπερ
2829 2928 3109 2991 πλεονάκις
3162 2931 3217 2981 ὲν
3254 2929 3512 2997 διαλόγοις
3545 2926 3727 2999 exponi;

2190 3021 2296 3073 τῶν
2320 3022 2597 3091 παρόντων
2626 3022 2734 3092 (9i)
2762 3020 2984 3083 εὐθύνας
3014 3018 3173 3072 αὐτὸν
3194 3060 3209 3084 ,
3236 3019 3305 3072 τὰ
3344 3022 3619 3090 νικητήρια
3646 3035 3719 3070 τεο

2189 3114 2389 3167 λευτῶν
2418 3113 2555 3185 ὑπὲρ
2591 3110 2659 3185 ἧς
2686 3114 3009 3183 ἐπρέσϐευεν
3036 3113 3284 3183 ἀληθείας
3305 3153 3319 3177 ,
3348 3112 3437 3166 διὰ
3478 3112 3566 3165 τοῦ
3595 3130 3716 3182 μαρ-

2189 3204 2371 3275 τυρίου
2393 3204 2483 3256 τοῦ
2513 3206 2627 3257 κατ’
2663 3204 2819 3256 αὑτὸν
2849 3205 3159 3275 ἀνεδήσατο.
3202 3203 3368 3257 Τοῦτο
3409 3204 3466 3256 δὲ
3511 3203 3598 3255 καὶ
3636 3205 3718 3255 αὖ·

2189 3293 2279 3356 τὸς
2302 3296 2458 3357 ὀταίς
2483 3294 2758 3363 ἀληθείαις
2785 3294 3230 3363 φιλοσοφώτατος,
3262 3296 3318 3346 ὲν
3345 3298 3410 3364 τῇ
3440 3293 3717 3365 δεδηλωμέ-

544 3387 599 3439 in
642 3386 948 3451 supradicto
996 3386 1323 3455 Apologctico
1378 3393 1560 3450 aperte
1606 3392 1767 3451 prout
1825 3392 1944 3435 erat
1989 3383 2088 3451 ipsi

2192 3402 2257 3455 νῃ
2302 3386 2615 3453 Ἀπολογίᾳ
2640 3386 2822 3453 σαφῶς
2844 3385 3013 3448 οὕτως
3031 3424 3046 3449 ,
3075 3385 3258 3456 ὥσπερ
3287 3382 3377 3439 οὖν
3405 3386 3495 3437 καὶ
3524 3382 3718 3455 ἔμελλεν

544 3489 709 3543 prope
748 3474 887 3528 diem
924 3488 1236 3539 eventui-us,
1272 3475 1513 3541 praedicit
1556 3474 1642 3528 his
1667 3472 1850 3527 verbis
1880 3489 1892 3524 :
1936 3488 1955 3521 ι
1981 3470 2090 3540 Ego

2194 3476 2316 3527 ὅσον
2340 3473 2487 3527 οὔπω
2520 3477 2647 3546 περὶ
2671 3475 2829 3527 αὑτὸν
2870 3475 3237 3545 συμϐήσεσθαι
3257 3515 3270 3538 ,
3298 3474 3575 3546 προλαϐὼν
3602 3474 3718 3527 ἀπο-

544 3564 704 3618 etiam
743 3574 998 3632 exspecto
1024 3575 1083 3619 ut
1110 3566 1175 3619 ab
1213 3566 1393 3634 aliquo
1433 3579 1621 3619 eorum
1659 3566 1747 3633 qui
1785 3561 2091 3632 philosophi

544 3658 895 3726 appellantur,
930 3657 1141 3716 insidiis
1170 3666 1406 3726 appetar,
1459 3664 1515 3709 et
1560 3655 1611 3709 in
1662 3669 1887 3709 nervum
1934 3668 2089 3706 coms

544 3865 717 3926 tyrnm
756 3855 912 3922 Carpi
941 3866 993 3909 et
1018 3856 1223 3923 Papuli,
1259 3855 1313 3926 in
1350 3856 1535 3909 eadem
1560 3854 1649 3907 illa
1686 3852 2087 3925 Smyrnaeorum

543 3924 761 3992 epistola
793 3926 1213 3978 continerentur.
1250 3924 1402 3988 Quod
1430 3933 1606 3975 tamen
1640 3924 1823 3976 verunt
1853 3938 1958 3974 non
1994 3938 2095 3988 pu-

546 4004 618 4047 to.
647 3993 825 4059 Neque
863 3996 1003 4047 enim
1045 3996 1332 4047 verisimile
1364 4002 1466 4054 est,
1496 3992 1800 4059 Smyrnzeos
1839 3995 2092 4061 martyris

545 4077 662 4130 qua!
706 4061 943 4127 l’ergami
968 4072 1117 4130 gesta
1155 4072 1326 4125 erant,
1353 4062 1403 4113 in
1442 4062 1667 4130 epistola
1699 4076 1791 4113 sua
1826 4061 2091 4114 retulisse.

548 4128 875 4199 Probabilius
894 4128 993 4190 est,
1014 4133 1140 4181 Acta
1171 4133 1281 4183 haec
1313 4140 1605 4199 martyrum
1644 4128 2092 4197 Pergamenorum

546 4213 574 4248 a
604 4198 893 4264 Smyrnteis
940 4200 1020 4249 vel
1056 4213 1085 4249 a
1137 4198 1642 4265 quibusdam’ialiis.
1677 4199 1745 4249 ob
1794 4201 2093 4264 argumenti

545 4266 959 4335 similitudinem
978 4264 1162 4331 postea
1195 4265 1439 4329 adjuncta
1458 4264 1625 4317 fuisse
1653 4266 1891 4335 epistola:
1906 4265 2094 4335 Smyr-

548 4348 804 4397 nazorum,
847 4342 901 4386 et
948 4333 1001 4385 in
1035 4348 1198 4385 unum
1238 4335 1386 4399 quasi
1429 4348 1624 4401 corpus
1651 4334 1886 4386 redacta.
1920 4333 2092 4400 Atque

547 4406 616 4456 ita
660 4403 799 4453 hunc
836 4401 1006 4454 locum
1053 4403 1261 4467 cepisse
1296 4402 1505 4453 videtur
1530 4400 1902 4466 'Nicepltorus.
1932 4405 2089 4459 Duas

548 4484 708 4540 porro
736 4470 985 4540 epistolas
1014 4472 1414 4540 Smyrnaeorum
1452 4468 1614 4521 fuisse
1648 4470 1928 4540 existimo:
1958 4472 2089 4526 alte-

547 4537 660 4594 ram
696 4554 813 4605 qua:
840 4541 903 4591 de
936 4537 1235 4609 Polycarpi,
1268 4538 1487 4609 alteram
1518 4552 1635 4605 quas
1656 4539 1719 4609 de
1750 4537 1917 4592 Pionii
1950 4556 2091 4609 mar-

547 4609 686 4679 tyrio
725 4622 962 4679 seorsum
1008 4607 1513 4679 commemoraverit
1544 4626 1555 4659 :
1592 4607 1807 4679 _qui_bus
1855 4608 2091 4679 subjecta

545 4675 699 4731 erant
727 4676 855 4727 Acta
880 4678 1141 4743 passionis
1174 4678 1332 4743 Carpi
1360 4685 1414 4729 et
1444 4676 1647 4743 Papnli.
1682 4675 1842 4729 Certe
1878 4676 2093 4730 Pionius

547 4750 781 4814 itemque
810 4745 1014 4812 Carpus
1043 4756 1096 4799 ct
1132 4747 1379 4814 Papulus,
1416 4746 1574 4798 Decio
1600 4747 1914 4811 imperante,
1950 4760 2095 4796 mar-

549 4819 745 4889 tyritpu
777 4815 919 4882 passi
949 4824 1181 4889 su_nt_.__ut
1208 4831 1399 4889 eorum
1425 4816 1555 4889 Acta
1593 4814 2091 4889 ltodieQIte_tes_tatt-

549 4883 655 4940 tur.
680 4883 857 4951 Quare
878 4885 1057 4950 passio
1079 4883 1287 4936 illorum
1316 4883 1501 4937 referri
1533 4900 1635 4937 non
1669 4885 1839 4951 potuit
1866 4884 1917 4935 in
1946 4883 2089 4935 dicta

472 4987 477 4992 ~
547 4958 941 5024 Sinyrnaaorum
974 4952 1219 5024 epistola,
1250 4966 1367 5017 qua:
1412 4954 1481 5024 de
1510 4952 1809 5024 Polyearpi_
1829 4952 2089 5024 martyrio

546 5020 718 5078 adhuc
736 5022 943 5076 recenti
990 5020 1187 5086 scripta
1222 5024 1401 5074 estad
1444 5020 1734 5075 Ecclesiam
1782 5020 2086 5074 Philotuclii

550 5092 873 5161 temporibus
900 5088 1063 5161 Marci
1093 5088 1371 5161 Antonini.
1400 5089 1857 5161 VidegBaronium
1888 5090 2089 5161 adnan-

548 5157 673 5213 nuni
714 5160 913 5229 Christi
948 5158 1093 5229 169,
1138 5172 1257 5226 cap.
1300 5158 1389 5222 2‘2,
1435 5168 1488 5229 et
1536 5159 1803 5215 Usserium
1839 5162 1892 5211 in
1952 5157 2088 5229 libro

551 5230 624 5281 De
649 5246 783 5281 anno
814 5226 975 5281 solari
1002 5228 1343 5279 Macedonum
1366 5236 1413 5279 et
1450 5228 1779 5293 Asianorum,
1808 5242 1926 5293 cap.
1959 5226 2011 5278 5.

617 5297 725 5367 (90)
765 5299 1043 5365 Δεύτερον
1081 5293 1396 5367 ὑπὲργτῶνᾲ
1421 5299 1545 5350 καθ’
1584 5295 1738 5365 ἡμᾶς
1784 5295 2089 5365 δογμάτων

544 5365 783 5429 ,ϐιϐλίον
803 5367 1080 5430 ἀναδούς.
1102 5366 1364 5418 Eusebius
1386 5365 1435 5416 in
1445 5367 1519 5417 l‘ra
1538 5371 1731 5433 cap.”
1768 5368 2091 5433 mentionem

550 5446 738 5489 iterum
783 5439 909 5489 facit
962 5439 1117 5502 hujus
1157 5433 1375 5487 secundi
1419 5432 1756 5503 Apologetici,
1797 5450 1957 5503 quem
1998 5432 2090 5485 Ju-

550 5504 723 5556 stinus
769 5505 893 5571 imp.
940 5506 1010 5557 M.
1058 5503 1277 5557 Aurelio
1319 5502 1595 5556 Antonino
1632 5520 1725 5572 pro
1764 5502 2089 5557 Christianis

548 5572 835 5624 dicaverat.
860 5574 1103 5639 Ejusdem
1138 5572 1256 5626 libri
1284 5572 1525 5624 meminit
1547 5572 1703 5624 etiam
1734 5572 2089 5640 Hieronymus

552 5642 784 5707 inopch
834 5641 903 5695 De
946 5644 1280 5709 scriptoribus
1329 5640 1703 5693 ecclesiasticis.
1740 5641 1980 5708 Scaliger
2034 5642 2085 5693 iu

2198 3564 2443 3633 σημαίνει
2469 3564 2675 3628 τούτοις
2713 3567 2892 3628 αὐτοῖς
2936 3567 3047 3627 τοῖς
3096 3566 3333 3635 ῥήμασι·
3386 3584 3405 3617 ‹
3445 3564 3604 3632 Κάγὼ
3639 3560 3717 3617 οὖν

2198 3654 2474 3723 προσδοκῶ
2499 3657 2601 3708 ὑπό
2630 3674 2772 3720 τινος
2798 3656 2904 3710 τῶν
2936 3657 3328 3729 ὠνομασμένων
3362 3655 3715 3724 ὲπιϐουλευθῆ·

2193 3850 2758 3923 Animadversionibus
2787 3853 3122 3923 Eusebianis,
3162 3869 3281 3923 pag.
3323 3853 3447 3915 9.0!,
3485 3854 3556 3907 ait
3590 3852 3716 3905 hunc

2197 3923 2491 3973 secundum
2549 3920 2743 3990 Justini
2802 3920 3207 3989 Apologeticuni,
3236 3920 3423 3990 chjus
3471 3925 3566 3975 hoc
3614 3923 3715 3973 loco

2198 3990 2520 4041 mentionem
2552 3988 2679 4042 facit
2719 3988 2995 4052 Eusebius,
3044 3992 3201 4043 hodie
3246 3988 3349 4043 non
3391 4004 3619 4050 exstare.
3646 3991 3716 4041 id-

2196 4072 2299 4124 que
2322 4059 2496 4126 palam
2521 4073 2640 4111 esse
2676 4058 2920 4111 afﬁrmat.
2968 4060 3024 4111 In
3066 4074 3170 4126 quo
3204 4072 3376 4112 tamen
3418 4062 3564 4127 longe
3584 4058 3713 4115 falli-

2197 4136 2301 4179 tur.
2364 4127 2572 4180 Etenim
2628 4127 2907 4189 Eusebius,
2960 4137 3235 4196 postquam
3288 4130 3421 4181 dixit
3468 4127 3713 4181 Justinum

2193 4197 2564 4265 philosophum
2612 4197 2896 4250 secundam
2935 4212 3029 4263 pro
3074 4199 3393 4250 ChriStiauis
3420 4198 3709 4265 Apologiam

2193 4264 2262 4318 Μ.
2309 4266 2524 4319 Aurelio
2564 4266 2836 4319 Antonino
2879 4267 3153 4327 obtulisse,
3206 4267 3385 4319 statim
3430 4283 3492 4320 ex
3542 4264 3711 4317 eadem

2191 4337 2433 4404 oratione
2468 4334 2729 4404 insignem
2776 4335 2956 4404 locum
3002 4334 3177 4396 aliert,
3226 4349 3331 4404 quo
3359 4333 3596 4388 Justinus
3630 4336 3715 4385 ad-

2190 4417 2375 4457 versus
2403 4402 2741 4457 Crescentem
2760 4402 3018 4472 Cynicum
3048 4403 3414 4472 philosophum
3446 4404 3711 4458 invehitur.

2194 4475 2292 4536 Qui
2324 4473 2535 4540 quidem
2587 4474 2733 4526 locus
2783 4471 2939 4541 hodie
2968 4481 3141 4541 exsul
3188 4473 3239 4541 in
3281 4471 3527 4541 Apologia
3556 4475 3709 4539 prima

2116 4532 2166 4590 CD
2194 4532 2426 4607 eiusdem
2448 4541 2661 4604 Justini,
2686 4558 2804 4610 pag.
2822 4540 2892 4594 46
2916 4539 3162 4610 editionis
3186 4532 3499 4596 Pat'isiettsis
3527 4532 3715 4596 Graeco-

2195 4612 2413 4663 Latiuaa.
2445 4611 2637 4663 Verum
2675 4608 2725 4662 in
2762 4608 2992 4675 vulgatis
3018 4608 3212 4662 Justini
3238 4610 3576 4673 editionibus,
3608 4626 3714 4663 om-

2196 4681 2367 4733 tiones
2392 4680 2531 4733 illius
2564 4679 2902 4746 apologeticae
2942 4688 3261 4744 prtepostero
3286 4681 3478 4734 ordine
3499 4680 3712 4735 colloca-

2195 4757 2258 4801 ιω
2274 4759 2415 4811 sunt.
2442 4748 2570 4801 Nam
2598 4763 2713 4816 qme
2736 4746 2964 4816 secunda
2984 4751 3195 4816 ponitur
3224 4750 3277 4801 in
3315 4752 3523 4803 excusis
3545 4763 3710 4803 exem-

2193 4818 2453 4883 plaribus,
2482 4833 2544 4870 ea
2593 4814 2772 4885 priore
2810 4814 2927 4867 loco
2956 4815 3077 4881 poni
3112 4816 3311 4869 debuit.
3341 4817 3469 4882 Quae
3513 4833 3635 4870 vero
3661 4818 3709 4867 iu

2190 4886 2509 4939 editionibus
2543 4887 2711 4953 prima
2743 4894 3067 4940 recensetur.
3096 4895 3148 4937 et
3184 4888 3248 4938 ad
3269 4898 3505 4939 senatum
3535 4887 3712 4953 Roma;

2193 4969 2315 5006 num
2341 4947 2593 5021 inscripia
2607 4965 2710 5017 est,
2728 4967 2787 5004 ea
2819 4953 3111 5019 posteriore
3136 4954 3251 5009 loco
3266 4955 3514 5009 collocari
3546 4947 3706 5015 debet,

2194 5031 2249 5073 ut
2277 5024 2513 5088 pluribus
2540 5022 2677 5076 infra
2708 5022 2898 5074 dicturi
2930 5036 3137 5075 sumus.

2261 5092 2368 5164 (9i)
2404 5089 2727 5164 Ἀκροατῷν
2756 5091 3099 5164 Δσαπρόν-τιον.
3132 5090 3215 5164 ita
3254 5091 3465 5164 quidem
3502 5088 3708 5164 Regius.

2194 5159 2295 5229 Sed
2324 5159 2552 5229 quatuor
2582 5160 2790 5227 reliqui,
2816 5161 3028 5214 ‘Mazar.
3068 5159 3286 5215 scilicet
3301 5176 3365 5214 ac
3397 5160 3557 5219 Med.,
3600 5170 3708 5229 cum

2194 5224 2404 5283 ΕυΙιλη
2448 5224 2737 5293 Saviliano,
2787 5230 3040 5295 scriptum
3092 5231 3307 5292 habent,
3334 5230 3417 5280 ἐπ’
3445 5224 3711 5296 ἀκροατῶι

2192 5299 2412 5362 εὐθύνας
2448 5300 2627 5363 αὐτόν,
2656 5299 2795 5365 quod
2836 5300 3047 5365 quidem
3098 5299 3223 5352 mihi
3255 5300 3463 5349 videtur
3507 5300 3709 5365 elegan-

2191 5372 2311 5423 tius.
2349 5370 2514 5421 Porro
2546 5370 2659 5422 haec
2676 5363 2933 5435 periodus
2960 5381 3079 5420 cum
3110 5369 3161 5420 in
3194 5366 3378 5420 Grmco
3408 5363 3622 5418 confusa
3650 5363 3709 5415 sit

2188 5449 2247 5487 ac
2280 5439 2604 5503 perturbata,
2632 5439 2841 5490 induas
2864 5451 2892 5488 a
2923 5436 3075 5489 nobis
3100 5435 3267 5487 divisa
3297 5442 3400 5498 est,
3442 5444 3502 5487 ut
3537 5446 3709 5503 sensus

2187 5507 2417 5623 ᾔνης’ιίοτ
2450 5509 2777 5561 redderetur.
2821 5506 2984 5572 quue
3014 5514 3175 5561 etiam
3208 5510 3331 5556 ante
3358 5517 3455 5558 nos
3483 5502 3711 5572 praestitit

2238 5592 2264 5623 υ
2292 5590 2429 5623 inus.

2238 5576 2429 5629 ulinus.
