3942 6332
193 416 286 472 355

1157 412 1498 468 HISTORIA:
1538 411 2091 469 ECCLESIASTlC/E
2131 413 2254 469 LIB.
2297 411 2384 470 IV.

3268 419 3373 473 586

195 545 292 589 ναι,
332 526 427 579 καὶ
448 516 604 597 ’ξύλῳ
644 524 978 593 ὲντιναγῆναι
1012 522 1143 592 (92),
1174 524 1206 593 ἢ
1234 526 1325 576 καὶ
1351 524 1454 576 ὑπὸ
1475 525 1717 595 Κρίσκεν

1837 525 2033 593 pingar
2063 542 2075 576 :
2110 524 2179 577 ab
2211 525 2324 594 ipso
2354 521 2577 578 forsitan
2625 523 2933 591 Crescente,
2969 545 3112 586 vera:
3140 533 3375 602 philoso-

195 614 273 680 τος
297 615 392 669 τοῦ
422 614 739 684 ἀφιλοσόφου
775 615 867 666 καί
891 613 1242 683 φιλοκόμπου.
1277 614 1350 665 υύ
1379 614 1485 684 γάρ
1527 615 1735 683 φιλόσο-

196 724 280 777 φον
305 707 481 759 είπεῖν
506 705 650 770 ἀξιον
683 704 772 757 τὸν
799 703 965 783 ἀνδρα
986 742 1000 765 ,
1033 703 1092 765 ὃς
1117 720 1181 772 γε
1213 705 1340 774 περὶ
1383 697 1458 758 ὧν
1504 704 1578 774 μή
1618 704 1735 756 ἐπί-

195 817 370 853 σταται
401 799 633 869 δημοσίᾳ
674 797 1112 866 καταμαρτυρεῖ,
1153 795 1227 858 ὼς
1267 796 1437 848 ἀθέων
1477 795 1569 848 καὶ
1611 796 1735 848 ἀσεε-
1773 818 1780 826 ’

194 892 290 951 ϐῶν
321 889 657 962 Χριστιανῶν
696 887 890 950 ὅντων,
925 887 1060 957 πρὸς
1090 886 1245 958 χάριν
1276 889 1368 940 καὶ
1396 887 1584 958 ἡδονὴν
1627 887 1734 939 τῶν

192 983 388 1037 πολλῶν
409 1021 424 1044 ,
461 979 881 1049 πεπλανημένως
927 978 1082 1030 τοῦτο
1122 978 1372 1048 πράττων
1419 978 1547 1049 (95).
1584 979 1653 1032 Εἴ
1675 996 1733 1031 τε

191 1074 285 1144 γὰρ
316 1073 391 1144 μὴ
429 1070 660 1141 ἐντυχὼν
691 1073 800 1133 τοῖς
828 1068 922 1122 τοῦ
966 1069 1198 1140 Χριστοῦ
1239 1069 1525 1141 διδάγμασι
1566 1088 1733 1124 κατα-

190 1164 355 1233 τρέχει
387 1161 579 1232 ἡμῶν,
613 1160 966 1230 παμπόνηρος
1015 1161 1131 1212 ἐστι
1179 1161 1272 1212 καὶ
1306 1160 1527 1212 ἰδιωτῶν
1555 1159 1734 1230 πολλῷ

191 1251 391 1321 χείρων,
411 1251 460 1303 οῖ
483 1251 833 1319 φυλάττονται
856 1249 1108 1312 πολλάκις
1127 1251 1256 1321 περὶ¹
1277 1244 1350 1307 ὧν
1369 1252 1468 1303 οὐκ
1486 1251 1734 1305 ἐπίσταν-

178 1349 263 1395 ’ται
317 1341 651 1410 διαλέγεσθαι
676 1342 766 1394 καὶ
792 1341 1270 1432 ψευδομαρτυρεῖν.
1303 1343 1412 1395 Καὶ
1430 1345 1478 1395 εἰ
1501 1343 1733 1413 ἐντυχὼν

191 1431 252 1501 μὴ
280 1431 476 1501 συνῆκε
517 1431 573 1482 τὸ
605 1433 662 1483 ἐν
707 1431 886 1494 αὐτοῖς
925 1431 1206 1500 μεγαλεῖον
1229 1470 1245 1495 ,
1279 1432 1312 1501 ἢ
1359 1433 1571 1497 συνεὶς,
1598 1439 1733 1503 πρὸς

189 1522 238 1575 τὺ
265 1524 337 1594 μὴ
365 1521 762 1591 ὑποπτευθῆναι
793 1521 1028 1586 τοιοῦτος
1051 1522 1220 1576 ταῦτα
1248 1526 1411 1588 ποιεῖ,
1438 1523 1570 1578 πολὺ
1601 1525 1734 1593 μᾶλ-

187 1611 265 1663 λον
290 1611 518 1682 ἀγεννής
555 1612 648 1664 καὶ
680 1612 1060 1682 παμπόνηρος,
1098 1613 1368 1684 ἰδιωτικῆς
1418 1615 1510 1667 καὶ
1540 1614 1731 1682 ἀλόγου

187 1703 328 1773 δόξης
352 1703 445 1755 καὶ
492 1701 653 1770 φόὃου
682 1703 916 1756 ἐλάττων
959 1702 1055 1757 ὢν.
1091 1705 1200 1757 Καὶ
1230 1704 1336 1774 γάρ
1368 1704 1636 1775 προθέντα
1665 1721 1731 1774 με

187 1793 268 1845 καὶ
288 1793 633 1862 ἐρωτήσαντα
655 1793 812 1845 αὐτὸν
842 1795 1018 1864 ὲρωτή
1028 1792 1138 1856 σείς
1160 1795 1309 1858 τινὰς
1335 1795 1602 1858 τοιαύτας,
1631 1812 1732 1864 μα-

1837 617 1974 683 phiae
1997 618 2204 685 ignaro,
2225 626 2277 670 et
2306 617 2560 670 vanitatis
2590 618 2764 684 p0tius
2781 633 2939 688 quam
2957 622 3202 678 veritatis
3228 639 3374 678 ama-

1835 715 1970 760 tore.
2005 705 2186 773 Neque
2220 707 2362 758 enim
2403 707 2702 774 philosophi
2755 708 3068 780 vocabulum
3115 722 3373 777 meretur,

1833 799 1925 864 qui
1955 799 2020 850 de
2057 797 2220 850 rebus
2247 812 2380 863 quas
2422 812 2647 862 prorsus
2680 781 2922 866 ignorat,
2951 803 3159 868 publice
3205 805 3373 875 loqui,

1833 898 1888 941 et
1913 887 2258 942 Christiands
2297 889 2488 956 impios
2544 905 2605 941 ac
2651 891 2902 955 profanos
2953 891 3220 948 aﬂirmare
3265 911 3370 950 non

1833 979 2082 1041 dubitat,
2141 993 2246 1044 quo
2311 979 2538 1046 gratiam
2597 990 2777 1046 captet
2821 982 3105 1049 plebecula!
3136 999 3374 1037 :errans

1831 1067 2070 1121 omnino.
2108 1066 2164 1120 Si
2194 1067 2335 1121 enim
2364 1083 2488 1122 cunt
2532 1068 2828 1123 doctrinam
2862 1070 3062 1123 Christi
3103 1088 3371 1138 nunquam

1833 1151 2045 1222 legerit,
2073 1168 2190 1209 eant
2223 1163 2399 1209 tamen
2429 1157 2680 1225 suggillet
2702 1198 2716 1222 ,
2745 1138 2987 1226 prol‘dcio
3018 1162 3376 1228 nequissimus

1832 1254 1940 1304 est,
1967 1253 2020 1296 et
2047 1244 2187 1313 vulgi
2215 1245 2521 1301 hominibus
2557 1248 2726 1301 multo
2753 1251 3006 1320 deteripr,
3030 1252 3119 1317 qui
3146 1252 3374 1319 plerum-

1831 1348 1935 1400 que
1968 1350 2161 1389 cavere
2189 1335 2359 1389 solent
2399 1351 2465 1391 ne
2511 1337 2577 1420 de
2616 1339 2685 1392 iis
2725 1341 2884 1394 rebus
2928 1340 3211 1408 loquantur
3243 1358 3375 1410 quas

1832 1425 2100 1492 ignorant,
2146 1440 2278 1480 neve
2325 1426 2513 1479 falsum
2575 1430 2940 1484 testimonium
2968 1431 3265 1500 proferant.
3305 1435 3372 1487 Si

1831 1531 1958 1570 vero
1989 1532 2108 1569 cum
2134 1533 2251 1571 eam
2278 1519 2581 1573 doctrinam
2612 1521 2841 1590 legerit,
2869 1523 3201 1590 maiestatem
3233 1525 3374 1578 illius

1831 1607 2056 1660 minime
2093 1607 2393 1670 intellexit;
2439 1619 2527 1662 aut
2553 1611 2600 1663 si
2629 1611 2891 1665 intellexit
2924 1613 3161 1680 quidem,
3193 1630 3371 1668 verum

1829 1698 1903 1750 ita
1941 1707 2000 1752 ut
2029 1699 2139 1752 dixi
2171 1715 2228 1752 se
2257 1700 2417 1768 gerit,
2452 1715 2520 1755 ne
2546 1700 2684 1755 forte
2710 1715 2829 1759 eum
2858 1701 3223 1758 Christianum
3256 1719 3375 1759 esse

1829 1788 2072 1843 homines
2107 1791 2468 1857 suspicentur,
2507 1791 2662 1861 longe
2709 1793 2873 1847 adhut
2928 1795 3170 1864 ignavior
3199 1796 3373 1864 pejor.

188 1882 283 1935 θεῖν
313 1885 405 1935 καὶ
431 1883 642 1951 ἐλέγξαι
667 1886 747 1937 ὅτι
771 1885 983 1954 ἀληθῶς
1008 1886 1172 1955 μηδὲν
1198 1886 1502 1948 ἐπίστανται,
1531 1885 1717 1938 εἰδέναι

1831 1879 2277 1947 quejudicandns
2317 1889 2432 1943 est,
2467 1881 2662 1951 quippe
2689 1883 2778 1948 qui
2815 1884 3160 1956 popularibus
3210 1894 3372 1953 atque

193 1975 320 2043 ὑμᾶς
352 1973 627 2044 βούλομαι.
661 1977 770 2028 Καὶ
800 1977 881 2029 ὅτι
910 1977 1084 2045 ἀληθῆ
1110 1975 1249 2044 λέγω
1278 1976 1409 2047 (94),
1437 1979 1484 2028 εί
1527 1976 1600 2046 μὴ
1642 1976 1725 2027 ἀν-

192 2062 480 2133 ηνέχθησαν
507 2065 635 2133 ὑμῖν
662 2065 718 2116 αἱ
746 2063 1014 2116 κοινωνίαι
1047 2063 1150 2115 τῶν
1171 2063 1362 2131 λόγων,
1395 2064 1604 2133 ἕτοιμος
1635 2063 1727 2114 καὶ

183 2151 260 2218 ιφ’
287 2152 436 2221 ὑμῶν
481 2145 749 2207 κοινωνεῖν
797 2151 903 2203 τῶν
934 2153 1250 2221 ἐρωτήσεων
1297 2151 1456 2204 πάλιν
1476 2169 1488 2182 ⁸
1519 2149 1723 2220 βασιλι-

185 2242 268 2296 κδν
291 2244 334 2296 δ’
359 2243 422 2296 ἂν
448 2244 541 2296 καὶ
568 2243 723 2294 τοῦτο
754 2243 908 2312 ἔργον
935 2242 1037 2311 εἴη.
1075 2243 1136 2294 Εἰ
1167 2244 1223 2295 δὲ
1255 2243 1348 2295 καὶ
1381 2240 1723 2309 ἐγνώσθησαν

182 2332 296 2401 ύμῖν
325 2336 376 2386 al
408 2333 698 2403 ἐρωτήσεις
749 2349 849 2401 μου
882 2329 970 2384 xlii
1011 2333 1068 2383 αί
1121 2332 1326 2384 ἐκείνου
1379 2330 1714 2400 ἀποκρίσεις,

183 2425 398 2494 φανερὸν
421 2426 548 2493 ὑμῖν
573 2427 716 2476 ἐστιν
735 2463 749 2486 ,
782 2425 862 2476 ὅτι
885 2424 1030 2477 οὐδὲν
1058 2423 1164 2476 τῶν
1190 2423 1469 2494 ἡμετέρων
1500 2421 1720 2474 ἐπίστα-

181 2531 262 2566 ται
284 2531 296 2542 ⁸
327 2516 360 2583 ἧ
393 2515 442 2566 εί
465 2514 770 2575 ἐπίσταται,
797 2514 884 2566 διὰ
913 2516 1036 2576 τοὺς
1061 2513 1355 2575 ἀκούοντας
1384 2513 1439 2564 δὲ
1463 2511 1522 2563 ού
1552 2511 1724 2581 τολμᾷ

182 2604 364 2670 λέγειν,
394 2605 468 2667 ὼς
494 2604 748 2675 πρότερον
783 2603 919 2674 ἔφην
937 2645 950 2667 ,
977 2605 1036 2656 ού
1071 2603 1350 2672 φιλόσοφος
1370 2643 1383 2663 ,
1414 2601 1546 2655 ἀλλά
1576 2602 1724 2669 φιλό-

182 2694 318 2756 δοξος
363 2695 498 2764 ἀνὴρ
543 2694 845 2755 δείκνυται,
898 2690 957 2755 ὃς
1008 2711 1070 2762 γε
1119 2694 1251 2762 μηδὲ
1293 2693 1351 2745 τὺ
1381 2692 1720 2761 Σωκρατικὸν

181 2781 479 2855 ἀξιέραστον
513 2782 574 2835 ὃν
599 2785 732 2853 τιμᾷ
758 2783 887 2852 (95).
924 2802 943 2836 s
980 2783 1162 2836 Ταῦτα
1191 2782 1290 2851 μὲν
1327 2777 1417 2834 οὖν
1440 2785 1468 2835 ὁ
1506 2783 1722 2835 Ἰούστὶ-

243 2944 348 3014 (99)
388 2941 494 2996 Kal
518 2941 693 3014 ξύλω
708 2939 1096 3014 ἐντιναγυῆναι.
1137 2939 1232 3014 lta_
1251 2937 1642 3014 codex_Regius
1661 2948 1714 2992 et

179 3008 496 3080 Nicephorus
515 3008 859 3080 httnanstini
894 3012 1063 3062 locum
1094 3009 1368 3080 exhibent.
1404 3009 1506 3080 Sed
1540 3010 1588 3080 in
1613 3024 1707 3080 ve-

180 3076 462 3136 tustissimo
485 3081 668 3131 codice
691 3079 957 3130 Mazaritto
992 3079 1244 3140 scriptum
1277 3079 1470 3143 inveni,
1500 3079 1600 3130 κάν
1622 3076 1711 3142 ξύο

175 3150 244 3216 λῳ
267 3149 624 3216 ὲντιναγῆναι.
646 3149 698 3198 In
738 3146 998 3209 Fnk.,xa't
1018 3149 1072 3198 ὲν
1105 3146 1243 3216 ξύλῳ
1268 3147 1628 3214 ὲντιναγῆναι.
1656 3151 1708 3199 In

177 3203 560 3282 hicdicawfiat
589 3219 646 3267 ἐν
672 3216 810 3285 ξύλῳ
854 3203 1158 3284 ἐνταγῆναὶ.
1197 3203 1376 3285 Hodie
1401 3203 1716 3285 in'vulgatis
1742 3207 1788 3269 C

173 3288 360 3340 Jnstini
407 3287 727 3340 editionibus
767 3283 1173 3342 excusnm’est.
1231 3287 1323 3338 καὶ
1363 3283 1500 3354 ξύλῳ
1533 3283 1706 3354 ἐμπα-

173 3357 354 3424 γῆναι,
383 3357 646 3424 quomodo
666 3355 822 3405 etiam
849 3355 898 3405 in
935 3355 1115 3406 codice
1144 3354 1398 3424 Mediczeq
1416 3357 1559 3424 prius
1581 3357 1711 3407 scri-

175 3422 315 3491 ptum
339 3423 527 3477 fuerat.
563 3423 793 3492 Eamque
823 3423 1099 3474 lectionem
1133 3433 1344 3492 secutus
1375 3422 1630 3492 Scaliger,
1657 3425 1707 3474 in

174 3490 736 3545 Animadversionibus
772 3492 1083 3542 Ettseltianis
1117 3491 1267 3543 vertit
1295 3490 1705 3558 patibulo'aﬁigi.

177 3565 238 3612 At
257 3561 773 3625 Christophorsonns
800 3569 853 3610 et
879 3567 1000 3610 ante
1030 3559 1173 3609 ἱΙΙιιιιι
1201 3559 1425 3622 Langns,
1456 3558 1709 3624 Nicepho~

175 3630 216 3679 ri
261 3631 862 3694 interpres,7verterunt
920 3627 1234 3692 fustuarium
1282 3630 1412 3694 pati,
1457 3629 1706 3692 pessime,

172 3711 285 3749 tneo
308 3697 523 3764 quidem
553 3693 776 3764 judicio.
805 3695 1260 3764 littiinns.’baculo
1284 3693 1336 3746 et
1361 3697 1506 3748 clava
1539 3696 1705 3764 feriri,

171 3766 318 3827 quasi
345 3763 581 3816 Justinus
604 3762 808 3813 clavam
832 3774 898 3831 et
916 3763 1156 3831 baculum
1187 3764 1487 3815 Crescentis
1523 3762 1705 3831 Cynici

170 3833 553 3886 formida-terit.
589 3832 697 3898 Ego
728 3845 855 3883 vero
885 3830 1054 3893 ξύλον,
1080 3847 1289 3883 nervum
1328 3830 1707 3896 interpretatus

170 3899 305 3955 sitm.
352 3902 424 3955 Ita
463 3903 605 3954 enim
641 3899 868 3952 sumitur
895 3916 954 3949 ea
992 3915 1090 3952 vox
1131 3900 1322 3963 passim
1369 3901 1506 3967 apud
1545 3900 1708 3967 Ense-

170 3973 349 4032 hinm,
397 3972 547 4024 verbi
582 3971 774 4036 gratia,
808 3971 857 4020 it:
897 3971 1030 4019 libro
1062 3970 1268 4034 quinto,
1296 3966 1467 4029 initio,
1502 3966 1599 4030 τὰς
1652 3971 1707 4019 ὲν

169 4039 240 4109 τῷ
269 4041 410 4110 ξύλῳ
438 4040 704 4110 διατάσεις
729 4036 1069 4110 τῶν-ποδῶν.
1091 4037 1438 4110 :l‘hemistins,
1466 4041 1707 4110 oratione

168 4106 306 4163 930i
341 4106 398 4162 δὲ
422 4114 484 4162 ὲκ
514 4109 621 4162 τῶν
660 4108 962 4176 σκιμπόδιον
989 4109 1066 4167 εἰς
1087 4106 1429 4176 δεσμωτήρια
1446 4107 1711 4176 συνηρπά-

171 4181 335 4244 ζοντο·
363 4183 470 4243 τοῖς
495 4181 550 4233 δὲ
581 4181 627 4231 ol
663 4174 952 4246 σκίμποδες
995 4177 1228 4246 ἐγίνοντο
1256 4174 1371 4226 ἀντὶ
1414 4174 1601 4246 ξύλων.
1624 4177 1706 4246 Ad

165 4243 320 4312 quem
347 4251 518 4304 locum
545 4257 688 4301 recte
708 4243 1046 4299 doctissimus
1065 4245 1311 4297 Petavius
1331 4245 1601 4296 adnotavit
1617 4243 1707 4308 ξύ-

165 4315 248 4369 λον
275 4335 399 4372 esse
429 4323 568 4386 quod
601 4318 771 4370 Latini
806 4317 987 4367 dicunt
1020 4324 1337 4386 nervum,'ut
1362 4324 1443 4386 est
1476 4316 1527 4365 in
1563 4325 1709 4386 vete:

167 4387 310 4440 ribus
333 4382 556 4451 Glossis,
608 4401 777 4454 eoque
807 4394 965 4437 sensu
1010 4387 1146 4452 apud
1189 4383 1534 4436 Prudentium
1570 4382 1706 4436 sumi

164 4455 390 4523 lignum,
414 4472 534 4510 cum
569 4458 645 4507 ait
673 4477 684 4509 :

302 4546 566 4614 Lignoqne
587 4546 1014 4610 plautas.inserit,

303 4616 620 4668 Divaricatis
645 4614 906 4668 cruribus.

164 4706 374 4772 Quippe
428 4706 728 4772 huiusmodi
774 4703 1062 4772 compedes
1092 4712 1244 4757 erant
1288 4717 1320 4755 e
1349 4702 1514 4771 ligno.
1566 4703 1707 4756 Idem

163 4773 488 4828 Themistius
513 4775 564 4827 in
593 4776 836 4828 oratione
867 4775 1099 4824 nondum
1134 4773 1296 4833 edita,
1319 4788 1438 4841 qua:
1461 4774 1710 4825 inscribi-

164 4850 247 4893 tur
277 4842 617 4895 Constantius
642 4857 733 4895 seu
771 4841 844 4894 De
870 4843 1210 4900 humanitate.
1249 4843 1316 4894 de
1356 4853 1579 4908 tyranno
1628 4841 1704 4894 lo-

161 4924 332 4995 quens:
363 4911 658 4995 :IKIPd'RSP
684 4908 1224 4995 oiuatosapurrqp’iou
1249 4926 1331 4995 τις
1355 4908 1547 4995 φύλαξ,
1582 4910 1709 4995 πολε

159 4977 280 5050 λοὺς
307 4977 751 5050 ξχωνδεσμὼτας
774 4980 859 5043 ὑφ’
893 4977 1396 5050 taceamne};
1420 4979 1511 5030 καὶ
1538 4980 1705 5050 γέγη-

161 5047 268 5108 θεν,
303 5047 392 5098 ὅτι
418 5047 796 5126 εὐτυχέστερος
825 5049 1072 5126 εστι-τῶν
1093 5051 1149 5099 ὲν
1178 5047 1296 5110 τοῖς
1315 5048 1503 5126 ξύλοις,
1536 5047 1707 5100 Lucas

161 5129 376 5181 quoque
418 5119 468 5166 in
511 5119 729 5195 Actibus
763 5119 1141 5197 apostolorum.
1193 5133 1310 5183 cap.
1345 5131 1454 5196 xvi,
1488 5119 1706 5196 loquens

161 5184 223 5236 de
251 5182 424 5237 Paulo
443 5191 498 5236 et
516 5185 626 5252 Sila
661 5201 793 5252 quos
820 5187 1232 5252 Plnltppensium
1261 5196 1608 5252 magistratus
1653 5202 1704 5238 In

158 5265 432 5321 carcerem
461 5249 820 5321 coniecerant,
863 5249 1015 5320 ξύλον
1053 5254 1126 5306 ita
1177 5249 1431 5321 usurpat:
1479 5249 1706 5306 Ἔϐαλεν

159 5320 356 5407 eis”?
382 5320 615 5407 fitfit:
645 5323 1219 5407 ἔσωῖέραγ.φθλακῂντ
1263 5320 1355 5404 καὶ
1379 5325 1504 5407 τοὺς
1542 5324 1705 5403 πάξαις

157 5389 338 5442 αὐτῶν
380 5387 712 5460 ἠσφαλίσατο
734 5387 900 5451 sine
922 5387 1094 5456 ξύλον.
1130 5387 1290 5446 Vetus
1337 5394 1598 5460 interpres
1630 5394 1704 5444 ita

160 5461 319 5512 vertit
343 5472 360 5508 :
390 5458 534 5528 ﬂisit
567 5475 651 5509 eos
673 5460 726 5510 in
755 5462 1060 5528 interiorem
1089 5475 1345 5513 carcerem
1369 5473 1414 5512 et
1439 5458 1588 5528 pedes
1617 5477 1705 5512 eo-

161 5543 276 5596 rum
301 5525 516 5579 strinxit
555 5528 713 5593 ligno.
739 5527 930 5580 Arator
953 5532 1167 5580 veroin
1196 5531 1288 5581 lib.
1326 5546 1361 5581 ll
1394 5525 1703 5594 Apostolica:

161 5594 443 5719 limi-ite.
471 5599 710 5647 eamdem
746 5609 856 5647 rem
901 5611 1125 5658 narrans
1163 5600 1427 5664 expressit
1468 5599 1551 5651 his
1577 5613 1702 5652 ver-

161 5681 200 5716 tu
320 5681 336 5716 :

159 5731 504 5799 Conueniunt,
533 5732 620 5785 ubi
653 5745 826 5783 carcer
853 5740 962 5782 erat
989 5748 1005 5784 :
1031 5749 1180 5799 quem
1202 5734 1406 5785 sedibus
1444 5735 1562 5788 imis

158 5796 747 5856 lncludunt'comitante
771 5800 917 5854 Sila:
940 5796 1147 5869 vestigia
1175 5819 1391 5870 quorum

1828 1970 2033 2024 insanis
2080 1971 2442 2038 opinionibus,
2498 1984 2754 2042 metuque
2804 1975 3113 2028 inferiorem
3157 1991 3216 2030 se
3249 1991 3370 2031 esse

1828 2061 2083 2112 fateatur.
2115 2059 2298 2128 Neque
2325 2075 2451 2113 vero
2477 2061 2606 2113 illud
2633 2063 2878 2131 ignorare
2903 2078 2998 2117 vos
3027 2065 3183 2120 velim
3209 2104 3225 2126 ,
3271 2081 3370 2117 au-

1826 2149 2127 2218 gustissimi
2157 2150 2534 2216 imperatores,
2565 2166 2650 2204 me
2684 2167 2804 2204 cum
2834 2153 3025 2207 multas
3065 2155 3368 2223 huiusmodi

1829 2241 2276 2308 interrogationes
2304 2239 2350 2292 ei
2399 2242 2818 2307 proposuissem,
2882 2242 3038 2312 137
3075 2244 3370 2310 deprehen-

1825 2330 1965 2380 disse
1996 2327 2144 2380 illum
2172 2343 2356 2380 revera
2381 2330 2510 2382 nihil
2536 2330 2695 2381 scire.
2728 2331 2900 2398 Atque
2930 2344 2988 2384 ut
3014 2333 3197 2387 sciatis
3222 2349 3250 2386 a
3282 2350 3366 2387 me

1826 2433 2008 2470 verum
2028 2417 2153 2480 dici,
2183 2427 2405 2484 paratus
2423 2433 2562 2482 sum,
2592 2419 2636 2471 si
2672 2418 2807 2477 forte
2841 2421 3231 2487 disputationes
3264 2423 3366 2477 illa)

1823 2511 1888 2563 ad
1929 2516 2161 2560 vestram
2200 2507 2442 2561 notitiam
2468 2524 2570 2560 non
2592 2521 2974 2575 pervenerunt,
3005 2526 3183 2565 coram
3215 2513 3365 2566 vobis

1825 2601 2274 2668 interrogationes
2320 2600 2512 2653 iterum
2563 2615 2883 2668 proponere.
2947 2601 3129 2670 Neque
3180 2603 3231 2656 id
3296 2607 3365 2658 ab

1823 2690 2165 2758 imperatoria
2202 2689 2486 2757 majestate
2520 2691 2750 2742 alienum
2784 2691 2960 2743 fuerit.
3005 2690 3060 2744 Si
3094 2707 3218 2746 vero
3241 2708 3361 2747 cum

1821 2779 2262 2847 interrogationes
2306 2794 2456 2843 meae,
2510 2787 2619 2830 tum
2667 2778 2808 2832 illius
2871 2783 3247 2847 responsiones
3295 2782 3361 2833 ad

1824 2939 1979 3007 Ligno
2014 2958 2181 2994 mersa
2209 2956 2334 2992 cavo
2363 2939 2545 2992 vinclis
2568 2948 2770 2992 tenuere
2799 2940 2978 2993 beatis.

1818 3053 1873 3108 In
1907 3052 2101 3106 Menam
2146 3051 2471 3109 Grrecornm.
2524 3053 2609 3102 die
2646 3053 2718 3105 9.5
2753 3051 3100 3118 Septembris,
3134 3053 3197 3106 de
3259 3053 3360 3105 SS.

1818 3124 1980 3193 Paulo
2010 3135 2077 3193 et
2119 3123 2269 3174 'l‘ntta
2299 3137 2314 3172 :
2346 3121 2734 3193 Διαϐληθέντες
2756 3122 2837 3193 ,ᾡς
2865 3122 3169 3193 Χριστιανοὶ
3223 3122 3363 3193 ξύλῳ

1817 3191 2244 3260 ήσφαλίσθησαν,
2276 3191 2367 3243 καὶ
2403 3187 2650 3260 ἁλύσεσιν
2682 3187 2953 3258 ἐδέθησαν.
2975 3191 3272 3245 Latmi'hoc
3299 3187 3355 3244 li-

1817 3257 1976 3326 gnum
1990 3257 2149 3312 etiam
2164 3262 2362 3324 cippum
2377 3261 2570 3311 dixere.
2590 3257 2787 3311 Glossa:
2800 3257 3004 3313 veteres
3021 3278 3032 3312 :
3049 3261 3262 3326 Cippus.
3275 3279 3365 3312 πο-

1815 3331 2035 3398 δοκάκη.
2083 3332 2169 3383 Sic
2197 3332 2246 3382 in
2276 3329 2528 3381 Passione
2555 3327 2843 3397 Chrysanti
2883 3337 2936 3381 et
2972 3329 3141 3382 Dariaa
3171 3347 3184 3380 :
3220 3330 3362 3382 Tunc

1816 3399 1937 3450 irati
1961 3399 2169 3457 milites,
2195 3399 2401 3448 mittunt
2434 3413 2548 3449 eum
2578 3399 2630 3449 in
2661 3401 2808 3464 cippo
2847 3414 2973 3449 novo
3000 3408 3046 3450 et
3083 3401 3363 3452 nodosissi-

1816 3484 1919 3528 mo,
1965 3471 2040 3519 ita
2066 3478 2118 3516 ut
2162 3471 2212 3516 in
2255 3468 2403 3518 tertio
2436 3477 2619 3525 puncto
2651 3469 2800 3517 tibias
2822 3478 3158 3518 coarctarent.
3190 3467 3362 3534 Igitur

1815 3553 1931 3588 cum
1963 3545 2153 3605 starent
2197 3546 2313 3586 ante
2351 3551 2466 3586 eum
2499 3545 2547 3586 et
2583 3534 2888 3586 insultarent
2917 3538 2985 3594 ei,
3023 3537 3092 3587 ita
3127 3539 3361 3605 putrefa-

1815 3614 1955 3656 ctum
1987 3616 2059 3656 est
2088 3604 2284 3668 lignum
2320 3605 2480 3655 totius
2507 3607 2660 3668 cippi,
2708 3615 2760 3654 ut
2797 3605 2849 3654 in
2882 3606 3103 3656 cinerem
3151 3604 3359 3658 conver-

1815 3683 2026 3725 teretur.
2071 3673 2160 3724 Sic
2202 3671 2394 3738 legitur
2426 3673 2475 3723 in
2509 3674 2692 3724 codice
2727 3688 2826 3724 ms.
2859 3674 2928 3724 At
2975 3672 3360 3740 Metaphrastes

1815 3744 2000 3793 eadem
2024 3742 2148 3810 Acta
2175 3740 2483 3793 describens
2531 3743 2606 3793 sic
2641 3741 2798 3792 habet
2821 3755 2886 3795 ex
2923 3743 3164 3794 versione
3192 3742 3354 3810 Lipo-

1816 3813 1956 3861 mani
2000 3827 2012 3861 :
2049 3809 2240 3860 Milites
2286 3811 2544 3875 indignati
2571 3825 2684 3860 eum
2730 3811 2784 3860 in
2829 3825 3082 3862 carcerem
3121 3809 3357 3877 conjece-

1815 3888 1955 3934 runt.
2004 3889 2050 3928 et
2094 3878 2286 3941 triplici
2341 3878 2579 3942 compede
2630 3879 2880 3930 strinxere
2910 3894 2928 3930 :
2974 3877 3094 3944 qua:
3149 3879 3353 3944 quidem

1813 3963 1926 3996 cum
1959 3946 2056 4011 ipsi
2097 3954 2325 3997 astarent
2354 3953 2403 3996 et
2436 3945 2730 4008 illuderent,
2776 3948 2832 3997 in
2859 3948 3112 4010 pulverem
3149 3949 3358 3999 redacta

1811 4024 1906 4064 est.
1935 4022 1939 4026 '
1962 4045 1966 4052 -

1883 4082 1988 4148 (95)
2016 4082 2167 4145 Πρὸς
2207 4082 2378 4149 χάριν
2426 4082 2523 4134 καὶ
2557 4082 2784 4148 ἡδονὴν
2832 4081 2946 4134 τῶν
2973 4081 3230 4142 πολλῶν,
3261 4099 3356 4135 πε-

1811 4150 2197 4222 πλανημένως
2242 4150 2419 4222 τοῦτο
2467 4149 2753 4222 πρᾷτζτωγ.
2807 4151 2946 4222 βιιιιὶ
2981 4162 3162 4222 antea,
3215 4154 3352 4222 πρὸς

1812 4221 1967 4290 χάριν
1997 4221 2090 4290 καὶ
2139 4219 2328 4287 ἡδονὴν
2355 4220 2478 4290 τῶν
2505 4219 2709 4269 πολλῶν
2762 4220 2867 4270 τῶν
2909 4219 3351 4290 πεπλανημένων.

1814 4291 1991 4345 Longe
2024 4289 2317 4357 elegantior
2354 4299 2434 4341 est
2470 4289 2624 4357 lectio
2655 4303 2809 4348 quam
2843 4305 2904 4340 ex
2945 4291 3114 4342 tribus
3158 4294 3354 4344 nOStris

1813 4356 2126 4417 codicibus,’
2158 4357 2315 4419 Man,
2370 4356 2503 4410 Med.
2536 4367 2589 4408 et
2650 4357 2800 4418 Fnk.,
2849 4361 3184 4412 exhibemus.
3225 4360 3354 4424 Qua:

1813 4427 2110 4479 emendatio
2153 4431 2286 4478 adeo
2330 4426 2624 4495 necessaria
2649 4437 2750 4484 est.
2782 4435 2841 4478 tit
2877 4429 2975 4480 nisi
3023 4429 3093 4480 ita
3122 4430 3354 4495 scripse-

1818 4498 1911 4557 ris,
1940 4511 2056 4564 qtue
2093 4506 2387 4563 sequuntur
2419 4494 2612 4548 Justini
2646 4497 2808 4548 verba
2840 4511 2957 4549 cum
3005 4498 3351 4561 praecedenti-

1736 4548 1911 4618 D'bns'
1947 4548 2248 4618 nullatenus
2268 4567 2590 4619 cohaereant.
2624 4548 2918 4632 Postquam
2938 4548 3371 4625 enini—dixitan

1809 4638 1981 4688 stinus
2019 4636 2356 4688 Crescentem
2401 4636 2671 4702 indignum
2718 4649 2838 4687 8.388
2869 4636 3164 4702 philosOphi
3199 4651 3353 4688 voca-

1808 4705 1952 4768 bulo,
1984 4715 2259 4772 propterea
2290 4706 2429 4773 quod
2461 4705 2526 4755 de
2561 4706 2718 4757 rebus
2748 4705 3055 4770 loqueretur
3087 4720 3220 4771 quas
3256 4719 3348 4772 pe-

1809 4775 1948 4825 nitus
1979 4776 2276 4842 ignorabat,
2323 4785 2376 4826 et
2407 4773 2740 4827 Christianos
2780 4775 2971 4837 impios
2994 4775 3233 4833 vocabat,
3258 4841 3265 4842 ί
3294 4784 3348 4823 ut

1806 4841 2032 4904 gratiam
2104 4851 2347 4910 captaret
2399 4843 2659 4910 imperitae
2731 4844 3140 4895 multitudinis:
3205 4841 3347 4892 addit

1806 4913 2016 4972 deinde,
2044 4911 2184 4963 illum
2215 4913 2265 4963 in
2305 4927 2370 4965 eo
2412 4913 2646 4977 graviter
2669 4927 2898 4969 errasse.
2930 4910 3346 4977 πεπλανημένως

1804 4979 1958 5050 τοῦτο
1989 4980 2256 5050 πράττων.
2282 4975 2565 5034 Βειὶὐηειιι
2607 4982 2726 5033 inde
2756 4980 3046 5050 subiungit,
3079 4979 3131 5028 εῖ
3151 4975 3206 5028 τε
3238 4975 3343 5050 γὰρ

1808 5049 1880 5118 μὴ
1915 5046 2166 5118 ἐντυχών,
2191 5058 2321 5110 etc.,
2342 5052 2612 5118 eleganter
2643 5047 2876 5104 omnino.
2912 5048 3090 5114 Itaque
3113 5061 3214 5096 non
3245 5046 3344 5095 im-

1809 5117 1997 5170 merito
2053 5117 2104 5170 in
2133 5119 2319 5171 codice
2351 5117 2515 5182 Regio
2559 5119 2641 5170 ad.
2675 5119 2813 5171 latus
2844 5121 3028 5170 horum
3061 5119 3339 5182 verborum

1805 5188 2043 5252 apposita
2077 5195 2180 5257 est‘
2202 5195 2325 5238 nota
2506 5195 2562 5239 et
2586 5202 2754 5257 supra
2774 5194 3022 5257 accentus
3042 5180 3335 5257 circumﬂe-

1804 5248 1923 5310 xus.
1961 5265 2014 5305 et
2041 5271 2119 5306 ον.
2147 5252 2276 5325 Qnte
2298 5248 2710 5325 nota'signiﬂcat
2727 5254 2943 5324 ὡραῖον,
2975 5252 3025 5304 id
3061 5259 3141 5302 est
3165 5248 3340 5302 locum

1803 5334 2080 5374 venustum
2101 5335 2152 5373 et
2179 5323 2496 5387 elegantem.

1875 5392 1983 5462 (94)
2008 5392 2114 5444 Kal
2144 5389 2231 5442 ὅτι
2490 5393 2664 5462 λέγω.
2699 5383 3125 5462 Hanclonnendi
3154 5386 3260 5462 vim
3286 5397 3337 5440 et

1805 5460 2182 5524 proprietatem
2199 5475 2304 5511 non
2331 5457 2590 5516 irtteilexii
2611 5459 3138 5522 Christophorsonns.
3157 5457 3214 5506 In
3236 5459 3337 5507 hu-

1796 5528 2024 5592 jusmodi
2065 5538 2240 5581 autem
2281 5530 2548 5584 locutione
2591 5530 2897 5582 subauditur
2940 5526 3210 5593 eleganter
3255 5525 3337 5576 ἵνα

1802 5595 1999 5662 εἰδῆτε.

1864 5675 1953 5743 (95
1984 5671 2058 5743 Td?
2079 5675 2452 5740 Σωκρατικὸν⁹
2477 5673 2832 5743 ἀξιέραστα
2865 5667 2936 5722 ὃν
2957 5667 3114 5736 τιμᾷ.
3140 5669 3345 5724 Ιιιῑειιὶο

1828 5741 2151 5809 ἰιέςιέεἰλιιι
2177 5745 2321 5797 illam
2348 5746 2584 5799 Socratis
2608 5741 2925 5809 sententiam
2952 5756 3072 5806 qua:
3096 5748 3180 5795 est
3205 5746 3344 5808 apud

1829 5760 1867 5796 tt
1889 5760 2151 5809 egregiam
2177 5760 2321 5797 ttlam
2348 5760 2584 5799 bocraus
2608 5760 2925 5794 sententiam
2952 5760 3072 5806 qua:
3096 5760 3180 5795 εει
3205 5760 3342 5808 apun

1791 5760 2066 5870 f'latonem
2095 5829 2106 5863 :
2135 5828 2295 5880 quam
2323 5815 2536 5882 quidem
2568 5810 2636 5863 ab
2657 5807 2890 5864 Eusebio
2925 5820 3017 5863 ant
3045 5809 3112 5864 ab
3137 5812 3342 5866 exscri-
