3942 6332
516 293 616 392 δη

1208 339 1475 397 EUSEBII
1513 339 1983 398 CESARIENSlS
2015 341 2050 397 0

2152 385 2166 397 .
2206 341 2386 396 rans
2423 340 2464 397 ι.
2502 314 2570 382 -έ
2606 342 2988 400 ιιιετοιιιωι.

3600 313 3696 402 56s

518 463 678 504 aures
707 457 917 504 vestras
943 455 1330 517 pervenerunt,
1367 454 1714 519 perspicuum
1761 451 1914 504 vobis
1958 460 2050 504 est

2168 465 2274 512 νος.
2313 452 2432 502 Ὅτι
2471 450 2525 503 δὲ
2570 453 2707 505 κατὰ
2744 453 2843 520 τὴν
2889 453 3050 505 αὑτοῦ
3095 433 3390 524 πρόρρησιν
3438 454 3569 523 πρὸς
3611 457 3690 508 τοῦ

519 539 670 594 illum
698 537 754 593 in
777 539 1041 607 religione
1074 551 1254 596 nostra
1279 555 1501 609 prorsus
1533 540 1667 594 nihil
1692 541 1852 596 scire.
1879 541 1985 594 Aut
2021 543 2064 595 si

514 629 729 687 ecitille
759 632 996 702 quidem.
1036 632 1129 687 sed
1174 642 1397 702 propter
1424 633 1701 696 auditores
1743 632 1919 701 eloqui
1962 648 2065 686 non

519 724 701 789 audet,
736 736 1074 792 nequaquam
1114 721 1492 791 philosophus,
1521 731 1580 777 ut
1613 733 1768 776 antea
1791 723 1938 786 dixi,
1972 724 2064 777 sed

515 814 787 882 pupularis
825 828 971 868 aura:
999 822 1246 882 captator
1269 826 1391 867 esse
1407 811 1844 879 deprehenditur,
1869 813 2066 881 quippe

512 895 606 972 qui
631 903 1053 974 pulcherrimum
1072 904 1198 957 illud
1221 902 1458 958 Socratis
1479 904 1675 958 dictum
1694 904 1841 972 parvi
1860 903 2024 957 faciat
2045 917 2061 956 :

513 994 736 1053 Nullum
758 1008 877 1049 esse
897 995 1114 1053 veritati
1146 995 1554 1051 anteferendum
1579 994 1774 1048 virum.
1802 1012 1820 1045 ι
1868 993 2066 1048 Hacte-

515 1100 618 1142 nus
649 1084 913 1144 Justinus.
936 1085 1104 1152 Quem
1132 1085 1366 1154 quidem,
1403 1087 1542 1138 sicut
1581 1083 1694 1152 ipse
1721 1084 2058 1152 pradirerat,

514 1177 738 1240 structis
767 1190 797 1230 a
827 1176 1112 1233 Crescente
1136 1176 1368 1239 insidiis,
1406 1175 1672 1244 martyrio
1692 1188 1809 1230 esse
1828 1189 2059 1230 corona-

514 1276 630 1322 tum
680 1266 941 1323 Tatianus
991 1268 1074 1322 vir
1104 1269 1193 1337 qui
1231 1266 1408 1337 primo
1452 1266 1626 1319 aetatis
1673 1279 1783 1318 sua:
1825 1275 2061 1334 tempore

512 1359 841 1414 rhetoricam
865 1361 1082 1425 docens,
1119 1360 1169 1413 in
1197 1359 1480 1430 gentilium
1523 1355 1819 1425 disciplinis
1851 1369 2056 1409 summa

513 1466 635 1505 cum
660 1452 813 1506 laude
836 1452 1078 1506 verSatus
1107 1461 1213 1517 est,
1265 1461 1320 1506 et
1359 1452 1448 1519 qui
1484 1449 1718 1518 plurima
1755 1447 1951 1516 ingenii
1977 1447 2059 1501 sui

512 1549 858 1603 monumenta
884 1541 1119 1611 posteris
1141 1540 1378 1609 reliquit,
1408 1541 1460 1591 in
1501 1538 1636 1591 libro
1655 1537 1912 1590 Adversus
1933 1550 2059 1603 gen-

510 1636 586 1683 ta
636 1637 864 1685 testatur
913 1631 999 1686 his
1056 1630 1275 1685 verbis:
1311 1627 1423 1682 tEt
1469 1635 1615 1681 recte
1661 1624 1924 1690 Justinus,
1977 1624 2059 1677 vir

510 1721 748 1777 omnium
797 1720 1156 1774 admiratione
1200 1718 1582 1790 dignissimus,
1629 1730 1724 1770 eos
1761 1714 2057 1770 latronibus

2167 541 2494 608 Κρίσκεντος
2527 541 2910 604 συσκευασθεὶς
2941 541 3221 612 ἐτελειώθη
3245 581 3260 604 ,
3289 543 3545 605 Τατιανὸς
3575 545 3691 618 ἀνὴρ

2165 629 2252 681 τὸν
2281 631 2488 700 πρῶτον
2515 630 2676 685 αὑτοῦ
2702 631 2813 702 βίον
2838 631 3188 701 σοφιστεύσας
3216 635 3272 685 ὲν
3296 636 3406 696 τοῖς
3450 633 3693 705 Ἑλλήνων

2168 720 2444 792 μαθήμασι
2470 722 2598 793 (96),
2634 725 2727 777 καὶ
2755 724 2911 790 δόξαν
2938 725 2998 776 οὐ
3023 723 3256 795 σμικρὰν
3280 725 3336 777 ὲν
3375 724 3555 788 αὐτοῖς
3580 728 3696 778 ἀπε-

2163 811 2490 881 νηνεγμένος
2516 852 2530 875 ,
2563 813 2785 868 πλεῖστά
2809 830 2870 866 τε
2905 813 3514 885 συγγράμμασιναὺτοῦ
3546 831 3696 868 κατα-

2163 901 2331 955 λιπὼν
2347 906 2673 974 μνημεία,ὲν
2696 905 2774 975 τῷ
2801 906 2953 973 Πρὸς
2981 907 3288 973 Ἕλληνας
3316 906 3515 976 ἱστορεῖ
3540 905 3698 974 λέγων

2161 985 2261 1044 ὧδέ
2293 1007 2440 1055 ποκ’
2487 1011 2506 1043 ι
2540 994 2646 1045 Καὶ
2680 995 2709 1045 ὀ
2747 993 3184 1063 θαυμασιώτατος
3229 996 3504 1058 Ἰουστῖνος
3540 995 3697 1068 ὀρθῶς
3760 1011 3768 1024 ·

2160 1080 2499 1152 ἐξεφώνησεν
2517 1123 2530 1146 ,
2561 1083 2791 1136 ἐοικέναι
2817 1069 2941 1147 τοὺς
2972 1085 3392 1156 προειρημένους
3417 1084 3648 1157 λῃσταῖς.
3676 1104 3692 1135 ι

2159 1166 2273 1223 Εἶτ’
2316 1170 2555 1223 ἐπειπών
2601 1187 2722 1224 τινα
2769 1172 2894 1243 περὶ
2934 1171 3042 1224 τῶν
3087 1174 3422 1241 φιλοσόφων,
3475 1172 3696 1239 ἐπιλέγει

2156 1260 2358 1314 ταῦτα’
2397 1279 2415 1313 ι
2454 1261 2700 1332 Κρίσκῃς
2743 1262 2874 1331 γοῦν
2907 1264 2935 1314 ὁ
2976 1254 3346 1328 ἑννεοττεύσας
3390 1266 3455 1335 τῇ
3503 1265 3692 1334 μεγάλῃ
3727 1331 3738 1346 ο

2158 1352 2337 1416 πόλει,
2364 1354 2718 1424 παιδεραστίᾳ
2751 1354 2846 1425 μὲν
2881 1354 3088 1419 πάντας
3128 1356 3466 1427 ὑπερήνεγκε
3485 1394 3500 1418 ,
3525 1356 3695 1424 φιλαρ-

2157 1443 2318 1513 γυρίᾳ
2361 1443 2418 1496 δὲ
2446 1445 2584 1497 πάνυ
2618 1445 2883 1516 προσεχὴς
2911 1441 2997 1515 ἦν.
3025 1445 3265 1499 Θανάτου
3295 1445 3352 1498 δὲ
3385 1448 3415 1499 ὁ
3442 1462 3692 1516 καταφρο-

2157 1536 2266 1586 νεῖν
2298 1534 2699 1604 συμϐουλεύων,
2723 1534 2893 1596 οὓτως
2929 1535 3089 1598 αὐτὸς
3124 1535 3310 1588 ἐδεδίει
3344 1535 3435 1588 τὺν
3465 1517 3688 1600 θάνατον,

2155 1626 2229 1688 ὡς
2259 1628 2350 1680 καὶ
2387 1629 2662 1682 Ἰουστϊνον
2692 1629 2938 1700 καθάπερ
2968 1629 3184 1699 μεγάλῳ
3225 1629 3410 1700 κακῷ,
3437 1629 3515 1700 τῷ
3544 1628 3690 1683 θανά-

2155 1733 2232 1786 τῳ
2283 1707 2593 1788 περιϐαλεῖν
2642 1712 3185 1789 πραγματεύσασθαι,
3244 1720 3375 1773 διότι
3428 1720 3690 1790 κηρύττων

508 1810 714 1867 similes
755 1824 874 1865 esse
906 1811 1059 1863 dixit.
1086 1829 1104 1861 ι
1150 1810 1326 1863 Pauca
1364 1806 1556 1882 deinde
1596 1805 1946 1860 interlocutus
1989 1806 2050 1858 de

2153 1807 2250 1877 τὴν
2281 1808 2564 1879 ἀλήθειαν,
2593 1809 2802 1879 λίχνους
2845 1811 2969 1872 τοὺς
2997 1809 3310 1878 φιλοσόφους
3333 1811 3426 1864 καὶ
3463 1809 3689 1864 ἀπατεῶ-

508 1900 842 1969 philosop‘his
875 1938 892 1964 .
942 1902 1056 1955 hinc
1120 1901 1438 1971 subiungit:
1479 1918 1496 1949 ρ
1520 1898 1785 1953 Crescens
1840 1893 2050 1964 quidem

2161 1913 2254 1960 νας
2283 1897 2555 1969 ἐξήλεγχε.
2596 1918 2613 1950 ι
2648 1900 2754 1974 Καὶ
2780 1900 2840 1954 τὸ
2874 1901 2970 1971 μὲν
3013 1900 3151 1955 κατὰ
3185 1903 3461 1955 Ἱουστῖνον
3505 1901 3690 1972 μαρτύ-

507 1991 598 2059 qui
639 1991 693 2046 in
735 1991 866 2044 urbe
896 1991 1065 2046 Roma
1107 1990 1347 2046 nidulum
1404 2005 1559 2044 suum
1617 1988 1843 2051 ﬁxerat,
1896 1984 2050 2039 {cedis

2163 2003 2274 2058 ριον
2305 1986 2554 2055 τοιαύτην
2582 1986 2760 2060 εἴληχε
2794 1990 2892 2061 τὴν
2923 1991 3117 2044 αἰτίαν.

506 2091 794 2145 puerorum
825 2081 1117 2148 amoribus,
1139 2090 1193 2137 et
1239 2082 1480 2137 avaritiae
1510 2094 1671 2150 supra
1694 2093 1878 2134 omnes
1919 2077 2166 2136 mortales
2219 2079 2432 2133 deditus
2480 2078 2600 2134 fuit.
2633 2081 2698 2136 Et
2723 2084 2815 2152 qui
2853 2083 2984 2138 alios
3026 2083 3343 2139 hortabatur
3391 2091 3451 2139 ut
3480 2092 3689 2138 mortem

506 2181 929 2238 contemnerent,
987 2175 1101 2245 ipse
1158 2183 1436 2244 tantopere
1494 2190 1613 2229 eam
1681 2171 2044 2236 formidabat,
2110 2182 2166 2224 ut
2200 2170 2411 2226 Justino
2484 2185 2742 2244 tanquam
2775 2177 3153 2246 gravissimum
3227 2179 3423 2232 malum
3481 2187 3689 2231 mortem

506 2263 1016 2327 Concinnaverit,.eo
1061 2268 1201 2335 quod
1251 2266 1339 2320 ille
1378 2267 1655 2320 veritatem
1700 2264 2038 2334 pradicans,
2087 2262 2430 2333 phil050phos
2492 2267 2764 2322 helluones
2820 2277 2875 2322 et
2923 2270 3230 2338 deceptores
3273 2285 3393 2327 esse
3425 2270 3693 2326 convince-

509 2369 613 2414 ret.
639 2378 658 2412 ι
701 2359 767 2413 Ει
794 2361 910 2414 iure
934 2361 1146 2429 quidem
1187 2358 1400 2432 Justino
1442 2375 1603 2426 causa
1649 2359 1893 2430 martyrii
1926 2357 2048 2412 fuit.

1079 2515 1305 2582 CAPUT
1354 2517 1514 2572 XVII.

503 2606 580 2662 De
608 2605 923 2676 martyribus
952 2621 1171 2675 quorum
1200 2606 1441 2676 Justinus
1479 2609 1531 2661 in
1574 2609 1684 2663 suis
1717 2609 1865 2663 libris
1901 2627 2050 2664 mert-

1095 2677 1284 2729 tionem
1318 2675 1466 2743 facit.

574 2768 716 2821 idem
759 2781 923 2833 porro
962 2763 1205 2822 Justinus
1235 2767 1462 2821 aliorum
1506 2770 1717 2839 qquue
1759 2771 1851 2838 qui
1893 2768 2050 2839 paulo
2097 2755 2100 2758 ’

504 2865 629 2912 ante
667 2858 843 2927 ipsum
885 2857 1145 2927 martyrio
1189 2859 1454 2927 perfuncti
1510 2869 1700 2923 erant,
1755 2859 1807 2913 in
1862 2859 2044 2929 priore

503 2953 831 3021 Apotogetica
864 2953 1185 3009 mentionem
1213 2953 1348 3008 facit
1381 2954 1464 3008 his
1486 2955 1704 3009 verbis:
1740 2968 1857 3024 quae
1902 2969 2045 3024 quo-

505 3161 658 3222 pt0re
694 3166 967 3214 omissam,
995 3154 1314 3223 _necessario
1342 3154 1394 3207 in
1428 3156 1672 3210 versione
1700 3139 1880 3210 nostra
1913 3157 2051 3223 adji-

504 3220 744 3296 cieudam
773 3220 1157 3296 putavi.P_er_o
1191 3225 1347 3296 hunc_
1367 3225 1538 3296 locum
1570 3240 1634 3278 ex
1671 3220 2050 3296 manuscripiis

505 3291 790 3364 codicibus
825 3289 983 3351 an.,
1017 3289 1252 3364 iried._et
1309 3292 1549 3364 Fuk._ita
1599 3297 1801 3346 restitui
1832 3289 1958 3357 πῶς’
1983 3313 2045 3364 γε

2708 2524 3093 2581 ΚΕΦᾹΛΑΙΟΝ
3118 2525 3212 2577 lZ'.

2139 2614 2293 2682 περὶ
2319 2609 2404 2668 ὧν
2443 2613 2763 2686 Ἰουστῒνος
2784 2615 2852 2667 ἐν
2883 2615 3013 2686 idle)
3042 2614 3447 2686 συγςεράμματι
3479 2589 3692 2686 prmio?

2339 2686 2498 2737 νεύει
2523 2685 2831 2753 μαρτύρων
2853 2684 2994 2756 (Nic.
3032 2684 3216 2740 HQE.
3269 2684 3351 2750 in,
3382 2684 3497 2754 55).

2235 2773 2292 2826 '0
2319 2774 2360 2825 δ’
2387 2775 2546 2838 αὐτὸς
2577 2773 2714 2844 ἀνὴρ
2744 2774 2846 2846 πρὸ
2875 2775 2966 2827 τοῦ
2997 2775 3114 2828 κατ’
3144 2776 3301 2830 αὑτὸν
3329 2776 3536 2846 ἀγῶνος
3566 2776 3687 2847 (97),

2154 2864 2350 2935 ἑτέρων
2383 2865 2487 2936 πρὸ
2537 2865 2699 2918 αὑτοῦ
2737 2867 3190 2937 μαρτυρησάντων
3241 2871 3299 2922 ὲν
3352 2871 3417 2939 τῇ
3467 2868 3691 2939 προτέρᾳ

2151 2956 2315 3010 αὐτοῦ
2347 2955 2665 3027 μνημονεύει
2701 2958 3012 3027 Ἀπολογίᾳ
3029 2957 3159 3029 (98),
3179 2959 3456 3032 χρησίμως
3476 2962 3541 3031 τῇ
3568 2959 3691 3011 ὑπο-

2157 3154 2392 3222 ejusdem
2421 3152 2562 3207 libri.
2593 3150 2705 3222 Sed
2725 3161 2788 3222 Aet
2815 3153 2867 3206 in
2898 3152 3036 3207 libro
3067 3169 3133 3218 ιι,
3149 3169 3266 3221 cap.
3298 3154 3386 3215 12,
3419 3155 3511 3209 ubi
3539 3153 3691 3209 Justi-

2158 3220 2283 3279 num
2314 3225 2380 3277 de
2427 3222 2645 3276 Simone
2687 3220 2839 3290 Mago
2883 3222 3183 3290 loquentem
3219 3220 3455 3288 inducit,
3523 3226 3684 3278 locum

2157 3295 2311 3348 aifert
2342 3307 2405 3346 ex
2445 3293 2620 3360 priore
2650 3291 2763 3360 ejus
2811 3292 3158 3359 Apologetico,
3201 3293 3290 3360 qui
3328 3293 3380 3348 in
3415 3309 3454 3346 ιι
3503 3293 3686 3347 Justini

507 3339 2045 3438 ιὶῇξςεέδὲωξερὲιέίέδκῑάξιξραετέεςςδξῑειμξιῖ’(;ιῖη·οῑἐη;,;

2149 3339 2405 3438 Ᾰῇὄὶὸσῖἇ
2415 3339 2999 3438 ιιῖιᾶίέλεξιῖῐιι-ξὸξιίἑεῖ
3011 3339 3232 3438 ι’έὲδπεῖ
3245 3339 3479 3430 illigans
3498 3339 3685 3438 gain;

505 3427 980 3497 aliisicorreximus
1008 3427 1066 3477 ὃν
1089 3443 1180 3495 pro
1221 3427 1296 3481 ὅν.
1329 3429 1509 3497 Eutr.)

574 3496 680 3563 (96)
704 3497 1151 3572 “EQSPIU'IHI'O'QQ
1208 3497 1277 3547 ἐν
1333 3497 1453 3572 τοῖς
1493 3496 1811 3572 $.11an
1861 3503 2048 3572 μεαθή..
2093 3566 2100 3572 .

497 3578 666 3632 μασι.
704 3564 924 3616 lluiiuus
963 3569 1266 3630 magistrum
1302 3567 1604 3630 eloquentia:
1643 3564 1834 3630 vertit;
1861 3564 2051 3624 'Tatiu-

504 3649 624 3698 nus,
648 3634 839 3700 inquit,
864 3633 938 3684 vir
966 3634 1368 3690 eruditissimus.
1392 3635 1444 3685 in
1460 3638 1624 3700 prima
1641 3645 1791 3690 aetate
1817 3654 1914 3690 sua
1937 3655 2050 3692 ora-

504 3652 624 3698 nus,
648 3652 839 3700 ιιιψιιι,
864 3652 938 3684 υπ
966 3652 1368 3690 eruamsstmus.
1392 3652 1444 3685 ιη
1496 3652 1624 3688 rima
1641 3652 1791 3690 εειαιε
1817 3654 1914 3690 sua
1937 3655 2050 3692 ora-

503 3702 933 3776 ton'um__duce_na._
953 3702 1027 3755 lta
1051 3703 1212 3755 etiam
1234 3703 1397 3776 vertit
1417 3652 1776 3776 liieronyrnus
1809 3706 1858 3758 in
1891 3705 2050 3761 Cata-

500 3770 1027 3842 lfoga.Theodoritus
1074 3787 1283 3840 quoque
1330 3773 1380 3824 in
1416 3773 1556 3827 libro
1602 3770 2049 3830 t'Hcereticarum

502 3841 822 3911 {abutar-uni,
851 3841 1132 3911 Tatianum
1163 3845 1334 3910 primo
1364 3844 1659 3911 sophistam
1688 3842 1853 3911 fuisse
1883 3855 2042 3899 testa-

501 3906 607 3965 tur.
639 3911 754 3980 lpse
777 3909 1032 3964 Tatianus
1070 3911 1134 3964 de
1163 3906 1219 3964 se
1253 3906 1474 3980 loquens
1498 3913 1549 3967 in
1581 3912 1687 3968 (ine
1711 3906 1832 3966 libri
1855 3913 2051 3967 Adver-

499 3997 602 4050 sus
630 3981 882 4050 Grmcos._
921 3981 1104 4034 eodem
1153 3982 1318 4032 utitur
1362 3983 1524 4035 verbo
1562 3998 1670 4050 quo
1727 3982 1990 4037 Eusebii-1
2029 4003 2044 4039 :

494 4048 684 4123 ’Ταῦτα
704 4050 800 4123 μὲν
826 4045 931 4123 οὗνμ
941 4051 998 4101 ού
1017 4049 1144 4123 παρ’
1166 4051 1322 4123 enim
1345 4050 1525 4123 μαθὼν
1542 4045 1821 4123 ὲξεθέμην,
1852 4052 2047 4123 πολλὴν

511 4069 684 4102 ιαυτα
704 4069 800 4118 μεν
826 4069 915 4103 ουν
941 4069 998 4101 ου
1017 4069 1129 4119 παρ
1166 4069 1322 4103 αΑΛου
1385 4069 1525 4103 αυων
1542 4069 1821 4122 εςευεμην,
1852 4069 2047 4123 ποΑΑην

495 4121 848 4191 ἐπιφοιτήσας
869 4119 989 4191 γῆν,
1012 4120 1102 4171 καὶ
1123 4121 1278 4191 τοῦτο
1302 4069 1397 4188 μζν
1417 4121 1763 4188 σοφιστεύσας
1776 4123 1842 4174 si
1859 4124 1887 4174 ὁ
1896 4123 2048 4191 μέτε-

508 4203 595 4308 ῧα,
616 4187 768 4239 τοῦτο
791 4189 846 4238 δὲ
866 4189 1076 4256 τέχναις
1094 4189 1185 4240 καὶ
1202 4187 1460 4251 ἐπινοίαις
1481 4192 1784 4261 ἐγκυρήσας
1808 4187 2042 4254 πολλαῖς.

558 4258 604 4306 hi
634 4270 734 4306 vox
765 4257 1112 4308 σοφιστεύσας
1148 4259 1277 4308 nihil
1319 4260 1382 4308 ad
1415 4262 1769 4308 elouuentiam
1793 4263 2042 4308 pertinet-

558 4258 604 4327 bi
634 4270 734 4306 vox
765 4257 1112 4327 σοφιστεύσας
1148 4259 1277 4309 nihil
1319 4260 1382 4311 ad
1415 4257 1769 4326 eloquentiam
1793 4263 2043 4327 pertinet,

503 4324 597 4376 sed
624 4338 833 4378 omnem
861 4325 1164 4378 Graecorum
1195 4324 1586 4392 sapientiam—et
1617 4324 1862 4382 liberales
1886 4324 2045 4384 disci;

503 4392 676 4461 plinas
695 4393 1082 4458 complectitur.
1113 4392 1252 4445 Sane
1293 4395 1433 4461 quod
1463 4395 1720 4449 Tatiauus
1750 4399 1941 4454 ibidem
1971 4401 2046 4454 ait

505 4458 562 4515 se
581 4458 837 4532 plurimas
863 4461 1120 4532 regiones
1136 4458 1466 4528 peragrasse,
1507 4465 1806 4532 multasque
1831 4478 1968 4520 artes
1991 4479 2045 4522 et

502 4529 840 4603 inventiones
877 4529 1219 4603 mechanicas
1261 4533 1471 4603 curiose
1505 4529 1777 4603 didicisse,
1810 4538 2041 4603 philoso-

500 4600 663 4670 phum
691 4598 862 4670 magis
882 4598 1090 4670 indicat
1115 4613 1270 4670 quam
1306 4599 1660 4670 professorem
1701 4598 2035 4670 eloquentiae.

2150 3430 2529 3500 nibus'prima
2555 3431 2753 3500 dicitur
2779 3430 3026 3500 Apotogia
3050 3438 3103 3483 et
3134 3431 3200 3483 ad
3226 3441 3467 3485 senatum
3487 3433 3649 3486 .inscri
3669 3461 3682 3472 -

2148 3503 2311 3565 bitur,
2341 3499 2456 3553 eam
2496 3499 2756 3555 Eusebius
2795 3499 3081 3554 secundam
3111 3510 3284 3566 vocat,
3311 3511 3370 3554 ut
3406 3503 3581 3556 videre
3605 3509 3683 3555 est

2149 3572 2200 3640 in
2233 3571 2408 3640 capite
2435 3570 2640 3623 decimo
2667 3580 2836 3640 senio,
2858 3579 2920 3640 et
2940 3568 3008 3640 Μ.
3030 3569 3246 3623 Aurelio
3276 3571 3546 3640 Antonino
3567 3581 3680 3640 post

2149 3638 2350 3692 obitum
2383 3639 2717 3707 imperatoris
2743 3639 2846 3702 Pii,
2874 3638 3104 3692 oblatam
3137 3654 3253 3693 esse
3277 3639 3410 3695 dicit
3437 3657 3465 3693 a
3483 3638 3678 3694 Jus'tino

2151 3707 2200 3758 in
2229 3721 2347 3777 cap.
2383 3708 2447 3759 16
2477 3716 2530 3761 et
2550 3708 2635 3761 18.
2673 3709 2782 3777 Ego
2813 3723 2958 3772 vero,
2993 3711 3132 3777 quod
3162 3710 3371 3776 quidem
3390 3719 3589 3777 spectat
3615 3709 3680 3762 ad

2149 3776 2390 3828 ordinem
2430 3776 2800 3845 Apologiarum
2830 3776 3048 3843 Justini,
3089 3777 3245 3832 facile
3279 3776 3547 3833 assentior
3577 3778 3673 3831 Eu-

2148 3845 2296 3898 sebio
2331 3853 2422 3896 :et
2448 3846 2586 3897 illam
2626 3861 2744 3914 qua:
2782 3849 2847 3901 ad
2889 3857 3131 3900 senatum
3173 3847 3328 3914 vulgo
3357 3847 3676 3907 inscribitur,

2147 3914 2493 3980 posmriorem
2521 3929 2638 3966 esse
2667 3918 2898 3968 concedo
2939 3933 2951 3967 :
2994 3915 3287 3981 praesertim
3315 3930 3436 3968 cum
3483 3916 3676 3968 videam

2150 3983 2285 4034 idem
2314 3981 2580 4049 placuisse
2608 3983 2739 4035 viris
2767 3984 3111 4045 doctissimis,
3141 3982 3485 4046 Bellarmino,
3518 3983 3678 4035 Baro-

2149 4050 2238 4104 nio
2263 4051 2414 4120 et_iis
2446 4065 2595 4120 quos
2621 4065 2783 4117 supra
2834 4052 3147 4120 memoravi.
3191 4050 3295 4102 Sed
3343 4060 3398 4120 et
3425 4050 3676 4120 Georgius

2148 4118 2428 4189 Syncellus
2444 4117 2495 4171 in
2513 4117 2798 4189 Chronico,
2829 4118 3048 4189 ejusque
3069 4118 3346 4189 interpres
3371 4117 3678 4174 Anastasius

2147 4187 2612 4250 Bibliothecarius,
2641 4188 2706 4241 ad
2734 4202 2929 4256 annum
2955 4187 3150 4240 Christi
3179 4187 3266 4252 46,
3309 4202 3529 4256 prorsus
3561 4204 3675 4242 cum

2146 4257 2374 4312 Eusebio
2395 4257 2755 4325 consentiunt.
2788 4254 2890 4308 Sed
2917 4262 3057 4324 quod
3084 4254 3526 4325 prioreniJustini
3550 4259 3680 4325 Apo-

2145 4327 2418 4397 logeticunt
2464 4324 2535 4376 Μ.
2582 4326 2799 4379 Aurelio
2843 4324 3110 4395 Antonino
3148 4335 3512 4397 nuncupatum
3567 4324 3676 4380 eSse

2144 4395 2348 4459 scribit,
2387 4396 2437 4448 in
2472 4409 2534 4449 eo
2572 4411 2676 4447 non
2709 4410 2918 4462 possum
2956 4397 3029 4449 illi
3054 4395 3319 4449 assentiri.
3353 4395 3460 4449 Nec
3501 4396 3678 4462 ignoro

2144 4469 2288 4521 viros
2315 4466 2656 4518 doctissimos
2681 4480 2816 4532 quos
2838 4479 2994 4532 supra
3032 4466 3339 4527 memoravi,
3371 4479 3494 4518 cum
3516 4466 3677 4517 Euse-

2144 4538 2229 4590 bio
2262 4536 2582 4589 consentire.
2623 4533 2726 4587 Sed
2758 4534 3062 4601 quicunque
3098 4548 3208 4587 rem
3251 4535 3420 4601 ipsam
3463 4548 3680 4586 accura-

2147 4607 2256 4659 tius
2279 4605 2581 4671 expendere
2610 4603 2859 4665 voluerit,
2899 4604 3129 4657 inveniet
3159 4601 3397 4668 profecto
3427 4601 3677 4670 Apologe—

499 4669 649 4740 Adde
677 4669 817 4734 quod
851 4667 985 4719 iiber
1040 4667 1124 4719 ille
1149 4669 1405 4720 Adversus
1436 4667 1641 4740 (ἔπεσσε
1682 4667 2035 4740 conscriptus,
2063 4673 2116 4732 D
2145 4677 2301 4726 ticum
2327 4667 2492 4736 illum,
2514 4688 2618 4725 non
2645 4683 2702 4724 ut
2733 4673 2920 4726 scribit
2957 4667 3220 4724 Eusebius
3237 4671 3306 4725 bl.
3330 4667 3565 4740 Aurelio,
3583 4667 3678 4724 sed

499 4737 630 4790 satis
670 4743 893 4790 testatur
929 4745 1195 4790 auctorem
1227 4752 1414 4802 parum
1445 4739 1496 4790 in
1535 4739 1759 4791 dicendo
1780 4737 2041 4794 exercita;

501 4816 612 4859 tum
639 4806 819 4859 fuisse.
849 4806 941 4856 Est
971 4808 1109 4857 enim
1140 4808 1380 4859 eruditus
1395 4807 1607 4874 quidem
1634 4807 1785 4873 liber,
1813 4812 1904 4863 sed
1923 4811 2039 4864 sine

498 4876 687 4929 ordine
704 4889 773 4929 ac
811 4877 1056 4941 methmlo
1078 4876 1421 4942 compositus.
1626 4874 1785 4916 7“?!"

567 4946 679 5014 (97)
738 4945 855 5011 Πρὸ
921 4942 1024 5014 τοῦ
1084 4945 1205 5014 κατ’
1255 4946 1439 4996 αὑτὸν
1496 4943 1733 5011 ἀγῶνος.
1800 4946 2040 5011 Quatuor

498 5010 665 5067 nostri
691 5010 904 5066 codices
933 5010 1093 5071 Μυκη
1129 5011 1291 5074 Med,
1329 5027 1449 5066 cum
1484 5010 1618 5066 Fuk.
1649 5027 1702 5067 et
1732 5010 2037 5080 Saviliano,

495 5085 756 5155 scriptum
789 5084 1002 5155 habent,
1038 5081 1142 5155 πρὸ
1173 5081 1408 5155 τοῦᾂκαῗ
1446 5084 1605 5135 αὐτὸν
1634 5085 1949 5155 μαρτυρίου.

567 5148 678 5222 (98)
713 5153 806 5204 Ἐν
834 5150 908 5219 τῇ
943 5148 1191 5222 προτέρᾳ
1211 5151 1393 5222 αὐτοῦ
1414 5148 1767 5220 μτηιμονῖεύει
1806 5148 2038 5207 Ἀπολο-

495 5217 608 5288 τίᾴ.
629 5217 980 5275 Scribendum
1009 5230 1091 5273 est
1114 5221 1172 5290 ἐν
1201 5221 1266 5287 τῇ
1297 5217 1544 5290 δευτέρᾳ]
1562 5234 1616 5274 ut
1650 5235 1792 5278 recte
1809 5227 2038 5290 conjecit

499 5289 559 5341 ί).
595 5291 836 5344 Petavius
868 5295 919 5343 in
948 5289 1509 5345 Animadversionibus
1544 5294 1609 5344 ad
1640 5294 1882 5346 haeresim
1908 5289 2034 5346 nrt

495 5358 798 5429 @piphanii,
833 5370 885 5414 et
912 5361 972 5416 Ρ.
1008 5357 1298 5429 Halloixius
1324 5358 1376 5409 in
1399 5356 1525 5429 Yita
1567 5359 1624 5413 S.
1655 5361 1877 5422 Justini,
1911 5377 2031 5429 cap.

498 5425 583 5478 26.
634 5429 836 5496 Quippe
882 5429 1143 5482 Eusebius
1177 5427 1282 5478 alio
1314 5427 1501 5479 ordine
1538 5430 1811 5498 Apologia;
1838 5425 2030 5484 Justini

499 5508 754 5558 recens-ct,
787 5515 942 5564 quam
994 5512 1098 5566 quo
1138 5510 1275 5549 nunc
1317 5507 1438 5547 sunt
1485 5500 1657 5551 editm.
1705 5501 1835 5552 Eam
1890 5500 2032 5552 enim

499 5577 616 5629 quae
645 5567 694 5615 in
726 5567 1308 5634 vuigatis'editionibus
1334 5568 1563 5618 secunda
1601 5569 1929 5627 inscribitur,
1977 5575 2030 5620 et

499 5635 763 5686 Antonino
786 5636 875 5688 l’io
905 5647 1204 5704 nuncupata
1221 5645 1321 5697 est,
1340 5634 1594 5705 Eusebius
1610 5640 1839 5703 priorem
1855 5637 2043 5705 appel-.

500 5710 595 5765 tat,
634 5711 688 5755 ut
718 5705 895 5758 videro
923 5718 1004 5760 est
1034 5709 1083 5758 in
1121 5707 1293 5772 capite
1323 5704 1386 5757 12
1432 5704 1522 5759 lib.
1551 5721 1623 5771 tv,
1653 5717 1705 5760 et
1732 5710 1782 5760 in
1815 5704 1938 5772 cap.
1965 5705 2030 5758 18

2144 4745 2320 4811 potius
2347 4742 2614 4811 Antonino
2650 4742 2746 4795 Pio
2785 4739 3493 4811 nuncupatum_esse.A_Nam
3527 4742 3678 4794 initio

2145 4807 2460 4880 Apologetici
2489 4810 3103 4880 aitJustinusmulierem
3125 4807 3266 4880 illam
3295 4807 3678 4880 Christianam,

2144 4877 2262 4932 cum
2292 4877 2327 4931 εἱ
2353 4881 2466 4932 viro
2493 4889 2743 4933 accusata
2770 4889 2933 4947 esset,
2959 4877 3164 4947 dedisse
3187 4877 3419 4930 libellum
3447 4879 3682 4947 impera-

2146 4951 2262 5018 tori,
2298 4950 2388 5001 καὶ
2418 4952 2450 5018 ἡ
2492 4949 2587 5018 μὲν
2616 4946 2862 5018 βιϐλίδιόῌν
2888 4962 2967 4997 σοι
2991 4944 3070 5018 τῷ
3092 4947 3446 5018 αὐτοκράτορι
3491 4944 3682 5001 ἀναδέ-
3781 5006 3786 5008 _

2141 5016 2296 5070 δωκε.
2326 5016 2547 5084 Quodsi
2574 5016 2934 5083 Apologeticur
2967 5017 3057 5069 ille
3093 5016 3493 5072 successoribus
3511 5021 3682 5070 Anto-

2142 5087 2251 5138 nini
2292 5086 2370 5139 Pii
2397 5089 2606 5140 dicatus
2638 5086 2825 5137 fuisset
2864 5095 2919 5134 ut
2945 5084 3055 5136 vult
3099 5085 3377 5150 Eusebius,
3414 5098 3557 5142 certe
3577 5086 3680 5140 Ju-

2141 5155 2308 5207 stinus
2332 5158 2384 5213 in
2413 5157 2596 5222 plurali
2625 5166 2847 5225 numero
2875 5153 3095 5225 ditiisset
3120 5154 3244 5223 ὑμῖν
3269 5158 3380 5219 τοῖς
3411 5157 3682 5225 αὐτοκρά-

2137 5239 2338 5292 τορσιν.
2385 5225 2594 5278 Marcus
2640 5223 2789 5292 enim
2817 5229 2896 5292 et_
2919 5221 3084 5276 Verus
3133 5221 3289 5278 ambo
3322 5227 3482 5279 simul
3519 5221 3686 5278 erant

2132 5289 2381 5359 'Augusti.
2406 5292 2648 5346 Secundo
2669 5290 2852 5360 scribit
2871 5289 3132 5355 Justinus,
3153 5292 3374 5347 Lucium
3391 5294 3681 5360 quemdam

2140 5357 2259 5432 cum
2304 5362 2647 5432 Ptolemaeum
2691 5357 3055 5432 Christianum
3097 5364 3161 5415 ad
3196 5357 3682 5432 supplicium-duci

2139 5429 2361 5492 videret,
2397 5433 2477 5483 his
2499 5430 2680 5498 verbis
2719 5425 2949 5498 iudicem
2985 5425 3375 5498 compellasse:
3430 5432 3504 5484 Οὐ
3545 5429 3685 5498 πρέ·

2138 5513 2301 5548 ποντα
2338 5496 2979 5573 Εὐσεᾷεί-αὑτοκράτορι,
3025 5496 3143 5573 οὐδὲ
3194 5501 3479 5573 φιλοσόφου
3534 5496 3686 5548 κεί-

2138 5582 2298 5636 σαρος
2357 5567 2522 5620 παιδί.
2581 5566 2635 5619 ld
2678 5578 2802 5636 est:
2845 5566 2964 5636 Non
3014 5572 3122 5622 hac
3172 5566 3348 5622 decent
3394 5566 3687 5635 imperato—
3765 5611 3770 5615 .

2136 5632 2242 5707 rem
2287 5636 2458 5702 Pium,
2523 5632 2964 5707 non-‘Pltilorophi
3013 5639 3233 5691 Ca'saris
3287 5632 3491 5707 ﬁlium."
3521 5636 3682 5707 Apud

2137 5706 2421 5762 Eusebium
2470 5708 2520 5761 in
2573 5703 2691 5773 cap.
2721 5703 2782 5758 l7
2833 5705 2925 5759 lib.
2969 5723 3045 5762 ιγ’
3073 5703 3512 5775 ιεειὶιιείεείιυι-
3552 5703 3684 5756 οὐδὲ
