3956 6352
626 298 730 353 395

1324 285 1589 342 EUSEBII
1623 281 2094 340 CESARIENSIS
2130 279 2278 340 OPP.
2318 280 2495 336 PARS
2532 281 2569 336 Ι.
2612 313 2679 323 --
2717 281 3101 338 ΗΙδΤΟΙὶΙΟᾹ.
3707 284 3784 337 596

625 415 766 468 illius
820 403 1068 473 Augusti,
1105 400 1195 469 qui
1249 414 1385 453 unus
1433 414 1499 451 ex
1548 396 1838 462 majoribus
1888 398 1991 450 tuis
2044 394 2153 447 fuit.

2268 394 2359 445 mi.
2412 393 2816 465 συναρξαμένην
2874 394 3163 471 Αὐγούστῳ
3208 395 3517 465 φιλοσοφίαν
3544 414 3556 427 ·
3610 397 3677 464 ἣν
3723 396 3789 451 καὶ

618 504 853 557 faustum
888 503 1316 564 prosperumque
1356 488 1586 554 imperio
1624 486 1864 539 Romano
1890 501 2044 539 omen
2076 500 2169 538 ex-

623 592 778 647 stitit.
806 587 883 641 Ex
918 600 981 638 eo
1013 579 1280 650 siquidem
1314 585 1558 645 tempore
1587 575 1838 629 maximis
1874 575 2172 627 incremen-

627 683 694 736 tis
736 688 891 733 aucta
933 685 1019 729 est
1065 670 1322 736 maiestas
1362 668 1572 736 imperii
1619 666 1844 719 Romani
1874 682 1887 718 :
1917 663 2067 729 cujus
2116 672 2171 716 tu

616 774 793 827 haeres
822 783 886 822 ac
916 777 1215 825 successor,
1240 759 1604 830 aSpirantibus
1631 759 1869 809 ntunium
1898 755 2055 816 votis.
2074 769 2170 822 po-

627 864 754 913 titus
782 874 841 913 es
870 855 1198 925 potierisque
1221 854 1473 918 deinceps
1499 863 1602 901 una
1636 862 1755 901 cum
1778 845 1920 910 lilio;
1944 845 1987 899 si
2015 846 2171 898 modo

623 961 823 1002 sectam
866 944 1036 1008 illam,
1066 955 1187 1010 quae
1234 954 1355 993 cum
1410 933 1635 1002 imperio
1668 932 1915 994 educata,
1950 940 2005 985 et
2046 944 2169 983 cum

624 1040 861 1105 Augusto
907 1030 1065 1086 simul
1117 1030 1367 1087 inchoata
1398 1035 1504 1090 est,
1538 1032 1592 1078 et
1633 1038 1795 1091 quam
1834 1021 2062 1088 majores
2094 1022 2167 1073 tui

624 1144 726 1191 una
756 1141 873 1181 cum
903 1126 1114 1178 caeteris
1140 1121 1487 1190 religionibus
1511 1118 1815 1180 coluerunt,
1844 1115 1981 1168 tueri
2013 1114 2162 1167 velis.

622 1220 789 1273 Porro
821 1216 1132 1284 religionem
1162 1223 1400 1268 nostram
1430 1212 1568 1264 bono
1619 1208 1833 1277 publico
1867 1206 2166 1260 adolevisse

623 1324 725 1361 una
758 1324 878 1361 cum
910 1305 1133 1372 imperio
1160 1304 1300 1372 quod
1335 1301 1565 1355 feliciter
1592 1308 1826 1365 emptum
1862 1296 2059 1361 fuerat,
2094 1296 2159 1347 il-

622 1399 708 1452 lud
735 1396 1031 1451 certissimo
1053 1401 1368 1463 argumento
1389 1402 1492 1456 est,
1515 1390 1656 1459 quod
1680 1388 1790 1456 jam
1825 1388 1947 1441 inde
1971 1403 2001 1441 a
2021 1388 2167 1456 prino

619 1491 795 1558 cipatu
855 1474 1079 1557 Augusti
1139 1485 1270 1539 nihil
1326 1482 1563 1544 adversi,
1600 1481 1693 1535 sed
1740 1488 1932 1533 contra
1984 1480 2162 1551 omnia

2268 486 2316 535 oi
2344 484 2588 554 πρόγονοί
2618 501 2711 538 σου
2746 485 2881 555 πρὸς
2912 489 3031 548 ταῖς
3061 486 3243 563 ἄλλαις
3276 488 3591 559 θρησκείαις
3634 490 3792 561 ἐτίμη-

2272 591 2386 627 σαν.
2419 576 2525 627 Καὶ
2548 575 2701 629 τοῦτο
2729 577 2977 645 μέγιστον
3010 578 3181 657 τεκμῄ
3193 594 3302 647 ριον
3328 578 3418 630 τοῦ
3450 579 3584 647 πρὸς
3612 580 3790 647 ἀγαθοῦ

2269 664 2356 718 τὴν
2391 665 2509 717 καθ’
2532 668 2677 735 ἡμᾶς
2705 667 2857 735 λόγον
2880 662 3219 738 συνακμάσαι
3254 673 3317 740 τῇ
3344 668 3520 732 καλῶς
3541 668 3791 743 ἀρξαμένῃ

2271 752 2528 825 βασιλείᾳ,
2552 758 2615 808 ὲκ
2633 756 2724 809 τοῦ
2749 759 2909 828 μηδὲν
2932 759 3129 827 φαῦλον
3156 761 3263 813 ἀπὸ
3288 761 3385 829 τῆς
3404 760 3704 827 Αὐγούστου
3717 762 3787 831 ἀρε
3820 744 3823 745 ν

2268 842 2369 912 χῆς
2393 841 2713 914 ἀπαντῆσαι,
2754 846 2885 899 ἀλλὰ
2914 848 3214 901 τούναντίον
3241 850 3451 902 ἅπαντα
3475 848 3699 921 λαμπρά
3720 852 3796 903 καὶ

2268 934 2445 1000 ἔνδοξα
2478 936 2617 989 κατά
2647 936 2743 1000 τάς
2778 937 2988 991 πάντων
3016 939 3198 1008 εὐχάς.
3243 940 3406 993 Movet
3433 939 3647 993 πάντων
3683 940 3792 992 ἀνα-

2270 1022 2576 1087 πεισθέντες
2610 1026 2712 1077 ὐπό
2757 1043 2914 1079 τινων
2940 1026 3216 1095 βασκάνων
3238 1027 3553 1097 ἀνθρώπων,
3585 1028 3675 1079 τὸν
3695 1029 3791 1082 καθ’

2266 1113 2409 1181 ἡμᾶς
2446 1115 2503 1165 ὲν
2538 1114 2755 1192 δια-ϐολῇ
2791 1117 3124 1186 καταστῆσαι
3154 1115 3307 1185 λόγον
3331 1118 3793 1190 ἠθέλησανΝέρων

2265 1205 2356 1254 καὶ
2393 1205 2709 1273 Δομετιανός
2743 1204 2851 1276 (48)
2872 1222 2885 1236 ·
2918 1207 3009 1275 ἀφ’
3040 1202 3114 1261 ὧν
3142 1208 3234 1260 καὶ
3263 1209 3320 1262 τὸ
3345 1209 3439 1278 τῆς
3462 1208 3792 1277 συκοφαντίας

2263 1293 2439 1362 ἀλόγῳ
2468 1295 2717 1366 συνηθείᾳ
2742 1298 2866 1367 περὶ
2897 1292 3019 1360 τοὺς
3046 1298 3316 1362 τοιούτους
3338 1300 3526 1371 ῥυῆναι
3549 1299 3796 1369 συμϐέϐη-

2266 1400 2326 1435 κε
2356 1383 2564 1452 ψεῦδος.
2596 1385 2753 1438 Ἀλλὰ
2778 1386 2872 1457 τὴν
2895 1388 3114 1441 ἐκείνων
3140 1389 3357 1461 ἄγνοιαν
3386 1390 3435 1442 οι
3469 1375 3548 1442 au
3579 1389 3795 1453 εὐσεϐεῖς

2265 1472 2491 1544 πατέρες
2523 1474 3001 1545 ἐπηνωρθώσαντο,
3048 1477 3302 1542 πολλάκις
3348 1478 3557 1541 πολλοῖς
3585 1479 3791 1549 ἐπιτελῆ⁵

618 1594 871 1650 prospera
902 1588 957 1633 et
988 1577 1269 1645 magniﬁca
1316 1588 1381 1627 ex
1428 1571 1591 1625 animi
1627 1572 1893 1625 sententia
1932 1580 2153 1635 votoque

2263 1562 2449 1628 ξαντες
2477 1564 2789 1650 ἐγγράφως,
2812 1566 2924 1619 ὅσοι
2958 1569 3082 1637 περὶ
3108 1567 3308 1621 τούτων
3338 1570 3645 1647 νεωτερίσαι
3670 1569 3794 1622 ἐτόλ-
3828 1578 3829 1583 ‘

616 1648 853 1721 omnium
882 1664 1243 1728 contigerunt.
1279 1659 1391 1713 Soli
1422 1673 1489 1712 ex
1526 1659 1774 1711 omnibus
1800 1657 1943 1710 Nero
1970 1671 2032 1710 ac
2063 1657 2153 1709 D0-

2266 1669 2462 1722 μησαν.
2506 1654 2591 1705 Ἐν
2618 1648 2697 1717 οἷς
2725 1656 2753 1706 ὁ
2783 1656 2878 1724 μὲν
2902 1656 3119 1719 πάππος
3141 1674 3232 1708 σου
3270 1656 3557 1727 Ἀδριανὸς,
3603 1658 3796 1723 πολλοῖς

621 1756 890 1813 mitianus,
926 1751 1310 1805 malevolorum
1345 1748 1701 1819 quorumdam
1739 1748 1981 1824 consiliis
2013 1749 2153 1800 indn‘

2266 1742 2362 1809 μὲν
2400 1742 2493 1794 καὶ
2520 1744 2715 1807 ἄλλοις,
2748 1722 2845 1799 καὶ
2873 1746 3145 1816 Φουνδάνῳ
3173 1747 3230 1799 δὲ
3252 1746 3329 1817 τῷ
3348 1722 3636 1819 ἀνθυπάτῳ
3654 1752 3795 1819 ήγου·

514 1878 516 1881 -
620 1845 723 1906 cli,
770 1843 1079 1909 religionem
1122 1851 1362 1893 nostram
1402 1838 1679 1893 criminari
1739 1839 2078 1892 studuerunt.
2121 1839 2161 1890 A

618 1932 813 2001 quibus
838 1931 1086 1999 deinceps
1128 1929 1265 1984 falsa
1313 1928 1399 1983 illa
1430 1929 1717 1983 adversum
1754 1943 1851 1982 nos
1894 1928 2163 1981 calumnia

618 2020 853 2073 manavit
885 2020 949 2071 ad
980 2028 1250 2087 posteros,
1282 2027 1337 2070 ut
1370 2033 1486 2071 mos
1513 2028 1597 2072 est
1619 2018 1789 2086 vulgi,
1823 2023 2024 2086 absque
2056 2019 2161 2072 ullo

611 2110 811 2177 judicio
856 2107 1155 2173 hujusmodi
1206 2106 1515 2161 rumoribus
1552 2107 1707 2162 ﬁdem
1742 2108 2021 2163 adbibere.
2053 2108 2158 2162 Ve-

618 2216 733 2255 rum
764 2200 1081 2268 imperitiam
1111 2199 1319 2279 illorum
1341 2210 1699 2255 correxerunt
1718 2199 1944 2268 piissimi
1968 2214 2160 2268 paren-

616 2306 701 2347 tes
734 2292 832 2354 tui,
863 2291 1235 2359 frequentibus
1263 2291 1544 2360 rescriptis
1575 2289 1920 2360 objurgantes
1945 2305 2040 2347 eos
2069 2291 2160 2359 qui

614 2384 873 2436 adversus
921 2380 1193 2453 religionis
1242 2392 1442 2435 nostrae
1494 2381 1739 2434 homines
1783 2381 1906 2435 novi
1958 2382 2159 2451 aliquid

614 2471 779 2525 moliti
808 2481 1011 2525 essent.
1058 2471 1203 2524 Inter
1233 2485 1369 2537 quos
1396 2484 1529 2523 avus
1563 2479 1685 2523 tuus
1714 2470 1999 2534 Adrianus,
2038 2486 2158 2525 cum

613 2562 733 2615 aliis
756 2561 1016 2629 pluribus,
1042 2570 1155 2614 tum
1188 2560 1451 2613 Fundano
1488 2558 1632 2612 Asire
1674 2560 1983 2626 proconsuli
2017 2560 2163 2615 litte-

615 2667 706 2705 ras
755 2651 919 2705 dedit.
960 2649 1122 2703 Pater
1150 2663 1365 2717 quoque
1387 2656 1528 2711 tuus,
1564 2661 1672 2715 quo
1702 2658 1940 2719 tempore
1964 2662 2159 2707 cuncta

615 2740 774 2795 simul
808 2755 931 2793 cum
960 2740 1077 2805 ipso
1105 2734 1543 2799 administrabas,
1571 2738 1787 2807 scripsit
1819 2738 1885 2791 ad
1917 2738 2161 2796 civitates

617 2844 683 2883 ne
716 2837 900 2882 contra
930 2843 1026 2881 nos
1047 2825 1307 2881 tumultus
1330 2827 1667 2881 concitarent
1696 2844 1710 2881 :
1748 2827 2064 2881 nominatim
2092 2829 2158 2883 ad

617 2920 926 2983 Larissauos,
951 2920 1015 2972 ad
1037 2917 1571 2984 Thessalonicenses,
1598 2917 1663 2971 ad
1688 2918 2067 2984 Athenienses,
2092 2920 2162 2973 ad

616 3009 895 3064 universos
947 3006 1177 3076 denique
1232 3006 1463 3063 Graecos.
1510 3006 1586 3061 Te
1630 3021 1783 3071 vero,
1829 3008 2025 3077 quippe
2065 3009 2153 3078 qui

614 3101 752 3153 idem
783 3098 920 3165 quod
950 3098 1023 3150 illi
1063 3099 1130 3151 de
1175 3098 1329 3152 nobis
1379 3097 1599 3161 sentias,
1654 3099 1758 3151 imo
1807 3099 1970 3152 etiam
2003 3099 2156 3170 longe

615 3189 900 3243 immanius
928 3197 1088 3256 atque
1122 3187 1439 3256 sapientius,
1468 3197 1614 3241 tanto
1642 3188 1811 3256 magis
1840 3189 2157 3245 coolidimus

612 3277 788 3330 omnia
818 3291 937 3330 esse
964 3276 1224 3329 facturum
1244 3292 1362 3343 quae
1392 3291 1665 3346 rogamus.
1692 3295 1710 3328 ι
1748 3277 1870 3330 Haec
1895 3277 1946 3329 iu
1965 3290 2156 3344 supra-

612 3367 758 3419 dicto
782 3365 1047 3419 Melitonis
1071 3364 1206 3417 libro
1239 3364 1505 3433 leguntur.
1537 3364 1676 3417 Idem
1712 3366 1763 3418 itt
1794 3367 2063 3434 exccrptis
2090 3366 2157 3420 ab

615 3458 729 3525 ipso
762 3456 1095 3525 compositis,
1140 3454 1419 3509 universos
1467 3451 1679 3508 Veteris
1722 3455 2047 3509 Testamenti
2088 3456 2156 3513 li-

613 3546 737 3601 bros
766 3546 855 3613 qui
890 3546 1127 3600 omnium
1175 3559 1438 3599 consensu
1473 3544 1669 3613 recepti
1721 3555 1866 3622 sunt,
1894 3546 2071 3599 statim
2101 3547 2155 3600 in

611 3636 877 3705 principio
926 3636 1104 3705 operis
1151 3642 1418 3689 recenset.
1473 3633 1640 3699 Quem
1672 3636 1883 3701 quidem
1926 3637 2151 3691 indicem

612 3733 713 3783 hoc
739 3729 855 3782 loco
880 3741 1149 3794 apponere
1200 3726 1564 3781 necessarium
1597 3727 1800 3793 putavi.
1846 3726 1939 3781 Sic
1974 3738 2153 3783 autem

609 3818 769 3871 habet
796 3817 860 3869 ad
886 3816 1102 3869 verbum
1134 3834 1146 3867 :
1181 3834 1199 3865 ι
1234 3814 1415 3869 Melito
1441 3813 1692 3870 Onesimo
1722 3814 1877 3868 fratri
1902 3816 2147 3870 salutem.

606 3906 737 3959 Cum
768 3919 862 3973 pro
896 3919 1078 3958 amore
1102 3919 1165 3957 ac
1186 3904 1360 3958 studio
1385 3915 1473 3958 tuo
1501 3917 1626 3973 erga
1656 3904 1877 3957 verbum
1911 3905 2020 3969 Dei,
2049 3920 2149 3959 sm—

607 3998 765 4063 piusa
797 4009 880 4048 me
896 3994 1273 4061 postulaveris,
1291 4000 1349 4046 ut
1373 4002 1627 4061 excerpta
1654 3994 1899 4061 quaadam
1920 4008 1983 4046 ex
2009 3993 2150 4063 Lege

608 4094 661 4137 et
686 4084 967 4152 l’rophctis
993 4100 1109 4152 qua:
1126 4085 1195 4147 ad
1221 4084 1567 4137 Servatorem
1591 4093 1644 4136 et
1669 4084 1733 4135 ad
1755 4083 2057 4137 universam
2086 4084 2146 4137 li-

607 4174 726 4227 dem
758 4186 991 4226 nostram
1020 4174 1312 4240 pertinent,
1351 4172 1445 4226 tibi
1474 4186 1892 4237 componerem;
1923 4188 2149 4240 cumque

610 4263 776 4316 libros
798 4262 1002 4315 Veteris
1023 4261 1180 4331 149
1197 4260 1520 4314 Testantenti
1550 4271 1800 4314 accurate
1828 4276 2149 4330 cognoscere

608 4351 997 4417 Concupiveris,
1023 4362 1151 4417 quot
1193 4366 1417 4404 numero
1445 4361 1499 4403 et
1532 4366 1636 4419 quo
1664 4351 1769 4403 sint
1804 4353 1991 4404 ordine
2029 4366 2149 4404 cou-

608 4440 814 4508 scripti,
837 4437 886 4491 id
906 4438 1162 4507 perlicere
1177 4439 1318 4492 omni
1342 4438 1516 4492 studio
1535 4438 1791 4491 laboravi.
1808 4438 1933 4491 Scio
1951 4439 2144 4508 quippe

673 4551 786 4620 (48)
829 4548 1009 4620 Μόνοι
1029 4547 1269 4620 πάντων
1299 4589 1311 4600 .
1340 4588 1354 4602 .
1381 4591 1394 4605 .
1429 4548 1625 4620 Νέρων
1657 4550 1750 4620 καὶ
1781 4552 2140 4617 Δομετιανός.

609 4618 749 4675 Idem
799 4618 984 4672 scribit
1027 4618 1385 4672 Tertullianus
1431 4619 1482 4687 in
1534 4618 1882 4687 Apolagetico,
1913 4634 2031 4685 cap.
2066 4623 2137 4673 5:

608 4689 910 4757 Reperietis,
938 4687 1127 4757 inquit,
1163 4688 1383 4750 primum
1423 4686 1687 4757 Neronem
1715 4690 1767 4738 in
1790 4688 1922 4757 hunc
1950 4702 2141 4741 sectam

610 4754 719 4811 tum
746 4756 967 4809 maxime
1002 4755 1178 4807 Romte
1207 4759 1450 4808 orientem
1470 4754 1770 4808 Cwsariano
1793 4756 1968 4822 gladio
2002 4760 2139 4823 fero-

608 4832 754 4881 cisse.
788 4827 851 4878 Et
878 4824 1031 4889 paulo
1049 4832 1170 4888 post
1198 4841 1211 4873 :
1248 4823 1549 4877 Tentaverat
1571 4835 1619 4875 et
1643 4824 1995 4889 Domitianus,
2028 4844 2141 4889 por-

610 4900 677 4949 tio
711 4894 933 4948 Neronis
979 4894 1039 4943 de
1069 4892 1392 4963 crudelitate.
1425 4894 1628 4963 Quibus
1677 4893 1789 4947 haec
1833 4896 2097 4963 subjungit
2125 4911 2138 4946 :

610 4967 864 5017 (Irrterum
904 4964 966 5013 de
1011 4972 1081 5010 tot
1118 4960 1301 5011 exinde
1342 4962 1649 5025 principibus
1708 4965 1775 5015 ad
1814 4960 2140 5026 hodiernum,

609 5037 741 5085 edite
782 5034 1004 5099 aliquem
1048 5029 1409 5079 debellatorem
1461 5029 1903 5085 Christianorum.
1949 5034 2140 5095 Quales

609 5120 724 5167 ergo
750 5103 881 5169 leges
911 5110 1025 5151 ista:
1044 5137 1057 5158 ,
1087 5113 1216 5163 quas
1255 5099 1495 5148 adversus
1525 5116 1614 5149 nos
1639 5101 1733 5151 soli
1768 5113 1999 5153 exercent
2043 5102 2141 5153 im-

610 5173 714 5231 pii,
747 5171 959 5230 iniusti,
1000 5178 1207 5230 turpes,
1252 5177 1450 5229 truces,
1486 5171 1633 5228 vani,
1677 5173 1928 5221 denicales
1952 5174 1976 5223 .7
2014 5187 2140 5235 quas

613 5237 870 5304 Trajanus
898 5254 960 5289 ex
1012 5247 1120 5287 arte
1146 5235 1427 5299 frustratus
1452 5245 1525 5285 est
1552 5249 1569 5285 :
1594 5253 1718 5303 quas
1753 5242 1922 5291 nullus
1954 5240 2142 5291 Adrta-

613 5321 726 5352 nus-
756 5308 927 5352 nullus
967 5254 1115 5352 ﬂius-
1144 5303 1316 5352 nullus
1355 5301 1516 5352 Verus
1546 5304 1820 5352 impressit.

611 5301 726 5365 nus,
755 5308 927 5358 nullus
967 5301 1115 5367 l’ius,
1144 5303 1316 5354 nullus
1355 5301 1516 5353 Verus
1546 5301 1820 5368 impressit.

680 5376 786 5440 (L9)
830 5372 889 5425 '0
929 5374 994 5425 δὲ
1021 5372 1212 5437 πατὴρ
1234 5386 1365 5424 σου.
1416 5371 1748 5437 Rescriptum
1782 5376 1993 5441 quidem
2034 5376 2142 5427 An-

612 5445 773 5493 tonini
826 5442 902 5495 Pii
954 5457 1048 5509 pro
1100 5442 1420 5495 Christianis
1452 5442 1609 5509 hodie
1642 5456 1742 5493 non
1783 5454 1976 5497 exstat.
2037 5444 2139 5497 Sed

608 5510 723 5574 ejus
742 5508 1107 5561 mentio'litin
1152 5510 1411 5577 rescripto
1456 5508 1525 5561 Μ.
1557 5509 1752 5561 Aurelii
1782 5512 2030 5565 Antonini
2076 5514 2138 5563 ad

609 5579 849 5628 ewilates
877 5579 1028 5640 Λεία»,
1061 5581 1198 5643 quod
1230 5594 1387 5641 supra
1417 5578 1594 5630 retulit
1620 5578 1873 5631 Eusebius
1925 5597 2044 5646 cap.
2078 5582 2140 5632 15

620 5650 775 5707 hujus
806 5647 941 5697 libri.
976 5646 1139 5699 l‘orro
1178 5650 1313 5701 hunc
1352 5650 1525 5701 locum
1576 5648 1643 5700 ita
1671 5650 1831 5702 scribi
1890 5651 2094 5703 mallem
2124 5667 2135 5701 :

2265 1830 2407 1900 μένῳ
2455 1833 2553 1902 τῆς
2614 1834 2797 1898 Ἀσίας
2854 1838 3076 1907 γράφων
3132 1836 3413 1905 φαίνεται·
3441 1840 3469 1891 ὁ
3520 1840 3577 1893 δὲ
3632 1842 3799 1912 πατήρ

2263 1937 2355 1995 σου
2378 1920 2507 1990 (49),
2532 1922 2625 1975 καὶ
2644 1923 2736 1976 σοῦ
2764 1924 2833 1978 τὰ
2861 1926 3142 1995 σύμπαντα
3165 1928 3484 1993 διοικοῦντος
3512 1928 3676 2000 αὐτῷ,
3692 1933 3794 1993 ταῖς

2260 2010 2444 2064 πόλεσι
2484 2014 2610 2083 περὶ
2633 2013 2726 2066 τοῦ
2757 2015 2919 2086 μηδὲν
2951 2017 3283 2088 νεωτερίζειν
3313 2019 3440 2090 περὶ
3466 2020 3619 2090 ἡμῶν
3650 2023 3795 2091 Expa-

2258 2099 2356 2169 ψεν
2371 2118 2385 2131 ’
2414 2104 2472 2156 ὲν
2503 2096 2583 2167 οἷς
2604 2105 2698 2157 καὶ
2730 2106 2864 2177 πρὸς
2885 2108 3260 2183 Λαρισσαίους,
3290 2111 3536 2181 καὶπρὸς
3555 2111 3797 2165 Θεσσαλο-

2258 2196 2424 2256 νικεῖς
2450 2196 2544 2247 καὶ
2579 2194 2911 2267 Ἀθηναίους,
2936 2200 3029 2252 καὶ
3047 2202 3181 2272 πρὸς
3206 2203 3409 2265 πάντας
3434 2203 3711 2275 Ἕλληνας.
3738 2204 3793 2257 Σὲ

2256 2282 2311 2334 δὲ
2334 2284 2426 2338 καὶ
2459 2285 2656 2355 μᾶλλον
2685 2290 2811 2361 περ)⁵
2834 2289 3035 2344 τούτων
3062 2292 3160 2363 τὴν
3185 2294 3349 2365 αὐτὴν
3374 2293 3595 2357 ὲκείνοις
3620 2295 3796 2366 ἔχοντα

2257 2372 2478 2445 γνώμην
2499 2377 2631 2447 (50),
2660 2378 2752 2430 καὶ
2772 2379 2907 2432 πολύ
2927 2398 2988 2448 γε
3008 2382 3508 2457 φιλανθρωποτέραν
3538 2386 3629 2439 καὶ
3662 2387 3795 2455 φιλο-

2258 2464 2590 2535 σοφωτέραν,
2621 2466 2955 2537 πεπείσμεθα
2987 2470 3160 2522 πάντα
3183 2474 3441 2540 πράσσειν
3465 2474 3562 2526 ὅσα
3588 2490 3679 2525 σου
3700 2473 3795 2526 δεό-

2244 2549 2415 2618 ¹μεθα.
2453 2570 2471 2600 ι
2521 2551 2679 2604 Ἀλλά
2718 2552 2886 2606 ταῦτα
2926 2553 3023 2623 μὲν
3054 2556 3111 2607 ὲν
3142 2554 3218 2625 τῷ
3250 2556 3532 2624 δηλωθέντι
3575 2557 3795 2609 τέθειται

2257 2641 2415 2710 λόγῳ.
2436 2642 2532 2695 ,Ἐν
2553 2642 2609 2695 δὲ
2640 2646 2759 2705 ταῖς
2782 2644 3103 2713 γραφείσαις
3122 2645 3266 2714 αὐτῷ
3297 2645 3563 2713 ἐκλογαῖς,
3588 2645 3617 2697 ὁ
3648 2644 3794 2707 αὐτὸς

2258 2731 2399 2784 κατά
2429 2732 2489 2783 τὸ
2510 2734 2787 2802 προοίμιον
2814 2735 3108 2812 ἀρχόμενος
3128 2734 3235 2787 τῶν
3256 2732 3687 2805 ὁμολογουμένων
3706 2738 3796 2802 τῆς

2259 2821 2495 2885 Παλαιᾶς
2519 2823 2788 2893 Διαθήκης
2810 2824 3036 2895 Γραφῶν
3055 2827 3280 2877 ποιεῖται
3296 2824 3585 2892 κατάλογον
3600 2842 3614 2854 ·
3635 2825 3692 2877 ὃν
3710 2825 3796 2877 καὶ

2258 2913 2546 2979 ἀναγκαῖον
2584 2914 2815 2968 ἐνταῦθα
2856 2913 3141 2978 καταλέξαι
3169 2915 3462 2985 ἡγούμεθα,
3497 2915 3683 2985 ἔχοντα
3712 2916 3796 2967 ἐπὶ

2256 3002 2448 3068 λέξεως
2484 3004 2653 3068 οὕτως
2677 3022 2691 3035 ·
2724 3024 2743 3055 ι
2775 3005 3022 3058 Μελίτων
3054 3006 3325 3075 Ὀνησίμῳ
3342 3006 3417 3075 τῷ
3450 3005 3654 3076 ἀδελφῷ
3680 3008 3793 3077 χαί-

2260 3111 2389 3165 ρειν.
2434 3094 2647 3165 Ἐπειδὴ
2681 3094 2935 3158 πολλάκις
2967 3094 3199 3164 ἠξίωσας
3232 3097 3429 3167 σπουδῇ
3460 3100 3523 3167 τῇ
3556 3098 3686 3167 πρὸς
3708 3096 3794 3148 τὸν

2253 3186 2405 3254 λόγον
2439 3185 2733 3256 χρώμενος,
2776 3187 3021 3253 γενέσθαι
3047 3204 3127 3239 σοι
3160 3187 3386 3256 ἐκλογὰς
3410 3188 3470 3241 ἔκ
3500 3206 3556 3242 τε
3584 3188 3677 3243 τοῦ
3710 3189 3793 3242 νό-

2257 3293 2356 3346 μου
2386 3278 2478 3328 καὶ
2502 3276 2610 3329 τῶν
2642 3277 2931 3348 προφητῶν
2964 3278 3089 3348 περὶ
3112 3276 3203 3331 τοῦ
3237 3280 3484 3349 Σωτῆρος
3507 3278 3597 3333 καὶ
3623 3280 3793 3349 πάσης

2252 3367 2347 3436 τῆς
2388 3368 2618 3429 πίστεως
2650 3366 2825 3437 ἡμῶν,
2874 3367 2952 3420 ἔτι
2998 3369 3053 3421 δὲ
3091 3368 3185 3422 καὶ
3217 3368 3405 3440 μαθεῖν
3432 3370 3527 3441 τὴν
3557 3370 3662 3423 τῶν
3695 3388 3796 3423 πα-

2252 3457 2415 3510 λαιῶν
2452 3457 2668 3527 βιϐλίων
2700 3457 2993 3529 ἐϐουλήθης
3025 3459 3325 3531 ἀκρίϐειαν,
3371 3461 3508 3514 πόσα
3558 3461 3645 3513 τὸν
3674 3462 3791 3532 ἀρια

2254 3546 2281 3599 θ
2289 3548 2385 3616 μὸν
2404 3547 2496 3599 καὶ
2521 3550 2679 3601 ὁποῖα
2698 3547 2793 3619 τὴν
2816 3548 2971 3612 τάξιν
2988 3546 3117 3616 εἷεν,
3149 3550 3451 3604 ὲσπούδασα
3490 3551 3551 3604 τὸ
3594 3551 3796 3607 τοιοῦτο

2253 3631 2471 3707 πρᾶξαι,
2512 3638 2865 3708 ἐπιστάμενός
2899 3657 2990 3692 σου
3021 3640 3081 3692 τὸ
3109 3640 3388 3694 σπουδαῖον
3420 3643 3542 3712 περὶ
3581 3642 3674 3711 τὴν
3707 3641 3795 3693 πίρ

2251 3743 2385 3793 στιν,
2430 3728 2524 3779 καὶ
2565 3726 2856 3796 φιλομαθὲς
2882 3727 3009 3797 περὶ⁹
3045 3727 3136 3779 τὸν
3169 3726 3343 3794 λόγον,
3373 3730 3531 3780 ὃτιτε
3568 3728 3795 3796 μάλιστα

2250 3821 2461 3873 πάντων
2496 3818 2643 3888 πόθῳ
2669 3818 2746 3887 τῷ
2768 3817 2900 3888 πρὸς
2929 3818 3063 3871 Θεὸν
3099 3818 3270 3871 ταῦτα
3311 3818 3630 3889 προκρίνεις,
3668 3818 3793 3887 περὶ

2248 3910 2347 3978 τῆς
2369 3908 2582 3961 αἰωνίου
2604 3908 2870 3977 σωτηρίας
2890 3907 3297 3975 ἀγωνιζόμενος.
3333 3906 3587 3958 Ἀνελθὼν
3603 3902 3695 3960 οὖν
3715 3908 3792 3969 εἰς

2248 4001 2344 4068 τὴν
2376 3998 2657 4068 ἀνατολὴν,
2692 3998 2785 4049 καὶ
2831 3996 2934 4057 ἕως
2976 3995 3067 4047 τοῦ
3112 3996 3276 4048 τόπου
3333 3997 3615 4065 γενόμενος
3666 3997 3790 4050 ἔνθα

2250 4084 2518 4153 ὲκηούχθη
2565 4083 2657 4134 καὶ
2695 4081 2958 4152 ἐπράχθη,
3003 4081 3095 4135 καὶ
3124 4082 3362 4153 ἀκριϐῶς
3398 4083 3579 4153 μαθὼν
3605 4084 3672 4138 τὰ
3693 4087 3791 4155 τῆς

2250 4172 2484 4232 Παλαιᾶς
2509 4169 2777 4238 Διαθήκης
2805 4168 2995 4236 βιϐλία,
3031 4169 3294 4236 ὑποτάξας
3324 4171 3541 4241 ἔπεμψά
3574 4190 3648 4225 σοι
3673 4190 3687 4202 ⁸
3716 4167 3792 4227 ὦν

2248 4263 2363 4312 ἐστι
2387 4259 2453 4311 τὰ
2490 4260 2753 4327 ὀνόματα·
2790 4260 3059 4323 Μωῦσέως
3092 4260 3269 4323 πέντε,
3292 4262 3523 4325 Γένεσις,
3555 4262 3786 4328 Ἐξοδος,

2185 4384 2223 4437 D
2252 4350 2547 4412 Λευῖτικὸν,
2618 4349 2856 4419 Ἀριθμοὶ
2908 4351 3040 4418 (51),
3104 4353 3532 4421 Δευτερονόμιονδ
3588 4353 3788 4422 Ἰησοῦς

2250 4441 2426 4509 Ναυῆ,
2457 4440 2668 4509 Κριταὶ,
2717 4440 2866 4493 Ῥούθ
2886 4458 2899 4471 ·
2934 4442 3216 4495 Βασιλειῶν
3241 4443 3490 4508 τέσσαρα·
3528 4443 3785 4514 Παραλειν

2252 4557 2279 4606 ὁ
2322 4552 2377 4623 δε
2424 4553 2615 4623 πατήρ
2646 4569 2769 4615 σου,
2817 4555 2910 4608 καὶ
2950 4554 3042 4606 σοῦ
3079 4553 3146 4607 τὰ
3177 4553 3349 4605 πάντα
3376 4554 3785 4623 συνδιοικοῦντας
3810 4585 3821 4593 ·

2244 4619 2407 4674 αύτῶ.

2314 4674 2422 4759 (ἕο)
2462 4688 2626 4762 sese
2658 4689 2756 4743 καὶ
2778 4689 3014 4762 μᾶλλον
3057 4691 3192 4762 περὶ
3219 4691 3575 4762 τούτων-τὴν
3592 4694 3784 4762 αὐτὴν

2246 4758 2496 4831 ἐκείνοις
2524 4759 2741 4831 ἔχοντα
2776 4758 3030 4831 γηῴμην.
3056 4758 3148 4811 His
3165 4760 3339 4831 verbis
3356 4758 3787 4831 Melitodesigna-

2247 4847 2305 4883 re
2327 4830 2532 4882 videtur
2550 4828 2825 4895 epistolam
2842 4828 2907 4880 M.
2928 4828 3198 4887 Antonini,
3217 4831 3280 4879 ad
3306 4828 3596 4885 Commune
3630 4828 3782 4887 Ksiae

2244 4902 2420 4952 datam
2458 4912 2553 4963 pro
2600 4896 2951 4956 Christianis,
2978 4897 3028 4948 in
3056 4911 3156 4962 qna
3194 4897 3331 4948 inter
3366 4909 3556 4953 caetera
3597 4902 3785 4965 legun-

2243 4977 2327 5020 lur
2376 4970 2490 5018 haec
2534 4966 2743 5018 verba:
2788 4964 3061 5035 lgalépo‘t
3104 4965 3159 5015 δὲ
3208 4967 3331 5035 περὶ
3377 4966 3481 5020 τῶν
3528 4964 3780 5023 τοιούτων

2244 5036 2433 5113 πολλοὶ*
2450 5035 2747 5113 ἐσῄμανανῖ
2777 5028 2855 5093 οἷς
2877 5032 2939 5101 δὴ
2973 5028 3075 5113 ’καὶ
3102 5028 3413 5105 προέγραψα
3452 5039 3781 5093 κατακολου-

2242 5105 2345 5156 θῶν
2373 5107 2437 5172 τῇ
2457 5102 2563 5155 τού
2579 5102 2782 5172 πατρός
2807 5117 2905 5172 μου
2927 5102 3133 5172 γνώμῃ.

2311 5162 2437 5241 (51)"
2468 5162 3115 5241 Aevi'ztsc'di:,'_’Ap't0ybl:
3159 5172 3211 5224 in
3263 5177 3459 5229 nostris
3499 5178 3779 5231 codicibus

2242 5237 2464 5314 usue,
2495 5242 2628 5314 Med.
2660 5252 2712 5290 et
2742 5237 2899 5314 _Fulr.,
2948 5237 3153 5314 necnon
3182 5246 3339 5314 apud
3390 5243 3775 5314 Nicephorum,

2244 5310 2458 5381 inverso
2501 5312 2690 5381 ordine
2741 5308 2930 5381 legitur
2965 5308 3548 5381 ’AptOpoLdeuinxdxi.
3595 5314 3777 5381 Atque

2244 5378 2312 5429 ita
2344 5378 2565 5429 ltulinus
2599 5376 2792 5450 in_suis
2818 5376 3206 5450 exemplaribus
3252 5382 3505 5450 scriptum
3549 5376 3774 5435 invene-

2244 5454 2327 5497 rat
2362 5457 2502 5519 ut_ex
2538 5444 3221 5519 v_ersione_ejus_apparet._
3246 5444 3413 5519 May-si
3449 5452 3563 5503 libri
3608 5452 3775 5516 quin-

2242 5529 2372 5579 que:
2394 5514 2623 5571 Genesis.
2660 5510 2889 5584 Exodus,
2931 5510 3167 5584 Numeri,
3194 5510 3449 5571 Leviticus
3474 5559 3488 5581 ,
3520 5510 3775 5570 Deu'leroo

2243 5584 2488 5654 nomium.
2515 5651 2523 5654 _
2554 5584 2643 5654 Sic
2694 5582 2832 5654 enim
2878 5584 3064 5654 legitur
3087 5582 3163 5640 ini
3191 5589 3551 5641 vetustissittto
3579 5588 3777 5641 codice

2242 5649 2555 5705 Pat‘isiettsis
2590 5650 2859 5705 Ecclesiae.
