3942 6332
186 343 271 396 ιυθ
1155 342 1496 398 ωδτοιιιβ
1533 344 1679 400 ECCI

1783 347 2078 403 tlASTlCA‘J
2119 349 2240 404 [ΑΒ.
2284 349 2343 404 ν.

185 449 410 525 Χριστοῦ,
441 452 549 513 τοῖς
580 452 718 504 κατά
742 451 839 522 τὴν
876 451 1057 504 Ἀσίαν
1085 451 1177 505 καὶ
1211 455 1446 523 Φρυγίαν
1479 455 1574 523 τὴν
1602 456 1679 506 αὑ-

1799 458 2109 528 Lugdunum
2139 460 2327 514 Gallize
2356 461 2597 528 degunt,
2640 460 2892 516 fratribus
2935 478 3027 532 per
3052 464 3230 517 Asiam
3274 479 3327 520 et
3406 503 3413 509 -

183 547 262 615 τὴν
288 546 376 613 τῆς
395 543 808 614 ἀπολυτρώσεως
838 546 965 613 ἡμῖν
993 546 1172 598 πίστιν
1204 549 1298 599 καὶ
1332 547 1519 618 ἐλπίδα
1544 549 1694 616 ἔχου-

185 650 253 686 σιν
283 633 528 698 ἀδελφοῖς,
578 635 759 702 εἰρήνη
810 633 901 683 καὶ
941 632 1095 701 χάρις
1134 635 1225 685 καὶ
1252 634 1376 699 δόξα
1414 635 1521 686 ἀπὸ
1561 636 1692 687 Θεοῦ

185 724 364 794 Πατρὸς
385 723 472 775 καὶ
499 722 729 791 Χριστοῦ
767 721 936 792 Ἰησοῦ
960 723 1050 774 τοῦ
1080 724 1278 792 Κυρίου
1305 727 1478 794 ἡμῶν.
1511 745 1528 775 ι
1563 722 1694 777 Εἶτα

183 811 361 872 τούτοις
384 811 520 879 ἑξῆς,
559 810 719 878 ἕτερα
749 815 1248 882 προοιμιασάμενοι,
1278 817 1376 882 τὴν
1415 815 1507 867 τοῦ
1536 816 1692 882 λόγου

183 904 426 974 καταρχὴν
460 903 726 955 ποιοῦνται
768 905 823 954 ἐν
851 903 1085 966 τούτοις·
1127 924 1144 954 ι
1187 906 1259 958 Τὸ
1310 907 1406 974 μὲν
1451 904 1544 958 οὖν
1596 908 1692 976 μέ-

183 995 316 1060 γεθος
346 995 433 1062 τῆς
482 994 664 1044 ἐνθάδε
709 993 957 1061 θλίψεως,
1010 996 1099 1047 7.31
1138 995 1234 1064 τὴν
1280 998 1542 1067 τοσαύτην
1588 998 1694 1050 τῶν

182 1084 327 1135 ἐθνῶν
362 1086 434 1147 είς
475 1087 598 1146 τοὺς
630 1086 814 1150 ἁγίους
846 1086 1031 1154 ὀργὴν,
1071 1087 1160 1137 καὶ
1187 1088 1284 1138 ὅσα
1314 1088 1604 1155 ὑπέμειναν
1645 1089 1692 1139 ot

185 1176 407 1243 μακάριοι
453 1176 742 1246 μάρτυρες,
777 1177 862 1227 ἐπ’
903 1177 1126 1246 ἀκριϐὲς
1169 1177 1278 1229 οὗθ’
1327 1179 1482 1246 ἡμεῖς
1524 1180 1693 1228 εἰπεῖν

182 1265 347 1325 ἱκανοὶ,
375 1264 491 1317 οὔτε
528 1265 632 1334 μὴν
657 1271 835 1336 γραφῇ
856 1268 1246 1337 περιληφθῆναι
1267 1268 1504 1319 δυνατόν.
1528 1268 1692 1319 Παντὶ

179 1353 271 1422 γὰρ
314 1353 475 1406 σθένει
519 1357 809 1424 ἐνέσκηψεν
846 1361 873 1410 ὁ
913 1358 1297 1424 ἀντικείμενος,
1349 1355 1691 1426 προοιμιαζό-

182 1445 441 1513 μενος
475 1447 572 1514 τὴν
615 1447 783 1508 ἀδεῶς
819 1448 1108 1516 μέλλουσαν
1146 1447 1358 1499 ἔσεσθαι
1398 1448 1692 1516 παρουσίαν

177 1533 346 1586 αὐτοῦ’
378 1534 465 1584 καὶ
495 1534 578 1585 διὰ
610 1536 820 1588 πάντων
852 1537 1078 1605 διῆλθεν,
1119 1536 1308 1599 ἐθίζων
1345 1538 1468 1598 τοὺς
1502 1537 1690 1588 ἐαυτοῦ

178 1624 256 1674 καὶ
285 1626 662 1694 προγυμνάζων
700 1627 836 1679 κατά
864 1628 970 1678 τῶν
1003 1627 1200 1680 δούλων
1232 1629 1323 1680 τοῦ
1357 1628 1511 1687 Θεοῦ,
1554 1630 1689 1681 ὥστε

177 1714 239 1784 μὴ
270 1717 412 1784 μόνον
441 1717 622 1768 οἰκιῶν
653 1717 758 1787 (76)
787 1719 877 1769 καὶ
914 1719 1200 1787 βαλανείων
1229 1721 1321 1771 καὶ
1347 1721 1548 1790 ἀγορᾶς
1582 1721 1690 1790 εἷρ-

173 1806 359 1872 γεσθαι,
397 1808 526 1860 ἀλλά
557 1809 649 1861 καὶ
695 1809 753 1860 τὸ
781 1810 1004 1862 καθόλου
1056 1811 1330 1878 φαίνεσθαι
1376 1811 1527 1880 ἡμῶν
1572 1829 1690 1864 τινα

172 1897 332 1959 αὐτοῖς
381 1899 803 1971 ἀπειρῆσθαι-ἐν
864 1902 1027 1971 ὁποίῳ
1073 1903 1266 1972 δήποτε
1313 1904 1479 1972 τόπῳ.
1539 1905 1687 1955 ’Λντ-

170 1990 464 2058 εστρατήγει
505 1991 560 2042 δὲ
592 1993 622 2059 ή
655 1992 810 2060 χάρις
835 1992 928 2043 τοῦ
959 1992 1110 2054 Θεοῦ,
1142 1993 1384 2053 καὶτοὺς
1419 1994 1512 2061 μὲν
1533 1993 1687 2043 ἀσθε-

171 2075 263 2137 νεῖς
305 2077 536 2146 ἐρρύετο,
585 2079 1008 2147 ἀντιπαρέτασσε
1046 2081 1100 2132 δὲ
1152 2081 1370 2142 στύλους
1428 2082 1686 2150 ἑδραίους,

170 2165 472 2235 δυναμένους
508 2167 594 2218 διὰ
623 2169 720 2235 τῆς
750 2170 1021 2238 ὑπομονῆς
1056 2173 1232 2221 πᾶσαν
1264 2171 1360 2238 τὴν
1395 2170 1565 2239 ὁρμὴν
1594 2170 1686 2220 τοῦ

169 2259 380 2328 πονηροῦ
418 2262 494 2320 είς
519 2260 740 2320 ἑαυτοὺς
770 2259 985 2310 ἑλκύσαι
1010 2278 1021 2288 ·
1058 2261 1104 2310 οἳ
1138 2260 1229 2311 καὶ
1262 2260 1423 2327 ὁμόσε
1457 2261 1688 2327 ἐχώρουν

165 2349 316 2416 αὐτῷ,
343 2352 441 2402 πᾶν
464 2346 602 2410 εἶδος
623 2349 917 2418 ὀνειδισμοῦ
951 2350 1041 2400 καὶ
1065 2350 1332 2412 κολάσεως
1357 2351 1684 2418 ἀνεχόμενοι,

167 2437 210 2490 οἳ
250 2439 337 2490 καὶ
377 2440 440 2491 τά
483 2439 650 2491 πολλά
697 2439 848 2505 ὀλίγα
893 2439 1200 2508 ἡγούμενοι,
1250 2439 1503 2491 ἔσπευδον
1550 2441 1684 2509 πρὸς

165 2529 393 2599 Χριστὸν,
424 2531 587 2593 ὅντως
617 2529 1037 2598 ἐπιδεικνύμενοι
1069 2530 1198 2600 (77),
1232 2533 1310 2582 ὅτι
1343 2532 1439 2582 οὐκ
1468 2533 1588 2596 ἄξια
1617 2533 1684 2584 τὰ

165 2621 437 2690 παθήματα
463 2622 554 2674 τοῦ
581 2621 674 2674 νῦν
704 2623 913 2692 καιροῦ,
940 2622 1072 2691 πρὸς
1091 2623 1188 2690 τὴν
1217 2622 1502 2691 μέλλουσαν
1529 2624 1682 2688 δόξαν

161 2714 581 2782 ἀποκαλυφθῆναι
615 2716 693 2776 εἰς
729 2715 890 2783 ἡμᾶς.
929 2713 1036 2765 Καὶ
1087 2713 1296 2781 πρῶτον
1349 2715 1446 2781 μὲν
1477 2714 1544 2764 τὰ
1577 2716 1682 2766 ἀπὸ

161 2802 244 2853 τοῦ
272 2804 416 2873 ὄχλου
452 2805 715 2874 πανδημεὶ
751 2803 984 2874 σωρηδὸν
1010 2803 1391 2874 ἐπιφερόμενα,
1427 2804 1684 2870 γενναίοις

162 2895 427 2964 ὑπέμενον,
455 2896 780 2966 ἐπιϐοήσεις,
810 2897 902 2948 καὶ⁵
932 2896 1161 2965 πληγὰς,
1185 2896 1276 2947 καὶ
1307 2898 1563 2965 συρμοὺς,
1595 2898 1684 2948 καὶ

159 2983 459 3054 διαρπαγὰς,
506 2987 598 3038 καὶ
630 2986 789 3038 λίθων
830 2986 1008 3053 βολὰς,
1054 2989 1144 3040 καὶ
1185 2987 1517 3054 συγκλείσεις
1546 2989 1678 3057 (73),

158 3074 243 3124 καὶ
277 3074 421 3125 πάνθ’
461 3075 560 3125 ὅσα
587 3074 910 3143 ἠγριωμένῳ
953 3074 1142 3142 πλήθει
1176 3075 1249 3136 ὡς
1283 3075 1417 3145 πρὸς
1458 3076 1682 3146 ἐχθροὺς

157 3162 242 3212 καὶ
277 3162 547 3231 πολεμίους
573 3163 713 3230 φιλεῖ
731 3164 991 3230 γίνεσθαι,
1025 3165 1132 3216 Καὶ
1163 3165 1224 3234 δὴ
1252 3166 1570 3234 ἀναχθέντες
1603 3171 1679 3229 εἰς

157 3249 245 3319 τὴν
272 3253 462 3320 ἀγορὰν
490 3253 592 3305 ὑπό
625 3271 682 3305 τε
713 3253 806 3304 τοῦ
841 3254 1114 3323 χιλιάρχου
1159 3257 1249 3307 καὶ
1285 3257 1392 3307 τῶν
1421 3274 1680 3327 προεστη-

155 3341 318 3395 κότων
364 3346 455 3412 τῆς
501 3345 703 3406 πόλεως
752 3344 1004 3408 ἐξουσιῶν
1033 3345 1169 3412 (79),
1214 3347 1304 3397 ἐπὶ
1355 3346 1552 3407 παντὸς
1585 3346 1676 3398 τοῦ

157 3432 374 3502 πλήθους
406 3433 776 3510 ἀνακριθέντες
808 3435 899 3485 καὶ
927 3435 1366 3503 ὁμολογήσαντες,
1415 3435 1679 3487 συνεκλεί-

158 3571 295 3611 runt.
323 3562 394 3612 Ad
417 3562 525 3613 haec
567 3570 787 3626 utraque
819 3561 1086 3626 provincia
1130 3563 1226 3612 sub
1258 3564 1412 3613 unius
1443 3565 1678 3628 praesidis

148 3629 522 3696 jurisdictione.
546 3640 668 3678 tunc
698 3631 907 3694 quidem
954 3630 1206 3694 temporis
1233 3632 1439 3682 videtur
1491 3634 1673 3691 luisse;

155 3711 283 3749 uth
306 3714 362 3750 eo
386 3699 687 3763 conjicitur.
716 3698 853 3763 quod
881 3709 982 3746 tam
1006 3697 1332 3748 Viennenses
1355 3715 1510 3763 quam
1543 3701 1672 3765 Lng-

155 3770 426 3828 duueuses,
467 3770 532 3817 ob
576 3767 726 3816 fidem
767 3765 959 3816 Clu-isti
996 3781 1020 3814 a
1053 3767 1272 3830 praeside
1302 3768 1670 3828 comprehensi

157 3847 204 3889 ct
239 3838 458 3888 tlatuuati
498 3852 613 3887 esse
647 3836 894 3885 dicuntur
922 3835 969 3886 in
1002 3835 1099 3884 hac
1132 3835 1370 3898 cpistola.
1403 3837 1487 3884 llas
1515 3837 1674 3898 igitur

155 3921 324 3956 causm
367 3916 486 3957 sunt
528 3920 624 3955 cur
649 3905 964 3966 conjunctim
1001 3903 1313 3963 scripserint
1345 3903 1674 3955 Viennenses

157 3983 206 4025 et
252 3975 634 4041 Lugdunensis.
675 3973 800 4025 Nam
831 3973 1252 4041 ([‘NltirSHSllililli
1295 3974 1673 4041 Suntquidam,

154 4059 309 4096 uuum
325 4039 440 4096 tunc
457 4045 615 4094 fuisse
632 4047 930 4108 episcopum
952 4040 1163 4091 νὶιτιηιςυ
1186 4052 1340 4106 atque
1356 4040 1611 4106 Lugduni,
1630 4039 1679 4090 id

153 4127 215 4164 ex
233 4117 323 4165 hac
337 4116 440 4178 ipsa
457 4114 674 4177 epistula
699 4113 850 4162 facile
867 4110 1140 4170 refellitur,
1155 4125 1274 4178 qua:
1288 4109 1558 4178 Pothinum
1575 4109 1680 4173 cpi-

155 4177 363 4249 scopum
388 4181 620 4249 Lugduni
640 4181 798 4233 fuisse
816 4181 964 4240 dicit,
986 4196 1086 4231 non
1111 4181 1232 4230 item
1265 4177 1493 4231 Viet‘unc.
1518 4177 1679 4228 Porro

153 4246 514 4315 Lugdunenses
537 4246 751 4302 honoris
765 4265 917 4300 causa
947 4250 1525 4302 Viennensium'uomcn
1549 4262 1679 4311 prm-

155 4329 498 4384 ponunt,mun
529 4331 702 4370 tamen
723 4320 820 4384 ipsi
854 4318 1227 4385 Lugdunenses
1244 4318 1517 4382 epistolam
1544 4317 1679 4366 scri-

156 4387 278 4438 bant
300 4388 434 4442 deiis
454 4402 569 4449 qua:
595 4387 827 4450 Lugduni
863 4399 1006 4452 gesta
1025 4389 1249 4443 fuerant.
1268 4386 1524 4439 Vetustali
1549 4400 1679 4453 quo-

3225 357 3328 410 UO

1797 547 2079 616 Phrygiam
2119 550 2447 611 constitutis,
2475 550 2564 615 qui
2595 551 2832 602 eamdem
2866 553 3137 605 nobiscum
3171 555 3325 608 Iidem

1794 655 1856 691 ac
1885 655 2028 704 spem
2056 640 2252 692 habent
2282 642 2684 706 redemptionis.
2728 658 2830 708 pax
2857 655 2908 696 et
2939 647 3105 710 gratia
3134 655 3184 696 et
3217 647 3328 712 glo-

1797 726 1871 775 ria
1902 740 1930 776 a
1969 724 2074 776 Deo
2123 725 2278 778 Patre
2305 737 2356 779 et
2399 727 2618 780 Christo
2646 729 2770 781 Jesn
2802 732 3017 781 Domino
3059 743 3262 785 nostro.
3302 753 3322 783 ι

1795 816 1914 868 Post
1949 817 2060 869 haec
2099 817 2288 869 deinde
2320 819 2560 885 qurcdatn
2596 819 2696 869 alia
2721 821 2945 885 pra-fati,
2971 823 3324 873 ttarrati0ncnt

1795 907 1958 973 ipsam
1992 907 2373 959 ordiunturhis
2400 909 2577 960 verbis
2605 927 2617 961 :
2651 929 2670 956 ι
2701 910 2756 959 ΕΙ
2782 911 3088 974 gravitatem
3114 915 3325 978 quidem

1795 996 1957 1061 ipsam
1978 1012 2351 1058 :eruniuarnm,
2376 1007 2429 1047 et
2450 999 2723 1060 gentilium
2745 1004 2997 1052 adversus
3017 1015 3231 1053 sanctos
3250 1004 3327 1053 fu-

1795 1101 1964 1137 rat-cm
2001 1103 2060 1135 ac
2093 1088 2311 1145 rabiem,
2342 1103 2562 1154 qua'que
2586 1097 2638 1140 ct
2665 1105 2860 1156 quanta
2899 1095 3036 1143 beati
3071 1110 3329 1164 martyres

1793 1177 2024 1243 [ιρι-ροιεί
2053 1175 2205 1244 155
2235 1187 2374 1238 sunt,
2397 1193 2489 1228 ncc
2518 1195 2612 1230 nos
2635 1181 2930 1246 exprimere
2962 1186 3198 1237 (iit't'lltlU.
3233 1202 3329 1238 nec

1792 1269 2069 1332 quisquam
2092 1269 2370 1318 scribendo
2395 1269 2676 1332 compIeCIi
2701 1281 2954 1323 accurate
2975 1276 3157 1338 possit.
3174 1275 3328 1328 Onuti

1793 1359 2050 1421 siquidem
2079 1358 2264 1408 virium
2297 1358 2490 1422 impetu
2535 1361 2584 1410 in
2629 1375 2724 1410 nos
2774 1362 2929 1413 irruit
2962 1366 3323 1429 adversarius,

1792 1447 2050 1500 adventus
2083 1448 2162 1498 sui
2193 1447 2244 1499 in
2273 1464 2379 1514 quo
2408 1463 2528 1499 cum
2557 1451 2700 1502 omni
2738 1449 2948 1502 licentia
2988 1465 3328 1518 grassatnrus

1791 1547 1894 1599 est,
1945 1539 2052 1606 jam
2087 1548 2192 1589 tum
2227 1539 2378 1591 nobis
2429 1540 2577 1590 initia
2608 1556 2668 1591 ac
2717 1541 3007 1607 primordia
3045 1545 3322 1597 exhibens.

1794 1627 1932 1679 Nihil
1973 1627 2170 1694 quippe
2222 1629 2538 1682 intentatum
2594 1627 2828 1698 reliquit,
2879 1632 2998 1682 dum
3051 1631 3326 1684 ministros

1794 1732 1920 1770 suos
1947 1719 2252 1780 assuefacit,
2283 1728 2333 1770 et
2367 1720 2680 1784 quibusdam
2719 1721 2868 1788 quasi
2904 1720 3326 1786 proludiiscxcr-

1793 1815 1878 1860 cet
1902 1808 2155 1859 adversus
2179 1822 2359 1860 servos
2386 1807 2493 1858 Dei.
2520 1808 2665 1860 Adeo
2687 1819 2742 1859 ut
2771 1824 2869 1861 nou
2900 1809 3066 1861 solum
3101 1811 3166 1862 ab
3199 1813 3326 1864 acdi-

1793 1896 1907 1952 bus.
1945 1911 1972 1946 a
2003 1896 2225 1959 balneis,
2254 1911 2281 1947 a
2309 1895 2426 1948 foro
2449 1911 2758 1948 arceremur
2790 1915 2802 1950 :
2829 1913 3007 1950 verum
3051 1900 3208 1950 etiam
3239 1901 3324 1952 in-

1791 1987 2074 2037 terdictum
2136 1985 2294 2038 fuerit
2373 2001 2439 2038 ne
2519 1987 2637 2052 quis
2713 2000 2951 2040 nostrum
3012 2006 3326 2059 quocunque

1789 2076 2000 2127 deuuun
2039 2076 2088 2127 in
2121 2075 2235 2128 loco
2267 2084 2563 2144 appareret.
2601 2074 2702 2128 Sed
2728 2080 2894 2145 gratia
2927 2080 3016 2131 Dei
3056 2096 3148 2147 pro
3171 2081 3325 2136 nobis

1789 2165 2044 2216 adversus
2066 2166 2332 2217 diabolum
2357 2168 2678 2233 depugnavit
2710 2185 2722 2218 :
2754 2177 2804 2220 et
2854 2169 3178 2223 infirmiores
3201 2173 3320 2238 qui-

1789 2253 1907 2304 dem
1936 2254 2187 2313 servavit,
2214 2258 2359 2307 viros
2389 2265 2562 2308 autem
2588 2257 2658 2307 illi
2681 2258 2925 2322 opposuit
2954 2259 3320 2313 columnarum

1787 2343 1957 2394 instar
1991 2343 2174 2396 ﬁrmos
2202 2359 2264 2396 ac
2299 2346 2540 2409 stabiles,
2592 2347 2680 2414 qui
2719 2346 3028 2399 fortitudine
3077 2364 3169 2400 sua
3204 2353 3323 2401 uni-

1786 2451 1999 2486 versum
2033 2437 2288 2495 dieiuonis
2314 2421 2565 2505 impetum
2594 2440 2644 2489 in
2680 2440 2989 2505 semctipsos
3013 2440 3320 2505 pertrahere

1786 2525 2049 2576 valerent.
2088 2525 2149 2576 lli
2195 2541 2321 2593 ergo
2345 2527 2588 2578 cominus
2633 2527 2926 2594 Congressi,
2961 2542 3116 2577 mune
3155 2543 3319 2594 genus

1782 2616 2054 2681 Opprobrii
2104 2617 2467 2667 sustinuerunt
2515 2633 2527 2668 :
2580 2626 2634 2668 et
2682 2631 2800 2681 qum
2838 2617 2925 2667 alii
2981 2616 3227 2668 diuturna
3267 2627 3320 2670 ot

1784 2691 1962 2772 gravia
1987 2705 2328 2767 existimant,
2358 2707 2452 2772 ipsi
2492 2706 2624 2758 levia
2657 2706 2928 2769 ducentes,
2959 2708 3022 2756 ad
3047 2707 3317 2759 Christqu

1785 2800 1865 2851 ire
1913 2799 2316 2866 properabant;
2369 2799 2614 2866 exemplo
2663 2814 2758 2851 suo
2795 2801 3157 2858 ostendentes:
3213 2815 3316 2852 non

1783 2903 1903 2942 esse
1931 2889 2114 2957 dignas
2147 2891 2415 2955 passiones
2461 2889 2616 2956 hujus
2650 2890 2827 2941 saeculi
2871 2904 2986 2955 quae
3032 2889 3318 2940 conferan-

1786 2991 1872 3031 tur
1901 2995 2018 3030 cum
2053 2977 2219 3044 gloria
2247 2992 2364 3044 qua:
2398 2978 2448 3028 in
2481 2981 2631 3030 nobis
2658 2978 2938 3031 rcvelanda
2973 2986 3074 3030 est.
3106 2979 3180 3030 Ac
3213 2982 3316 3045 pri~

1785 3087 1925 3122 mum
1967 3071 2179 3137 quidem
2220 3085 2547 3137 quaecunque
2595 3085 2622 3120 a
2670 3071 2860 3136 populo
2893 3071 3140 3122 universo
3169 3085 3318 3121 acer-

1786 3164 1947 3213 vatim
2008 3160 2407 3227 ingerebantur,
2477 3161 2911 3213 constantissime
2977 3160 3313 3212 tolerarunt:

1785 3250 2197 3302 acclamationes
2239 3247 2464 3308 scilicet,
2498 3247 2698 3314 plagas,
2735 3250 3078 3314 raptationes,
3117 3248 3316 3314 spolia-

1787 3340 1957 3391 tiones
1986 3339 2266 3398 bonorum,
2295 3339 2525 3402 lapidum
2570 3337 2768 3401 jacws,
2808 3352 3076 3397 carceres,
3123 3348 3314 3390 cuneta

1785 3429 2014 3498 denique
2037 3443 2154 3496 quae
2177 3428 2367 3496 vulgus
2390 3429 2572 3483 lurore
2598 3439 2652 3482 et
2677 3429 2821 3482 rabie
2854 3424 3198 3490 concitatum,
3225 3431 3319 3479 ad-

1783 3563 1881 3614 bus
1924 3572 2030 3615 tum
2073 3563 2392 3616 ar‘cebantnr
2437 3563 2748 3625 Christiani,
2787 3564 2836 3615 id
2886 3572 2965 3615 est
3012 3562 3077 3614 ab
3117 3563 3314 3614 :edilius

1779 3633 2096 3686 amicorum.
2149 3634 2585 3699 propinquorum,
2639 3633 2909 3699 Opilicum.
2947 3630 3128 3698 Neque
3171 3633 3314 3682 enim

1777 3700 2040 3767 assentior
2077 3699 2282 3760 ltulluo,
2316 3703 2402 3767 qui
2436 3702 2768 3753 Christianos
2824 3703 2874 3752 in
2924 3701 3036 3751 suis
3079 3702 3312 3766 ipsorum

1774 3766 2013 3833 dou-ibus
2044 3768 2284 3820 habitare
2311 3766 2600 3833 prohibitos
2629 3770 2965 3821 existimavit.

1844 3835 1955 3900 (77)
1991 3825 2502 3902 Ἐπιδεικνῦμενοι.
2564 3837 2734 3888 Codex
2789 3837 3065 3887 Medica-ns
3117 3837 3310 3886 adver-

1780 3901 1924 3972 bium
1956 3903 2100 3972 addit
2130 3903 2228 3972 hoc
2265 3901 2445 3972 modo,
2471 3903 2634 3963 ὄντως
2663 3902 3100 3970 ἐπιδεικνύμενοι.
3130 3903 3311 3972 Neque

1782 3971 1938 4019 aliter
1971 3971 2132 4021 codex
2163 3971 2274 4020 Maz
2305 4011 2318 4028 ,
2355 3971 2486 4024 Fnk.
2518 3983 2568 4022 et
2602 3973 2920 4023 Saviliauus.

1854 4036 1960 4105 (78)
1988 4039 2382 4102 Συγκλείσεις.
2411 4039 2521 4089 Non
2551 4056 2761 4105 possunt
2789 4041 3014 4104 probare
3047 4040 3306 4105 interpre-

1786 4106 2039 4157 tationem
2071 4107 2230 4173 Laugi
2258 4119 2308 4158 ct
2335 4109 2820 4171 (thrtsmpborsoni.
2855 4110 2940 4174 qui
2975 4110 3310 4175 συγκλείσεις

1785 4191 2015 4225 carceres
2047 4187 2276 4230 vertunt.
2312 4175 2407 4226 llic
2441 4178 2579 4227 enim
2618 4179 2788 4240 primo
2819 4178 2933 4228 loco
2964 4192 3309 4232 recensentur

1786 4241 1994 4304 injuria:
2032 4254 2084 4294 ct
2110 4245 2266 4308 mala,
2293 4261 2408 4311 qn‘t‘
2432 4261 2457 4294 a
2495 4246 2732 4297 conferta
2765 4248 2940 4312 populi
2970 4249 3306 4302 multitudine

1786 4312 2150 4382 inferebantur
2195 4315 2530 4382 Christianis.
2578 4313 2630 4365 lu
2683 4319 2878 4382 quibus
2928 4331 3110 4368 carcer
3135 4319 3307 4370 locum

1786 4381 1982 4434 habere
2020 4397 2122 4434 non
2183 4395 2374 4449 potest.
2427 4381 2927 4454 Jiniicnunquippc,
2971 4403 3073 4438 non
3131 4388 3304 4454 populi

152 4471 260 4518 que
279 4467 325 4508 et
346 4444 602 4508 nobilitati
626 4444 844 4508 colonia:
864 4444 1245 4507 Viennensium
1265 4458 1313 4507 id
1335 4444 1583 4507 tributum
1604 4454 1680 4504 vi-
1711 4444 1754 4495 Ι)
1782 4459 1916 4508 erat,
1947 4466 2066 4505 reos
2093 4444 2292 4505 carceri
2332 4454 2651 4519 mancipare.
2689 4444 3060 4520 Rei°iius'ergo
3088 4444 3305 4508 [inlimis

152 4525 265 4575 deri
287 4535 463 4590 potest.
482 4526 630 4589 Quod
653 4541 779 4578 vero
793 4527 855 4576 ad
876 4527 1164 4576 secundam
1192 4527 1534 4590 qumsliouetn
1559 4524 1674 4574 atti-

155 4601 265 4660 net,
282 4609 335 4644 ex
357 4596 464 4660 ipsa
485 4593 703 4659 epistola
729 4596 976 4645 discimus
998 4595 1252 4658 plurimos
1272 4593 1432 4646 fuisse
1462 4593 1672 4645 Crzecos

155 4659 208 4708 iu
249 4659 462 4714 Ecclesia
507 4663 866 4728 Lugdunensi,
896 4662 1187 4728 cujusmodi
1227 4662 1323 4713 fuit
1371 4665 1577 4715 Attalus
1619 4673 1672 4714 et

155 4728 438 4799 élexauder
469 4731 722 4799 Phryges,
749 4743 798 4799 et
837 4732 1134 4783 Alcibiades
1173 4731 1432 4784 oriundus
1458 4736 1577 4783 item
1607 4747 1668 4783 ex

152 4791 388 4863 Phrygia,
421 4809 477 4850 ut
505 4791 694 4863 opiner
724 4817 737 4852 :
768 4798 995 4852 lt‘ClHIEIIS
1026 4814 1237 4866 quoque
1271 4802 1525 4854 oriundus
1559 4811 1672 4852 erat

152 4877 220 4936 εξ
261 4868 392 4936 Asia,
420 4878 469 4918 et
503 4868 852 4935 Polycarpum
885 4867 1122 4936 Smyrna:
1148 4867 1389 4920 audierat
1420 4887 1518 4922 una
1551 4885 1667 4921 cum

157 4932 358 4984 Floriuo
401 4932 682 4987 admodum
721 4932 871 5003 puer,
915 4932 1124 5002 ut'ipse
1164 4946 1406 4988 testatur.
1461 4940 1667 4991 l’otbini

154 5017 354 5076 quoque
389 5004 731 5076 episcopi_vcl
768 5021 959 5058 nomen
1008 5005 1197 5072 ipsum,
1240 5004 1476 5058 Graecam
1510 5010 1670 5076 origi-

157 5087 272 5146 nem
301 5073 567 5146 designat.
613 5071 842 5127 Proinde
879 5091 982 5146 nou
1025 5071 1213 5146 mirum
1243 5085 1366 5146 est,
1398 5076 1446 5146 isi
1482 5080 1568 5146 qui
1595 5071 1668 5128 cx

156 5139 274 5192 Asia
301 5141 344 5189 in
369 5137 566 5191 Gallias
590 5151 861 5207 venerant,
895 5143 1146 5195 fratribus
1176 5144 1284 5192 suis
1307 5144 1356 5193 in
1382 5137 1513 5195 Asia'
1537 5159 1665 5196 con-

156 5207 348 5277 stipitis
369 5210 429 5259 de
466 5211 628 5277 rebus
654 5214 766 5262 suis
787 5214 1022 5264 scribant
1047 5230 1059 5264 :
1091 5227 1117 5262 a
1156 5212 1367 5276 quibus,
1409 5221 1467 5263 ut
1497 5215 1664 5265 credi-

157 5275 258 5355 bile
275 5286 365 5336 est,
397 5275 671 5354 epistolam
719 5278 858 5355 illam
904 5283 969 5333 de
995 5275 1277 5355 _inartyrio
1313 5279 1667 5355 Polycarpiet

161 5348 386 5407 aliorum,
428 5348 573 5415 prius
607 5349 959 5411 accepissent.
995 5349 1156 5414 llujus
1203 5359 1378 5398 autem
1410 5348 1664 5415 epistola:

160 5414 620 5484 auctoremifuisse
668 5415 901 5484 arbitror
928 5417 1210 5480 Irenzcum;
1241 5417 1328 5482 qui
1363 5414 1572 5484 quidem
1601 5435 1664 5473 eo

165 5495 380 5553 tempore
413 5482 662 5553 Ecclesia:
689 5482 1051 5553 Lugdunensis
1071 5497 1182 5539 erat
1211 5482 1512 5553 presbiter.

234 5549 330 5620 (16)
355 5551 445 5626 illi;
464 5551 655 5626 μᾴνον
681 5549 896 5603 οιιιιῶν.
931 5549 1448 5626 Chrismphorsonius
1495 5556 1662 5621 aediﬁ-

163 5622 243 5671 cia
282 5621 476 5692 publica
510 5621 1100 5692 ΔἱιιιοΙΊιιζιπειιιιυι-,Ῠιιυοιί
1149 5640 1249 5676 non
1281 5625 1464 5691 probo,
1503 5627 1662 5677 οἰκίαι

164 5693 293 5745 enim
317 5688 522 5750 nonnisi
553 5692 618 5744 de
652 5688 872 5754 privatis
915 5688 1156 5746 domibus
1187 5688 1464 5757 dicuntur,
1483 5709 1512 5747 a
1543 5710 1658 5769 qui.

1776 4521 1955 4590 vertit,
1987 4523 2243 4573 concludi.
2275 4523 2376 4576 Sed
2407 4534 2454 4574 et
2479 4523 2755 4583 verberari,
2785 4525 2973 4590 inquit,
3010 4540 3062 4574 se
3093 4526 3155 4575 ab
3179 4525 3302 4590 illis,

1771 4604 1830 4659 uc
1861 4589 2108 4652 lqpiduri.
2139 4604 2185 4642 et
2220 4593 2482 4653 concludi,
2509 4595 2761 4655 patienter
2791 4589 3130 4659 acCipiebaut.
3161 4589 3304 4643 Gen-

1771 4657 1891 4710 tiles
1914 4661 2054 4711 enim
2092 4659 2426 4713 Christianos
2475 4663 2610 4711 intra
2641 4665 2827 4712 doiuos
2871 4657 2995 4713 suas
3025 4660 3304 4712 conclude-

1770 4726 1916 4789 baut,
1955 4729 2076 4780 dum
2110 4745 2137 4779 a
2173 4731 2287 4781 foro
2331 4741 2384 4780 et
2429 4731 2630 4781 balneis
2686 4744 2776 4781 eos
2825 4741 3089 4787 arcet-cut,
3126 4743 3220 4778 nec
3251 4727 3300 4776 iu

1770 4798 2037 4865 publicum
2081 4800 2290 4864 prodire
2340 4801 2601 4858 sinerent,
2643 4806 2700 4847 ut
2750 4813 2911 4865 supra
2952 4800 3146 4848 dictum
3199 4805 3303 4846 est.

1771 4864 1907 4916 Infra
1941 4876 2110 4917 tamen
2141 4867 2472 4932 συγκλείσεις
2507 4882 2600 4938 pro
2630 4883 2832 4918 carcere
2862 4878 3158 4938 sumuntur.

1839 4934 1947 5000 (79)
1981 4928 2434 5000 Προεστὴκότων
2463 4928 2570 4999 τῆς
2599 4939 2834 5000 πόλεως
2857 4931 3159 4999 ἐξουσιῶν.
3191 4929 3300 4983 Ma-

1770 4999 2025 5072 gistratus
2072 5007 2420 5066 tuuuicqiales
2462 5006 2731 5072 intelligit,
2765 4999 2852 5070 qui
2898 5005 3055 5055 etiam
3109 4999 3297 5049 duntti-

1771 5070 1865 5122 viri
1899 5070 2225 5122 dicebautur.
2261 5073 2518 5135 Quamvis
2540 5070 2717 5125 autem
2746 5074 2984 5138 ἐξουσίας
3015 5082 3102 5138 set!
3149 5079 3298 5132 pute-

1768 5142 1922 5192 statis
1955 5141 2288 5202 vocabulum,
2332 5144 2442 5194 tere
2470 5143 2536 5194 de
2586 5142 2872 5206 majoribus
2896 5137 3163 5207 jinticihus
3193 5139 3296 5189 dici

1767 5209 1922 5279 solet,
1953 5208 2264 5279 quihalieut
2290 5209 2378 5274 jus
2411 5211 2598 5278 gladii,
2641 5204 2697 5262 ut
2746 5204 2910 5260 docet
2949 5204 3202 5279 Uini-artis
3227 5208 3296 5279 in

1768 5277 1919 5328 titulo
1951 5271 2435 5342 Dejurisdictione,
2463 5289 2515 5329 et
2552 5271 2625 5330 De
2655 5279 2923 5331 verborum
2955 5271 3300 5337 signiﬁcatio-

1765 5345 1936 5405 nibus,
1963 5353 2134 5395 tamen
2159 5347 2223 5397 de
2261 5349 2659 5414 magistratibus
2702 5347 2862 5397 etiam
2896 5342 3302 5414 municipalibus

1767 5422 2075 5478 usurpatur,
2104 5416 2192 5479 qui
2228 5411 2494 5468 habebant
2519 5416 2776 5466 modicam
2803 5411 3202 5469 coercitionem,
3241 5422 3298 5466 ut

1765 5484 2051 5548 loquuntur
2095 5481 2483 5546 jurisconsulti.
2527 5485 2618 5535 Sic
2647 5483 2780 5547 apud
2811 5479 3113 5533 Juvenalen
3148 5494 3160 5529 :
3193 5481 3295 5533 Ca-

1762 5551 2195 5618 biorumqueeue
2214 5563 2456 5618 potestas.
2491 5551 2632 5606 lul't'a
2668 5550 2754 5604 ubi
2781 5550 2846 5604 de
2872 5548 3120 5614 Pothino,
3153 5549 3304 5605 πολι-

1763 5564 1957 5611 otorum
1999 5565 2195 5602 usus:
2214 5564 2456 5618 potestas.
2491 5564 2632 5606 lttlt'a
2668 5564 2799 5604 utne

1763 5618 1907 5680 natat
1937 5564 2171 5687 ἐξουσίαι
2204 5623 2468 5676 dicuntur.
2769 5661 2799 5688 ,λ
