3942 6332
197 336 274 390 421
775 315 778 319 ⁵
1210 332 1555 386 ΗΙΞΤΟΒΙΔΞ
1595 329 2147 385 ECCLESIASTICAE
2187 330 2313 382 LIB.
2354 329 2420 384 V.

3279 325 3384 380 ιη

197 451 446 521 σύλληψινο
470 450 678 521 ἔξαρνοι
715 450 1012 518 γενόμενοι,
1068 450 1429 501 συνεκλείοντο
1455 451 1548 502 καὶ
1577 451 1728 502 αὐτοὶ

1836 457 2134 511 nectutem,
2161 450 2360 517 partim
2388 449 2437 500 vi
2467 445 2636 500 morbi
2659 447 2874 513 penitus
2897 444 3162 498 exhausto
3201 457 3262 496 ac
3298 458 3385 494 sn-

196 544 270 595 καὶ
295 545 536 612 μετεῖχον
561 543 665 594 τῶν
696 542 898 594 δεινῶν.
928 540 1062 592 Οὐδὲ
1091 541 1196 609 γὰρ
1222 543 1278 592 ὲν
1305 530 1585 610 τῷκαιρῷ
1607 542 1729 594 τού-

195 652 258 703 τῳ
283 633 466 702 ὄφελός
486 650 537 684 τι
579 634 754 695 αὐτοῖς
791 631 1125 702 ήὲξάρνησις
1164 633 1384 698 ὲγίνετο’
1415 632 1528 683 ἀλλ’
1556 635 1603 684 oi
1635 633 1730 700 μὲν

197 725 561 795 ὁμολογοῦντες
598 714 749 776 δ’καὶ
783 721 940 794 ἦσαν,
974 724 1336 776 συνεκλείοντο
1373 724 1448 786 ὡς
1474 725 1732 793 Χριστιαο

197 820 278 881 vol,
319 817 580 887 μηδεμιᾶς
612 816 770 883 ἄλλης
799 817 973 878 αἰτίας
999 818 1178 878 αὐτοῖς
1207 816 1622 886 ἐπιφερομένης,
1645 808 1731 866 οὖ-

196 927 263 962 τοι
289 909 348 961 δὲ
389 906 568 960 λοιπὸν
607 907 680 968 ὼς
710 907 1020 977 ἀνδροφόνοι
1055 909 1147 960 καὶ
1178 907 1363 974 μιαροὶ
1395 907 1728 974 κατείχοντο,

195 997 490 1067 διπλότερον
518 995 666 1067 παρὰ
685 997 809 1058 τοὺς
826 997 1042 1060 λοιποὺς
1065 997 1429 1066 κολαζόμενοι.
1467 997 1730 1057 Ἐκείνους

199 1089 280 1157 μὲν
309 1089 415 1158 γὰρ
454 1085 856 1156 ὲπεκούφιζενή
893 1089 1032 1159 χαρὰ
1084 1089 1180 1158 τῆς
1213 1087 1533 1159 μαρτυρίας,
1574 1089 1668 1140 καὶ
1698 1089 1729 1157 ή

196 1178 334 1240 ἐλπὶς
371 1178 476 1232 τῶν
520 1179 954 1248 ἐπηγγελμένων,
1001 1181 1094 1231 καὶ
1132 1181 1164 1249 ἡ
1204 1180 1338 1250 πρὸς
1385 1179 1474 1232 τὸν
1504 1180 1732 1249 Χριστὸν

197 1269 386 1336 ἀγάπη,
423 1269 516 1321 καὶ
549 1269 608 1321 τὺ
648 1269 868 1339 Πνεῦμα
891 1270 952 1321 τὸ
995 1270 1275 1338 πατρικὸν·
1308 1269 1525 1332 τούτους
1567 1270 1623 1322 δὲ
1671 1270 1733 1322 τὸ

196 1359 412 1421 συνειδὸς
458 1360 704 1429 μεγάλως
736 1362 1072 1432 ἐτιμωρεῖτο,
1127 1361 1266 1413 ῶστε
1309 1362 1403 1412 καὶ
1436 1361 1584 1431 παρά
1622 1365 1732 1422 τοῖς

195 1451 381 1514 λοιποῖς
424 1452 590 1504 ἅπασι
636 1440 775 1505 κατὰ
817 1449 914 1515 τ’ἀς
962 1454 1248 1523 παρόδους,
1307 1455 1582 1524 διαδήλους
1635 1455 1733 1517 τὰς

194 1541 328 1609 ὄψεις
361 1542 537 1594 αὐτῶν
566 1539 722 1596 εἶναι.
751 1545 814 1596 Οἱ
857 1543 953 1612 μὲν
985 1543 1092 1614 γὰρ
1139 1544 1309 1614 ἱλαροὶ
1336 1545 1606 1615 προῄεσαν
1636 1529 1730 1613 (6i,

195 1632 336 1702 δόξης
363 1634 456 1684 καὶ
482 1635 696 1703 χάριτος
747 1633 945 1704 πολλῆς
965 1639 1092 1698 ’ταῖς
1113 1636 1294 1704 ὕψεσιν
1332 1636 1508 1695 αὐτῶν
1538 1653 1733 1703 συγκε-

1831 539 2250 593 lutozanimam
2303 553 2430 591 vero
2481 539 2659 591 adhuc
2713 537 2970 598 retinens,
3021 544 3081 587 ut
3133 549 3228 600 per
3263 549 3380 586 eam

1829 631 2076 684 Christus
2124 629 2504 696 triumpharet.
2560 627 2810 680 Pet-latus
2865 626 3085 695 igitura
3125 623 3385 677 militibus

1829 723 1895 774 ad
1955 722 2209 784 tribunal,
2260 721 2711 788 prosequentibus
2746 719 2916 786 ipsum
2973 718 3387 786 magistratibus

1830 812 2088 873 civitatis,
2122 821 2175 864 et
2208 812 2458 863 universa
2507 810 2659 876 plebe
2693 812 2859 860 rariis
2887 823 3008 861 eum
3041 806 3385 860 acclamatio—

1832 900 1989 951 nibus
2057 900 2347 967 impetente
2428 908 2680 965 tauquam
2763 897 2877 964 ipse
2913 896 3160 950 Christus
3213 905 3385 960 esset,
3488 917 3491 920 ·

1798 990 2106 1058 ἐετθείυηι
2156 989 2326 1042 edidit
2374 988 2764 1058 testimonium.
2804 986 3169 1052 Interrogatus
3201 1001 3387 1040 veroa

1830 1081 2056 1147 praiside
2106 1080 2353 1148 quisnam
2404 1087 2545 1130 esset
2601 1071 3044 1131 Christianorum
3099 1079 3259 1142 Deus,
3309 1094 3388 1130 re-

1830 1172 2047 1239 spondit
2070 1185 2084 1222 :
2111 1189 2130 1220 (
2164 1170 2220 1222 Si
2247 1170 2437 1234 dignus
2470 1168 2626 1237 160
2648 1166 2835 1233 fueris,
2857 1184 3172 1237 cognosces.
3212 1188 3231 1218 ι
3259 1168 3388 1220 Post

1823 1262 1947 1318 haec
2001 1261 2206 1327 absque
2256 1259 2362 1323 ullp
2415 1259 2771 1311 humanitatis
2825 1270 3073 1327 respectu
3119 1269 3381 1327 raptatus,

1832 1361 1990 1422 atque
2024 1352 2320 1405 innumeris
2353 1349 2525 1417 plagis
2557 1349 2784 1403 affectus
2815 1359 2915 1415 est,
2944 1367 3066 1403 cum
3098 1351 3132 1402 ii
3167 1351 3382 1417 quidem

1831 1443 1922 1510 qui
1963 1440 2183 1508 propius
2234 1440 2500 1503 astabant,
2553 1438 2799 1491 calcibus
2849 1448 2906 1491 et
2972 1439 3164 1504 pugnis
3234 1438 3382 1490 illum

1833 1529 2218 1585 contumeliose
2245 1537 2582 1596 appeterent,
2609 1543 2706 1581 nec
2725 1528 2886 1578 ullam
2914 1529 3029 1594 ejus
3048 1528 3194 1580 aetati
3228 1542 3377 1581 reve-

1834 1622 2066 1676 rentiam
2122 1621 2477 1684 exhiberent;
2515 1620 2603 1687 qui
2650 1634 2779 1671 vero
2833 1620 3042 1688 longius
3089 1619 3385 1692 distabant,

197 1724 476 1794 κραμένης,
508 1723 642 1777 ὥστε
678 1725 770 1778 καὶ
789 1725 856 1776 τὰ
882 1725 1055 1795 δεσμὰ
1081 1727 1281 1796 κόσμον
1305 1727 1553 1796 εὐπρεπῆ
1582 1744 1731 1797 περι-

1834 1713 2088 1781 quidquid
2138 1712 2205 1764 ad
2263 1727 2477 1764 manum
2526 1720 2666 1774 erat,
2697 1709 2749 1762 in
2798 1710 2970 1777 ipsum
3016 1711 3383 1779 conjicerent:

195 1789 390 1866 κεῖσθαι
414 1789 617 1878 αὐτοῖς,
661 1815 735 1878 ὡς
766 1814 947 1887 νύμφῃ
980 1789 1363 1888 κεκοσμημένη
1397 1789 1453 1868 έν
1493 1789 1731 1888 κροσσω-

1833 1820 2020 1858 omnes
2046 1804 2276 1871 denique
2301 1803 2606 1872 gravissimi
2640 1803 2822 1855 delicti
2859 1818 2919 1857 ac
2951 1802 3143 1869 piaculi
3179 1817 3300 1856 reos
3327 1817 3388 1855 se

194 1908 292 1968 τοῖς
337 1909 554 1974 χρυσοῖς
608 1906 1172 1976 περιπεποικιλμένοις
1233 1907 1330 1975 (7),
1377 1907 1474 1976 τὴν
1507 1907 1732 1978 εὐωδίαν

192 1996 429 2058 ὀδωδότες
458 1996 571 2066 ἅμα
599 1998 697 2068 τὴν
729 1996 961 2066 Χριστοῦ
984 1997 1081 2064 (8),
1113 1995 1251 2048 ὥστε
1279 1998 1452 2059 ἐνίους
1471 1997 1616 2062 δόξαι
1640 1999 1733 2051 καὶ

196 2085 338 2156 μύρῳ
366 2087 609 2156 κοσμικῷ
635 2088 915 2157 κεχρίσθαι
947 2087 1158 2148 αὐτούς·
1189 2088 1237 2139 ot
1255 2088 1330 2150 δὲ,
1355 2091 1615 2157 κατηφεῖς
1642 2089 1732 2141 καὶ

192 2180 418 2231 ταπεινοὶ
445 2181 538 2232 καὶ
573 2178 844 2239 δυσειδεῖς,
872 2179 964 2230 καὶ
993 2178 1169 2244 πάσης
1194 2177 1574 2246 ἀσχημοσύνης
1606 2178 1728 2230 ἀνάρ

197 2268 352 2332 πλεοι,
408 2270 627 2339 προσέτι
663 2269 720 2321 δὲ
759 2268 860 2319 ὑπὸ
891 2268 997 2319 τῶν
1035 2268 1200 2319 ὲθνῶν
1227 2268 1599 2336 ὀνειδιζόμενοι
1658 2269 1732 2328 ὡς

191 2358 421 2423 ἀγεννεῖς
442 2358 536 2409 καὶ
556 2357 822 2427 ἄνανδροι,
853 2356 1187 2426 ἀνδροφόνων
1207 2357 1302 2424 μὲν
1324 2356 1488 2425 ἕγκλη
1497 2374 1571 2425 μα
1587 2355 1734 2424 ἔχον-

191 2459 290 2504 τες,
328 2444 724 2505 ἀπολωλεκότες
763 2444 819 2495 δὲ
848 2443 944 2513 τὴν
969 2445 1226 2511 πάντιμον
1259 2444 1348 2494 καὶ
1387 2443 1591 2508 ἔνδοξον
1639 2444 1732 2495 καὶ

191 2530 439 2594 ζωοποιὸν
470 2534 853 2604 προσηγορίαν.
904 2535 1085 2585 Ταῦτα
1108 2535 1162 2584 δὲ
1190 2536 1237 2584 el.
1263 2534 1438 2586 λοιποὶ
1470 2533 1735 2602 θεωροῦν-

189 2637 291 2684 τες,
316 2623 728 2693 ὲστηρίχθησαν,
761 2623 854 2674 καὶ⁵
893 2625 941 2674 οἰ
991 2622 1480 2692 συλλαμῦανόμενοι
1523 2623 1737 2676 ἀδιστάο

190 2724 321 2772 κτως
359 2709 682 2779 ὡμολόγουν,
717 2712 848 2780 μηδὲ
868 2710 1071 2763 ἔννοιαν
1090 2712 1295 2780 ἔχοντες
1322 2711 1620 2764 διαϐολικοῦ
1653 2712 1734 2764 λο-

189 2797 400 2867 γισμοῦ.
431 2789 457 2850 ι¹
477 2801 696 2863 Τούτοις
723 2801 923 2870 μεταξύ
950 2819 1070 2854 τινα
1087 2804 1417 2865 ὲπειπόντες,
1446 2799 1598 2865 αὖθις
1619 2807 1736 2855 ὲπιφ

190 2891 426 2959 φέρουσι·
467 2910 484 2942 t
527 2892 677 2944 Μετά
706 2891 874 2943 ταῦτα
901 2893 965 2961 δὴ
995 2893 1176 2946 λοιπὸν
1220 2897 1298 2954 εἰς
1331 2895 1438 2944 πᾶν
1463 2890 1598 2956 εἶδος
1624 2894 1737 2962 διῃ-

192 2988 327 3053 ρεῖτο
345 2984 414 3036 τὰ
452 2983 721 3054 μαρτύρια
742 2986 840 3054 τῆς
874 2971 1158 3055 ἐξόδου’(9)
1198 2986 1391 3039 αὐτῶν.
1443 2987 1536 3038 Ἐκ
1557 2985 1738 3052 διαφό-

190 3091 293 3142 ρων
313 3075 421 3144 γάρ
440 3077 740 3146 χρωμάτων
773 3079 864 3129 καὶ
895 3081 1158 3130 παντοίων
1185 3078 1358 3130 ἀνθῶν
1390 3078 1484 3130 ἕνα
1514 3077 1736 3140 πλέξαν-

184 3181 269 3228 τες
302 3167 582 3235 στέφανον,
618 3171 988 3238 προσήνεγκαν
1033 3169 1110 3237 τῷ
1141 3170 1326 3238 Πατρί.
1383 3170 1575 3239 Ἐχρῆν
1607 3169 1734 3236 γοῦν

184 3258 303 3318 τοὺς
339 3259 612 3322 γενναίους
636 3258 891 3327 ἀθλητὰς,
923 3260 1159 3312 ποικίλον
1183 3260 1574 3327 ὑπομείναντας
1597 3260 1734 3325 ἀγῶ-

183 3361 246 3397 να
278 3347 373 3395 καὶ
428 3347 670 3414 μεγάλως
712 3349 1057 3412 νικήσαντας,
1113 3349 1400 3400 ἀπολαϐεῖν
1431 3349 1520 3400 τὸν
1561 3351 1731 3418 μέγαν

182 3435 274 3503 τῆς
299 3434 604 3504 ἀφθαρσίας
641 3437 920 3504 στέφανον.
951 3439 1008 3488 '0
1040 3440 1137 3506 μὲν
1166 3436 1256 3489 οὖν
1287 3440 1566 3509 Μάτουρος
1589 3441 1680 3491 καὶ
1705 3443 1733 3491 ὁ

183 3525 420 3591 Σάγκτος
450 3526 592 3594 καὶὴ
626 3526 882 3578 Βλανδίνα
902 3528 996 3578 καὶ
1021 3529 1273 3587 Ἄτταλος
1306 3530 1498 3599 ἦγοντο
1523 3530 1613 3581 ἐπὶ
1664 3529 1732 3580 τά

182 3613 338 3683 θηρία
386 3615 466 3674 είς
506 3615 566 3665 τὸ
617 3614 870 3683 δημόσιον
912 3617 1042 3685 (10),
1091 3619 1183 3670 καὶ
1201 3621 1279 3678 είς
1304 3617 1363 3668 τὸ
1409 3619 1584 3669 κοινὸν
1624 3618 1732 3669 τῶν

181 3704 346 3757 ἐθνῶν
397 3704 495 3772 τῆς
541 3705 928 3777 ἀπανθρωπίας
974 3708 1171 3774 θέαμα,
1216 3708 1462 3776 ἐπίτηδες
1497 3708 1595 3774 τῆς
1625 3708 1734 3759 τῶν

181 3793 553 3864 Θηριομαχιῶν
601 3796 810 3866 ἡμέρας
858 3797 944 3848 διὰ
1001 3799 1126 3857 τοὺς
1177 3793 1473 3864 ἡμετέρους
1528 3796 1735 3863 διδομέ-

177 3898 268 3952 νης
299 3884 439 3952 (Η).
493 3886 599 3938 Καὶ
626 3886 654 3935 ὁ
684 3885 780 3952 μὲν
798 3885 1074 3954 Μὰτουρος
1107 3886 1200 3937 καὶ
1237 3887 1264 3934 ὁ
1299 3869 1536 3952 Σάγκτος
1581 3881 1734 3946 αὖθις

241 4036 317 4107 (6)
353 4035 512 4106 Vulg.
547 4037 914 4105 προσῄεσαν.
960 4036 1015 4089 In
1055 4038 1241 4089 codice
1281 4037 1415 4089 Mat.
1469 4045 1521 4088 et
1562 4035 1722 4100 Fuk.,

178 4105 341 4158 Savil.
375 4116 434 4157 et
463 4105 730 4172 Medicam,
765 4109 956 4176 legitur
984 4107 1274 4177 προῄεσαν,
1303 4123 1460 4172 quam
1495 4107 1726 4174 scriptu-

178 4191 284 4227 ram
340 4184 564 4229 secutns
610 4177 820 4228 videtur
866 4177 1409 4243 Christophnrsnnus.
1475 4177 1584 4227 lloc
1643 4185 1724 4228 est

176 4245 313 4311 quod
363 4255 495 4296 ante
524 4245 680 4306 dixit,
730 4246 868 4298 κατὰ
906 4245 1002 4307 τὰς
1038 4247 1318 4314 παρόδους,
1357 4249 1479 4298 dum
1518 4246 1722 4299 scilicet

175 4329 202 4367 e
234 4328 472 4366 carcere
497 4315 792 4380 procedunt
825 4331 995 4382 usque
1023 4318 1087 4366 ad
1125 4316 1371 4366 tribunal.

242 4382 318 4450 (7)
514 4385 876 4466 χροσξσωτοῑς
929 4385 1173 4466 χρυσοῖς
1222 4384 1726 4466 περιπεποικιλμέτ
1761 4413 1800 4466 υ

171 4467 317 4515 νοις.
357 4452 572 4521 Alludit
600 4454 662 4502 ad
703 4455 875 4505 locum
922 4457 1009 4521 qui
1042 4462 1196 4505 estin
1251 4460 1451 4518 psalmo
1505 4472 1624 4506 xLiv
1675 4464 1727 4506 et

174 4521 331 4592 paulo
362 4520 528 4592 aliter
550 4522 705 4572 hodie
733 4520 946 4587 legitur,
971 4523 1484 4592 περιπεποικιλμένη
1502 4525 1724 4586 scilicet,

174 4588 497 4659 sed_tnelius
520 4599 600 4659 est
631 4588 1202 4659 περιπεποικιλμένοσς
1261 4588 1371 4643 Mos
1423 4588 1562 4644 enim
1592 4604 1725 4655 erat,

177 4657 497 4727 tuttic:t_t'_um
544 4657 780 4710 fimbrias
828 4657 1121 4727 variegare,
1172 4671 1228 4710 ut
1284 4671 1509 4713 testatur
1547 4662 1723 4713 Amm.

178 4723 530 4795 Marcellinus
561 4727 611 4776 in
645 4727 735 4778 lib.
769 4744 877 4789 xlv,
907 4723 1255 4795 ut'longt'ores
1283 4729 1501 4793 ﬁmbriae
1542 4733 1730 4781 tunica:

174 4793 453 4867 perspicue
505 4796 742 4867 luceant,
802 4803 1048 4849 varietate
1092 4793 1330 4848 liciorum
1385 4800 1616 4866 eﬂigiatw
1677 4805 1728 4851 in

174 4862 368 4933 species
425 4862 736 4933 animalium
787 4868 1145 4933 multiformes.
1225 4862 1486 4918 Certentn
1544 4870 1727 4922 codice

369 4937 427 4977 et
484 4926 614 4978 Μαι.
666 4926 1418 5003 εςτίὺίιυτ’τεετωικιλμένοις,
1454 4954 1549 4988 nec
1579 4940 1730 4990 altter

218 5012 306 5047 U'.

218 5012 306 5047 UH.

353 5061 636 5139 ξὺωριαν
661 5066 1004 5139 ὀδωδότες...
1033 5073 1138 5124 τοῦ
1155 5071 1422 5138 Χριστοῦ.
1443 5075 1642 5128 Alludit
1666 5077 1730 5126 ad

176 5129 335 5187 verba
370 5129 533 5182 Pauli
568 5137 810 5197 apostoli,
850 5129 1040 5191 (Ili-riui
1079 5129 1237 5193 banti:
1267 5147 1396 5194 odor
1427 5161 1622 5198 sumus.

243 5203 318 5273 (9)
351 5199 437 5253 Τὰ
474 5202 763 5282 μαρτύρια
805 5208 913 5271 τῆς
945 5210 1176 5270 ἐξόδου.
1213 5211 1380 5263 Verba
1431 5215 1518 5264 hic
1549 5216 1731 5265 viden-

175 5285 255 5343 tur
309 5283 444 5343 esse
506 5277 843 5343 transposita,
903 5292 1019 5342 quae
1079 5282 1154 5330 sic
1204 5293 1476 5340 construo,
1519 5285 1597 5343 εις
1627 5283 1730 5332 πᾶν

172 5339 305 5417 εἶδος
321 5413 326 5417 _
345 5337 711 5417 Btwito‘rﬁc
734 5340 907 5417 ἐξόδου
921 5337 1298 5417 ’τᾷ-μαρτύρια
1329 5337 1520 5400 αὐτῶν.

240 5413 356 5480 (10)
551 5403 615 5482 τρ
643 5403 946 5482 δημόᾳιφτ.
988 5403 1122 5465 Hoc.
1149 5403 1357 5468 ιιόιηὶηο
1396 5419 1730 5482 amphithea-

177 5478 312 5552 trum
349 5479 577 5552 videtur
605 5478 845 5542 intelligi.
881 5480 1060 5552 Neque
1084 5488 1224 5534 enim
1257 5487 1438 5536 referri
1470 5478 1640 5551 potest
1665 5487 1728 5537 ad

175 5551 595 5624 agapa,_pritiiq
620 5551 738 5607 quia
764 5551 1028 5624 repetitur
1051 5557 1353 5618 przpositio
1381 5557 1454 5612 εἰς
1482 5556 1537 5603 τὸ
1562 5555 1730 5620 δημό⁴

177 5613 284 5672 σεον
311 5613 528 5687 καὶ-εὶς
552 5613 619 5687 τὲ
637 5617 826 5687 ἵξοινόν,
844 5613 1063 5687 Vctc.7|ta:
1081 5613 1223 5671 enim
1255 5625 1443 5687 legitur
1470 5624 1517 5670 iti
1545 5613 1729 5675 codice

177 5690 334 5752 κω..
373 5684 551 5743 ιω..
582 5680 713 5736 Fuk.
752 5692 805 5736 et
838 5685 999 5738 Savil.
1031 5686 1182 5749 Quod
1209 5692 1251 5743 si
1282 5680 1533 5758 δῆμόσιον
1561 5692 1727 5744 reler-

1833 1895 2224 1956 existimarent,
2259 1893 2363 1946 nisi
2412 1908 2508 1960 pro
2543 1908 2638 1946 sua
2687 1894 2915 1961 quisque
2949 1903 3101 1960 parte
3138 1892 3186 1944 ei
3236 1903 3388 1958 pelu-

1834 1983 2012 2036 lanter
2044 1983 2305 2035 insultare
2345 1983 2703 2036 studuissent.
2747 1982 2954 2051 Quippe
2987 1983 3088 2036 boc
3121 1983 3278 2035 modo
3306 1982 3381 2033 in-
3429 2001 3442 2012 ι

1828 2073 2030 2140 juriam
2067 2074 2288 2126 deorum
2330 2087 2552 2124 suorum
2596 2073 2802 2125 ulturos
2851 2087 2911 2125 se
2956 2072 3382 2126 arbitrabantur.

1833 2163 2036 2230 Exinde
2069 2163 2156 2214 vix
2204 2164 2380 2214 adhuc
2427 2164 2642 2226 spirans
2683 2163 2734 2216 in
2790 2177 3065 2228 carcerem
3113 2162 3387 2231 proiectus

1833 2262 1936 2314 est,
1987 2251 2316 2316 tandemque
2363 2260 2482 2316 post
2529 2250 2747 2302 biduum
2799 2253 3035 2303 animam
3087 2253 3379 2306 exhalavit.

1833 2343 1929 2398 Hic
1959 2358 2085 2397 vero
2109 2344 2400 2411 singularis
2425 2345 2666 2412 quadam
2699 2345 2791 2397 Dei
2824 2345 3175 2412 dispensatio,
3201 2354 3255 2398 et
3282 2346 3382 2398 im-

1834 2451 2016 2490 mensa
2072 2434 2196 2489 Jesu
2253 2436 2457 2512 Christi
2511 2436 2878 2490 misericordia
2929 2438 3219 2504 apparuit:
3257 2452 3384 2491 raro

1832 2528 2044 2596 quidem
2100 2529 2241 2580 inter
2284 2528 2476 2580 fratres
2533 2528 2804 2594 exemplo,
2835 2530 2927 2580 sed
2981 2544 3011 2580 a
3064 2528 3385 2583 dexteritate

1835 2621 2152 2686 ingenioque
2195 2617 2322 2673 Jesu
2359 2620 2554 2674 Christi
2590 2619 2811 2672 minime
2839 2620 3038 2673 alieno.
3071 2619 3273 2674 Omnes
3297 2611 3385 2674 'si-

1833 2711 2050 2778 quidem
2082 2711 2171 2777 qui
2213 2728 2241 2763 a
2291 2713 2462 2780 prima
2494 2713 2673 2765 statim
2704 2711 3191 2779 comprehensione
3226 2713 3384 2765 fidem

1835 2798 2180 2878 negaverant,
2244 2807 2344 2872 ipsi
2408 2822 2624 2874 quoque
2686 2807 2737 2858 in
2794 2821 3067 2860 carcerem
3131 2808 3387 2874 coniecti,

1835 2897 2020 2949 eadem
2069 2909 2187 2963 quae
2246 2897 2427 2948 caeteri
2475 2907 2738 2965 martyres
2790 2897 3151 2963 perferebant.
3199 2898 3384 2966 Neque

1835 2988 1978 3040 enim
2016 2985 2122 3043 illis
2148 2987 2439 3054 quidquam
2474 2995 2602 3040 tunc
2633 2987 2832 3054 profuit
2857 2987 2979 3042 fidei
3011 3004 3122 3041 sua:
3149 2991 3384 3058 negatio.

1760 3119 1802 3172 ϐ
1838 3079 2034 3132 Verum
2069 3078 2140 3131 iili
2173 3080 2388 3145 quidem
2437 3081 2525 3146 qui
2561 3094 2684 3132 sese
2712 3080 2762 3130 id
2796 3081 2939 3146 quod
2985 3094 3173 3132 revera
3205 3089 3385 3139 erant,

1839 3185 1958 3222 esse
2002 3169 2414 3237 profitebantur,
2470 3177 2727 3235 tanquam
2777 3169 3071 3220 Christiani
3135 3169 3389 3236 conjicie-

1840 3260 2036 3310 bantur
2067 3258 2119 3310 in
2143 3258 2394 3321 vincula,_
2415 3256 2557 3308 nullo
2589 3257 2694 3307 alio
2715 3255 2946 3307 crimine
2981 3254 3112 3320 ipsis
3147 3255 3382 3319 objecta.

1840 3347 1901 3400 lli
1937 3363 2064 3401 vero
2097 3348 2321 3414 perinde
2369 3362 2429 3398 ac
2473 3347 2752 3398 homicida:
2777 3355 2832 3397 et
2863 3344 3109 3397 scelerati
3140 3346 3386 3397 homines

1838 3437 2096 3504 deinceps
2121 3436 2526 3497 detinebantur,
2561 3434 2721 3499 duplo
2751 3435 2966 3501 gravius
2999 3446 3159 3499 quam
3191 3431 3382 3498 reliqui

1837 3528 2158 3595 supplicium
2188 3527 2544 3595 perferentes.
2576 3525 2698 3577 ΙΙΙος
2729 3525 2874 3577 eui
2899 3525 3152 3590 gaudium
3181 3532 3384 3589 marty-

1837 3617 1925 3676 rii,
1955 3631 2184 3684 spesque
2205 3611 2477 3682 promiSsa:
2521 3613 2891 3672 beatitudinis,
2915 3624 2969 3664 et
2993 3612 3226 3664 charitas
3255 3625 3382 3676 erga

1835 3705 2132 3770 Christum,
2165 3715 2218 3756 et
2275 3705 2364 3757 Dei
2409 3703 2587 3756 Patris
2629 3704 2865 3770 Spiritus
2920 3703 3216 3754 recreabat.
3270 3701 3382 3753 llos

1836 3810 1963 3846 vero
2008 3795 2242 3860 graviter
2293 3795 2576 3859 torquebat
2624 3792 2998 3844 conscientia:
3031 3791 3102 3841 ita
3151 3799 3211 3841 ut
3251 3791 3378 3843 dum

1836 3885 2275 3944 traducerentur,
2308 3884 2424 3950 ipso
2450 3882 2593 3933 vultu
2625 3893 2786 3948 atque
2820 3891 3037 3949 aspectu
3074 3880 3234 3936 facile
3266 3881 3376 3936 dis-

1832 4045 1978 4087 retur
2006 4035 2068 4086 ad
2101 4051 2284 4087 vocem
2310 4034 2506 4102 Θέαμα,
2535 4035 2794 4086 dixissent
2817 4035 2896 4095 εἰς
2920 4035 2981 4085 τὸ
3006 4034 3260 4103 δημόσιον
3283 4037 3377 4090 καὶ

1831 4105 2024 4165 κοινόν,
2061 4114 2164 4156 etc.
2202 4104 2366 4157 Porro
2395 4107 2667 4170 eleganter
2692 4104 3137 4169 amphitheatrale
3163 4121 3373 4168 munus,

1831 4176 1880 4226 in
1913 4176 2014 4226 huc
2044 4173 2268 4238 epistola
2313 4184 2536 4223 vocatur
2578 4174 2852 4238 publicum
2904 4174 3182 4241 gentilium
3225 4177 3377 4226 inhuo

1831 4243 2102 4295 manitatis
2129 4243 2508 4306 spectaculum.
2538 4243 2590 4293 ln
2621 4258 2684 4295 eo
2717 4242 2979 4307 siquidem
3011 4243 3126 4294 loco
3151 4245 3380 4310 gentiles

1831 4328 1982 4364 suam
2021 4321 2128 4364 tum
2165 4314 2216 4362 in
2269 4312 2627 4374 Christianos,
2661 4322 2771 4362 tum
2817 4313 2870 4362 in
2918 4312 3152 4378 reliquos
3183 4315 3376 4366 bestia-

1833 4385 1958 4441 rios,
1996 4381 2277 4433 belluinam
2305 4382 2565 4433 stevitiatn
2597 4381 2810 4448 publice
2841 4382 3190 4450 SpeCtandatn
3219 4384 3377 4435 exhi-

1831 4452 1961 4502 beha
1971 4458 2046 4504 nt.
2845 4499 2851 4505 .

1904 4520 1949 4588 (ί
1967 4523 2011 4582 ί)
2038 4519 2157 4572 Τῶν
2173 4515 2561 4587 θηριοιὶαχιῶν
2572 4518 3194 4587 ἢμέρας...διόομένης.
3211 4521 3374 4587 Hujus

1833 4588 1933 4640 loci
1962 4605 2180 4642 sensum
2219 4607 2319 4642 nou
2363 4592 2590 4641 assecuti
2629 4600 2754 4641 sunt
2785 4593 3120 4654 interpretes.
3175 4589 3376 4641 Sensus

1833 4671 2013 4711 autem
2039 4671 2140 4722 est,
2161 4659 2434 4726 praesident
2461 4674 2554 4710 seu
2594 4661 2826 4726 legatum
2852 4659 3141 4723 provincia:
3165 4658 3374 4723 Lugdu-

1836 4731 2041 4787 nensis,
2071 4730 2428 4794 spectaculum
2460 4729 2693 4779 ferarum
2721 4739 2872 4778 extra
2912 4728 3151 4777 ordinem
3181 4728 3370 4790 populo

1836 4798 2142 4863 prmbuisse,
2175 4799 2461 4848 constituta
2495 4799 2558 4848 ad
2588 4798 2639 4848 id
2662 4797 2767 4855 die,
2798 4807 3012 4862 propter
3039 4795 3370 4846 Christianus
3427 4801 3430 4804 '

1835 4882 1969 4932 quos
1997 4868 2061 4918 ad
2089 4866 2286 4918 bestias
2332 4868 2697 4916 damnaverat.
2731 4865 2892 4916 Erant
2924 4866 3063 4916 enim
3096 4865 3231 4927 apud
3265 4863 3368 4932 lto-

1837 4929 2023 4985 manos
2051 4934 2302 4985 ordinarii
2334 4949 2395 4984 ac
2422 4934 2690 4986 solemnes
2721 4949 2998 4984 munierunt
3029 4933 3161 4989 dies,
3197 4929 3288 4994 qui
3315 4931 3366 4980 in

1838 5018 2070 5054 mensem
2102 5005 2443 5054 Decembrem
2477 5004 2807 5064 incidebant,
2847 5013 2904 5052 ut
2932 5013 3012 5052 eSt
3043 5001 3091 5048 in
3121 4998 3379 5066 calenda-_

1838 5074 1916 5122 riu
1940 5070 2258 5123 Heruvartii.
2293 5070 2450 5120 Extra
2479 5072 2573 5122 hos
2625 5073 2740 5124 dies
2771 5089 2872 5124 non
2902 5070 3090 5120 licebat
3125 5081 3374 5115 munera-

1840 5142 1932 5192 riis
1961 5155 2021 5190 ac
2051 5139 2345 5190 duumviris
2369 5141 2565 5204 quibus
2593 5141 2889 5206 hnjusmodi
2917 5138 3205 5206 editionum
3233 5149 3368 5206 enus

1836 5219 1950 5260 erat
1999 5210 2325 5270 impositum,
2382 5202 2683 5274 Spectacula
2713 5208 2949 5274 ferarum?
2992 5202 3184 5268 populo
3212 5202 3365 5274 exhi-

1837 5279 1979 5337 bere,
2034 5288 2089 5326 ut
2147 5277 2298 5327 docet
2345 5273 2568 5339 epistula
2627 5278 2876 5327 Ecclesia:
2933 5273 3268 5338 Smyrncnsis
3303 5274 3368 5323 de

1837 5342 2423 5413 martyrio‘l’olycarpi,
2473 5362 2591 5412 qua:
2638 5340 3084 5413 superiusirclata
3115 5347 3196 5413 est
3226 5340 3276 5389 in
3305 5340 3367 5390 li-

1839 5418 1933 5465 bro
1963 5409 2033 5464 l'v.
2073 5409 2263 5462 Verum
2307 5409 2536 5477 majores
2564 5409 2772 5481 judices
2799 5412 2891 5481 qui
2922 5410 3016 5481 jus
3036 5409 3202 5481 gladii
3225 5420 3276 5481 et
3302 5413 3368 5459 ad

1839 5484 2032 5532 bestias
2071 5482 2350 5532 damnandi
2387 5475 2668 5543 habebant,
2725 5477 3018 5542 huiusmodi
3077 5475 3370 5530 meridiana

1837 5549 2157 5614 spectacula,
2204 5553 2413 5614 quoties
2449 5554 2575 5615 ipsis
2607 5550 2811 5599 libitum
2852 5557 2988 5606 erat,
3021 5547 3368 5606 exhibebant,

1837 5629 1892 5668 ut
1928 5633 2044 5669 cum
2077 5620 2252 5682 populi
2295 5621 2562 5684 voluptate
2605 5619 2786 5668 noxios
2823 5629 2854 5666 e
2900 5615 3070 5684 medio
3099 5615 3368 5665 tollerent.

1838 5687 1994 5754 Cujus
2025 5702 2097 5738 rei
2146 5683 2441 5754 exemplum
2475 5691 2674 5740 illustte
2701 5697 2780 5737 est
2817 5686 2866 5736 in
2909 5683 3048 5733 Actis
3079 5694 3365 5751 martyrum
