3956 6352
178 213 271 269 4&9

1180 216 1521 274 lliSTORizE
1560 217 2112 277 ECCLESIASTICA‘I
2153 220 2288 277 LIB.
2330 222 2397 280 Υ.

3280 231 3385 286 430

177 330 296 401 φέρε
324 333 417 383 καὶ
448 330 545 394 τὰς
570 328 733 383 αὖτοῦ
766 324 1130 402 παραθώμεθα
1152 331 1324 399 λέξεις
1345 374 1360 396 ,
1388 333 1482 387 καὶ
1503 332 1693 405 πρώτα

1828 337 2010 398 verba,
2058 336 2103 389 si
2137 337 2338 406 placet,
2372 354 2720 408 apponamus,
2765 356 2828 396 ac
2876 341 3105 411 primum
3163 346 3378 414 quidem

176 441 231 492 τε
257 423 353 485 τὰς
529 421 635 475 τῶν
678 422 835 493 ἱερῶν
871 422 1231 491 Εὑαγγελίων,
1262 424 1433 487 οὕτως
1462 425 1719 494 ἐχούσας·

180 538 197 569 ι
216 519 268 571 Ὀ
295 517 388 586 μὲν
411 516 474 587 δὴ
496 513 762 574 Ματθαίος
784 516 842 567 ἐν
864 518 975 577 τοῖς
1010 514 1278 585 Ἑϐραίοις
1310 518 1374 585 τῇ
1412 515 1516 587 ἰδίᾳ
1543 516 1724 569 αὐτῶν

172 609 420 678 διαλέκτῳ
477 609 569 659 καὶ
637 605 847 677 γραφὴν
895 598 1180 676 ἐξήνεγκεν
1234 606 1596 673 Εὐαγγελίου,
1628 607 1721 660 τοῦ

173 701 361 769 Πέτρου
406 700 498 752 καὶ
540 697 630 750 τοῦ
663 698 872 751 Παύλου
918 699 973 749 ὲν
1011 697 1198 769 Ῥώμῃ
1222 697 1719 770 εὐαγγελιζομένων

171 794 253 845 καὶ
281 791 665 859 θεμελιούντων
690 792 788 859 τὴν
824 788 1162 859 Ἐκκλησίαν.
1194 789 1342 842 Μετὰ
1368 789 1423 841 δὲ
1464 790 1563 861 τὴν
1595 789 1719 843 τού-

168 900 263 936 των
307 882 476 946 ἔξοδον
510 880 643 951 (60),
697 880 916 951 Μάρκος
964 881 993 931 ὁ
1043 879 1288 950 μαθητὴς
1330 880 1422 932 καὶ
1456 881 1721 952 ἑρμηνευ-

166 975 252 1041 τὴς
301 972 522 1042 Πέτρου,
579 972 669 1025 καὶ
712 971 872 1034 αὐτὸς
912 969 982 1023 τὰ
1040 970 1144 1023 ὑπὸ
1186 971 1391 1041 Πέτρου
1453 973 1730 1050 κηρυσσόο-

170 1082 311 1134 μενα,
356 1063 645 1132 ἐγγράφως
699 1065 827 1132 ἡμῖν
854 1062 1235 1133 παραδέδωκε,
1286 1064 1377 1115 καὶ
1403 1064 1614 1127 Λουκᾶς
1661 1064 1717 1117 δὲ

166 1160 191 1208 ὁ
226 1156 506 1219 ductile-400;
557 1154 786 1217 Παύλου,
833 1155 893 1208 τὸ
939 1156 1027 1207 ὑπ’
1060 1154 1265 1208 ἐκείνου
1318 1157 1717 1226 κηρυσσόμενον

169 1249 495 1317 εὗαγγὲλιον,
539 1251 595 1302 ὲν
634 1248 819 1317 βιόλίῳ
860 1247 1134 1300 κατέθετο.
1185 1248 1415 1300 Ἔπειτα
1464 1247 1717 1317 Ἰωάννης

167 1345 191 1393 ὁ
231 1340 463 1412 μαθητὴς
512 1341 605 1394 τοῦ
647 1341 881 1412 Κυρίου,
926 1342 954 1393 ὁ
1004 1341 1096 1392 καὶ
1125 1340 1216 1392 ἐπὶ
1263 1340 1324 1393 τὸ
1380 1340 1573 1411 στῆθος
1621 1341 1717 1393 αὐ·

168 1432 248 1484 τοῦ
283 1431 582 1493 ἀναπεσὼν,
610 1434 702 1485 καὶ
732 1430 892 1493 αὐτὸς
934 1430 1159 1505 ἐξέδωκε
1186 1430 1246 1483 τὸ
1275 1431 1623 1500 Εὑαγγέλιον,
1652 1433 1713 1483 ἐν

178 1519 368 1591 Ἐρέσῳ
401 1520 501 1590 τῆς
543 1521 725 1585 Ἀσίας
766 1521 1070 1592 διατρίϐων.
1108 1542 1127 1572 ι
1183 1521 1365 1575 Ταῦτα
1396 1522 1496 1592 μὲν
1526 1518 1618 1575 οὖν
1657 1524 1713 1575 ἐν

166 1615 314 1685 τρίτῳ
341 1616 437 1685 τῆς
462 1615 756 1687 εἰρημένης
783 1614 1084 1678 ὑποθέσεως
1113 1614 1188 1684 τῷ
1221 1614 1613 1685 προδηλωθέντι
1638 1612 1711 1666 εἷ-

1824 441 1944 495 qum
1985 428 2052 482 de
2087 427 2256 481 sacris
2295 427 2595 500 Evangeliis
2630 435 2817 487 scribit
2848 434 2901 487 in
2936 434 3080 490 hunc
3114 439 3328 493 modum
3360 457 3374 493 :

1828 534 1846 565 ι
1883 515 2163 572 Μοιιὴωυε
2186 558 2202 584 ,
2238 520 2445 587 inquit,
2486 524 2623 592 apud
2656 522 2908 579 Hebraaos
2943 528 3156 596 propria
3189 543 3375 584 eorum

1823 608 1998 676 lingua
2034 613 2402 680 conscriptum
2436 612 2781 680 Evangelium
2812 617 3010 682 edidit,
3036 619 3159 672 dum
3189 618 3378 676 Petrus

1823 713 1884 752 ac
1911 698 2104 755 Paulus
2122 701 2309 756 Romae
2326 704 2595 758 Christum
2628 707 3001 775 praedicarent,
3032 716 3088 763 et
3118 709 3375 766 Ecclesia:

1829 789 2174 846 fundamenta
2213 793 2482 859 jacerent.
2520 794 2650 851 Post
2697 796 2888 851 horum
2930 786 3058 852 véro
3099 801 3376 855 interitum

1822 879 2033 935 Marcus
2092 884 2390 952 discipulus
2440 897 2604 955 atque
2648 886 2918 955 interpres
2966 888 3148 957 Petri,
3191 906 3309 960 quae
3343 907 3374 946 a

1820 969 1980 1024 Petro
2006 974 2299 1041 praedicata
2341 976 2590 1043 fuerant,
2622 983 2918 1050 perscripta
2949 981 3105 1036 nobis
3134 983 3372 1037 tradidit.

1821 1063 1989 1117 Lucas
2016 1079 2251 1134 quoque,
2296 1078 2533 1122 sectator
2564 1069 2748 1136 Pauli,
2777 1071 3121 1144 Evangelium
3154 1089 3181 1126 a
3213 1071 3376 1127 Paulo

1819 1160 2163 1222 praedicatum
2191 1160 2383 1215 litteris
2408 1164 2700 1219 mandavit.
2729 1165 2963 1222 Joannes
2987 1168 3239 1236 denique,
3270 1167 3374 1221 Do-

1822 1248 1951 1301 mini
1978 1248 2270 1318 discipulus
2292 1290 2306 1312 ,
2338 1253 2429 1318 qui
2458 1253 2619 1305 etiam
2647 1254 2700 1307 in
2727 1256 2845 1324 ejus
2874 1257 2995 1311 sinu
3026 1257 3368 1320 recubuerat,

1821 1338 2160 1407 Evangelium
2177 1340 2360 1404 edidit,
2393 1357 2512 1395 cum
2554 1341 2747 1411 Ephesi
2774 1346 2826 1397 in
2856 1345 2980 1400 Asia
3013 1356 3367 1400 moraretur.»

1789 1427 1939 1481 'llmc
1972 1428 2060 1482 ille
2106 1429 2157 1481 in
2210 1430 2368 1485 tertio
2422 1433 2711 1499 supradicti
2758 1436 2941 1503 operis
2985 1435 3162 1501 libro,
3217 1437 3371 1507 cujus

1817 1528 1973 1572 antea
2020 1521 2345 1575 mentionem
2394 1520 2639 1577 fecimus.
2701 1525 2757 1578 In
2815 1527 3006 1594 quinto
3066 1542 3237 1590 vero,
3303 1532 3370 1582 de

1820 1611 2164 1665 lievelatione
2212 1612 2435 1667 Joannis
2472 1624 2527 1669 et
2572 1617 2636 1669 de
2683 1619 3083 1686 computatione
3134 1622 3370 1677 nominis

170 1683 335 1776 ριξται.
376 1683 459 1759 Ἑν
696 1683 926 1776 ττέμπτῳ
967 1683 1217 1777 περὶτῆς
1260 1683 1503 1758 Ἰωάννου
1549 1707 1698 1759 Ἀπο-

1815 1702 2128 1757 Antichristi
2171 1704 2251 1758 sic
2292 1703 2514 1761 disserit
2552 1722 2565 1760 ;
2621 1727 2640 1758 ι
2691 1683 2822 1761 Cum
2852 1710 3015 1777 igitur
3057 1714 3170 1765 haec
3198 1714 3267 1766 ita
3308 1730 3369 1767 se

168 1796 452 1865 καλύψεως,
496 1797 704 1867 καὶτῆς
731 1795 906 1867 ψήφου
935 1796 1032 1865 τῆς
1050 1794 1142 1847 τοῦ
1158 1796 1517 1869 Ἀντιχρίστου
1544 1814 1706 1867 προσ-

164 1888 374 1957 ηγορίας
403 1886 544 1941 οὕτω
584 1885 960 1957 διαλαμϐάνει·
992 1903 1009 1933 ι
1040 1885 1253 1938 Τούτων
1282 1885 1335 1937 δὲ
1360 1884 1530 1949 οὕτως
1558 1887 1703 1955 ἐχόν-

165 1995 279 2041 των,
303 1980 393 2031 καὶ
414 1982 472 2031 ὲν
495 1980 627 2030 πᾶσι
652 1978 708 2030 δὲ
735 1980 844 2039 τοῖς
872 1975 1175 2038 σπουδαίοις
1207 1976 1296 2029 καὶ
1340 1976 1585 2046 ἀρχαίοις
1612 1978 1704 2028 ἀν-

165 2072 425 2140 τιγράφοις
456 2071 548 2123 τοῦ
577 2068 805 2141 ἀριθμοῦ
835 2068 1024 2120 τούτου
1057 2067 1304 2137 κειμένου
1325 2108 1338 2131 ,
1374 2069 1466 2120 καὶ
1502 2086 1704 2139 μαρτυ-

167 2159 380 2227 ρούντων
414 2160 591 2215 αὐτῶν
636 2160 854 2211 ἐκείνων
880 2158 987 2211 τῶν
1025 2161 1143 2210 κατ’
1172 2158 1293 2227 ὄψιν
1319 2159 1411 2211 τὸν
1450 2159 1699 2228 Ἰωάννην

165 2250 482 2318 ἑωρακότων,
516 2251 609 2303 καὶ
648 2250 739 2302 τοῦ
790 2249 944 2317 λόγου
992 2249 1328 2312 διδάσκοντος
1381 2252 1525 2320 ἡμᾶς
1559 2252 1640 2303 ὅτι
1671 2252 1699 2303 ὁ

162 2338 372 2409 ἀριθμὸς
401 2341 492 2393 τοῦ
523 2341 781 2409 ὀνόματος
802 2340 893 2393 τοῦ
928 2340 1114 2411 θηρίου
1147 2340 1286 2393 κατὰ
1311 2342 1408 2411 τὴν
1435 2341 1542 2393 τῶν
1583 2340 1698 2392 Ἑλ-

164 2427 319 2498 λήνων
343 2429 518 2499 ψῆφον
549 2431 635 2483 διὰ
664 2431 770 2483 τῶν
799 2433 858 2484 ὲν
896 2431 1042 2499 αὑτῷ
1068 2432 1404 2502 γραμμάτων
1445 2430 1702 2501 ἐμφαίνε-

162 2540 256 2575 ται.
310 2544 327 2574 ι
373 2526 478 2577 Καὶ
520 2524 863 2586 ὑποκαταϐὰς
920 2525 1047 2596 περὶ
1094 2524 1190 2576 τοῦ
1238 2522 1400 2576 αὐτοῦ
1464 2524 1695 2590 φάσκει·

169 2634 183 2663 ι
225 2615 403 2685 Ἡμεῖς
430 2612 523 2669 οὖν
547 2618 645 2669 οὐκ
671 2616 1148 2685 ἁποκινδυνεύομεν
1174 2614 1413 2686 περὶτοῦ
1442 2616 1700 2685 ὀνόματος

162 2706 240 2759 τ’ιῦ
269 2709 625 2777 Ἀπντιχρίο-του
657 2707 1071 2777 ἀποφαινόμενοι
1098 2706 1478 2777 βεϐαιωτικῶς.
1511 2708 1572 2758 Εἰ
1594 2706 1699 2777 γὰρ

164 2795 252 2847 ἔδει
287 2797 581 2863 ἀναφανδὸν
628 2797 705 2864 τῷ
731 2798 823 2849 νῦν
861 2796 1034 2868 καιρῷ
1077 2796 1437 2867 κηρύττεσθαι
1466 2796 1698 2866 τοῦνομα

164 2884 408 2946 αὖτοῦ,δι⁹
429 2888 635 2937 ἐκείνου
666 2886 731 2938 ἂν
757 2885 951 2956 ἐρρέθη
971 2885 1063 2938 τοῦ
1094 2888 1188 2938 καὶ
1212 2887 1310 2955 τὴν
1337 2884 1697 2952 ’Λποκάλυψιν

165 2976 442 3043 ἑωρακότος
467 2995 480 3005 ·
525 2977 647 3031 οὑδὲ
690 2977 796 3045 γὰρ
842 2977 948 3047 πρὸ
990 2976 1183 3029 πολλοῦ
1231 2978 1418 3046 χρόνου
1458 2976 1693 3047 ἑωράθη,

164 3066 284 3117 ἀλλὰ
304 3068 484 3136 σχεδὸν
512 3068 603 3119 ἐπὶ
633 3068 732 3135 τῆς
761 3069 1029 3137 ἡμετέρας
1056 3070 1267 3140 γενεᾶς,
1293 3070 1428 3138 πρὸς
1454 3068 1529 3139 τῷ
1559 3068 1697 3120 τέλει

164 3155 247 3223 τῆς
266 3156 586 3226 Δομετιανοῦ
613 3158 804 3227 ἀρχῆς.
846 3176 862 3207 ι
895 3156 1074 3209 Ταῦτα
1109 3159 1201 3209 καὶ
1243 3158 1371 3227 περὶ
1408 3158 1504 3228 τῆς
1548 3156 1701 3209 Ἀπο-

164 3248 420 3315 καλύψεως
464 3249 737 3319 ἱστόρηται
775 3248 851 3317 τῷ
900 3248 1267 3319 δεδηλωμένῳ.
1319 3250 1599 3319 Μέμνηται
1645 3249 1701 3301 δὲ

165 3338 350 3405 καὶτῆς
380 3338 620 3391 Ἰωάννου
650 3338 864 3407 πρώτης
891 3340 1191 3407 ἐπιστολῆς,
1224 3341 1490 3409 μαρτύρια
1520 3339 1578 3402 ἐξ
1608 3341 1701 3390 αὺ-

164 3429 245 3495 τῆς
265 3428 478 3479 πλεῖστα
499 3431 759 3499 εἰσφέρων
774 3429 997 3497 ’ὁμοίως
1018 3428 1072 3479 δὲ
1102 3432 1192 3480 καὶ
1214 3432 1309 3498 τῆς
1342 3431 1545 3498 Πέτρου
1574 3448 1698 3498 προ-

163 3519 323 3586 τέρας.
352 3520 424 3571 Οὔ
445 3519 599 3588 μόνον
612 3520 666 3570 δὲ
680 3515 812 3571 οἶδεν
833 3558 846 3580 ,
867 3518 997 3571 ἀλλὰ
1019 3521 1108 3571 καὶ
1139 3519 1460 3587 ἀποδέχεται
1481 3520 1574 3589 τὴν
1600 3520 1693 3571 τοῦ

166 3608 428 3675 {lupi-ch
449 3609 681 3679 γραῳὴν,
701 3609 892 3675 λέγων·
918 3606 1139 3671 «Καλῶς
1163 3605 1252 3662 οὖν
1280 3606 1434 3679 εἶπεν
1457 3613 1486 3679 η
1511 3612 1691 3680 γραφὴ

164 3700 419 3769 ἠλέγουσα
438 3718 452 3729 ’
477 3702 697 3772 Πρῶτον
728 3702 937 3752 πάντων
955 3701 1236 3753 πίστευσον
1272 3702 1354 3753 ὅτι
1374 3697 1452 3762 εἷς
1489 3704 1631 3752 ἐστιν
1664 3705 1691 3753 ὀ

163 3797 295 3860 Θεὸς,
310 3800 339 3849 ὁ
353 3798 419 3849 τὰ
434 3800 605 3849 πάντα
633 3795 816 3857 κτῖσας
841 3795 930 3846 καὶ
953 3809 1157 3863 καταρτ
1168 3794 1331 3854 [saga
1354 3793 1444 3843 καὶ
1459 3792 1524 3843 τά
1543 3791 1685 3862 ἑξῆς,

165 3887 257 3940 Καὶ
282 3892 457 3960 ῥητοῖς
480 3890 537 3941 δέ
559 3905 694 3940 τισιν
712 3889 773 3939 ὲκ
792 3887 889 3956 τῆς
912 3884 1244 3955 Σολομῶντος
1266 3886 1483 3951 Σοφίας
1506 3884 1695 3953 κέχρη-

162 3994 257 4042 ται,
287 3982 562 4049 μονονουχὶ
596 3982 815 4047 φάσκων
857 3977 962 4045 (61)
982 3978 1261 4045 ἰ”υρασις
1295 3962 1353 4025 δὲ
1382 3974 1513 4025 Θεοῦ
1544 3991 1692 4044 περι-

165 4071 394 4141 ποιητικὴ
445 4070 747 4143 ἀφθαρσίας
770 4088 782 4099 ·
816 4068 1086 4138 ἀφθαρσία
1116 4067 1171 4118 δὲ
1198 4068 1359 4134 ἐγγὺς
1388 4061 1525 4117 εἶναι
1553 4067 1694 4116 ποιεῖ

164 4161 299 4215 Θεοῦ.
336 4184 354 4215 ι
377 4166 485 4217 Καὶ
521 4162 1090 4234 ἀπομνημονευμάτων
1118 4159 1229 4230 (62)
1250 4159 1304 4211 δὲ
1336 4155 1688 4211 ἀποστολικοῦ

1813 1793 2043 1847 habeant
2064 1834 2078 1855 ,
2102 1804 2152 1847 et
2184 1795 2235 1848 in
2273 1798 2521 1851 omnibus
2550 1798 2731 1867 probis
2756 1814 2820 1852 ac
2854 1801 3074 1855 vetustis
3096 1803 3367 1869 exempla-

1814 1887 1958 1938 ribus
1993 1887 2147 1957 173
2186 1902 2441 1942 numerus
2486 1890 2575 1944 hic
2614 1902 2828 1959 exstet,
2857 1904 2909 1949 et
2941 1896 3038 1962 ipsi
3080 1897 3170 1962 qui
3199 1894 3367 1948 Joan-

1812 1992 1931 2029 nem
1959 1977 2206 2029 viderunt
2236 1976 2391 2031 ﬁdem
2432 1979 2671 2046 faciant,
2704 1983 2814 2049 ipsa
2844 1983 3074 2053 denique
3099 1985 3236 2037 ratio
3269 2000 3363 2038 nos

1810 2066 2017 2127 doceat,
2052 2080 2330 2118 numerum
2351 2069 2584 2121 nominis
2611 2069 2789 2123 bestia:
2812 2072 2965 2139 juxta
3004 2074 3351 2141 computatio-

1809 2171 1927 2208 nem
1950 2156 2280 2219 Grzecorum,
2304 2156 2695 2225 Iitterisinipso
2728 2161 2995 2214 contentis
3010 2163 3295 2218 declarari.
3336 2184 3357 2217 ι

1808 2246 1871 2299 Ει
1891 2246 2162 2313 aliquanto
2193 2257 2312 2313 post
2335 2248 2531 2300 hzeede
2552 2248 2735 2301 eodem
2764 2249 2970 2305 Joanne
2995 2253 3153 2306 dicit:
3200 2270 3219 2302 ι
3254 2253 3361 2307 Nos

1807 2350 1937 2391 vero
1970 2338 2036 2390 de
2074 2338 2390 2393 Antichristi
2447 2340 2663 2392 nomine
2712 2348 2915 2395 temere
2950 2358 3013 2397 ac
3060 2343 3361 2411 periculose

1806 2428 2098 2497 quidquam
2137 2426 2407 2482 affirmare
2456 2432 2725 2483 nolumus.
2758 2431 2889 2485 Nam
2921 2434 2963 2487 si
2992 2436 3113 2488 huic
3157 2438 3360 2490 saeculo

1807 2533 1999 2572 nomen
2034 2518 2176 2571 illius
2208 2519 2489 2572 manifeste
2519 2521 2870 2574 nuntiandum
2913 2522 3137 2587 fuisset,
3166 2526 3233 2579 ab
3268 2525 3358 2579 illo

1806 2610 1994 2677 utique
2038 2623 2355 2677 expressum
2407 2620 2552 2665 esset
2606 2613 2696 2680 qui
2741 2611 3142 2668 Revelationcm
3198 2617 3354 2670 vidit.

1806 2699 1987 2768 Neque
2026 2702 2165 2755 enim
2191 2701 2425 2765 dudum,
2453 2704 2546 2757 sed
2587 2713 2770 2758 nostra
2807 2718 2940 2773 pene
2980 2709 3234 2761 memoria
3259 2709 3359 2763 sub

1804 2793 2007 2846 exitum
2042 2793 2253 2862 imperii
2289 2794 2574 2847 Domitiani
2618 2796 2730 2850 visa
2776 2810 2860 2852 est
2897 2798 3195 2853 Revelatio.
3236 2799 3360 2853 ﬂare

1806 2884 1894 2938 ille
1935 2885 1999 2938 de
2046 2884 2393 2940 Revelalione
2426 2888 2608 2941 tradit.
2654 2889 2846 2943 Prima:
2884 2904 3097 2957 quoque
3137 2888 3360 2943 Joannis

1802 2967 2042 3035 epistolae
2090 2970 2413 3024 mentionem
2476 2972 2641 3037 facit,
2684 2972 2848 3026 multa
2875 2988 2937 3026 ex
2970 2988 3031 3026 ea
3075 2974 3360 3042 proferens

1810 3060 2153 3125 testimonia;
2199 3071 2253 3115 et
2297 3063 2493 3130 prioris
2540 3063 2668 3116 item
2715 3061 2883 3116 Petri.
2933 3062 3095 3116 Liber
3143 3079 3357 3132 quoque

1814 3149 2049 3205 Pastoris
2112 3168 2217 3205 non
2253 3155 2428 3206 solum
2486 3155 2553 3208 ab
2608 3171 2672 3209 eo
2728 3157 3003 3223 cognitus,
3058 3156 3148 3208 sed
3194 3156 3355 3208 etiam

1811 3257 2129 3312 magnOperc
2167 3244 2493 3312 approbatus
2520 3256 2601 3299 est
2630 3246 2712 3299 his
2742 3246 2923 3300 verbis
2948 3264 2959 3298 :
3000 3264 3019 3296 ι
3045 3244 3211 3299 Recte
3274 3244 3357 3297 iu-

1808 3338 1923 3403 quit
1968 3336 2233 3403 scriptura
2266 3351 2384 3403 qua:
2417 3338 2548 3391 dicit
2579 3353 2594 3389 :
2634 3338 2773 3390 Ante
2794 3338 2972 3391 omnia
3007 3338 3165 3391 crede
3190 3350 3354 3387 unum

1802 3444 1921 3481 esse
1947 3430 2129 3488 Deum,
2159 3430 2464 3494 quicuncta
2488 3429 2715 3493 creavit,
2734 3440 2787 3483 et
2821 3430 3058 3481 numeris
3108 3426 3357 3480 omnibus

1803 3518 2045 3570 absoluta
2080 3518 2320 3583 digessit,
2358 3540 2376 3570 ι
2408 3530 2462 3571 ct
2511 3526 2730 3571 caetera.
2778 3519 2957 3573 Utitur
3002 3519 3165 3572 etiam
3234 3530 3356 3569 sen—

1802 3604 1983 3655 tentiis
2032 3618 2094 3656 ex
2168 3604 2475 3659 Salomonis
2529 3606 2802 3673 Sapientia
2860 3606 3223 3673 depromptis,
3275 3603 3345 3654 ita

1800 3694 1911 3747 fere
1968 3697 2196 3749 dicens:
2241 3715 2261 3746 σ
2312 3696 2460 3751 Visio
2506 3698 2598 3751 Dei
2650 3687 2796 3763 parit
2842 3696 3348 3763 incorruptionem:

1803 3786 2137 3853 incorruptio
2178 3796 2355 3840 autem
2398 3789 2670 3856 proximos
2719 3787 2827 3839 Deo
2883 3787 3036 3839 facit.
3071 3804 3090 3837 ι
3141 3786 3245 3839 Sed
3297 3796 3351 3838 et

1800 3876 2075 3942 apostolici
2094 3878 2366 3943 cujusdam
2381 3879 2707 3948 presbyteri,
2723 3892 2789 3931 cu
2798 3878 2879 3943 jus
2897 3892 3089 3929 nomen
3115 3878 3349 3939 reticuit,

1799 3967 1936 4019 dicta
1976 3977 2397 4034 commemorat,
2423 3980 2478 4021 et
2502 3969 2741 4037 ejusdem
2764 3968 3134 4035 expositiones
3168 3982 3351 4021 sacra-

1800 4071 1915 4109 rum
1956 4057 2354 4127 Scripturarum
2398 4060 2636 4113 adducit.
2675 4058 2939 4113 Prwterea
2969 4055 3165 4111 Justini
3210 4071 3351 4111 mar-

1800 4148 1930 4217 tyris
1958 4159 2010 4202 et
2042 4148 2229 4218 lgnatii
2261 4151 2591 4204 mentionem
2620 4149 2773 4214 facit,
2808 4162 2874 4203 ex
2902 4164 3088 4203 eorum
3132 4150 3349 4217 scriptis

223 4280 326 4349 (60)
358 4280 518 4335 Μετὰ
552 4279 619 4334 δὲ
664 4279 1042 4346 τὴν-,τούτων
1084 4277 1327 4349 ἔξοδον,
1364 4276 1555 4349 Nescio
1582 4289 1683 4342 qua

1810 4270 1925 4324 ibro
1959 4286 2010 4323 tv
2045 4266 2241 4349 Contra
2291 4267 2541 4349 Ilienses,
2577 4282 2697 4335 cap.
2717 4267 2817 4349 ΞΠ..
2860 4265 3156 4349 sed_pa_ulo
3190 4267 3350 4323 aliter

167 4346 355 4404 ratione
382 4351 897 4418 ChristophorSOnus
932 4350 1072 4401 hunc
1098 4348 1281 4401 lreuaei
1318 4348 1488 4399 locum
1522 4346 1683 4418 inter-

166 4419 372 4483 polarit,
419 4430 473 4473 et
512 4414 616 4487 pro
651 4419 859 4487 vulgata
906 4419 1167 4487 lectione,
1232 4432 1387 4484 quam
1447 4414 1679 4467 omnium

167 4488 383 4539 codicum
448 4485 764 4551 consensus,
792 4499 845 4541 et
883 4485 1057 4539 Ruﬁni
1102 4487 1393 4539 auctoritas
1434 4495 1689 4549 vetusque

168 4554 407 4621 interpres
446 4558 626 4611 Irenzei
669 4557 1008 4615 conﬁrmant.
1040 4556 1176 4608 hanc
1208 4556 1454 4609 maluerit
1491 4552 1691 4606 substi-

171 4630 321 4695 tuere,
348 4626 487 4694 μετὰ
530 4626 587 4679 δὲ
628 4626 813 4679 τούτου
845 4627 945 4695 τὴν
988 4624 1213 4677 ἔκδοσιν.
1257 4626 1337 4678 An
1368 4625 1591 4695 lortasse
1632 4621 1693 4672 ti-

170 4692 303 4763 ttttlit.
346 4692 415 4747 ne
442 4695 557 4748 hrcc
599 4696 781 4749 Irenaei
814 4692 953 4763 ratio
995 4710 1179 4763 parum
1211 4694 1689 4763 c0uscntiret_cum

169 4758 388 4830 illis_qu:e
417 4778 574 4830 supra
600 4765 783 4817 retulit
806 4758 1062 4817 Eusebius
1091 4765 1140 4815 in
1178 4763 1314 4815 libro
1337 4778 1397 4825 ll,
1428 4776 1491 4814 ex
1527 4760 1688 4826 Papia

168 4836 210 4901 et
242 4827 503 4901 Clemente
550 4832 929 4895 Alexandrino,
978 4833 1065 4898 qui
1105 4832 1444 4901 Evangelium
1503 4830 1686 4891 Marci,

170 4896 360 4948 virente
408 4899 581 4951 adhuc
616 4901 795 4964 Petro,
827 4896 1010 4953 Romai
1036 4903 1233 4953 editum
1258 4896 1396 4952 Vcsse
1426 4910 1481 4952 et
1513 4901 1579 4951 ah
1607 4914 1690 4951 eo-

168 4964 269 5015 dem
296 4964 662 5035 confirmatum
692 4972 1035 5023 tradiderunt.
1077 4971 1278 5035 Quibus
1324 4970 1477 5034 plane
1518 4968 1687 5020 refra-

168 5042 304 5107 gatur
326 5033 677 5107 lrengushoc
705 5037 844 5107 loco,
867 5041 987 5090 dum
1014 5033 1355 5107 Evangelium
1386 5038 1547 5091 Marci
1573 5045 1686 5107 post

169 5101 416 5172 interitum
445 5100 592 5154 Pauli
622 5104 855 5158 ac'Petri
882 5109 1134 5172 scriptum
1162 5100 1277 5161 Esse
1306 5107 1551 5159 aliirmat.
1573 5100 1685 5157 Sed

169 5172 283 5241 quid,
304 5171 576 5232 unirum,si
597 5174 699 5241 hac
729 5174 783 5226 in
814 5190 869 5227 re
884 5171 1091 5241 antiqui
1128 5176 1311 5231 Patres
1339 5180 1474 5228 inter
1501 5192 1561 5229 se
1582 5177 1689 5227 dis-

171 5238 643 5312 sentiunt,cnm_de
668 5255 937 5312 sacrorum
968 5238 1373 5312 Evangeliorum
1396 5246 1686 5312 scriptione

172 5309 281 5361 nihil
306 5308 411 5360 fere
438 5309 570 5361 certi
598 5309 905 5381 habeamus,
932 5312 1030 5381 nisi
1055 5308 1284 5381 qu'atuor
1310 5308 1519 5366 tantum
1544 5327 1683 5373 esse,

170 5390 215 5427 et
245 5393 271 5429 a
309 5387 533 5444 quatuor
565 5377 867 5429 auctoribus
904 5377 1123 5445 scripta.
1169 5382 1285 5445 Quo
1328 5392 1503 5434 autem
1550 5392 1681 5433 tem-

173 5462 299 5512 pore,
328 5455 379 5496 et
420 5460 577 5515 quam
610 5445 922 5515 ob__causam
958 5453 1154 5515 scripta
1191 5460 1328 5514 Sllll,
1359 5460 1415 5503 et
1451 5466 1515 5501 an
1558 5450 1685 5501 Mat-

172 5511 273 5568 than
305 5511 644 5583 Evangelium
684 5511 941 5566 liebraico
978 5511 1209 5581 primum
1248 5511 1493 5571 sermone
1524 5518 1683 5571 fuerit

172 5597 447 5646 exaratum,
480 5596 665 5650 parum
680 5591 920 5650 constat.
1476 5646 1481 5649 _

227 5655 325 5723 (Gl)
360 5648 698 5718 Μυκονουχὶ
720 5648 982 5717 φάσκων.
1008 5652 1175 5709 Locus
1202 5652 1385 5709 lrcnmi
1422 5648 1596 5708 exstat
1629 5652 1679 5705 in

1790 4350 2098 4406 conceptus.
2129 4337 2238 4392 Nec
2265 4340 2407 4391 enim
2444 4338 2675 4391 Irenaeus
2716 4337 3018 4391 Salomonis
3050 4336 3221 4390 locum
3257 4355 3349 4390 no—

1789 4405 2031 4463 minatim
2081 4405 2211 4460 cita't
2247 4422 2311 4461 ex
2354 4409 2531 4474 capite
2562 4423 2612 4460 VI
2659 4406 2961 4475 Sapientim,
3008 4406 3099 4459 sed
3142 4418 3344 4459 tantum

1789 4482 1855 4531 ad
1891 4494 2011 4531 eum
2041 4476 2450 4541 alludit.Quare
2480 4477 2737 4531 Eusebius
2774 4493 2877 4532 non
2920 4478 3034 4529 sine
3066 4490 3225 4528 causa
3260 4479 3348 4527 ad-

1790 4549 1923 4601 didit
1958 4547 2273 4617 μονονουχί,
2303 4549 2354 4599 id
2391 4557 2496 4611 est,
2530 4557 2843 4617 tantumuon
2884 4548 2954 4600 ita
2982 4546 3200 4617 dicens.
3232 4544 3344 4617 Cte-

1795 4614 1969 4671 teruni
2020 4614 2211 4685 prater
2257 4616 2515 4670 Irenaeum
2581 4618 2742 4669 etiam
2807 4615 3132 4683 Ilegcsippus
3178 4614 3344 4685 utitur

1795 4682 2115 4742 testimoniis
2138 4702 2198 4738 ex
2232 4688 2370 4740 libro
2398 4687 2688 4753 Sapientia:
2715 4682 3043 4742 SalumOnis;
3076 4692 3132 4733 ut
3162 4682 3342 4753 videre

1792 4768 1875 4809 est
1905 4760 1955 4809 iu
1980 4756 2209 4824 cap.25,
2233 4757 2326 4809 lib.
2354 4772 2410 4818 ιι,
2440 4750 2528 4809 ubi
2563 4752 3085 4824 martyriun‘riacobi
3116 4750 3343 4804 refertur

1790 4842 1852 4896 ex
1888 4822 2202 4893 Hegesippo.
2248 4825 2447 4896 Neuter
2480 4822 2814 4896 tamen,_nec
2856 4822 3200 4896 iieges‘i‘ppus,
3238 4834 3339 4896 nec

1790 4890 2039 4957 lrenanis,
2071 4890 2262 4945 librum
2298 4894 2445 4946 illum
2475 4907 2630 4946 vocat
2660 4892 2987 4959 Supiemiam
3018 4890 3335 4959 Salomonis.

1790 4961 1992 5036 Quippe
2026 4953 2232 5036 veteres
2272 4977 2460 5036 omnes
2493 4953 2841 5036 ecclesiastici
2889 4962 3200 5036 scriptores.
3237 4953 3340 5036 Sa;

1788 5026 2037 5103 piendum
2065 5032 2396 5103 ‘Salomonis
2464 5032 2754 5103 appellant_
2788 5029 2979 5082 librum
3034 5026 3180 5103 illum
3241 5027 3333 5103 qui

1790 5091 2263 5157 iIOdicPro'verbia
2305 5091 2639 5154 inscribiiur.
2675 5097 2836 5150 Liber
2879 5105 3054 5147 autem
3104 5091 3191 5143 ille
3242 5096 3332 5159 qui

1790 5169 1997 5220 titulum
2018 5164 2311 5233 Sapientia
2369 5168 2670 5221 Salomonis
2700 5168 2854 5217 hodie
2895 5162 3151 5233 praefert,
3182 5160 3336 5233 ¢eu&

1786 5229 2082 5307 επίγραιρὸς
2103 5229 2253 5307 ἐδιη
2273 5246 2409 5291 teste
2458 5239 2801 5307 Hieronymo,
2827 5229 3334 5307 _qnamvis_Eusebii

1785 5300 1940 5358 aelate
1984 5300 2052 5357 ita
2092 5304 2468 5370 appellaretur,
2499 5316 2555 5357 ut
2584 5300 2672 5356 ex'
2699 5306 2795 5354 hoc
2826 5302 2940 5352 loco
2970 5300 3250 5370 discimus,
3278 5311 3334 5353 et

1787 5390 1847 5427 ex
1880 5374 2053 5439 capite
2088 5366 2178 5433 26;
2221 5375 2379 5440 infra,
2419 5366 2506 5428 uhi
2546 5369 2933 5440 Eusebiusait,
2978 5366 3234 5440 irenaaum
3278 5370 3328 5421 in

1788 5437 2016 5509 Dialogis
2064 5442 2305 5509 proferre
2350 5437 2647 5497 testimonia
2692 5454 2758 5491 ex
2808 5437 2944 5489 libro
2988 5437 3079 5505 qui
3136 5439 3332 5490 dicitur

1786 5512 2055 5572 Sapientia
2087 5510 2418 5564 Salomonis.
2748 5542 2753 5545 -
3216 5522 3217 5525 “

1856 5579 1964 5645 ((32)
2016 5579 2669 5648 Ἀπομνημονευμάτων.
2699 5574 2752 5626 In
2795 5574 2948 5643 hujus
2977 5575 3123 5648 vocis
3172 5575 3330 5648 inter-

1785 5649 2084 5717 pretatione
2116 5644 2274 5701 ambo
2304 5644 2458 5704 laosi'
2491 5657 2615 5702 sunt
2662 5647 3002 5718 interpretes.
3041 5644 3174 5698 Nam
3218 5647 3326 5696 Mu-
