3956 6352
626 430 729 481 467

1318 431 1582 486 EUSEBlI
1619 427 2091 484 CESARIENSIS
2128 427 2278 482 OPP.
2317 425 2494 480 PARS
2529 424 2570 480 1.
2607 457 2679 467 —
2713 421 3092 482 lllSTORlCA.

3693 414 3780 470 488

628 547 805 599 subito
859 551 1087 614 quodam
1116 549 1295 603 furore
1347 564 1411 603 ac
1441 549 1633 602 mentis
1677 562 1898 602 excessu
1947 546 2157 602 concuti

2273 544 2590 614 Ἐκκλησίας
2643 541 2760 605 ἐθος
2797 540 2954 611 δῆθεν
2992 535 3417 610 προφητεύοντα.
3448 533 3568 586 Τῶν
3595 532 3654 585 δὲ
3679 537 3791 584 κατ’

629 637 873 703 coepisse,
912 648 966 690 et
1007 653 1143 691 nova
1199 639 1441 706 quaedam
1487 649 1650 706 atque
1700 638 1933 692 inaudita
1980 636 2160 705 prolo-

632 727 759 793 qui;
794 727 1140 781 hariolantem
1203 742 1266 780 ac
1301 729 1673 796 praedicentem
1727 727 1919 792 futura,
1968 733 2202 795 praeter.

633 830 835 869 morem
861 825 1022 883 atque
1051 817 1346 871 institutum
1391 817 1638 871 Ecclesia:
1669 833 1699 869 a
1738 815 2029 884 majoribus
2051 823 2160 867 tra-

635 904 801 956 ditum
825 914 879 958 et
898 906 1145 958 continua
1169 903 1418 973 deinceps
1439 905 1771 958 successione
1793 913 2158 973 propagatum.

635 993 800 1047 Porro
828 1009 895 1048 ex
919 994 1001 1046 his
1025 995 1114 1061 qui
1145 1003 1272 1048 tunc
1305 997 1556 1062 temporis
1611 995 1936 1049 adulterinos
1991 993 2160 1048 homi-

639 1085 721 1136 ris
754 1099 1024 1148 sermones
1052 1086 1352 1149 audierant,
1381 1086 1470 1139 alii
1504 1086 1711 1154 quidem
1745 1095 1800 1138 ut
1823 1086 2159 1154 abreptitium

637 1184 696 1225 et
723 1176 1104 1227 daamoiacum
1128 1190 1190 1227 ac
1218 1177 1406 1242 spiritu
1433 1179 1631 1230 erroris
1652 1185 1852 1239 actum,
1876 1176 2162 1244 turbasque

640 1264 693 1315 in
715 1264 907 1330 popqu
934 1264 1252 1317 excitau'tem
1282 1266 1659 1334 indignabundi
1695 1265 2063 1334 objurgabant,
2109 1275 2182 1335 et_

639 1353 782 1419 loqui
806 1353 1026 1408 ulterius
1053 1356 1426 1421 prohibebant.
1501 1357 1706 1427 Quippe
1750 1357 1837 1425 qui
1885 1357 1940 1410 in
1989 1367 2164 1410 mente

546 1470 552 1474 -
642 1443 897 1496 haberent
919 1444 1196 1498 discrimen
1227 1462 1256 1496 a
1308 1447 1532 1500 Domino
1564 1455 1937 1514 prmuotatum,
1967 1438 2166 1502 ruinas-

642 1543 749 1595 que
799 1530 987 1597 quibus
1005 1531 1252 1598 juhemur
1275 1536 1556 1588 adventum
1603 1535 2166 1604 t'alsorumpropheta-

643 1633 759 1671 rum
802 1622 1078 1688 vigilanter
1118 1637 1180 1675 ac
1227 1624 1456 1678 sollicite
1508 1625 1814 1678 observare.
1887 1626 1990 1678 Alii
2039 1641 2165 1679 vero

642 1709 786 1761 velut
813 1722 998 1765 sancto
1028 1713 1228 1780 Spiritu
1266 1724 1319 1767 et
1350 1716 1642 1783 prophetiae
1668 1718 1838 1784 gratia
1869 1718 1989 1769 elati
2017 1715 2165 1769 inﬂa-

643 1800 809 1864 tique,
832 1802 1019 1854 mirum
1045 1805 1093 1855 iu
1128 1807 1360 1867 modum,
1393 1816 1446 1858 et
1494 1806 1900 1860 distinctionisa
1944 1806 2166 1861 Domino

644 1900 1061 1953 przemonstrataa
1090 1893 1296 1958 penitus
1321 1893 1494 1956 obliti,
1535 1893 1683 1946 illum
1737 1894 2083 1947 infatuantem
2113 1903 2167 1949 et

643 1980 971 2032 adulatorem
998 1982 1244 2050 vulgique
1274 1985 1606 2036 seductorem
1651 1987 1893 2052 spiritum
1922 1985 2060 2039 ultro
2101 1985 2167 2039 ad

643 2070 960 2136 loquendum
989 2074 1362 2139 provocabant,
1396 2075 1537 2141 capti
1565 2074 1678 2141 ejus
1721 2075 2008 2140 illecebris,
2035 2087 2090 2131 et
2113 2079 2165 2131 in

644 2159 882 2212 fraudem
915 2163 1133 2216 inducti.
1167 2163 1274 2217 llac
1309 2165 1474 2232 igitur
1497 2173 1614 2218 arte
1637 2179 1731 2218 seu
1762 2167 1939 2232 potius
1981 2167 2167 2220 fraude

643 2260 706 2298 ac
731 2250 962 2301 versutia
985 2249 1224 2304 diabolus
1248 2252 1506 2306 adversus
1545 2267 1639 2306 eos
1667 2254 1756 2320 qui
1791 2255 1933 2307 dicto
1959 2255 2166 2309 Domini

644 2342 918 2399 audientes
941 2360 1041 2398 non
1064 2355 1235 2409 erant,
1259 2347 1480 2407 exitium
1529 2350 1883 2414 machinatus,
1918 2365 2041 2403 cum
2101 2352 2168 2403 ab

643 2434 747 2485 illis
782 2435 1044 2490 immerito
1072 2438 1358 2505 coleretur,
1391 2451 1594 2494 mentes
1633 2456 1815 2494 eorum
1852 2458 1882 2494 a
1903 2458 2028 2496 vera
2063 2444 2169 2497 ﬁde

643 2525 959 2578 accubantes
987 2512 1278 2595 somnoque
1305 2544 1588 2597 oppressas
1633 2532 1883 2583 excitavit
1913 2533 2167 2599 paulatim

642 2629 709 2666 ac
734 2616 1094 2670 vehementius
1115 2617 1486 2671 inﬂammavit.
1511 2619 1715 2686 Quippe
1743 2621 1874 2674 duas
1899 2621 2029 2674 alias
2053 2639 2169 2674 mu-

644 2699 893 2755 lierculas
923 2705 1224 2766 suscitavit,
1253 2715 1307 2758 et
1347 2707 1646 2760 adulterino
1681 2709 1867 2774 spiritu
1923 2710 2170 2778 replevit,

646 2791 779 2840 adeo
806 2799 863 2841 ut
886 2792 1008 2856 ipsa:
1036 2807 1245 2860 quoque
1271 2795 1490 2860 perinde
1530 2812 1593 2848 ac
1631 2811 1790 2865 supra
1843 2811 2165 2853 memoratus

650 2878 758 2937 ille,
796 2879 977 2930 insana
1001 2881 1238 2946 quadam
1268 2894 1324 2936 et
1351 2884 1651 2951 importuna
1679 2896 1837 2954 atque
1874 2888 2046 2941 aliena
2094 2890 2173 2943 lo-
2216 2906 2220 2910 ”

650 2975 954 3032 querentur.
988 2968 1052 3020 Et
1091 2983 1182 3020 eos
1209 2972 1420 3036 quidem
1465 2974 1554 3039 qui
1604 2988 1666 3025 ea
1700 2990 1756 3026 re
1781 2975 2175 3032 delectabantur

653 3066 814 3123 atque
837 3057 1274 3124 intumescehaut,
1301 3061 1522 3127 spiritus
1577 3063 1662 3116 ille
1703 3066 1888 3117 beatos
1927 3069 2177 3133 praedica-

2256 636 2428 686 ἐκεῖνο
2454 631 2643 701 καιροῦ
2675 631 2734 682 ἐν
2753 631 2820 699 τῇ
2842 628 2948 680 τῶν
2971 627 3136 680 νόθων
3167 621 3567 692 ἐκφωνημάτων
3598 620 3782 689 ἀκροάο

2259 742 2344 778 σει
2362 724 2682 792 γενομένων,
2715 723 2763 773 οἱ
2797 720 2892 790 μὲν
2921 719 2997 781 ὡς
3036 718 3128 769 ἐπὶ
3158 712 3529 784 ἐνεργουμένῳ
3560 712 3655 763 καὶ
3682 710 3781 777 δρι-

2261 809 2486 880 μονῶντι
2514 809 2606 861 καὶ
2627 811 2684 860 ἐν
2715 808 2918 876 πλάνης
2941 806 3205 875 πνεύματι
3233 803 3525 871 ὑπάρχοντι
3555 801 3652 851 καὶ
3678 800 3785 860 τοὺς

2256 903 2442 972 δχλους
2490 900 2803 971 ταράττοντι
2843 897 3124 966 ἀχθόμενοι
3171 893 3463 961 ἐπετίμων,
3501 890 3592 943 καὶ
3628 888 3786 941 λαλεῖν

2259 990 2512 1052 ἐκώλυον,
2545 989 2877 1060 μεμνημένοι
2914 988 3012 1058 τῆς
3048 985 3140 1038 τοῦ
3187 983 3390 1054 Κυρίου
3435 980 3713 1048 διαστολῆς
3734 997 3786 1032 τε

2258 1080 2353 1132 καὶ
2382 1078 2627 1148 ἀπειλῆς,
2667 1077 2801 1146 πρὸς
2844 1075 2903 1128 τὸ
2952 1062 3304 1142 φυλάττεσθαι
3347 1069 3444 1139 τὴν
3479 1067 3586 1120 τῶν
3616 1065 3788 1134 ψευδο-

2259 1169 2546 1242 προφητῶν
2594 1167 2963 1238 ἐγρηγορότως
3003 1163 3330 1234 παρουσίαν·
3375 1163 3423 1213 οἱ
3467 1159 3523 1212 δὲ
3665 1155 3787 1224 ἀγίῳ

2263 1260 2536 1330 Πνεύματι
2556 1258 2650 1310 καὶ
2672 1254 2984 1327 προφητικῷ
3009 1255 3301 1324 χαρίσματι
3333 1251 3678 1322 ἐπαιρόμενοι
3708 1250 3789 1301 καὶ

2261 1354 2358 1421 οὐχ
2386 1353 2583 1421 ἥκιστα
2607 1348 2978 1419 χαυνούμενοι,
3018 1346 3111 1396 καὶ
3140 1345 3238 1413 τῆς
3267 1341 3547 1427 διαστολῆς
3575 1338 3668 1393 τοῦ
3689 1341 3788 1391 Κυ-

2263 1442 2376 1512 ρίου
2428 1438 2914 1506 ἐπιλανθανόμενοι,
2941 1436 3000 1487 τὸ
3028 1434 3318 1504 βλαψίφρον
3339 1433 3433 1484 καὶ
3457 1433 3792 1501 ’ὑποκοριστι-

2263 1531 2356 1585 κὸν
2381 1530 2474 1583 καὶ
2495 1529 2785 1581 λαοπλάνον
2814 1526 3025 1595 πνεῦμα
3053 1522 3469 1594 προύκαλοῦντο,
3497 1521 3790 1594 θελγόμενοι

2262 1622 2354 1675 καί⁵
2392 1619 2726 1689 πλανώμενοι
2759 1619 2846 1670 ὑπ’
2868 1613 3051 1676 αὑτοῦ,
3079 1617 3157 1676 είς
3187 1613 3246 1665 τὸ
3276 1613 3480 1682 μηκέτι.
3506 1608 3792 1664 κωλύεσθαι

2265 1714 2493 1781 σιωπᾷν.
2525 1711 2700 1781 Τέχνη
2726 1709 2781 1760 δέ
2802 1725 2924 1772 τινι,
2963 1705 3157 1774 μᾶλλον
3177 1704 3235 1754 δὲ
3251 1702 3472 1774 τοιαύτῃ
3495 1701 3696 1771 μεθόδῳ
3713 1717 3792 1752 κα-

2265 1803 2541 1872 κοτεχνίας
2591 1803 2619 1852 ὁ
2666 1798 2904 1860 διάϐολος
2948 1797 3044 1865 τὴν
3079 1795 3212 1847 κατὰ
3242 1793 3349 1846 τῶν
3379 1792 3663 1862 παρηκόων
3693 1789 3792 1860 (95)

2196 1862 2240 1920 Β
2267 1862 2534 1946 ἀπώλειαν
2562 1862 3024 1961 μηχανησάμενος,
3055 1888 3148 1940 καὶ
3172 1886 3297 1954 παρ’
3327 1883 3480 1948 ἀξίαν
3511 1883 3599 1934 ὑπ’
3630 1879 3794 1934 αὐτῶν

2264 1981 2585 2052 τιμώμενος,
2617 1979 2938 2049 ὑπεξήγειρὲ
2964 1996 3022 2029 τε
3054 1977 3146 2029 καὶ
3175 1975 3602 2046 προσεξέκαυσεν
3631 1971 3794 2052 αὐτῶν

2265 2073 2363 2144 τὴν
2392 2071 2898 2140 ἀποκεκοιμημένην
2927 2068 3032 2138 (96)
3080 2068 3186 2120 ἀπὸ
3232 2066 3331 2135 τῆς
3370 2065 3507 2117 κατά
3555 2063 3798 2134 ἀλήθειαν

2267 2164 2497 2224 πίστεως
2527 2161 2781 2223 διάνοιαν,
2815 2161 2889 2222 ὼς
2916 2159 3010 2211 καὶ
3032 2159 3220 2229 ἐτέρας
3255 2156 3405 2220 τινὰς
3430 2156 3522 2207 δύο
3552 2158 3796 2222 γυναῖκας

2265 2257 2560 2326 ἐπεγεῖραι,
2581 2255 2674 2307 καὶ
2695 2253 2784 2305 τοῦ
2806 2252 2956 2305 νόθου
2978 2251 3281 2320 πνεύματος
3296 2248 3594 2319 πληρῶσαι,
3619 2247 3692 2308 ὡς
3711 2248 3796 2299 καὶ

2266 2348 2442 2399 λαλεῖν
2482 2346 2754 2414 ἐκφρόνως
2805 2345 2898 2396 καὶ
2937 2343 3176 2412 ἀκαίρως
3225 2339 3318 2393 καὶ
3354 2338 3797 2410 ἀλλοτριοτρόπως

2265 2439 2460 2507 ὁμοίως
2490 2437 2567 2506 τῷ
2591 2434 2984 2506 προειρημένῳ,
3010 2432 3242 2493 καὶτοὺς
3276 2431 3373 2500 μὲν
3399 2431 3681 2500 χαίροντας
3694 2426 3796 2493 (97')

2267 2530 2362 2580 καὶ
2385 2527 2766 2596 καυχωμένους
2790 2525 2878 2577 ἐπ’
2912 2523 3078 2592 αὐτῷ,
3112 2520 3493 2591 μακαρίζοντος
3521 2517 3615 2571 τοῦ
3644 2515 3794 2569 πνεύ-

2272 2635 2454 2686 ματος,
2486 2618 2578 2669 καί
2607 2616 2694 2669 διὰ
2718 2614 2811 2668 τοῦ
2838 2613 3094 2682 μεγέθους
3123 2611 3229 2661 τῶν
3255 2609 3674 2677 ἐπαηελμάτων
3711 2608 3797 2656 ἐκ·

2271 2707 2602 2777 φυσιοῦντος,
2637 2704 2745 2756 ἐσθ’
2771 2705 2874 2760 ὅπη
2903 2703 2959 2754 δὲ
2990 2701 3084 2752 καὶ
3104 2696 3511 2766 κατακρίνοντος
3537 2709 3802 2761 στοχαστι-

2271 2801 2381 2862 κῶς
2425 2799 2513 2850 καί
2552 2797 2869 2862 ἀξιοπίστως
2903 2795 3093 2854 αὐτοὺς
3120 2795 3391 2859 ἄντικρυς,
3421 2788 3507 2838 ἵνα
3537 2784 3630 2838 καὶ
3663 2783 3800 2848 ἐλεγ-

2273 2889 2454 2942 κτικὸν
2507 2886 2613 2956 (98)
2660 2881 2794 2938 εἶναι
2844 2885 2998 2953 δοκῇ·
3047 2882 3214 2948 ὀλίγοι
3258 2881 3301 2932 δ’
3344 2875 3481 2949 ἦσαν
3524 2872 3664 2931 οὗτοι
3702 2873 3799 2927 τῶν

2273 2979 2493 3049 Φρυγῶν
2515 2974 2908 3048 ἐξηπατημένοι
2923 2991 2936 3003 ·
2964 2974 3059 3043 τὴν
3077 2972 3134 3024 δέ
3158 2969 3380 3024 καθόλου
3403 2970 3494 3021 καὶ¹
3515 2969 3690 3020 πᾶσαν
3710 2965 3800 3032 τὴν

2277 3070 2380 3121 ὑπὸ
2407 3068 2495 3119 τὸν
2526 3065 2747 3137 οὐρανὸν
2776 3062 3091 3132 Ἐκκλησίαν
3121 3059 3452 3129 βλασφημεῖν
3480 3057 3800 3116 διδάσκοντος

652 3146 760 3206 bat,
801 3154 857 3197 et
901 3145 1285 3212 promissorum
1342 3154 1705 3218 magnitudine
1757 3169 1913 3220 supra
1967 3158 2174 3209 modum

2280 3155 2371 3208 τοῦ
2390 3154 2855 3225 ἀπηυθαδισμένου
2889 3153 3210 3219 πνεύματος,
3244 3149 3324 3200 ὅτι
3356 3149 3490 3218 μήτε
3517 3147 3677 3217 τιμὴν
3704 3147 3801 3215 μή·

654 3233 893 3290 inﬂabat.
935 3233 1201 3289 Interdum
1234 3246 1407 3289 tamen
1432 3240 1750 3307 ccujecturis
1791 3253 1845 3294 et
1874 3243 1976 3296 lide
2004 3244 2174 3310 dignis

2277 3261 2334 3296 τε
2367 3243 2591 3314 πάροδον
2626 3246 2705 3305 είς
2734 3241 2899 3311 αὐτὴν
2935 3241 2994 3292 τὸ
3022 3235 3511 3308 ψευδοπροφητικὺν
3545 3233 3799 3303 ἐλάμϐανε

652 3327 975 3389 argumentis
1002 3336 1174 3388 utens,
1221 3327 1389 3394 palam
1427 3344 1520 3382 eos
1574 3334 1982 3398 condemnabat,
2020 3336 2171 3404 181

2279 3333 2511 3402 πνεῦμα.
2542 3331 2660 3384 Τῶν
2698 3331 2803 3401 γὰρ
2823 3331 2960 3383 κατά
2986 3330 3084 3399 τὴν
3123 3328 3303 3379 Ἀσίαν
3331 3325 3532 3377 πιστῶν
3560 3323 3802 3384 πολλάκις

653 3426 758 3477 quo
788 3412 988 3466 scilicet
1019 3415 1174 3469 etiam
1205 3418 1595 3484 objurgatorius
1621 3421 1904 3476 videretur.
1960 3423 2023 3476 lli
2051 3440 2174 3492 per-

2277 3424 2369 3475 καὶ¹
2408 3423 2641 3492 πολλαχῆ
2670 3422 2768 3491 τῆς
2790 3421 2970 3483 Ἀσίας
3005 3422 3085 3482 είς
3119 3418 3273 3471 τοῦτο
3305 3416 3654 3469 συνελθόντων
3681 3412 3800 3483 (99),

654 3501 808 3564 pauci
843 3513 996 3554 erant
1058 3504 1322 3574 Phryges,
1375 3507 1674 3574 hujusmodi
1719 3509 1904 3565 fraude
1949 3513 2173 3582 decepti.

2277 3512 2368 3564 καὶ
2396 3512 2520 3572 τοὺς
2556 3511 2888 3582 προσφάτους
2926 3510 3113 3577 λόγους
3147 3507 3505 3574 ἐξετασάντων
3539 3507 3630 3558 καὶ
3655 3504 3802 3574 βεϐή-

654 3587 968 3644 Universam
1000 3610 1144 3659 vero,
1168 3611 1283 3662 qua:
1307 3612 1399 3662 per
1445 3600 1628 3652 orbem
1665 3609 1925 3654 terrarum
1979 3619 2168 3671 sparsa

2273 3604 2393 3666 λους
2419 3604 2797 3673 ἀποφηνάντων
2828 3603 2920 3655 καὶ
2939 3601 3440 3670 ἀπώοκιμασάντων
3459 3598 3554 3668 τὴν
3587 3599 3801 3664 αἵρεσιν,

651 3690 750 3743 est,
786 3681 1090 3748 Ecclesiaun,
1137 3685 1274 3738 idem
1324 3687 1411 3739 ille
1444 3691 1910 3758 arrogantissimus
1958 3694 2172 3758 spiritus

2272 3694 2407 3746 οὕτω
2429 3693 2491 3763 δὴ
2511 3693 2608 3762 τῆς
2631 3711 2689 3744 τε
2703 3693 3019 3761 Ἐκκλησίας
3036 3691 3387 3759 ἐξεώσθησαν,
3409 3689 3616 3757 καὶτῆς
3630 3703 3804 3740 κοινω-

653 3771 944 3825 maledictis
971 3785 1220 3842 appetere
1248 3791 1339 3831 eos
1362 3779 1600 3844 docebat,
1630 3796 1694 3834 eo
1715 3783 1852 3849 quod
1878 3799 1975 3836 nec
2001 3783 2170 3837 bono-

653 3877 786 3926 rem,
814 3879 910 3918 nec
934 3867 1132 3918 aditum
1175 3867 1334 3919 ullum
1360 3869 1425 3921 ad
1450 3870 1614 3938 ipsam
1636 3875 2173 3942 pseudopropheticus

649 3953 865 4017 spiritus
907 3959 1176 4022 reperiret.
1221 3960 1352 4012 Nam
1400 3978 1519 4015 cum
1571 3963 1753 4017 lideles
1807 3966 1894 4032 qui
1935 3967 1986 4017 in
2049 3965 2170 4019 Asia

652 4054 821 4107 erant,
854 4049 1045 4114 saepius
1094 4060 1148 4103 et
1178 4053 1228 4105 in
1269 4054 1508 4122 plurimis
1559 4057 1696 4109 Asia:
1755 4057 1885 4109 locis
1935 4058 2048 4124 ejus
2097 4057 2172 4110 rei

721 4196 827 4270 (95)
856 4203 1012 4270 ξςατά
1035 4202 1149 4254 τῶν
1169 4209 1495 4270 παρηκόων.
1525 4207 1744 4260 Ruﬁnus
1767 4208 2180 4267 indisciplinatos

651 4266 1120 4348 vertit,.Mu_s.culus
1144 4266 1521 4342 impiorigeros,
1548 4292 1650 4328 non
1677 4278 1832 4330 male.
1871 4266 2177 4348 Intelligunf

654 4342 743 4410 tur
765 4347 903 4384 enim
935 4342 970 4387 ii
1002 4342 1088 4402 qui
1118 4354 1434 4410 praeceptum
1469 4345 1692 4406 Domini,
1724 4362 1830 4410 quo
1879 4345 2175 4408 prteumniti

2273 3785 2389 3846 νίας
2415 3783 2722 3854 εἴρχθησαν.
2767 3803 2785 3834 ι
2827 3783 3007 3834 Ταῦτα
3033 3785 3089 3834 ἐν
3114 3782 3348 3852 ’πρώτοις
3374 3780 3686 3848 ἱστορήσας,
3717 3774 3803 3826 καὶ

2274 3872 2339 3928 δι’
2387 3871 2506 3928 ὅλου
2537 3873 2628 3926 τοῦ
2661 3874 3074 3943 συγγράμματος
3096 3873 3187 3924 τὸν
3217 3872 3430 3938 ἔλεγχον
3452 3869 3553 3937 τῆς
3575 3867 3691 3918 κατ’
3716 3865 3804 3916 αὑ-

2275 3966 2399 4026 τοὺς
2429 3966 2632 4034 πλάνης
2682 3964 2992 4030 ἐπαγαγὼν,
3017 3966 3073 4016 ἐν
3108 3962 3183 4031 τῷ
3200 3961 3434 4028 δευτέρῳ
3466 3959 3591 4026 περὶ
3612 3955 3704 4022 τῆς
3727 3969 3806 4005 τε·

2277 4053 2470 4123 λευτῆς
2509 4053 2614 4106 τῶν
2655 4053 3128 4122 προδεδηλωμένων
3164 4048 3335 4100 ταῦτά
3365 4062 3557 4114 φησιν’
3592 4063 3610 4094 ι
3642 4045 3805 4095 Ἐπει-

2285 4208 2488 4258 daemon
2521 4206 2612 4276 qui
2640 4221 2734 4271 per
2762 4203 2992 4276 hlontaui
3015 4217 3093 4276 Δοε
3136 4200 3465 4276 loquebatur,
3497 4197 3680 4276 olimta

2285 4276 2429 4326 mino
2455 4266 2761 4341 praedictum
2795 4273 2980 4341 fuisse,
3010 4272 3120 4321 fore
3150 4278 3208 4318 ut
3228 4267 3457 4333 Spiritus
3507 4268 3598 4318 Dei
3633 4266 3680 4341 i_n
3720 4266 3806 4315 ad-

2284 4334 2596 4394 ventu'suo
2656 4340 2907 4392 mundum
2960 4347 3202 4404 argueret
3255 4341 3320 4386 de
3369 4343 3606 4401 peccato.
3638 4334 3805 4398 Itaque

653 4401 910 4478 t’ueraut,_
942 4401 1028 4478 ut"
1053 4420 1079 4455 a
1121 4406 1269 4478 falsis
1292 4401 1303 4408 ’
1328 4411 1595 4478 prophetis
1638 4401 1906 4467 caverent.
1944 4415 2181 4478 neglige-
2212 4409 2256 4460 D
2287 4412 2495 4463 dzetnon
2526 4410 2613 4478 ille
2656 4418 2714 4459 ut
2739 4422 2924 4458 verum
2958 4401 3046 4478 l_)ei
3084 4405 3336 4478 Spiritum
3389 4417 3584 4478 seesse
3613 4403 3806 4478 audito-

655 4471 780 4547 hanl
809 4486 822 4517 :
852 4470 950 4547 τῆς
985 4471 1258 4547 διαστολῆς
1280 4470 1400 4547 ’τὀὖ
1426 4470 1648 4547 ’Κυρίου
1694 4470 2178 4547 ἐπιλανθανόμενοι,

655 4545 712 4612 ut
735 4551 892 4612 supra
908 4539 1254 4612 loquiturhic
1280 4539 1640 4598 innomina'tus
1668 4548 1914 4612 scriptor.
1946 4539 2180 4599 Pessime

653 4605 1190 4668 Chrislophorsonus.

654 4734 665 4746 .
725 4673 983 4746 (_9_6)_Tr‘pr
1031 4674 1595 4746 ἀποκεκριμημένην.
1655 4679 1957 4744 Metaphora
2013 4691 2092 4732 est
2152 4697 2180 4733 a

654 4741 980 4798 'mulieribus.
1005 4757 1139 4809 quat,
1160 4741 1341 4796 relicto
1367 4741 1731 4810 maritithoro,
1763 4741 1942 4798 furtim
1969 4748 2032 4798 ad
2061 4765 2185 4802 Intn-

653 4813 810 4883 chum
860 4819 1155 4883 transeunt.
1197 4813 1352 4883 Nam,
1376 4815 1686 4883 κοιμᾶσθαι,
1721 4830 1815 4867 seu
1846 4816 2097 4878 dormire,
2123 4818 2186 4868 de

657 4877 948 4943 hujusmodi
1001 4880 1278 4932 adulteriis
1325 4882 1429 4933 dici
1463 4877 1617 4942 solet,
1651 4894 1706 4933 ut
1734 4884 1784 4933 in
1817 4884 1966 4934 libris
2014 4877 2187 4936 saeris

653 4947 1032 5018 o_cci_irrit_non
1089 4949 1275 4999 semel.
1337 4949 1489 5012 Quod
1541 4966 1659 5001 cum
1713 4967 1814 5002 nou
1867 4952 2186 5018 intelligeret

652 5013 1186 5084 (Zhristophorsonus,
1210 5021 1401 5067 erroris
1424 5033 1603 5070 somno
1650 5021 1966 5084 consopitum
2009 5013 2184 5072 vértit.

721 5082 831 5148 (97)
855 5084 958 5133 Καὶ
985 5084 1116 5147 τοὺς
1142 5085 1258 5150 μὲν
1288 5087 1620 5152 χαίροντας.
1656 5087 1775 5137 llzec
1808 5082 2051 5154 periodus
2067 5103 2189 5140 cou-

654 5153 908 5222 iietrtenda
933 5161 1013 5203 est
1053 5169 1170 5204 cum
1203 5155 1290 5203 illa
1324 5156 1564 5219 sequenti
1597 5155 1694 5222 τὴν
1727 5155 1781 5205 δὲ
1811 5153 2054 5219 καθόλου,
2081 5167 2185 5208 etc.

655 5218 742 5267 Sic
761 5222 902 5270 enim
930 5235 1118 5291 sensus
1145 5222 1346 5289 integer
1373 5218 1694 5291 absolvitur;
1735 5227 1871 5290 quod
1924 5218 2186 5291 interpre-

657 5297 855 5360 tesnon
892 5289 1402 5342 animadverterunt.
1437 5290 1634 5343 Tamen
1679 5307 1899 5344 acumen
1930 5289 2189 5360 interpre-

659 5353 722 5425 lis
751 5356 798 5425 in
833 5358 932 5407 hoc
963 5360 1228 5425 praecipue
1261 5360 1453 5419 elucet,
1492 5368 1548 5410 ut
1581 5362 1858 5412 verborum
1915 5377 1974 5414 ac
2001 5353 2189 5414 sensus

655 5421 975 5492 ἀκολουθίαν
1019 5421 1422 5492 diligentissime
1475 5438 1829 5480 consectetur.
1879 5430 2050 5484 Porro
2099 5431 2185 5482 hic

660 5489 802 5565 locus
825 5495 873 5541 in
911 5497 1065 5545 codd.
1111 5489 1271 5565 5432.,
1302 5495 1467 5565 Med"
1515 5494 1647 5547 Fuk.
1674 5507 1727 5548 et
1752 5499 1914 5551 Savil.
1953 5500 2024 5551 ita
2059 5499 2188 5565 legi-

657 5563 874 5633 l'tr,_xal
932 5565 1046 5619 τοὺς
1094 5563 1191 5626 μὲν
1222 5563 1510 5632 χαίροντας
1541 5565 1630 5614 καὶ
1678 5568 2065 5637 χαυνουμένους
2097 5563 2186 5617 ὕπ’

656 5638 718 5669 au
730 5640 848 5688 των,
887 5640 988 5680 etc,

728 5694 832 5757 (1)8}
863 5696 978 5744 "Ira
1013 5700 1103 5749 καὶ
1133 5702 1486 5768 ἐλεγκτικόν.
1523 5702 1735 5756 Sciebat
1769 5703 2065 5767 Montanus,
2096 5721 2184 5759 seu

2289 4481 2436 4531 ribus
2463 4476 2824 4535 conﬁrmaret,
2851 4490 2940 4527 eos
2974 4475 3238 4526 interdum
3290 4475 3546 4538 arguebat
3569 4470 3807 4537 etohjur-

2287 4546 2466 4617 gabat.
2505 4545 2636 4596 Vide
2663 4545 3004 4617 Ambrosium
3035 4544 3088 4592 in
3123 4540 3383 4617 Epis¢_._‘ttd
3413 4538 3670 4617 Iltcssal"
3691 4555 3802 4617 cap.

2370 4613 2535 4679 Cujus
2559 4617 2716 4663 verba
2749 4613 2834 4663 hic
2858 4608 3332 4679 tuerenturaserihi
3360 4622 3374 4657 :
3403 4608 3537 4659 Hinc
3557 4621 3651 4671 est,
3680 4613 3806 4659 unde

2282 4692 2326 4731 et
2357 4675 2575 4731 Joannis
2617 4680 2837 4744 apostoli
2891 4678 3122 4744 Epistola
3166 4675 3401 4740 «Nolite,
3435 4679 3618 4740 inquit,
3675 4680 3804 4729 omni

2284 4751 2490 4812 spiritui
2515 4750 2752 4808 credere;
2780 4749 2866 4797 sed
2885 4747 3094 4810 probate
3115 4746 3329 4810 spiritus
3351 4747 3396 4796 si
3411 4761 3474 4797 ea;
3490 4745 3596 4797 Deo
3622 4755 3733 4798 sunt
3753 4761 3799 4796 ;›

2284 4819 2403 4882 quia
2431 4818 2476 4866 si
2503 4816 2664 4864 multa
2687 4818 2816 4864 bona
2845 4819 3003 4876 dicat,
3027 4816 3078 4865 in
3112 4816 3282 4880 aliqua
3305 4827 3497 4879 autem,
3527 4817 3660 4880 quod
3688 4815 3800 4879 ﬁdei

2287 4887 2555 4934 adversum
2580 4892 2674 4944 est,
2699 4893 2916 4944 promat,
2957 4884 3152 4933 sciatur
3175 4898 3272 4933 non
3303 4899 3410 4934 esse
3442 4883 3665 4948 Spiritus
3691 4901 3803 4935 san-

2287 4962 2420 5002 ctus.
2457 4951 2764 5021 Niliil_enim
2808 4953 2999 5002 erroris
3051 4953 3105 5001 in
3160 4950 3582 5021 Spiritursancto
3627 4955 3799 5021 poterit

2287 5020 2520 5082 reperiri.
2589 5017 2688 5070 Sed
2735 5031 2786 5069 ut
2845 5035 2935 5085 per
2990 5021 3289 5071 exercitium
3339 5020 3526 5084 eloquii
3579 5017 3801 5085 qua'dam

2285 5087 2569 5153 spiritalia,
2597 5090 2833 5154 quwdam
2885 5104 2999 5138 vero
3035 5088 3293 5146 carnalia.
3317 5092 3437 5154 quia
3476 5095 3639 5141 omnis
3663 5104 3803 5141 error

2289 5158 2432 5206 carni
2464 5158 2769 5220 deputatur,
2804 5167 2891 5209 aut
2931 5165 3064 5206 certe
3109 5169 3386 5210 commento
3407 5161 3632 5224 quodam
3667 5169 3803 5210 astat-

2289 5226 2374 5275 tite
2414 5224 2563 5294 bona,
2602 5225 2772 5291 ﬁngit,
2818 5237 2867 5275 ut
2912 5226 2991 5281 liis
3035 5227 3222 5277 inserat
3265 5228 3427 5290 mala,
3479 5230 3614 5280 sicut
3659 5242 3802 5294 supra

2288 5293 2584 5352 memoravi,
2638 5297 3064 5359 quemadmodum
3113 5295 3164 5345 in
3211 5295 3457 5347 Montan‘o
3489 5305 3537 5348 et
3573 5295 3802 5348 Priscilla

2287 5371 2342 5432 et
2370 5360 2663 5432 Euximilla
2690 5364 2953 5428 prophetis
2975 5362 3420 5432 Cataphrygarum
3440 5367 3802 5432 spiritus'tun-

2287 5428 2343 5500 di
2369 5429 2654 5481 imitatione
2703 5432 2820 5480 boni
2867 5433 3159 5495 simulabat,
3187 5428 3352 5500 u't'per
3378 5428 3544 5485 multa
3575 5429 3804 5484 verisimi-

2288 5499 2381 5555 lia,
2407 5513 2602 5550 necnon
2629 5509 2679 5550 et
2705 5515 2848 5560 vera,
2875 5502 3171 5552 mentiretur
3192 5519 3245 5555 se
3274 5519 3382 5555 esse
3404 5502 3657 5571 Spiritum
3689 5515 3802 5551 sau-

2288 5576 2449 5617 ctum.

2361 5637 2469 5704 (99)
2491 5639 2590 5700 Εἰς
2621 5638 2790 5689 τοῦτο
2847 5643 3271 5695 συνελθόντων.
3302 5640 3802 5707 Christophorsotlus

2289 5707 2475 5771 legisse
2505 5710 2708 5759 videtur
2740 5710 2814 5768 εἰς
2849 5709 3021 5761 ταύτό.
