3956 6352
645 211 648 214 λ
716 187 823 239 487
1447 190 1711 247 EIJSEBII
1747 192 2208 249 CASSARIENSIS
2242 193 2391 249 OPP.
2431 193 2608 248 PARS
2643 195 2688 252 I.
2727 228 2797 237 —
2832 197 3217 256 HISTORICA.
3307 247 3312 253 .
3775 213 3847 268 185i

717 307 1102 375 per-trahebat:
1139 304 1274 358 adeo
1307 313 1365 357 ut
1396 305 1550 358 multi
1579 322 1645 361 ex
1691 309 1759 362 iis
1780 310 1868 376 qui
1903 310 1954 362 in
1994 309 2122 362 urbe
2148 307 2204 359 Br

2306 315 2328 366 ι
2357 309 2449 360 καὶ⁴
2484 304 2591 360 τῶν
2628 310 2718 361 ἐπὶ
2755 309 2970 380 Ῥώμης
2997 307 3054 362 εὖ
3087 311 3229 380 μάλα
3257 312 3468 385 πλούτῳ
3497 317 3589 369 καὶ
3618 319 3746 384 γένει
3768 320 3850 373 δια-

714 412 799 449 ma
828 410 1026 465 genere
1053 385 1220 463 atque
1243 397 1434 464 opibus
1454 386 1781 461 eminebant,
1809 399 1966 451 simul
1995 414 2114 451 cum
2141 415 2204 449 nn

2355 396 2533 464 φανῶν
2579 398 2793 460 πλείους
2823 400 2915 450 ἐπὶ
2943 399 3041 469 τὴν
3083 401 3229 468 σφῶν
3263 402 3441 470 ὁμόσε,
3460 408 3653 475 χωρεῖν
3684 411 3850 462 πανοικὶ

709 501 862 540 versa
893 487 1050 538 domo
1085 501 1148 538 ac
1197 487 1395 539 familia
1441 489 1666 540 salutem
1701 491 2037 542 consecuturi
2066 505 2204 542 arcu:

2350 499 2407 537 τε
2449 487 2540 540 καὶ
2583 489 2822 558 παγγενῆ
2859 489 3146 560 σωτηρίαν.
3177 491 3289 543 Οὐκ
3319 490 3386 562 ἦν
3416 493 3474 546 δὲ
3501 495 3608 565 ἄρα
3639 496 3775 550 τοῦτο
3794 501 3849 568 τῷ

707 587 906 630 rerent.
932 573 1130 630 Verum
1167 578 1546 631 infestissimus
1573 578 1731 630 bonis
1758 578 2006 632 omnibus
2047 581 2204 632 daemo

2352 577 2623 646 μισοκάλῳ
2651 578 2861 648 δαίμονι
2907 579 3157 650 βασκάνῳ
3198 581 3311 634 ὄντι
3350 583 3448 653 τὴν
3488 585 3646 652 φύσιν
3687 589 3847 640 οἰστόνο

706 677 756 723 et
788 676 976 735 suopte
1025 670 1244 735 ingenio
1294 668 1524 730 invidus,
1561 669 1699 720 istud
1739 667 1881 721 ferre
1922 684 2025 722 non
2055 670 2198 736 potui

2345 667 2602 720 ἀπεδύετο
2628 668 2739 737 (58)
2784 668 2912 736 γοῦν
2952 668 3124 734 αὖθις,
3159 673 3407 736 ποικίλας
3449 675 3549 738 τὰς
3589 676 3706 728 καθ’
3735 679 3850 746 ἡμῶν

704 757 917 813 Rursus
947 759 1107 827 igitur
1135 759 1313 812 varias
1362 760 1619 813 adversus
1652 775 1748 814 nos
1788 760 2065 814 machinas
2098 775 2204 813 coni

2347 760 2592 829 μηχανὰς
2638 762 3080 832 ἐπιτεχνώμενος.
3141 765 3262 817 Ἐπὶ
3302 765 3431 833 γοῦν
3474 767 3574 836 τῆς
3615 768 3851 836 Ῥωμαίων

702 858 921 902 mentns
945 858 1207 902 armatur.
1232 848 1472 917 Denique
1503 849 1684 903 Romae
1706 851 2038 917 Apollonium
2059 864 2204 918 quem

2343 849 2569 912 πόλεως,
2592 846 2942 902 Ἀπολλώνιον
2966 851 3078 918 (39)
3108 852 3276 922 ἄνδρα
3301 853 3408 906 τῶν
3432 854 3551 906 τότε
3578 856 3766 908 πιστῶν
3783 859 3854 911 ἐπὶ

703 953 826 997 uam
847 953 878 990 e
906 952 1126 990 numero
1151 937 1406 1003 ﬁdelium,
1433 941 1522 1008 qui
1558 942 1608 993 in
1641 940 2050 993 humanioribus
2095 940 2204 991 litte

2342 938 2556 1007 παιδείᾳ.
2601 939 2694 991 καὶ
2741 938 3022 1008 φιλοσοφίᾳ
3064 939 3408 1009 βεϐοημένον,
3438 944 3520 1004 είς
3555 942 3849 1015 δικαστήριον

702 1043 780 1081 ris
828 1027 961 1081 etin
995 1028 1334 1096 philosophia
1385 1029 1618 1083 eximius
1669 1030 1982 1093 habebatur,
2020 1028 2204 1095 iujudi

2341 1029 2482 1096 ἄγει,
2523 1028 2618 1080 ἕνα
2661 1027 2725 1096 γέ
2757 1045 2874 1080 τινα
2915 1028 3037 1105 »τῷν
3089 1031 3168 1091 εἰς
3223 1030 3391 1082 ταῦτα
3427 1031 3731 1103 ἐπιτηδείων
3775 1033 3848 1086 αὐ-

707 1118 852 1171 eium
911 1117 1149 1179 adduxit,
1212 1117 1471 1172 suscitato
1534 1119 1583 1172 ei
1655 1129 1965 1171 accusatore
2028 1115 2238 1169 homine

696 1207 926 1272 quodam
967 1205 1354 1273 perditissimo,
1420 1207 1511 1274 qui
1563 1206 1630 1260 ad
1687 1205 1992 1272 hujusmodi
2035 1204 2235 1273 ﬂagitia

693 1295 918 1350 idoneus
951 1295 1192 1363 inprimis
1227 1297 1469 1349 minister
1526 1296 1784 1348 daemonis
1809 1296 2103 1348 videbatur.
2130 1293 2236 1347 Sed

692 1388 882 1448 miser,
912 1385 1289 1452 intempestive
1327 1395 1572 1451 suscepta
1608 1386 1972 1447 accusatione,
2022 1399 2142 1437 cum
2170 1398 2235 1435 ex

690 1478 1029 1543 imperatoris
1078 1478 1254 1530 edicto
1294 1476 1540 1543 capitalis
1587 1491 1747 1541 pinna
1784 1477 1834 1528 in
1869 1491 1962 1529 eos
1990 1478 2077 1542 qui
2111 1474 2232 1527 talia

679 1568 1004 1622 detulissent
1031 1578 1173 1621 esset
1200 1567 1510 1628 constituta,
1560 1566 1842 1619 confestim
1880 1566 2066 1618 fractis
2109 1580 2230 1617 cru-

2340 1118 2417 1188 τῷ
2448 1118 2703 1170 διακόνων
2753 1118 2860 1184 (40)
2910 1120 2999 1169 ἐπὶ
3041 1120 3338 1190 κατηγορίᾳ
3386 1122 3608 1193 τάνδρὸς
3651 1123 3846 1193 ἐγείρας.
3928 1193 3929 1196 η

2338 1207 2488 1260 Ἀλλ’
2513 1210 2541 1259 ὁ
2569 1209 2663 1275 μὲν
2690 1206 2916 1268 δείλαιος
2942 1206 3091 1276 παρὰ
3114 1208 3298 1276 καιρὸν
3322 1209 3419 1278 τὴν
3441 1209 3594 1280 δίκην
3613 1208 3847 1276 είσελθὼν,

2339 1297 2419 1347 ὅτι
2456 1295 2528 1365 μὴ
2562 1295 2659 1364 ζῇν
2704 1295 2820 1360 ἐξὸν
2860 1291 2926 1363 ἦν
2975 1296 3113 1347 κατὰ
3159 1294 3428 1364 βασιλικὸν
3469 1298 3593 1367 ὅρον
3617 1298 3721 1367 (41)
3750 1301 3847 1365 τοὺς

2338 1384 2442 1436 τῶν
2473 1384 2688 1436 τοιῶνδε
2725 1383 2979 1452 μηνυτὰς,
3017 1385 3209 1437 αὐτίκα
3235 1385 3563 1452 κατάγνυται
3597 1387 3662 1440 τὰ
3693 1391 3846 1460 σκέλη,

2338 1471 2619 1541 Περεννίου
2649 1470 2898 1523 δικαστοῦ
2922 1472 3169 1541 τοιαύτην
3197 1473 3314 1525 κατ’
3340 1475 3502 1527 αὐτοῦ
3538 1477 3710 1546 ψῆφον
3759 1481 3844 1530 ἀπ-

2337 1562 2672 1627 ενέγκαντος.
2719 1562 2776 1611 Ὀ
2795 1561 2850 1612 δέ
2892 1577 2954 1627 γε
2999 1561 3398 1628 θεοφιλέστατος
3444 1565 3666 1636 μάρτυς,
3711 1569 3847 1622 πολλὰ

689 1660 840 1711 ribus
863 1658 1149 1720 occiditur,
1193 1657 1435 1710 Perenne
1465 1657 1722 1723 ejusmodi
1769 1657 2027 1710 adversus
2056 1656 2204 1724 ipsuu

2331 1650 2572 1722 λιπαρῶς
2622 1649 2988 1714 ἱκετεύσαντος
3033 1653 3124 1703 τοῦ
3157 1653 3404 1706 δικαστοῦ
3429 1635 3568 1725 (42),
3597 1659 3687 1711 καὶ
3712 1659 3846 1728 -λόγον

702 1748 1021 1800 sententiam
1056 1749 1450 1814 pronuntiante.
1511 1748 1712 1818 Marlyr
1760 1761 1886 1800 vero
1931 1747 2036 1800 Deo
2075 1760 2229 1800 acce-

683 1837 980 1902 ptissimus,
1009 1852 1127 1890 cum
1149 1836 1310 1903 judex
1342 1832 1522 1890 multis
1543 1853 1664 1892 eum
1689 1836 2226 1904 precibusjobsecras-

682 1937 784 1989 sel,
817 1927 1146 1995 petissetque
1176 1929 1240 1980 ab
1270 1926 1361 1979 illo
1392 1929 1471 1980 uti
1515 1918 1703 1980 coram
1730 1936 1917 1980 senatu
1965 1924 2224 1977 rationem

749 2079 859 2147 (58)
905 2079 1233 2133 ’Λπεδὺετο.
1293 2079 1604 2146 Metaphora
1655 2086 1738 2131 est
1769 2079 1835 2131 ab
1860 2075 2098 2136 athletis,
2129 2075 2216 2140 qui

677 2150 928 2203 luctaturi
976 2165 1199 2215 corpora
1255 2152 1544 2210 nudabant,
1593 2158 1647 2200 et
1695 2147 1857 2199 variis
1903 2147 2216 2215 artibus-ac

680 2213 1124 2271 machinamentis
1154 2220 1493 2271 adversarios
1541 2228 1882 2283 prosternere
1913 2213 2215 2266 studebant.

540 2337 543 2342 -
588 2362 591 2364 _
679 2361 717 2366 _
749 2306 863 2375 (59)
904 2299 1310 2360 ’Aawlla'rrtou.
1343 2305 1495 2359 llnnc
1518 2306 1854 2373 Apollonium
1880 2302 2220 2375 ﬁicepliorus

677 2373 894 2442 quidem
941 2379 1187 2428 eurmlem
1217 2391 1338 2429 esse
1361 2375 1682 2427 existimavit
1717 2389 1838 2425 cum
1879 2373 1969 2424 illo
2001 2373 2087 2437 qui
2126 2374 2220 2422 ad-

677 2441 865 2497 versus
888 2460 1080 2497 novam
1115 2443 1348 2496 Montani
1374 2443 1707 2510 prophetiam
1739 2442 1974 2510 scripsit.
2012 2441 2079 2491 de
2116 2454 2220 2504 quo

680 2528 839 2578 supra
869 2513 924 2563 in
960 2527 1081 2580 cap.
1114 2514 1203 2564 l6.
1244 2513 1348 2565 Sed
1382 2509 1820 2580 Hieronymusin
1851 2509 2098 2580 Catalogo
2127 2523 2219 2580 eos

677 2577 942 2641 distinxit,
992 2577 1216 2640 rectius,
1266 2590 1323 2630 ut
1358 2577 1595 2646 apparet.
1636 2580 1697 2629 Et
1747 2579 1884 2629 hunc
1913 2577 2122 2640 quidem
2150 2578 2219 2627 de

676 2663 782 2714 quo
806 2649 857 2698 in
887 2649 1136 2714 pratsenti
1174 2649 1348 2714 capite
1371 2649 1563 2701 scribit
1601 2646 1883 2700 Eusebius.
1911 2655 2214 2714 senatorem

677 2711 826 2768 iii-bis
875 2711 1055 2768 Romze
1100 2711 1274 2779 vocat,
1330 2717 1397 2768 de
1446 2731 1544 2769 suo
1586 2717 1634 2765 id
1681 2716 1985 2765 admensus.
2039 2711 2218 2777 Neque

679 2785 976 2904 enini-hoc
1021 2785 1151 2837 dicit
1192 2783 1474 2837 Eusebius.
1511 2782 1707 2835 Verum
1748 2783 1816 2834 de
1859 2783 1962 2834 hac
1993 2797 2048 2834 re
2080 2781 2216 2832 infra

679 2868 799 2904 νιιι·
842 2868 1001 2904 imus.

677 2868 1001 2905 Vltlt‘DlmllS.

747 2903 871 2990 (40)
906 2903 1282 2985 Ἐῖιιτηδείων
1320 2921 1478 2985 αὐτῷ
1524 2920 1828 2972 διακόνων.
1875 2918 2224 2990 Hieronymus
2250 2903 2294 2960 C

681 2987 915 3042 irrlibro
973 2991 1045 3041 De
1092 2992 1270 3054 script.
1315 2991 1438 3041 eccl.
1494 2989 1636 3042 hunc
1687 3002 1899 3047 servum
1953 2987 2213 3052 Apollonii

676 3066 797 3110 esse
812 3059 1159 3121 existimavit,
1179 3074 1334 3124 quem
1361 3068 1576 3110 secutus
1588 3067 1666 3111 est
1681 3056 2211 3122 Cbrislophorsonus.

675 3128 838 3179 Certe
862 3143 923 3179 ex
963 3129 1207 3178 versione
1250 3126 1721 3193 Christophorsoni
1770 3133 2013 3191 apparet,
2069 3124 2212 3176 illum

672 3198 725 3247 in
798 3195 1026 3250 Eusebio
1077 3195 1264 3261 legisse
1309 3195 1471 3247 αὐτοῦ
1517 3195 1793 3256 διακόνων,
1844 3205 2024 3245 contra
2058 3193 2209 3245 iidem

670 3267 906 3316 omnium
943 3265 1349 3328 exemplarium.
1381 3263 1676 3317 Obscurum
1728 3264 1886 3314 etiam
1931 3272 2016 3314 est
2065 3263 2208 3329 quod

668 3335 744 3386 ait
779 3335 974 3387 ibidem
1006 3332 1366 3401 llieronymus
1393 3351 1406 3385 :
1436 3335 1478 3385 Α
1525 3349 1668 3385 seruo
1710 3330 1896 3401 Serero
1953 3332 2206 3397 proditus,

666 3404 820 3472 quasi
872 3406 1102 3456 Severus
1134 3399 1321 3472 nomen
1357 3414 1500 3472 esset
1554 3402 1718 3456 servi.
1765 3399 2097 3472 Soplironius
2124 3412 2206 3472 ta-

666 3470 787 3542 men
825 3475 1008 3535 vertit,
1040 3471 1186 3542 παρὰ
1222 3471 1313 3523 τοῦ
1349 3471 1531 3524 δούλου
1561 3471 1729 3542 παρὰᾷ
1751 3470 1969 3539 Σεὸήρῳ
1994 3470 2205 3542 -προδο-

665 3540 798 3603 θείς,
829 3544 981 3608 quasi
1030 3540 1254 3593 Severus
1307 3555 1496 3594 nomen
1535 3550 1676 3593 esset
1711 3540 1906 3605 judicis
1942 3540 2006 3590 ad
2046 3555 2201 3602 quem

662 3612 871 3662 delatus
909 3611 1080 3664 fuerat
1114 3611 1440 3675 Apollonius.
1466 3613 1569 3663 Sed
1603 3611 1740 3661 hunc
1762 3624 1976 3662 sensum
2006 3608 2203 3660 refutat

662 3680 946 3740 Eusebius,
975 3680 1064 3747 qui
1114 3681 1344 3747 judicent
1394 3681 1562 3744 ipsum
1609 3680 1746 3746 apud
1784 3694 1959 3747 quem
1986 3679 2202 3743 Apollo-

662 3749 783 3801 nius
809 3759 889 3801 est
921 3746 1225 3813 accusatus,
1264 3746 1548 3801 Perennem
1579 3757 1757 3809 vocat,
1789 3763 1891 3800 non
1933 3746 2196 3810 Seuerum.

731 3839 1024 3907 (41)Κατὰ
1057 3839 1379 3903 βασιλικὸν
1398 3839 1556 3905 ὅρον.
1600 3837 1850 3906 lntelligit
1889 3838 2054 3907 legem
2088 3841 2194 3891 divi

659 3904 841 3968 Marci,
872 3925 987 3974 qua:
1011 3924 1219 3975 pinnam
1245 3904 1434 3973 capitis
1455 3919 1703 3960 Sanxerat
1732 3904 1787 3959 in
1818 3922 1910 3960 eos
1925 3904 2012 3975 qui
2043 3908 2197 3960 Chri-

657 3977 861 4028 stianos
889 3979 938 4028 in
960 3979 1214 4040 judicium
1242 3979 1578 4040 detulissent,
1605 3986 1660 4028 ut
1685 3978 1840 4029 testis
1870 3988 1952 4029 est
1980 3975 2193 4028 Tertul-

658 4041 831 4113 “anus
855 4045 905 4096 in
934 4047 1246 4112 Apologetici
1272 4060 1392 4113 cap.
1419 4048 1474 4100 5.
1503 4046 1692 4097 Exstat
1723 4045 1804 4097 lex
1838 4048 1947 4112 ipsa
1982 4045 2049 4097 Μ.
2085 4047 2193 4097 Au-

657 4109 771 4161 relii
801 4109 1136 4177 imperatoris
1165 4116 1228 4166 ad
1256 4109 1538 4167 commune
1564 4115 1704 4167 As'ia:
1723 4109 1881 4178 supra
1913 4115 1966 4165 in
1993 4115 2084 4165 lib.
2117 4130 2190 4177 Iv,

658 4191 710 4247 c4.
770 4178 854 4247 l3,
883 4181 968 4232 ubi
1013 4184 1132 4233 vide
1159 4197 1273 4247 qua:
1321 4183 1589 4234 adnotavi.
1642 4182 1713 4232 At
1763 4182 1986 4233 Rnlinus
2020 4183 2186 4247 legem

2332 1743 2491 1794 αὑτὸν
2534 1741 2625 1792 ἐπὶ
2671 1741 2770 1809 τῆς
2814 1741 3109 1810 συγκλήτου
3155 1741 3344 1812 βουλῆς
3378 1744 3490 1814 (45)
3539 1749 3842 1818 αἰτήσαντος,

2330 1833 2658 1900 λογιωτάτην
2687 1830 2825 1900 ὑπὲρ
2860 1826 2927 1900 ἦς
2958 1831 3246 1902 ἐμαρτύρει
3276 1833 3504 1898 πίστεως
3532 1837 3623 1889 ἐπὶ
3661 1838 3844 1891 πάντων

2332 1919 2623 1990 παρασχὼν
2658 1919 2946 1987 ἀπολογίαν
2965 1919 3095 1989 (44),
3133 1921 3391 1994 κεφαλικῇ
3419 1923 3635 1977 κολάσει
3670 1926 3739 1988 ὡς
3759 1927 3845 1979 ἀπὸ

2333 2083 2593 2137 natorem,
2625 2087 2690 2144 ac
2740 2073 2962 2137 proinde
3014 2073 3304 2129 Perennem
3332 2075 3552 2144 jussisse
3593 2090 3650 2134 ut
3685 2097 3842 2136 coram

2325 2150 2513 2216 senatu
2537 2142 2798 2216 rationem
2823 2144 2997 2197 cultus
3020 2145 3102 2196 sui
3134 2142 3395 2216 redderet,
3422 2149 3471 2199 id
3491 2153 3841 2216 concedamus,

2322 2212 2364 2285 si
2383 2211 2576 2285 placet.
2598 2209 2699 2285 sed
2732 2221 2856 2285 tunc
2880 2214 3257 2285 nasceturalia
3276 2214 3576 2277 diﬁicultas.
3603 2209 3840 2285 quomodo

2321 2278 2595 2356 Perennis
2610 2281 2675 2332 de
2721 2282 2897 2356 capite
2923 2282 3187 2356 senatoris
3229 2283 3471 2356 Romani,
3494 2278 3729 2351 judicare
3762 2307 3840 2356 po-

2323 2351 2510 2422 tuerit.
2547 2348 2735 2422 _N_equc
2776 2349 2917 2422 enim
2947 2349 3230 2416 prmfectus
3262 2348 3532 2419 praetorio,
3560 2358 3649 2409 sed
3669 2348 3835 2422 praefe-

2321 2427 2443 2488 ctus
2471 2417 2596 2488 Urbi
2623 2419 2687 2488 de
2719 2419 2897 2488 causis
2936 2427 3242 2472 senatorum
3264 2417 3637 2488 cognoscebat.
3665 2417 3734 2477 Ex
3763 2427 3836 2480 his

2323 2484 2479 2539 facile
2511 2485 2639 2537 mihi
2670 2487 2991 2554 persuadeo,
3026 2484 3360 2554 Apollonium
3398 2493 3562 2544 fuisse
3603 2498 3833 2548 senatorii

2323 2554 2550 2623 ordinls,
2578 2564 2634 2605 ιι
2683 2553 2896 2623 scripsit
2926 2553 3309 2622 Hieronymus;
3357 2559 3447 2623 qui
3493 2562 3834 2620 cum,indicio

2324 2622 2504 2688 nescio
2545 2623 2697 2688 cujus
2728 2622 2995 2687 desperati
3041 2623 3292 2684 hominis,
3341 2622 3546 2677 delatus
3575 2627 3749 2680 fuisset
3774 2631 3835 2683 ad

2322 2687 2619 2759 Perennem
2661 2688 2970 2759 praefectum
3024 2692 3259 2756 pratorii
3295 2695 3445 2758 quasi
3492 2693 3831 2759 Christianus,

2322 2757 2680 2822 interrogatus
2710 2772 2738 2807 a
2761 2756 2940 2821 judice
2971 2760 3120 2822 cujus
3141 2756 3416 2825 dignitatis
3445 2771 3606 2822 esset.
3643 2780 3755 2815 cum
3782 2756 3832 2819 se

2323 2827 2578 2877 senatorii
2614 2825 2713 2877 loci
2758 2840 2877 2878 esse
2918 2826 3296 2892 respondisset,
3345 2829 3522 2895 jussus
3570 2841 3650 2885 est
3686 2849 3712 2884 a
3743 2833 3831 2886 Pe-

2329 2907 2491 2945 renne
2523 2908 2701 2945 coram
2736 2903 2918 2945 seuatu
2963 2895 3222 2947 rationem
3282 2898 3402 2950 lidei
3449 2915 3561 2951 sua:
3608 2903 3828 2955 reddere.

2325 2961 2472 3026 Quod
2513 2978 2630 3014 cum
2655 2963 2963 3032 Apollonius
2990 2963 3336 3016 disertissime
3377 2969 3724 3032 pnestitisset,
3755 2987 3830 3023 se-

2319 3030 2791 3099 natussententia
2854 3042 3093 3084 extremo
3161 3030 3416 3099 supplicio
3472 3035 3688 3090 allectus
3741 3051 3826 3092 est.

2319 3097 2526 3171 Quidni
2566 3101 3009 3171 verocredamns
3044 3097 3390 3171 Hieronymo,
3430 3107 3601 3171 quiet
3635 3108 3686 3159 in
3709 3109 3829 3160 libro

2315 3165 2395 3220 De
2422 3168 2781 3241 ecclesiasticis
2815 3170 3169 3241 scriptoribus,
3196 3165 3329 3241 el'in
3357 3165 3577 3241 epistola
3625 3178 3687 3228 ad
3729 3177 3827 3229 Ma-

2315 3252 2502 3304 gnum,
2532 3248 2656 3307 tam_
2675 3237 2870 3290 diserte
2897 3237 3159 3300 signiticet
3185 3237 3520 3307 Apollonium
3561 3243 3721 3297 fuisse
3749 3263 3828 3298 se-

2313 3315 2576 3361 natorem.
2617 3305 2726 3358 Etsi
2770 3307 2913 3358 enim
2949 3309 3048 3358 hoc
3084 3305 3340 3362 distincte
3379 3327 3481 3363 non
3515 3315 3643 3365 dicit
3678 3313 3828 3365 Euse—

2312 3374 2449 3433 bius,
2481 3376 2532 3427 id
2561 3386 2734 3426 tamen
2757 3390 2821 3450 ex
2845 3376 2959 3450 ejus
2986 3375 3529 3450 narratioueomnino
3559 3383 3824 3450 colligitur,

2311 3452 2369 3519 ut
2393 3458 2550 3519 supra
2589 3445 2818 3519 ostendi.
2849 3445 3250 3519 peindepotnit
3285 3445 3828 3519 AHieronymnsIEgere

2255 3527 2259 3531 ·
2307 3512 2580 3586 éctaipsa
2617 3514 2892 3586 passionis
2925 3515 3204 3586 Apollonii,
3232 3516 3296 3568 ad
3325 3532 3465 3586 quae
3487 3512 3584 3571 tios
3637 3512 3827 3586 ablégat

2307 3581 2588 3636 Eusebius.
2615 3583 2670 3635 ln
2706 3585 2900 3648 quibus
2937 3583 3108 3647 Acris,
3136 3597 3189 3636 et
3213 3581 3430 3637 senator
3454 3581 3825 3649 Romannsfet

2305 3664 2348 3720 ξιΔ
2382 3666 2539 3703 servo
2579 3667 2677 3703 suo
2724 3652 2968 3720 proditus
3015 3653 3316 3715 dicebatur,
3349 3662 3408 3706 ut
3435 3655 3690 3706 credibile
3730 3664 3822 3706 est.

2302 3716 2426 3788 Haec
2451 3729 2624 3772 autem
2649 3716 2778 3772 Acia
2801 3720 2987 3774 Grzeco
3019 3735 3264 3774 sermone
3303 3724 3600 3788 perscripta
3627 3722 3824 3778 fuerant

2302 3787 2484 3840 Romae
2515 3804 2543 3840 a
2573 3788 2776 3859 Graecis
2816 3789 3144 3859 hominibus,
3175 3787 3361 3842 eodem
3401 3791 3560 3845 modo
3579 3807 3682 3859 quo
3709 3794 3825 3844 Acta

2300 3866 2592 3976 miartyrum
2642 3858 3076 3925 Lugdunensium
3107 3856 3290 3911 Graece
3328 3860 3525 3925 scripta
3569 3856 3687 3912 sunt
3723 3861 3819 3912 Lu-

2300 3941 2330 3976 α
2371 3941 2480 3976 nm.

2513 3993 2842 4062 Παρασχὼν
2876 3993 3223 4062 ἀπολογίαν.
3253 3991 3606 4063 Hieronymus
3632 4012 3694 4051 ex
3725 3997 3822 4052 hoc

2297 4061 2511 4116 Eusebii
2579 4061 2895 4116 luco’male
2948 4063 3238 4123 intellecto,
3294 4061 3626 4124 Apollimium
3689 4067 3821 4120 inter

2295 4134 2585 4200 scriptores
2611 4131 3002 4186 ecclesiasticos
3034 4130 3352 4200 numeravit.
3395 4131 3709 4198 Apollonius,
3736 4137 3818 4188 in-

2294 4197 2432 4268 quit,
2461 4200 2623 4272 Rom.
2655 4201 2794 4252 urbis
2839 4206 3064 4272 senator,
3111 4200 3203 4272 sub
3233 4197 3512 4272 Commodo
3540 4197 3762 4272 principe
3786 4222 3817 4256 α

659 4245 1472 4337 15993.1(_y_ia,g_igrgngeyiexisse.
1503 4249 1587 4301 νει
1630 4259 1780 4302 cene
1823 4245 2093 4302 Hadriani
2121 4255 2184 4304 ςιιι
2220 4265 2262 4318 u
2290 4245 2433 4320 an};
2461 4245 3817 4337 ’,ἦεξιιιιῑξλιιᾱᾱτιςίτειεέιῑιξυξἐιεξετςξηῐρέξιῑξε-υῑ

653 4313 938 4366 Minucium
969 4315 1306 4369 Fundanum.

723 4382 834 4444 (42)
869 4382 1135 4449 Λιπαρῶς
1161 4386 1567 4450 ἱκετεύσαντος
1593 4385 1699 4436 τοῦ
1724 4384 2026 4436 δικαστοῦ.
2047 4386 2191 4440 Sole-

652 4452 781 4504 bant
834 4453 1098 4504 interdum
1143 4454 1349 4519 judices
1380 4455 1475 4514 ipsi
1528 4454 1973 4518 quiCliristianos
2023 4457 2086 4505 ad
2129 4472 2185 4508 se

653 4521 861 4574 delatos
889 4522 1315 4587 interrogabant,
1342 4522 1543 4573 hortari
1569 4523 1712 4588 ipsos
1734 4532 1787 4572 et
1815 4524 2089 4581 obtestari,
2131 4534 2188 4576 ut

653 4601 935 4659 parcerent
965 4599 1018 4641 et
1069 4589 1410 4659 consulerent
1451 4591 1574 4649 sibi,
1605 4600 1660 4641 et
1702 4591 1920 4640 deorum
1980 4591 2182 4642 cultqu

651 4658 1116 4728 amplecterentur.
1141 4658 1309 4726 Cujus
1350 4660 1421 4710 rei
1470 4659 1677 4710 inlinita
1704 4667 1917 4710 exstant
1943 4662 2186 4724 exrtnpla

644 4727 782 4798 apud
806 4729 1211 4791 Tertulliannm,
1248 4727 1530 4780 Eusebium
1551 4737 1602 4779 et
1625 4730 1676 4779 in
1701 4729 1845 4780 Actis
1870 4737 2184 4795 martyrum.

715 4819 825 4891 (45)
873 4819 996 4872 Ἐπὶ
1050 4818 1156 4885 τῆς
1205 4817 1548 4886 συγκλήτου
1596 4818 1852 4885 βουλῆς.
1916 4820 2076 4871 Miror
2135 4819 2182 4891 id

647 4889 748 4941 dici
787 4889 851 4942 de
883 4892 1145 4952 l'erenne,
1185 4904 1340 4956 quem
1365 4900 1577 4940 constat
1606 4892 1915 4956 praefectum
1943 4889 2175 4954 prmtorii

644 4958 810 5012 fuisse
851 4965 950 5014 sub
973 4961 1282 5013 Commodo.
1319 4959 1486 5009 Erant
1504 4970 1675 5010 autem
1725 4959 1956 5024 prinl’eeti
1988 4970 2180 5025 praeto-

642 5027 722 5079 rio
754 5029 854 5080 illis
885 5030 1211 5097 temporibus
1245 5042 1307 5079 ex
1342 5029 1578 5097 equestri
1636 5031 1839 5086 ordine.
1875 5044 1971 5081 nec
2013 5028 2063 5078 iu
2091 5043 2178 5079 se-

643 5107 763 5146 natu
785 5095 1094 5167 sedendi‘jus
1112 5098 1396 5150 habebant.
1416 5095 1597 5163 Itaque
1612 5097 1958 5167 imperatores
1971 5099 2180 5162 quoties

643 5167 946 5238 praefectum
997 5156 1228 5238 praetorii
1257 5156 1605 5238 exauctorare
1633 5156 1841 5228 vellenl,
1871 5156 2174 5219 senatorem

639 5247 759 5285 eum
790 5235 1076 5303 faciebant,
1106 5237 1368 5290 laticlavia
1397 5237 1444 5288 ei
1477 5249 1626 5288 veste
1670 5238 1952 5295 submissa,
1982 5245 2039 5288 ut
2076 5239 2173 5288 do-

640 5314 764 5354 cent
789 5309 1077 5374 seriptores
1125 5309 1361 5360 historia:
1387 5308 1657 5373 Augustae.
1707 5305 1982 5370 Quomodo
2015 5308 2174 5373 igitur

643 5373 754 5444 lieri
784 5373 954 5440 potuit
988 5388 1043 5428 ut
1071 5379 1351 5436 l’erennis,
1391 5378 1482 5443 qui
1515 5384 1632 5427 erat
1665 5376 1945 5441 prrefectus
1977 5384 2171 5444 prado-

641 5443 740 5502 rio,
770 5445 1359 5513 prmciperctApollonio
1387 5457 1442 5497 ut
1474 5446 1524 5496 in
1556 5456 1735 5495 senatu
1769 5443 2025 5498 rationem
2051 5444 2170 5497 lidei

639 5526 745 5563 sua:
772 5515 1056 5568 redderet?
1086 5517 1233 5583 Quod
1261 5518 1318 5588 si.
1346 5517 1494 5570 dicas
1529 5515 1857 5583 Apollonium
1891 5515 2055 5569 fuisse
2086 5531 2169 5571 διν-

2292 4340 2541 4407 rationem
2569 4338 2691 4403 ﬁdei
2720 4335 2830 4389 sure
2851 4337 3107 4407 redderet,
3139 4335 3336 4407 insigne
3357 4335 3594 4407 uotumen
3617 4356 3814 4407 compo-

2287 4406 2414 4465 suit,
2434 4402 2650 4471 quodin
2698 4416 2881 4456 senatu
2913 4403 3075 4470 legit;
3108 4411 3156 4454 et
3201 4402 3529 4457 nihilominus
3569 4402 3812 4462 sentertt‘ia

2287 4483 2495 4524 senatus
2527 4490 2618 4538 pro
2649 4473 2851 4525 Christo
2892 4474 3060 4537 capite
3101 4480 3512 4540 truncetur-est.
3543 4474 3668 4540 Quae
3697 4481 3812 4533 sine

2287 4542 2447 4612 dubio
2479 4540 2833 4611 Hieronymus
2862 4554 2929 4592 ex
2965 4555 3128 4606 prava
3159 4538 3338 4612 Rufini
3377 4538 3812 4612 interpretatione

2288 4610 2487 4680 hausit,
2513 4602 2913 4680 quam'secutus
2935 4602 3152 4680 quoque
3170 4617 3253 4660 est
3283 4602 3810 4680 Christopborsonus.

2290 4676 2484 4752 yerum
2530 4674 2790 4752 Eusebius
2812 4674 3366 4752 Apolléniumcoram
3417 4674 3681 4745 judicibns
3709 4699 3812 4752 pro

2286 4746 2406 4815 lidei
2440 4761 2549 4798 sua:
2573 4747 2887 4815 defensione
2922 4747 3272 4815 disertissime
3303 4761 3579 4815 perorasse
3605 4746 3808 4806 tant—um

2283 4812 2437 4877 dixit,
2477 4829 2578 4865 non
2605 4823 2782 4866 autem
2817 4814 3215 4882 Apologeticum
3247 4812 3400 4871 abeo
3435 4833 3555 4874 esse
3577 4825 3814 4876 conscri-

2283 4891 2451 4961 ptum.
2489 4882 2644 4961 Hunc
2676 4883 2856 4961 limini
2884 4891 2938 4934 et
2954 4883 3270 4961 Illieronynii
3318 4901 3555 4961 errorem
3589 4894 3814 4961 jampri-

2282 4953 2400 5001 dem
2434 4951 2638 5003 notavit
2675 4952 2916 5018 Scaliger
2954 4953 3005 5003 in
3043 4951 3608 5012 aniuiadversionibus'
3639 4951 3809 5013 Euse-

2279 5020 2475 5092 bianis,
2505 5034 2629 5092 pag.
2654 5019 2779 5074 208.
2803 5023 2895 5073 Cui
2931 5021 2981 5074 in
3017 5022 3115 5092 hac
3140 5024 3349 5090 quidem
3393 5039 3545 5092 parte
3582 5030 3812 5083 libenter

2281 5086 2582 5142 accedmln
2605 5104 2668 5140 eo
2695 5103 2819 5141 vero
2851 5093 2991 5157 quod
3021 5086 3230 5144 Eusebii
3262 5086 3426 5148 nostri
3449 5099 3609 5151 verba
3643 5103 3811 5151 inter-

2278 5161 2499 5228 polavit,
2535 5161 2710 5226 longe,
2749 5173 2864 5211 meo
2891 5162 3099 5226 quidem
3140 5161 3359 5226 judicio,
3405 5163 3631 5220 fallitur.
3672 5167 3807 5219 Cum

2276 5233 2421 5305 enim
2449 5230 2501 5281 in
2529 5229 2750 5305 Eusebii
2771 5229 2922 5281 libris
2943 5229 3152 5305 legatur
3185 5248 3200 5305 ξ
3229 5231 3404 5305 llam
3432 5234 3673 5305 λιπαρῶς
3695 5237 3811 5285 tu.

2273 5298 2558 5371 σπεύσαντος
2590 5296 2681 5371 τοῦ
2723 5296 3020 5371 δικαστοῦ,’
3045 5301 3136 5352 καὶ
3185 5299 3338 5368 λόγον
3385 5303 3547 5357 αὑτὸν
3571 5296 3679 5357 ’ἐπὶ
3708 5305 3810 5371 τῆς

2275 5368 2570 5442 συγκλήτου
2629 5367 2816 5442 βουλῆς
2874 5370 3206 5442 αίτήσαντος,
3258 5367 3515 5442 Scaliger
3577 5367 3813 5442 correxit

2274 5438 2546 5500 ἱκετεύσας
2572 5438 2661 5510 τού
2689 5439 2934 5491 δικαστοῦ
2958 5441 3049 5492 καὶ
3066 5440 3225 5510 λόγον
3271 5438 3537 5510 αὐτῷ’ὲπὶ
3555 5441 3652 5502 τῆς
3682 5456 3813 5508 συγ·

2272 5510 2466 5580 κλήτου
2506 5509 2698 5579 βουλῆς
2743 5511 2962 5580 αἰτήσας
3004 5509 3201 5563 δοῦναιο
3244 5512 3501 5581 αιιιιὶεἱιε
3543 5512 3813 5580 interpre-
