3942 6332
666 273 765 326 491

1397 240 1660 318 ausae'u
1696 261 2340 319 casamsusrsorr.
2380 260 2556 318 mas
2591 264 2633 318 ι.
2667 294 2737 307 ..-
2773 262 3155 319 ιιιδτοιιιοιι.

3731 263 3809 316 499.

662 390 805 457 quod
829 399 1015 441 omnes
1058 398 1152 453 per
1184 378 1372 435 Asiam
1423 376 1679 431 Ecclesia
1722 387 1944 435 {vetusta
1985 378 2182 446 quadan

2310 376 2508 447 θείσης,
2546 378 2625 431 ὅτι
2651 379 2714 448 δὴ
2745 380 2842 449 τῆς
2885 379 3063 440 Ἀσίας
3088 376 3301 445 ἀπάσης
3338 377 3391 447 αι
3425 374 3695 445 παροικίαι
3723 375 3812 447 (59.)

667 473 961 529 traditione
990 472 1149 534 nixa,
1178 465 1584 535 quartadecima
1636 466 1760 520 luna
1814 464 2065 520 salutaris
2111 466 2205 518 Pa-

661 566 806 620 scha
843 563 1035 617 festum
1089 562 1231 615 diem
1277 558 1656 613 celebrandum
1706 570 1825 611 esse
1881 558 2204 621 censebant,

660 670 769 723 quo
800 654 885 707 die
919 650 1292 720 prascriptum
1321 655 1439 700 erat
1462 646 1662 700 Judais
1688 655 1746 698 ut
1772 660 1964 714 agnum
2016 646 2206 698 immo-

659 744 833 795 larent
859 760 873 796 :
907 755 1075 809 eaque
1114 738 1335 792 omnino
1365 736 1487 788 luna
1517 735 1568 788 in
1591 747 1964 803 quemcunque
1986 735 2203 787 demum

656 835 799 887 diem
846 832 1157 899 septimana
1218 825 1517 889 incidisset,
1568 825 1724 878 linem
1769 824 1983 893 jejuniis
2030 823 2201 892 impo-

656 922 889 975 nendum
916 932 1035 974 esse
1062 915 1369 971 statuebant
1397 934 1410 967 ;
1436 929 1557 967 cum
1592 923 1763 967 tamen
1798 914 2013 982 reliqua
2040 915 2203 968 totius

654 1010 805 1063 orbis
828 1007 1078 1061 Ecclesia
1109 1006 1214 1059 alio
1244 1022 1285 1057 π
1305 1019 1393 1058 ore
1424 1014 1721 1067 uterentur,
1773 1006 1863 1071 qui
1898 1018 1961 1056 ex
1986 1010 2201 1071 apostoo

657 1100 837 1155 lorum
872 1097 1159 1152 traditione
1192 1095 1461 1163 prolectus
1513 1095 1805 1149 etiamnum
1846 1104 2112 1158 servatur,
2144 1101 2203 1145 ut

655 1192 863 1248 scilicet
915 1205 1019 1243 non
1069 1189 1174 1242 alio
1227 1203 1385 1257 quam
1439 1186 1869 1241 Resurrectionis
1914 1186 2202 1239 Dominica

655 1276 745 1331 die
773 1274 977 1344 jejunia
1028 1274 1164 1330 solvi
1203 1274 1405 1329 liceat:
1448 1274 1637 1344 synodi
1687 1274 1755 1326 ob
1807 1273 1882 1336 id,
1923 1282 2200 1342 cauisque

652 1368 1025 1443 episcoporum
1050 1352 1374 1422 convenere.
1403 1367 1578 1434 Atque
1596 1380 1784 1420 omnes
1811 1380 1917 1418 uno
1933 1380 2194 1419 consensu

651 1458 1071 1513 ecclesiasticam
1104 1456 1346 1527 regulam
1379 1459 1646 1512 universis
1682 1458 1926 1511 ﬁdelibus
1952 1472 2051 1525 per
2094 1460 2198 1527 epi-

649 1548 819 1603 stolas
851 1548 1235 1602 tradiderunt:
1284 1564 1351 1603 ne
1411 1549 1661 1602 videlicet
1720 1548 1826 1601 u-llo
1880 1548 1983 1601 alio
2034 1565 2194 1616 quam

647 1639 928 1693 Dominico
976 1638 1063 1692 die
1124 1638 1445 1706 mysterium
1500 1637 1933 1691 Resurrectionis
1987 1638 2190 1691 Domini

647 1719 885 1795 unquam
922 1728 1224 1781 celebretur
1267 1741 1283 1780 :

647 1818 916 1873 schalium
940 1814 1263 1883 ieiuniorum
1298 1817 1584 1871 terminum
1616 1818 1979 1872 observemus.
2008 1819 2194 1871 Exstat

647 1909 939 1961 etiamnum
969 1906 1195 1974 epistola
1227 1907 1587 1971 sacerdotum,
1622 1908 1711 1976 qui
1746 1916 1872 1959 tunc
1899 1907 1977 1959 ‘in
2032 1905 2193 1960 Pala-

648 1998 790 2048 stina
814 1995 1118 2065 congregati
1143 2003 1267 2048 sunt
1295 2014 1309 2048 :
1337 1996 1529 2065 quibus
1546 1995 2190 2065 prasidebantTheophi-

644 2088 730 2140 lus
757 2088 1015 2140 Caesarea
1049 2086 1369 2151 Palastina,
1404 2097 1457 2141 et
1478 2086 1763 2142 Narcissus
1800 2087 2194 2157 Hierosolymo-

647 2194 763 2231 rum
812 2178 1111 2248 episcopus.
1161 2177 1280 2232 Alia
1330 2178 1460 2233 item
1508 2187 1687 2233 exstat
1728 2177 1957 2246 epistula
2000 2180 2187 2247 synodi

714 2292 825 2361 (5‘2)
863 2294 1011 2361 Vulg.
1042 2292 1131 2345 ὅτι
1160 2293 1235 2363 δὴ
1274 2291 1382 2360 τῆς
1426 2294 1612 2363 Ἄσίας
1647 2293 1871 2347 ἅπασαι
1906 2296 1964 2347 αἱ
2008 2306 2205 2363 παροι-

647 2363 793 2415 κίαι.
834 2363 1013 2429 Longe
1038 2362 1364 2429 praferenda
1401 2372 1485 2415 est
1512 2362 1667 2415 lectio
1696 2378 1855 2429 quam
1890 2364 1941 2415 in
1973 2362 2203 2429 quatuor

643 2432 844 2488 nostris
875 2429 1146 2485 codicibus
1170 2433 1465 2497 reperimus
1479 2429 1639 2491 Μαι..
1672 2430 1831 2491 Med.,
1854 2430 1986 2487 Fuk.
2014 2443 2065 2483 et
2099 2434 2200 2485 Sa-

640 2506 760 2566 vil.,
787 2502 867 2553 ὅτι
895 2501 956 2567 δὴ
980 2500 1078 2567 τῆς
1108 2500 1304 2569 γἈσίας
1332 2498 1571 2569 ,ἀπάσης
1600 2500 1989 2569 αῑπαροικίαι.
2025 2500 2191 2555 Porro

597 2587 601 2591 '
639 2574 767 2625 Asia
800 2572 970 2622 tribus
1000 2568 1173 2620 modis
1206 2568 1454 2633 sumitur,
1477 2580 1534 2619 ut
1554 2569 1709 2621 docet
1736 2568 1998 2623 Aristides
2027 2571 2075 2623 in
2101 2573 2191 2623 Αι-

644 2640 902 2692 locutione
947 2635 1221 2703 Smyrnam
1239 2638 1303 2689 ad
1326 2638 1723 2704 imperatorem.
1754 2636 2019 2691 Interdum
2047 2640 2187 2692 enim

644 2708 902 2773 accipitur
936 2720 1031 2771 pro
1064 2706 1219 2757 tertia
1254 2714 1403 2772 parte
1425 2708 1571 2759 orbis
1600 2714 1885 2767 terrarum,
1918 2708 2185 2759 interdum

640 2791 742 2843 pro
773 2774 1067 2840 provincia,
1102 2774 1153 2826 in
1182 2788 1370 2826 novem
1391 2783 1681 2828 conventus
1697 2788 1786 2826 seu
1811 2775 2185 2841 juridictiones

641 2842 836 2900 divisa,
864 2856 979 2909 qua
1013 2845 1233 2909 parebat
1275 2842 1516 2897 Romano
1544 2844 1882 2912 proconsuli;
1932 2859 2180 2897 nonnun-

640 2928 799 2977 quam
826 2913 1063 2981 strictius
1083 2912 1315 2966 sumitur
1339 2928 1431 2979 pro
1455 2928 1516 2965 ea
1544 2914 1760 2981 regione
1778 2927 1895 2980 qua
1917 2912 1981 2965 ad
2010 2912 2184 2967 fontes

641 2982 891 3035 Maeandri
938 2980 1251 3048 porrigitur.
1294 2982 1422 3035 Cum
1458 2982 1621 3049 igitur
1652 2980 1911 3035 Eusebius
1937 2982 2023 3049 hic
2050 2981 2187 3034 alIir—

2308 466 2383 528 ὼς
2403 469 2465 518 ὲκ
2499 469 2843 537 παραδόσεως
2869 467 3240 539 ἀρχαιοτέρας,
3276 466 3502 535 σελήνης
3524 464 3621 534 τὴν
3658 481 3812 516 tesca-

2310 558 2727 627 ρεσκαιδεκάτην
2775 557 2941 627 ᾤοντο
2988 558 3097 609 δεῖν
3151 558 3239 607 ἐπὶ
3288 555 3384 623 τῆς
3434 552 3527 606 τοῦ
3586 554 3810 624 σωτηρίου

2306 646 2494 714 Πάσχα
2521 648 2707 715 ἑορτῆς
2734 646 2847 717 (55)
2869 646 3316 717 παραφυλάττειν,
3344 648 3399 698 ὲν
3427 640 3623 716 ᾖθὺειν
3646 645 3698 696 τὺ
3715 646 3812 715 πρό-

2305 735 2460 787 6ατον
2523 737 2789 800 Ἰουδαίοις
2833 737 3228 808 προηγόρευτο·
3280 736 3355 798 ὡς
3408 736 3522 787 δέον
3551 737 3612 787 ὲκ
3646 733 3807 797 παντὸς

2304 829 2442 879 κατά
2474 827 2695 897 ταύτην,
2727 826 2884 896 ὁποίᾳ
2920 827 2963 877 δ’
2996 826 3061 879 ἂν
3090 825 3268 895 ἡμέρᾳ
3294 824 3391 895 τῆς
3434 822 3707 893 ἑϐδομάδος
3735 839 3808 873 πε-

2306 917 2630 986 ριτυγχάνοι,
2658 917 2755 978 τὰς
2802 917 2906 968 τῶν
2953 916 3172 969 ἀσιτιῶν
3214 915 3479 977 ὲπιλύσεις
3513 914 3621 984 (54)
3669 916 3806 965 ποιεῖ-

2303 1007 2444 1069 σθαι,
2478 1009 2577 1059 οὐκ
2613 1006 2764 1067 ἔθους
2804 1007 2951 1069 ὄντος
2978 1008 3161 1060 τοῦτον
3208 1007 3467 1059 ἐπιτελεῖν
3513 1005 3603 1058 τὸν
3642 1005 3806 1074 τρόπον

2299 1098 2417 1157 ταῖς
2471 1094 2572 1147 ἀνὰ
2625 1096 2721 1164 τὴν
2779 1095 2967 1166 λοιπὴν
2998 1094 3207 1147 ἅπασαν
3257 1096 3572 1164 οἰκουμένην
3615 1092 3806 1167 Ἐκκλη-

2300 1184 2441 1245 alat;
2479 1183 2610 1255 (55),
2648 1183 2708 1245 ἐξ
2744 1180 3097 1255 ἀπστολικῆς
3140 1186 3478 1256 παραδόσεως
3512 1185 3573 1236 τὸ
3618 1184 3703 1237 καὶ¹
3745 1184 3807 1247 εἰς

2297 1274 2453 1346 δεῦρο
2513 1273 2784 1343 κρατῆσαν
2824 1272 2940 1334 ἔθος
2982 1273 3383 1341 φυλαττούσαις,
3442 1275 3517 1335 ὡς
3576 1272 3807 1343 μηδετέρᾳ

2300 1365 2589 1435 προσήκειν
2630 1362 2778 1432 παρά
2815 1361 2913 1431 τὴν
2944 1363 3041 1430 τῆς
3078 1362 3416 1425 ἀναστάσεως
3455 1362 3549 1415 τοῦ
3594 1362 3811 1431 Σωτῆρος

2297 1457 2449 1526 ἡμῶν
2472 1440 2651 1526 ἡμέρᾳ
2670 1453 2767 1516 τὰς
2790 1454 3035 1523 νηστείας
3064 1452 3367 1506 ἐπιλύεσθαι
3391 1454 3518 1523 (se).
3544 1454 3738 1506 Σύνοδοι
3756 1452 3806 1523 δὴ

2296 1548 2388 1600 καὶ
2433 1547 2821 1616 συγκροτήσεις
2866 1544 3171 1596 ἐπισκόπων
3210 1545 3308 1595 -ὲπὶ
3350 1544 3540 1597 ταύτὸν
3581 1546 3805 1611 ἐγίνοντο,

2297 1639 2491 1700 πάντες
2524 1655 2580 1689 τε
2618 1638 2712 1707 μιᾷ
2740 1636 2929 1707 γνώμῃ
2963 1636 3028 1688 δι’
3057 1635 3346 1688 ἐπιστολῶν
3396 1634 3808 1703 ἐκκλησιαστικὸν

1340 1738 1502 1795 utque
1531 1742 1595 1781 eo
1650 1729 1911 1782 duntaxat
1952 1729 2037 1782 die
2096 1729 2182 1782 Pa-

2296 1732 2469 1800 δόγμα
2509 1734 2616 1791 τοῖς
2664 1731 2959 1799 πανταχόσε
3013 1727 3365 1790 διετυποῧντο,
3410 1726 3485 1788 ὼς
3524 1727 3588 1778 ἂν
3620 1728 3729 1797 μηδ’
3761 1727 3809 1777 ὲν
3878 1730 3881 1733 ’

2297 1823 2426 1894 ἄλλῃ
2463 1824 2588 1874 ποτὲ
2621 1823 2718 1892 τῆς
2767 1823 3045 1892 Κυριακῆς
3089 1821 3265 1894 ἡμέρᾳ
3297 1820 3354 1872 τὺ
3396 1820 3495 1889 τῆς
3534 1824 3596 1873 ὲκ
3630 1819 3810 1889 νεκρῶν

2298 1914 2633 1976 ἀναστάσεως
2673 1916 2963 1967 ἐπιτελοῖτο
3005 1912 3097 1967 τοῦ
3140 1912 3342 1983 Κυρίου
3380 1911 3687 1980 μυστήριον,
3731 1910 3811 1961 καὶ

2297 2004 2440 2065 ὅπως
2467 2005 2523 2054 ὲν
2555 2004 2721 2074 ταύτῃ
2765 2006 2898 2076 μόνῃ
2943 2004 3049 2056 τῶν
3098 2002 3235 2056 κατά
3266 2001 3324 2053 τὸ
3350 2000 3539 2069 Πάσχα
3570 2000 3810 2070 νηστειῶν

2298 2093 2687 2165 φυλαττώμεθα
2724 2095 2821 2157 τὰς
2866 2096 3132 2158 ἐπιλύσεις
3164 2095 3292 2164 (57).
3326 2094 3546 2163 Φέρεται
3591 2092 3634 2144 δ’
3666 2092 3811 2143 εἰσέτι

2295 2183 2387 2235 νῦν
2423 2183 2529 2236 τῶν
2558 2182 2697 2235 κατὰ
2723 2184 3077 2254 Παλαιστίνην
3117 2183 3360 2253 τηνικάδε
3402 2181 3811 2253 συγκεκωμέ-

2308 2298 2373 2348 ad
2414 2297 2686 2351 Iudaicam
2734 2297 3153 2351 observationem
3212 2296 3405 2362 delapsi
3450 2304 3571 2347 snnt
3612 2312 3624 2345 :
3671 2292 3812 2355 idque

2306 2376 2429 2419 ante
2484 2368 2760 2419 concilium
2816 2366 3104 2426 Nicanum,
3166 2375 3224 2416 ut
3274 2368 3425 2417 docet
3481 2362 3809 2414 Athanasius.

2304 2434 2505 2489 Contra
2542 2451 2667 2489 vero
2701 2437 2905 2497 Asiani,
2943 2437 3194 2488 damnato
3237 2435 3463 2501 pristino
3490 2446 3691 2487 errore.
3732 2444 3810 2501 sa-

2297 2506 2499 2558 niorem
2536 2507 2856 2557 sententiam
2884 2503 3108 2569 amplexi
3139 2498 3280 2555 sunt.
3314 2504 3469 2555 Certe
3494 2510 3617 2551 ante
3642 2498 3807 2552 conci-

2293 2572 2419 2625 lium
2472 2574 2742 2644 Nicanum
2788 2574 2970 2626 Asiani
3020 2587 3220 2644 rnorem
3271 2570 3808 2644 Ecclesiadiomange

2290 2645 2646 2708 sequebantur
2686 2642 2737 2693 in
2778 2641 3150 2697 observatione
3178 2639 3412 2700 Pascha,
3441 2648 3493 2689 ut
3530 2638 3684 2708 docet
3708 2638 3808 2702 epi-

2290 2706 2419 2763 stola
2461 2712 2791 2764 Conslantini
2827 2710 2890 2761 ad
2925 2711 3209 2772 Ecclesiae.
3261 2724 3420 2777 quam
3454 2708 3617 2759 refert
3650 2706 3805 2757 Euse-

2296 2779 2418 2832 hius
2453 2780 2673 2831 in-libro
2702 2794 2757 2831 ιιι
2796 2780 2864 2829 De
2886 2779 2993 2845 ejus
3023 2781 3146 2840 vim,
3172 2776 3289 2844 cap.
3318 2776 3403 2828 l8.
3454 2824 3473 2845 ἓν

2356 2847 2465 2917 (56)
2507 2848 2616 2917 Τὰς
2640 2840 2921 2917 νηστείᾳςῖ
2950 2840 3306 2917 ἐπιλύεσθαι.
3340 2842 3504 2917 Paulo
3531 2854 3649 2917 ante
3678 2840 3804 2917 dire-

2285 2910 2372 2967 rat'
2415 2910 2511 2977 τάς
2552 2910 2658 2967 τῶν
2693 2910 2909 2969 ἀσιτιῶν
2942 2916 3211 2976 ὲπιλύσεις
3253 2911 3536 2965 ποιεῖσθαι.
3591 2910 3800 2978 Cyrillns

2289 2984 2341 3035 in
2372 2983 2614 3036 Homiliis
2646 2983 2980 3035 Prisc/talibus
3002 2983 3271 3052 περιλύειν
3302 2983 3397 3042 τάς
3430 2980 3700 3052 νηστείας,
3718 2991 3801 3041 pro

642 3062 751 3103 met
780 3051 917 3103 Asia
940 3040 1114 3102 totius
1162 3050 1431 3103 Ecclesias
1462 3040 1602 3104 diem
1650 3050 1869 3105 Pascha
1918 3040 2021 3104 una
2065 3067 2183 3104 cum
2213 3040 2254 3093 Ο
2290 3054 2472 3105 eodem
2518 3054 2821 3118 frequenter
2862 3040 3100 3118 usurpat.
3149 3040 3438 3103 Dicebatur
3483 3040 3650 3118 etiam
3679 3040 3801 3099 ἀπο-

637 3121 836 3173 .ludais
874 3120 1198 3183 celebrasse,
1243 3120 1407 3186 quaeri
1461 3121 1653 3173 merito
1698 3129 1875 3186 potest
1920 3121 2189 3186 quomodo

638 3191 727 3241 hic
752 3189 1074 3241 sumendum
1114 3188 1185 3239 sit
1212 3188 1351 3241 Asia
1393 3202 1605 3242 nomen.
1635 3187 1763 3241 Mihi
1802 3189 2013 3255 quidem
2043 3189 2189 3245 vide-

637 3268 726 3311 tur
786 3256 1007 3324 intelligi
1062 3256 1338 3322 provincia
1406 3256 1547 3310 Asia
1573 3272 1734 3324 quam
1760 3257 2043 3325 proconsul
2100 3273 2183 3310 re-

674 3327 816 3376 chat.

871 3393 999 3445 Ἐπὶ
1046 3391 1158 3462 τῆς
1204 3391 1307 3445 τοῦ
1355 3393 1648 3462 σωτηρίου
1674 3392 1912 3462 μΠάσχα
1956 3393 2183 3460 ἑορτῆς’

638 3460 817 3512 Nosu-i
866 3464 1075 3512 codiers
1118 3460 1275 3520 Maz.,
1324 3462 1460 3513 Med.
1504 3473 1557 3514 et
1594 3460 1726 3514 Fuk.
1782 3460 2038 3527 scripturn
2090 3465 2185 3515 ha-

639 3531 883 3601 benten‘t
914 3531 1009 3601 τῆς
1035 3529 1127 3580 τοῦ
1157 3532 1345 3599 Πάσχα
1379 3531 1643 3601 σῳτηρὶου
1677 3531 1885 3601 ἑορτῆς,

703 3598 817 3665 (54)
858 3600 1015 3651 Κατὰ
1064 3598 1351 3665 eadem...
1392 3598 1676 3664 22¢"er
1707 3598 1949 3652 ἀσιτιῶν
1992 3598 2185 3652 ἐπιλύ-

634 3680 785 3731 σεις.
815 3666 1050 3721 Jacobus
1103 3668 1353 3724 Usserius
1392 3671 1445 3721 in
1475 3668 1861 3737 Prolegomenis
1886 3668 1953 3720 ad
1989 3669 2180 3736 Ignaiii

634 3737 902 3807 epistolas,
921 3753 967 3791 c.
986 3738 1038 3801 9,
1064 3738 1252 3793 Scribit
1278 3738 1524 3807 Asianos,
1548 3740 1637 3803 qui
1665 3738 1835 3804 primo
1858 3739 2177 3807 Azymorum

633 3806 720 3857 die
751 3822 871 3859 enni
895 3807 1090 3859 Judais
1119 3808 1321 3862 Pascha
1354 3806 1715 3870 celebrabant,
1750 3821 1870 3859 eum
1898 3806 2035 3859 diem
2059 3820 2177 3859 cum

633 3872 789 3945 luctu
807 3890 869 3928 ac
895 3876 1095 3945 jejunio
1120 3877 1464 3941 transegisse,
1488 3890 1661 3945 eoque
1680 3877 1889 3945 demum
1911 3886 2177 3928 transacto

624 3941 1381 4013 jejuniumquadragesimale
1410 3941 1654 3999 solvisse.
1688 3943 1883 4013 Verum
1909 3945 2030 3997 huic
2055 3959 2176 3997 sen-

634 4012 811 4083 tentia
839 4012 1434 4081 relragatur’Eusebius,
1452 4016 1541 4083 qui
1560 4014 1756 4066 diserte
1779 4012 2171 4083 aﬂirmatAsia-

630 4094 729 4149 nos
756 4082 841 4133 die
870 4083 934 4133 M
964 4083 1116 4148 primi
1146 4083 1363 4147 mensis,
1391 4084 1637 4149 quamvis
1676 4096 1777 4133 non
1827 4091 1967 4133 esset
2004 4082 2174 4134 Domi-

636 4148 778 4218 nica,
808 4149 985 4218 tinem
1033 4150 1286 4218 Statuisse
1332 4148 1785 4218 Quadragesima.
1840 4149 1991 4214 Quod
2046 4166 2169 4203 vero

638 4213 1064 4285 Usseriusaﬂ‘ert
1086 4213 1451 4285 Chrysostomi
1480 4213 1879 4282 testimonium,
1901 4233 2017 4272 meo
2049 4221 2181 4285 qui-.

628 4284 749 4354 dem
796 4284 1019 4349 judicio,
1052 4284 1170 4350 ejus
1200 4284 1521 4338 Sententiam
1560 4286 1693 4337 nihil
1742 4287 1976 4354 adjuvat.
2032 4284 2166 4338 Nam

2290 3121 2453 3173 λύειν.
2479 3122 2550 3173 Ita
2580 3121 2901 3186 Epiphanius
2926 3121 2976 3171 in
2997 3122 3181 3171 haresi
3205 3134 3361 3186 Lxxv,
3385 3131 3501 3179 qua
3525 3125 3603 3186 est
3621 3117 3802 3186 Aeria-

2292 3206 2513 3243 norutn:
2549 3183 2708 3242 Ποίαν
2738 3207 2795 3241 τε
2821 3189 3025 3258 ἡμέραν
3055 3189 3221 3258 ἄγειν,
3257 3185 3369 3247 πῶς
3384 3201 3439 3258 τε
3469 3183 3711 3258 ἀπολύειν
3731 3184 3803 3243 εις

2289 3252 2999 3328 ὲπιφώσκουσανΚυριακῆν,
3028 3252 3393 3328 φανερόνὲστι.
3418 3254 3545 3328 Item
3576 3252 3802 3328 ἱιιίξίιῑρο-

2288 3308 2619 3387 eadem;
2637 3308 2959 3379 *¢*a1i.’o‘m;.’-‘,-
2990 3308 3085 3378 ’Ἑν
3123 3308 3297 3385 ἄλλοις
3328 3324 3383 3375 δὲ
3425 3322 3607 3385 τόποις
3641 3321 3693 3372 οὐ
3716 3308 3803 3386 ’γι-

2285 3413 2427 3448 νεται
2458 3397 2674 3465 λατρεία
2696 3397 2792 3464 τῆς
2823 3396 3141 3464 οἰκονομίας,
3166 3394 3196 3464 ἦ
3226 3394 3388 3465 μόνον*
3406 3390 3802 3465 ἐπιφωσκοῴης

2284 3466 2381 3533 τῆς
2406 3460 2703 3535 Κυριακῆς,
2726 3460 2809 3517 ὅτε
2830 3460 3046 3518 ἀπολύει
3064 3460 3303 3535 περὶτὴν
3323 3460 3800 3535 τῶνᾼᾲλεκτρυόνιυν

2284 3530 2539 3605 κλαγγὴν.
2590 3530 2712 3605 scio
2751 3536 2965 3605 quidem
3012 3530 3374 3605 doct'issin'ium
3424 3530 3802 3605 Epip_lianii_in-

2285 3596 2563 3672 terp'ret'em
2599 3596 2845 3656 ἀπολύειν
2870 3605 3088 3657 vertisse
3112 3603 3376 3672 dimittere
3408 3596 3668 3672 populant.
3700 3596 3799 3647 Ve-

2283 3669 2396 3742 rum
2439 3676 2924 3742 interpretationem
2970 3681 3202 3725 nostram
3247 3669 3528 3742 confirmat
3563 3669 3799 3742 Clemens

2282 3741 2332 3792 in
2370 3742 2504 3794 libro
2551 3734 2592 3793 ν’
2632 3742 3084 3803 Conslitutionum,
3119 3755 3236 3807 cap.
3274 3738 3359 3798 15,
3394 3738 3482 3807 qui
3518 3750 3611 3807 pro
3639 3734 3801 3807 verbo

2278 3810 2544 3879 ἀπολύειν.
2576 3826 2681 3878 quo
2706 3826 2830 3867 usus
2855 3822 2933 3862 est
2960 3800 3298 3879 Epiphanius.
3330 3800 3499 3879 posuit
3520 3800 3802 3879 ἀπονηστί-

2277 3878 2494 3950 ςεσθαι,
2513 3873 2626 3950 (ιιιὲιΔ
2640 3893 2767 3950 voce
2796 3892 2926 3950 usus
2948 3873 3214 3950 estctiam
3243 3874 3521 3950 Dionysius
3572 3873 3799 3950 Alexan-

2270 3937 2773 4013 drinus'inepistola
2803 3949 2865 3997 ad
2895 3946 3167 3997 Basilidem
3201 3956 3254 3998 et
3282 3937 3591 4010 Hippolytus
3622 3937 3800 4013 in‘Ca-

2275 4032 2405 4068 none
2432 4006 2694 4069 Paschali.
2721 4015 3006 4077 Quasitnni
3027 4012 3275 4080 fuitapud
3305 4006 3509 4080 veteres
3540 4022 3635 4074 qua
3664 4006 3799 4080 hora

2274 4086 2581 4138 solvendum
2624 4094 2764 4135 esset
2794 4082 3052 4150 jejunium
3086 4077 3363 4135 Paschale.
3407 4079 3693 4150 Altiusque
3724 4077 3801 4126 ad

2271 4154 2563 4205 diluculum
2607 4145 2894 4203 Dominic'a
2937 4151 3207 4204 Paschalis
3249 4159 3363 4217 post
3413 4145 3540 4217 galli
3580 4153 3799 4195 cantum

2270 4222 2479 4273 aiebant
2513 4219 2905 4285 producendum
2942 4235 3060 4273 esse
3096 4215 3373 4285 jejunium,
3404 4225 3461 4267 ut
3496 4215 3685 4285 videre“
3708 4220 3801 4285 est

2269 4292 2405 4356 apud
2438 4279 2789 4355 Epiphanium
2820 4299 2871 4341 et
2896 4279 3243 4341 Clementem.
3274 4286 3373 4356 Alii
3408 4294 3627 4356 vespera
3657 4279 3805 4356 δεψ-

626 4350 1120 4423 (ὶιιιηῖδοειοιιιιιείη
1146 4354 1387 4423 oratione
1419 4354 1505 4423 illa
1535 4350 1913 4408 adversus'eos
1936 4355 2023 4419 qui
2056 4357 2166 4423 pri-
2202 4352 2240 4404 D
2272 4350 2373 4409 bati
2432 4350 2704 4408 Paschalis
2749 4356 3005 4423 jejunium
3058 4354 3439 4423 dissolvebant.
3498 4350 3666 4423 Atque
3718 4351 3801 4423 ita

628 4434 716 4470 lll0
749 4420 949 4489 Pascha
978 4420 1248 4487 jejunant,
1293 4422 1563 4474 invehitur
1606 4423 1861 4489 adversus
1908 4420 2161 4489 quosdam

624 4488 1158 4557 Quartadecimanos,
1192 4490 1284 4557 qui
1313 4505 1400 4543 xw
1429 4490 1554 4541 luna
1586 4505 1705 4543 cum
1740 4488 1935 4544 Judais
1959 4490 2161 4543 Pascha

623 4556 1189 4627 celebrabanl,eoque
1210 4556 1300 4612 die
1332 4559 1641 4627 jejunabant
1667 4573 1731 4627 ac
1778 4559 2030 4627 mysteria
2078 4576 2165 4613 ce-

623 4626 936 4695 lebrabant;
968 4626 1018 4678 id
1052 4631 1193 4679 enim
1229 4626 1498 4695 proprium
1524 4637 1640 4680 erat
1662 4626 2164 4695 Quartadecimano-

622 4710 764 4760 rum,
798 4694 926 4745 utin
954 4710 1137 4746 eorum
1177 4694 1364 4751 haeresi
1403 4697 1564 4749 tradit
1588 4695 1933 4762 Epiphanius.
1966 4694 2160 4748 Verum

622 4766 833 4829 priscos
858 4763 1196 4834 Asianosita
1228 4764 1439 4829 fecisse,
1472 4780 1569 4819 nec
1599 4765 2030 4834 Chrysostomus,
2065 4779 2162 4817 nec

619 4835 755 4885 alius
779 4831 1059 4898 quisquam
1088 4832 1243 4883 dixit.

710 4902 798 4971 55)
840 4899 970 4971 Ταῖς
992 4898 1106 4971 ὰῃὰ
1131 4898 1244 4965 τὴν
1272 4904 1494 4970 λοιπὴν
1523 4903 1764 4957 ἅπασαν
1807 4901 2161 4969 οἰκουμένην

627 4966 1269 5039 'Exm'lnolargﬂotanda
1288 4982 1407 5021 sunt
1426 4966 1757 5025 liacEusebii
1777 4966 2161 5039 verba,quibus
2203 5007 2207 5011 -

615 5051 799 5109 aperte
832 5039 1119 5109 signiﬁcat,
1158 5037 1301 5109 solos
1340 5041 1565 5093 Asianos
1601 5049 1728 5094 tunc
1759 5037 2015 5109 temporis
2060 5039 2160 5093 Pa-

614 5108 741 5159 Scha
768 5123 888 5160 cum
920 5106 1117 5160 Judais
1145 5105 1470 5174 celebrasse,
1497 5110 1729 5176 reliquas
1764 5105 1942 5166 autem
1973 5118 2159 5163 omnes

614 5175 882 5229 Ecclesias
922 5176 1080 5229 aliter
1135 5176 1472 5230 observasse.
1510 5175 1684 5241 Quare
1735 5194 1839 5232 non
1896 5179 2160 5233 assentior

614 5243 878 5316 llalloiaio
903 5260 1006 5316 _n_ec
1041 5244 1282 5309 Usserio,
1323 5243 1701 5316 aliisqu_e,jqui
1731 5248 1959 5302 credunt
1993 5248 2157 5316 Syros

612 5313 777 5363 etiam
813 5328 875 5366 ac
900 5312 1361 5381 Mesopotameuos
1400 5327 1464 5365 ac
1498 5313 1689 5368 Cilicas
1737 5318 1874 5370 idem
1912 5312 2045 5369 tunc'
2076 5314 2153 5366 le-

614 5380 750 5455 cisse
778 5383 914 5455 quod
936 5380 1182 5436 Asianos.
1224 5383 1334 5434 lmo
1357 5395 1481 5435 vero
1510 5382 1714 5455 Syriet
1738 5384 2154 5455 Mesopotameni

612 5444 714 5497 hoc
755 5444 1248 5522 quidcm__tempore
1290 5460 1443 5522 reete
1469 5444 1790 5522 sentiebant,
1819 5444 2063 5522 ut'patet
2089 5468 2156 5505 ex

613 5527 816 5591 eorum
834 5520 1098 5591 conciliis,
1122 5519 1253 5587 qua
1283 5520 1464 5591 hicah
1504 5519 1733 5591 Eusebio
1768 5519 2151 5577 memorantur.

618 5583 749 5636 Nam
780 5584 1048 5640 Osdroene
1079 5583 1202 5657 pars
1235 5589 1731 5657 estMeSOpotamia
1791 5591 1977 5646 Postea
2030 5590 2151 5646 vero

2263 4417 2763 4495 pracipitCyrillns
2790 4417 2840 4476 i'n
2866 4424 3107 4477 Ilomiliis
3148 4421 3497 4495 paschalibus.
3523 4417 3645 4495 Qua:
3670 4419 3806 4484 qui-

2265 4489 2382 4545 dem
2413 4489 2673 4551 institutio
2704 4494 2888 4547 utilior
2924 4489 3210 4547 videtur'et
3250 4489 3437 4541 rationi
3473 4489 3634 4552 magis
3664 4502 3810 4540 con-

2263 4564 2537 4613 sentanea.
2592 4560 2720 4616 Nam
2766 4579 2885 4617 cum
2936 4573 3089 4615 nocte
3138 4571 3254 4625 qua
3300 4555 3609 4608 Paschalem
3649 4557 3808 4609 diem

2262 4632 2556 4694 antecedit,
2591 4631 3005 4697 pernoctandum
3042 4638 3181 4681 esset
3213 4628 3262 4677 in
3290 4625 3548 4697 ecclesia,
3578 4638 3813 4697 propter

2265 4697 2499 4766 laborem
2544 4693 2746 4766 vigilia
2794 4702 2873 4753 sic
2919 4699 3192 4766 jeiUllill'lL
3226 4693 3674 4766 θοινίηορρτῃιίιι
3743 4712 3816 4746 ¹¹⁸

2262 4765 2445 4819 ﬁdeles
2473 4768 2522 4819 in
2554 4761 2773 4823 ecclesia
2801 4761 3127 4821 fatiscerent.
3154 4762 3308 4815 Certe
3330 4761 3455 4814 olim
3480 4763 3530 4814 in
3553 4762 3813 4817 Ecclesia

2264 4834 2497 4905 ltomana
2538 4835 2783 4891 Sabbatis
2814 4852 2906 4905 per
2931 4832 3418 4905 Quadragesimarn,
3447 4832 3815 4905 non_jej1utaT

2260 4904 2407 4974 bant,
2434 4916 2710 4972 propterea
2736 4899 2873 4974 quod
2902 4905 2969 4956 ab
2999 4918 3063 4954 eo
3092 4902 3175 4953 die
3206 4899 3510 4974 in_cccles_ia
3549 4900 3610 4974 B_.
3641 4900 3815 4954 Petri

2260 4968 2465 5043 vigilias
2513 4968 2669 5043 agere
2700 4968 3120 5043 consueverant;
3154 4977 3212 5043 u_t
3243 4968 3398 5022 docet
3439 4970 3547 5043 Leo
3588 4972 3639 5023 in
3683 4985 3817 5043 ser-

2260 5037 2414 5092 mon'e
2440 5041 2491 5103 4,
2528 5035 2590 5095 ιῖε
2627 5042 3057 5107 Quadragesima.
3090 5035 3193 5108 Sed
3216 5043 3270 5108 et
3300 5038 3545 5108 monachi
3576 5042 3818 5108 quoties

2260 5109 2584 5176 vigilandum
2615 5122 2776 5170 esset,
2813 5106 3075 5161 maturius
3103 5106 3352 5176 liniebant
3388 5106 3682 5176 jejunium,
3718 5108 3819 5162 διὰ

2257 5176 2350 5298 Ξὸῖ
2373 5178 2535 5231 κόπον
2556 5181 2649 5250 τῆς
2676 5176 2993 5246 ἀγρυπνίας,
3021 5184 3079 5227 ιιι
3112 5175 3299 5244 legitur
3326 5178 3379 5229 in
3405 5175 3597 5245 Typico
3618 5184 3819 5231 sancti

2299 5262 2324 5296 al
2351 5263 2427 5298 Μ’.

2280 5247 2427 5300 Salue.

2327 5314 2433 5385 (57)
2493 5317 2947 5391 φυλαττοίμεθα.
2972 5313 3077 5379 τὰς
3100 5312 3556 5391 ’ἐπιδιύσειςκιη
3582 5315 3822 5391 codice

2256 5381 2387 5436 Bla'z.
2416 5381 2470 5437 et
2494 5387 2626 5439 Fuk.
2656 5381 2910 5453 scriptum
2938 5384 3111 5436 inveni
3139 5382 3543 5453 φυλαττώμεθα.
3566 5385 3654 5437 Ac
3684 5386 3824 5437 licet

2258 5459 2589 5518 praecesserit
2639 5450 2949 5517 ἐπιτελοῖτο,
3001 5450 3171 5509 tamen
3218 5457 3331 5507 hac
3369 5450 3509 5505 modi
3567 5458 3826 5510 mutatio

2256 5526 2546 5592 elegantior
2571 5526 2801 5579 videtur.
