3956 6352
733 349 831 403 507

1462 342 1724 396 EUSEBll
1763 341 2220 397 CtESARIENSlS
2255 345 2402 400 OPP.
2443 345 2618 400 PARS
2654 346 2696 402 1.
2736 378 2803 388 ——
2835 343 3218 400 HISTORICA.
3797 351 3878 405 508

736 467 1092 520 Ecclesiarum
1117 463 1446 531 presbyteris
1477 462 1565 528 qui
1590 462 1638 513 id
1663 464 2037 526 observabant,
2065 464 2265 516 Eucha-

2370 482 2554 527 σαντες
2587 465 2719 535 πρὸς
2747 464 2985 526 ἑαυτούς.
3013 463 3145 516 Οὔτε
3172 464 3278 533 γὰρ
3304 465 3331 514 ὀ
3370 464 3639 534 Ἀνίκητος
3677 465 3763 518 τὸν
3796 469 3879 520 Πο-

735 557 934 608 ristiam
968 554 1398 606 transmiserunt.
1430 549 1628 603 Etcum
1659 550 1990 604 beatissimus
2019 552 2268 620 Polycar-

736 661 833 711 pus
860 643 1064 696 Aniceti
1092 641 1422 708 temporibus
1460 641 1681 692 Romam
1710 641 1964 702 venisset,
1995 651 2153 708 atque
2184 642 2266 692 iii-

737 744 815 786 ter
836 733 953 784 illos
974 733 1039 784 de
1069 732 1382 799 quibusdam
1415 730 1534 780 aliis
1565 730 1719 781 rebus
1748 731 1950 781 modica
1977 739 2116 782 esset
2142 745 2268 782 con-

735 822 1016 882 troversia,
1065 821 1247 874 statim
1296 829 1478 870 mutuo
1509 820 1652 884 pacis
1700 819 1882 870 osculo
1909 833 1965 870 se
2009 820 2266 887 complexi

735 921 879 972 sunt,
905 911 970 962 de
994 912 1095 962 hoc
1121 909 1296 975 capite
1325 923 1427 961 non
1459 923 1775 975 magnopere
1800 909 1939 961 inter
1971 925 2027 962 se
2050 920 2270 962 conten-

736 1001 944 1053 dentes.
987 1001 1170 1066 Neque
1195 998 1335 1049 enim
1361 999 1612 1050 Anicetus
1635 996 1926 1066 Polycarpo
1953 1001 2271 1065 persuadere

739 1107 970 1158 unquam
1005 1097 1213 1155 p0terat
1247 1096 1302 1138 ut
1329 1087 1615 1139 observare
1636 1089 1922 1152 desineret,
1961 1091 2153 1157 quippe
2181 1091 2268 1158 qui

739 1195 858 1235 cum
889 1178 1092 1233 Joanne
1127 1179 1330 1230 Domini
1387 1179 1551 1230 nostri
1585 1179 1863 1244 discipulo,
1895 1189 1947 1232 et
1975 1196 2093 1232 cum
2142 1181 2270 1233 reli-

739 1271 861 1338 quis
886 1269 1141 1335 apostolis
1179 1269 1492 1336 quibuscum
1536 1269 1865 1321 familiariter
1897 1269 2120 1334 vixerat,
2149 1285 2269 1322 eum

742 1378 945 1414 morem
978 1370 1230 1428 perpetuo
1257 1361 1609 1434 observasset.
1651 1358 1829 1426 Neque
1860 1362 1980 1410 item
2019 1360 2269 1427 PolyCar-

742 1466 840 1518 pus
865 1451 1082 1502 Aniceto
1111 1450 1426 1516 persuadere
1452 1460 1670 1499 conatus
1708 1456 1788 1499 est
1824 1461 1881 1499 ut
1912 1448 2222 1500 observaret
2255 1489 2267 1508 ,

741 1553 861 1590 cum
893 1538 1143 1589 Anicetus
1187 1550 1368 1586 eorum
1401 1535 1489 1602 qui
1521 1544 1644 1585 ante
1673 1549 1729 1585 se
1772 1532 1978 1584 fuerant
2013 1536 2276 1602 presbyte-

742 1641 923 1678 rorum
982 1638 1180 1676 morem
1217 1623 1314 1674 sibi
1367 1622 1700 1674 retinendum
1749 1635 1865 1673 esse
1901 1623 2118 1675 diceret.
2148 1621 2272 1684 Qua:

739 1730 860 1768 eum
899 1715 967 1766 ita
1000 1731 1059 1765 se
1093 1715 1370 1774 baberent,
1400 1713 1860 1764 communicarunt
1885 1711 1982 1763 sibi
2013 1711 2264 1763 invicem:

2369 556 2639 624 λύκαρπον
2663 557 2842 606 πεῖσαι
2875 555 3089 606 ἐδύνατο
3116 555 3186 623 μὴ
3214 558 3413 625 τηρεῖν,
3439 553 3530 607 ἅτε
3553 555 3683 624 μετὰ
3727 556 3880 608 Ἰωάνς

2370 662 2458 695 νου
2489 645 2578 696 τοῦ
2618 645 2853 713 μαθητοῦ
2885 646 2975 696 τοῦ
3017 645 3213 715 Κυρίου
3241 645 3414 715 ἡμῶν,
3443 647 3534 698 καὶ
3568 646 3672 698 τῶν
3705 647 3878 699 λοιπῶν

2371 732 2678 784 ἀποστόλων
2690 728 2767 794 οἷς
2784 733 3161 803 συνδιέτριψεν,
3189 735 3272 785 ἀεὶ
3285 751 3481 805 τετηρη
3491 735 3640 798 κάτα,
3657 735 3772 788 οὔτε
3793 739 3879 804 μὴν

2369 824 2396 872 ό
2426 820 2768 889 Πολύχαρπος
2799 820 2887 871 τὸν
2931 821 3200 890 ’Δνίκητον
3232 821 3409 873 ἔπεισε
3452 828 3653 893 τηρεῖν,
3681 824 3879 892 λέγοντα

2368 908 2464 974 τὴν
2499 909 2774 977 συνήθειαν
2803 908 2908 959 τῶν
2954 908 3052 976 πρὸ
3077 900 3236 961 αὑτοῦ
3275 909 3646 980 πρεσϐυτέρων
3672 912 3878 980 ὀφείλειν

2370 997 2628 1064 κατέχειν.
2667 996 2772 1047 Kal.
2808 996 3006 1049 τούτων
3046 995 3213 1059 οὕτως
3254 997 3496 1066 ἐχόντων,
3546 999 3879 1068 ἐκοινώνησαν

2370 1088 2575 1147 ἑαυτοῖς
2593 1103 2606 1116 ·
2630 1087 2721 1136 καὶ
2744 1088 2798 1137 ὲν
2814 1089 2878 1154 τῇ
2917 1088 3205 1157 Ἐκκλησία
3224 1087 3604 1159 παρεχώρησεν
3624 1090 3650 1140 ὁ
3693 1089 3880 1160 Ἀνίκη-

2368 1192 2458 1235 τος
2485 1175 2580 1244 τὴν
2596 1175 2950 1242 [εὐχαριστίαν
2977 1175 3082 1243 (89)
3114 1176 3188 1244 τῷ
3209 1176 3563 1246 Πολυκάρπῳ,
3593 1178 3705 1228 κατ’
3725 1180 3879 1246 ἐντρο-

2372 1265 2477 1332 πὴν
2508 1263 2763 1332 δηλονότι,
2796 1264 2887 1315 καὶ
2927 1265 3038 1333 μετ’
3073 1267 3286 1336 εἰρήνης
3329 1267 3420 1317 ἀπ’
3465 1266 3700 1335 ἀλλήλων
3731 1266 3878 1334 ἀπηλ-

2371 1352 2628 1420 λάγησαν,
2682 1351 2854 1418 πάσης
2899 1353 2993 1420 τῆς
3047 1353 3365 1421 Ἐκκλησίας
3412 1356 3629 1424 εἰρήνην
3671 1354 3878 1422 ἐχόντων

2369 1443 2475 1492 τῶν
2510 1441 2812 1510 τηρούντων
2839 1441 2928 1492 καὶ
2964 1441 3034 1510 μὴ
3062 1442 3380 1512 τηρούντων.
3414 1463 3432 1494 ι
3474 1446 3581 1495 Καὶ
3614 1447 3641 1496 ό
3677 1445 3772 1513 μὲν
3801 1445 3878 1495 Εἰ-

2375 1533 2587 1600 ρηναῖος
2615 1529 2927 1600 φερώνυμός
2959 1548 3037 1591 τις
3071 1530 3144 1582 ὢν
3185 1535 3248 1600 τῇ
3285 1535 3637 1603 προσηγορία,
3667 1534 3804 1602 αὐτῷ
3830 1551 3877 1584 τε

2371 1623 2450 1692 τῷ
2474 1623 3017 1694 τρόπῳείρηνοποιὸς,
3042 1623 3255 1676 τοιαῦτα
3274 1625 3407 1694 ὑπὲρ
3423 1627 3517 1694 τῆς
3536 1626 3644 1677 ’τῶν
3677 1625 3876 1692 Ἐκκλη-

2375 1707 2501 1757 σιῶν
2542 1710 2758 1776 εἰρήνης
2804 1708 3096 1776 παρεκάλει
3126 1726 3185 1760 τε
3231 1711 3320 1762 καὶ
3363 1710 3698 1783 ἐπρέσϐευεν.
3745 1715 3797 1764 Ὁ
3842 1713 3877 1764 δ’

748 1815 802 1857 et
830 1805 1080 1855 Anicetus
1128 1803 1180 1854 in
1216 1802 1451 1854 Ecclesia
1504 1801 1848 1853 consecrandi
1900 1815 2088 1851 munus
2124 1798 2265 1867 Poly-

2377 1798 2536 1860 αὐτὸς
2584 1798 2643 1848 οὑ
2679 1798 2820 1866 μόνῳ
2852 1797 2928 1848 τῶ
2971 1799 3204 1869 Βίκτορι,
3239 1800 3332 1853 καὶ
3353 1800 3622 1872 διαφεροις
3658 1802 3712 1855 δὲ
3751 1802 3877 1854 πλεί-

739 1910 903 1960 earpo
935 1895 1153 1946 honoris
1204 1908 1362 1944 causa
1421 1892 1729 1944 concessit:
1789 1888 2104 1955 tandemque
2155 1903 2265 1940 cum

2377 1905 2520 1949 στοις
2544 1889 2794 1957 ἄρχουσιν
2811 1876 3155 1957 Ἐκκλησιῶν,
3183 1889 3250 1941 τὰ
3281 1890 3582 1960 κατάλληλα
3599 1891 3664 1942 δι’
3691 1892 3880 1942 ἐπιστο-

740 1999 870 2050 paee
899 1999 927 2034 a
957 1998 1014 2036 se
1051 1983 1275 2033 invicem
1298 1983 1660 2032 discesserunt
1686 1997 1697 2030 :
1738 1986 1841 2030 tam
1885 1980 1948 2030 iis
1974 1978 2062 2044 qui
2093 1977 2265 2030 obser‘

2372 1976 2475 2030 λῶν
2505 1979 2630 2046 περὶ
2659 1977 2750 2030 τοῦ
2793 1981 3139 2049 κεκινημένου
3177 1981 3478 2050 ζητήματος
3505 1981 3710 2050 ὡμίλει.

740 2071 955 2132 valiant,
1018 2086 1175 2139 quam
1215 2070 1314 2122 illis
1371 2071 1458 2136 qui
1495 2071 1712 2122 minime
1745 2069 2126 2129 observabant,
2157 2081 2336 2134 pacem
2375 2071 2908 2134 communionemque
2961 2072 3120 2125 totius
3166 2071 3414 2124 Ecclesia:
3470 2072 3872 2125 retinentibus:

739 2164 817 2216 Ac
847 2161 1072 2213 [renatus
1103 2161 1312 2226 quidem
1345 2159 1543 2210 nomini
1603 2174 1698 2210 suo
1751 2173 1874 2210 vere
1913 2158 2239 2223 respondens
2266 2195 2280 2219 ,
2320 2169 2416 2208 nec
2453 2157 2563 2209 solo
2595 2158 2826 2223 nomine,
2887 2160 2978 2212 sed
3010 2159 3167 2211 etiam
3202 2158 3323 2211 vitae
3356 2159 3595 2212 instituto
3627 2173 3686 2210 ac
3710 2173 3879 2225 ιιι-θρο-

737 2253 842 2306 sito
873 2251 1142 2321 paciﬁcus,
1186 2267 1280 2319 pro
1310 2251 1659 2303 Ecclesiarum
1719 2265 1850 2317 pace
1877 2250 1988 2302 bare
2022 2250 2224 2301 monuit
2285 2259 2336 2302 et
2373 2249 2642 2314 allegavit.
2681 2251 2787 2305 Nec
2819 2267 2942 2304 vero
2969 2252 3034 2304 ad
3078 2252 3233 2323 195
3277 2250 3540 2305 Victorem
3587 2252 3774 2316 solum,
3802 2253 3877 2304 sed

733 2342 801 2395 ad
841 2341 1032 2394 multos
1066 2341 1200 2393 alios
1230 2339 1579 2399 Ecclesiarum
1600 2339 1866 2391 antistites
1888 2339 1952 2391 de
1974 2339 2265 2406 quzestione
2303 2339 2577 2405 pr0posita
2608 2339 2810 2392 litteras
2836 2339 2886 2391 in
2913 2341 3150 2393 eamdem
3177 2341 3493 2394 sententiam
3521 2341 3680 2395 misit.

1284 2431 1504 2484 CAPUT
1543 2431 1704 2487 XXV.

741 2524 1009 2590 Quomodo
1029 2525 1198 2576 cuncti
1248 2525 1300 2574 in
1330 2539 1482 2572 iniam
1512 2524 1818 2572 sententiam
1854 2521 1916 2572 de
1940 2523 2022 2572 die
2051 2520 2264 2572 Pascha:

1320 2607 1412 2641 con
1421 2599 1664 2640 venerint.
1916 2601 1924 2607 ‘

812 2685 1054 2750 Episcopi
1085 2698 1215 2735 vero
1240 2680 1526 2736 Palaestina:
1548 2694 1681 2746 quos
1712 2679 1865 2745 paulo
1889 2694 2047 2745 supra
2072 2692 2262 2730 memo-

742 2773 999 2831 ravimus,
1027 2771 1306 2822 Narcissus
1349 2771 1552 2820 scilicet
1581 2778 1634 2820 et
1662 2768 1986 2833 Theophilus
2015 2807 2029 2827 ,
2060 2780 2112 2818 et
2145 2783 2262 2819 cum

743 2861 848 2912 illis
870 2860 1083 2910 Cassius
1111 2858 1260 2925 Tyri,
1281 2869 1335 2910 et
1356 2859 1543 2909 Clarus
1578 2859 1914 2909 l’tolemaidis
1931 2858 2187 2924 episcopi,
2213 2869 2267 2909 et

743 2950 833 3015 qui
867 2950 1021 3000 simul
1052 2964 1170 3000 eum
1199 2949 1325 3012 ipsis
1347 2958 1726 3008 convenerant,
1754 2956 2033 3015 postquam
2059 2949 2122 2998 de
2159 2957 2266 2999 tra-

744 3039 945 3089 ditione
975 3036 1077 3088 diei
1110 3037 1402 3097 Paschalis,
1430 3052 1546 3101 qua
1573 3037 1678 3103 jam
1735 3037 1855 3089 inde
1906 3039 1972 3089 ab
2009 3037 2268 3103 apostolis

2856 2433 3240 2485 ΚΕΦᾹΛΛΙΟΝ
3281 2435 3403 2487 KE’.

2373 2525 2566 2587 Ὅπως
2589 2523 2706 2586 τοῖς
2729 2522 2874 2575 πᾶσι
2900 2526 3007 2590 μία
3022 2522 3222 2593 ψῆφος
3252 2525 3381 2590 περὶ
3407 2523 3508 2577 τοῦ
3537 2525 3742 2593 Πάσχα
3756 2541 3878 2577 (mro

2743 2593 3008 2658 εφωγίήθη
3033 2592 3245 2661 (Nich.
3272 2593 3336 2645 E.
3375 2609 3446 2656 tv,
3479 2593 3588 2660 36).

2435 2682 2500 2732 υἶ
2523 2698 2585 2747 γε
2614 2683 2716 2751 μὴν
2741 2682 2830 2732 ἐπὶ
2863 2682 3214 2750 Παλαιστίνης
3252 2681 3342 2742 οὒς
3375 2682 3570 2751 ἀρτίως
3597 2682 3877 2752 διεληλύθα-

2373 2788 2490 2838 μεν,
2526 2772 2555 2821 ὅ
2584 2788 2643 2821 τε
2680 2772 2981 2840 Νάρκισσος
3018 2772 3107 2822 καί
3151 2770 3420 2836 Θεόφιλος,
3466 2772 3556 2821 καὶ
3599 2773 3693 2822 σὺν
3723 2771 3878 2830 αὐτοῖς

2370 2860 2604 2920 Κάσσιος
2629 2859 2726 2926 τῆς
2753 2859 2892 2910 κατὰ
2918 2858 3087 2927 Τύρον
3130 2858 3444 2927 Ἐκκλησίας
3470 2857 3771 2920 ἐπίσκοπος,
3804 2861 3878 2908 καὶ

2370 2950 2580 3017 Κλάρος
2607 2949 2701 3016 τῆς
2727 2936 2782 2998 ὲν
2815 2948 3149 3016 Πτολεμαΐδι,
3178 2949 3229 2999 οἶ
3265 2965 3322 2999 τε
3359 2948 3498 2998 κατὰ
3523 2949 3722 3000 τούτων
3773 2965 3876 2998 συν-

2371 3036 2677 3105 εληλυθότες
2711 3038 2948 3106 περὶτῆς
2979 3036 3329 3104 κατελῦούσης
3366 3040 3443 3098 εἰς
3473 3038 3663 3099 αὐτοὺς
3693 3039 3754 3089 ὲκ
3781 3037 3877 3088 διαλ-

746 3129 811 3180 ad
837 3129 980 3194 ipsos
1002 3128 1254 3179 continua
1283 3127 1618 3179 successione
1667 3137 1991 3186 manaverat,
2023 3129 2180 3181 multa
2214 3129 2264 3179 in

2373 3125 2532 3194 δοχῆς
2572 3125 2676 3176 τῶν
2722 3125 3024 3177 ἀποστόλων
3061 3127 3180 3195 περὶ
3209 3125 3300 3176 τοῦ
3335 3127 3519 3194 Πάσχα
3563 3126 3879 3197 παραδόσεως

743 3217 856 3268 suis
883 3217 1074 3266 litteris
1097 3216 1481 3275 disseruerunt,
1519 3215 1726 3266 tandem
1749 3216 1814 3266 ad
1843 3215 2000 3268 linem
2032 3217 2269 3283 epistola:

746 3307 830 3360 his
859 3316 1081 3357 utuntur
1108 3306 1288 3357 verbis
1316 3323 1329 3357 :
1359 3323 1380 3354 ι
1417 3305 1545 3357 Date
1579 3321 1792 3371 operam
1834 3315 1890 3357 ut
1915 3306 2152 3372 epistola:
2176 3322 2268 3358 no-

744 3406 868 3449 strze
897 3394 1217 3461 exemplaria
1244 3409 1337 3461 per
1361 3410 1546 3446 omnes
1576 3395 1840 3447 Ecclesias
1873 3395 2170 3455 mittantur,
2200 3409 2265 3446 ne

742 3485 900 3536 nobis
929 3484 1130 3536 crimen
1157 3484 1414 3548 imputent
1443 3482 1530 3547 qui
1563 3483 1765 3533 animas
1796 3496 1916 3533 suas
1954 3496 1983 3532 a
2014 3489 2157 3534 recto
2181 3497 2268 3534 ve-

743 3576 919 3630 ritatis
979 3576 1188 3627 tramite
1233 3572 1386 3624 facile
1440 3573 1730 3624 abducunt.
1770 3571 1896 3622 Illud
1927 3572 2086 3623 etiam
2119 3572 2269 3623 vobis

742 3665 1147 3733 signiﬁcamus,
1204 3666 1388 3715 eodem
1451 3678 1555 3729 quo
1595 3662 1730 3729 apud
1781 3677 1875 3713 nos
1927 3659 2012 3712 die
2066 3659 2264 3711 Pascha

743 3757 1082 3814 Alexandria:
1105 3755 1380 3808 celebrari.
1415 3754 1455 3804 Α
1488 3754 1640 3805 nobis
1669 3752 1808 3804 enim
1841 3751 1906 3804 ad
1942 3751 2080 3813 illos,
2109 3761 2161 3802 et
2187 3751 2265 3801 vi-

743 3943 795 3996 id
829 3956 930 3992 non
963 3939 1109 4002 dicit,
1135 3938 1236 3991 nisi
1263 3937 1394 3988 forte
1421 3952 1483 3988 es
1518 3937 1756 3987 versione
1783 3936 2263 4002 Cbristcpliorsmii.

743 4011 851 4063 Hoc
874 4020 1075 4061 tantum
1129 4010 1202 4058 ait
1252 4007 1495 4062 Irenaaus.
1525 4022 1642 4057 cum
1696 4005 2013 4073 l’olycarpus
2047 4006 2265 4055 Romam

743 4081 972 4130 venisset
1007 4078 1210 4128 Aniceti
1246 4076 1587 4140 temporibus,
1605 4086 1655 4123 et
1691 4074 1829 4124 leves
1867 4076 2117 4138 quasdam
2148 4090 2264 4122 (‘lllll

744 4147 831 4198 illo
870 4149 934 4196 de
973 4148 1089 4198 aliis
1133 4145 1291 4195 rebus
1339 4143 1726 4193 controversias
1761 4142 2046 4197 habuisset.
2081 4144 2268 4191 ambos

747 4223 920 4264 tamen
949 4214 1088 4264 illico
1119 4227 1296 4277 paceni
1325 4213 1461 4261 inter
1485 4226 1541 4262 se
1582 4210 1789 4270 fecisse,
1823 4226 1882 4259 ac
1907 4210 1972 4260 de
2002 4209 2136 4259 festo
2169 4210 2267 4259 I’av

746 4285 888 4331 trba!
940 4281 1170 4330 noluissi:
1202 4281 1339 4328 inter
1378 4293 1433 4328 se
1477 4280 1818 4328 contendere.
1852 4277 1965 4326 Non
2016 4279 2172 4342 igitur
2197 4280 2266 4327 ob

745 4349 1084 4412 qua-stionem
1120 4349 1182 4396 de
1211 4348 1342 4396 lesto
1370 4345 1601 4405 l’aschm,
1628 4347 1717 4395 sed
1755 4347 1821 4394 ob
1851 4347 1983 4393 alias
2011 4346 2264 4409 quasdam

745 4417 1134 4466 controversias
1181 4414 1394 4463 Romam
1458 4423 1677 4463 venerat
1749 4412 2084 4478 l’olycarpus.
2144 4413 2266 4462 Scit)

747 4484 1122 4542 Hieronymum
1154 4482 1204 4528 in
1237 4481 1364 4529 libro
1404 4479 1475 4527 De
1502 4482 1674 4543 script.
1721 4479 1869 4534 τεεί..
1908 4478 2115 4527 Baronii
2145 4497 2262 4528 sen-

747 4552 965 4603 tentiam
1015 4551 1351 4598 ronlirmare.
1396 4547 1484 4596 Sic
1535 4549 1675 4596 enim
1717 4548 1790 4594 ait
1825 4548 1887 4594 de
1940 4546 2262 4612 l’olycarpo:

748 4620 850 4672 Hic
877 4629 1082 4686 propter
1122 4613 1377 4686 quasdam
1399 4629 1551 4686 sup-er
1587 4616 1676 4686 ttie
1729 4612 1936 4663 Pascha:
1964 4615 2266 4686 quiestiones

745 4692 838 4741 sub
869 4679 991 4752 imp.
1025 4686 1282 4752 Antonino
1316 4680 1432 4752 Pio,
1475 4679 1756 4752 Ecclesium
1810 4689 2004 4752 regente
2038 4682 2266 4752 Anicato,

747 4748 964 4809 Romani
990 4756 1138 4805 venit.
1182 4751 1252 4799 Ita
1289 4751 1444 4798 etiam
1481 4749 1737 4799 Eusebius
1768 4758 1946 4797 noster
1983 4748 2031 4796 in
2066 4750 2157 4798 lib.
2194 4763 2263 4808 tv,

747 4842 862 4890 cap.
899 4826 952 4875 4.
1000 4824 1103 4875 Sed
1150 4833 1267 4869 cum
1304 4817 1654 4890 Hieronymus
1690 4818 1738 4865 id
1771 4831 1834 4865 ex
1877 4816 2097 4890 Eusebio
2121 4832 2265 4890 sum-

745 4883 909 4960 pseril
935 4932 949 4955 ,
991 4890 1245 4942 Eusebius
1296 4893 1470 4960 autem
1525 4903 1603 4960 c_x_
1636 4883 1862 4960 lienam,’
1901 4885 2264 4960 inquirendum

744 4953 822 5015 Est
861 4977 889 5012 a
921 4953 1100 5015 nobis,
1129 4973 1229 5007 non
1265 4955 1389 5018 quid
1417 4955 1671 5005 Eusebius
1698 4953 1887 5003 dixerit
1920 4969 1980 5003 ac
2012 4953 2268 5020 Hierony-

744 5046 880 5092 mus,
912 5033 1001 5082 sed
1029 5028 1201 5093 potius
1241 5026 1363 5089 quill
1403 5024 1624 5093 sensi-rit
1657 5022 1897 5072 Irenacus.

812 5089 918 5165 (89)
958 5089 1373 5163 Πάρεχάψησεγ
1424 5095 1453 5141 ό
1517 5092 1802 5165 Ἀνίκητος
1863 5089 2266 5165 τῂνῇΕὺχαρι-

746 5159 936 5219 crciari.
969 5159 1140 5218 lluvnci
1165 5159 1412 5215 honorem
1443 5163 1693 5210 Anicetus
1738 5161 1961 5223 pontifex
1998 5159 2266 5210 Romanus

748 5235 930 5287 habuit
960 5234 1245 5287 venerabili
1278 5233 1389 5283 seni
1416 5230 1721 5295 Polycarpo,
1763 5240 1815 5276 ut
1839 5230 1981 5278 illum
2012 5246 2059 5278 ιιι
2087 5228 2265 5277 Eccle-

746 5303 822 5352 sia
863 5320 1010 5355 sacra
1060 5306 1233 5354 facere
1273 5303 1489 5356 sineret,
1515 5307 1563 5347 et
1630 5299 1835 5362 quidem
1884 5308 2140 5363 ριωεθιιιθ
2182 5312 2260 5356 se,

747 5374 884 5432 Quod
917 5375 967 5423 in
992 5375 1178 5439 primis
1223 5373 1507 5421 notandmn
1536 5375 1635 5416 est.
1683 5367 1767 5416 Sic
1811 5367 1990 5439 ll'clttl‘i
2017 5369 2175 5439 verba
2211 5374 2263 5415 et

751 5439 967 5490 ltulinus
992 5433 1046 5491 et
1071 5442 1241 5491 cit-teri
1265 5442 1579 5503 interpretes
1608 5445 1936 5498 acceperunt.
1963 5437 2063 5487 Sed
2096 5433 2262 5485 Fran-

748 5521 916 5557 eiscus
937 5510 1173 5571 Florens,
1192 5520 1492 5560 antecessor
1522 5506 1933 5564 Aurelianensis,
1952 5509 2026 5556 vir
2055 5508 2259 5564 doctus,

748 5585 796 5621 ei
825 5578 974 5627 nobis
1007 5578 1126 5627 dum
1158 5580 1285 5628 vixit
1309 5576 1663 5628 amicissimus
1684 5611 1698 5631 ν
1739 5573 1846 5623 hec
1881 5575 2054 5624 lrellini
2100 5577 2260 5622 verba

747 5641 1247 5712 alitcriutelligeuda
1278 5664 1372 5689 ιτνει
1474 5644 1704 5695 :ntetidtt
1734 5642 1782 5694 in
1829 5652 2053 5696 tractatu
2084 5645 2147 5694 ad
2195 5643 2258 5693 ti-

2370 3215 2588 3265 πλεῐστα
2618 3215 2958 3283 διειληφότες,
3000 3215 3136 3267 κατὰ
3163 3217 3220 3266 τὸ
3249 3215 3393 3278 τέλος
3434 3218 3532 3286 τῆς
3560 3217 3770 3288 γραφῆς
3796 3219 3879 3268 αὺ-

2369 3302 2477 3360 τοῖς
2505 3302 2734 3368 ῥήμασιν
2766 3302 3062 3369 ἐπιλέγουσι
3105 3301 3301 3354 ταῦτα·
3341 3323 3357 3352 ι
3399 3304 3507 3372 Τῆς
3537 3304 3579 3355 δ’
3620 3305 3879 3372 ἐπιστολῆς

2369 3391 2522 3458 ἡμῶν
2549 3391 2835 3460 πειράθητε
2870 3393 3004 3444 κατὰ
3038 3395 3212 3444 πᾶσαν
3257 3394 3572 3464 Ἐκκλησίαν
3597 3395 3880 3463 ἀντίγραφα

2368 3480 2782 3549 διαπέμψασθαι,
2835 3484 2978 3546 ὅπως
3030 3485 3101 3553 μὴ
3156 3485 3320 3555 ἔνοχοι
3362 3479 3508 3553 ὦμεν
3550 3489 3660 3545 τοῖς
3708 3487 3880 3555 ῥᾳδίως

2372 3569 2639 3621 πλανὼσιν
2677 3572 2879 3623 ἑαυτῶν
2911 3574 3005 3634 τὰς
3041 3575 3233 3643 ψυχάς.
3265 3575 3535 3645 Δηλοῦμεν
3575 3577 3629 3628 δὲ
3669 3578 3789 3646 ὑμῖν
3812 3578 3878 3627 ὅτι

2369 3664 2434 3732 τῇ
2466 3663 2598 3729 αὐτῇ
2632 3663 2808 3731 ἡμέρᾳ.
2841 3665 2932 3714 καὶ
2970 3665 3026 3714 ὲν
3072 3666 3430 3736 Ἀλεξανδρείᾳ
3472 3667 3712 3733 ἄγουσιν,
3757 3662 3878 3736 ᾗπερ

2331 3810 2338 3813 _
2371 3751 2463 3803 καὶ
2491 3753 2663 3818 ἡμεῖς.
2697 3753 2827 3821 Παρ’
2880 3753 3030 3822 ἡμῶν
3059 3755 3164 3823 γὰρ
3195 3755 3260 3805 τὰ
3294 3757 3590 3824 γράμματα
3615 3756 3723 3821 (90)
3747 3755 3879 3824 κομί-

2371 3935 2532 3985 tulum
2565 3935 2595 3984 7
2627 3932 2975 3985 Decretalium
3011 3934 3082 3984 De
3117 3932 3454 3983 translatione
3496 3929 3737 3994 episcopi.
3771 3928 3877 3979 Vult

2367 4005 2505 4052 enim
2556 4004 2832 4053 Anicetum
2879 4004 3179 4066 porrexisse
3222 4002 3476 4051 duntaxat
3511 3997 3874 4066 Eucharistiam

2368 4071 2680 4138 Polycarpo,
2716 4085 2816 4138 non
2880 4064 3054 4138 autem
3117 4068 3442 4138 concessisse
3481 4066 3552 4138 illi
3594 4064 3692 4138 jus‘
3724 4079 3873 4138 ἐπει]

2368 4133 2616 4208 mysteria
2652 4137 3209 4208 celebrandi._Yerum_
3245 4137 3288 4187 si
3330 4137 3479 4208 hunc
3513 4133 3694 4208 lreumi
3723 4133 3873 4208 locum

2367 4199 2439 4258 ita
2472 4207 2834 4267 intelligimus,
2863 4204 2988 4268 quid
3023 4205 3242 4255 honoris
3278 4204 3531 4253 tributum
3556 4200 3713 4250 fuerit
3737 4199 3873 4267 Poly-

2365 4290 2523 4339 carpo
2549 4279 2612 4325 ab
2637 4275 2858 4323 Aniceto
2882 4275 2903 4322 ?
2927 4272 3034 4339 Hoc
3059 4275 3200 4322 enim
3247 4273 3443 4322 diserte
3477 4268 3869 4339 notatlrenams,

2371 4337 2479 4392 tum
2518 4344 2604 4392 illo
2641 4341 2800 4424 verblo
2831 4337 3202 4424 παρεχώρησε,
3231 4340 3367 4405 quod
3393 4342 3594 4424 μεὶςυο
3619 4337 3736 4401 jure
3759 4353 3873 4424 ¹(ξοη-

2367 4413 2556 4460 ceilcre
2622 4409 2876 4470 significat
2922 4424 2935 4469 ;
2983 4421 3089 4456 tum
3139 4409 3239 4458 illis
3298 4408 3491 4457 verbis'
3535 4421 3654 4472 qua:
3711 4408 3869 4466 addit,

2367 4478 2482 4527 κατ’
2510 4477 2768 4543 ἐντροπὴν
2799 4474 3053 4539 δηλονότι,
3089 4475 3140 4525 ΙιΙ
3165 4484 3263 4536 est,
3288 4475 3497 4525 honoris
3513 4490 3670 4543 causa
3700 4484 3744 4526 et
3771 4491 3871 4526 catt-

2367 4542 2720 4611 templatione,
2755 4555 2818 4611 ut
2844 4549 2998 4594 vertit
3056 4543 3294 4594 Rufinus.
3355 4543 3509 4592 Certe
3558 4545 3599 4593 si
3643 4542 3871 4596 Euchari-

2366 4610 2518 4664 stiain
2561 4622 2760 4662 tantum
2809 4610 3095 4677 Polycarpo
3132 4611 3453 4678 porrexissct
3475 4611 3741 4675 Anicetus,
3773 4617 3870 4663 liui-

2369 4681 2470 4730 Ium
2492 4684 2538 4731 ei
2572 4680 2885 4744 prascipuuin
2907 4683 3153 4731 h0norem
3177 4681 3469 4740 detulisset,
3499 4697 3614 4730 eum
3638 4684 3860 4734 omnibus

2366 4750 2656 4815 peregrinis
2711 4751 2971 4812 episcopis
3029 4751 3078 4799 id
3138 4750 3330 4814 passim
3374 4749 3531 4800 tribui
3578 4751 3784 4811 soleret,
3822 4763 3863 4800 ul

2367 4831 2481 4866 cum
2527 4817 2774 4880 episcopo
2837 4817 3070 4867 civitatis
3174 4815 3328 4865 simul
3395 4823 3865 4874 oiliimunicarem,

2365 4887 2801 4948 quemadmodum
2846 4885 3028 4934 scribit
3065 4886 3175 4951 ipse
3200 4883 3417 4936 Florens
3456 4887 3670 4941 ibidem.
3701 4891 3797 4941 Sed
3824 4900 3868 4938 et

2369 4953 2418 5000 in
2447 4951 2673 5003 concilio
2699 4953 3016 5012 Arelatensi,
3049 4955 3222 5019 capite
3265 4953 3350 5016 50,
3384 4957 3654 5008 decretum
3696 4969 3797 5021 est,
3823 4968 3867 5006 ut

2366 5021 2640 5085 peregrino
2668 5021 2912 5083 episcopo
2941 5022 3082 5073 locus
3109 5023 3436 5075 sacrificandi
3473 5027 3646 5078 detur.

2435 5090 2543 5158 (9Q;
2584 5088 2729 5158 V'ulg.
2761 5088 3068 5158 παρξῄμῶν
3084 5089 3147 5139 δὲ
3178 5092 3244 5141 τὰ
3275 5091 3587 5158 γράμματα.
3612 5094 3702 5147 Sic
3719 5109 3775 5145 ex
3793 5109 3865 5143 co-

2367 5157 2478 5207 dice
2510 5156 2668 5220 liegio
2684 5159 2843 5206 edidit
2873 5157 3001 5208 liob.
3028 5156 3339 5220 Stephanus.
3367 5156 3617 5214 lii—codice
3640 5164 3865 5215 Medicam

2366 5226 2590 5298 legitur,
2624 5225 2938 5298 παρ’ςῆμῷν
2977 5243 3031 5276 τε
3082 5227 3148 5278 τὰ
3191 5229 3504 5298 γράμματα.
3559 5231 3864 5298 Nicephorius

2364 5309 2486 5369 Vero
2516 5295 2566 5343 in
2627 5310 2740 5359 cap.
2764 5296 2831 5345 50'
2890 5297 3005 5369 libri
3050 5312 3098 5348 tv
3141 5295 3311 5369 habet,
3339 5295 3466 5369 παρ’
3494 5300 3647 5369 ἡμῶν
3677 5295 3784 5369 ’ξαρᾷ
3809 5297 3861 5347 τὰ

2363 5362 2674 5431 γράμματα,
2713 5375 2867 5430 atque
2894 5365 2967 5414 ita
2995 5369 3160 5417 codex
3187 5362 3658 5429 Mazariiiiisfifuk.
3689 5362 3859 5422 et'Sav.

2364 5434 2724 5504 intelliguntur
2752 5445 2923 5485 autem
2954 5435 3036 5485 lic
3071 5436 3256 5488 littera:
3290 5437 3746 5504 Pascliales,quas
3766 5436 3862 5500 ἑορ-

2361 5503 2613 5574 ταστικὰς
2641 5506 2916 5574 vocabant.
2943 5506 3195 5555 (La-terum
3229 5508 3339 5571 ejus
3365 5509 3549 5574 synodi
3588 5503 3858 5574 Caesarien-

2362 5572 2433 5621 sis
2478 5583 2594 5621 acta
2640 5573 2874 5635 quaedam
2906 5582 3110 5624 exstant
3153 5570 3286 5640 apud
3333 5570 3524 5626 lienam
3553 5576 3605 5626 in
3638 5576 3767 5626 libre
3801 5570 3860 5620 Dc

2365 5641 2555 5692 cernuli
2587 5641 2912 5706 ttquinoctio;
2945 5657 3059 5710 qua:
3090 5643 3213 5697 licet
3250 5659 3278 5696 a
3316 5644 3581 5698 nonnullis
3610 5642 3856 5710 illegitiml
