3956 6352
233 243 320 297 5‘29

1208 240 1546 329 HISTORIA:
1585 236 2125 294 ECCLESIASTICE
2162 226 2290 291 LIB.
2332 234 2418 288 Vl.

3275 193 3385 285 sae

234 359 424 420 πλείους
472 359 803 428 προσιόντας,
839 356 983 426 αὑτῷ
1029 356 1171 426 μόνῳ
1216 355 1314 423 τῆς
1356 354 1448 407 τοῦ
1498 354 1731 422 κατηχεῇ

1853 352 2122 420 ingentem
2149 363 2426 404 numerum
2465 360 2649 400 eorum
2678 361 2811 414 quos
2838 344 2949 412 ipse
2984 345 3048 398 ad
3084 345 3381 399 doctrinam

230 448 481 519 διατριϐῆς
526 449 629 499 ὑπὸ
666 446 967 517 Δημητρίου
996 446 1087 498 τοῦ
1131 447 1227 516 τῆς
1268 445 1585 515 Έκκλησίας
1622 460 1747 512 προ-

231 536 434 598 εστῶτος
489 535 976 606 ὲπιτετραμμὲνης,
1026 534 1344 604 ἀσύμφωνον
1410 533 1748 606 ἡγησάμενος

229 628 313 696 τὴν
330 626 429 677 τῶν
456 623 847 696 γραμματικῶν
870 624 1038 690 λόγων
1065 623 1401 676 διδασκαλίαν
1436 625 1500 693 τῇ
1527 622 1660 692 πρὸς
1681 621 1749 674 τὰ

229 713 330 764 θεῖα
353 711 681 780 παιδεύματα
719 710 961 779 ἀσκήσει,
995 711 1068 779 μὴ
1099 709 1383 779 μελλήσας,
1410 710 1747 781 ἀπορρήγνυ-

228 821 300 857 σιν
326 803 414 857 ἅτε
439 801 684 870 ἀνωφελῆ
719 801 810 855 καὶ
837 803 945 862 τοῖς
976 801 1138 869 ἱεροῖς
1168 801 1475 871 μαθήμασιν
1505 799 1745 852 ἐναντίαν

226 895 308 964 τὴν
346 893 448 944 τῶν
492 890 883 962 γραμματικῶν
930 889 1098 956 λόγων
1138 890 1435 961 διατριϐήν.
1484 887 1614 942 Εἶτα
1661 888 1744 940 λο-

226 982 383 1050 γισμῷ
410 981 695 1051 καθήκοντι
719 982 794 1044 ὡς
824 981 887 1034 ἂν
930 982 1001 1050 μὴ
1030 982 1234 1048 γένοιτο
1264 981 1362 1050 τῆς
1393 981 1520 1051 παρ’
1547 979 1744 1050 ἑτέρων

225 1071 512 1140 ἐπικουρίας
556 1071 755 1141 ἐνδεὴς,
795 1071 999 1138 ὅσαπερ
1023 1067 1089 1142 ἦν
1115 1070 1260 1139 αὑτῷ
1299 1070 1465 1138 λόγων
1507 1068 1742 1139 ἀρχαίων

225 1161 454 1230 πρότερον
475 1162 869 1232 συγγράμματα
892 1161 999 1231 (9.0)
1025 1161 1322 1228 φιλοκάλως
1342 1157 1742 1229 ἐσπουδασμένα

227 1253 477 1320 μεταδοὺς,
506 1253 618 1314 τοῖς
649 1252 752 1304 ὑπὸ
773 1250 865 1304 τοῦ
892 1252 1061 1306 ταῦτα
1088 1253 1224 1321 ὲωνη
1234 1251 1391 1320 μένου
1432 1248 1742 1320 φερομένοις

223 1341 348 1410 αὐτῷ
361 1342 631 1411 τέτταρσιν
650 1341 847 1405 όὸολοῖς
860 1342 958 1411 τῆς
979 1346 1010 1413 ὴ
1020 1343 1185 1414 μέρας
1214 1344 1247 1410 ἡ
1256 1345 1448 1409 ρκεῖτο,
1478 1341 1742 1402 πλείστοις

220 1449 267 1482 τε
287 1431 415 1483 ἔτεσι
435 1431 620 1484 τοῦτον
651 1433 952 1500 φιλοσοφῶν
969 1431 1186 1484 διετέλει
1216 1433 1304 1484 τὸν
1328 1432 1543 1502 τρόπον,
1568 1431 1740 1492 πάσας

221 1522 332 1584 ὔλας
351 1521 678 1592 νωτερικῶν
713 1522 1009 1593 ἐπιθυμιῶν
1041 1521 1230 1574 ἑαυτοῦ
1275 1521 1734 1592 περιαιρούμενος,

219 1613 297 1665 καὶ
313 1612 392 1664 διὰ
417 1613 592 1682 πάσης
619 1613 717 1682 μὲν
737 1613 946 1684 ἡμέρας
965 1614 1023 1664 οὐ
1054 1614 1312 1680 σμικροὺς
1337 1613 1616 1682 ἀσκήσεως
1640 1628 1737 1662 κα-

221 1702 394 1771 μάτους
420 1676 676 1767 ἀνατλῶν,
822 1676 922 1768 τῆς
948 1676 1134 1762 νυκτδς
1165 1676 1220 1751 δέ
1255 1700 1345 1751 τὸν
1375 1676 1591 1751 πλείονα
1610 1697 1734 1767 χρόμ
1771 1676 1810 1728 Β

216 1809 289 1844 νον
321 1795 434 1856 ταῖς
469 1793 576 1846 τῶν
617 1792 770 1845 θείων
810 1792 1035 1862 Γραφῶν
1065 1792 1248 1844 ἑαυτὸν
1279 1789 1547 1851 ἀνατιθεὶς
1579 1789 1731 1858 μελέ-

213 1901 332 1947 ταις,
361 1884 457 1953 βίῳ
478 1900 537 1936 τε
566 1884 640 1946 ὡς
677 1882 754 1936 ἔνι
799 1882 1026 1952 μάλιστα
1064 1881 1405 1952 ἐγκαρτερῶν
1435 1880 1731 1948 φιλοσοφω-

211 1972 356 2042 τάτῳ,
383 1973 500 2026 τοτὲ
530 1974 627 2041 μὲν
652 1974 763 2034 τοῖς
789 1973 844 2024 ὲν
871 1972 1100 2033 ἀσιτίαις
1131 1970 1446 2038 γυμνασίοις
1473 1969 1728 2022 ὲνασκού-

219 2077 370 2124 ιιενος,
413 2062 531 2113 τοτὲ
567 2060 621 2113 δὲ
665 2058 1089 2129 μεμετρημένοις
1123 2060 1234 2117 τοῖς
1271 2057 1409 2108 κατὰ
1439 2057 1530 2107 τὸν
1569 2055 1729 2108 ὕπνον

217 2153 420 2218 καιροῖς,
445 2146 505 2204 οὗ
541 2149 963 2220 μεταλαμϐάνειν
1001 2146 1105 2198 οὐδ’
1133 2147 1266 2208 ὅλως
1294 2147 1383 2197 ἐπὶ
1425 2146 1725 2216 στρωμνῆς,

214 2241 307 2292 ἀλλ’
335 2242 422 2293 ἐπὶ
450 2240 705 2306 τοῦδαφος
744 2238 828 2290 διὰ
871 2237 1098 2306 σπουδῆς
1134 2239 1385 2288 ἐποιεῖτο.
1429 2237 1648 2288 Πάντων
1671 2237 1726 2287 δὲ

216 2330 421 2396 μάλιστα
450 2328 545 2391 τὰς
571 2328 924 2397 εὐαγγελικὰς
948 2327 1040 2378 τοῦ
1066 2327 1310 2396 Σωτῆρος
1348 2325 1526 2393 φωνὰς
1561 2325 1727 2394 φυλα-

213 2418 350 2481 κτέας
373 2415 508 2472 εἶναι
546 2417 681 2487 ᾤετο
714 2418 841 2482 δεῖν,
869 2417 966 2478 τάς
993 2433 1053 2467 τε
1078 2417 1203 2485 περὶ
1231 2414 1321 2467 τοῦ
1351 2416 1423 2486 μὴ
1452 2415 1542 2467 δύο
1567 2416 1724 2484 χιτῶ-

212 2525 292 2568 νας
315 2508 427 2578 μηδ’
454 2507 755 2578 ὑποδήμασι
793 2506 1020 2577 χρᾶσθαι
1049 2504 1429 2576 παραινοὺσας,
1461 2505 1590 2575 μηδὲ
1624 2506 1726 2576 μὴν

117 2631 124 2640 -
211 2601 312 2659 ταῖς
346 2598 467 2667 περὶ
491 2597 581 2650 τοῦ
614 2597 888 2667 μέλλοντος
921 2594 1110 2665 χρόνου
1141 2593 1380 2663 φροντίσι
1411 2593 1724 2664 κατατρίϐε-

213 2687 332 2740 σθαι.
375 2685 528 2742 una:
553 2689 646 2741 καὶ
677 2686 875 2758 μείζονι
912 2688 1008 2757 τῆς
1034 2687 1241 2757 ἡλικίας
1271 2686 1541 2757 προθυμίᾳ
1585 2688 1725 2758 χρώ-

215 2794 366 2845 μενος,
387 2780 444 2831 ὲν
465 2778 623 2848 ψύχει
649 2779 742 2833 καὶ
755 2778 1042 2847 γυμνότητι
1063 2777 1445 2848 διακαρτερῶν,
1467 2779 1544 2840 είς
1564 2777 1726 2848 ἄκρον

209 2882 258 2918 τε
284 2867 704 2938 ὑπερϐαλλούσης
741 2870 875 2937 ἀκτη
886 2867 1118 2938 μοσύνης
1142 2866 1376 2920 ἐλαύνων
1396 2907 1412 2930 ,
1440 2870 1564 2931 τοὺς
1591 2869 1725 2938 ἀμφ’

211 2956 346 3064 ξιὺτδν
370 2959 446 3021 εἰς
462 2957 532 3010 τὰ
557 2957 786 3027 μάλιστα
804 2957 1133 3028 κατέπληττε
1151 2974 1165 2987 ·
1203 2958 1424 3028 μυρίους
1450 2959 1546 3028 μὲν
1561 2959 1726 3020 ¹ὅσους
1755 3009 1796 3064 G

209 3043 367 3098 λυπῶν
394 3046 712 3116 εὐχομένους
749 3046 893 3116 αὑτῷ
923 3049 1196 3116 κοινωνεῖν
1227 3046 1334 3099 τῶν
1360 3047 1725 3118 ὑπαρχόντων,

203 3123 262 3176 δι’
282 3133 366 3196 οὓς
390 3134 573 3205 ἐώρων
605 3137 762 3190 αὑτὸν
789 3138 1100 3208 εἰσφέροντα
1134 3141 1259 3207 περὶ
1298 3140 1396 3209 τὴν
1425 3139 1571 3191 θείαν
1596 3139 1731 3191 διδα-

210 3223 408 3275 σκαλίαν
448 3226 736 3294 καμάτους.
785 3228 858 3279 Οὐ
909 3228 1015 3296 μὴν
1054 3229 1212 3290 αὑτός
1254 3246 1314 3296 γε
1354 3229 1583 3292 ἐνδιδοὺς
1612 3233 1729 3292 ταῖς

210 3313 512 3382 καρτερίαις,
539 3315 757 3381 λέγεται
774 3316 901 3382 γοῦν
937 3317 1027 3367 καὶ
1063 3317 1317 3370 πλειόνων
1342 3317 1487 3387 ἐτῶν,
1504 3319 1604 3386 γῆν
1634 3337 1727 3370 πε-

209 3408 496 3478 πατηκέναι,
539 3411 724 3479 μηδενὶ
762 3411 1021 3480 μηδαμῶς
1045 3413 1376 3481 κεχρημένος
1407 3414 1723 3482 ὑποδήματι,

207 3498 318 3551 ἀλλὰ
350 3501 438 3552 καὶ
477 3500 619 3552 οἴνου
661 3502 902 3571 χρήσεως
939 3501 1030 3552 καὶ
1067 3501 1172 3553 τῶν
1217 3501 1387 3554 ἄλλων
1440 3503 1588 3572 παρὰ
1628 3502 1724 3573 τὴν

206 3592 474 3659 ἀναγκαίαν
538 3593 741 3664 τροφὴν
798 3590 1062 3653 πλείστοις
1109 3591 1281 3642 ἐτεσιν
1329 3593 1722 3660 ἀπεσχημένος,

205 3680 322 3734 ὥστε
345 3682 440 3752 ἥδη
465 3684 544 3745 είς
587 3682 821 3735 κίνδυνον
860 3682 1164 3751 ἀνατροπῆς
1197 3681 1290 3733 καὶ
1319 3681 1608 3752 διαφθορᾶς
1629 3684 1733 3738 τοῦ.

206 3769 423 3841 θώρακος
446 3773 555 3844 (2|)
587 3773 912 3843 περιπεσεῖν.
942 3770 1171 3823 Τοιαῦτα
1193 3771 1257 3840 δὴ
1293 3771 1719 3840 φιλοσόφου’βίου

204 3867 298 3927 τοῖς
326 3865 607 3936 θεωμένοις
625 3864 872 3936 παρέχων
893 3862 1272 3933 ὑποδείγματα,
1297 3861 1511 3924 εἰκότως
1526 3862 1615 3913 ἐπὶ
1633 3862 1721 3913 τὸν

203 3955 361 4023 ὅμοιον
387 3955 535 4026 αὑτῷ
559 3955 720 4025 ζῆλον
750 3955 961 4018 πλείους
994 3952 1263 4026 παρώρμα
1293 3953 1397 4005 τῶν
1436 3953 1717 4022 φοιτητῶν,

204 4042 322 4097 ὥστε
345 4047 438 4116 ήδη
466 4047 687 4100 καὶτῶν
718 4047 954 4099 ἀπίστων
984 4044 1148 4099 ἐθνῶν
1168 4037 1192 4109 ,“
1211 4045 1315 4096 τῶν
1348 4061 1405 4095 τε
1448 4045 1553 4096 ἀπὸ
1598 4061 1720 4096 παι-

203 4131 326 4196 δείας
346 4137 434 4187 καὶ
458 4135 788 4204 φιλοσοφίας,
824 4135 883 4187 οὐ
908 4135 1032 4197 τοὺς
1051 4134 1304 4203 τυχόντας
1327 4132 1626 4200 ὑπάγεσθαι
1651 4136 1715 4203 τῇ

1849 442 2039 496 divina:
2079 440 2202 494 fidei
2249 438 2614 508 pertrabebat.
2680 436 2884 506 Quippe
2941 436 3234 503 quotidiani
3267 435 3383 503 ejus

1846 540 2019 592 actus,
2048 529 2338 583 verissimre
2369 529 2647 598 cujusdam
2684 527 3028 596 philosophiae
3056 535 3107 579 et
3145 527 3382 579 admira-

1847 621 1969 674 bilis
2027 619 2325 688 disciplinze
2396 617 2795 672 absolutissima
2838 630 2994 686 opera
3046 616 3381 673 videbantur.

1843 713 2032 778 Atque,
2068 718 2123 761 ut
2159 710 2319 776 vulgo
2373 707 2591 772 dicitur,
2648 708 2824 776 qualis
2871 707 3061 766 oratio.
3109 706 3228 759 talis
3269 707 3384 773 ejus

1844 805 1948 856 vita
1987 820 1999 855 :
2032 800 2202 870 qualis
2253 799 2387 864 vita,
2455 798 2575 851 talis
2627 799 2803 851 oratio
2846 797 2961 866 ejus
3019 796 3136 849 fuit.
3210 794 3382 860 Quam

1844 891 2178 962 potissimum
2201 889 2267 943 ob
2299 903 2517 942 causam
2547 903 2666 941 cum
2698 889 2877 941 divina
2907 887 3073 939 virtus
3092 899 3210 939 eum
3233 884 3388 951 adju-

1844 993 2008 1050 varet,
2054 982 2186 1036 alios
2223 993 2432 1049 quoque
2468 978 2885 1032 innumerabiles
2921 979 2986 1030 ad
3028 976 3381 1031 imitationem

1841 1076 1919 1128 sui
1954 1074 2279 1144 provocavit.
2300 1070 2433 1124 Cum
2463 1083 2591 1122 vero
2624 1069 2799 1137 plures
2834 1069 3072 1136 quotidie
3095 1066 3382 1135 discipulos

1840 1166 2159 1218 accedentes
2192 1161 2418 1226 videret,
2453 1167 2736 1228 propterea
2778 1161 2919 1228 quod
2968 1160 3378 1213 catechumeno-

1842 1273 1956 1310 rum
1990 1254 2255 1310 institutio
2281 1253 2377 1320 ipsi
2418 1253 2516 1305 soli
2548 1251 2796 1304 mandata
2832 1250 3007 1304 fuerat
3040 1268 3067 1302 a
3113 1250 3379 1302 Demetrio

1840 1347 2087 1416 episeopo
2132 1365 2146 1400 :
2193 1355 2344 1399 ratus
2392 1343 2752 1412 grammatica:
2803 1343 2933 1394 artis
2995 1339 3375 1408 professionem

1839 1434 1959 1490 cum
2004 1438 2196 1490 divina:
2247 1437 2368 1489 ﬁdei
2413 1436 2750 1490 institutione
2801 1433 3019 1484 minime
3054 1432 3374 1496 consentire,

1840 1530 2076 1582 scholam
2115 1526 2472 1597 grammatica:
2515 1525 2850 1584 litteratum,
2902 1532 3084 1590 utpote
3137 1522 3375 1576 inutilem

1839 1616 2417 1685 etsacrisjdisciplinis
2444 1613 2795 1676 contrariam,
2836 1612 2951 1666 sine
2999 1610 3102 1663 ulla
3162 1619 3378 1664 cuncta-

1844 1709 1989 1762 tione
2043 1706 2256 1775 abjecit.
2309 1704 2511 1759 Deinde
2554 1703 2797 1772 prudenti
2838 1701 3072 1766 consilio,
3113 1716 3259 1764 usus,
3313 1716 3379 1755 ne

1840 1797 2012 1849 alieno
2044 1794 2279 1848 subsidio
2305 1807 2436 1860 opus
2462 1787 2946 1856 baberet,veuditis
2967 1788 3154 1856 prisca:
3181 1789 3377 1841 doctri-

1839 1902 1918 1938 nae
1952 1882 2305 1937 voluminibus
2333 1896 2451 1948 quae
2473 1894 2640 1947 penes
2657 1893 2714 1932 se
2739 1878 2967 1930 habebat
2988 1877 3378 1944 elegantissime

1834 1976 2127 2036 elaborata,
2177 1979 2459 2024 contentus
2511 1971 2616 2021 fuit
2668 1979 2894 2035 quatuor
2948 1966 3119 2020 obolis
3165 1967 3256 2034 qui
3310 1967 3378 2020 ab

1834 2073 2071 2130 emptore
2097 2060 2430 2113 voluminum
2465 2059 2564 2125 ipsi
2599 2060 2649 2110 in
2683 2059 2793 2110 dies
2814 2057 3051 2124 singulos
3075 2057 3377 2124 pendeban-

1837 2163 1940 2206 tur.
1996 2150 2305 2220 Hujusmodi
2358 2149 2638 2215 disciplina
2692 2156 2746 2199 et
2799 2147 2954 2214 plane
3007 2146 3371 2214 phi|050pbica

1832 2247 2036 2298 ratione
2060 2242 2290 2304 vivendi,
2327 2241 2566 2310 pluribus
2596 2240 2846 2305 deinceps
2888 2239 3043 2290 annis
3085 2238 3158 2289 uti
3190 2253 3375 2303 persc—

1832 2337 2058 2399 veravit,
2097 2349 2282 2387 omnes
2329 2333 2645 2400 iuvenilium
2691 2330 3038 2396 cupiditatum
3088 2329 3371 2383 illecebras

1832 2428 2061 2494 undique
2108 2426 2452 2478 submovens.
2520 2423 2598 2475 Ac
2648 2422 2837 2475 diurno
2877 2419 3087 2486 quidem
3132 2428 3373 2485 tempore

1831 2518 2171 2587 gravissimos
2221 2511 2623 2581 cuiusquemodi
2681 2509 3118 2563 exercitationum
3162 2507 3372 2560 labores

1833 2611 2094 2663 tolerabat
2121 2626 2136 2661 :
2168 2607 2335 2661 noctis
2359 2620 2483 2658 vero
2512 2602 2810 2656 maximam.
2835 2610 3038 2668 partem
3067 2600 3367 2652 divinarum

1833 2702 2225 2768 Scripturarum
2286 2696 2478 2751 studiis
2549 2693 2931 2761 impendebat,
3013 2692 3370 2750 severissimae

1833 2792 2009 2861 quoad
2068 2799 2277 2859 poterat
2328 2786 2679 2856 philosophia:
2735 2784 2940 2854 legibus
3006 2782 3370 2849 institutisque

1833 2882 2172 2948 semetipsum
2200 2892 2476 2944 coercens.
2502 2875 2707 2943 Quippe
2739 2874 2964 2930 interdiu
2989 2874 3202 2942 quidem
3231 2873 3370 2941 jeju-

1835 2973 2041 3026 niorum
2100 2968 2578 3023 exercitationibus
2637 2966 2922 3018 insudabat
2971 2981 2984 3016 :
3031 2972 3188 3030 noctu
3243 2979 3369 3016 vero

1831 3062 2001 3116 somni
2067 3060 2296 3129 spatium
2371 3058 2773 3117 dimetiebatur,
2843 3069 3075 3121 emuque
3146 3068 3250 3106 non
3312 3054 3366 3103 in

1828 3161 2038 3215 strato,
2096 3150 2188 3202 sed
2250 3163 2412 3215 super
2458 3147 2600 3199 nudo
2650 3146 2763 3198 solo
2821 3159 3013 3212 capere
3066 3142 3364 3210 satagebat.

1827 3240 2056 3293 Maxime
2085 3253 2214 3291 vero
2234 3236 2540 3304 evangelica
2582 3235 2670 3287 illa
2702 3233 3006 3288 Servatoris
3041 3235 3207 3287 nostri
3237 3249 3369 3301 pra:-

1826 3340 1981 3399 cepta
2007 3329 2340 3384 observanda
2371 3343 2491 3380 esse
2529 3327 2795 3391 ducebat,
2839 3325 3030 3392 quibus
3067 3341 3360 3386 monemur,

1828 3433 1934 3474 tum
1965 3436 2030 3473 ne
2057 3421 2188 3474 duas
2218 3418 2424 3473 tunicas
2450 3417 2764 3480 habeamus,
2808 3431 2942 3469 neve
2989 3415 3364 3483 calceamentis

1823 3521 2035 3564 utamur
2056 3519 2200 3573 ;tum
2226 3524 2291 3560 ne
2315 3509 2380 3561 de
2404 3508 2639 3578 crastino
2656 3507 2874 3558 nimium
2893 3506 3103 3558 solliciti
3131 3515 3363 3558 nosmet-

1825 3602 1965 3667 ipsos
1989 3600 2378 3652 excruciemus.
2416 3597 2519 3649 Sed
2548 3605 2596 3649 et
2629 3597 2833 3663 majore
2862 3611 3017 3664 quam
3067 3606 3197 3652 :etas
3223 3596 3360 3647 fere-

1823 3689 1912 3738 bat
1945 3686 2106 3737 animi
2135 3685 2348 3744 ardore,
2383 3683 2434 3734 in
2467 3682 2667 3748 frigore
2708 3699 2769 3736 ac
2813 3685 3051 3736 nuditate
3093 3692 3356 3750 perstans.

1820 3781 1873 3823 et
1894 3773 1959 3823 ad
1990 3785 2255 3823 summum
2274 3773 2594 3838 evangelicae
2623 3770 2950 3839 paupertatis
2976 3771 3181 3820 culmen
3201 3769 3362 3838 206

1819 3871 2056 3923 evectus,
2081 3860 2369 3913 familiares
2399 3875 2524 3912 suos
2559 3862 2756 3928 ingenti
2790 3861 3141 3912 admiratione
3170 3872 3360 3925 percu-

1821 3951 1898 4003 lit.
1946 3949 2022 4003 Ac
2073 3948 2268 4002 multos
2292 3949 2506 4015 quidem
2540 3964 2604 4001 ex
2635 3950 2768 4014 ipsis
2816 3946 3117 4001 incredibili
3173 3948 3356 4001 dolore

1819 4042 2012 4106 affecit,
2048 4041 2136 4106 qui
2175 4042 2313 4094 bona
2347 4054 2444 4092 sua
2492 4054 2613 4091 cum
2677 4040 2792 4107 ipso
2852 4039 3041 4106 partiri
3080 4041 3355 4106 Optabant,

1818 4146 1937 4183 cum
1969 4131 2116 4183 illum
2155 4130 2346 4183 divina:
2377 4129 2772 4196 prmdicationis
2809 4129 2978 4196 gratia
3014 4138 3188 4182 tantos
3212 4130 3360 4182 labo-

202 4221 257 4272 Et’
278 4225 427 4279 αὐτοῦ
455 4226 768 4296 διδασκαλίᾳ
793 4226 899 4297 (22)
921 4244 934 4255 ’
959 4222 1038 4289 οἷς
1064 4227 1156 4282 καὶ
1199 4226 1377 4288 αὐτοῖς
1405 4226 1636 4294 γνησίως
1661 4227 1716 4277 ἐν

1832 4238 1906 4276 "es
1934 4221 2283 4276 sustinentem
2317 4221 2577 4273 viderent.
2632 4219 3012 4274 Verumtamen
3067 4222 3134 4275 de
3178 4223 3357 4292 vigore

203 4308 330 4377 βάθει
354 4313 526 4386 ψυχῆς
551 4316 648 4386 τὴν
693 4317 772 4378 εἰς
799 4315 887 4369 τὸν
930 4316 1068 4368 θεῖον
1105 4316 1257 4383 λόγον
1279 4316 1454 4392 πίστιν
1473 4316 1536 4367 δι’
1559 4313 1718 4365 αὑτοῦ

1832 4315 2118 4367 tolerantia:
2149 4313 2277 4367 nihil
2306 4329 2536 4380 unquam
2590 4313 2814 4369 remisit.
2874 4313 3064 4368 Multos
3102 4315 3226 4369 item
3262 4333 3354 4381 per

205 4405 643 4476 παραδεχομένοις,
672 4407 984 4476 διαπρέπειν
1012 4407 1283 4458 συνεδαινε
1317 4405 1456 4462 κατὰ
1483 4405 1571 4458 τὸν
1595 4403 1713 4456 τότε

1832 4418 1995 4459 annos
2070 4403 2225 4457 nudis
2288 4405 2526 4472 vestigiis
2568 4405 2871 4457 ambulasse
2933 4405 3151 4467 dicitur,
3211 4406 3354 4457 nullo

202 4490 277 4540 τοῦ
317 4493 791 4565 διωγμοῦ,καιρὸν,
819 4496 892 4558 ὡς
937 4497 1028 4548 καί
1075 4514 1222 4562 τινας
1265 4497 1440 4549 αὐτῶν
1472 4495 1710 4558 ἁλόντας,

1832 4497 2030 4549 Jenitus
2081 4494 2444 4549 calceamento
2488 4511 2636 4549 usus.
2695 4493 2827 4548 Viuo
2876 4511 3086 4564 quoque
3133 4505 3186 4548 et
3235 4498 3352 4548 aliis

204 4585 452 4652 μαρτυρίῳ
474 4584 834 4653 τελειωθῆναι.

1832 4585 1977 4637 'ebus
2009 4598 2126 4650 qua:
2160 4583 2225 4635 ad
2249 4585 2446 4636 vietum
2475 4584 2647 4636 minus
2683 4585 2998 4637 necessariae
3042 4591 3182 4645 sunt,
3229 4583 3352 4635 diu-

203 4671 380 4724 tissime
415 4675 671 4728 abstinuit
702 4694 715 4729 :
746 4691 911 4743 usque
944 4678 1074 4729 adeo
1134 4685 1191 4728 ut
1229 4686 1414 4741 pectus
1480 4677 1646 4745 ipsius
1685 4675 1737 4729 in
1793 4676 2161 4744 gravissimum
2211 4676 2574 4729 subversiouis
2617 4675 2856 4743 labisque
2894 4675 3172 4727 discrimen
3215 4674 3349 4727 inei-

201 4758 344 4811 deret.
404 4760 714 4828 Huiusmodi
741 4780 867 4835 ergo
897 4765 1277 4835 philosophicas
1324 4767 1448 4819 vita:
1489 4768 1731 4836 exempla
1795 4766 2043 4820 omnibus
2101 4772 2384 4832 spectanda
2434 4767 2698 4833 praebens,
2741 4767 2918 4833 plures
2959 4751 3031 4836 μοι
3083 4764 3353 4830 discipulis

202 4851 252 4900 ad
304 4851 647 4909 imitationem.
710 4861 793 4912 sui
849 4861 1038 4918 merito
1104 4862 1457 4928 provocavit:
1490 4863 1559 4914 ita
1606 4871 1662 4914 ut
1696 4860 1840 4913 multi
1888 4876 1951 4912 ex
1992 4861 2276 4928 gentilibus
2335 4872 2445 4914 tum
2546 4862 2596 4913 in
2632 4862 2772 4913 omni
2831 4873 3022 4928 genere
3074 4857 3349 4921 doctrinm,

401 5031 606 5098 Λόγων
661 5036 917 5114 ἀρχαίων
953 5035 1411 5114 cummi-puta.
1485 5039 1704 5094 Ruﬁnus

1832 5040 2386 5114 rideturjntellexisse.

199 5092 535 5186 {laetaniam
601 5092 874 5186 ρεηῖιῖξυηι
933 5092 1251 5173 scriptorum.
1270 5092 1701 5186 Oili-terpretatur,

1844 5092 1989 5176 κει)
2023 5109 2129 5160 Τοῦ
2154 5092 2430 5186 θῴρᾰᾶιές.
2461 5111 2622 5165 Recte
2648 5111 2866 5163 Ruﬁnus
2895 5116 2947 5186 et
2973 5107 3350 5186 CitristOphor-

201 5165 558 5249 {velitis-quam
600 5165 1145 5249 Pltristophorsonus,
1196 5165 1481 5249 qui__bu_ric
1529 5165 1701 5231 locuui
1808 5165 2324 5249 soi'tus'stumach'um
2351 5165 2656 5243 vcrlerunt;
2709 5192 2828 5229 nam
2854 5176 3118 5249 subaerato
3149 5165 3348 5233 sinum-

203 5231 380 5320 Ellsebii
418 5231 492 5320 vde
519 5237 664 5320 ‘SPIis
710 5231 953 5320 veterum
987 5231 1256 5320 oratorum
1298 5243 1449 5320 libris
1474 5250 1697 5315 accepit.
1807 5231 2125 5320 ¹μεθιείς
2145 5247 2354 5320 dicitur
2379 5231 2740 5320 ajrbinscoride
2764 5256 2816 5320 et
2846 5245 3064 5320 Gnaleno.

199 5303 332 5382 Quasi
368 5319 493 5382 vero
519 5305 666 5374 λόγοι
690 5308 761 5382 de
784 5311 912 5364 solis
936 5313 1267 5366 orationibus
1299 5314 1563 5380 dicantur,
1597 5303 1700 5368 non

1875 5303 2097 5382 (‘22,)713
2135 5313 2207 5364 δι’
2234 5318 2417 5370 αὐτοῦ
2462 5313 2831 5382 διδασκαλίᾳ.
2863 5313 3036 5382 Codex
3066 5313 3349 5374 Medicaeus

1804 5379 2044 5449 habetsﬁ
2075 5382 2257 5448 αὑτοῦ,
2293 5388 2504 5439 rectius.
2539 5381 2769 5453 Nam_8t’
2796 5379 2955 5453 αὑτοῦ
2985 5397 3048 5434 ex
3091 5398 3346 5453 sequente

1805 5453 1941 5507 linea
1971 5453 2070 5502 huc
2104 5454 2379 5520 irrepsisse
2409 5455 2635 5506 videtur.
2680 5449 2878 5517 Regius
2901 5458 3076 5504 tamen
3106 5449 3182 5505 ρι’
3207 5455 3342 5510 Maz.

1804 5520 2156 5598 code_x_uihil‘
2180 5532 2412 5598 mutant.
2448 5521 2506 5576 ln
2539 5520 2672 5574 Fuk.
2697 5521 2956 5590 scriptum
2981 5531 3084 5589 est,
3124 5526 3199 5593 τῇ·
3222 5527 3345 5577 ἐαυ-

1802 5588 1892 5640 τοῦ
1921 5588 2248 5659 διδασκαλίᾳ.

199 5372 330 5451 etiam
372 5376 436 5429 de
480 5372 921 5451 grammaticam
971 5383 1343 5448 philosophia;
1397 5393 1487 5433 aut
1547 5372 1702 5451 quasi

200 5437 422 5507 Origenes
465 5437 738 5498 n'ratorum
795 5437 990 5501 libros.
1032 5437 1470 5510 duntaxatfnon‘
1526 5437 1699 5506 autem

202 5515 644 5588 grammaticorum
698 5513 1026 5588 distraxerit.
1100 5518 1367 5588 biusculus
1443 5522 1698 5588 quosdam

201 5592 539 5652 cxcerptorum
586 5582 756 5639 libros
815 5585 883 5638 ab
939 5586 1052 5654 ipso
1095 5586 1320 5657 Origene
1370 5582 1700 5658 compositos
