3956 6352
673 321 770 375 551

1368 317 1628 372 EUSEBH
1665 313 2119 371 CLSARIENSIS
2154 279 2301 371 OPP.
2342 314 2516 368 PARS
2551 314 2594 368 Ι.
2643 342 2663 352 -
2738 311 3117 368 HISTORICA.

3733 308 3832 362 551

675 437 914 506 reperiri.
955 437 1112 503 lianc
1158 452 1284 490 vero
1318 437 1716 503 inscriptionem
1766 435 1958 486 Paulus
1991 443 2196 500 aposto-

2308 434 2474 495 κὸτως
2495 449 2512 465 ·
2575 432 2838 501 Ἑϐραίοις
2881 433 2984 501 γάρ
3019 434 3178 499 φησιν
3210 429 3550 490 επιστέλλων,
3579 428 3831 498 πρόληψιν

674 525 755 578 lus
800 533 944 579 recte
987 536 1145 592 atque
1186 526 1373 579 ordine
1415 524 1666 577 omissam
1719 523 1880 575 fuisse
1933 523 2198 574 observat.

672 611 801 664 Cum
833 614 978 665 enim
1006 612 1242 668 Hebrteis
1274 615 1536 667 scriberet
1563 613 1653 680 qui
1685 612 1957 664 sinistram
1989 611 2053 662 de
2090 610 2204 677 ipso

673 703 974 770 opinionem
1016 704 1183 756 multo
1213 715 1334 755 ante
1361 703 1750 765 combiberant,
1781 701 2056 768 ipsumque
2081 714 2204 751 sus~

674 801 881 854 pectum
917 789 1179 842 habebant
1208 805 1221 838 :
1253 788 1496 855 prudenti
1514 788 1735 840 consilio
1764 802 1910 849 usus,
1934 787 2053 839 illos
2075 786 2200 837 abs-

677 889 876 930 terrere
900 878 1078 929 statim
1120 878 1185 928 ab
1209 876 1360 928 initio
1383 877 1623 942 apposita
1653 877 1880 928 nominis
1906 875 1984 928 sui
2016 875 2203 926 inscri-

603 999 605 1002 ‹
675 965 852 1028 ptione
884 963 1074 1014 noluit.
1107 962 1305 1014 Deinde
1333 961 1604 1028 aliquanto
1626 972 1745 1030 post
1774 963 1855 1015 his
1886 963 2051 1015 utitur
2078 976 2203 1014 ver-

672 1052 758 1102 bis
787 1068 802 1103 :
831 1069 850 1100 ‹
877 1050 990 1104 Jam
1027 1066 1188 1115 vero,
1238 1051 1376 1103 sicut
1422 1054 1605 1104 beatus
1656 1050 1864 1104 diccbat
1904 1052 2199 1120 presbyter,

675 1141 888 1207 quando
920 1141 1132 1207 quidem
1175 1142 1415 1195 dominus
1456 1143 1835 1211 omnipotentis
1864 1143 1951 1195 Dei
1981 1154 2198 1210 apostoo

675 1228 760 1282 lus
787 1231 850 1280 ad
897 1230 1138 1282 Hebraeos
1173 1232 1365 1282 missus
1405 1229 1614 1292 fuerat,
1646 1247 1754 1298 pra:
1785 1232 2042 1284 modestia
2067 1230 2204 1282 Pan-

675 1319 779 1380 lus,
800 1329 978 1384 utpote
1001 1322 1088 1387 qui
1122 1323 1184 1373 ad
1218 1332 1399 1385 gentes
1425 1334 1540 1376 erat
1572 1323 1827 1386 directus,
1862 1321 2201 1374 Hebrazorum

674 1408 972 1470 apostolum
1008 1421 1062 1458 se
1097 1409 1308 1461 minime
1341 1410 1500 1478 216
1539 1411 1798 1472 inscribit,
1825 1418 1933 1462 tum
1963 1409 2031 1462 ob
2052 1425 2201 1461 suam

675 1512 800 1565 erga
847 1497 1124 1548 Dominum
1166 1503 1515 1551 reverentiam
1544 1539 1558 1562 ,
1594 1509 1701 1551 tum
1755 1499 1894 1565 quod
1936 1515 2003 1552 ex
2039 1501 2206 1551 abun-

676 1586 821 1635 danti
864 1588 928 1637 ad
959 1586 1204 1639 llehraros
1237 1590 1344 1652 ipse
1382 1589 1615 1655 gentium
1651 1603 1826 1654 praeco
1854 1597 1909 1640 ct
1935 1589 2204 1655 apostolus

674 1674 950 1725 scriberet.
984 1694 1001 1722 s
1039 1675 1140 1726 Sed
1180 1687 1229 1727 et
1269 1677 1319 1726 in
1355 1676 1536 1727 iisdem
1571 1676 1722 1728 libris
1764 1675 2010 1728 Clemens
2037 1676 2201 1728 tradi-

2303 524 2540 592 εἰληφόσι
2569 524 2684 574 κατ’
2709 520 2868 572 αὐτοῦ
2928 521 3020 572 καὶ
3060 518 3444 571 ὑποπτεύουσιν
3493 517 3670 580 αὑτὸν,
3714 533 3830 568 συν-

2303 613 2436 675 ent»;
2470 613 2605 664 πάνυ
2632 613 2727 663 οὐκ
2752 614 2808 662 ἐν
2838 613 2975 682 ἀρχῇ
3011 608 3340 679 ἀπέστρεψεν
3364 608 3558 669 αὐτοὺς
3585 605 3646 659 τὺ
3672 606 3832 675 ὕνομα

2302 704 2430 766 Θείς.
2465 700 2594 755 Εἶτα
2624 702 2824 763 ὑποϐὰς
2847 702 3080 768 ἐπιλέγει
3105 716 3120 730 '
3170 719 3188 748 ι
3246 700 3384 767 Ἤδη
3410 699 3467 749 δὲ
3499 699 3574 761 ὡς
3606 701 3633 750 ὁ
3665 699 3830 766 μακά-

2304 809 2415 862 ριος
2457 792 2605 858 ἐλεγε
2653 789 3034 859 πρεσὸύτερος,
3070 788 3188 839 ἐπεὶ
3236 789 3264 838 ὁ
3310 787 3506 854 Κύριος
3551 785 3830 847 ἀπόστολος

2300 881 2374 934 ὢν
2412 882 2504 934 τού
2548 880 3002 949 Παντοκράτορος,
3039 877 3312 945 ἀπεστάλη
3357 877 3490 945 πρὸς
3529 873 3830 943 Ἑϐραίους,

2299 971 2384 1023 διὰ
2413 971 2730 1041 μετριότητα
2752 971 2779 1020 ὀ
2810 968 3033 1029 Παῦλος,
3059 968 3131 1029 ὡς
3151 966 3214 1019 ἂν
3237 969 3315 1027 είς
3340 967 3408 1018 τὰ
3431 964 3557 1033 ἔθνη
3577 963 3829 1016 ἀπεσταλ-

2304 1061 2480 1129 μένος,
2523 1061 2621 1111 οὑκ
2662 1058 2921 1128 ἐγγράφει
2975 1057 3159 1108 ἐαυτὸν
3210 1055 3468 1124 Ἐϐραίων
3517 1053 3830 1112 ἀπόστολον,

2299 1151 2384 1203 διά
2410 1167 2468 1202 τε
2495 1150 2592 1218 τὴν
2622 1149 2753 1218 πρὸς
2787 1147 2876 1199 τὸν
2937 1147 3132 1211 Κύριον
3198 1147 3377 1214 τιμὴν,
3441 1145 3527 1196 διά
3559 1161 3620 1195 τε
3657 1143 3716 1193 τὸ
3772 1144 3828 1193 ἐκ

2303 1239 2609 1307 περιουσίας
2657 1238 2749 1288 καὶ
2801 1239 2909 1297 τοῖς
2965 1235 3225 1304 Ἑϐραίοις
3277 1234 3624 1307 ἐπιστέλλειν,
3668 1231 3830 1282 ἐθνῶν

2303 1306 2512 1397 κήρυκα
2535 1327 2658 1379 ὄντα
2679 1326 2771 1378 καὶ
2792 1326 3097 1378 ἀπόστολον.
3137 1344 3154 1375 s
3183 1322 3340 1386 Αὖθις
3358 1325 3403 1376 δ’
3435 1326 3493 1376 ἐν
3523 1306 3631 1384 τοῖς
3661 1322 3832 1380 αὐτοῖς

2302 1421 2330 1470 ὁ
2360 1419 2586 1488 Κλήμης
2619 1417 2837 1486 βιϐλίοις
2891 1417 3015 1485 περὶ
3062 1416 3160 1484 τῆς
3205 1416 3406 1478 τάξεως
3441 1414 3552 1467 τῶν
3601 1415 3832 1480 Εὑαγγε-

2304 1506 2429 1558 λίων
2460 1507 2747 1577 παράδοσιν
2777 1506 2883 1556 τῶν
2910 1505 3163 1557 ἀνέκαθεν
3185 1504 3558 1574 πρεσϐυτέρων
3583 1504 3829 1563 τέϐειται,

2303 1598 2485 1649 τοῦτον
2512 1597 2732 1665 ἔχουσαν
2757 1597 2844 1647 τὸν
2865 1596 3104 1664 τρόπον.ι
3119 1595 3529 1664 Προγεγράφθαι
3546 1593 3829 1663 ἑλεγεν(9ὓ)

2303 1688 2410 1740 τῶν
2443 1687 2780 1754 Εὑαγγελίων
2811 1688 2878 1739 τὰ
2910 1687 3220 1755 περιέχοντα
3247 1685 3342 1748 τὰς
3375 1685 3732 1753 γενεαλογίας.
3768 1683 3832 1736 Τὸ

673 1763 871 1814 tionem
902 1764 1184 1831 quamdam
1220 1767 1282 1816 de
1315 1766 1500 1817 ordine
1543 1766 1954 1832 Evangeliorum
1985 1781 2142 1833 quant
2174 1781 2201 1816 a

2306 1777 2357 1828 δὲ
2389 1777 2527 1830 κατὰ
2558 1779 2797 1846 Μάρκον,
2844 1776 3040 1844 ταύτην
3067 1775 3350 1843 ἐσχηκέναι
3385 1775 3482 1844 τὴν
3513 1775 3830 1842 οἰκονομίαν.

670 1855 1049 1906 vetustioribus
1081 1858 1405 1923 presbyteris
1443 1867 1750 1921 acceperat,
1783 1857 1948 1909 refert
1979 1858 2028 1908 in
2060 1858 2199 1910 hunc

676 1944 912 1993 modum.
939 1961 956 1991 ι
995 1941 1210 1994 Dicebat
1241 1957 1304 1994 ex
1335 1943 1656 2010 Evangeliis,
1685 1944 1831 2011 prius
1854 1943 2052 2010 scripta
2080 1957 2201 1995 esse

670 2030 758 2083 illa
795 2047 912 2099 qua:
949 2032 1141 2084 seriem
1184 2033 1392 2100 generis
1424 2029 1683 2085 Dominici
1721 2033 2014 2088 continent.
2040 2031 2201 2085 Marci

672 2128 847 2172 autem
889 2119 1234 2186 Evangelium
1277 2134 1342 2172 ex
1388 2119 1686 2187 hnjusmodi
1739 2120 2023 2173 occasione
2069 2120 2204 2173 scri-

669 2219 813 2276 ptum
860 2210 1040 2262 fuisse.
1085 2209 1214 2262 Cum
1265 2209 1452 2262 Petrus
1491 2211 1543 2262 in
1591 2211 1721 2263 urbe
1767 2209 1934 2262 Roma
1983 2211 2201 2263 verbum

670 2299 761 2351 Dei
791 2302 1001 2367 publice
1044 2302 1405 2369 prmilicasset.
1432 2309 1485 2353 et
1521 2299 1721 2368 Spiritu
1762 2311 1948 2354 sancto
1993 2299 2201 2364 afﬂatus

670 2391 1008 2458 livangelium
1045 2392 1467 2460 promnlgasset,
1509 2391 1660 2444 multi
1692 2391 1782 2458 qui
1812 2391 2034 2444 aderant
2059 2389 2200 2442 Mar-

672 2495 798 2531 cum
832 2481 1092 2533 cohortati
1135 2489 1292 2544 sunt,
1324 2491 1505 2548 utpote
1532 2479 1623 2548 qui
1656 2477 1868 2532 Petrum
1888 2478 2199 2547 jamdudum

671 2592 904 2637 sectatus
934 2585 1151 2650 luisset,
1189 2594 1241 2638 et
1270 2586 1410 2638 dicta
1447 2585 1561 2652 ejus
1601 2583 1853 2636 memoria
1887 2592 2110 2646 teneret,
2143 2592 2202 2635 ut

673 2701 789 2751 quae
812 2689 877 2739 ab
907 2689 1145 2753 apostolo
1172 2691 1451 2754 praedicata
1479 2696 1634 2740 erant
1655 2688 2036 2740 conscriberet.
2069 2686 2205 2740 alar-

674 2804 769 2841 cus
815 2789 974 2856 igitur
1016 2790 1355 2858 Evangelium
1402 2790 1717 2856 composuit,
1741 2791 1908 2855 iisque
1948 2788 2034 2857 qui
2075 2790 2206 2842 illud

676 2896 745 2946 ab
775 2894 890 2963 ipso
911 2895 1167 2960 rogabant
1205 2893 1476 2958 impertiit.
1509 2892 1656 2956 Quod
1691 2905 1813 2943 cum
1843 2890 2031 2944 Petrus
2056 2907 2200 2945 com-

676 2996 924 3063 perisset.
952 3009 1048 3046 nec
1091 2994 1357 3060 prohibuit
1402 2995 1616 3045 omnino
1662 3008 1768 3045 rem
1816 2993 1927 3046 fieri
1954 3034 1969 3058 ,
2001 3009 2096 3047 nec
2147 3005 2206 3049 ut

681 3098 834 3150 ﬁeret
887 3096 1145 3147 incitavit.
1193 3095 1260 3146 At
1295 3096 1544 3156 Joannes,
1592 3097 1830 3147 omnium
1880 3105 2203 3163 postremus,

2301 1866 2405 1918 Τοῦ
2433 1868 2636 1936 Πέτρου
2659 1866 2887 1935 δημοσίᾳ
2911 1868 2966 1916 ἐν
2999 1864 3179 1936 Ῥώμῃ
3203 1863 3528 1934 κηρύξαντος
3549 1864 3635 1915 τὸν
3654 1864 3829 1929 Λόγον,

2301 1960 2393 2011 καὶ
2446 1958 2714 2027 Πνεύματι
2749 1956 2809 2006 τὸ
2839 1955 3156 2022 Εὐαγγέλιον
3201 1954 3516 2016 ἐξειπόντος,
3549 1955 3671 2016 τοὺς
3706 1973 3834 2022 παρ-

2299 2045 2454 2104 όντας
2514 2042 2729 2102 πολλοὺς
2769 2039 2935 2101 ὂντας
2979 2037 3344 2108 παρακαλέσαι
3378 2038 3465 2089 τὸν
3497 2039 3733 2108 Μάρκον,
3765 2041 3833 2100 ὡς

2300 2135 2364 2186 ἃν
2411 2131 2837 2199 ἀκολουθήσαντα
2882 2129 3025 2198 αὑτῷ
3059 2128 3331 2198 πόρρωθεν
3365 2127 3470 2197 (91)
3503 2129 3596 2180 καὶ
3638 2145 3822 2197 μεμνη-

2304 2221 2457 2289 μένον
2511 2219 2618 2271 τῶν
2670 2217 3000 2287 λεχθέντων,
3068 2216 3373 2287 ἀναγράψαι
3425 2215 3494 2268 τὰ
3547 2216 3829 2286 εἰρημένα.

2301 2310 2596 2378 ποιήσαντα
2639 2307 2695 2359 δὲ
2757 2308 2816 2358 τὸ
2857 2307 3203 2373 Εὑαγγέλιον,
3250 2304 3563 2374 μεταδοῦναι
3596 2306 3702 2367 τοῖς
3729 2304 3832 2355 δεο-

2304 2400 2480 2468 μένοις
2537 2397 2717 2451 αὺτοῦ.
2761 2399 2932 2468 Ὅπερ
2980 2396 3258 2464 ἐπιγνόντα
3289 2397 3380 2448 τὸν
3438 2396 3658 2464 Πέτρον,
3715 2411 3833 2462 προ-

2300 2487 2600 2562 τρεπτικῶς
2653 2488 2788 2556 μήτε
2823 2487 3065 2562 κωλῦσαι,
3096 2485 3203 2554 (9‘2)
3254 2486 3385 2554 μήτε
3421 2483 3829 2556 προτρέψασθαι.

2302 2568 2610 2646 Τὸνμέντοι
2643 2576 2888 2645 Ἰωάννην
2916 2567 3133 2644 saxeam
3158 2574 3433 2626 συνιδόντα
3461 2574 3542 2625 ὅτι
3566 2573 3633 2625 τὰ
3661 2589 3833 2641 σωμα-

2302 2668 2426 2718 τικὰ
2475 2670 2530 2718 ἐν
2585 2669 2693 2726 τοῖς
2739 2662 3079 2731 Εὖαγγελίοις
3117 2663 3421 2731 δεδήλωται,
3470 2661 3833 2731 προτραπέντα

2304 2756 2408 2806 ὑπὸ
2451 2756 2555 2806 τῶν
2606 2755 2889 2824 γνωρίμων
2938 2753 3067 2821 (95),
3112 2751 3379 2819 Πνεύματι
3435 2750 3830 2820 θεοφορηθέντα,

2305 2843 2658 2914 πνευματικὸν
2704 2844 2916 2910 ποιῆσαι
2949 2841 3283 2907 Εὐαγγέλιον.
3317 2860 3334 2891 s
3377 2840 3620 2892 Τοσαῦτα
3643 2842 3668 2891 ό
3700 2839 3832 2906 Κλή-

2307 2950 2430 3001 μης.
2466 2932 2628 2984 Πάλιν
2655 2931 2695 2981 δ’
2733 2934 2760 2981 ὁ
2791 2930 3041 2998 δηλωθεὶς
3086 2927 3434 2997 Ἀλέξανδρος,
3467 2928 3561 2980 τοῦ
3601 2928 3834 2997 Κλήμεν-

2309 3039 2420 3088 τος,
2445 3023 2558 3091 ἃμα
2579 3023 2744 3072 δὲκαὶ
2774 3021 2863 3072 τοῦ
2910 3021 3195 3072 Πανταίνου
3238 3020 3292 3071 ἐν
3320 3037 3421 3071 τινι
3458 3020 3590 3088 πρὸς
3638 3018 3830 3086 Ὠριγέ-

2312 3130 2407 3182 νην
2436 3113 2684 3180 ἐπιστολῇ
2714 3109 3050 3180 μνημονεύει,
3071 3110 3144 3170 ὡς
3164 3109 3226 3176 δὴ
3258 3106 3541 3178 γνωρίμων
3581 3107 3722 3177 αύτῷ
3750 3123 3834 3173 γε-

680 3201 800 3237 cum
832 3185 1036 3237 videret
1071 3185 1121 3235 in
1159 3185 1376 3236 aliorum
1422 3184 1716 3252 Evangeliis
1739 3200 1798 3237 ea
1833 3200 1950 3252 qua:
1981 3186 2044 3238 ad
2079 3201 2207 3239 cor-

2311 3202 2544 3270 νομένων
2569 3201 2674 3252 τῶν
2698 3200 2919 3270 ἀνδρῶν.
2945 3200 3142 3270 Γράφει
3168 3200 3224 3252 δὲ
3251 3199 3419 3260 οὕτως
3438 3214 3450 3227 ·
3498 3218 3517 3248 ι
3549 3198 3714 3251 Τοῦτο
3735 3197 3833 3266 γὰρ

679 3291 780 3343 pus
807 3276 1002 3329 Christi
1031 3277 1294 3342 pertinent
1334 3276 1523 3325 tradita
1553 3290 1688 3339 esse,
1727 3277 1835 3344 ipse
1872 3277 2052 3328 divino
2089 3275 2210 3343 Spi-

679 3379 785 3430 ritu
828 3375 1033 3428 aﬂlatus
1058 3377 1294 3444 spiritale
1333 3377 1670 3444 Evangelium
1709 3377 2046 3430 familiarium
2082 3392 2207 3430 suo-

681 3498 799 3535 rum
824 3491 1009 3550 rogatu
1042 3482 1375 3550 conscripsit.
1414 3500 1432 3532 s
1460 3480 1724 3534 Hactenus
1745 3480 2008 3534 Clemens.
2040 3480 2206 3534 Porro
2232 3472 2238 3477 ’

679 3584 983 3648 Alexander
1015 3583 1059 3636 is
1103 3581 1168 3635 de
1198 3597 1303 3649 quo
1335 3581 1581 3650 superius
1612 3581 1865 3645 diximus,
1893 3585 1945 3634 in
1980 3582 2207 3648 quadam

681 3687 748 3740 ad
783 3686 1064 3754 Origenem
1093 3684 1336 3753 epistola,
1370 3683 1656 3738 Clementis
1698 3683 1853 3737 simul
1884 3698 1947 3737 ac
1971 3683 2207 3736 Panta'ni

681 3801 929 3859 tanquam
960 3790 1300 3843 familiarium
1335 3805 1553 3843 suorum
1587 3789 1909 3842 mentionem
1957 3787 2088 3841 facit
2127 3788 2210 3839 his

679 3895 900 3948 verbis:
933 3913 950 3943 ι
987 3893 1108 3948 Haec
1151 3895 1288 3945 enim
1350 3894 1440 3946 Dei
1480 3894 1724 3946 voluntas
1771 3892 1894 3955 fuit,
1939 3903 1997 3944 ιιι
2042 3892 2208 3954 nosti,

682 4013 787 4065 quo
814 3999 1042 4050 amicitia
1071 4009 1246 4052 nostra
1274 3998 1383 4065 jam
1417 3998 1536 4049 inde
1563 4012 1592 4048 a
1621 3994 1908 4062 majoribus
1935 3994 2201 4056 inchoata,

681 4113 837 4152 sacra
869 4109 1025 4168 atque
1061 4101 1307 4152 inviolata
1354 4108 1611 4164 maneret,
1653 4099 1759 4153 imo
1810 4098 2101 4152 ferventior
2141 4111 2205 4150 ac

2312 3292 2405 3342 καὶ
2450 3290 2654 3358 θέλημα
2702 3289 2852 3352 Θεοῦ,
2899 3289 2972 3352 ὡς
3024 3286 3183 3353 οἶδας,
3233 3290 3471 3357 γέγονεν,
3523 3290 3609 3342 ἵνα
3655 3290 3686 3357 ἡ
3738 3287 3833 3340 ἀπὸ

2314 3381 2582 3448 προγόνων
2621 3381 2746 3448 ἡμῖν
2789 3379 2935 3446 φιλία
2974 3378 3102 3447 μένῃ
3135 3378 3324 3440 ἄσυλος
3347 3395 3359 3407 ο
3397 3378 3593 3446 μᾶλλον
3637 3378 3690 3428 δέ
3722 3377 3831 3445 θερε-

2262 3534 2265 3536 _
2316 3467 2570 3544 μοτέραῇ
2616 3473 2706 3522 καὶ
2741 3470 3068 3539 βεὸαιοτέρα.
3121 3470 3360 3540 Πατέρας
3391 3469 3498 3539 γὰρ
3531 3470 3683 3538 ἴσμεν
3719 3469 3830 3528 τοὺς

2316 3561 2606 3632 μακαρίους
2643 3560 2876 3622 ἐκείνους
2919 3562 3039 3622 τοὺς
3089 3559 3528 3630 προοδεύσαντας,
3578 3559 3708 3630 πρὸς
3751 3556 3831 3616 οὒς

2314 3652 2426 3718 μετ’
2463 3649 2635 3717 ὀλίγον
2677 3649 2927 3718 ἐσόμεθα,
2993 3650 3284 3701 Πάνταινον
3327 3649 3414 3699 τὸν
3461 3647 3721 3716 μακάριον
3767 3646 3830 3705 ὡς

2310 3740 2518 3809 ἀληθῶς
2549 3739 2640 3791 καὶ
2666 3739 2870 3808 κύριον,
2911 3740 3001 3790 καὶ
3036 3739 3124 3791 τὸν
3160 3738 3298 3806 ἱερὸν
3333 3737 3618 3804 Κλήμεντα
3659 3733 3829 3802 κύριόν

2313 3847 2410 3897 μου
2448 3828 2726 3896 γενόμενον
2759 3829 2849 3880 καὶ
2879 3827 3224 3895 ὠφελήσαντά
3258 3842 3342 3894 με,
3369 3826 3460 3876 καὶ
3482 3824 3635 3884 εἴτις
3665 3823 3832 3891 ἔτερος

2307 3919 2561 3979 τοιοῦτος,
2585 3917 2647 3969 δι’
2679 3911 2751 3968 ὧν
2785 3933 2842 3966 σε
2861 3915 3124 3984 ἐγνώρισα
3152 3915 3240 3965 τὸν
3263 3913 3398 3965 κατά
3426 3913 3607 3976 πάντα,
3627 3910 3829 3979 ἄριστον

2310 4010 2399 4058 καὶ
2431 4006 2615 4074 κύριόν
2646 4023 2743 4074 μου
2761 4007 2851 4056 καὶ
2871 4003 3106 4070 ἀδελφόν.
3145 4020 3162 4050 ι
3193 4002 3298 4051 Καὶ
3327 4000 3493 4051 ταῦτα
3532 3999 3628 4067 μὲν
3660 3998 3828 4052 τοιαῦ-

2309 4114 2392 4147 τα.
2452 4097 2510 4147 '0
2531 4095 2677 4162 γὲτοι
2751 4093 3111 4161 Ἀδαμάντιος,
3160 4090 3251 4141 καὶ
3305 4087 3457 4140 τοῦτο
3500 4089 3607 4158 γὰρ
3658 4083 3732 4158 ἦν
3761 4084 3832 4152 τῷ

755 4248 864 4368 ρο)
881 4249 1307 4326 Προτεγζράφθαι
1326 4250 1548 4329 ἕβεγεν.
1571 4247 1629 4300 1η
1652 4248 1810 4302 codd.
1833 4246 2144 4325 Maz.,Med.
2164 4254 2208 4298 et

685 4315 820 4369 Fu'.
873 4323 1272 4369 προγεγραοοαι
1323 4318 1551 4369 ἐλέγετο.
1618 4316 1718 4369 Sed
1783 4315 1963 4369 ἔλεγεν
2014 4325 2208 4367 rectius

2322 4261 2516 4304 remus,
2552 4245 2662 4295 hac
2690 4244 2826 4293 inter
2869 4255 2925 4292 se
2961 4254 3062 4290 non
3110 4246 3363 4306 pugnant.
3405 4237 3496 4291 Ait
3539 4237 3682 4290 enim
3723 4237 3829 4292 Cle-

2318 4329 2488 4369 mens.
2535 4311 2746 4363 Petrnm
2782 4323 2898 4360 cum
2932 4307 3264 4369 Evangeliunt
3306 4321 3334 4356 a
3366 4306 3542 4358 Marco
3587 4309 3826 4369 scriptum

733 4332 820 4368 Illi.

873 4315 1272 4385 προγεγράφθαι
1323 4315 1551 4384 ἐλέγετο.
1618 4316 1718 4369 Sed
1783 4315 1963 4380 ἔλεγεν
2014 4317 2217 4367 rectius

687 4385 958 4440 scribitur.

760 4453 867 4522 (9H
890 4453 1207 4522 Πόρρωθεν.
1241 4451 1342 4503 Pro
1368 4454 1468 4504 hac
1495 4466 1626 4522 voce
1655 4451 1982 4522 Nicephorus
2013 4449 2208 4522 substi-

688 4518 792 4575 tuit
815 4523 878 4572 ἐκ
908 4520 1119 4578 πολλοῦ,
1151 4529 1203 4570 et
1226 4534 1344 4569 rum
1373 4520 1611 4584 sequenti
1637 4520 1797 4570 verbo
1822 4519 2093 4584 conjunxit
2113 4518 2210 4568 hoc

689 4593 868 4646 modo.
904 4588 995 4639 καί
1026 4589 1088 4637 ἐκ
1117 4587 1305 4654 πολλοι]
1342 4586 1699 4654 μεμνημένον.

760 4657 868 4727 (92)
903 4651 1806 4727 Πρωρεπτικῶςμῆ-ζεκωλῦσαι.
1829 4652 1904 4727 ita
1931 4651 2122 4727 legitur
2158 4651 2208 4702 iit

689 4719 1144 4785 ouinibusﬁlib’ris,
1173 4735 1224 4773 et
1267 4725 1402 4788 apud
1429 4721 1801 4787 Nicephorum.
1830 4719 2209 4783 Christophor—

690 4811 854 4849 sanus
880 4804 1052 4844 tamen
1087 4790 1338 4841 audacter
1363 4793 1608 4848 mutavit,
1629 4790 1749 4855 quia
1779 4790 2214 4855 scilicetevange-

689 4865 804 4917 licaa
843 4861 1145 4912 auctoritati
1186 4859 1297 4910 haec
1332 4858 1598 4908 adversari
1644 4853 1973 4908 ridebantur.
2020 4853 2124 4905 Sed
2156 4863 2211 4904 et

690 4931 947 4984 Eusebius
979 4931 1089 4996 ipse
1127 4927 1176 4978 id
1217 4927 1369 4978 aliter
1389 4925 1753 4996 retulit_supra
1789 4927 1837 4976 in
1871 4925 2057 4996 lib._tt,
2092 4936 2208 4986 cap.

692 5000 774 5052 Η.
811 4997 923 5051 Illic
953 4991 1092 5049 enim
1117 4996 1315 5047 diserte
1341 4994 1548 5054 scribit,
1581 4993 1794 5046 Petrum
1827 5008 1945 5045 cum
1979 4991 2216 5055 Evange-

690 5069 818 5120 lium
849 5076 1034 5136 rogatu
1070 5064 1304 5136 fratrum
1320 5063 1406 5128 qui
1434 5061 1610 5113 Roma:
1635 5072 1862 5136 erattt,_a
1883 5061 2061 5112 Marco
2086 5074 2214 5136 con-

690 5127 949 5204 scriptum
992 5149 1115 5204 esse
1149 5127 1441 5194 didicisset,
1483 5146 1740 5204 propenso
1782 5131 1991 5204 illorum
2037 5127 2213 5204 studio

692 5194 1006 5272 magnopere
1039 5202 1365 5272 delectamur
1405 5214 1544 5259 esse,
1584 5194 1637 5250 et
1667 5199 2034 5272 “Evangelium
2088 5194 2212 5272 illud
2292 5235 2298 5241 .

694 5265 847 5337 pro'ut
876 5265 974 5338 ipsi
1007 5272 1293 5323 revelatum
1342 5267 1512 5321 fuerat
1555 5265 1921 5338 confirmasse.
1980 5265 2216 5316 auxisse.

693 5336 795 5403 ipie
817 5349 873 5389 ut
896 5336 952 5389 in
983 5339 1230 5391 Ecclesiis
1263 5337 1826 5404 legerelttr,_ithtteila
1851 5336 2072 5387 relatum
2096 5346 2216 5384 esse

697 5402 878 5457 Scribit
900 5422 927 5456 a
951 5408 1218 5458 Clemente
1241 5408 1290 5456 iu
1322 5402 1415 5456 lib.
1458 5420 1504 5454 Vl
1539 5402 1952 5471 Hypatyposeou,
1983 5404 2066 5455 cui
2096 5406 2215 5471 sub-

696 5477 881 5525 scribit
917 5475 1099 5540 Papias
1139 5475 1579 5540 llierapolitantts.
1631 5470 1726 5522 llic
1769 5487 1892 5523 vero
1926 5470 2214 5522 Clementis

697 5542 854 5589 verba
885 5556 946 5591 ex
977 5546 1158 5593 eodem
1184 5545 1316 5593 libro
1343 5545 1586 5594 relerens'
1606 5540 1881 5596 Eusebius.
1906 5541 2068 5590 aliter.
2092 5552 2210 5589 eum

702 5606 993 5668 loquentem
1018 5612 1231 5663 inducit.
1271 5611 1458 5663 Verum
1494 5611 1537 5661 si
1567 5625 1677 5661 rem
1709 5611 1955 5661 attentius
1979 5608 2210 5660 conside-

2318 4329 2488 4375 mens.
2535 4311 2746 4363 Petrum
2782 4323 2898 4360 cum
2932 4307 3264 4375 Evangeliunt
3306 4321 3334 4356 a
3366 4306 3542 4358 Marco
3587 4309 3826 4375 scriptum

2317 4373 2761 4446 edituiitqueiesse
2782 4373 3133 4446 cognovisset,
3159 4373 3331 4440 palam
3356 4389 3451 4426 nec
3468 4373 3717 4438 vetuisse,
3744 4391 3828 4428 nec

2309 4444 2578 4499 laudasse.
2611 4445 2745 4496 Rem
2773 4446 2929 4511 igitur
2967 4444 3420 4511 tacitoAcOnsenstt
3455 4446 3824 4508 comprobavit.

2307 4519 2480 4581 Atque
2519 4516 2590 4563 ita
2622 4509 2956 4564 concilianda
2983 4518 3108 4562 sunt
3132 4509 3244 4562 lure
3267 4512 3369 4581 duo
3392 4510 3523 4573 loca,
3553 4526 3673 4581 qua:
3694 4513 3827 4566 Chri-

2309 4579 2700 4647 stophorsonus
2735 4581 2874 4630 inter
2909 4593 2965 4630 se
3010 4593 3242 4645 pugnare
3276 4579 3623 4633 existimavit.
3654 4582 3752 4636 Sed
3779 4594 3825 4635 et

2313 4652 2543 4702 ltutinus
2563 4652 2812 4701 eumdem
2852 4662 3062 4698 sensum
3094 4659 3304 4698 secutus
3335 4658 3436 4712 eSI,
3465 4664 3582 4700 cum
3615 4651 3684 4702 ita
3720 4666 3824 4703 ver-

2311 4721 2377 4770 tit
2413 4737 2427 4770 :
2458 4716 2684 4782 Cumque
2713 4713 3122 4785 {actutnPetrus
3145 4717 3471 4779 postmodum
3493 4721 3821 4785 cognovisset,

2310 4789 2424 4836 licet
2446 4785 2563 4854 ﬁeri
2588 4789 2749 4848 ipsum
2777 4799 2876 4854 rion
2901 4783 3131 4854 jusserit,
3164 4794 3328 4854 tamen
3359 4783 3570 4849 factum'
3589 4803 3689 4840 non
3721 4806 3826 4854 pro-

2310 4854 2494 4903 hibuit.
2522 4851 2640 4921 Non
2664 4853 2834 4916 potuit
2857 4852 3040 4921 melius
3079 4852 3301 4918 exprimi
3340 4854 3630 4907 Clementis
3668 4851 3821 4911 locus.

2313 4922 2476 4973 Porro
2500 4921 2551 4970 in
2581 4919 2768 4972 Graeco
2799 4919 3131 4993 SCEleILdUIII
3164 4922 3372 4973 videtur
3394 4923 3700 4993 προφανῶς,
3732 4941 3821 4978 nou

2311 5000 2483 5062 autem
2518 4987 2947 5062 προτρεπτικῶς.
2982 4986 3225 5062 Fortasse
3251 4986 3652 5062 autemiPapias
3684 4986 3824 5062 aper-

2315 5057 2652 5122 tiusJocutus
2680 5059 2851 5107 fuerat
2880 5070 3036 5122 quam
3059 5057 3330 5120 Clemens,
3369 5070 3422 5112 et
3456 5057 3620 5114 Marci
3668 5057 3822 5114 Evan-

2311 5126 2506 5192 gelium
2531 5143 2556 5173 a
2583 5125 2736 5176 Petro
2759 5124 3122 5178 conﬁrmatum
3147 5127 3309 5179 fuisse
3335 5131 3558 5182 dixerat.

2381 5194 2489 5271 (93)
2518 5192 3058 5271 Demeas-serta"sz
3080 5192 3821 5271 tér.1val;tw.__llierouy-

2312 5259 2430 5313 mus
2465 5259 2515 5314 in
2559 5260 2872 5328 Prtrfatioue
2905 5259 3410 5316 Conantentarionini
3434 5271 3487 5316 ist
3529 5259 3817 5318 Mutiliae-ut

2311 5333 2376 5381 de
2422 5328 2623 5382 Joanne
2675 5334 2911 5395 loquens,
2957 5332 3033 5382 sic
3079 5335 3153 5382 ait
3198 5332 3608 5386 :Ecclest'ristica
3655 5340 3818 5386 narrat

2313 5400 2545 5458 historia,
2577 5415 2689 5449 cum
2723 5416 2752 5448 a
2795 5400 3042 5463 fratribus
3072 5411 3342 5466 cogeretur
3367 5412 3418 5453 ιιι
3454 5405 3715 5466 scriberet,
3752 5401 3844 5452 t'M'

2314 5466 2568 5540 [acturum
2586 5483 2639 5517 se
2651 5469 2984 5540 respondisse,
3003 5470 3043 5519 st'
3062 5464 3246 5540 indicto
3255 5471 3457 5540 jejunio
3474 5474 3526 5523 in
3543 5464 3818 5540 communes

2313 5530 2480 5586 omnes
2515 5535 2671 5586 Deum
2701 5530 3109 5601 deprecarentur.
3144 5530 3499 5604 Quo'eatpleto,
3530 5538 3818 5590 revelatio"

2312 5613 2592 5667 saturatas,
2625 5605 2753 5657 illud
2783 5620 3077 5676 promotum
3116 5623 3141 5657 ε
3175 5615 3298 5659 cato
3338 5603 3538 5659 ueniens
3565 5603 3814 5659 eructarit.
