3948 6340
185 303 270 357 561

1145 286 1490 368 msronm
1528 310 2069 372 ECCLESIASTICE
2105 316 2230 372 LIB.
2275 317 2360 373 v1.

3257 313 3357 367 56!

185 414 487 485 φιλοσοφίας
513 416 648 487 πρὸς
672 414 836 468 αὑτοῦ
865 396 1252 487 παιδευόμενοι.
1299 402 1497 488 Εῐσῆγὲ
1531 437 1591 474 τε
1616 420 1709 493 γὰρ

1825 438 2035 494 quoque
2056 425 2402 494 philosophiae
2427 433 2692 495 praecepta
2718 424 2867 492 quasi
2893 423 3139 493 discipuli
3168 439 3236 480 ex
3266 426 3382 480 illo.

184 507 329 567 ὅσους
359 508 568 576 εὐφυῶς
596 508 812 578 ἔχοντας
840 508 1006 579 (9-10)
1037 508 1181 581 ἐώρα
1207 513 1298 566 καὶ
1314 513 1404 565 ἐπὶ
1429 514 1496 567 τὰ
1513 515 1723 583 φιλόσο-

186 613 254 665 φα
297 599 589 670 μαθήματα
613 640 627 663 ,
680 600 1020 671 γεωμετρίαν
1063 603 1557 675 καιάριθμητικὴν
1584 644 1598 670 ,
1631 605 1723 658 καὶ

184 688 242 742 τὰ
272 690 404 743 ἄλλα
427 690 866 762 προπαιδεύματα
898 689 1236 762 παραδιδοὺς,
1266 693 1344 756 εἷς
1369 712 1426 747 τε
1450 695 1546 760 τὰς
1575 697 1721 768 αἱρέ-

188 801 290 845 σεις
311 782 408 845 τὰς
434 782 579 852 παρὰ
602 784 713 846 τοῖς
742 782 1043 852 φιλοσόφοις
1064 785 1336 855 προάγων,
1365 786 1458 839 καὶ
1483 787 1550 839 τὰ
1575 787 1722 858 παρὰ

186 873 379 935 τούτοις
420 873 829 945 συγγράμματα.
864 875 1235 946 διηγούμενος,
1284 877 1715 949 ὑπομνηματιξό-

189 965 335 1036 μενός
371 981 428 1017 τε
468 967 556 1018 καὶ
587 963 802 1036 θεωρῶν
837 969 916 1029 εἰς
959 969 1159 1021 ἕκαστα
1184 1008 1199 1031 ,
1231 970 1368 1024 ὥστε
1408 971 1580 1039 μέγαν
1626 972 1718 1024 καὶ⁸

187 1055 303 1124 παρ’
332 1055 512 1118 αὐτοῖς
545 1055 766 1125 Ἕλλησι
803 1058 1084 1127 φιλόσοφον
1114 1060 1204 1113 τὸν
1245 1061 1410 1133 ἄνδρα
1459 1063 1717 1136 κηρύττε-

189 1145 315 1198 σθαι.
364 1145 595 1207 Πολλοὺς
623 1147 677 1200 δὲ
715 1149 807 1200 καὶ⁵
831 1148 936 1201 τῶν
966 1150 1380 1222 ἰδιωτικωτέρων
1414 1155 1600 1224 ἐνῆγεν
1630 1155 1720 1206 ἐτι)⁸

186 1236 243 1289 τὰ
287 1236 546 1304 ἐγκύκλια
596 1238 913 1309 γράμματα,
957 1241 1016 1292 οὐ
1066 1241 1263 1315 μικρὰν
1294 1244 1470 1307 αὐτοῖς
1509 1244 1721 1297 ἔσεσθαι

186 1327 395 1395 φάσκων
427 1326 484 1393 ἐξ
511 1327 729 1381 ἐκείνων
757 1330 1158 1401 ἐπιτηδειότητα
1195 1335 1273 1396 εἰς
1301 1335 1398 1404 τὴν
1421 1334 1534 1388 -τῶν
1566 1335 1721 1389 θείων

185 1414 400 1487 Γραφῶν
429 1415 657 1486 θεωρίαν
687 1435 743 1469 τε
769 1420 861 1471 καὶ
888 1423 1235 1491 παρασκευήν
1267 1423 1396 1492 (Η).
1431 1423 1589 1477 Ὅθεν
1615 1425 1718 1495 μά-

185 1508 339 1561 λιστα.
376 1508 469 1562 καὶ
518 1509 694 1580 ἐαυτῷ
741 1510 1036 1578 ἀναγκαίαν
1084 1514 1322 1584 ἡγήσατο
1356 1515 1451 1586 τὴν
1494 1517 1618 1586 περὶ
1653 1517 1722 1571 τὰ

185 1599 411 1669 κοσμικὰ
443 1601 534 1653 καὶ⁵
561 1601 820 1671 φιλόσοφα
850 1603 1142 1673 μαθήματα
1170 1605 1418 1677 ἄσκησιν.

1823 516 2201 584 percipiebant.
2241 515 2598 586 Quoscunque
2622 518 2762 570 enim
2791 532 2857 570 ex
2887 515 3165 584 discipulis
3186 517 3356 571 soler-

1823 604 1897 656 tia
1943 611 1996 656 et
2031 605 2296 668 acumine
2338 605 2534 671 ingenii
2583 605 2830 674 praeditos
2871 605 3354 671 animadverterat,

1821 709 1911 749 eos
1951 698 2002 748 in
2044 682 2434 765 philosophiam
2475 697 2874 762 introducebat,
2905 695 3250 765 geometriam
3285 696 3351 749 il-

1818 785 1885 838 lis
1929 783 2143 838 tradens
2182 796 2236 838 et
2263 785 2652 839 arithmeticam
2683 787 2916 855 aliasque
2947 766 3169 854 praivias
3192 785 3355 840 disci-

1819 871 1991 940 plinas
2030 887 2044 922 :
2087 871 2208 924 inde
2249 874 2315 926 ad
2353 874 2531 927 varias
2570 875 3006 942 philosophorum
3044 883 3218 928 sectas
3262 890 3354 929 eos

1820 964 2144 1034 perducens,
2183 965 2236 1018 et
2264 965 2429 1020 libros
2463 981 2492 1018 a
2530 967 2694 1037 219
2729 967 3000 1022 veteribus
3026 965 3358 1036 philosophis

1819 1057 2154 1124 conscriptos
2197 1070 2500 1124 exponens;
2560 1058 2975 1112 commentarios
3035 1071 3248 1125 quoque
3301 1057 3352 1110 in

1822 1149 2057 1218 singulos
2092 1147 2358 1212 scribens,
2390 1158 2444 1201 et
2482 1150 2786 1204 reconditos
2811 1165 3004 1204 sensus
3041 1151 3250 1218 penitus
3274 1148 3358 1200 in-

1823 1241 2064 1309 quirens,
2091 1239 2222 1293 adeo
2245 1247 2300 1293 ut
2329 1240 2466 1308 apud
2491 1241 2636 1308 ipsos
2664 1243 2826 1295 etiam
2855 1242 3080 1311 gentiles
3111 1254 3356 1295 summus

1823 1331 2168 1399 philosophus
2195 1331 2650 1398 pronuntiaretur.
2680 1331 2756 1384 Ex
2785 1322 3091 1403 rudioribus
3119 1346 3245 1385 vero
3267 1339 3352 1384 at-

1822 1437 1926 1491 que
1957 1422 2244 1477 bebetioris
2271 1421 2464 1490 ingenii
2493 1420 2768 1489 discipulis
2791 1461 2806 1486 ,
2833 1422 3028 1476 multos
3064 1423 3131 1474 ad
3167 1423 3356 1474 huma-

1825 1517 2038 1568 nlorum
2082 1515 2279 1568 artium
2320 1515 2491 1568 studia
2525 1513 2930 1576 cohortabatur,
2960 1527 3206 1566 asserens
3245 1527 3352 1565 non

1827 1606 2150 1661 mediocrem
2200 1607 2320 1661 illos
2361 1605 2670 1661 facultatem
2711 1621 2776 1659 ex
2824 1604 3124 1672 huiusmodi
3168 1603 3373 1658 studiis.

185 1698 519 1758 percepturos
540 1705 657 1746 esse
698 1692 762 1745 ad
792 1705 1070 1746 sacrarum
1111 1693 1506 1764 Scripturarum
1569 1695 1988 1765 intelligentiam.
2048 1695 2309 1761 Quocirca
2368 1697 2638 1752 saecularis
2701 1697 3009 1750 litteratum
3037 1704 3092 1749 et
3121 1694 3354 1764 philoso.

185 1781 313 1849 phiae
359 1782 532 1835 studia
565 1783 666 1837 sibi
693 1797 907 1851 quoque
935 1765 1198 1851 imprimis
1234 1786 1540 1838 necessaria
1575 1800 1695 1839 esse
1717 1786 2066 1840 existimavit.

685 1875 1072 1927 ΚΕΦΑΛΑῘΟΝ
1104 1876 1201 1928 ῙΘ’.

351 1961 496 2015 Ὅσα
545 1962 684 2033 accpi
729 1965 1060 2032 Ὠριτένους
1100 1967 1527 2033 μνημονεύεται

621 2031 760 2101 (Nic.
783 2031 945 2085 age.
970 2050 1020 2096 ν,
1049 2031 1134 2096 12,
1171 2031 1282 2103 ιδ).

245 2126 530 2196 Μάρτυρες
566 2125 620 2177 δὲ
641 2125 742 2176 ’καὶ
778 2125 876 2192 τῆς
909 2125 1035 2193 περὶ
1061 2124 1230 2177 ταῦτα
1261 2126 1421 2178 αὑτοῦ
1448 2126 1719 2198 κατορθώ-

183 2231 338 2278 σεως,
371 2215 548 2267 αὐτῶν
584 2215 842 2283 Ἑλλήνων
885 2217 933 2266 ol
965 2216 1084 2266 κατ’
1110 2215 1267 2268 αὑτὸν
1293 2217 1600 2286 ἠκμακότες
1630 2236 1738 2286 φιτ

180 2304 412 2372 λόσοφοι·
440 2297 515 2357 ὧν
548 2307 603 2358 ἐν
635 2305 1020 2375 συγγράμμασι
1040 2345 1054 2368 ,
1089 2306 1284 2376 πολλὴν
1320 2309 1535 2378 μνήμην
1563 2307 1718 2379 εὖρο-

183 2413 273 2465 μεν
299 2396 389 2448 τοῦ
419 2397 606 2466 ἀνδρός
629 2413 644 2428 ο
674 2399 791 2448 τοτὲ
823 2398 919 2466 μὲν
944 2395 1088 2466 αὑτῷ
1118 2399 1571 2467 προσφωνούντων
1599 2401 1720 2462 τοὺς

179 2485 373 2538 ἑαυτῶν
411 2484 617 2554 λόγους,
651 2487 770 2538 τοτὲ
799 2487 854 2538 δὲ
885 2487 960 2548 ὡς
993 2487 1290 2558 διδασκάλῳ
1319 2491 1396 2551 εἰς
1448 2489 1720 2559 ἐπίκρισιν

176 2578 293 2639 τοὺς
321 2577 478 2640 ἰδίους
507 2577 878 2648 ἀναφερόντων
901 2577 1108 2640 πόνους.
1139 2579 1204 2630 Tl
1229 2581 1309 2630 δεῖ
1333 2579 1499 2632 ταῦτα
1523 2579 1718 2647 λέγειν,

177 2671 258 2721 ὅτε
289 2671 378 2722 καὶ
408 2671 437 2722 ὁ
465 2669 582 2722 καθ’
603 2672 752 2740 ἡμᾶς
784 2672 840 2722 ἐν
871 2671 1080 2741 Σικελίᾳ
1124 2672 1392 2735 καταστὰς
1422 2673 1721 2745 Πορφύριος

176 2763 303 2828 (12),
330 2764 729 2834 συγγράμματα
761 2763 878 2816 καθ’
907 2763 1060 2835 ἡμῶν
1089 2763 1498 2833 ἐνστησάμενος,
1533 2767 1625 2818 καὶ
1655 2766 1720 2818 δι’

175 2854 346 2909 αὐτῶν
389 2854 488 2917 τὰς
529 2855 676 2919 θείας
712 2855 928 2927 Γραφὰς
967 2855 1265 2909 διαϐάλλειν
1306 2857 1720 2926 πεπειραμένος,

173 2946 277 2999 τῶν
303 2965 360 3000 τε
389 2949 470 3011 εἰς
507 2947 674 3011 αὑτὰς
707 2947 1123 3018 ἐξηγησαμένων
1147 2949 1539 3018 «μνημονεύσας
1560 2989 1574 3014 9
1616 2968 1722 3019 μη-

171 3037 256 3089 δὲν
287 3039 545 3109 μηδαμῶς
589 3037 786 3106 φαῦλον
826 3038 1072 3110 ἔγκλημα
1103 3043 1215 3103 τοῖς
1247 3040 1505 3110 δόγμασιν
1533 3039 1722 3093 ἐπιϐαο

172 3127 278 3180 λεῖν
315 3130 594 3200 δυνηθεὶς,
628 3131 827 3202 ἀπορίᾳ
863 3113 1064 3200 λόγων,
1109 3133 1199 3184 ἐπὶ
1239 3133 1298 3186 τὸ
1325 3134 1573 3203 λοιδορεῖν
1602 3135 1722 3207 τρὲ-

2393 1879 2614 1935 CAPUT
2645 1879 2786 1933 XIX.

1778 2026 1785 2031 ,
1891 1970 2020 2035 Qua:
2039 1972 2101 2024 de
2132 1970 2351 2040 Origene
2373 1988 2402 2023 a
2425 1971 2700 2040 gentilibus
2727 1979 3139 2024 commemorata
3157 1971 3284 2024 sint.

1887 2126 2151 2190 Quantum
2200 2141 2358 2192 porro
2394 2126 2444 2178 in
2489 2126 2552 2179 iis
2583 2126 2772 2179 studiis
2809 2128 3119 2181 excclluerit
3141 2169 3158 2190 ,
3189 2137 3356 2180 testes

1817 2226 1944 2291 sunt
1975 2218 2071 2284 ipsi
2119 2217 2396 2284 gentilium
2431 2216 2730 2283 philosophi
2776 2217 2868 2284 qui
2918 2218 3034 2285 ejus
3065 2228 3228 2276 aetate
3255 2218 3353 2271 llo-

1817 2315 2055 2360 rnernnt.
2082 2305 2318 2371 Quorum
2359 2307 2409 2358 in
2443 2306 2592 2358 libris
2619 2308 2861 2359 crehram
2889 2307 3042 2373 hujus
3068 2309 3166 2361 viri
3204 2324 3356 2362 men-

1821 2400 2013 2451 tionem
2047 2398 2639 2467 lieridcprchendimus,
2659 2399 2780 2450 dum
2811 2399 2890 2450 vel
2915 2401 3159 2467 proprios
3188 2401 3354 2454 libros

1817 2493 1865 2544 ci
1915 2500 2253 2560 nuncupant,
2287 2490 2363 2543 vel
2397 2492 2609 2544 eosdem
2664 2491 3046 2544 examinandos
3097 2500 3350 2561 tanquam

1819 2583 1882 2635 ad
1911 2585 2221 2653 magistrum
2255 2597 2406 2635 suum
2445 2582 2700 2650 dirigunt.
2735 2582 2838 2633 Sed
2866 2583 2990 2649 quid
3022 2582 3088 2635 de
3121 2583 3185 2636 iis
3205 2582 3352 2645 dico.

1819 2662 2029 2740 quando
2057 2681 2110 2725 et
2141 2673 2252 2742 ipse
2281 2671 2628 2740 Porphyrius,
2646 2672 2730 2737 qui
2764 2681 2942 2724 nostra
2973 2673 3351 2748 propemodum

1817 2763 2072 2816 memoria
2118 2763 2170 2816 in
2219 2761 2401 2816 Sicilia
2433 2764 2626 2830 degens
2650 2801 2664 2824 ,
2697 2773 2886 2816 contra
2929 2765 3085 2817 [idem
3118 2773 3352 2818 nostram

1819 2855 1984 2910 libros
2010 2854 2366 2922 conscripsit,
2393 2854 2443 2906 in
2478 2854 2668 2919 quibus
2692 2855 2899 2908 divinas
2930 2855 3234 2919 Scripturas
3262 2871 3354 2908 ca-

1819 2947 2064 3000 lumniari
2095 2955 2316 3000 conatus
2339 2955 2442 3010 est,
2472 2947 2799 2999 mentionem
2827 2946 3028 3000 faciens
3054 2961 3237 3000 eorum
3263 2949 3352 3014 qni

1820 3038 1938 3090 illas
1974 3035 2304 3102 interpretati
2336 3044 2481 3098 sunt,
2507 3050 2628 3088 cum
2656 3036 2902 3103 dogmata
2931 3037 3042 3103 ipsa
3075 3045 3235 3103 atque
3263 3050 3353 3088 as-

1819 3127 2083 3180 sertioncs
2127 3125 2428 3180 nullatenus
2461 3111 2640 3193 posset
2665 3128 3058 3204 reprehendere
3083 3168 3097 3190 ,
3133 3142 3241 3195 prae
3269 3143 3361 3179 ras

172 3232 326 3270 πεται
350 3221 442 3271 καὶ
473 3221 600 3282 τοὺς
631 3219 895 3290 ἐξηγητάς
918 3220 1235 3285 διαϐάλλειν,
1263 3215 1335 3274 ὧν
1371 3224 1599 3293 μάλιστα
1629 3223 1709 3276 τὸν

1822 3219 2022 3270 tionum
2086 3216 2262 3280 inopia
2310 3217 2374 3270 ad
2409 3217 2648 3270 convicia
2698 3211 3007 3281 conversus,
3044 3220 3358 3288 interpretes

182 3307 453 3376 Ὡριγένην
481 3311 613 3378 (l5),
649 3310 706 3362 ὃν
732 3311 866 3362 κατὰ
897 3311 993 3381 τὴν
1032 3313 1154 3364 νέαν
1194 3313 1400 3382 ἡλικίαν
1429 3314 1716 3381 ἐγνωκέναι

170 3401 374 3467 φήσας,
419 3399 716 3452 διαϐάλλειν
755 3403 852 3471 μὲν
893 3405 1163 3472 πειρᾶται.
1213 3404 1475 3456 Συνιστῶν
1515 3404 1570 3455 δέ
1610 3403 1715 3473 ἄρα

166 3490 255 3540 τὸν
288 3489 453 3560 ἄνδρα
485 3489 758 3554 ἐλάνθανε,
792 3491 859 3542 τὰ
894 3492 991 3560 μὲν
1019 3492 1382 3562 ἐπαληθεύων,
1417 3494 1472 3546 ἐν
1496 3488 1578 3555 οἷς
1605 3494 1712 3545 οὐδ’

166 3579 364 3651 ἑτέρως
395 3579 542 3649 αὖτῷ
587 3578 761 3646 λέγειν
795 3574 863 3648 ἦν
903 3579 1151 3638 δυνατὸν.
1187 3579 1253 3631 τὰ
1298 3580 1352 3632 δέ
1397 3582 1490 3632 καὶ
1529 3581 1716 3648 ψευδό-

168 3689 348 3741 μενος,
376 3673 433 3724 ὲν
455 3665 534 3735 οἷς
562 3669 816 3741 λήσεσθαι
842 3669 1051 3739 ἐνόμιζε
1075 3687 1088 3699 ο
1126 3671 1217 3722 καὶ
1237 3671 1357 3722 τοτὲ
1385 3671 1480 3740 μὲν
1502 3671 1577 3735 ὡς
1595 3672 1718 3742 Χρι-

235 3806 409 3876 (9-10)
433 3807 646 3871 Ὅσους
666 3804 900 3874 ευςρυῶς
917 3803 1187 3872 ἔχοντας.
1211 3805 1284 3857 Ex
1304 3804 1575 3871 discipulis
1591 3809 1704 3860 suis

165 3876 394 3931 scilicet.
447 3877 626 3946 Itaque
669 3878 719 3929 in
769 3877 1224 3946 interpretatione
1251 3890 1363 3927 mea
1389 3877 1505 3946 has
1543 3878 1698 3946 ulnas

167 3962 327 4001 voces
379 3943 576 4012 addidi,
624 3948 688 4000 ad
739 3946 1028 4013 planiorem
1086 3945 1487 4009 intelligentiam
1542 3943 1698 4006 lmjns

165 4014 265 4070 loci
291 4032 452 4085 quem
494 4030 598 4070 non
640 4016 1017 4069 intellexerunt
1043 4015 1372 4083 interpretes.
1395 4013 1561 4085 Solus
1587 4013 1692 4085 ltu-

164 4083 551 4140 tinusisensum
602 4085 810 4139 Eusebii
859 4097 1137 4139 assecutus
1179 4094 1282 4144 est,
1323 4083 1472 4149 cujus
1525 4083 1701 4136 versio

161 4157 540 4209 commentarii
579 4157 750 4209 vicem
792 4155 877 4208 hic
915 4163 1152 4220 praestat.
1191 4153 1279 4206 Sic
1319 4155 1461 4204 enim
1495 4151 1698 4203 vertit:

165 4223 606 4292 Philosophorum
642 4240 840 4292 quoque
878 4225 1222 4290 opittatissimi
1268 4224 1472 4290 quique,
1514 4232 1621 4292 tam
1646 4223 1699 4272 in

160 4298 354 4364 nostris
376 4291 513 4357 eum,
541 4311 694 4364 quam
716 4291 767 4347 in
793 4295 900 4346 suis
925 4298 1225 4362 magistrum
1247 4291 1721 4364 incomparabilem

159 4363 480 4428 fatebantur.
530 4359 662 4417 Erat
700 4378 917 4431 namque
962 4359 1026 4415 εἴ
1061 4380 1170 4416 mos
1213 4363 1330 4422 iste,
1375 4370 1432 4411 ut
1479 4359 1524 4431 si
1577 4375 1703 4427 quos

157 4445 458 4486 nostrorum
516 4429 1017 4486 adulescentulorum
1067 4432 1362 4498 ingeniosos
1413 4429 1600 4482 videret
1656 4441 1703 4481 et

1823 3309 1967 3376 ipsos
1997 3309 2328 3360 criminatur.
2383 3307 2456 3359 Ex
2506 3309 2698 3374 quibus
2739 3308 2998 3375 prmeipue
3027 3307 3309 3376 Origencm
3336 3348 3352 3370 ,

1821 3414 1976 3466 quem
2007 3400 2105 3452 sihi
2137 3399 2309 3451 adhuc
2353 3397 2677 3452 adolescenti
2722 3399 2992 3467 cognitum
3035 3413 3153 3452 esse
3185 3399 3350 3452 dicit.

1820 3489 2132 3542 calumniari
2165 3489 2380 3557 quidem
2416 3490 2637 3552 nititur;
2668 3505 2851 3543 revera
2882 3501 3057 3544 tamen
3085 3491 3353 3543 heminem

1824 3580 2124 3646 imprudens
2151 3570 2487 3632 commendat
2517 3594 2531 3643 ;
2576 3579 2771 3645 partim
2802 3594 2925 3634 vera
2967 3579 3188 3631 dicendo
3213 3616 3227 3640 ,
3264 3577 3351 3630 ubi

1827 3671 1980 3723 aliter
2004 3672 2180 3725 dicere
2207 3686 2311 3723 non
2346 3680 2596 3738 poterat;
2631 3671 2823 3738 partim
2854 3670 3181 3732 mentiendo,
3214 3682 3350 3735 quo-

1809 3809 1880 3858 De
1908 3808 2086 3873 script.
2129 3806 2276 3868 eccl.,
2313 3807 2526 3859 Eusebii
2574 3807 2738 3860 libros
2772 3819 3130 3873 enumerans:
3157 3802 3352 3873 Contra

1810 3872 2156 3943 Porphyrium
2187 3877 2274 3938 qui
2306 3877 2483 3943 eodem
2508 3884 2734 3943 tempore
2763 3872 3014 3925 scribebat
3049 3875 3102 3925 in
3141 3872 3348 3937 Sicilia,

1803 3956 1854 3995 ut
1884 3942 2092 4012 quidam
2127 3952 2309 4007 putant
2348 3942 2470 3994 libri
2503 3943 2592 3996 30.
2618 3942 2836 4012 _Eodem
2869 3943 3053 3993 allttdit
3076 3943 3125 3994 in
3165 3943 3354 4010 praefa-

1807 4010 1950 4065 tione
1980 4011 2482 4064 Commentariorum
2521 4013 2574 4062 in
2606 4010 2946 4067 Ezechielem.
2990 4012 3072 4063 his
3114 4012 3292 4064 verbis
3336 4031 3348 4067 :

1819 4079 1997 4132 Verum
2027 4081 2148 4148 quia
2173 4087 2222 4150 et
2252 4089 2306 4131 tu
2327 4081 2671 4132 indesinenter
2695 4083 2791 4131 hoc
2819 4081 3048 4148 ﬂagitas.
3084 4091 3130 4133 et
3166 4098 3354 4150 magno

1805 4151 2006 4203 uulneri
2036 4149 2252 4200 cicatrix
2279 4151 2528 4214 paulatim
2561 4151 2861 4210 obducitur,
2900 4149 3351 4217 scorpiasquein-

1804 4233 1882 4272 ter
1906 4219 2218 4270 Enceladum
2257 4229 2302 4269 et
2351 4217 2699 4287 Porphyrium
2742 4219 3027 4273 Trinacria:
3054 4222 3206 4272 humo
3239 4237 3355 4286 pre-

1809 4291 1994 4350 mitur,
2027 4299 2155 4351 etc.,
2183 4288 2267 4339 ubi
2308 4290 2503 4354 scorpii
2547 4291 2762 4343 nomine
2802 4290 3048 4341 llulinnm
3089 4291 3349 4357 designat,

1810 4361 1897 4426 qui
1932 4367 2082 4424 capta
2123 4357 2254 4409 urhe
2302 4359 2352 4409 in
2402 4359 2638 4411 Siciliam
2691 4375 2748 4411 se
2801 4371 3095 4424 receperat.
3142 4371 3196 4411 nt
3243 4361 3354 4426 ipse

1813 4438 2037 4480 testatur
2075 4430 2126 4480 in
2176 4428 2398 4498 epistola
2449 4430 2517 4480 ad
2573 4427 2867 4490 Ursatinm,
2920 4446 3083 4498 quas.
3128 4430 3353 4498 prmlﬁixit

155 4500 370 4554 lectioni
409 4504 536 4555 satis
576 4505 794 4564 deditos,
842 4504 1064 4554 traderet
1109 4505 1181 4555 eis
1225 4502 1377 4552 etiam
1411 4515 1472 4551 ea
1519 4499 1704 4563 quibus
1737 4502 1782 4559 D
1811 4498 2231 4566 interpretationi
2277 4497 2624 4550 llomit’iarum
2666 4500 2910 4564 Origenis
2945 4501 2995 4550 in
3045 4499 3201 4549 libros
3235 4497 3351 4548 Nu-

155 4569 456 4641 philosophi
489 4573 625 4625 velut
662 4574 842 4641 primis
875 4570 1138 4624 elementis
1182 4573 1433 4624 discentes
1479 4569 1704 4620 imbuere
1813 4585 2090 4641 nterorum.
2128 4570 2201 4641 [le
2231 4567 2414 4641 iisdem
2453 4569 3348 4641 PorphyriilibrisAClirysostomns

153 4640 346 4701 solent,
387 4652 488 4694 etc.

223 4707 342 4776 (li)
392 4711 645 4778 Θεωρίαν
706 4727 768 4762 τε
813 4710 913 4762 καὶ
961 4710 1367 4778 παρασκευήν.
1416 4707 1528 4761 Hoc
1587 4707 1704 4778 loco

152 4782 317 4848 verba
352 4790 474 4830 sunt
500 4777 824 4848 transposita
858 4795 1005 4832 more
1036 4777 1358 4847 Euscbiano.
1383 4780 1537 4848 Amat
1559 4777 1700 4831 enim

151 4845 436 4909 Eusebius,
465 4857 521 4902 ut
545 4845 665 4917 jam'
685 4851 1004 4910 monuimus,
1036 4845 1702 4916 hujusmodiAtrajectiones

151 4929 370 4967 vocum.
397 4917 546 4980 Quod
586 4934 706 4972 cum
747 4935 855 4972 non
896 4919 1397 4972 animadvertissent
1444 4920 1701 4984 interpre-

152 4993 250 5044 tes,
284 4984 339 5035 in
360 5000 632 5057 _errorem_
666 5004 818 5057 saepe.
855 4989 986 5055 lapsi
1037 4999 1180 5057 sunt,
1229 4988 1320 5041 Sic
1365 4989 1526 5053 igitur
1569 5002 1697 5057 con-

147 5053 562 5128 struendus_es_t
587 5052 675 5128 hic
714 5051 858 5110 locus
880 5051 1004 5108 ε’οὺ
1047 5051 1245 5128 μικρὰν
1273 5051 1452 5120 αὐτοῖς
1479 5056 1694 5108 ἔσεσθαι

147 5076 442 5105 διῐυειιυυδ
475 5076 562 5108 εδι
587 5076 675 5109 mc
715 5076 892 5110 locus:
931 5076 1004 5108 U'J
1091 5076 1245 5128 ικραν
1273 5076 1452 5120 αυτοις
1479 5076 1694 5108 εσεσυαι

147 5123 376 5209 φάσσεων
415 5121 478 5209 ἐξ
531 5076 1226 5209 ἐκείνωνλὲπιτηπδειόξτητὰλ
1266 5146 1324 5179 τε
1350 5128 1473 5209 ,καὶ
1525 5143 1694 5196 παρα-

146 5192 486 5268 σκευῂνηεῑς
511 5193 608 5268 τὴν
635 5195 742 5268 τῶν
763 5196 918 5268 θείων
948 5192 1172 5268 Γραφῶν
1204 5198 1448 5268 θεωρίαν.

213 5261 433 5334 (12)_'0
799 5267 866 5317 ἐν
891 5261 1124 5333 Σικελίᾳ
1147 5261 1440 5331 ωταὰτὰς
1471 5266 1691 5334 Πορφύ-

141 5329 289 5398 ριος.
344 5329 671 5405 Ροτριιῖιςίιιό
703 5329 929 5405 primum
977 5329 1188 5405 quidem
1235 5329 1457 5390 Athenis
1499 5329 1688 5402 Longi-

143 5418 276 5474 illum
299 5400 507 5474 audivit
529 5400 824 5474 Platonica;
846 5400 1009 5456 sectai
1045 5406 1440 5474 phiIOSOpIImn.
1481 5400 1685 5474 Deinde

142 5471 345 5524 Plotini
374 5469 515 5539 farna
538 5470 770 5530 excitus,
796 5471 1016 5524 Romam
1047 5469 1224 5539 'venit,
1255 5469 1340 5526 ubi
1371 5490 1488 5526 cum
1523 5473 1683 5524 Ploti-

141 5557 269 5593 num
316 5538 580 5592 audiisset
616 5539 890 5602 sexennio,
938 5538 1256 5595 valetudinis
1312 5541 1686 5604 recuperandae

140 5624 308 5664 causa
342 5609 597 5675 migravit
640 5607 691 5659 in
732 5607 986 5668 Siciliam,
1027 5623 1186 5676 atque
1231 5611 1340 5663 illic
1380 5611 1682 5676 quindecim

139 5681 310 5739 libros
345 5677 624 5750 proposuit
661 5676 913 5732 adversus
939 5677 1290 5736 Christianos.
1330 5680 1685 5748 Hieronymus

1814 4638 1865 4689 in
1891 4639 2102 4690 humilia
2131 4638 2162 4690 6
2185 4639 2237 4689 in
2279 4633 2570 4703 Epistolani
2599 4633 2665 4688 ad
2696 4638 2991 4690 Corinthios
3019 4633 3058 4689 ε’
3079 4633 3272 4687 Ὶκανοὶ
3301 4636 3352 4685 ol

1811 4709 1929 4760 καθ’
1957 4708 2112 4778 ἡμῶν
2142 4707 2436 4778 εἰρηκότες,
2488 4709 2586 4776 τὴν
2631 4708 2955 4778 ἀρχαιότητα
2985 4704 3349 4778 -μαρτυρῆσαι

1807 4781 1916 4847 τοῖς
1965 4772 2207 4847 βιϐλίοις,
2249 4772 2300 4829 οἱ
2340 4779 2466 4847 περὶ
2499 4772 2831 4828 Κέλσονκαὶ
2857 4772 2944 4828 τὸν
2985 4772 3346 4847 namnam.

1813 4846 1910 4900 Ubi
1939 4842 2274 4901 Bataneotem
2303 4842 2456 4900 vocat
2485 4847 2862 4916 Porphyrium,
2907 4847 3048 4896 sicut
3077 4853 3132 4894 et
3161 4842 3350 4898 lliero-

1807 4931 2018 4970 nvntus.

1847 4931 2135 5052 y(li“5')S"Qr
2179 4987 2445 5054 μάλιστα
2497 4984 2603 5037 τὸν
2672 4984 2992 5054 Ὠριγένην.-
3027 4979 3182 5054 _Post
3235 4981 3347 5036 haec

1804 5050 1976 5106 verba
2004 5050 2194 5122 scripti
2214 5059 2426 5109 codices
2457 5055 2623 5107 nostri
2658 5050 2907 5122 punctum
2949 5050 3105 5122 altius
3134 5059 3344 5122 notant,

1802 5138 1904 5175 non
1940 5119 2223 5191 virgulam,
2266 5136 2320 5178 ut
2366 5135 2447 5178 est
2497 5124 2549 5175 in
2591 5123 2824 5191 editione
2867 5119 3008 5191 Bob.
3059 5119 3344 5183 Stephani.

1797 5191 1936 5264 Leve
1969 5189 2262 5264 idjquitlem
2298 5197 2469 5264 prima
2502 5193 2679 5264 fronte
2713 5189 2880 5264 videri
2921 5197 3126 5264 potest;
3156 5204 3346 5246 verum

1795 5261 1895 5314 nisi
1927 5262 1994 5312 ita
2028 5257 2369 5333 interpung'as
2391 5273 2444 5315 ut
2469 5263 2628 5333 estin
2665 5258 2875 5333 scriptis
2899 5257 3194 5333 codicibus
3229 5276 3347 5333 qua:

1790 5340 2082 5398 sequuntur
2095 5325 2251 5385 verba
2270 5325 2485 5387 minime
2500 5325 2858 5398 cohaerebunt.
2884 5329 2986 5377 Aut
3001 5327 3348 5398 eninndelen-

1790 5389 1888 5452 dus
1922 5400 2025 5451 erit
2058 5403 2310 5455 articulus
2348 5397 2726 5469 postpositivus
2771 5395 2859 5469 qui
2880 5389 3227 5469 sequitiiriiv,
3256 5409 3346 5452 aut

1791 5485 1884 5536 pro
1910 5469 2085 5535 φήσας
2122 5461 2509 5524 emendandum
2555 5466 2657 5536 erit
2699 5461 2862 5530 (mal;
2916 5466 2962 5536 si
3003 5467 3342 5522 vero'inter-

1792 5534 2134 5608 punctionem
2167 5542 2486 5608 scriptorum
2519 5534 2760 5608 codicum
2815 5535 2996 5608 sequi_
3018 5537 3192 5601 malis,
3233 5549 3342 5591 tum

1792 5601 2138 5674 planissimus
2164 5601 2504 5673 erit'sensus,
2538 5617 2634 5659 nec
2673 5601 2775 5657 ulla
2807 5601 3185 5661 emendatione
3213 5622 3344 5676 opus

1792 5681 1915 5733 erit.
3071 5679 3086 5691 ’
