3948 6340
107 260 187 315 S85
1061 249 1408 306 HISTORIA]
1448 249 1995 307 ECCLESIASTICJE
2034 248 2168 305 LIB.
2208 247 2301 305 Ἦ.
3177 255 3279 309 586

108 374 187 429 ὑπό
210 387 356 425 τινων
406 370 504 440 μὲν
543 368 829 436 λετόντων,
859 368 939 421 ὃτι
985 367 1217 438 Κλήμης
1260 368 1289 420 ὁ
1337 366 1610 436 γενόμενος

1728 365 1987 435 majorem
2020 364 2243 434 praefert
2290 361 2463 419 Graeci
2510 364 2780 419 sermonis
2826 364 3176 435 elegantiam.
3224 378 3283 421 ut

401 459 686 530 Ῥωμαίων
711 456 914 527 ἔγραψε
948 456 1045 527 τὴν
1069 456 1374 527 ἐπιστολὴν,
1408 456 1513 509 ὑπό
1538 473 1610 508 τι·

1728 455 1984 519 fatebitur
2004 456 2259 525 quisquis
2286 454 2355 509 de
2392 454 2514 525 styli
2562 455 2865 509 diﬂereutia
2916 458 3091 525 perite
3135 457 3283 526 judi-

106 568 189 606 νων
310 551 385 604 ὅτι
410 551 621 613 Λουκᾶς
646 551 675 603 ὁ
702 547 916 620 γράψας
946 546 1008 600 τὸ
1038 547 1368 615 Εὐαγγὲλιον
1399 547 1496 602 καὶ
1523 546 1610 610 τὰς

1726 560 1851 600 care
1882 554 2083 615 potest.
2133 545 2202 599 Et
2226 550 2489 614 praeterea
2521 546 2822 600 sententias
2841 547 3085 601 continet
3113 548 3285 601 adrni-

107 642 315 714 Πράξεις.
350 660 368 693 ι
418 640 578 693 ’Δλλὰ
601 638 773 694 ταῦτα
804 638 904 709 μὲν
933 631 1036 691 ὧδε
1067 636 1255 708 ἐχέτω.

1729 636 1948 700 rabiles.
2000 650 2102 691 nec
2149 636 2372 706 scriptis
2400 637 2712 705 apostolicis
2739 636 3004 691 ullatenus
3056 638 3282 692 inferio-

109 752 191 790 res.
241 736 410 807 Atque
452 735 507 789 id
570 735 907 788 verissimum
953 746 1075 787 esse
1135 731 1512 795 assentientur,
1560 728 1865 799 quicunque
1913 730 2285 801 apostolorum
2342 732 2541 800 scripta
2605 741 2810 787 attente
2879 735 3221 804 perlegerint.
3257 752 3276 784 ι

107 826 265 881 Paucis
311 826 502 881 deinde
568 823 921 897 interpositis
954 823 1070 878 haec
1124 822 1403 892 subiungit
1440 840 1453 875 :
1490 840 1509 872 ι
1549 821 1659 890 Ego
1696 836 1846 887 vero,
1879 822 2077 891 inquit,
2118 822 2194 877 ita
2254 836 2495 893 censeo:
2543 826 2836 881 sententias
2887 828 3099 895 quidem
3140 828 3284 895 ipsas

106 919 305 990 Apostoli
366 932 507 983 esse,
572 918 861 973 dictionem
895 928 1076 974 autem
1101 930 1172 1021 (et
1213 920 1657 989 compositionem
1694 918 1984 974 verborum
2025 933 2146 974 esse
2203 919 2429 974 alterius
2478 918 2779 989 cujusdam,
2830 922 2923 991 qui
2982 923 3120 978 dicta
3144 924 3284 991 Apo-

104 1012 203 1066 stoli
221 1024 657 1073 commemorare,
682 1018 737 1065 et
760 1012 913 1080 quasi
978 1012 1035 1066 in
1097 1011 1515 1067 commentarios
1544 1013 1785 1082 redigere
1804 1011 2039 1066 voluerit
2070 1024 2135 1065 ea
2165 1025 2285 1079 quae
2341 1025 2371 1064 a
2429 1012 2689 1081 magistro
2724 1012 3024 1066 audiverat.
3055 1012 3285 1067 Proinde

106 1103 259 1173 siqua:
314 1098 552 1154 Ecclesia
587 1101 729 1154 hanc
762 1101 1043 1170 epistolam
1110 1116 1206 1172 pro
1254 1102 1478 1156 Paulina
1518 1102 1705 1168 habet,
1744 1115 1807 1157 eo
1833 1101 2047 1157 nomine
2094 1102 2361 1157 laudetur.
2404 1101 2595 1173 Neque
2637 1104 2778 1157 enim
2815 1113 3015 1158 temere
3057 1104 3286 1172 majores

103 1207 201 1245 eam
252 1189 395 1244 Pauli
427 1205 547 1244 esse
607 1191 964 1246 tradiderunt.
1001 1193 1137 1259 Quis
1203 1204 1383 1247 autem
1434 1207 1620 1248 revera
1674 1191 1819 1245 illam
1858 1191 2163 1260 scripserit,
2212 1192 2315 1247 soli
2362 1192 2470 1247 Deo
2520 1202 2705 1247 notum
2752 1207 2875 1248 esse
2933 1194 3143 1262 opinor.
3183 1193 3286 1247 Sed

105 1282 357 1352 scriptores
415 1295 643 1349 quorum
684 1294 1027 1338 monumenta
1082 1286 1148 1339 ad
1195 1300 1297 1340 nos
1358 1300 1525 1355 usque
1561 1292 1942 1354 pervenerunt,
1982 1285 2180 1353 partim
2218 1284 2482 1341 Clementi
2545 1285 2800 1343 Romanae
2837 1286 2988 1341 urbis
3036 1287 3288 1355 episcopo

102 1389 198 1427 eam
222 1373 503 1440 ascribunt,
528 1374 723 1444 partim
778 1375 936 1432 Lucae
991 1378 1088 1447 qui
1148 1378 1495 1450 Evangelium
1552 1387 1611 1434 et
1667 1378 1836 1434 Actus
1864 1378 2229 1449 apostolorum
2260 1378 2455 1433 litteris
2495 1380 2749 1448 prodidit.
2780 1398 2801 1431 ο
2856 1379 3052 1433 Verum
3096 1381 3161 1435 de
3204 1380 3287 1433 his

105 1466 347 1521 hactenus.
836 1508 839 1513 -

548 1557 937 1611 ΚΕΦΔΛΑΙΟΝ
975 1559 1122 1626 Kq'.

110 1648 191 1711 Ὠς
222 1645 503 1717 Ἠρακλᾶς
518 1634 647 1717 ,τὴνδ’
688 1648 1115 1715 Ἀλεξανδρέων
1136 1647 1481 1717 ἐπισκοπὴν
1510 1648 1623 1701 διε-

460 1714 672 1781 δέξατο
694 1717 833 1786 (Nic.
868 1718 938 1772 Η.
1055 1734 1108 1781 v,
1139 1718 1244 1790 i8).

161 1806 297 1869 Ἔτος
324 1806 368 1859 δ’
416 1801 483 1877 ἦν
512 1806 670 1859 τοῦτο
718 1807 940 1861 δέκατον
1144 1812 1242 1881 τῆς
1288 1809 1622 1880 δηλουμένης

101 1894 376 1965 ἡγεμονίας,
408 1894 529 1947 καθ’
550 1895 581 1947 ὃ
606 1896 705 1966 τὴν
731 1897 824 1949 ἀπ’
865 1896 1265 1968 Ἀλεξανδρείας
1291 1900 1625 1968 μετανάστατ

100 2000 170 2035 σιν
208 1984 291 2036 ἐπὶ
329 1984 425 2057 τὴν
470 1985 806 2055 Καισάρειαν
836 1987 866 2038 ὁ
910 1986 1191 2057 Ὠριγένης
1238 1988 1618 2057 ποιησάμενος,

109 2074 319 2145 Ἦραιλᾷ
335 2076 394 2128 τὸ
413 2075 512 2145 τῆς
535 2076 884 2146 κατηχήσεως
905 2073 1013 2128 τῶν
1040 2074 1224 2127 αὐτόθι
1256 2074 1620 2129 διδασκαλεῖον

99 2165 376 2218 καταλείπει
419 2164 549 2237 (64).
583 2165 695 2218 Οὐκ
740 2160 820 2227 εἰς
860 2162 1074 2236 μακρὸν
1104 2163 1159 2216 δὲ
1193 2167 1284 2216 καὶ
1314 2165 1620 2235 Δημήτριος

98 2255 233 2325 ὁτῆς
274 2256 654 2329 Ἀλεξανδρέων
704 2255 1026 2327 Ἐκκλησίας
1056 2255 1348 2319 ἐπίσκοπος
1374 2255 1616 2326 τελευτᾷ,

95 2344 168 2413 ἐφ’
190 2345 314 2409 ὅλοις
336 2346 475 2399 ἔτεσι
499 2346 647 2418 τρισὶ
676 2346 767 2401 καὶ
791 2346 1192 2415 τεσσαράκοντα
1221 2348 1288 2417 τῇ
1316 2345 1620 2417 λειτουργία

95 2432 383 2503 διαρκέσας·
432 2436 731 2506 διαδέχεται
778 2436 822 2488 δ’
874 2436 1034 2489 αὑτὸν
1078 2438 1107 2489 ὁ
1163 2434 1454 2506 'Hpaxldc.
1508 2435 1620 2487 Διέ-

101 2540 248 2594 πρεπε
266 2526 318 2580 δὲ
346 2527 404 2581 ἐν
424 2527 597 2597 τούτῳ
624 2525 968 2598 Φιρμιλιανδς
990 2526 1323 2597 Καισαρείας
1341 2524 1439 2597 τῆς
1464 2528 1618 2579 Καπ-

98 2612 315 2667 παδοκῶν
344 2617 658 2680 ἐπίσκοπος.
706 2680 709 2683 _

565 2705 957 2760 ΚΕΦΔΛΑΙΟΝ
986 2706 1114 2761 ΚΖ’.

308 2796 502 2862 Ὅπως
525 2796 711 2851 αὐτὸν
740 2794 934 2864 ἐώρων
957 2800 1011 2855 οι
1039 2796 1379 2850 ἐπίσκοποι.

2174 1556 2340 1625 223
2383 1553 2614 1610 CAPUT
2646 1553 2734 1608 xx
2750 1554 2833 1610 vr.

1866 1647 2143 1727 Quomodo
2176 1647 2435 1727 Heracles
2466 1646 2885 1727 Alexandrinum
2915 1646 3141 1716 suscepit

1871 1723 1880 1732 '
2313 1723 2687 1782 episcopatum.

1791 1806 2044 1863 Decimus
2077 1806 2166 1861 hic
2190 1813 2310 1859 erat
2349 1819 2526 1858 annus
2560 1806 2671 1871 jam
2742 1804 2869 1859 dicti
2936 1804 3279 1874 impcratmis

1721 1898 2041 1959 Alexandri,
2070 1911 2191 1950 cum
2223 1894 2484 1964 Origenes
2526 1896 2595 1949 ab
2639 1897 2771 1951 urbe
2800 1895 3125 1950 Alexandria
3166 1897 3281 1950 Cte—

1722 2003 1929 2042 saream
1968 1988 2316 2056 migraturus,
2366 1984 2609 2039 scholam
2664 1987 2730 2041 ad
2788 1986 2974 2041 tideles
3019 1987 3134 2054 ejus
3180 1987 3280 2042 loci

1722 2079 2075 2134 instituendos
2117 2075 2355 2131 He'racla:
2403 2076 2715 2145 dereliquit.
2771 2077 2879 2131 Nec
2936 2079 3105 2131 multo
3160 2088 3280 2146 post

1722 2167 2025 2221 Demetrius
2051 2165 2543 2220 Alexandrinorum
2579 2165 2865 2235 episcopus
2906 2165 3022 2221 fato
3062 2166 3277 2221 functus

1718 2264 1819 2321 est,
1852 2272 1973 2311 cum
2005 2272 2103 2326 per
2134 2265 2246 2311 tres
2283 2265 2337 2311 et
2366 2257 2723 2325 quadraginta
2773 2271 2947 2311 annos
2973 2256 3277 2311 Ecclesiam

1718 2347 2169 2401 administrasset.
2214 2346 2269 2399 ln
2327 2346 2485 2415 hujus
2566 2346 2745 2402 locum
2802 2348 3070 2401 successit
3110 2345 3280 2401 Hera-

1717 2438 1847 2493 cias.
1882 2432 2140 2493 Flerebat
2175 2446 2304 2492 tunc
2350 2439 2611 2508 temporis
2637 2438 2987 2493 Firmilianus
3010 2438 3275 2494 Ctesarete

1726 2530 1866 2599 apud
1905 2529 2258 2601 Cappadocas
2291 2530 2596 2601 episcopus.

2267 2708 2495 2765 CAPUT
2522 2708 2736 2770 XXVII.

1896 2797 2138 2865 Qualiter
2158 2801 2387 2869 episcopi
2418 2799 2694 2869 Originem
2722 2800 3093 2875 suspiciebant.

154 2883 414 2958 Τοσαύτην
460 2888 692 2955 εἰσάγων
735 2888 862 2941 περὶ
901 2887 992 2941 τὸν
1032 2887 1325 2959 ’Ὡριγένην
1367 2886 1610 2959 σοι-εουδὴν1

1794 2885 1896 2954 Qui
1929 2898 2038 2941 tam
2071 2904 2337 2958 propenso
2362 2904 2487 2959 erga
2520 2888 2808 2958 Origenem
2846 2890 3028 2943 animo
3058 2890 3178 2955 fuit,
3214 2901 3273 2945 ut

94 2980 157 3042 ὡς
183 2980 295 3032 τοτὲ
335 2981 432 3050 μὲν
465 2981 624 3035 αὑτὸν
656 2981 796 3051 ἀμφὶ
833 2981 903 3034 τὰ
931 2981 1051 3034 κατ’
1084 2981 1246 3034 αὑτὸν
1276 2980 1515 3052 κλίματα
1542 2983 1624 3046 εἰς

97 3068 177 3135 τὴν
214 3069 315 3121 τῶν
345 3069 675 3141 Ἐκκλησιῶν
702 3070 962 3139 ὠφέλειαν
1005 3069 1367 3134 ἐκκαλεῖσθαι,
1416 3070 1537 3125 τοτὲ
1566 3070 1623 3123 δὲ

94 3157 157 3219 ὡς
197 3159 349 3212 αὑτὸν
391 3160 483 3212 ἐπὶ
518 3160 616 3229 τὴν
665 3160 918 3214 Ἰουδαίαν
962 3160 1289 3224 στέλλεσθαι,
1337 3160 1429 3214 καί
1469 3177 1620 3223 τινας

94 3246 222 3315 αὐτῷ
244 3249 622 3319 συνδιατρίϐειν
645 3250 888 3322 χρόνους,
921 3252 1019 3322 τῆς
1046 3252 1125 3317 εἰς
1149 3251 1218 3304 τὰ
1255 3250 1374 3304 θεῖα
1402 3251 1620 3321 βελτιώ-

94 3353 210 3401 σεως
246 3339 421 3393 ἕνεκα.
461 3340 536 3392 Οὐ
571 3339 676 3409 μὴν
724 3340 857 3394 ἀλλὰ
902 3342 996 3394 καὶ
1038 3344 1069 3394 ὁ
1096 3341 1197 3411 τῆς
1237 3341 1619 3412 Ἰεροσολύμων

95 3426 343 3496 προεστὼς
380 3427 744 3498 Ἀλέξανδρος,
770 3429 1090 3493 Θεόκτιστός
1111 3447 1169 3482 τε
1190 3432 1218 3483 ὁ
1240 3430 1383 3483 κατὰ
1410 3432 1619 3483 Καισά-

92 3536 239 3591 ρειαν,
275 3520 364 3574 τὸν
388 3518 561 3573 πάντα
591 3517 779 3589 χρόνον
806 3518 937 3589 (65),
964 3518 1039 3580 ὡς
1068 3518 1195 3581 ἔπος
1226 3520 1419 3584 εἰπεῖν,
1448 3536 1615 3587 προσ-

147 3750 248 3821 (63)
277 3753 443 3818 Ἔτος
466 3752 520 3805 δ’
536 3748 803 3820 ἦν·τοῦτο
823 3749 1094 3821 δέκατον.
1121 3749 1177 3804 In
1206 3750 1363 3821 codd.
1387 3750 1522 3807 Med.
1549 3768 1610 3807 ac

92 3818 380 3889 Μήιζῖυιι.
406 3833 454 3876 et
477 3818 669 3885 Savil.,
690 3831 744 3875 et
765 3822 901 3888 apud
922 3820 1280 3889 Nicephorum
1303 3820 1496 3888 legitur
1518 3823 1610 3874 δω-

89 3888 306 3945 δέκατον.
344 3895 397 3945 In
435 3889 689 3959 Chronico
729 3890 940 3960 Eusebii
977 3888 1087 3943 btee
1118 3889 1363 3956 Origenis
1411 3890 1610 3960 migra-

92 3961 153 4028 tio
180 3962 244 4015 ab
271 3964 401 4015 urbe
429 3957 782 4014 Alexandrina
805 3960 870 4013 ad
892 3957 1296 4018 Caesariensem.
1321 3960 1373 4011 in
1391 3957 1610 4028 quihus-

90 4027 191 4079 dam
218 4030 491 4084 codicibus
518 4029 747 4082 refertur
767 4043 907 4081 anno
932 4044 1004 4081 xtl
1030 4028 1343 4091 Alexandri,
1373 4027 1429 4081 ut
1457 4032 1608 4084 testis

88 4106 156 4149 est
180 4098 465 4155 Pontanus.
492 4100 593 4151 Sed
624 4100 762 4153 mira
790 4110 871 4152 est
896 4096 1109 4152 Eusebii
1136 4114 1165 4151 a
1198 4098 1372 4165 seipso
1403 4098 1606 4151 dissen-

89 4166 173 4226 sio.
196 4172 281 4238 qui
306 4170 361 4222 in
386 4168 643 4238 Chronico
674 4182 790 4222 eam
828 4167 1197 4234 migrationem
1220 4178 1605 4238 commemorat

89 4236 227 4304 anno
250 4238 333 4291 vel
368 4236 586 4291 biennio
611 4246 730 4304 post
769 4244 991 4290 mortem
1021 4237 1294 4291 Demetrii.
1339 4236 1437 4292 Hic
1479 4251 1606 4291 vero

86 4302 346 4374 Origenem
376 4302 695 4360 Alexandria
730 4307 993 4375 migrasse
1032 4309 1219 4361 scribit
1254 4309 1409 4375 paulo
1454 4315 1605 4359 aute-

1720 2978 1881 3037 modo
1933 2978 2084 3032 illum
2132 2978 2185 3031 in
2233 2993 2387 3032 suam
2433 2979 2770 3047 provinciam
2814 2980 2881 3033 ad
2914 2980 3276 3035 Ecclesiarum

1720 3068 2009 3123 utilitatem
2047 3078 2334 3133 evocaret,
2368 3070 2527 3125 modo
2558 3070 2625 3122 ad
2674 3070 2847 3137 ipsum
2902 3071 3189 3125 visendum
3219 3071 3270 3122 in

1718 3158 1958 3219 Judmam
2009 3174 2182 3228 usque
2240 3158 2698 3229 proﬁcisceretur,
2737 3166 2793 3214 et
2832 3172 2937 3213 una
2984 3173 3107 3213 cum
3160 3158 3277 3227 ipso

1720 3254 2032 3321 aliquandiu
2068 3263 2333 3317 maneret,
2360 3261 2417 3306 ut
2451 3252 2711 3321 majorem
2744 3267 2924 3307 rerum
2967 3254 3273 3310 divinarum

1721 3345 1971 3399 notitiam
2004 3340 2332 3419 perciperet.
2370 3343 2489 3403 Sed
2531 3353 2585 3398 et
2625 3342 2933 3398 Alexander
2958 3329 3279 3413 'Hicrosoly-

1721 3449 1954 3497 morum,
1982 3445 2038 3490 et
2076 3435 2423 3491 Theoetistus
2460 3435 2719 3490 Caesareae
2766 3437 2907 3504 apud
2935 3436 3274 3492 Pulsestinant

1716 3512 2027 3594 episcopus,
2083 3527 2259 3595 ipsum
2314 3535 2579 3595 perpetuo
2654 3534 2908 3593 tanquam
2960 3529 3273 3596 magistrum

1715 3754 1974 3822 Origenes
2030 3767 2243 3822 semper
2291 3753 2634 3806 Alexandriae
2692 3752 2993 3813 retinuerit.
3050 3762 3274 3815 apparet

1714 3821 1893 3891 ipsum
1930 3831 2054 3874 ante
2108 3821 2506 3876 damnationem
2536 3823 2683 3875 illinc
2730 3822 3066 3891 discessisse.
3104 3821 3272 3874 Porro

1712 3889 1833 3951 eum
1862 3889 2121 3958 Origenes
2144 3904 2201 3943 se
2222 3906 2249 3941 a
2286 3891 2557 3943 Demetrio
2584 3892 2635 3943 in
2663 3890 2867 3959 synodo
2892 3890 3265 3959 episcoporum

1713 3962 2020 4013 damnatum
2058 3974 2180 4011 esse
2209 3961 2576 4025 comperisset,
2617 3958 2896 4026 epistolam
2941 3958 3160 4026 scripsit
3201 3962 3268 4010 ad

1711 4030 1914 4081 amicos
1930 4043 2055 4081 suos
2077 4027 2166 4094 qui
2186 4037 2341 4081 erant
2360 4025 2719 4087 Alexandriae,
2745 4041 2844 4093 qua
2871 4026 2921 4077 in
2943 4025 3266 4079 Demetrium

1709 4111 1759 4151 et
1791 4098 2023 4163 reliquos
2040 4101 2319 4165 epiSt'Opos
2346 4096 2721 4165 invehebatur.
2748 4096 2874 4163 Ejus
2905 4104 3114 4165 partem
3137 4098 3270 4149 citat

1710 4164 2152 4235 Hieronyntusin
2184 4164 2273 4218 lib.
2302 4180 2339 4218 ιι
2366 4168 2623 4218 Adversus
2650 4164 2918 4232 Ruﬁnum.
2956 4164 3126 4217 Porro
3154 4167 3263 4233 jam

1711 4238 1877 4290 semel
1912 4236 2171 4303 Origenes
2209 4235 2509 4289 (Stesaream
2595 4251 2625 4288 e
2663 4244 2962 4301 receperat,
3010 4237 3263 4288 Antonini

1711 4306 2001 4357 Caracalla:
2044 4305 2376 4357 temnnribus
2420 4318 2435 4356 :
2470 4251 2627 4357 sefa
2661 4302 2932 4357 Demetrio
2970 4304 3263 4357 honoriﬁce

1710 4302 2376 4372 Caracallm’tempnrihns
2420 4318 2435 4356 :
2470 4302 2627 4357 seda
2661 4302 2932 4357 Demetrio
2970 4304 3266 4359 honoriﬁce

88 4366 223 4435 qua'm
255 4375 556 4430 Demetrius
584 4366 835 4430 ultimuni
853 4377 991 4429 diem
1027 4366 1268 4430 obiisset:
1295 4373 1445 4440 Quod
1481 4377 1603 4443 qui-
1634 4366 1679 4418 D
1709 4387 1988 4431 revocatus
2015 4366 2561 4427 breviAlexandriam
2588 4374 2840 4434 redierat,
2866 4384 2923 4425 ut
2944 4388 3103 4436 supra
3128 4389 3261 4427 reta-

85 4443 187 4516 _dem
204 4446 380 4498 verius
404 4455 551 4512 puto.
581 4442 714 4516 Nam
730 4454 857 4516 post
880 4445 1131 4516 Demetrii
1159 4446 1454 4516 interitum,
1473 4442 1605 4499 nihil

80 4512 172 4571 jam
197 4527 371 4566 causa
394 4523 511 4567 erat
533 4526 629 4565 cur
648 4512 908 4581 Origenes
933 4514 1257 4568 Alexandria
1285 4514 1606 4581 discederet,

84 4590 187 4630 eum
245 4583 544 4647 presertim
608 4581 876 4637 Demetrio
929 4584 1275 4637 successisset
1334 4584 1605 4647 Ileraclas,

84 4657 288 4719 unus‘ex
318 4651 593 4719 discipulis
618 4650 887 4719 Origenis.
910 4654 1133 4707 Accedit
1158 4653 1296 4719 quod
1326 4653 1412 4707 hic
1442 4653 1607 4707 refert

85 4712 340 4780 Eusebius,
376 4712 663 4786 Origenem
698 4712 763 4773 e'x
791 4724 925 4776 urbe
969 4712 1289 4775 Alexandria
1320 4723 1605 4779 disceden-

84 4790 198 4861 tem,
220 4801 440 4861 niunus_
442 4803 594 4841 suum
623 4796 676 4840 et
697 4791 1062 4844 eatechizandi
1110 4789 1340 4843 oilicium
1367 4790 1607 4861 Heraclea

84 4854 363 4928 tradidisse.
397 4855 477 4928 Ex
520 4869 899 4928 quo_apparet,
946 4861 1235 4928 Origenem
1292 4860 1450 4926 paulo
1482 4871 1606 4913 ante

82 4920 319 5000 prolatam
351 4938 380 4974 a
414 4920 980 5000 Detinetrio'adversus
1023 4920 1195 5000 ipsum
1240 4920 1607 5000 excommuni-

82 4995 290 5068 cationis
323 4995 666 5068 sententiam,
696 4995 1017 5068 Alexandria
1046 4995 1384 5051 discessisse.
1426 4996 1604 5068 Neque

81 5060 203 5133 enim
245 5072 369 5133 post
410 5060 566 5133 illam
600 5066 921 5133 sententiam
971 5068 1332 5133 magisterium
1362 5060 1602 5119 suum-in

80 5126 421 5207 Alexandrina
445 5128 971 5207 Ecclesia_Orige_ne§
1003 5126 1235 5207 relinere
1264 5137 1457 5207 potuit.
1496 5135 1601 5188 Re-

80 5207 149 5267 cte
177 5198 335 5267 igitur
368 5198 637 5250 Baronius
675 5198 885 5254 Eusebii
927 5203 1221 5257 Chronicon
1249 5198 1515 5265 eruendat,
1552 5211 1603 5257 et

79 5265 304 5335 Origenis
335 5268 557 5335 quidem
586 5266 955 5333 migrationem
986 5276 1052 5325 ab
1077 5275 1206 5327 urbe
1243 5274 1601 5326 Alexandrina

78 5337 262 5389 confert
290 5337 344 5389 in
367 5350 570 5388 annum
595 5349 627 5386 x
655 5337 960 5403 Alexandri,
990 5352 1213 5394 mortem
1243 5357 1370 5393 vero
1410 5344 1601 5394 Dente-

80 5407 154 5458 trii
180 5408 228 5457 in
250 5419 457 5458 annum
494 5411 837 5476 sequentem.
858 5408 981 5467 ,Sed
1012 5410 1066 5461 in
1095 5426 1159 5464 eo
1200 5411 1417 5472 labitur,
1456 5410 1600 5476 quod

77 5477 375 5529 sententiam
392 5472 966 5527 excommunicationis
980 5492 1008 5529 a
1028 5478 1294 5531 Demetrio
1310 5472 1602 5531 latam—esse

77 5545 189 5616 dicit
206 5560 345 5616 anno
371 5551 663 5616 antequam
678 5541 1009 5616 Alexandria
1034 5548 1291 5614 migraret
1316 5546 1598 5616 Origenes,

75 5615 196 5682 quod
244 5610 623 5670 refutavimus.
672 5609 802 5662 Cum
842 5613 983 5665 enim
1030 5609 1599 5685 magisteriuut'suuut

368 5705 641 5766 PATBOL.
687 5702 801 5764 Gtt.
846 5705 986 5765 XX.

1712 4456 1820 4499 tum
1850 4454 1950 4499 est.
1992 4444 2180 4498 Postea
2212 4458 2341 4497 vero
2365 4458 2485 4496 cum
2519 4442 2572 4494 in
2603 4444 2865 4498 Achaiam
2894 4443 3265 4511 proﬁciscere-

1710 4526 1818 4578 tur,
1880 4529 1977 4581 per
2018 4514 2317 4567 Caesaream
2384 4512 2682 4566 Palaestina:
2721 4512 3011 4575 transiens,
3065 4513 3259 4565 ibidem

1707 4586 2095 4654 presbyterest
2124 4584 2421 4654 ordinatus.

1776 4646 2340 4724 (ϐιδΔιδασκαλεῖογ
2387 4652 2748 4706 καταλείπει.
2796 4649 2967 4724 Antea
3006 4646 3260 4724 Heraclas

1707 4719 1919 4791 adjtttur
1980 4724 2241 4775 duntaxat
2284 4720 2533 4788 Origenis
2593 4724 2771 4773 fuerat
2815 4721 2867 4771 in
2898 4719 3169 4791 docendo,
3204 4728 3259 4767 et

1706 4784 1857 4859 quasi
1909 4793 2205 4859 proscolus,
2240 4784 2575 4859 ut_rél'ertur
2616 4805 2777 4859 supra
2824 4786 3080 4859 cap._i_5.
3133 4784 3261 4859 R051.

1704 4851 2003 4932 discessum
2048 4851 2241 4932 autem,
2291 4857 2570 4932 Origenis,
2613 4851 2915 4932 caiecbetes
2961 4855 3081 4932 fuit.
3136 4851 3259 4904 Haec

1707 4929 1965 4981 Baronius
2007 4944 2129 4981 cum
2174 4925 2411 4983 inininte'
2442 4929 2800 4989 distinxisset,
2841 4925 3125 4979 Eusebium
3170 4933 3259 4973 me

1706 4999 1813 5053 falli
1850 4998 2076 5053 putavit.

1774 5015 2265 5134 &5§|I%2‘.xdrra
2318 5067 2555 5135 χρόνον.
2594 5062 2770 5118 Codex
2801 5058 3259 5135 Medicautsaddit

1704 5126 1935 5196 ὼςέτέος
1972 5136 2166 5187 εἰπεῖν.
2220 5126 2369 5200 Quod
2410 5138 2727 5187 continuare
2768 5132 2978 5200 videtur
3008 5126 3253 5200 liniinus.

1704 5194 1899 5257 Eadem
1931 5207 2091 5255 verba
2143 5194 2314 5270 νεερῖτί
2352 5200 2513 5255 etiam
2563 5206 2614 5253 in
2647 5198 2799 5270 codd.
2830 5196 2991 5270 Maz._,
3024 5194 3159 5247 Fuk.
3201 5210 3257 5249 et

1704 5274 1828 5324 Sav.
1890 5273 2153 5323 ueterum
2204 5267 2282 5325 'in
2349 5271 2507 5337 hujus
2578 5269 2679 5321 loci
2744 5267 3090 5337 distinctione
3158 5280 3254 5316 Vn-

1702 5344 1844 5393 riant
1907 5334 2562 5417 nostr_i-e0tlices._'_Nam
2614 5337 2809 5417 Regius
2867 5334 3083 5417 (pridem
3148 5350 3253 5415 uno

1704 5420 1887 5461 tenore
1942 5408 2129 5479 scribit
2177 5407 2616 5479 ’ττροσιιινεέχοντεςΔ
2651 5402 2796 5479 αὑτῷ
2859 5402 2946 5454 οἶα
3005 5402 3255 5457 διδασκά-

1701 5479 1885 5563 λῳ,⁴οι
1911 5478 1989 5529 sic
2016 5474 2365 5563 Niccpilio'rus.
2410 5474 2620 5543 Reliqui
2656 5474 2867 5527 codices
2905 5483 3024 5541 post
3070 5490 3252 5527 vocem

1702 5545 1846 5616 αὐτῴ
1882 5560 2087 5600 moram
2113 5548 2394 5601 adhibent.

2874 5705 2949 5769 19
