3938 6344
158 245 246 300 609

1100 242 1440 297 HISTORle
1479 240 2027 298 ECCLESIASTICE
2068 242 2199 297 LIB.
2244 240 2334 298 Vl.

3241 242 3343 297 010

159 379 232 414 ναι
256 358 344 413 καὶ
374 358 507 429 πρὸς
539 358 600 410 τὸ
644 357 795 410 θῦναι
814 374 826 385 ·
858 359 906 409 οἱ
933 356 988 408 δέ
1017 375 1158 420 τινες
1190 358 1526 428 ἑτοιμότερον
1576 361 1669 419 τοῖς

1785 358 1992 411 criﬁcia
2018 361 2383 412 accedebant:
2412 355 2650 409 nonnulli
2685 354 2897 424 quidem
2931 353 3106 420 pallidi
3137 369 3199 407 ac
3223 365 3337 409 tre-

161 451 334 520 βωμοτς
373 448 748 520 προσέτρεχον,
804 448 1194 518 ἰσχυριζόμενοι
1225 449 1333 518 (16)
1371 452 1437 519 τῇ
1484 449 1682 520 θρασύ-

158 558 260 612 τητι
296 539 353 592 τὺ
401 541 533 610 μηδὲ
572 539 831 609 πρότερον
873 539 1183 607 Χριστιανοὶ
1215 540 1510 607 γεγονέναι.
1547 542 1681 611 Περὶ
1722 602 1731 610 .

157 625 219 685 ὧν
246 635 276 704 η
301 632 388 684 τοῦ
427 631 628 701 Κυρίου
656 630 954 702 πρόρρησις
981 629 1336 700 ἀληθεστάτη,
1371 631 1451 682 ὅτι
1487 631 1678 683 δυσκό-

157 723 248 786 λως
273 722 608 790 σωθήσονται.
640 721 758 773 Τῶν
785 722 841 772 δὲ
881 721 1080 772 λοιπῶν
1112 722 1160 772 oi
1195 722 1292 790 μὲν
1321 721 1532 774 εἵποντο
1561 722 1681 774 τού-

156 833 252 876 τοις
280 813 566 883 ἑκατέροις,
600 814 648 864 οί
694 813 749 864 δὲ
782 813 1024 880 ἔφευγον,
1068 815 1114 864 οἱ
1147 813 1202 864 δὲ
1231 813 1526 883 ἡλίσκοντο.
1568 814 1678 867 Καὶ

154 903 330 954 τούτων
361 904 406 953 οἱ
438 901 534 970 μὲν
568 901 694 971 ἀχρι
727 901 936 970 δεσμῶν
981 902 1074 953 καὶ
1107 901 1350 971 φυλακῆς
1395 904 1676 973 χωρήσαν-

154 1010 256 1056 τες·
289 992 371 1044 καί
396 1010 536 1054 τινες
574 993 668 1044 καὶ
703 993 947 1056 πλείονας
990 993 1201 1064 ἡμέρας
1247 993 1672 1064 καθειρχθέντες,

155 1081 255 1137 εἶτα
277 1083 361 1136 καὶ
388 1084 512 1154 πρὶν
541 1085 622 1146 είς
648 1084 988 1155 δικαστήριον
1017 1085 1296 1147 εἰσελθεῖν,
1313 1084 1673 1154 ἐξωμόσαντο,

153 1177 194 1228 οἱ
219 1177 269 1227 δὲ
296 1175 382 1227 καὶ
411 1174 660 1244 βασάνοις
680 1176 770 1228 ἐπὶ
797 1176 959 1228 ποσὸν
991 1177 1506 1247 ἐγκαρτερήσαντες,
1541 1178 1675 1248 πρὸς

154 1267 203 1318 τὸ
226 1267 336 1335 ἑξῆς
361 1268 606 1321 ἀπεῖπον.
639 1268 702 1318 Oi
731 1267 787 1319 δὲ
826 1267 1040 1337 στερροὶ⁹
1079 1269 1172 1320 καὶ
1213 1269 1467 1338 μακάριοι
1496 1269 1675 1322 στύλοι

152 1357 231 1408 τοῦ
254 1358 464 1428 Κυρίου,
487 1358 913 1428 κραταιωθέντες
945 1360 1036 1410 ὑπ’
1061 1360 1246 1423 αὐτοῦ,
1282 1363 1373 1414 καὶ
1404 1363 1502 1432 τῆς
1531 1365 1678 1433 ἰσχυ-

154 1452 239 1519 ρᾶς
266 1451 316 1500 ἐν
340 1450 544 1512 ἑαυτοῖς
580 1450 810 1515 πίστεως
851 1451 1001 1516 ἀξίαν
1044 1454 1137 1506 καὶ
1168 1456 1421 1523 ἀνάλογον
1452 1455 1675 1526 δύναμιν

151 1543 233 1595 καὶ
259 1543 534 1614 καρτερίαν
564 1543 836 1608 λαϐόντες,
869 1545 1163 1615 θαυμαστοὶ
1207 1549 1488 1616 γεγόνασιν
1511 1545 1673 1603 αὐτοῦ

150 1634 235 1702 τῆς
285 1632 546 1702 βασιλείας
593 1635 885 1707 μάρτυρες.
934 1631 1034 1689 Ὧν
1089 1638 1301 1708 πρῶτος
1370 1639 1669 1704 Ἰουλιανὸς,

150 1725 404 1796 ἄνθρωπος
431 1727 717 1799 ποδαγρὸς,
745 1727 820 1797 μὴ
850 1729 1053 1797 στῆναι,
1092 1729 1163 1799 μὴ
1197 1729 1414 1799 βαδίσαι
1444 1732 1674 1802 δυνάμε-

150 1833 240 1881 νος,
273 1819 361 1871 σὺν
389 1815 593 1890 ἑτέροις
623 1819 716 1872 δύο
739 1823 848 1882 τοῖς
876 1819 1127 1888 φέρουσιν
1160 1821 1339 1885 αὑτὸν,
1372 1825 1670 1895 προσήχθη.

150 1904 234 1965 Ὧν
261 1916 287 1967 ό
318 1914 414 1983 μὲν
446 1915 650 1986 ἕτερος,
681 1915 841 1976 εὐθὺς
867 1915 1136 1984 ἠρνήσατο
1159 1932 1172 1944 ·
1199 1919 1226 1968 ό
1253 1917 1296 1968 δ’
1331 1917 1513 1986 ἕτερος
1532 1919 1675 1986 Κρο-

151 2005 256 2058 νίων
305 2005 538 2075 ὀνόματι,
572 2005 798 2074 ἐπίκλην
825 2004 879 2056 δὲ
902 2005 1120 2069 Εὔνους,
1155 2006 1248 2058 καὶ
1282 2007 1444 2068 αὐτὸς
1477 2009 1504 2058 ὁ
1534 2024 1670 2076 πρε-

152 2094 326 2166 σΰύτης
377 2094 676 2159 Ἰουλιανὸς,
726 2094 1147 2164 ὁμολογήσαντες
1198 2095 1287 2148 τὸν
1312 2095 1533 2166 Κύριον,
1583 2095 1669 2148 διὰ

151 2184 303 2253 πάσης
333 2181 429 2249 τῆς
465 2181 669 2243 πόλεως
717 2180 973 2250 μεγίστης
1003 2180 1185 2252 οὔσης,
1216 2182 1290 2246 ὡς
1326 2184 1455 2247 ίστε,
1488 2186 1669 2254 καμή-

149 2271 239 2334 λοις
266 2270 607 2341 ἐποχούμενοι
638 2271 732 2322 καὶ
760 2270 1017 2341 μετέωροι
1055 2271 1485 2342 μαστιγούμενοι,
1519 2275 1669 2337 τέλος

151 2363 365 2431 ἀσϐέστῳ
402 2363 534 2431 πυρὶ
565 2360 698 2432 (17),
729 2362 1151 2430 περικεχυμένου
1182 2363 1276 2416 τοῦ
1317 2365 1487 2435 δήμου
1536 2383 1669 2419 παν-

150 2452 238 2516 τὸς,
263 2453 613 2522 κατεκάησαν.
646 2451 982 2523 Στρατιώτης
1013 2472 1071 2507 τε
1100 2454 1279 2517 αὐτοῖς
1306 2455 1667 2525 ἀπαγομένοις

150 2543 413 2614 παραστὰς,
436 2543 529 2594 καὶ
552 2545 663 2605 τοῖς
688 2542 1058 2615 ὲφυὸρίζουσιν
1085 2545 1441 2609 ἐναντιωθεὶς,
1476 2546 1668 2617 ἐκϐοη-

150 2633 325 2686 σάντων
351 2635 588 2700 ὲκείνων,
617 2625 941 2708 προσαχθεὶς
974 2639 1002 2689 ὁ
1035 2636 1407 2707 ἀνδρειότατος
1431 2637 1668 2707 ὁπλομά-

149 2740 223 2790 χος
264 2723 347 2776 τοῦ
394 2723 526 2777 Θεοῦ
576 2726 773 2796 Βησᾶς,
823 2725 924 2780 κᾶν
963 2726 1039 2796 τῷ
1071 2727 1285 2796 μεγάλῳ
1330 2725 1549 2797 πολέμῳ
1591 2726 1668 2797 τῷ

149 2811 254 2880 περὶ
282 2812 372 2882 τῆς
398 2812 674 2876 εὐσεϐείας
698 2814 1038 2885 ἀριστεύσας,
1063 2812 1350 2884 ἀπετμήθη
1381 2811 1477 2882 τὴν
1503 2830 1670 2882 κεφα-

149 2899 252 2970 λήν·
284 2902 370 2956 καί
396 2921 476 2968 τις
507 2905 690 2976 ἕτερος
714 2907 772 2960 τὸ
802 2907 897 2976 μὲν
921 2907 1071 2974 γένος
1085 2904 1270 2968 Λίϐυς,
1303 2903 1400 2973 τὴν
1425 2903 1480 2954 δὲ
1503 2919 1669 2973 προσ-

149 2991 340 3059 ηγορίαν
372 2991 486 3063 ἅμα
512 2995 604 3046 καὶ
637 2996 734 3065 τὴν
766 2995 1007 3063 εὐλογίαν
1051 2992 1254 3063 ἀληθὴς
1298 2992 1496 3062 Μάκαρ
1528 2991 1659 3062 (18)’
1689 3015 1734 3075 C

150 3083 423 3151 προτροπῆς
448 3083 593 3153 αὑτῷ
623 3085 817 3154 πολλῆς
862 3085 964 3136 ὑπὸ
993 3084 1085 3136 τοῦ
1120 3082 1372 3136 δικαστοῦ
1401 3083 1536 3153 πρὸς
1566 3083 1664 3154 ἄρ-

148 3186 273 3237 νησιν
295 3172 601 3243 γενομένης,
628 3176 723 3242 οὐχ
754 3175 1033 3243 ὑπαχθεὶς,
1063 3175 1168 3238 ζῶν
1203 3175 1660 3242 καταπέφλεκται.

160 3257 420 3328 Ἑπίμαχός
460 3276 522 3311 τε
575 3264 688 3330 μετ’
731 3262 926 3324 αὐτοὺς
967 3261 1059 3313 καὶ
1112 3260 1471 3331 Ἀλέξανδρος,
1525 3261 1662 3330 μετά

149 3345 283 3397 πολὺν
305 3347 406 3414 (19)
451 3347 510 3399 ὃν
543 3348 760 3418 ἔμειναν
791 3342 1060 3418 δεσμῶται
1092 3349 1301 3418 χρόνον,
1333 3350 1527 3420 μυρίας
1551 3349 1658 3402 διε-

148 3436 388 3502 νεγκόντες
435 3438 764 3506 ἀλγηδόνας,
820 3437 1107 3508 ξυστῆρας,
1166 3438 1464 3507 μάστιγας,
1527 3440 1660 3510 πυρὶ

147 3526 356 3597 ἀσϐέστῳ
396 3529 490 3580 καὶ
517 3525 658 3582 οὗτοι
707 3528 1040 3598 διεχύθησαν.
1073 3529 1182 3580 Καὶ
1223 3530 1318 3581 σὺν
1351 3530 1534 3592 αὐτοῖς
1563 3547 1661 3598 γυ-

1705 1691 1745 1744 Β

1783 447 2059 510 mebundi,
2104 447 2256 515 quasi
2295 461 2398 500 non
2444 445 2822 508 sacriﬁcaturi,
2864 443 2957 496 sed
3009 443 3107 509 ipsi
3159 444 3338 509 potius

1782 538 2119 606 victimarum
2150 539 2270 590 loco
2298 535 2454 590 idolis
2483 535 2790 589 immolandi
2823 544 3021 586 essent.
3048 534 3196 587 Adeo
3222 543 3279 586 ut
3307 551 3339 587 a

1781 629 2172 682 circumstante
2199 627 2538 681 multitudine
2577 627 2953 681 deriderentur
2981 644 2994 678 :
3025 626 3218 694 quippe
3248 628 3339 694 qui

1781 719 1954 786 palam
1986 720 2238 772 omnibus
2259 720 2627 782 ostenderent,
2651 733 2709 772 se
2736 728 2843 772 tum
2870 720 2935 772 ad
2968 721 3334 783 moriendum,

1783 822 1890 863 tum
1914 811 1979 862 ad
2013 810 2423 864 sacriﬁcandum
2465 812 2660 879 pusillo
2686 812 2868 864 animo
2897 825 3037 863 esse.
3070 811 3172 863 Alii
3211 825 3358 878 vero.

1781 900 2075 968 promptius
2098 900 2164 952 ad
2195 914 2318 954 aras
2344 899 2990 962 accurrebant,audacter
3013 899 3342 959 afﬁrmantes

1779 1004 2050 1057 nunquam
2086 1003 2144 1041 se
2196 997 2358 1041 antea
2410 988 2744 1041 Christianos
2787 985 2973 1040 fuisse.
3018 988 3093 1039 De
3145 987 3343 1054 quibus

1776 1080 2056 1132 verissime
2081 1079 2326 1146 prmdixit
2353 1077 2480 1131 olim
2507 1078 2789 1138 Dominus,
2810 1076 3068 1142 ejusmodi
3093 1077 3340 1130 homines

1777 1184 1918 1239 aegre
1966 1169 2190 1222 salutem
2228 1179 2635 1222 consecuturos.
2685 1169 2874 1222 Ca‘leri
2920 1179 3096 1220 autem
3146 1169 3338 1239 partim

1777 1261 2068 1314 alterutros
2100 1274 2286 1314 eorum
2318 1273 2454 1327 quos
2481 1260 2715 1314 diximus
2738 1260 3122 1328 sequebantur,
3144 1259 3336 1327 partim

1777 1368 1836 1407 se
1863 1353 1915 1405 in
1946 1353 2127 1420 fugam
2156 1352 2370 1414 dabant,
2395 1353 2591 1420 partim
2611 1334 3234 1421 compreliend'ebantur.
3259 1354 3337 1407 ΕΣ

1776 1446 1972 1512 quibus
2006 1445 2241 1496 nonnulli
2265 1458 2386 1498 cum
2411 1460 2583 1513 usque
2613 1447 2679 1498 ad
2708 1446 2917 1498 vincula
2950 1455 3003 1499 et
3031 1446 3335 1499 custodiam

1777 1536 2040 1605 progressi
2101 1543 2307 1600 essent,
2340 1536 2560 1603 quidam
2590 1537 2751 1588 etiam
2803 1537 3077 1604 plusculos
3110 1537 3225 1590 dies
3281 1537 3334 1589 in

1776 1642 1996 1681 carcere
2041 1627 2446 1695 perstitissent,
2483 1627 2634 1696 prius
2681 1637 2857 1680 tamen
2893 1642 3054 1694 quam
3103 1626 3158 1678 in
3188 1627 3334 1692 judi-

1774 1716 1912 1773 cium
1937 1719 2347 1783 inducerentur,
2383 1718 2540 1772 ﬁdem
2573 1718 2880 1784 eiurarunt.
2928 1716 3177 1770 Nonnulli
3208 1733 3333 1772 vero

1773 1825 1892 1862 cum
1934 1809 2247 1877 aliquandiu
2277 1818 2543 1863 tormenta
2576 1809 2788 1864 fortiter
2820 1811 3224 1872 sustinuissent,
3262 1811 3330 1862 ad

1772 1901 1974 1969 reliqua
1997 1915 2119 1968 qua:
2141 1901 2552 1953 intentabantur
2577 1902 2838 1968 supplicia
2859 1903 3069 1953 animos
3100 1902 3329 1966 despon-

1771 1992 1985 2042 derunt.
2015 1991 2212 2044 Verum
2241 1991 2380 2043 beati
2413 1991 2486 2042 illi
2511 2006 2573 2042 ac
2599 1993 2820 2044 stabiles
2847 1991 3108 2043 columnae
3145 1992 3330 2042 Domi-

1770 2075 1842 2145 ni,
1869 2082 1934 2134 ab
1958 2082 2072 2149 ipso
2095 2081 2423 2143 confirmati,
2456 2091 2508 2134 et
2537 2082 2656 2134 fidei
2685 2096 2795 2135 sua:
2819 2083 2996 2134 robori
3028 2097 3330 2150 congruen-

1770 2181 1851 2225 tes
1897 2179 1952 2224 et
1981 2185 2047 2224 ex
2083 2185 2237 2240 aequo
2279 2172 2688 2237 respondentem
2725 2171 2832 2223 vim
2881 2182 3042 2238 atque
3081 2184 3328 2225 constan-

1770 2261 1895 2313 tiam
1951 2261 2116 2323 nacti,
2170 2261 2520 2314 admirabiles
2565 2262 2710 2330 regni
2749 2261 2889 2314 illius
2940 2272 3104 2314 testes
3149 2261 3325 2316 effecti

1768 2362 1912 2406 sunt.
1937 2352 2179 2418 Quorum
2209 2351 2478 2418 Julianus,
2503 2355 2589 2407 vir
2615 2354 2868 2423 podagra:
2891 2355 3166 2409 doloribus
3191 2369 3324 2409 con-

1769 2443 2008 2506 strictus,
2055 2444 2146 2512 qui
2191 2458 2290 2498 nec
2322 2455 2467 2499 stare
2515 2454 2726 2513 poterat
2771 2460 2871 2500 nec
2915 2446 3185 2508 incedere,
3216 2461 3324 2499 una

1767 2550 1887 2588 cum
1913 2536 2118 2589 duobus
2140 2535 2259 2589 aliis
2289 2537 2381 2604 qui
2408 2537 2584 2604 ipsum
2609 2537 2917 2607 portabant,
2937 2537 3197 2590 adductus
3218 2547 3322 2591 est.

1767 2624 1964 2680 Horum
1997 2626 2133 2679 alter
2162 2620 2344 2681 statim
2374 2629 2611 2696 negavit.
2641 2627 2792 2682 Alter
2826 2629 3040 2681 nomine
3065 2628 3324 2694 lirouiou,

1766 2719 1855 2787 qui
1878 2719 2059 2773 Eunus
2077 2720 2576 2788 cognominabatur,
2603 2735 2701 2774 nec
2723 2735 2825 2774 non
2850 2730 2902 2774 et
2920 2735 3084 2774 senex
3110 2723 3221 2790 ipse
3236 2720 3329 2775 Ju-

1768 2809 1964 2875 lianus,
1985 2823 2104 2862 cum
2128 2808 2400 2863 Christum
2423 2810 2652 2864 confessi
2677 2819 2878 2893 essent,
2898 2826 2994 2879 per
3015 2813 3323 2866 universam

1766 2899 1929 2974 239
1964 2900 2169 2961 urbem.
2197 2915 2320 2971 qua:
2352 2899 2590 2967 quidem,
2621 2908 2682 2952 ut
2707 2901 2895 2965 nostis,
2926 2903 3158 2954 maxima
3212 2913 3321 2968 est,

1766 2991 2323 3056 camelisinsidentes,
2361 2990 2544 3060 ﬂagris
2581 2991 2841 3044 sublimes
2871 2992 3166 3057 verberati,
3201 3001 3323 3045 tan-

1764 3081 1883 3134 dem
1919 3081 2299 3136 ardentissimo
2353 3081 2499 3149 igne,
2541 3082 2870 3135 circumfusa
2924 3084 3088 3136 totius
3139 3085 3320 3151 p0puli

1764 3171 2140 3238 multitudine,
2185 3172 2489 3241 consumpti
2533 3181 2678 3226 sunt.
2722 3172 2874 3226 Miles
2909 3189 3039 3228 vero
3069 3174 3158 3241 qui
3191 3175 3322 3240 ipsis

1761 3260 1886 3314 dum
1911 3263 1977 3316 ad
2036 3262 2353 3331 Supplicium
2391 3265 2718 3316 ducerentur
2767 3265 2996 3325 astabat,
3051 3274 3104 3316 et
3126 3273 3318 3317 contu-

1762 3353 1973 3407 meliam
2007 3345 2302 3408 inferentes
2348 3354 2682 3422 propulerat,
2713 3354 2874 3427 Besas
2913 3355 3148 3417 nomine,
3191 3370 3318 3408 con-

1760 3443 2025 3496 clamante
2053 3444 2314 3497 adversus
2345 3461 2464 3498 eum
2489 3445 2684 3512 populo
2715 3447 2766 3497 in
2801 3447 2888 3511 jus
2917 3447 3178 3500 adductus
3210 3457 3314 3501 est.
3411 3516 3415 3523 _

1765 3533 1862 3589 Ubi
1915 3534 2241 3589 fortissimus
2270 3537 2362 3590 Dei
2412 3547 2694 3606 pugnator,
2728 3552 2849 3589 cum
2906 3538 2958 3589 in
2994 3553 3188 3606 magno
3224 3539 3318 3589 illo

148 3619 299 3680 ναῖκες
342 3618 632 3690 τέσσαρες·
699 3619 1067 3689 Ἀμμωνάριόν
1116 3637 1175 3671 τε
1211 3620 1340 3687 ἁγία
1372 3620 1656 3691 παρθένος,

1768 3639 1857 3692 pro
1883 3624 2079 3692 pietate
2111 3626 2411 3679 certamine
2473 3636 2694 3680 strenue
2741 3641 2800 3679 se
2831 3628 3104 3693 gessisset,
3135 3629 3313 3680 securi

150 3707 261 3760 πάνυ
299 3709 606 3777 φιλονείκως
650 3709 814 3780 αὐτὴν
868 3710 1201 3762 ἐπι-πλεῖστον
1250 3708 1341 3761 τοῦ
1401 3709 1655 3762 δικαστοῦ

1768 3725 2041 3780 percussus
2085 3722 2188 3768 est.
2237 3714 2390 3766 Alius
2441 3715 2567 3766 item
2632 3713 2890 3767 oriundus
2935 3729 3000 3767 ex
3037 3715 3222 3786 Libya,
3260 3725 3317 3768 et

149 3797 513 3865 βασανίσαντος,
552 3802 646 3854 ἇτε
692 3802 1213 3872 προαποφηναμένην
1259 3801 1333 3862 ὡς
1385 3800 1546 3870 μηδὲν
1582 3793 1657 3852 ὧν

1768 3799 2018 3853 vocabulo
2041 3810 2094 3854 et
2119 3801 2297 3854 divina
2326 3801 2703 3855 benedictione
2748 3817 2872 3856 vere
2900 3803 3103 3861 Macar.
3139 3819 3257 3856 cum
3279 3820 3311 3856 a

147 3890 315 3954 ἐκεῖνος
341 3893 565 3955 κελεύοι,
591 3891 891 3961 φθέγξαιτο,
927 3891 1265 3961 ἁληθεύσασα
1298 3892 1393 3961 τὴν
1427 3893 1658 3960 ἐπαγγε-

1779 3892 1929 3944 udice
1955 3891 2206 3944 omnibus
2257 3891 2432 3944 modis
2457 3891 2776 3946 sollicitatus
2805 3901 2862 3944 ut
2917 3892 3186 3947 Christum
3218 3911 3315 3951 ne-

146 3979 258 4045 λίαν,
310 3983 560 4054 ἀπήχθη·
608 3985 665 4038 αἱ
712 3983 767 4037 δὲ
810 3983 1009 4047 λοιπαὶ,
1054 3986 1086 4053 ἡ
1144 3982 1653 4054 σεμνοπρεπεστὰτη

1768 3992 1925 4054 garet,
1957 3982 2097 4036 ﬂecti
2127 3996 2397 4049 nunquam
2437 3983 2720 4049 potuisset,
2768 3983 2920 4037 vivus
2951 3986 3309 4042 comburitur.

148 4074 400 4141 πρεσϐῦτις
427 4076 755 4147 Μερκουρία,
781 4077 925 4148 καὶὴ
949 4075 1212 4137 πολύπαις
1243 4075 1359 4145 μὲν,
1390 4077 1484 4144 οὐχ
1518 4076 1656 4146 ὑπὲρ

1768 4075 1882 4128 Post
1910 4076 2005 4127 hos
2029 4073 2351 4142 Epimachus
2375 4073 2771 4139 etAlexander,
2801 4092 2920 4128 eum
2955 4087 3073 4144 post
3099 4078 3313 4131 diutur-

147 4160 216 4210 τὸν
248 4163 434 4233 Κύριον
463 4166 521 4218 δὲ
563 4168 890 4238 ἀγαπήσασα
934 4161 1129 4235 ἑαυτῆς
1168 4165 1236 4218 τὰ
1269 4165 1428 4217 τέκνα
1470 4167 1653 4219 Διονυ-

1768 4181 1882 4225 num
1941 4164 2174 4218 carceris
2231 4164 2511 4217 horrorem
2562 4167 2612 4217 in
2662 4182 2769 4233 quo
2798 4167 2959 4221 vincti
2994 4183 3310 4235 permanse-

147 4249 217 4302 σία
237 4254 359 4325 (20),
382 4257 472 4309 καὶ
513 4251 882 4330 ’Δμμωνάριον
911 4259 1088 4329 ἑτέρα,
1115 4257 1547 4320 καταιδεσθέντπ
1572 4259 1652 4320 εἰς

1768 4266 1898 4319 rant,
1951 4253 2156 4308 ferreos
2206 4269 2432 4323 ungues,
2464 4253 2627 4324 flagra
2671 4271 2734 4311 ac
2769 4257 2912 4312 mille
2944 4259 3185 4313 dolorum
3213 4276 3309 4330 ge-

146 4339 364 4412 ἀνήνυτον
395 4348 472 4401 ἔτι
499 4349 802 4418 βασανίζειν
830 4352 921 4404 καὶ
953 4350 1056 4403 ὑπὸ
1081 4349 1348 4418 γυναικῶν
1371 4349 1652 4419 ἡττᾶσθαι,

1768 4361 1886 4399 nera
1936 4345 2301 4416 pertulissent,
2337 4346 2470 4400 viva:
2507 4347 2671 4401 calcis
2730 4349 2978 4404 incendio
3014 4353 3174 4405 etiam
3210 4353 3310 4417 ipsi

145 4429 216 4481 τοῦ
238 4436 502 4506 ἡγεμόνοςν
540 4441 738 4512 σιδήρῳ
764 4441 995 4505 τεθνᾶσι,
1026 4441 1216 4512 μηκέτι
1255 4440 1495 4510 βασάνων
1529 4442 1647 4500 πεῖτ

1768 4438 2120 4508 colliquefacti
2170 4441 2468 4507 perierunt.
2497 4439 2754 4494 Eumdem
2789 4457 2907 4495 cum
2948 4444 3078 4512 ipsis
3105 4444 3308 4496 exitum

147 4627 293 4760 με)ξέ
326 4632 780 4705 ’Ῑσχυριζόμενοι.
814 4638 1046 4693 Positum
1076 4649 1156 4693 est
1192 4655 1288 4709 pro
1315 4641 1648 4713 διισχυριζό-

200 4713 287 4749 νοι.

173 4766 1015 4856 ἶ,Ορξίλλςγόέςζινίρσιμοί.-Ροιρει
1042 4782 1202 4856 etiam
1228 4783 1363 4856 verti
1387 4783 1518 4856 pivre
1541 4782 1650 4856 cnl-

144 4841 457 4920 ξξξξξιεεηάξοε
501 4845 590 4920 ξίρ
629 4841 765 4920 infra
798 4853 862 4906 de
910 4853 1201 4918 Epimacho
1243 4863 1294 4904 et
1340 4852 1646 4905 Alexandro

288 4907 411 4990 πυρ).
431 4909 680 4990 ἀσϐέστςρ
693 4902 1041 4990 διεχύθησᾶνί
1058 4902 1157 4973 [ῖιλο
1181 4902 1292 4990 quo
1315 4902 1645 4986 icepliorus

147 4967 503 5055 liabet'rtjdvq).
539 4980 592 5032 In
627 4967 830 5039 ,ἦεηέέο

145 5046 394 5122 [ῖξὲηιὶρηϋι
446 5046 631 5122 horum
678 5065 970 5122 martyrum
1001 5061 1216 5118 Juliani.
1263 5046 1545 5114 Cronion’is
1590 5070 1644 5113 et

147 5104 348 5225 ἕξεται-ἥ,
382 5110 570 5179 legitur
597 5104 857 5174 ἀσϐέστοτδ
891 5104 1097 5190 ζέοντος
1136 5104 1251 5179 κατ’
1278 5129 1452 5180 αὐτῶν
1482 5104 1646 5198 e115:

195 5194 312 5225 ντοε-

195 5194 312 5240 ντος.

1757 4646 1932 4701 locum
1957 4647 2028 4701 ita
2058 4648 2223 4701 vertit
2255 4664 2268 4698 :
2298 4647 2445 4700 Alius
2475 4647 2688 4715 quidam
2718 4647 2797 4700 t'ir
2815 4648 3037 4700 nominis
3062 4647 3144 4698 sui
3182 4645 3304 4696 Μα-

1753 4720 1948 4776 carius.
1989 4729 2137 4784 gente
2168 4717 2410 4783 Libycus.
2467 4718 2555 4770 Sic
2591 4718 2732 4768 enim
2777 4718 2950 4769 Latini
2994 4717 3302 4782 loquuntur,

1753 4798 1808 4837 ut
1838 4787 2137 4840 Trebellius
2170 4789 2340 4840 Pollio
2388 4787 2440 4839 in
2484 4787 2730 4849 Aureolo,
2768 4797 2822 4838 et
2867 4785 3205 4853 Lampridius
3249 4784 3301 4834 in

1752 4854 2050 4908 Commodo.

1822 4925 1932 4991 (l9)
1962 4922 2120 4976 Μετὰ
2157 4925 2374 4977 πολύν.
2404 4924 2493 4977 Sic
2521 4926 2572 4977 in
2606 4924 2761 4978 codd.
2803 4923 3051 4974 Medicam
3071 4935 3132 4971 ac
3159 4919 3298 4991 Max.

1747 4993 1881 5047 Fuk.
1912 4989 1965 5044 et
2001 4993 2166 5045 Savil.
2213 5004 2268 5044 et
2313 4996 2450 5059 apud
2481 4994 2767 5060 Georgium
2815 4991 3123 5060 Syncelilum’
3168 4989 3302 5053 legi-

1751 5073 1867 5126 tur;
1916 5077 2035 5128 quze
2078 5060 2240 5112 lectio
2309 5065 2478 5125 magis
2525 5059 2692 5128 placet
2735 5059 2890 5128 quain
2932 5059 3125 5128 vulgati
3180 5061 3300 5125 μετ’

1744 5133 1826 5192 οὐ,
1877 5127 1946 5180 ει
1982 5129 2154 5180 Ruﬁni
2213 5127 2534 5183 auctoritate
2588 5127 2952 5182 conﬁrmatur.
3008 5127 3060 5176 lu
3113 5130 3300 5180 Codice

1746 5200 1912 5266 Regio
1935 5198 2126 5265 legitur
2151 5197 2311 5250 etiam
2343 5199 2400 5252 ὃν
2428 5201 2726 5265 ἐνέμειναν,
2753 5207 2858 5250 etc.
2886 5199 3016 5259 Quae
3061 5196 3218 5246 lectio
3250 5199 3295 5249 si

186 5245 422 5335 illi)qu
458 5251 568 5335 τὴν
603 5258 882 5335 aug-Tm;
925 5264 1153 5331 ἀληθὴς
1190 5266 1415 5331 Μάκαρ.
1441 5267 1640 5319 Alludit

1768 5245 1864 5319 νει-’ξι
1893 5245 2012 5327 εξδιξ³
2051 5267 2272 5319 omnino
2315 5273 2505 5322 abesse
2522 5245 2763 5335 Γοροηέει
2801 5245 3102 5333 ηθςῇιιὶναιη
3149 5267 3293 5319 illam

149 5312 392 5405 li_iiitiysius
419 5325 482 5373 ad
515 5312 676 5405 verba
710 5312 792 5378 illa

692 5413 777 5476 nos
807 5397 997 5476 fuerint
1039 5396 1447 5476 hominesfetc”
1473 5408 1629 5476 _qu0d
1742 5396 1757 5405 ’
1805 5404 1920 5476 (20)
1948 5403 2246 5476 Διονςυσία.
2273 5403 2402 5476 Post
2433 5406 2545 5476 hinc
2575 5403 2735 5456 verba
2774 5403 2954 5476 addidi
2983 5419 3057 5476 ex
3094 5404 3293 5458 Ruﬁno

150 5461 411 5543 {funcnnon
439 5461 566 5543 vidit
589 5461 1116 5543 (11]ι’ἰειίηξίιοτεοηιιςἶ
1149 5470 1245 5534 Qui
1278 5461 1523 5543 etiamin
1565 5488 1628 5524 eo

1773 5461 2214 5540 αἳἌμμωνάριον
2247 5473 2426 5543 ἑτέρα.
2455 5475 2692 5537 Quatuor
2717 5475 2857 5527 enim
2889 5472 3140 5527 mulieres
3171 5476 3293 5543 illas

151 5520 596 5610 [jﬂ't'lqnalusnesh
623 5536 762 5599 quod
789 5520 1080 5610 Mauram
1107 5520 1244 5610 ιιιῆιρ
1279 5520 1626 5610 diagonii;
1736 5520 2682 5610 διίίέε-ένέιῇηίίαίκίι-ίίίδῖιςειέϊτ·
3087 5520 3140 5527 "

150 5599 223 5649 Pro
241 5591 432 5662 Libyco.
461 5591 737 5667 Eleganter
763 5614 936 5656 autem
973 5604 1188 5658 Ruﬁnus
1219 5606 1371 5660 bun'r’
1393 5606 1626 5675 Dionysii
