3948 6340
145 291 229 347 665

1078 291 1420 346 HISTORIA!)
1451 287 2005 347 ECCLESIASTICAE
2042 290 2172 346 LIB.
2214 291 2325 345 Vl].

3191 287 3293 345 666

143 405 224 477 τὴν
258 405 516 475 βασιλείαν
540 407 879 478 προσκυνεῖν,
910 407 1255 461 ἐπιλαθέσθαι
1278 424 1337 459 τε
1364 406 1471 459 τῶν
1507 405 1656 476 παρὰ

1757 411 1961 464 hiscum
1996 409 2221 464 disserui
2252 411 2316 462 de
2374 404 3030 470 bumanitatepriucipum
3085 415 3295 457 nostro-

144 499 296 568 φύσιν.
333 497 394 550 Τί
441 493 532 550 οὖν
587 513 720 564 φατε
765 498 900 567 πρὸς
947 498 1151 563 cauca;
1192 499 1324 550 Οὐδὲ
1368 497 1479 568 γὰρ
1520 499 1652 566 ἀχα-

145 592 328 663 ρίστους
350 589 492 658 ὑμᾶς
513 587 724 640 ἔσεσθαι
753 589 874 660 περὶ
921 589 1018 659 τὴν
1052 587 1452 658 φιλανθρωπίαν
1477 588 1654 641 αὐτῶν

144 676 425 750 προσδοκῶ,
455 675 746 746 ἐπειδήπερ
786 677 877 728 ἐπὶ
913 676 980 728 τὰ
1021 676 1211 745 βελτίω
1243 678 1384 746 ὑμᾶς
1424 675 1654 746 προτρέ-

95 802 98 809 ι
145 785 324 822 nonat.
379 765 647 828 Διονύσιος
695 765 1052 835 ἁπεκρίνατο·
1091 767 1166 820 Οὐ
1222 767 1417 828 πάντες
1451 766 1656 828 πάντας

145 857 470 929 προσκυνοῦσι
515 854 689 919 θεοὺς,
730 856 843 907 ἀλλ’
885 855 1101 908 ἕκαστοί
1146 873 1316 918 τινας,
1360 855 1454 918 οὓς
1504 855 1656 925 νομί-

144 950 312 1012 ζουσιν.
355 947 540 1016 Ἡμεῖς
581 945 758 998 τοίνυν
783 946 872 997 τὸν
913 945 1005 998 ἕνα
1041 945 1171 998 Θεὸν
1199 946 1292 998 καὶ
1323 930 1656 1016 Δημιουργὸν

141 1037 232 1090 τῶν
273 1038 536 1098 ἁπάντων,
567 1035 658 1087 τὸν
697 1035 789 1087 καὶ
825 1034 920 1105 τὴν
963 1035 1235 1104 βασιλείαν
1268 1037 1656 1106 ἐγχειρήσαντα

142 1130 234 1188 τοῖς
269 1125 685 1193 θεοφιλεστάτοις
732 1124 1073 1194 Οὐαλεριανῷ
1120 1127 1213 1178 καὶ
1254 1124 1526 1195 Γαλλιηνῷ
1564 1141 1656 1176 σε-

143 1218 348 1280 σαστοῖς,
377 1215 561 1268 τοῦτον
593 1216 686 1268 καὶ
716 1214 940 1284 σέϐομεν
972 1216 1068 1268 καὶ
1098 1214 1521 1286 προσκυνοῦμεν,
1565 1214 1658 1267 καὶ

142 1309 286 1376 τυύτῳ
311 1307 564 1378 διηνεκῶς
583 1307 719 1380 ὑπὲρ
749 1309 846 1377 τῆς
871 1306 1142 1375 βασιλείας
1163 1307 1340 1360 αὐτῶν
1359 1309 1507 1369 ὅπως
1532 1306 1659 1360 ἀσάρ-

141 1399 297 1460 λευτος
313 1398 554 1469 διαμένῃ,
577 1395 1003 1466 προσευχόμεθα.
1021 1396 1330 1467 Αἰμιλιανὸς
1345 1397 1540 1449 διέπων
1561 1395 1657 1466 τὴν

141 1489 419 1559 ἠγεμονίαν,
462 1489 642 1550 αὐτοῖς
675 1485 823 1541 εἷπε·
859 1487 954 1552 Τίς
996 1488 1104 1557 γὰρ
1155 1487 1298 1557 ὑμᾶς
1335 1485 1532 1539 κωλύει
1561 1487 1657 1538 καὶ

140 1584 298 1634 τοῦτον
332 1581 484 1651 ειπερ
515 1581 631 1633 ἐστὶ
659 1580 811 1645 Θεὸς,
861 1580 997 1651 μετὰ
1026 1580 1132 1632 τῶν
1163 1579 1301 1632 κατὰ
1333 1580 1491 1648 φύσιν
1524 1579 1660 1632 θεῶν

141 1675 424 1742 προσκυνεῖν
445 1690 458 1737 ;
483 1668 640 1736 θεοὺς
660 1671 767 1742 γὰρ
792 1671 968 1725 σέῦειν
993 1671 1362 1740 ἐπλεύσθητε,
1392 1672 1485 1724 καὶ
1506 1670 1658 1733 θεοὺς

139 1764 216 1826 οὒς
243 1763 429 1826 πάντες
465 1764 626 1816 ἴσασι.
659 1763 928 1825 Διονύσιος
961 1763 1312 1833 ἀπεκρίνατο·
1355 1762 1542 1829 Ἡμεῖς
1569 1763 1659 1813 οὐ-

137 1856 242 1908 δένα
279 1854 454 1924 ἕτερον
500 1853 918 1925 προσκυνοῦμεν.
963 1854 1268 1924 Αἰμιλιανὸς
1315 1853 1510 1926 διέπῳν
1560 1854 1658 1924 τὴν

139 1946 416 2014 ἠγεμονίαν,
463 1947 641 2008 αὐτοῖς
673 1941 854 1997 εἶπενο
898 1945 1035 2015 Ὀρῶ
1068 1945 1212 2014 ὑμᾶς
1241 1944 1375 2014 ὁμοῦ
1405 1927 1498 1996 καὶ
1533 1944 1661 2014 ἀχα-

140 2037 320 2106 ρίστους
348 2035 500 2097 ὄντας
538 2037 630 2088 καὶ
673 2035 1025 2103 ἀναισθήτους
1069 2036 1164 2104 τῆς
1212 2037 1508 2105 πραότητος
1550 2035 1658 2086 τῶν

140 2125 380 2180 σεϐαστῶν
425 2126 534 2194 ('55)
568 2124 738 2194 ἡμῶν.
785 2125 980 2193 Διόπερ
1013 2125 1111 2176 οὐκ
1156 2124 1342 2175 ἔσεσθε
1375 2127 1433 2177 ἐν
1462 2127 1526 2194 τῇ
1561 2124 1656 2175 πό-

138 2215 202 2267 λει
229 2216 403 2286 ταύτῃ.
460 2215 616 2268 Ἀλλά
657 2215 1093 2285 ἀποσταλήσεσθε
1136 2217 1215 2277 είς
1260 2215 1325 2267 τὰ
1376 2214 1512 2283 μέρη
1562 2216 1656 2283 τῆς

138 2306 331 2376 Λιὸύης,
363 2307 453 2358 καὶ
479 2307 537 2357 ἐν
567 2306 714 2375 τόπῳ
748 2305 1022 2376 λεγομένῳ
1051 2304 1251 2375 Κεφρώ
1271 2322 1283 2333 ·
1327 2302 1514 2356 τοῦτον
1549 2303 1656 2373 γὰρ

135 2397 210 2449 τὸν
236 2396 385 2448 τόπον
415 2395 740 2466 ἐξελεξάμην
770 2398 833 2449 ἐκ
863 2397 960 2466 τῆς
1004 2395 1300 2458 κελεύσεως
1341 2394 1448 2446 τῶν
1492 2394 1654 2447 σεϐα-

136 2487 254 2540 σιῶν
283 2487 450 2557 ἡμῶν.
485 2487 744 2557 Οὐδαμῶς
779 2487 836 2540 δέ
866 2486 1074 2550 ἐξέσται
1104 2484 1224 2538 οὗτε
1257 2486 1383 2554 ὑμῖν
1413 2482 1532 2536 οὔτε
1559 2483 1654 2536 ἀλ-

135 2579 227 2641 λοις
253 2579 401 2642 τισὶν,
428 2578 461 2649 ἢ
495 2578 740 2641 συνόδους
773 2577 1055 2640 ποιεῖσθαι,
1092 2578 1124 2648 ἢ
1161 2579 1238 2639 είς
1261 2576 1330 2627 τὰ
1355 2574 1657 2644 καλούμενα

134 2671 428 2741 κοιμητήρια
458 2669 565 2741 (54)
594 2670 833 2722 εἰσιέναι.
871 2669 931 2721 Εί
963 2668 1018 2721 δέ
1049 2685 1131 2730 τις
1164 2667 1351 2737 φανείη
1396 2666 1469 2736 μὴ
1501 2666 1656 2733 γενό-

137 2776 274 2826 μενος
295 2763 369 2823 είς
391 2760 481 2814 τὸν
512 2760 670 2813 τόπον
699 2759 885 2813 τοῦτον
923 2759 982 2813 ὃν
1009 2759 1286 2822 ἐκέλευσα,
1320 2761 1353 2829 ἢ
1400 2762 1455 2812 ἐν
1496 2775 1655 2811 συνα-

133 2854 265 2920 γωγῇ
299 2868 398 2904 τινι
441 2851 708 2922 εὑρεθείη,
746 2850 920 2921 ἐαυτῷ
950 2851 1039 2903 τὸν
1070 2852 1306 2904 κίνδυνον
1340 2851 1655 2921 ἐπαρτήσει.

140 2942 203 2993 Οὐ
232 2942 329 3011 γὰρ
356 2942 618 3011 ἐπιλείψει
660 2945 694 3012 ή
730 2942 922 2996 δέουσα
951 2944 1318 3013 ἐπιστρέφεια.
1366 2941 1656 3010 ’Ᾱπόστητε

1751 516 1890 564 rum,
1920 515 2023 568 qua
2051 499 2127 553 illi
2153 513 2279 567 erga
2308 513 2403 551 vos
2427 503 2670 548 utuntur.
2701 494 2864 548 Vobis
2895 497 3037 548 enim
3060 505 3298 562 potesta-

1753 599 1860 642 tem
1889 588 2133 642 fecerunt
2188 587 2377 640 salutis
2409 596 2599 640 vestrae
2656 584 2967 645 retinendae,
3011 585 3298 638 dummodo

1753 680 1818 732 ad
1845 679 1897 731 id
1929 678 2069 747 quod
2105 687 2310 731 natura:
2332 685 2748 730 consentaneum
2775 684 2858 729 est
2887 674 3037 738 ferri,
3063 675 3299 743 deosque

1753 769 1959 838 imperii
1987 769 2193 821 illorum
2228 767 2472 821 custodes
2503 768 2749 826 adorare,
2775 775 2828 818 et
2855 780 3040 818 eorum
3061 779 3180 832 quae
3202 781 3298 818 na-

1755 867 1888 912 tura:
1919 858 2020 925 ipsi
2051 868 2350 926 repugnant
2373 856 2614 911 oblivisci
2651 847 2881 909 velletis.
2913 855 3048 920 Quid
3076 870 3203 923 ergo
3233 857 3298 908 ad

1716 945 1729 962 '
1754 950 1868 1004 haec
1897 948 2122 1004 dicitis?
2166 946 2353 1015 Neque
2400 948 2541 1001 enim
2592 961 2687 999 vos
2730 946 2938 1014 ingrato
2971 945 3152 1014 apimo
3184 944 3300 998 fore

1755 1056 1917 1110 spero
1949 1042 2210 1095 adversus
2237 1055 2420 1094 eorum
2456 1038 2821 1098 clementiam,
2854 1036 3052 1105 quippe
3085 1050 3204 1089 cum
3233 1024 3307 1088 ad

1756 1132 1974 1186 meliora
2005 1146 2099 1185 vos
2129 1132 2411 1184 traducere
2435 1137 2717 1183 conentur.
2762 1127 3048 1196 Dionysius
3083 1139 3303 1193 respon-

1755 1218 1832 1270 dit
1864 1215 2021 1269 :Non
2070 1231 2258 1270 omnes
2285 1217 2351 1270 ab
2384 1215 2631 1269 omnibus
2667 1215 2917 1268 coluntur
2945 1214 3040 1278 dii,
3088 1214 3179 1266 sed
3209 1226 3304 1265 eos

1755 1305 1946 1373 singuli
1983 1306 2165 1359 colunt
2190 1321 2323 1374 quos
2357 1304 2692 1358 arbitrantur
2739 1304 2891 1356 deos.
2923 1300 3032 1354 Nos
3083 1301 3301 1369 quidem

1755 1412 1916 1448 unum
1949 1397 2114 1449 Deum
2161 1396 2399 1450 omnium
2434 1411 2612 1449 rerum
2663 1382 2912 1464 Opiﬁcem
2940 1436 2957 1460 ,
2997 1398 3091 1464 qui
3145 1394 3302 1450 Vale-

1756 1489 1913 1541 riano
1940 1500 1994 1540 et
2017 1488 2263 1542 Gallieno
2301 1488 2683 1542 sacratissimis
2711 1487 2969 1558 Augustis
3021 1487 3302 1557 imperium

1721 1616 1723 1618 -
1759 1579 1997 1640 tradidit,
2021 1579 2243 1633 colimus
2264 1589 2316 1632 et
2337 1578 2641 1632 adoramus.
2661 1575 2793 1631 Huic
2814 1578 3306 1646 cantinuaspreces

1757 1669 2033 1724 oll‘erimus
2063 1685 2158 1738 pro
2187 1671 2412 1738 imperio
2443 1669 2677 1733 illorum,
2725 1678 2786 1722 ut
2809 1670 3003 1723 stabile
3031 1681 3086 1723 et
3113 1670 3302 1724 incon-

1689 1735 1730 1788 Β
1757 1777 1972 1816 cussum
2001 1735 2329 1831 permaneat.
2354 1760 2678 1816 Emilianus
2704 1761 2986 1827 praefectus
3009 1761 3200 1815 iterum
3225 1763 3308 1816 dl-

1757 1853 1837 1907 xit
1866 1871 1881 1908 :
1913 1853 2045 1918 Quis
2074 1868 2201 1906 vero
2225 1868 2319 1906 vos
2345 1851 2616 1919 prohibet,
2648 1852 2939 1920 quominus
2976 1861 3032 1906 et
3069 1852 3227 1912 hunc,
3258 1851 3306 1904 si

1757 1944 1969 2010 quidem
2001 1943 2139 1996 Deus
2184 1951 2289 2008 est,
2319 1958 2442 1996 cum
2474 1943 2540 1995 iis
2569 1942 2658 2010 qui
2691 1952 2882 1996 natura
2921 1943 2992 1995 dii
3043 1951 3168 1995 sunt
3214 1942 3308 1994 ad-

1755 2035 1958 2087 oretis?
1983 2033 2124 2088 Deos
2158 2035 2302 2087 enim
2329 2033 2510 2087 colere
2541 2034 2672 2102 jussi
2722 2034 2876 2097 estis,
2925 2047 3126 2101 eosque
3173 2046 3308 2101 quos

1754 2126 1936 2178 cuncti
1968 2134 2165 2178 norunt
2200 2126 2349 2178 deos.
2373 2126 2660 2195 Dionysius
2686 2127 3003 2194 respondit:
3041 2126 3146 2179 Nos
3189 2125 3306 2178 nul—

1755 2216 1862 2268 lum
1892 2215 2054 2268 alium
2079 2219 2384 2269 adoramus.
2413 2215 2742 2277 .Emilianus
2792 2216 3077 2283 praefectus
3123 2217 3260 2269 dixit
3285 2233 3300 2269 :

1759 2306 1924 2358 Video
1946 2320 2039 2359 vos
2062 2306 2300 2374 ingratos
2327 2320 2448 2360 esse
2481 2306 2636 2359 simul
2667 2321 2729 2359 ac
2752 2307 3014 2374 stupidos,
3063 2309 3152 2374 qui
3193 2305 3306 2359 cle—

1754 2396 2016 2450 mentiam
2063 2397 2424 2466 Augustorum
2463 2397 2680 2450 minime
2726 2399 2990 2451 sentiatis.
3034 2397 3306 2462 Quamob-

1755 2500 1868 2540 rem
1898 2500 2003 2539 non
2031 2486 2319 2562 manebitis
2343 2487 2396 2538 in
2421 2488 2522 2540 hac
2549 2487 2714 2550 urbe,
2770 2489 2865 2541 sed
2915 2488 3199 2541 mittemini
3249 2489 3304 2542 in

1753 2584 1936 2643 partes
1968 2574 2148 2643 Libya:
2177 2576 2240 2629 ad
2273 2575 2569 2644 locum-qui
2614 2577 2814 2630 dicitur
2858 2577 3092 2645 Ccphro.
3149 2577 3306 2654 Hune
3365 2643 3379 2658 .

1755 2667 1898 2719 enim
1954 2665 2128 2719 locum
2157 2667 2307 2734 jussu
2364 2668 2724 2736 Augustorum
2774 2678 3080 2722 nostrorum
3145 2669 3301 2738 elegi.

1756 2755 2069 2812 Nullatenus
2108 2766 2284 2812 autem
2318 2758 2502 2813 licebit
2550 2758 2703 2812 vobis
2753 2775 2851 2812 nec
2899 2760 3306 2828 quibuscunque

1758 2849 1901 2911 aliis,
1934 2855 2229 2904 conventus
2252 2865 2434 2919 agere,
2462 2859 2556 2904 aut
2582 2865 2644 2904 ea
2669 2866 2788 2918 quae
2817 2861 3077 2904 vocantur
3104 2866 3306 2906 coeme-

1760 2941 1894 2994 teria
1930 2941 2100 2996 adire.
2130 2939 2280 3006 Quod
2306 2941 2348 2994 si
2375 2943 2495 3010 quis
2520 2943 2584 2996 ad
2616 2957 2739 3011 eum
2769 2956 2928 3009 quem
2960 2941 3094 3008 jussi
3132 2941 3306 2994 locum
3383 2978 3389 2986 ι

132 3026 210 3082 οὖν
227 3032 344 3082 ὅπου
361 3031 729 3102 ἐκελεύσθητε.
745 3062 813 3072 -
829 3033 939 3085 Καὶ
954 3032 1203 3086 νοσοῦντα
1231 3034 1287 3086 δέ
1316 3051 1381 3103 με
1398 3035 1656 3102 κατήπει-

1763 3032 1980 3085 minime
2004 3031 2276 3101 prolectus
2315 3033 2764 3102 deprehendetur,
2795 3040 2887 3086 aut
2937 3035 2990 3085 in
3042 3040 3308 3086 conventu

133 3117 226 3182 ξεν,
260 3120 371 3172 οὐδέ
414 3123 540 3190 μιᾶς
582 3121 870 3191 ὑπέρθεσιν
912 3123 1034 3185 δοὺς
1078 3124 1310 3193 ἡμέρας.
1360 3124 1523 3177 Ποίαν
1564 3120 1655 3177 οὖν

133 3209 200 3260 ἔτι
227 3211 325 3279 (35)
350 3211 441 3263 τοῦ
475 3213 723 3280 συνάγειν
749 3212 780 3283 ἢ
815 3214 887 3284 μὴ
920 3213 1164 3280 συνάγειν
1193 3212 1336 3282 εἶχον
1365 3214 1593 3284 σχολήν;
1634 3236 1652 3267 ›

132 3295 245 3351 Εἶτα
276 3301 386 3371 μεθ’
422 3293 584 3373 ἕτερά
629 3320 806 3373 φησιν·
858 3323 878 3355 ι
928 3304 1062 3356 Ἀλλ’
1095 3305 1213 3356 οὐδὲ
1259 3306 1359 3374 τῆς
1400 3307 1658 3376 αἰσθητῆς

133 3390 268 3457 ἡμεῖς
295 3393 423 3460 μετά
444 3393 537 3444 τοῦ
567 3393 766 3462 Κυρίου
799 3393 1112 3462 συναγωγῆς
1136 3396 1462 3465 ἀπέστημεν.
1503 3397 1659 3450 Ἀλλὰ

132 3481 240 3541 τοὺς
268 3482 356 3549 μὲν
382 3476 438 3533 ἐν
474 3484 541 3550 τῇ
569 3482 717 3534 πόλει
750 3483 1156 3553 σπουδαιότερον
1192 3486 1545 3559 συνεκρότουν
1583 3487 1659 3549 ὡς

135 3570 304 3632 συνὼν,
330 3570 478 3624 ἀπὼν
514 3572 612 3642 μὲν
641 3571 717 3642 τῷ
748 3571 974 3641 σώματι,
1005 3574 1078 3636 ὠς
1111 3577 1279 3627 είπεῑν
1311 3575 1441 3645 (36),
1475 3583 1658 3644 παρὼν

132 3660 179 3711 δὲ
203 3660 272 3730 τῷ
299 3662 577 3732 πνεύματι.
620 3662 705 3714 Ἐν
726 3661 781 3713 δὲ
803 3665 868 3731 τῇ
889 3663 1113 3737 Κεφροῖ,
1145 3665 1237 3715 καὶ
1265 3664 1430 3733 πολλὴ
1463 3683 1659 3718 συνεπ-

134 3752 370 3821 εδήμησεν
411 3754 542 3822 ἡμῖν
586 3751 864 3821 ἐκκλησία,
904 3753 1010 3805 τῶν
1051 3755 1146 3822 μὲν
1173 3754 1280 3806 ἀπὸ
1307 3756 1405 3824 τῆς
1453 3755 1658 3820 πόλεως

133 3841 346 3910 ἀδελφῶν
378 3843 673 3914 ἑπομένων,
707 3842 811 3895 τῶν
842 3843 898 3895 δὲ
942 3843 1201 3898 συνὸνιων
1240 3846 1332 3896 ἀπ’
1361 3845 1652 3912 Αἰγύπτου.

133 3932 288 3984 Κάκεῖ
323 3933 484 4003 θύραν
513 3936 642 4003 ἡμῖν
672 3936 700 3987 ό
728 3934 858 3996 Θεὸς
888 3932 1085 4001 ἀνέῳξε
1114 3934 1207 3986 τοῦ
1240 3935 1415 4002 λόγου.
1451 3936 1558 3988 Καὶ
1597 3935 1657 3987 τὸ

137 4023 223 4088 μὲν
247 4023 446 4092 πρῶτον
475 4023 822 4095 ἐδιώχθημεν,
855 4025 1320 4094 ἐλιθοϐολήθημεν,
1352 4025 1575 4097 ὕστερον
1601 4026 1658 4079 δέ

132 4129 256 4176 τινες
283 4116 376 4167 οὑκ
400 4116 567 4182 ὀλίγοι
595 4115 700 4168 τῶν
739 4115 903 4169 ἐθνῶν
931 4116 998 4169 τὰ
1032 4115 1220 4169 εἴδωλα
1250 4117 1655 4181 καταλιπόντες,

133 4203 443 4274 ἐπέστρεψαν
477 4207 569 4258 ἐπὶ
593 4206 681 4258 τὸν
714 4207 861 4260 Θεόν.
899 4208 970 4259 Οὐ
1007 4209 1263 4280 πρότερον
1293 4207 1399 4277 γὰρ
1426 4209 1658 4278 παραδε-

133 4290 359 4360 ξαμένοις
386 4298 587 4359 αὐτοῖςς
621 4297 740 4349 τότε
773 4297 984 4368 πρῶτον
1032 4299 1096 4351 δι’
1127 4297 1280 4369 ἡμῶν
1310 4302 1337 4352 ὁ
1371 4300 1522 4366 λόγος
1564 4303 1658 4352 ἐπ-

134 4385 341 4455 εσπάρη.
371 4389 478 4440 Kal.
516 4388 701 4458 ὥσπερ
730 4389 912 4441 τούτου
952 4389 1134 4442 ἕνεκεν
1165 4389 1463 4458 ἀπαγαγὼν
1509 4393 1656 4460 ἡμᾶς

133 4473 250 4540 πρὸς
297 4479 484 4540 αὐτοὺς
532 4478 560 4528 ὁ
615 4479 766 4544 Θεὸς,
820 4481 940 4532 ἐπεὶ
987 4481 1084 4552 τὴν
1138 4481 1407 4535 διακονίαν
1454 4482 1654 4552 ταύτην

133 4560 518 4636 ὲπληρὼσαμεν,
552 4570 708 4622 πάλιν
735 4572 1062 4642 ἀπαγήοχεν.
1118 4573 1176 4626 '0
1212 4573 1319 4644 γὰρ
1347 4573 1654 4644 Αἰμιλιανὸς

195 4733 295 4800 (53)
329 4742 666 4809 Πραότητος
705 4744 822 4798 τῶν
861 4748 1186 4803 σεϐαστῶν.
1215 4749 1380 4802 Codd.
1431 4750 1565 4803 Med.
1598 4759 1654 4803 ct

132 4798 472 4882 Magaddjint
501 4798 672 4882 ήμῷν,
701 4798 1195 4882 quibusconsentit
1222 4798 1385 4872 Εόιιὲέ

199 4871 733 4958 Ψίιειίοίμήὶήρίέί
785 4881 958 4958 Lall")
1012 4903 1161 4958 ανεγαε
1225 4871 1545 4958 νοριιιιᾶηιξξ⁷
1582 4890 1654 4942 ita

134 4936 471 5022 Tertullianns
485 4936 764 5022 _in‘:l_ibro
806 4936 876 5022 ad
909 4936 1189 5020 Scapulam
1212 4936 1245 5020 ,⁷
1266 4936 1654 5012 ἐ“ι’ἷῆ“ἰ;ἐςὶίξ

135 5014 447 5096 Ῡίξξὲἓξῖίρηὶε
473 5014 748 5096 Caeci-[iani
775 5014 1145 5096 :_Num_civcs
1189 5014 1245 5077 in
1293 5043 1414 5078 area
1461 5038 1658 5096 marty—

135 5091 240 5160 rum
280 5077 491 5160 {nitu-rit
518 5084 726 5160 in_c_lus_i.
776 5089 842 5160 Et
885 5093 935 5143 in
963 5089 1128 5145 Gesti:
1171 5077 1658 5160 purgationis—“Fe-

137 5144 245 5230 licis
280 5144 494 5230 χΤομρι
537 5152 724 5221 aliquis
763 5158 827 5210 de
869 5162 1049 5214 vestris
1089 5144 1143 5216 in
1532 5144 1656 5221 0-H;-

137 5217 284 5266 tiones
306 5217 496 5284 facitis.

200 5283 314 5364 ($5)
338 5287 522 5338 Ποίαν
571 5285 687 5342 οὖν
724 5292 830 5345 ἔτι.
876 5295 1244 5354 Accusabatur
1287 5302 1492 5357 scilicet
1536 5305 1659 5359 Dio-

203 5369 309 5408 stus
350 5371 378 5408 a
410 5355 698 5409 Germano.
738 5363 876 5409 auod
931 5379 1220 5409 annum":
1268 5371 1494 5409 fratrum
1550 5390 1654 5409 ηηη

139 5363 309 5430 uystus
350 5371 378 5408 a
410 5363 698 5419 Germano,
738 5363 876 5426 quod
931 5379 1220 5422 conventus
1268 5371 1494 5426 fratrum
1550 5390 1655 5428 non

139 5423 856 5511 habuissetuauteexortam
890 5440 1348 5511 persecutionem,
1392 5443 1484 5494 sed
1533 5443 1654 5511 fuga

139 5493 284 5550 saluti
330 5509 438 5576 suae
493 5480 1138 5576 prpspesisset.rQuoties
1159 5480 1348 5558 veni-in,
1379 5480 1656 5575 iiﬁiu'eiﬁi

140 5564 443 5630 persecutio,
488 5563 729 5643 solebant
771 5567 921 5643 prius
947 5563 1184 5643 episcoivi
1232 5563 1478 5643 populum
1527 5563 1654 5632 coni-7

142 5647 364 5704 gregare,
407 5643 464 5686 ut
494 5647 615 5686 eum
647 5632 714 5687 ad
763 5632 1090 5693 retinendam
1127 5632 1323 5699 Christi
1363 5645 1516 5702 (idem
1561 5664 1650 5701 ex-

1758 3123 1939 3192 aliquo
1967 3124 2127 3178 fuerit
2155 3125 2422 3188 inventus,
2459 3125 2505 3178 is
2536 3125 2639 3179 sibi
2671 3126 2782 3192 ipse
2807 3126 3100 3194 periculum
3133 3139 3310 3178 arces-

1759 3223 1860 3267 set.
1888 3212 2001 3266 Non
2032 3213 2174 3268 enim
2205 3214 2376 3267 deerit
2411 3229 2643 3283 congrua
2668 3215 3088 3269 animadversio.
3111 3217 3309 3270 Absce-

1759 3307 1870 3359 dite
1903 3305 2068 3381 igitur
2089 3306 2347 3373 quojussi
2387 3305 2540 3359 estis.
2571 3305 2960 3374 -—-Statimque
2989 3321 3073 3359 me
3100 3309 3308 3361 tametsi

1757 3405 2106 3464 aegrotantem
2172 3397 2444 3464 proficisci
2506 3397 2778 3466 compulit,
2814 3413 2881 3450 ue
2929 3397 3033 3450 diei
3085 3397 3306 3465 quidem

1759 3487 1916 3539 unius
1970 3485 2220 3539 dilatione
2276 3501 2551 3540 concessa.
2611 3471 2887 3552 Quomodo
2947 3485 3110 3554 igitur
3183 3500 3311 3538 con-

1759 3587 1948 3628 ventus
1998 3592 2155 3643 agere
2205 3587 2294 3630 aut
2341 3594 2442 3631 non
2487 3593 2649 3645 agere
2695 3581 2920 3633 vacuum
2983 3581 3112 3633 mihi
3156 3580 3311 3631 dein-

1758 3656 1900 3732 ecps'
1934 3667 2082 3720 fuit?
2148 3686 2166 3718 ι
2231 3668 2424 3721 Paucis
2485 3671 2678 3722 deinde
2755 3670 3308 3738 interjectis,addit:

1757 3755 1920 3822 259
1951 3773 1966 3805 ι
1998 3756 2100 3808 Sed
2127 3772 2336 3822 nequea
2357 3759 2616 3825 corporali
2653 3771 2934 3823 conventu,
2968 3760 3189 3814 Domino
3221 3760 3312 3827 ju-

1758 3857 1937 3908 vante,
1969 3844 2258 3910 abfuimus.
2287 3845 2486 3899 Verum
2509 3862 2604 3900 eos
2635 3851 2724 3915 qui
2753 3850 2802 3899 in
2835 3849 2966 3901 urbe
2997 3859 3171 3912 erant,
3212 3865 3312 3920 pe-

1759 3937 1911 3990 rinde
1937 3952 1999 3989 ac
2019 3937 2062 3989 si
2086 3938 2348 3998 adessem,
2375 3937 2576 4004 majore
2599 3938 2778 3991 studio
2795 3940 3112 4006 congregavi
3139 3941 3191 3992 in
3219 3956 3310 3994 ec-

1758 4027 2008 4090 clesiam;
2043 4027 2464 4092 absensquidem
2481 4040 2724 4092 corpore,
2747 4027 2932 4096 utjam
2964 4028 3100 4091 dixi,
3129 4030 3310 4084 animo

1756 4127 1933 4171 autem
1969 4129 2222 4185 prmsens.
2245 4115 2395 4181 Apud
2419 4116 2630 4183 Cephro
2658 4131 2786 4169 vero
2811 4118 3089 4171 nobiscum
3119 4135 3310 4188 magna

1758 4208 1994 4261 ﬁdelium
2027 4206 2199 4260 adfuit
2250 4205 2553 4270 multitudo,
2608 4208 2802 4274 partim
2870 4223 3056 4262 eorum
3112 4212 3203 4278 qui
3242 4214 3310 4265 ab

1759 4298 1893 4350 urbe
1932 4312 2030 4349 nos
2060 4295 2230 4349 secuti
2256 4295 2490 4357 fuerant,
2521 4295 2716 4361 partim
2743 4295 2970 4348 aliorum
2998 4296 3088 4364 qui
3118 4312 3183 4350 ex
3222 4313 3314 4349 re-

1689 4381 1733 4435 D
1761 4389 1906 4457 liqua
1934 4387 2167 4461 Egypto
2189 4385 2544 4441 conﬂuebant.
2568 4385 2641 4455 lbi
2671 4401 2882 4455 quoque
2903 4388 3123 4454 januam
3157 4387 3312 4441 nobis

1759 4480 2014 4546 patefecit
2037 4479 2178 4533 Deus
2206 4481 2272 4532 ad
2313 4478 2745 4545 praedicationem
2779 4480 2925 4533 verbi
2970 4482 3077 4536 sui.
3111 4481 3177 4534 Et
3205 4481 3308 4533 ini-

1758 4574 1833 4628 tio
1861 4574 2078 4642 quidem
2106 4571 2534 4640 persecutionem
2561 4571 2706 4640 passi
2755 4585 2811 4626 et
2843 4572 3107 4640 lapidibus
3141 4571 3310 4636 impe-

1758 4752 2124 4824 hortarentur.
2194 4751 2397 4824 Deinde
2472 4749 2702 4824 infantes
2763 4759 2847 4824 et_
2891 4751 3310 4824 catechumenos

1759 4821 2119 4888 baptizabant,
2153 4838 2218 4873 ne
2263 4823 2378 4872 sine
2424 4822 2690 4886 baptismo
2727 4835 2792 4872 ex
2833 4821 2933 4873 hac
2968 4819 3070 4870 vita
3107 4819 3308 4881 migra—

1760 4902 1918 4962 rent;
1959 4901 2011 4942 et
2060 4890 2454 4962 Eucharistiam
2505 4890 2748 4962 tidelibus
2796 4889 3141 4946 dividebant,
3185 4898 3308 4962 cum

1764 4961 2028 5013 incertum
2057 4970 2196 5012 esset
2247 4960 2476 5022 quandiu
2506 4959 2760 5010 duratura
2795 4966 2940 5009 esset
2981 4959 3302 5022 persecutio.

1764 5030 1929 5093 Quem
1980 5044 2181 5080 morem
2216 5021 2396 5081 docuit
2438 5043 2535 5080 nos
2581 5026 2778 5079 factum
2829 5023 3074 5093 Dorothei
3129 5021 3309 5093 cujus-

1765 5090 1883 5150 d'am
1937 5096 2430 5167 Thessalonicensis
2493 5096 2766 5167 episcopi,
2821 5092 3149 5167 temporibus
3195 5090 3298 5167 .l_u-

1763 5167 1910 5227 stini,
1946 5165 2083 5232 quod
2120 5167 2354 5217 refertur
2389 5167 2438 5217 in
2491 5159 2839 5233 suggestione,
2873 5159 3154 5233 Geringgi,
3204 5159 3307 5213 Fe-

1765 5226 1977 5287 licis’et'
2022 5233 2296 5298 Dioscuri,
2338 5236 2501 5287 missa
2547 5226 2618 5286 ad
2659 5232 2996 5284 ﬂormisdam
3028 5226 3130 5279 PP.
3164 5244 3306 5283 anno

1762 5303 1956 5358 Christi
1995 5303 2117 5353 519.

1832 5368 2344 5440 (56)]Απὼνλμὲγ
2379 5368 2476 5440 τῷ
2504 5368 2850 5440 σώματμώς
2881 5363 3088 5440 εἰπεῖν.
3119 5365 3209 5440 Sic
3246 5369 3305 5440 _iu

1761 5433 2084 5512 coddfhiuz.
2114 5450 2182 5512 velt.
2203 5433 2648 5512 Hed._scribittir.
2689 5436 2839 5512 vnlg.
2870 5433 3041 5512 είπον.
3075 5436 3132 5512 I_||
3168 5437 3302 5512 Euk.

1760 5522 1814 5561 et
1858 5508 2020 5559 Savil.
2053 5501 2309 5572 scriptum
2361 5507 2532 5558 inveni
2573 5504 2647 5565 ὡς
2700 5501 2850 5556 εἶπεν
2900 5507 2928 5555 ὁ
2967 5506 3301 5571 Ἃπόστολος.

1761 5580 1916 5632 Certe
1946 5574 2129 5647 alludit
2159 5576 2446 5642 Dionysius
2474 5575 2538 5628 ad
2564 5574 2738 5626 locum
2768 5576 3006 5642 Apostol'i
3035 5576 3087 5629 in
3124 5579 3304 5647 priore

1759 5648 1824 5700 ad
1858 5644 2100 5700 Corinth.
2138 5657 2253 5711 Cap.
2289 5659 2335 5696 ν.
