3938 6344
669 389 775 443 ϐυἻ

1364 387 1631 443 EUSEBII
1663 387 2126 445 cmssmmsns
2161 390 2310 445 OPP.
2352 391 2527 447 pass
2562 392 2604 445 l.
2642 422 2713 460 τ-
2750 369 3130 448 ωετοῐιιολ.

672 509 752 562 liti
772 520 975 561 sumus.
1003 503 1344 560 Postmodum
1370 520 1498 560 vero
1525 522 1629 560 non
1647 506 1800 574 pauci
1825 522 1889 560 ex
1912 506 2192 575 gentilibus

2317 511 2396 571 είς
2427 510 2784 582 τραχυτέρους
2818 511 2936 579 μὲν,
2970 509 3045 570 ὡς
3075 507 3269 569 ἐδόκει,
3315 505 3406 558 καὶ
3447 504 3823 575 Λιϐυκωτῲους

673 599 873 652 relictis
901 599 1227 661 simulacris,
1254 599 1319 650 ad
1377 597 1542 650 Deum
1575 596 1820 649 conversi
1876 605 2018 649 sunt.
2067 597 2216 652 Tunc

669 688 812 742 enim
838 690 1066 758 primum
1091 691 1231 758 apud
1267 688 1383 741 illos
1410 685 1559 738 verbi
1594 685 1756 738 divini
1789 701 1882 754 per
1908 702 2010 740 uos
2031 703 2216 754 sparsa

668 787 795 832 sunt
816 781 1046 844 semina,
1092 793 1212 832 cum
1275 775 1412 828 illud
1469 783 1623 828 antea
1681 789 1782 827 non
1835 778 2211 844 suscepissent.

668 869 748 924 Ac
810 884 1030 936 prorsus
1078 869 1234 938 quasi
1288 868 1425 920 Deus
1447 866 1561 933 ejus
1585 868 1660 919 rei
1689 881 1848 920 causa
1875 882 1974 920 nos
2001 868 2067 920 ad
2098 868 2215 921 illos

668 959 1030 1028 perduxisset,
1085 967 1365 1028 postquam
1410 957 1536 1010 illud
1579 957 1931 1010 ministerium
1975 957 2214 1022 implevis

672 1067 808 1114 mus,
842 1053 1035 1105 iterum
1066 1064 1167 1102 nos
1193 1050 1303 1102 alio
1326 1048 1617 1102 transtulit.
1639 1038 1854 1101 ‘Etenim
1888 1046 2213 1115 Emilianus

667 1141 722 1194 in
776 1143 1050 1208 asperiora
1092 1132 1330 1206 qua-dam
1363 1138 1496 1204 loca,
1547 1147 1602 1191 et
1654 1146 1713 1190 ut
1751 1137 1999 1190 credebat
2047 1137 2212 1202 magis

667 1229 1040 1298 Libyca,,nos
1095 1238 1463 1295 transportare
1513 1228 1814 1281 constituit.
1884 1226 1950 1279 Et
2004 1226 2212 1279 cunctis

667 1319 1021 1387 undecunque
1062 1319 1129 1372 ad
1177 1319 1515 1372 Mareoticam
1546 1315 2202 1387 przel'ecturamconlluere

661 1410 846 1478 jussis,
875 1413 1022 1464 vicos
1051 1425 1145 1479 per
1171 1411 1441 1478 regionem
1488 1409 1633 1461 illam
1678 1408 1951 1474 dispersos
1986 1405 2209 1473 singulis

667 1502 960 1570 assignavit
984 1519 998 1554 :
1025 1517 1120 1555 nos
1135 1517 1259 1554 vero
1275 1501 1439 1568 magis
1459 1500 1526 1552 ad
1546 1500 1682 1552 viam
1706 1497 1993 1565 publicam,
2024 1504 2080 1549 ut
2096 1497 2208 1566 pri-

666 1585 738 1646 mi
771 1593 1360 1659 comprehenderemur,
1383 1591 1681 1644 collocavit.
1711 1589 1765 1641 ld
1789 1589 1930 1642 enim
1949 1589 2209 1656 praecipue

665 1686 857 1751 agebat
889 1701 951 1739 ac
980 1685 1319 1749 moliebatur,
1373 1692 1432 1736 ut
1465 1680 1894 1749 quandocunque
1935 1678 2203 1743 voluisset,

662 1790 851 1829 omnes
885 1775 1026 1828 nullo
1055 1775 1265 1843 negotio
1287 1773 1404 1840 capi
1455 1785 1765 1839 possemus.
1796 1771 1904 1838 Ego
1933 1784 2058 1822 vero
2083 1785 2202 1822 cum

2313 601 2458 669 ἡμᾶς
2485 601 3038 671 μταστῆσαι-τότωυς
3070 598 3331 667 ἐϐουλήθη
3355 615 3370 628 ·
3397 598 3637 659 καὶτοὺς
3662 613 3826 666 παντα-

2312 690 2435 758 χόσε
2477 691 2557 752 είς
2608 690 2698 742 τὸν
2745 689 3044 762 Μαρεώτην
3070 686 3335 741 ’ἐκέλευσε
3378 689 3618 756 συρρεῖν,
3665 685 3824 754 κώμας

2313 779 2557 839 ἑκάστοις
2585 780 2692 831 τῶν
2737 782 2874 832 κατά
2918 780 3096 850 χώραν
3132 779 3413 849 ἀφορίσας,
3455 779 3603 847 ἡμᾶς
3629 777 3683 829 δὲ
3715 776 3827 845 μᾶλά

2311 870 2399 938 λον
2435 873 2491 922 ἐν
2520 870 2621 938 ὀδῷ
2647 872 2740 922 καὶ
2768 869 3010 939 πρώτους
3041 869 3614 938 καταληφθησομένους
3642 866 3823 930 ἔταξεν.

2324 961 2598 1031 ’ῼκονόμει
2627 960 2734 1029 γάρ
2766 960 3004 1028 δηλονότι
3031 961 3121 1012 καὶ
3158 958 3581 1029 παρεσκεύαζεν,
3613 959 3694 1010 ῐνα
3720 957 3825 1008 ὁπό-

2309 1072 2408 1106 ταν
2459 1052 2740 1122 βουληθείη
2786 1051 3085 1114 συλλαϐεῖν,
3128 1052 3330 1114 πάντας
3374 1050 3671 1112 εὐαλώτους
3712 1048 3821 1118 ἐχοι.

2322 1141 2460 1209 Ἐγὼ
2487 1141 2543 1192 δὲ
2572 1143 2660 1193 ὅτε
2697 1142 2792 1209 μὲν
2819 1142 2898 1201 είς
2930 1138 3160 1209 Κεφρὼν
3186 1139 3552 1209 κεκελεύσμην
3580 1138 3822 1202 ἀπελθεῖν,

2309 1233 2403 1284 καὶ
2440 1232 2530 1285 τὸν
2562 1232 2721 1283 τόπον
2750 1231 2972 1300 ἠγνόουν
3010 1231 3130 1282 ὅποι
3175 1231 3304 1282 ποτὲ
3341 1225 3492 1293 οὗτός
3532 1234 3694 1295 ἐστιν,
3724 1230 3824 1282 οὐδὲ

2307 1323 2367 1373 τὺ
2397 1321 2562 1392 ὄνομα
2593 1322 2775 1390 σχεδὸν
2801 1321 3059 1391 πράτερον
3087 1321 3363 1389 ἀκηκοώς·
3395 1322 3485 1374 καὶ
3508 1322 3658 1391 ὅμως
3690 1320 3826 1373 εὐθύ-

2311 1430 2424 1480 μως
2457 1413 2549 1464 καὶ
2579 1413 2862 1483 ἀταράχως
2893 1413 3104 1482 ἀπῄειν.
3153 1412 3302 1464 Ἐπεὶ
3329 1412 3384 1464 δὲ
3419 1409 3825 1482 μετασκηνώσειυ

2306 1506 2386 1566 είς
2415 1504 2482 1556 τὰ
2519 1504 2910 1567 Κολλουθίωνος
2939 1505 3045 1574 (57)
3095 1505 3375 1574 ἀπηγγέλη
3425 1521 3538 1573 μοι,
3580 1503 3745 1556 τσασιν
3784 1503 3826 1553 oi

2306 1596 2566 1663 παρόντες
2597 1595 2742 1656 ὅπως
2774 1592 3038 1664 διετέθην·
3076 1594 3304 1646 ἐνταῦθα
3330 1594 3436 1662 γὰρ
3458 1593 3686 1663 ἐμαυτοῦ
3717 1608 3826 1644 κατε

2306 1687 2577 1757 ηγορήσω.
2624 1686 2696 1738 Τὸ
2737 1686 2834 1756 μὲν
2884 1685 3093 1756 πρῶτον
3136 1685 3400 1756 ἠχθέσθην
3439 1686 3533 1737 καὶ
3567 1684 3684 1736 λίαν
3721 1685 3826 1752 ἐχα-

2306 1776 2540 1846 λέπηναο
2577 1777 2670 1828 καὶ
2700 1777 2806 1847 γὰρ
2839 1778 2890 1828 εί
2924 1776 3324 1847 γνωριμώτεροι
3355 1775 3450 1827 καὶ
3476 1775 3825 1845 συνηθέστεροι

661 1865 873 1933 Cepbro
910 1866 1140 1934 primum
1173 1864 1323 1916 abire
1342 1861 1527 1928 jussus
1555 1875 1693 1925 sum,
1745 1861 1953 1914 tametsi
1987 1861 2192 1914 ubinam

2303 1866 2592 1936 ἐτύγχανον
2633 1871 2763 1938 ἡμῖν
2798 1869 2847 1919 οἱ
2873 1867 3044 1930 τόποι,
3085 1866 3195 1918 ἀλλ’
3238 1865 3440 1935 ἔρημον
3484 1866 3581 1935 μὲν
3609 1863 3826 1932 ἀδελφῶν

661 1957 810 2010 locus
837 1956 924 2012 ille
949 1957 1085 2008 situs
1121 1962 1285 2014 esset,
1308 1952 1639 2020 ignorabam,
1669 1953 1864 2020 quippe
1889 1952 1981 2020 qui
2016 1966 2081 2004 ne
2107 1966 2201 2005 no-

663 2063 784 2101 men
815 2046 1030 2114 quidem
1068 2044 1211 2097 illius
1253 2051 1408 2097 antea
1456 2042 1569 2097 fere
1602 2045 1962 2108 audivissem;
2001 2042 2199 2095 nihilo-

600 2176 606 2183 .
662 2139 842 2190 minus
871 2135 1035 2189 alacri
1065 2132 1436 2200 constantique
1471 2133 1649 2186 animo
1691 2132 1929 2201 perrexi.
1981 2131 2200 2184 Postea-

662 2242 823 2295 quam
859 2241 990 2279 vero
1026 2224 1153 2277 mihi
1182 2224 1546 2278 renuntiatum
1591 2231 1672 2277 est
1701 2232 1757 2276 ut
1805 2225 1871 2276 ad
1908 2222 2200 2276 Collutbio-

661 2320 745 2372 nis
779 2319 1050 2387 regionem
1080 2319 1384 2384 migrarem,
1418 2325 1615 2368 norunt
1651 2316 1685 2368 ii
1709 2300 1798 2382 qui
1835 2323 1942 2367 tum
1970 2328 2198 2381 prasen-

661 2417 740 2461 tes
761 2407 983 2460 aderant
1009 2407 1274 2474 quomodo
1326 2405 1546 2460 allectus
1595 2406 1772 2458 animo
1827 2406 2041 2459 luerim.
2101 2404 2198 2458 llic

659 2499 800 2550 enim
841 2497 1204 2565 memetipsum
1223 2497 1506 2551 accusabo.
1536 2497 1803 2565 Principio
1821 2497 2036 2564 quidem
2055 2511 2197 2564 aegre

655 2588 941 2642 admodum
971 2603 1034 2641 ac
1061 2588 1282 2640 moleste
1316 2587 1434 2641 tuli.
1478 2587 1588 2640 Etsi
1617 2587 1764 2640 enim
1791 2587 1938 2656 regio
1971 2587 2057 2639 illa
2101 2602 2197 2640 no-

541 2669 557 2684 ’
657 2681 763 2734 tior
788 2682 938 2734 nobis
965 2680 1243 2748 magisque
1288 2677 1570 2730 familiaris
1599 2686 1718 2730 erat
1759 2692 1918 2746 quam
1961 2676 2194 2745 Cephro,

657 2781 830 2824 tamen
865 2769 1122 2823 fratribus
1148 2783 1209 2822 ac
1233 2769 1413 2837 probis
1453 2769 1584 2822 viris
1634 2783 1836 2823 vacuus
1874 2782 1993 2821 esse
2046 2767 2194 2821 locus

657 2861 957 2922 dicebatur,
983 2868 1036 2912 et
1073 2859 1336 2915 viatorum
1372 2857 1544 2917 turbis
1593 2857 1974 2926 latronumque
2012 2857 2192 2909 incur-

654 2947 898 3003 sionibus
919 2947 1202 3001 obnoxius.
1236 2943 1339 2998 Sed
1374 2943 1594 2996 multum
1642 2945 1770 2998 mihi
1812 2940 2193 2998 consolationis

653 3037 855 3099 attulit,
882 3037 1021 3105 quod
1054 3005 1245 3088 l'ratrc’s
1272 3050 1357 3088 me
1387 3037 1795 3107 admonuerunt,
1829 3036 2003 3088 locum
2042 3032 2188 3085 illum

653 3147 684 3182 a
708 3130 925 3184 civitate
958 3129 1173 3197 propius
1204 3129 1411 3181 abesse.
1463 3126 1646 3191 Itaque
1692 3126 1936 3193 quamvis
1975 3121 2187 3223 Cephro
2215 3167 2256 3223 ο

653 3221 938 3272 maximam
969 3219 1122 3273 nobis
1162 3218 1550 3275 multitudinem
1581 3221 1804 3272 fratrum
1850 3230 1917 3268 ex
1955 3212 2188 3282 ἐπι)ιο

651 3307 1024 3362 conﬂuentium
1055 3310 1380 3374 adduxisset,
1413 3310 1548 3364 adeo
1592 3318 1652 3361 ut
1681 3307 1857 3359 laxius
1904 3306 2014 3374 jam
2062 3317 2190 3356 cou—

650 3409 841 3452 veutus
863 3414 1020 3466 agere
1049 3413 1326 3467 possemus
1353 3417 1366 3451 :
1404 3398 1512 3450 illic
1542 3404 1716 3448 tamen
1749 3398 1818 3450 ob
1861 3394 2190 3448 vicinitatem

651 3489 823 3554 urbis,
846 3488 1287 3542 charissimorum
1313 3496 1369 3540 et
1418 3485 1972 3552 conjunctissimorum
2013 3480 2189 3536 homi-

651 3591 777 3629 num
805 3588 1022 3644 aspectu
1052 3576 1290 3629 crebrius
1320 3589 1416 3629 nos
1458 3576 1673 3630 aiebant
1697 3589 1816 3628 esse
1861 3574 2023 3644 260
2052 3575 2186 3628 frui~

631 3689 639 3694 ”
723 3688 833 3758 (37)
863 3688 964 3759 _Td
1027 3689 1486 3754 Κολλουθιωνος.
1551 3689 1908 3759 Supplendum
1975 3690 2185 3744 videtur

651 3762 816 3876 ἕέρη.
856 3757 946 3809 Sic
981 3773 1136 3824 supra
1183 3760 1313 3838 dixit
1345 3757 1896 3841 υἰοιιγςίιιετάμέρη
1936 3763 2038 3828 τῆς
2087 3763 2182 3814 Λι-

689 3845 803 3876 υτις.
836 3827 960 3876 Erat
984 3837 1158 3876 autem
1181 3829 1264 3876 hic
1292 3828 1435 3876 locus
1463 3845 1511 3876 III
1538 3829 1816 3876 Mareotica
1845 3829 2179 3876 praefectura-

689 3827 803 3896 ύης.
836 3827 960 3878 Erat
984 3837 1158 3877 autem
1181 3829 1264 3879 hic
1292 3828 1435 3880 locus
1463 3827 1511 3880 in
1538 3827 1816 3882 Mareotica
1831 3827 2180 3895 'prmfectura.

653 3895 944 3969 Sicetiam
993 3897 1059 3948 τὰ
1112 3896 1360 3969 βουκόλου
1408 3908 1627 3969 Διιέιιειιιδ
1683 3898 1900 3963 quidam
1963 3897 2179 3969 Egypti

652 3965 948 4035 dicebatur,
991 3982 1019 4018 a
1070 3967 1279 4019 nomine
1325 3966 1527 4020 scilicet
1585 3968 1920 4019 dmniuorum
1979 3965 2181 4035 qu_i"ea

652 4033 782 4107 loca
811 4035 934 4107 olim
986 4037 1348 4107 possederant.
1395 4037 1544 4102 Apud
1587 4036 1939 4107 Nicephpruin
1986 4033 2184 4091 Κολου-

652 4101 780 4157 θίων
816 4104 898 4157 hic
923 4101 1068 4157 locus
1107 4106 1299 4156 dicitur
1324 4101 1978 4174 cuiusjmpliciila'mlnla;
2023 4124 2180 4174 quam

648 4175 963 4240 scripturam
996 4175 1271 4226 rectiorein
1295 4183 1438 4238 puto.
1465 4172 1595 4223 Nam
1629 4174 1963 4225 Κολλουθίων
1989 4172 2179 4228 nomen

650 4250 732 4291 est
762 4239 1031 4311 deflexum
1071 4258 1099 4292 a
1135 4242 1380 4311 colutho,
1421 4243 1507 4304 qui
1552 4257 1742 4294 nomen
1790 4243 1886 4293 fuit
1930 4244 2179 4311 frequens

652 4311 790 4378 apud
829 4310 1122 4378 Egyptios.
1163 4310 1318 4363 Certe
1352 4314 1421 4361 ita
1462 4311 1635 4378 dictus
1669 4322 1751 4362 est
1780 4320 1929 4375 poeta
1961 4310 2176 4378 quidam

650 4377 874 4446 celebris
931 4377 1255 4446 temporibus
1296 4377 1596 4446 Anaslaisii,
1639 4379 1895 4430 oriundus
1936 4377 2002 4430 ex
2045 4379 2182 4432 The-

649 4445 824 4506 baide,
871 4457 930 4498 ut
978 4444 1200 4500 testatur
1233 4449 1441 4502 Suidas.
1489 4444 1610 4497 Fuit
1658 4455 1712 4497 et
1759 4447 1895 4497 alter
1927 4447 2182 4500 Colutbus

649 4513 1025 4584 Schismaticum
1049 4516 1098 4565 in
1123 4517 1353 4584 Egypto
1385 4515 1706 4580 temporibus
1737 4517 1912 4581 magni
1951 4518 2182 4567 Anasta-

648 4581 712 4632 sii
734 4619 749 4640 ,
771 4582 944 4650 rcujns
984 4585 1169 4635 crebra
1199 4581 1479 4636 lii—mentio
1512 4586 1560 4634 in
1595 4585 1709 4650 ejus
1740 4585 2010 4649 Apologia.
2051 4583 2180 4636 Eum

650 4649 957 4722 Ambit/rum
1009 4663 1160 4722 vomit
1211 4653 1497 4722 Gregorius
1561 4649 1830 4722 Nys‘seuus
1879 4655 1930 4704 iu
1994 4653 2087 4706 lib.
2128 4669 2181 4706 XI

647 4729 824 4768 contra
858 4719 1184 4772 Ennomium.

718 4785 827 4854 (58)
869 4786 1264 4854 Καταδρομαῖς
1283 4788 1636 4858 ἐγκείμενον.
1663 4791 2010 4844 Scribendum
2053 4801 2182 4857 puto

649 4856 977 4904 ἐκκείμενον.

679 4872 977 4925 κκειμενον.

719 4924 830 4998 (597)
867 4925 1024 4998 Κατὰ
1047 4924 1288 4991 μέρος-σο
1313 4932 1660 4998 συναγωγαί.
1689 4930 1906 4995 Quoties
1928 4929 2181 4981 snburbia

648 4994 804 5072 paulo
836 4996 1120 5072 remotiora
1147 5005 1298 5046 erant
1343 4997 1408 5072 ab
1450 4994 1595 5063 urbe,
1629 5001 1667 5072 ii;
1695 4994 1795 5072 qui
1823 5001 1881 5072 iu_
1911 4998 2180 5072 suburbiis

648 5063 751 5112 illis
784 5065 1085 5123 manebant,
1112 5077 1212 5136 n_on
1247 5066 1570 5136 cogebantur
1607 5070 1669 5119 ad
1698 5063 1914 5136 majoris
1938 5067 2181 5119 ecclesia:

649 5143 938 5202 conventus
983 5133 1272 5194 accedere,
1315 5134 1403 5184 sed
1456 5135 1603 5188 ineo
1635 5133 1889 5189 suburbio
1952 5136 2181 5202 particu-

651 5199 787 5270 lares
834 5203 1028 5253 liebant
1075 5211 1368 5257 conventus
1404 5201 1452 5253 in
1505 5204 1678 5270 aliqua
1711 5199 1966 5266 basilica,
1994 5216 2086 5256 aut
2125 5205 2174 5256 in

649 5266 764 5342 loco
805 5271 869 5320 ad
914 5273 1012 5342 hoc
1055 5272 1316 5342 agendum
1356 5270 1560 5323 idoneo.
1596 5266 1651 5324 ld
1700 5289 1764 5326 ex
1798 5277 1899 5327 hoc
1941 5274 2177 5342 Dionysii

651 5336 765 5406 loro
812 5336 1403 5404 nianireste'colligitur.
1448 5354 1602 5406 quem
1649 5356 1743 5394 nec
1779 5343 2045 5396 Musculus
2076 5336 2177 5395 nec

649 5405 1159 5470 ()hristophorsonus
1189 5405 1576 5471 intellexerunt,
1605 5411 1694 5460 sed
1735 5414 1910 5464 omnia
1957 5415 2180 5464 miscue-

650 5481 790 5535 runt,
825 5477 957 5528 adeo
995 5488 1050 5528 ut
1094 5492 1155 5529 ex
1188 5492 1372 5529 eorum
1421 5478 1856 5542 interpretatione
1893 5480 2022 5532 nihil
2058 5482 2174 5532 sani

647 5543 816 5605 possis
854 5543 1063 5598 elicere.
1110 5547 1274 5600 Porro
1305 5563 1345 5596 π

650 5607 815 5683 solum
841 5614 1110 5683 suburbia,
1137 5631 1254 5683 qua:
1283 5607 1396 5667 urbi
1424 5615 1701 5682 conjuncta
1728 5627 1868 5677 sunt,
1894 5619 1984 5670 Sed
2013 5619 2174 5670 etiam

647 5681 793 5750 reos
833 5681 961 5750 satis
1008 5681 1168 5750 longo
1210 5684 1483 5737 intervallo
1525 5681 1591 5735 ab
1639 5685 1768 5737 urbe
1815 5687 2050 5738 dissitos.
2087 5689 2174 5738 Sic

646 5741 893 5812 Canopus
923 5741 1233 5807 duodecimo
1265 5754 1435 5820 lapide
1470 5754 1668 5809 distans
1695 5756 1758 5807 ab
1790 5755 1922 5809 urbe
1950 5757 2172 5808 Alexan-

1448 5562 1597 5596 στεια
1634 5545 1810 5600 61³ωεί
1851 5550 2034 5601 dicunt
2072 5565 2175 5601 nou

2302 1957 2394 2008 καὶ
2431 1958 2728 2030 σπουδαίων
2757 1955 3054 2027 ἀνθρώπων
3082 1955 3312 2024 ἔφασκον
3345 1950 3483 2006 εἶναι
3520 1953 3582 2006 τὸ
3631 1953 3824 2022 χωρίον,

2299 2049 2416 2108 ταῖς
2460 2048 2518 2098 δὲ
2547 2047 2657 2101 τῶν
2701 2047 3114 2116 ὁδοιπορούντων
3153 2044 3462 2115 ἐνοχλήσεσι
3509 2042 3603 2095 καὶ
3642 2041 3827 2112 λῃστῶν

2299 2137 2661 2208 καταδρομαῖς
2709 2138 3021 2207 ἐγκείμενον
3061 2136 3192 2206 (58).
3240 2137 3466 2204 Ἔτυχον
3503 2133 3561 2185 δὲ
3606 2132 3824 2201 παραθυ-

2301 2229 2449 2300 μίας,
2496 2228 2918 2296 ὑπομνησάντων
2965 2243 3030 2295 με
3066 2226 3173 2278 τῶν
3204 2225 3445 2293 ἀδελφῶν
3464 2265 3480 2288 ,
3518 2224 3600 2276 ὅτι
3643 2223 3826 2290 γειτνιᾷ

2301 2318 2499 2388 μᾶλλον
2534 2319 2602 2387 τῇ
2644 2313 2816 2370 πόλει.
2864 2316 2972 2367 Καὶ
3012 2317 3046 2384 ἡ
3082 2317 3179 2385 μὲν
3217 2309 3449 2384 Κέφρὼν
3491 2313 3687 2382 πολλὴν
3714 2313 3826 2382 ἡμῖν

2294 2405 2427 2478 ἦγεν
2468 2405 2707 2474 ἀδελφῶν
2747 2405 2854 2457 τῶν
2893 2388 2986 2457 ἀπ’
3024 2404 3294 2472 Αἰγύπτου
3325 2404 3422 2474 τὴν
3455 2402 3725 2473 ἐπιμιξίαν
3762 2401 3825 2464 ὡς

2296 2497 2624 2568 πλατύτερον
2671 2495 3043 2564 ἐκκλησιάζειν
3092 2494 3344 2548 δύνασθαι
3369 2512 3382 2522 ·
3440 2495 3557 2545 ἐκεῖ
3599 2493 3655 2545 δὲ
3706 2491 3825 2560 πλη-

2297 2588 2562 2659 σιαίτερον
2599 2586 2762 2656 οὔσης
2802 2586 2902 2655 τῆς
2932 2585 3154 2648 πόλεως,
3203 2585 3585 2662 συνεχέστερον
3613 2584 3710 2652 τῆς
3733 2583 3826 2635 τῶν

2293 2681 2458 2744 ὅντως
2513 2677 2809 2747 ἀγαπητῶν
2863 2679 2956 2730 καὶ
3017 2677 3356 2730 οἰκειοτάτων
3416 2677 3512 2729 καὶ
3579 2676 3830 2744 φιλτάτων

2293 2770 2464 2838 ὄψεως
2507 2753 2900 2839 ἀπολαύσομεν.
2958 2765 3258 2835 Ἀφίξονται
3302 2766 3409 2836 γὰρ
3462 2767 3554 2817 καὶ
3602 2763 3826 2818 ἀναπαύ-

2294 2877 2493 2923 σονται,
2539 2859 2634 2912 καὶ
2681 2859 2757 2920 ὡς
2796 2861 2854 2910 ἐν
2910 2858 3242 2928 προαστείοις
3292 2856 3621 2928 πορρωτέρω
3661 2852 3828 2922 κειμέ-

2291 2969 2421 3015 νοις,
2479 2950 2619 3003 κατά
2701 2950 2859 3020 μέρος
2911 2948 3117 3001 ἔσονται
3173 2946 3478 3015 συναγωγαί
3551 2945 3681 3013 (59).
3733 2942 3828 2994 Καὶ

2289 3042 2458 3104 οὕτως
2529 3042 2758 3108 ἐγένετο.
2841 3021 2894 3091 ι¹
2935 3039 3045 3092 Καὶ
3118 3038 3234 3108 μεθ’
3301 3038 3490 3106 ἔτερα,
3555 3035 3681 3105 περὶ
3733 3033 3827 3084 τῶν

2292 3131 2702 3203 συμϐεϐηκότων
2751 3129 2899 3198 αὐτῷ
2943 3125 3096 3192 αὖθις
3143 3127 3313 3181 ταῦτα
3356 3128 3584 3198 γράφει·
3644 3145 3664 3176 ι
3715 3123 3826 3176 Πολι

2286 3223 2405 3284 λαῖς
2469 3239 2533 3289 γε
2585 3224 2704 3282 ταῖς
2778 3218 3082 3289 ὁμολογίαις
3140 3217 3249 3287 (40)
3312 3217 3602 3291 Γερμανὸς¹
3648 3214 3826 3286 σεμνύ-

2287 3327 2454 3362 νεται.
2491 3307 2669 3359 Πολλά
2698 3323 2762 3374 γε
2800 3308 2973 3358 εἰπεῖν
3005 3305 3115 3375 ἔχει
3164 3306 3284 3363 καθ’
3321 3305 3512 3358 ἐαυτοῦ
3557 3306 3822 3375 γενόμενα.

2292 3402 2460 3461 Ὅσας
2505 3399 2803 3467 ἀριθμῆσαι
2850 3396 3073 3448 δύναται
3128 3397 3254 3466 περὶ
3303 3395 3459 3466 ἡμῶν
3511 3396 3822 3464 ἀποφάσεις,

2288 3488 2594 3558 δημεύσεις,
2629 3486 2966 3557 προγραφὰς,
3000 3487 3345 3557 ὑπαρχόντων
3379 3485 3650 3554 ἁρπαγὰς,
3677 3483 3821 3549 ἀξιω-

2297 3581 2478 3650 μάτων
2525 3578 2806 3640 ἀποθέσεις
2839 3577 2970 3648 (M),
3015 3577 3168 3646 δόξης
3217 3576 3483 3647 κοσμικῆς
3527 3575 3821 3646 ὀλιγωρίας,

2287 3695 2439 3759 dria,
2487 3693 2803 3765 προάστειον
2855 3695 3056 3765 dicitur
3099 3694 3166 3747 ab
3211 3693 3501 3765 Athanasio
3535 3694 3605 3765 ju
3660 3691 3822 3765 libello

2287 3780 2446 3828 quem
2515 3760 2703 3817 obtulit
2750 3765 2974 3817 concilio
3027 3763 3476 3817 Clialcedonensi.
3531 3760 3623 3815 Sic
3671 3761 3819 3828 etiam

2294 3827 2527 3898 Daphne,
2571 3835 2932 3886 suburbanum
2980 3833 3292 3895 Antiochize,
3327 3832 3608 3900 Achyrona
3667 3827 3820 3881 Nico-

2289 3897 2493 3964 mediae,
2514 3897 2584 3956 et
2616 3905 2907 3969 Septimum
2941 3903 3132 3955 dicitur
3161 3897 3525 3969 suburbanum
3567 3897 3816 3969 constan-

2287 3973 2562 4035 tinopolis,
2617 3966 2737 4024 licet
2785 3972 2982 4037 aliquot
3025 3985 3276 4036 passuum
3309 3968 3541 4037 millibus
3583 3966 3820 4037 abessent

2286 4043 2353 4091 ah
2384 4029 2486 4092 illis
2524 4029 2852 4092 civitatibus.
2876 4029 3371 4091 Vide-Glossarium
3402 4033 3596 4086 Pithmi
3630 4033 3680 4082 in
3719 4029 3820 4081 No-

2284 4110 2441 4161 vella:
2478 4109 2679 4160 Iuliani
2728 4108 3096 4166 Aiiteceuoris,
3147 4117 3276 4157 voce
3315 4102 3634 4153 l’roastium.
3665 4099 3820 4153 Porro

2284 4194 2348 4229 ex
2389 4179 2490 4230 hoc
2535 4179 2650 4229 loco
2687 4175 2947 4240 colligitur
2978 4184 3136 4225 aetate
3179 4173 3390 4240 quidem
3442 4169 3673 4239 Dionysii
3708 4169 3818 4221 uni-

2286 4261 2402 4297 cam
2435 4247 2608 4297 adhuc
2657 4239 2832 4295 fuisse
2864 4239 3524 4300 Alexandriaz’ecclesiam.
3569 4240 3620 4291 in
3663 4253 3814 4306 quam

2286 4329 2475 4366 omnes
2525 4314 2670 4365 urbis
2724 4312 2863 4364 illius
2916 4311 3096 4364 ﬁdeles
3131 4310 3394 4363 orationis
3435 4324 3591 4362 causa
3630 4321 3816 4361 conre-

2288 4383 2527 4434 niehanl.
2575 4381 2912 4433 Postmodum
2960 4394 3088 4432 vero
3147 4380 3473 4446 temporibus
3512 4375 3814 4446 Athanasii‘,

2287 4465 2407 4501 cum
2464 4450 2640 4515 plures
2697 4459 2877 4500 essent
2929 4448 3164 4502 ecclesiae
3210 4445 3513 4501 ardiversis
3567 4445 3817 4513 episcopis

2287 4518 2617 4569 Alexandriae
2662 4518 2950 4576 aediﬁcatae,
2999 4515 3523 4572 cives‘Alexandrini
3586 4527 3813 4565 seorsum

2286 4587 2341 4636 in
2375 4587 2599 4638 diversis
2639 4586 2877 4639 ecclesiis
2918 4586 3324 4654 colligebantur,
3353 4584 3493 4636 κατὰ
3533 4581 3690 4703 μέὶος
3729 4581 3814 4633 καὶ

2286 4654 2659 4703 διτιοτιιιένωε.
2707 4665 2764 4703 ιιι
2815 4656 3044 4703 lonuitnr
3106 4657 3426 4703 Athanasius
3473 4654 3524 4703 in
3621 4650 3813 4703 uoloaia

2282 4654 2659 4724 διῃρημένως,
2707 4665 2764 4706 ιιι
2815 4650 3067 4721 Ιοιιιιίιιιι·⁷
3106 4657 3438 4724 Athanasius
3473 4654 3524 4705 in
3573 4650 3813 4724 Apologia

2282 4720 2458 4788 prima
2507 4727 2570 4774 ad
2627 4720 3027 4788 Constantium,
3077 4726 3176 4777 nisi
3230 4723 3368 4790 quod
3428 4721 3480 4772 in
3531 4720 3809 4790 majoribus

2282 4793 2466 4855 festis,
2508 4793 2720 4846 Pascha;
2767 4795 2968 4847 scilicet
3012 4801 3104 4846 aut
3142 4788 3519 4850 Pentecosles,
3564 4803 3664 4840 non
3720 4788 3807 4840 lie-

2280 4862 2411 4914 bant
2440 4865 2786 4929 particulares
2812 4873 3117 4923 conventus,
3160 4861 3252 4913 sed
3286 4859 3518 4929 universi
3554 4858 3603 4909 in
3651 4858 3812 4922 majo-

2283 4946 2391 4981 rem
2433 4927 2710 4985 ecclesiam
2756 4934 3177 4993 cOuVeniebaut,
3231 4937 3290 4980 ut
3340 4927 3539 4980 ibidem
3596 4936 3812 4980 testatur

2277 5001 2617 5053 Athanasius.

2347 5069 2457 5135 (40)
2497 5070 2756 5135 Πολλοῖς
2797 5087 2862 5139 τε
2899 5068 3024 5132 ταῖς
3066 5066 3418 5139 ὁμοᾷοτίαις.
3466 5065 3588 5139 [lac
3637 5075 3702 5139 et
3730 5080 3810 5139 se-

2277 5143 2494 5202 quentia
2546 5141 2744 5192 irouice
2791 5136 3037 5191 dicuntur
3068 5151 3098 5187 a
3143 5137 3411 5204 Dionysio.
3457 5136 3584 5201 Qua:
3627 5136 3806 5188 deinde

2277 5217 2588 5275 sequuntur.
2628 5211 2705 5261 sic
2740 5209 2852 5275 lego
2878 5216 2931 5259 et
2964 5207 3274 5275 interpungo
3300 5219 3315 5256 :
3351 5205 3525 5275 Πολλά
3552 5222 3613 5271 γε
3643 5205 3807 5275 εἰπεῖν

2277 5272 2389 5346 ἔχει
2431 5275 2550 5346 acan
2578 5276 2768 5328 ἑαυτοῦ
2793 5272 3098 5346 ’γενόμενα,
3128 5272 3230 5346 ὅσα
3275 5273 3568 5346 ἀριθμῆσαι
3598 5273 3805 5346 δύναται

2276 5343 2402 5411 περὶ
2438 5344 2607 5412 ἡμῶν.
2647 5347 2804 5398 Certe
2834 5347 2883 5395 in
2910 5344 3267 5395 vetustissimo
3307 5343 3487 5397 codice
3519 5343 3802 5402 Mazarino,

2277 5422 2392 5475 post
2421 5429 2599 5483 vocem
2632 5413 2786 5483 ἡμῶν
2821 5413 3058 5483 apposita
3100 5422 3182 5464 est
3226 5413 3449 5483 virgula,
3477 5425 3531 5467 et
3567 5422 3706 5483 ante_
3720 5423 3803 5483 vo-

2275 5493 2389 5530 cem
2415 5482 2540 5543 ὅσας
2577 5476 2788 5548 ponitur
2830 5476 3219 5533 subdistinctio.
3249 5476 3428 5534 Codex
3466 5493 3644 5535 autem
3671 5476 3796 5531 Fuk.

2274 5554 2628 5603 emendationi
2665 5560 2857 5602 nostrae
2890 5549 3045 5614 plane
3072 5551 3380 5603 subscribit.

2344 5616 2453 5684 (41)
2503 5611 3241 5686 Ἀξιωμάτωναποθέσεις.
3305 5618 3437 5672 Hinc
3488 5626 3634 5685 patet
3683 5611 3802 5664 Dio-

2275 5687 2482 5751 nysium
2551 5687 2966 5739 Alexandrinum
3029 5688 3304 5753 splendido
3374 5701 3573 5750 genere
3635 5690 3798 5753 ortum

2273 5750 2454 5812 fuisse.
2485 5755 2614 5811 Nam
2650 5756 2875 5825 dignitas
2900 5771 2960 5810 ex
3001 5750 3209 5825 generis
3238 5756 3516 5812 nobilitate
3544 5750 3802 5821 praecipue
