3938 6344
626 215 729 270 6'79

1315 211 1578 268 EUSEBII
1610 207 2077 266 Cz’ESARlENSlS
2113 206 2261 262 OPP.
2302 205 2479 260 PARS
2515 207 2556 263 l.
2597 235 2665 246 —-
2703 205 3088 261 HISTORICA.

3708 213 3803 265 σευ

625 335 693 388 ad
733 332 893 402 pedes
915 330 1064 384 Panii
1104 331 1320 392 montis,
1351 330 1527 382 fontes
1558 331 1826 391 visuntur,
1865 342 1926 380 ex
1971 326 2159 395 quibus

2268 325 2486 390 σι,φασὶ
2516 325 2666 395 παρὰ
2694 328 2809 387 ταῖς
2839 322 3022 375 αὐτόθι
3039 322 3501 392 δεικνυμέναιςὲν
3531 331 3645 390 ταῖς
3676 329 3802 382 ὀπω-

625 422 836 491 proﬂnit
859 420 1123 474 Jordanis.
1152 421 1207 472 In
1237 421 1332 472 hos
1363 418 1497 472 festo
1519 418 1749 485 quodam
1775 418 1859 469 die
1889 416 2164 468 victimam

625 512 814 578 conjici
848 511 1058 565 solitam
1110 523 1230 561 esse
1273 509 1440 572 aiunt,
1486 522 1607 574 quae
1658 505 1886 557 mirabili
1936 504 2164 572 quadam

625 603 880 656 daemonis
906 600 1216 668 operatione
1258 613 1516 665 nusquam
1567 595 1747 664 pbstea
1781 605 2119 662 compareret
2149 610 2163 648 :

623 707 847 759 eamque
885 705 996 747 rem
1029 705 1056 740 a
1109 688 1475 754 spectantibus
1523 701 1620 754 pro
1667 685 1857 738 illustri
1905 684 2167 737 miraculo

624 779 809 834 haberi
863 777 1222 832 consuevisse.
1273 776 1511 841 Quodam
1554 776 1715 844 igitur
1761 785 1999 842 tempore
2043 788 2164 825 etim

621 869 871 922 Asturius
898 869 981 920 his
999 867 1137 919 forte
1155 867 1488 920 caeremoniis
1513 867 1816 927 interesset,
1834 874 2166 930 cunctosque

622 958 972 1010 admiratione
1024 957 1096 1008 rei
1133 956 1403 1023 perculsos
1435 956 1659 1018 videret,
1689 956 1916 1021 primum
1950 953 2163 1021 quide

621 1053 914 1107 caecitatem
942 1050 1080 1116 vulgi
1105 1049 1392 1100 miseratus
1420 1059 1521 1099 est.
1543 1047 1746 1100 Deinde
1779 1047 1950 1098 oculis
1979 1047 2028 1096 in
2055 1059 2164 1096 ca:-

621 1143 729 1195 lum
762 1141 1004 1204 sublatis,
1035 1153 1343 1208 supremum
1387 1139 1631 1191 omnium
1657 1137 1823 1189 Deum
1857 1150 1950 1201 per
1984 1135 2163 1187 .lesum

614 1232 889 1286 Christum
920 1233 1216 1284 obtestatus
1243 1242 1346 1292 est,
1375 1240 1433 1282 ut
1463 1230 1759 1281 daemonem
1811 1226 1957 1277 illum
1987 1224 2164 1292 p0puli

619 1325 952 1374 seductorem
983 1322 1382 1389 constringeret
1407 1359 1421 1383 ,
1449 1327 1503 1371 et
1531 1332 1560 1369 a
1593 1315 1916 1382 decipiendis
1945 1315 2166 1381 posthac

619 1412 932 1465 mortalibus
967 1412 1244 1464 abstinere
1282 1425 1402 1464 eum
1441 1409 1676 1476 juberet.
1719 1405 1942 1458 Peracta
1975 1419 2164 1471 preca-

617 1503 782 1565 tione,
803 1511 1018 1568 repente
1039 1501 1309 1552 victimam
1330 1499 1568 1551 fontibus
1590 1505 1970 1564 supernatasse
1993 1496 2160 1559 aiunt;

614 1600 776 1659 atque
806 1591 877 1642 ita
899 1590 1211 1643 miraculum
1245 1589 1374 1656 ipsis
1396 1602 1614 1655 prorsus
1643 1587 1999 1653 intercidisse,
2021 1585 2164 1640 nullo

615 1682 1034 1749 deinceps_circa
1056 1679 1194 1731 hunc
1223 1678 1395 1730 locum
1430 1676 1674 1744 prodigio
1703 1677 1837 1729 viso.

864 1762 871 1770 ‘
1068 1768 1225 1839 265
1262 1767 1485 1822 CAPUT
1518 1768 1697 1820 xvui.

617 1860 689 1913 De
722 1871 896 1913 statua
917 1878 1073 1929 quam
1106 1861 1291 1912 mulier
1318 1861 1588 1938 sanguinis
1610 1861 1758 1928 ﬂuxu
1789 1857 2038 1912 laborans
2066 1875 2161 1926 po-

1330 1941 1454 1982 δηιι.

696 2019 800 2073 Sed
843 2020 1272 2087 quiandoquidem
1329 2019 1486 2085 hujus
1528 2017 1676 2072 urbis
1719 2019 2036 2073 mentionem
2090 2018 2165 2072 fe-

616 2115 817 2174 cimus,
857 2127 958 2163 non
993 2111 1343 2176 incongruum
1393 2109 1552 2160 fuerit
1588 2122 1700 2160 rem
1731 2112 2018 2175 quamdam
2041 2097 2162 2161 'me-

616 2203 787 2257 moria
835 2202 1096 2269 imprimis
1138 2199 1353 2268 dignam
1401 2199 1632 2266 posteris
1674 2201 1911 2250 tradere.
1954 2197 2161 2250 Etenim

614 2294 892 2348 mulierem
940 2291 1082 2343 illam
1135 2289 1413 2357 sanguinis
1474 2289 1734 2354 proﬂuvio
1793 2287 2161 2349 laborantem,

612 2399 774 2451 quam
821 2397 887 2436 ex
934 2381 1103 2434 sacris
1161 2379 1464 2446 Evangeliis
1519 2378 1772 2429 discimus
1808 2390 1837 2427 a
1878 2375 2164 2428 Servatore

613 2484 799 2527 nostro
856 2483 1098 2525 curatam
1152 2469 1339 2533 fuisse,
1387 2480 1452 2518 ex
1500 2467 1599 2519 hac
1640 2467 1857 2519 civitate
1903 2465 2162 2531 originem

615 2565 844 2617 traxisse
888 2561 1087 2623 ferunt,
1144 2561 1467 2627 domumque
1505 2558 1620 2625 ejus
1655 2557 1850 2610 ibidem
1890 2556 2160 2623 conspici;

614 2663 671 2707 et
714 2650 897 2706 collati
934 2653 986 2704 in
1033 2666 1148 2704 eam
1187 2665 1217 2703 a
1259 2649 1542 2702 Servatore
1587 2655 1770 2702 nostro
1820 2647 2066 2701 beneﬁcii
2103 2647 2165 2700 il-

613 2744 804 2798 lustria
839 2754 1054 2798 exstare
1096 2752 1462 2795 monumenta.
1505 2739 1709 2808 Quippe
1752 2739 1903 2808 juxta
1943 2740 2164 2807 januam

613 2839 805 2892 domus
850 2836 1025 2898 illius,
1069 2851 1215 2890 aenea
1259 2835 1499 2888 mulieris
1545 2832 1743 2899 eﬂigies
1790 2843 1936 2887 stare
1967 2831 2164 2886 dicitur

3740 417 3765 438 τ

2272 418 2441 487 ρείαις
2484 417 2575 468 τοῦ
2617 417 2944 485 καλουμένου
2981 415 3172 467 Πανίου
3208 417 3362 485 ὅρους
3407 424 3622 486 πηγαῖς,
3654 424 3705 486 ἐξ
3731 417 3802 477 ὧν

2268 508 2360 560 καὶ
2391 509 2481 559 τὸν
2505 508 2769 578 Ἰορδάνην
2795 507 3127 576 προχεῖσθαι,
3161 508 3298 560 κατά
3321 525 3438 560 τινα
3470 512 3653 580 ἑορτῆς
3677 516 3790 583 ἡμέ.

2269 613 2367 666 ραν
2423 598 2645 665 σφάγιόν
2687 616 2739 650 τι
2769 596 3193 650 καταϐάλλεσθαι
3228 598 3368 667 (59)°
3425 601 3694 654 καὶτοῦτο
3737 609 3796 675 τῇ

2265 685 2358 737 τοῦ
2395 687 2641 756 δαίμονος
2681 688 2899 756 δυνάμει
2946 688 3145 755 ἀφανὲς
3189 686 3429 755 γίνεσθαι
3478 693 3796 760 παραδόξως,

2266 776 2449 846 θαῦμά
2487 795 2544 829 τε
2583 775 2718 829 εἶναι
2756 777 3069 849 περιϐόητον
3109 780 3219 838 τοῖς
3253 780 3482 849 παροῦσι
3515 781 3574 832 τὸ
3600 785 3798 852 νινόμε-

2266 887 2372 921 νον.
2423 869 2668 939 Παρὸντα
2721 870 2764 921 δ’
2785 866 2905 928 ,οὖν
2951 888 3076 922 ποτε
3114 875 3224 934 τοῖς
3285 873 3662 941 πραττομένοις
3719 878 3798 928 τὸν

2266 958 2563 1029 Ἀστύριον,
2599 959 2689 1010 καὶ
2730 959 2789 1010 τὺ
2818 963 3044 1030 πρᾶγμα
3071 962 3602 1031 καταπληττομένους
3638 963 3797 1019 ἰδόντα

2266 1053 2388 1111 τοὺς
2403 1049 2644 1112 πολλοὺς,
2672 1051 2931 1118 οἰκτεῖραι
2959 1053 3058 1119 τῆς
3081 1053 3302 1123 πλάνης,
3337 1056 3566 1107 κᾶπειτα
3589 1059 3795 1110 ἀνανεύ-

2267 1158 2432 1192 σαντα
2473 1143 2551 1203 εἰς
2596 1142 2837 1210 οὐρανὸν,
2878 1143 3146 1196 ἱκετεῦσαι
3192 1147 3278 1197 διὰ
3324 1148 3556 1217 Χριστοῦ
3607 1149 3690 1200 τὸν
3713 1150 3796 1200 ἐπὶ

2264 1229 2479 1281 πάντων
2503 1229 2652 1291 Θεὸν,
2685 1229 2745 1280 τὸ
2769 1230 3058 1284 λαοπλάνον
3090 1234 3357 1303 δαιμόνιον
3390 1237 3674 1303 ἁπελέγξαι
3711 1240 3795 1290 καὶ

2265 1321 2466 1371 παῦσαι
2499 1319 2598 1387 τῆς
2627 1318 2735 1370 τῶν
2761 1319 3055 1389 ἀνθρώπων
3090 1324 3317 1394 ἀπάτης.
3348 1307 3530 1380 Ταῦτα
3558 1328 3612 1379 δέ
3648 1345 3794 1396 φασιν

2263 1408 2574 1477 εὐξαμένου,
2623 1408 2828 1478 ἁθρόως
2876 1409 2934 1461 τὸ
2973 1411 3161 1479 ἱερεῖον
3194 1414 3513 1468 ἐπιπολάσαι
3553 1419 3667 1478 ταῖς
3701 1435 3794 1486 πη-

2263 1503 2403 1566 γαῖς.
2435 1501 2588 1552 Οῦτω
2613 1519 2673 1552 τε
2705 1503 2883 1564 αὐτοῖς
2923 1502 2982 1555 τὺ
3023 1505 3315 1573 παράδοξον
3343 1508 3602 1576 οἴχεσθαι,
3651 1510 3794 1580 μηδε-

2265 1591 2351 1654 νὸς
2374 1593 2566 1661 μηκέτι
2590 1592 2859 1660 θαύματος
2893 1594 3014 1664 περὶ
3042 1594 3130 1647 τὸν
3164 1597 3324 1648 τόπον
3350 1600 3632 1667 γενομένου
3657 1645 3667 1657 ,

2766 1777 3080 1830 ΚΕΦΑΛΑΙ(
3092 1778 3156 1830 lN
3184 1780 3287 1832 lﬂ'.

2401 1868 2538 1934 Περὶ
2571 1864 2676 1918 τοῦ
2703 1867 3048 1934 ἀνδριάντος
3091 1863 3162 1921 οὗ
3209 1869 3246 1933 ἡ
3281 1859 3672 1936 αἱμορῤοοῦσα

2581 1935 3066 2005 ἀνέστησεν(Νίρ.
3102 1937 3167 1989 Η.
3203 1936 3267 1989 Ε.
3308 1935 3378 2002 vi,
3404 1938 3514 1999 15).

2334 2026 2471 2079 Ἀλλ’
2501 2027 2685 2095 ἐπειδὴ
2713 2026 2870 2095 τῆσδε
2905 2030 3003 2097 τῆς
3031 2027 3233 2090 πόλεως
3260 2030 3339 2090 εἰς
3376 2031 3588 2099 μνήμην
3623 2030 3792 2099 ἐλήλυ-

2265 2115 2350 2179 θα,
2389 2118 2486 2168 οὐκ
2515 2116 2656 2181 ἄξιον
2694 2116 2928 2186 ἡγοῦμαι
2973 2117 3252 2187 παρελθεῖν
3291 2120 3538 2190 διήγησιν
3575 2122 3663 2173 καὶ
3696 2126 3795 2185 τοῖς

2268 2209 2381 2277 μεθ’
2416 2211 2562 2277 ἡμᾶς
2601 2208 3024 2277 μνημονεύεσθαι
3070 2208 3239 2271 ἀξίαν.
3279 2209 3386 2280 Τὴν
3420 2211 3527 2283 γὰρ
3558 2215 3794 2284 αἰμοῤῥο-

2263 2292 2423 2348 οὖσαν
2452 2297 2558 2364 (60)
2585 2298 2650 2366 ἢν
2695 2299 2758 2349 ὲκ
2801 2296 2908 2348 τῶν
2954 2297 3112 2366 ἱερῶν
3154 2299 3494 2365 Εὐαγγελίων
3541 2302 3669 2370 πρὸς
3710 2300 3794 2355 τοῦ

2265 2386 2512 2454 Σωτῆρος
2538 2385 2690 2454 ἡμῶν
2722 2385 2810 2435 τοῦ
2842 2384 3044 2447 πάθους
3069 2385 3384 2456 ἀπαλλαγὴν
3413 2388 3666 2457 εὕρασθαι
3707 2408 3791 2459 με·

2268 2474 2606 2544 μαθήκαμεν,
2657 2474 2860 2526 ἐνθένδε
2905 2473 3083 2540 ἔλεγον
3122 2476 3408 2544 ὁρμᾶσθαι,
3463 2477 3550 2529 τόν
3582 2495 3638 2529 τε
3664 2475 3792 2531 οἶκον

2265 2564 2430 2632 αὐτῆς
2455 2563 2546 2614 ἐπὶ
2571 2566 2665 2633 τῆς
2695 2563 2896 2624 πόλεως
2922 2563 3242 2626 δείκνυσθαι,
3295 2565 3387 2618 καὶ
3432 2570 3531 2636 τῆς
3578 2569 3676 2620 ὑπὸ
3711 2570 3791 2621 τοῦ

2265 2654 2512 2721 Σωτῆρος
2539 2654 2618 2712 εἰς
2645 2651 2811 2720 αὐτὴν
2831 2652 3140 2721 εὐεργεσίας
3158 2653 3442 2723 θαυμαστὰ
3462 2657 3685 2725 τρόπαια
3705 2677 3790 2711 πα-

2266 2746 2536 2816 ραμένειν.
2579 2743 2823 2794 Ἐστάναι
2868 2742 2973 2813 γὰρ
3005 2745 3088 2810 ἐφ’
3121 2743 3321 2813 ὑψηλοῦ
3366 2744 3510 2796 λίθου
3554 2747 3680 2816 πρὸς
3708 2748 3790 2816 μὲν

2263 2839 2382 2898 ταῖς
2430 2834 2622 2895 πύλαις
2661 2833 2752 2884 τοῦ
2795 2834 2959 2902 αὐτῆς
2996 2833 3164 2896 οἴκου,
3209 2835 3459 2902 γυναικὸς
3515 2836 3790 2905 ὲκτύπωμα

613 2929 877 2982 columna:
914 2927 1133 2995 lapideae
1178 2928 1455 2994 imposita,
1500 2925 1726 2994 genibus
1760 2921 1914 2977 ﬂexis
1948 2932 2159 2992 proten-

2263 2926 2485 2996 χάλκεον
2512 2926 2602 2978 ἐπὶ
2636 2927 2766 2992 γόνυ
2796 2925 3124 2995 κεκλιμένον,
3169 2927 3259 2979 καὶ
3288 2927 3602 2996 τεταμέναις
3628 2929 3713 2979 ἐπὶ
3740 2929 3789 2979 τὸ

612 3021 796 3088 sisque
852 3020 1096 3071 manibus
1155 3019 1324 3070 instar
1375 3016 1740 3082 supplicantis.
1797 3015 1873 3067 Ex
1938 3016 2163 3067 adverso

613 3119 790 3161 autem
844 3107 1047 3175 eﬂigies
1095 3107 1195 3159 viri
1253 3120 1320 3160 ex
1381 3106 1566 3159 eodem
1621 3104 1835 3157 metallo
1895 3103 2159 3167 conﬂata,

612 3197 805 3249 stantis
873 3211 936 3249 ac
992 3195 1223 3263 diploide
1275 3195 1528 3249 decenter
1566 3193 1776 3257 induti,
1835 3205 2162 3260 manumque

515 3357 521 3363 ν
615 3284 826 3337 mulieri
872 3285 1214 3353 porrigentis.
1265 3283 1344 3336 Ad
1391 3282 1542 3348 cuius
1585 3282 1747 3350 pedes
1792 3283 1844 3335 in
1892 3282 2003 3349 ipsa
2046 3281 2161 3335 basi

617 3374 796 3441 ignota
828 3377 1066 3441 quaadam
1108 3375 1253 3427 nasci
1296 3376 1493 3427 dicitur
1530 3374 1752 3443 planta:
1781 3388 1899 3441 qua:
1936 3372 2002 3425 ad
2043 3372 2163 3424 ﬂm-

619 3464 790 3517 briam
835 3478 1004 3530 usque
1044 3477 1204 3514 aeneae
1234 3463 1485 3531 diplnidis
1522 3479 1804 3532 assurgens
1837 3462 2161 3532 depellendis

617 3555 794 3609 omnis
837 3554 1046 3621 generis
1089 3554 1290 3605 morbis
1341 3555 1813 3620 praesentissimum
1863 3553 2156 3606 remedium

615 3654 716 3697 est.
779 3641 925 3694 Hanc
971 3651 1199 3694 statuam
1247 3638 1371 3692 Jesu
1427 3641 1626 3694 Christi
1669 3635 1924 3709 speciem'
1958 3642 2160 3695 referre

614 3735 848 3786 aiebant.
889 3731 1082 3783 Mansit
1129 3743 1288 3797 porro
1329 3729 1395 3780 ad
1445 3739 1627 3782 nostra
1678 3745 1844 3796 usque
1879 3739 2154 3797 tempora:

614 3839 818 3891 nosque
847 3825 979 3876 adeo
1009 3823 1194 3874 urbem
1238 3817 1380 3872 illam
1417 3819 1643 3886 ingressi
1672 3858 1687 3881 ,
1735 3820 1904 3885 ipsam
1937 3835 2159 3886 conspe—

615 3913 808 3966 ximus.
849 3911 954 3965 Nec
989 3927 1113 3964 vero
1163 3911 1463 3964 mirandum
1509 3918 1626 3974 est,
1655 3909 1878 3978 gentiles
1905 3924 1932 3961 a
1963 3910 2161 3962 Serva-

618 4007 732 4050 tore
761 4010 943 4051 nostro
973 3999 1244 4051 beneﬁciis
1271 3998 1490 4052 aﬂ'ectus
1531 3999 1643 4051 hate
1679 3999 2011 4067 prazstitisse,
2038 4013 2157 4050 cum

619 4097 672 4140 et
704 4092 1059 4154 apostolormn
1105 4088 1250 4142 Petri
1301 4104 1364 4142 ac
1407 4088 1589 4152 Pauli,
1637 4090 1944 4157 Christique
1989 4090 2158 4156 ipsius

621 4177 787 4243 pictas
818 4179 1093 4247 imagines,
1121 4181 1186 4231 ad
1211 4189 1449 4230 nostram
1492 4194 1662 4245 usque
1695 4179 2006 4232 memoriam
2041 4194 2158 4232 ser-

2265 3015 2494 3086 πρόσθεν
2539 3018 2656 3077 ταῖς
2702 3016 2905 3084 χερσὶν,
2951 3014 3259 3087 ἰκετευούσῃ
3287 3016 3480 3078 ἐοικός.
3522 3016 3714 3067 Τούτου
3744 3015 3789 3066 δὲ

2261 3109 2515 3177 ἄντικρυς
2542 3106 2665 3160 ἄλλο
2691 3108 2788 3176 τῆς
2820 3107 2984 3174 αὐτῆς
3004 3104 3134 3175 ὕλης
3165 3107 3353 3176 ἀνδρὸς
3382 3107 3558 3176 ὄρθιον
3606 3109 3786 3176 σχῆμα,

2259 3196 2495 3248 διπλοΐδα
2525 3195 2761 3262 κοσμίως
2803 3194 3272 3264 περιϐεϐλημένον,
3313 3197 3404 3246 καὶ
3429 3195 3524 3264 τὴν
3550 3199 3695 3264 χεῖρα
3731 3199 3786 3262 τῇ

2259 3286 2474 3353 γυναικὶ
2503 3285 2794 3354 προτεῖνον,
2830 3276 2890 3335 οὗ
2925 3282 3070 3352 παρὰ
3105 3287 3214 3345 τοῖς
3256 3284 3410 3335 ποσὶν
3436 3284 3528 3335 ἐπὶ
3559 3285 3652 3349 τῆς
3680 3285 3789 3350 στή-

2258 3378 2354 3448 λης
2397 3380 2582 3446 αύτῆς,
2627 3376 2774 3441 ξένον
2813 3393 2862 3427 τι
2910 3373 3133 3445 βοτάνης
3178 3369 3312 3437 εἶδος
3365 3376 3535 3443 φύειν,
3580 3375 3607 3426 ὃ
3649 3375 3788 3444 μέχρι

2258 3471 2350 3524 τοῦ
2385 3469 2687 3540 κρασπέδου
2729 3470 2828 3538 τῆς
2857 3466 2950 3519 τοῦ
2983 3466 3180 3535 χαλκοῦ
3201 3466 3462 3529 διπλοΐδος
3499 3463 3641 3518 ἀνιὸν
3668 3464 3784 3530 (61),

2258 3557 2691 3629 ἀλεξιφάρμακόν
2727 3574 2779 3609 τι
2828 3557 3090 3608 παντοίων
3148 3555 3461 3624 νοσημάτων
3503 3556 3783 3622 τυγχάνειν.

2259 3649 2457 3702 Τοῦτον
2504 3650 2561 3700 δὲ
2606 3647 2695 3699 τὸν
2737 3645 3025 3716 ἀνδριάντα
3060 3645 3240 3695 εἰκόνα
3283 3643 3374 3695 τοῦ
3416 3643 3585 3712 Ἰησοῦ
3625 3642 3786 3712 φέρειν

2258 3736 2458 3802 ἔλεγον.
2486 3737 2702 3804 Ἔμεινε
2726 3735 2782 3785 δὲ
2803 3734 2894 3785 καὶ
2920 3735 2998 3794 εἰς
3025 3735 3185 3801 ἡμᾶς,
3213 3732 3287 3793 ὡς
3311 3731 3402 3797 καὶ.
3425 3731 3540 3797 ὄψει
3568 3729 3784 3799 παραλα-

2261 3825 2370 3875 ϐεῖν
2399 3824 2832 3893 ἐπιδημήσαντας
2853 3822 3046 3882 αὐτοὺς
3068 3823 3132 3890 τῇ
3156 3821 3322 3872 πόλει.
3364 3821 3472 3872 Καὶ
3503 3817 3784 3888 θαυμαστὸν

2259 3914 2404 3965 οὐδὲν
2445 3914 2566 3974 τοὺς
2601 3912 2764 3962 πάλαι
2796 3909 2854 3971 ἐξ
2888 3906 3053 3958 ἐθνῶν
3077 3907 3520 3977 εὐεργετηθέντας
3553 3907 3679 3976 πρὸς
3704 3901 3780 3956 τοῦ

2259 4005 2503 4073 Σωτῆρος
2526 4001 2700 4071 ἡμῶν,
2728 3999 2894 4055 ταῦτα
2918 3999 3283 4067 πεποιηκέναι,
3313 3999 3399 4050 ὅτε
3425 3998 3514 4050 καὶ
3543 3997 3645 4048 τῶν
3671 3998 3781 4046 ἀπο-

2260 4094 2457 4146 στόλων
2502 4091 2663 4144 αύτοῦ
2701 4090 2797 4153 τὰς
2837 4091 3043 4154 εἰκόνας
3076 4090 3282 4142 Παύλου
3319 4089 3410 4142 καὶ
3456 4089 3675 4158 Πέτρου,
3703 4083 3782 4135 καὶ

2260 4179 2421 4230 αὑτοῦ
2471 4178 2533 4247 δὴ
2583 4176 2676 4229 τοῦ
2724 4177 2976 4246 Χριστοῦ,
3025 4178 3109 4229 διὰ
3137 4177 3436 4248 χρωμάτων
3482 4177 3538 4227 ὲν
3571 4175 3779 4244 γραφαῖς

620 4276 769 4320 ratas
808 4267 859 4319 in
892 4271 1084 4323 tabulis
1122 4269 1429 4322 viderimus.
1465 4269 1667 4336 Quippe
1693 4269 1853 4337 prisci
1895 4270 2004 4333 illi,
2033 4271 2157 4323 abs—

2267 4268 2573 4340 σωζομένας
2625 4271 2999 4341 ἱστορήσαμεν,
3059 4268 3133 4331 ὡς
3191 4267 3335 4329 εἰκὸς
3403 4264 3508 4316 τῶν
3561 4260 3777 4314 παλαιῶν

620 4375 723 4428 que
766 4358 871 4411 ullo
915 4360 1218 4414 discrimine
1262 4366 1482 4413 cunctos
1521 4357 1586 4410 de
1629 4373 1688 4411 se
1750 4363 1884 4411 bene
1935 4362 2154 4414 meritos

620 4443 804 4513 gentili
840 4445 1068 4510 quadam
1115 4445 1500 4499 consuetudine
1550 4451 1801 4510 tanquam
1854 4456 2153 4500 servatores

623 4537 795 4588 colere
832 4533 1137 4600 huiusmodi
1173 4537 1466 4589 honoribus
1502 4544 1905 4587 consueverant.

618 4644 790 4728 culum
811 4643 1088 4728 {adorati},
1111 4646 1358 4728 Iordanis
1383 4647 1959 4728 deinceps-appellatur,
1978 4649 2146 4728 Porro

619 4717 671 4768 in
701 4717 1073 4782 manuscriptis
1100 4718 1368 4772 codicibus
1405 4719 1562 4776 Mam.
1592 4718 1726 4771 Med.
1762 4731 1823 4769 ac
1869 4717 1999 4770 Fuk.
2037 4720 2147 4770 Πα-

618 4785 730 4858 νίου
756 4786 914 4858 ὅρους
945 4785 1218 4858 scribitur,
1257 4802 1361 4840 non
1411 4803 1506 4855 per
1536 4788 1946 4858 diphthongum,
2001 4800 2056 4839 ut
2094 4790 2148 4842 iu

618 4855 800 4908 codice
831 4855 1014 4922 Regio.
1257 4900 1259 4902 .

688 4922 796 4992 (59)
819 4923 1077 4992 Σφάγιόν
1099 4939 1153 4974 τι
1181 4926 1665 4979 καταϐάλλεσθαι.
1707 4923 1959 4979 Solebant
1981 4925 2150 4991 genti-

617 4990 697 5044 les
722 4990 965 5046 in'fontes
991 5011 1051 5045 ac
1075 5003 1259 5060 puteos
1292 5009 1422 5058 quos
1443 4997 1708 5057 colebant,
1736 4990 2152 5054 VlClitllaSlﬁCC-

620 5075 695 5131 re.
718 5061 850 5116 llinc
881 5063 1147 5116 Publicola
1177 5063 1829 5131 interrogatAugustinum
1855 5063 1907 5116 in
1934 5063 2154 5128 epistola

619 5129 740 5192 155,
777 5134 821 5184 si
855 5133 974 5184 licet
997 5134 1064 5185 de
1097 5133 1238 5184 fonte
1263 5129 1473 5192 bibei-e,
1511 5133 1594 5184 vel
1621 5136 1684 5185 de
1724 5143 1906 5201 puteo,
1950 5133 2036 5185 ubi
2090 5134 2154 5185 de

621 5202 883 5253 Sacriﬁcio
912 5203 1106 5268 aliquid
1140 5200 1357 5253 missum
1393 5209 1493 5251 est.

689 5268 797 5336 (60)
835 5271 949 5336 Τὴν
973 5267 1081 5340 γὰρ
1102 5269 1553 5337 αἱμορῤοοῦσαν.
1583 5269 1788 5323 Citatur
1817 5271 1900 5322 hic
1939 5267 2148 5340 Eusebii

621 5331 767 5412 locus
782 5331 842 5390 in
880 5331 1104 5406 sepiiiiia
1129 5331 1349 5409 sjnoilo,
1373 5344 1582 5392 actione
1610 5356 1626 5388 ί
1649 5350 1818 5398 uarta,
1862 5355 1981 5406 pag.
2023 5338 2147 5390 508.

621 5399 752 5455 Vide
785 5421 898 5457 uuae
928 5419 1110 5457 narrat
1128 5409 1517 5457 Philostomius
1551 5408 1599 5457 in
1626 5355 1714 5457 ἰὼ.
1751 5423 1979 5457 νιι.ρ;ιο.
2003 5408 2057 5457 5.
2094 5418 2146 5457 et

621 5399 762 5480 Vide
785 5421 898 5480 qua;
928 5399 1110 5480 narrat
1128 5399 1517 5479 P'hilostorgius
1551 5408 1599 5459 in
1626 5399 1714 5460 lib.
1751 5399 1979 5475 viui-ap.
2003 5408 2057 5473 5,
2094 5418 2146 5460 et

619 5484 686 5523 ex
702 5470 812 5542 illo
829 5474 1171 5542 Nicephorus.

690 5541 799 5610 (61)
836 5541 1018 5612 Μέχρι
1071 5547 1173 5599 τοῦ
1207 5544 1632 5612 κρασπέδου....
1682 5547 1868 5598 ἀνιόν.
1925 5546 2147 5599 Rulinns

621 5609 970 5668 hunclocuui
1025 5617 1098 5668 ita
1154 5609 1436 5674 intellexit,
1485 5618 1633 5678 quasi
1671 5619 1844 5670 l'lauta
1878 5617 1965 5669 illa
2023 5627 2148 5668 tunc

2257 4359 2683 4431 ἀπαραλλάκτως
2724 4357 2830 4429 (62)
2887 4351 2972 4425 οἷα
3025 4360 3266 4427 σωτῆρας
3311 4354 3493 4419 ἐθνικῇ
3552 4347 3778 4419 συνηθείᾳ

2256 4447 2382 4516 παρ’
2412 4446 2618 4506 ἑαυτοῖς
2651 4444 2831 4494 τοίτον
2861 4444 3021 4511 τιμᾲν
3041 4439 3300 4489 εἰωθότων
3326 4433 3413 4484 τὸν
3437 4431 3647 4500 τρόπον.

2252 4654 2465 4706 demum
2501 4650 2685 4704 eﬂicax
2715 4648 2780 4702 ad
2813 4650 3082 4703 sanandos
3117 4648 3330 4700 morbos
3356 4658 3475 4698 esse
3499 4648 3771 4710 incaperit,

2253 4731 2531 4789 postquam
2572 4720 2635 4789 ad
2663 4721 2925 4772 ﬁmbriam
2949 4731 3119 4783 usque
3150 4714 3468 4789 Doriiiiiicae__
3495 4715 3670 4789 vestis
3692 4728 3772 4764 ex-

2254 4781 2536 4844 crevisset.
2572 4788 2741 4852 Quem
2777 4802 2992 4840 sensum
3024 4781 3242 4837 secutus
3283 4791 3365 4852 est
3410 4781 3768 4850 Christophor-

2253 4873 2438 4919 sonus,
2470 4867 2520 4909 et
2552 4850 2677 4909 ante
2725 4856 2869 4908 illum
2901 4855 3250 4918 Nicephorus.
3287 4850 3389 4904 Sed
3455 4862 3626 4904 tamen
3665 4863 3768 4901 cum

2256 4929 2306 4978 id
2340 4927 2597 4978 Eusebius
2628 4938 2811 4990 aperte
2841 4939 2942 4976 non
2975 4923 3138 4981 dicat,
3172 4924 3395 4988 quisque
3436 4937 3532 4990 pro
3561 4919 3768 4990 arbitrio

2255 5007 2356 5047 suo
2379 5003 2593 5047 statuet.
2633 4985 2759 5058 Mihi
2813 4990 3138 5058 probabilius
3190 4985 3665 5054 vide—tiirfidcirco
3713 4985 3769 5035 ab

2256 5063 2485 5117 Eusebio
2510 5061 2821 5116 nominatim
2855 5064 2953 5113 hoc
2978 5060 3212 5110 additum
3247 5058 3430 5123 fuisse,
3449 5059 3583 5123 quod
3612 5058 3766 5124 planta

2255 5130 2342 5182 illa
2367 5147 2527 5198 supra
2571 5131 2836 5183 ﬁmbriam
2873 5128 3163 5180 Dominicai
3195 5133 3359 5183 vestis
3385 5145 3488 5181 non
3542 5134 3765 5198 assurge-

2257 5212 2386 5263 ret,
2432 5192 2584 5267 quasi
2648 5201 2787 5250 hanc
2842 5199 3195 5249 reverentiam
3241 5200 3515 5267 exhibens
3549 5192 3761 5267 Domino.

2250 5269 2423 5334 Atque
2451 5264 2520 5322 ita
2555 5272 2694 5320 hunc
2719 5268 2891 5318 locum
2921 5268 3120 5334 accepit
3155 5269 3317 5321 etiam
3339 5266 3686 5333 Nicephorus,
3716 5264 3762 5307 ul

2235 5337 2428 5391 .videre
2458 5348 2539 5390 est
2572 5338 2624 5388 in
2664 5350 2780 5400 cap.
2813 5336 2878 5387 15
2901 5337 2991 5389 lib.
3025 5352 3098 5390 tu.

2319 5389 2429 5475 (62)
2465 5389 3225 5471 ἶΑσιτιιριαιλὶῖάκτὼς.ιηίεοιιιι.
3253 5400 3619 5475 Regio,'uaz_._,
3648 5389 3760 5475 rut.

2249 5467 2627 5547 et'Savihami
2697 5467 2950 5547 scribitur
3023 5467 3762 5547 άπαραφυλόῖκτωςη,Ιὶιιίίιιιιξ

2248 5547 2412 5596 vertit
2442 5544 2814 5610 indi/ferentem
2844 5545 2994 5607 Quod
3019 5588 3033 5605 ,
3083 5539 3279 5613 inquit,
3323 5542 3450 5594 mihi
3485 5539 3761 5613 videtur"?

2247 5614 2503 5675 qentililia
2537 5599 2900 5667 consuetudine
2926 5599 3283 5676 indifferenter
3327 5618 3643 5665 usurpatum.
3669 5599 3761 5662 Εςυ
