  <div class='ocr_page' id='page_1' title='image "/cluster/home/n/w/nwhite01/storage/ocr_20150623/20/pst.000005712052/350.png"; bbox 0 0 3938 6344; ppageno 0'>
   <div class='ocr_carea' id='block_1_1' title="bbox 129 243 2301 338">
    <p class='ocr_par' dir='ltr' id='par_1_1' title="bbox 129 243 2301 338">
     <span class='ocr_line' id='line_1_1' title="bbox 129 243 2301 338; baseline -0.007 0"><span class='ocrx_word' id='word_1_1' title='bbox 129 281 212 338; x_wconf 71' lang='grc' dir='ltr'><strong>σεδ</strong></span> <span class='ocrx_word' id='word_1_2' title='bbox 1066 275 1405 332; x_wconf 67' lang='lat' dir='ltr'><strong>msronm</strong></span> <span class='ocrx_word' id='word_1_3' title='bbox 1443 243 1988 330; x_wconf 50' lang='lat' dir='ltr'><strong>semesum“.</strong></span> <span class='ocrx_word' id='word_1_4' title='bbox 2025 270 2152 326; x_wconf 83' lang='lat' dir='ltr'><strong>LIB.</strong></span> <span class='ocrx_word' id='word_1_5' title='bbox 2190 269 2301 324; x_wconf 84' lang='lat' dir='ltr'><strong>vn.</strong></span> 
     </span>
    </p>
   </div>
   <div class='ocr_carea' id='block_1_2' title="bbox 3152 263 3254 324">
    <p class='ocr_par' dir='ltr' id='par_1_2' title="bbox 3152 263 3254 324">
     <span class='ocr_line' id='line_1_2' title="bbox 3152 263 3254 324; baseline 0.02 -2"><span class='ocrx_word' id='word_1_6' title='bbox 3152 263 3254 324; x_wconf 72' lang='lat'><strong>686</strong></span> 
     </span>
    </p>
   </div>
   <div class='ocr_carea' id='block_1_3' title="bbox 126 364 1615 459">
    <p class='ocr_par' dir='ltr' id='par_1_3' title="bbox 126 364 1615 459">
     <span class='ocr_line' id='line_1_3' title="bbox 126 364 1615 459; baseline -0.003 -17"><span class='ocrx_word' id='word_1_7' title='bbox 126 364 284 459; x_wconf 75' lang='grc' dir='ltr'>άμενος</span> <span class='ocrx_word' id='word_1_8' title='bbox 322 388 348 438; x_wconf 80' lang='lat'><em>6</em></span> <span class='ocrx_word' id='word_1_9' title='bbox 395 385 606 456; x_wconf 78' lang='grc' dir='ltr'>Ἰσραὴλ</span> <span class='ocrx_word' id='word_1_10' title='bbox 641 383 810 446; x_wconf 77' lang='grc' dir='ltr'>οὕτως</span> <span class='ocrx_word' id='word_1_11' title='bbox 854 385 1116 454; x_wconf 66' lang='grc' dir='ltr'>ἐδίψησεν,</span> <span class='ocrx_word' id='word_1_12' title='bbox 1162 386 1236 448; x_wconf 86' lang='grc' dir='ltr'>ὡς</span> <span class='ocrx_word' id='word_1_13' title='bbox 1268 383 1495 438; x_wconf 80' lang='grc' dir='ltr'>Μωῦσοῦ</span> <span class='ocrx_word' id='word_1_14' title='bbox 1535 387 1615 456; x_wconf 62' lang='grc' dir='ltr'>μὲι</span> 
     </span>
    </p>
   </div>
   <div class='ocr_carea' id='block_1_4' title="bbox 1717 364 3254 459">
    <p class='ocr_par' dir='ltr' id='par_1_4' title="bbox 1733 380 3254 454">
     <span class='ocr_line' id='line_1_4' title="bbox 1733 380 3254 454; baseline 0.002 -16"><span class='ocrx_word' id='word_1_15' title='bbox 1733 401 1817 448; x_wconf 81' lang='lat' dir='ltr'><strong>ne,</strong></span> <span class='ocrx_word' id='word_1_16' title='bbox 1843 399 1936 454; x_wconf 90' lang='lat' dir='ltr'><strong>per</strong></span> <span class='ocrx_word' id='word_1_17' title='bbox 1967 398 2125 452; x_wconf 89' lang='lat' dir='ltr'><strong>quam</strong></span> <span class='ocrx_word' id='word_1_18' title='bbox 2155 383 2258 436; x_wconf 90' lang='lat' dir='ltr'><strong>iter</strong></span> <span class='ocrx_word' id='word_1_19' title='bbox 2275 380 2534 436; x_wconf 72' lang='lat' dir='ltr'><strong>facientes</strong></span> <span class='ocrx_word' id='word_1_20' title='bbox 2557 381 2807 438; x_wconf 62' lang='lat' dir='ltr'><strong>Israelita</strong></span> <span class='ocrx_word' id='word_1_21' title='bbox 2841 390 2984 437; x_wconf 85' lang='lat' dir='ltr'><strong>tanta</strong></span> <span class='ocrx_word' id='word_1_22' title='bbox 3012 388 3254 454; x_wconf 78' lang='lat' dir='ltr'><strong>oppressi</strong></span> 
     </span>
    </p>
   </div>
   <div class='ocr_carea' id='block_1_5' title="bbox 127 471 1629 556">
    <p class='ocr_par' dir='ltr' id='par_1_5' title="bbox 127 471 1629 556">
     <span class='ocr_line' id='line_1_5' title="bbox 127 471 1629 556; baseline 0 -29"><span class='ocrx_word' id='word_1_23' title='bbox 127 474 376 542; x_wconf 62' lang='lat' dir='ltr'><strong>msuéociv,</strong></span> <span class='ocrx_word' id='word_1_24' title='bbox 406 475 593 542; x_wconf 76' lang='grc' dir='ltr'>ῥυῆναι</span> <span class='ocrx_word' id='word_1_25' title='bbox 639 474 681 524; x_wconf 83' lang='grc' dir='ltr'>δ’</span> <span class='ocrx_word' id='word_1_26' title='bbox 714 474 890 534; x_wconf 71' lang='grc' dir='ltr'>αὐτοῖς</span> <span class='ocrx_word' id='word_1_27' title='bbox 919 472 1064 546; x_wconf 66' lang='grc' dir='ltr'><strong>παρὰ</strong></span> <span class='ocrx_word' id='word_1_28' title='bbox 1091 474 1182 525; x_wconf 85' lang='grc' dir='ltr'><strong>τοῦ</strong></span> <span class='ocrx_word' id='word_1_29' title='bbox 1213 471 1480 543; x_wconf 76' lang='grc' dir='ltr'>θαυμάσια</span> <span class='ocrx_word' id='word_1_30' title='bbox 1516 491 1629 556; x_wconf 69' lang='grc' dir='ltr'><strong>ποι-</strong></span> 
     </span>
    </p>
   </div>
   <div class='ocr_carea' id='block_1_6' title="bbox 125 562 1627 632">
    <p class='ocr_par' dir='ltr' id='par_1_6' title="bbox 125 562 1627 632">
     <span class='ocr_line' id='line_1_6' title="bbox 125 562 1627 632; baseline 0 -15"><span class='ocrx_word' id='word_1_31' title='bbox 125 566 274 625; x_wconf 82' lang='grc' dir='ltr'>οῦντος</span> <span class='ocrx_word' id='word_1_32' title='bbox 307 565 462 632; x_wconf 84' lang='grc' dir='ltr'>μόνου</span> <span class='ocrx_word' id='word_1_33' title='bbox 499 565 563 614; x_wconf 81' lang='grc' dir='ltr'>ὲκ</span> <span class='ocrx_word' id='word_1_34' title='bbox 589 562 788 630; x_wconf 80' lang='grc' dir='ltr'>πέτρας</span> <span class='ocrx_word' id='word_1_35' title='bbox 832 562 1128 632; x_wconf 75' lang='grc' dir='ltr'>ἀκροτόμω</span> <span class='ocrx_word' id='word_1_36' title='bbox 1169 565 1326 615; x_wconf 84' lang='grc' dir='ltr'>ποτόν</span> <span class='ocrx_word' id='word_1_37' title='bbox 1348 581 1362 594; x_wconf 85' lang='lat'><strong><em>°</em></strong></span> <span class='ocrx_word' id='word_1_38' title='bbox 1415 566 1542 616; x_wconf 77' lang='grc' dir='ltr'>ποτὲ</span> <span class='ocrx_word' id='word_1_39' title='bbox 1572 567 1627 617; x_wconf 82' lang='grc' dir='ltr'>δὲ</span> 
     </span>
    </p>
   </div>
   <div class='ocr_carea' id='block_1_7' title="bbox 123 653 1626 725">
    <p class='ocr_par' dir='ltr' id='par_1_7' title="bbox 123 653 1626 725">
     <span class='ocr_line' id='line_1_7' title="bbox 123 653 1626 725; baseline 0.001 -18"><span class='ocrx_word' id='word_1_40' title='bbox 123 655 334 707; x_wconf 74' lang='grc' dir='ltr'>τοσοῦτον</span> <span class='ocrx_word' id='word_1_41' title='bbox 363 654 711 724; x_wconf 81' lang='grc' dir='ltr'>ἐπλήμμυρεν</span> <span class='ocrx_word' id='word_1_42' title='bbox 741 653 872 722; x_wconf 71' lang='grc'>(72),</span> <span class='ocrx_word' id='word_1_43' title='bbox 905 654 978 715; x_wconf 82' lang='grc' dir='ltr'>ὡς</span> <span class='ocrx_word' id='word_1_44' title='bbox 1001 656 1172 706; x_wconf 81' lang='grc' dir='ltr'>πᾶσαν</span> <span class='ocrx_word' id='word_1_45' title='bbox 1194 655 1287 724; x_wconf 80' lang='grc' dir='ltr'>τὴν</span> <span class='ocrx_word' id='word_1_46' title='bbox 1312 656 1626 725; x_wconf 74' lang='grc' dir='ltr'>περίχωρον,</span> 
     </span>
    </p>
   </div>
   <div class='ocr_carea' id='block_1_8' title="bbox 123 744 1628 814">
    <p class='ocr_par' dir='ltr' id='par_1_8' title="bbox 123 744 1628 814">
     <span class='ocr_line' id='line_1_8' title="bbox 123 744 1628 814; baseline 0.001 -18"><span class='ocrx_word' id='word_1_47' title='bbox 123 746 198 808; x_wconf 80' lang='grc' dir='ltr'><strong>τάς</strong></span> <span class='ocrx_word' id='word_1_48' title='bbox 223 763 274 796; x_wconf 89' lang='grc' dir='ltr'><strong>τε</strong></span> <span class='ocrx_word' id='word_1_49' title='bbox 300 744 441 805; x_wconf 77' lang='grc' dir='ltr'>ὁδοὺς</span> <span class='ocrx_word' id='word_1_50' title='bbox 489 745 580 796; x_wconf 80' lang='grc' dir='ltr'><strong>καὶ</strong></span> <span class='ocrx_word' id='word_1_51' title='bbox 615 745 738 804; x_wconf 82' lang='grc' dir='ltr'>τοὺς</span> <span class='ocrx_word' id='word_1_52' title='bbox 781 744 976 811; x_wconf 74' lang='grc' dir='ltr'>ἀγροὺς</span> <span class='ocrx_word' id='word_1_53' title='bbox 1008 744 1383 806; x_wconf 80' lang='grc' dir='ltr'>ἐπικλύσαντα,</span> <span class='ocrx_word' id='word_1_54' title='bbox 1411 749 1506 814; x_wconf 84' lang='grc' dir='ltr'>τῆς</span> <span class='ocrx_word' id='word_1_55' title='bbox 1539 747 1628 798; x_wconf 80' lang='grc' dir='ltr'><strong>ἐπὶ</strong></span> 
     </span>
    </p>
   </div>
   <div class='ocr_carea' id='block_1_9' title="bbox 123 831 1624 905">
    <p class='ocr_par' dir='ltr' id='par_1_9' title="bbox 123 831 1624 905">
     <span class='ocr_line' id='line_1_9' title="bbox 123 831 1624 905; baseline 0.001 -20"><span class='ocrx_word' id='word_1_56' title='bbox 123 835 219 885; x_wconf 80' lang='grc' dir='ltr'>Νῶε</span> <span class='ocrx_word' id='word_1_57' title='bbox 239 831 635 902; x_wconf 80' lang='grc' dir='ltr'>γενομένηςτοῦ</span> <span class='ocrx_word' id='word_1_58' title='bbox 664 832 849 893; x_wconf 79' lang='grc' dir='ltr'>ὓδατος</span> <span class='ocrx_word' id='word_1_59' title='bbox 875 835 1041 902; x_wconf 76' lang='grc' dir='ltr'>φορᾶς</span> <span class='ocrx_word' id='word_1_60' title='bbox 1065 835 1356 901; x_wconf 78' lang='grc' dir='ltr'><strong>ἐπαγαγεῖν</strong></span> <span class='ocrx_word' id='word_1_61' title='bbox 1382 835 1624 905; x_wconf 75' lang='grc' dir='ltr'><strong>ἀπειλήνο</strong></span> 
     </span>
    </p>
   </div>
   <div class='ocr_carea' id='block_1_10' title="bbox 121 923 1628 994">
    <p class='ocr_par' dir='ltr' id='par_1_10' title="bbox 121 923 1628 994">
     <span class='ocr_line' id='line_1_10' title="bbox 121 923 1628 994; baseline 0.002 -19"><span class='ocrx_word' id='word_1_62' title='bbox 121 926 188 976; x_wconf 72' lang='grc' dir='ltr'><strong>ἀεὶ</strong></span> <span class='ocrx_word' id='word_1_63' title='bbox 213 925 260 974; x_wconf 81' lang='grc' dir='ltr'><strong>δὲ</strong></span> <span class='ocrx_word' id='word_1_64' title='bbox 284 925 466 992; x_wconf 81' lang='grc' dir='ltr'>αἵματι</span> <span class='ocrx_word' id='word_1_65' title='bbox 487 923 578 974; x_wconf 82' lang='grc' dir='ltr'>καὶ</span> <span class='ocrx_word' id='word_1_66' title='bbox 609 924 806 994; x_wconf 64' lang='grc' dir='ltr'>φόνοις,</span> <span class='ocrx_word' id='word_1_67' title='bbox 833 925 924 974; x_wconf 76' lang='grc' dir='ltr'><strong>καὶ</strong></span> <span class='ocrx_word' id='word_1_68' title='bbox 957 928 1398 993; x_wconf 64' lang='grc' dir='ltr'>καταπντισμοῖς</span> <span class='ocrx_word' id='word_1_69' title='bbox 1423 927 1628 978; x_wconf 77' lang='grc' dir='ltr'><strong>κάτεισι</strong></span> 
     </span>
    </p>
   </div>
   <div class='ocr_carea' id='block_1_11' title="bbox 122 1013 1624 1087">
    <p class='ocr_par' dir='ltr' id='par_1_11' title="bbox 122 1013 1624 1087">
     <span class='ocr_line' id='line_1_11' title="bbox 122 1013 1624 1087; baseline 0.003 -21"><span class='ocrx_word' id='word_1_70' title='bbox 122 1014 470 1084; x_wconf 72' lang='grc' dir='ltr'>μεμιασμένος,</span> <span class='ocrx_word' id='word_1_71' title='bbox 518 1013 626 1075; x_wconf 71' lang='grc' dir='ltr'>οἷος</span> <span class='ocrx_word' id='word_1_72' title='bbox 674 1015 776 1073; x_wconf 78' lang='grc' dir='ltr'><strong>ὑπὸ</strong></span> <span class='ocrx_word' id='word_1_73' title='bbox 805 1017 1024 1067; x_wconf 83' lang='grc' dir='ltr'><strong>Μωῦσεῖ</strong></span> <span class='ocrx_word' id='word_1_74' title='bbox 1059 1016 1242 1084; x_wconf 81' lang='grc' dir='ltr'>γέγονε</span> <span class='ocrx_word' id='word_1_75' title='bbox 1295 1017 1373 1086; x_wconf 80' lang='grc' dir='ltr'>τῷ</span> <span class='ocrx_word' id='word_1_76' title='bbox 1412 1017 1624 1087; x_wconf 80' lang='grc' dir='ltr'><strong>Φαραὼ.</strong></span> 
     </span>
    </p>
   </div>
   <div class='ocr_carea' id='block_1_12' title="bbox 121 1098 1626 1177">
    <p class='ocr_par' dir='ltr' id='par_1_12' title="bbox 121 1098 1626 1177">
     <span class='ocr_line' id='line_1_12' title="bbox 121 1098 1626 1177; baseline 0.007 -25"><span class='ocrx_word' id='word_1_77' title='bbox 121 1103 396 1171; x_wconf 79' lang='grc' dir='ltr'>μεταϐαλὼν</span> <span class='ocrx_word' id='word_1_78' title='bbox 439 1105 517 1164; x_wconf 87' lang='grc' dir='ltr'>εἰς</span> <span class='ocrx_word' id='word_1_79' title='bbox 546 1098 679 1172; x_wconf 74' lang='grc' dir='ltr'>αἷμα</span> <span class='ocrx_word' id='word_1_80' title='bbox 705 1105 796 1160; x_wconf 79' lang='grc' dir='ltr'><strong>καὶ</strong></span> <span class='ocrx_word' id='word_1_81' title='bbox 818 1105 1090 1168; x_wconf 78' lang='grc' dir='ltr'>ὲποζέσας.</span> <span class='ocrx_word' id='word_1_82' title='bbox 1128 1109 1233 1159; x_wconf 71' lang='grc' dir='ltr'><strong>Καὶ</strong></span> <span class='ocrx_word' id='word_1_83' title='bbox 1263 1112 1409 1160; x_wconf 89' lang='grc' dir='ltr'>ποῖον</span> <span class='ocrx_word' id='word_1_84' title='bbox 1438 1109 1626 1177; x_wconf 75' lang='grc' dir='ltr'>γένοιτ’</span> 
     </span>
    </p>
   </div>
   <div class='ocr_carea' id='block_1_13' title="bbox 121 1192 1625 1270">
    <p class='ocr_par' dir='ltr' id='par_1_13' title="bbox 121 1192 1625 1270">
     <span class='ocr_line' id='line_1_13' title="bbox 121 1192 1625 1270; baseline 0.003 -27"><span class='ocrx_word' id='word_1_85' title='bbox 121 1193 172 1243; x_wconf 80' lang='grc' dir='ltr'>ἂν</span> <span class='ocrx_word' id='word_1_86' title='bbox 196 1192 274 1242; x_wconf 78' lang='grc' dir='ltr'><strong>τοῦ</strong></span> <span class='ocrx_word' id='word_1_87' title='bbox 305 1192 475 1244; x_wconf 78' lang='grc' dir='ltr'>πάντα</span> <span class='ocrx_word' id='word_1_88' title='bbox 510 1193 856 1270; x_wconf 68' lang='grc' dir='ltr'><strong>καθαίροντος</strong></span> <span class='ocrx_word' id='word_1_89' title='bbox 885 1194 1070 1257; x_wconf 81' lang='grc' dir='ltr'>ὓδατος</span> <span class='ocrx_word' id='word_1_90' title='bbox 1098 1195 1238 1266; x_wconf 76' lang='grc' dir='ltr'>ὕδωρ</span> <span class='ocrx_word' id='word_1_91' title='bbox 1275 1197 1399 1251; x_wconf 77' lang='grc' dir='ltr'>ἄλλο</span> <span class='ocrx_word' id='word_1_92' title='bbox 1427 1198 1625 1267; x_wconf 81' lang='grc' dir='ltr'>καθάρ-</span> 
     </span>
    </p>
   </div>
   <div class='ocr_carea' id='block_1_14' title="bbox 120 1281 1629 1357">
    <p class='ocr_par' dir='ltr' id='par_1_14' title="bbox 120 1281 1629 1357">
     <span class='ocr_line' id='line_1_14' title="bbox 120 1281 1629 1357; baseline 0.007 -27"><span class='ocrx_word' id='word_1_93' title='bbox 120 1298 207 1331; x_wconf 84' lang='grc' dir='ltr'>σιον</span> <span class='ocrx_word' id='word_1_94' title='bbox 228 1298 240 1342; x_wconf 83' lang='grc'><strong>;</strong></span> <span class='ocrx_word' id='word_1_95' title='bbox 259 1281 369 1342; x_wconf 79' lang='grc' dir='ltr'><strong>Πῶς</strong></span> <span class='ocrx_word' id='word_1_96' title='bbox 390 1281 453 1332; x_wconf 78' lang='grc' dir='ltr'>ἂν</span> <span class='ocrx_word' id='word_1_97' title='bbox 473 1285 501 1334; x_wconf 87' lang='grc' dir='ltr'>ὁ</span> <span class='ocrx_word' id='word_1_98' title='bbox 519 1281 679 1342; x_wconf 78' lang='grc' dir='ltr'>πολὺς</span> <span class='ocrx_word' id='word_1_99' title='bbox 702 1283 794 1333; x_wconf 74' lang='grc' dir='ltr'><strong>καὶ</strong></span> <span class='ocrx_word' id='word_1_100' title='bbox 811 1283 1106 1353; x_wconf 81' lang='grc' dir='ltr'><strong>ἀπέραντος</strong></span> <span class='ocrx_word' id='word_1_101' title='bbox 1129 1287 1427 1357; x_wconf 81' lang='grc' dir='ltr'>ἀνθρώποις</span> <span class='ocrx_word' id='word_1_102' title='bbox 1455 1289 1629 1341; x_wconf 85' lang='grc' dir='ltr'>Ὠκεα-</span> 
     </span>
    </p>
   </div>
   <div class='ocr_carea' id='block_1_15' title="bbox 119 1371 1625 1446">
    <p class='ocr_par' dir='ltr' id='par_1_15' title="bbox 119 1371 1625 1446">
     <span class='ocr_line' id='line_1_15' title="bbox 119 1371 1625 1446; baseline 0.006 -25"><span class='ocrx_word' id='word_1_103' title='bbox 119 1371 481 1439; x_wconf 74' lang='grc' dir='ltr'>νὺςὲπιχυθεὶς,</span> <span class='ocrx_word' id='word_1_104' title='bbox 517 1372 612 1441; x_wconf 83' lang='grc' dir='ltr'>τὴν</span> <span class='ocrx_word' id='word_1_105' title='bbox 642 1371 840 1443; x_wconf 80' lang='grc' dir='ltr'>πικρὰν</span> <span class='ocrx_word' id='word_1_106' title='bbox 869 1373 1066 1444; x_wconf 84' lang='grc' dir='ltr'>ταύτην</span> <span class='ocrx_word' id='word_1_107' title='bbox 1089 1378 1394 1446; x_wconf 73' lang='grc' dir='ltr'>ἀποσμήξαι</span> <span class='ocrx_word' id='word_1_108' title='bbox 1429 1377 1625 1430; x_wconf 78' lang='grc' dir='ltr'>θάλασ-</span> 
     </span>
    </p>
   </div>
   <div class='ocr_carea' id='block_1_16' title="bbox 120 1462 1625 1537">
    <p class='ocr_par' dir='ltr' id='par_1_16' title="bbox 120 1462 1625 1537">
     <span class='ocr_line' id='line_1_16' title="bbox 120 1462 1625 1537; baseline 0.005 -26"><span class='ocrx_word' id='word_1_109' title='bbox 120 1477 223 1520; x_wconf 77' lang='grc' dir='ltr'>σανς</span> <span class='ocrx_word' id='word_1_110' title='bbox 247 1463 276 1530; x_wconf 84' lang='grc' dir='ltr'>ῆ</span> <span class='ocrx_word' id='word_1_111' title='bbox 296 1462 406 1523; x_wconf 84' lang='grc' dir='ltr'>πῶς</span> <span class='ocrx_word' id='word_1_112' title='bbox 433 1462 498 1513; x_wconf 85' lang='grc' dir='ltr'><strong>ἂν</strong></span> <span class='ocrx_word' id='word_1_113' title='bbox 524 1463 552 1512; x_wconf 85' lang='grc' dir='ltr'>ὁ</span> <span class='ocrx_word' id='word_1_114' title='bbox 580 1463 748 1530; x_wconf 80' lang='grc' dir='ltr'><strong>μέγας</strong></span> <span class='ocrx_word' id='word_1_115' title='bbox 788 1466 1022 1533; x_wconf 85' lang='grc' dir='ltr'>ποταμὸς</span> <span class='ocrx_word' id='word_1_116' title='bbox 1061 1469 1088 1518; x_wconf 89' lang='grc' dir='ltr'>ὁ</span> <span class='ocrx_word' id='word_1_117' title='bbox 1109 1468 1530 1537; x_wconf 77' lang='grc' dir='ltr'><strong>ἐκπορευόμενος</strong></span> <span class='ocrx_word' id='word_1_118' title='bbox 1568 1468 1625 1533; x_wconf 77' lang='grc' dir='ltr'><strong>ἐξ</strong></span> 
     </span>
    </p>
   </div>
   <div class='ocr_carea' id='block_1_17' title="bbox 128 1548 1624 1625">
    <p class='ocr_par' dir='ltr' id='par_1_17' title="bbox 128 1548 1624 1625">
     <span class='ocr_line' id='line_1_17' title="bbox 128 1548 1624 1625; baseline 0.006 -27"><span class='ocrx_word' id='word_1_119' title='bbox 128 1548 275 1616; x_wconf 74' lang='grc' dir='ltr'>Ἐδὲμ,</span> <span class='ocrx_word' id='word_1_120' title='bbox 304 1548 396 1610; x_wconf 83' lang='grc' dir='ltr'>τὰς</span> <span class='ocrx_word' id='word_1_121' title='bbox 420 1549 682 1618; x_wconf 84' lang='grc' dir='ltr'>τέσσαρας</span> <span class='ocrx_word' id='word_1_122' title='bbox 728 1552 899 1620; x_wconf 85' lang='grc' dir='ltr'>ἀρχὰς</span> <span class='ocrx_word' id='word_1_123' title='bbox 929 1555 1005 1616; x_wconf 75' lang='grc' dir='ltr'><strong>εις</strong></span> <span class='ocrx_word' id='word_1_124' title='bbox 1044 1554 1108 1616; x_wconf 86' lang='grc' dir='ltr'><strong>ἂς</strong></span> <span class='ocrx_word' id='word_1_125' title='bbox 1141 1555 1445 1625; x_wconf 79' lang='grc' dir='ltr'><strong>ἀφορίζεται</strong></span> <span class='ocrx_word' id='word_1_126' title='bbox 1497 1572 1624 1623; x_wconf 85' lang='grc' dir='ltr'>μετ-</span> 
     </span>
    </p>
   </div>
   <div class='ocr_carea' id='block_1_18' title="bbox 117 1639 1622 1714">
    <p class='ocr_par' dir='ltr' id='par_1_18' title="bbox 117 1639 1622 1714">
     <span class='ocr_line' id='line_1_18' title="bbox 117 1639 1622 1714; baseline 0.004 -25"><span class='ocrx_word' id='word_1_127' title='bbox 117 1639 367 1705; x_wconf 80' lang='grc' dir='ltr'>οχετεὺσας</span> <span class='ocrx_word' id='word_1_128' title='bbox 395 1641 470 1701; x_wconf 75' lang='grc' dir='ltr'>εἰς</span> <span class='ocrx_word' id='word_1_129' title='bbox 493 1640 616 1708; x_wconf 86' lang='grc' dir='ltr'>μίαν</span> <span class='ocrx_word' id='word_1_130' title='bbox 639 1639 730 1692; x_wconf 83' lang='grc' dir='ltr'><strong>τοῦ</strong></span> <span class='ocrx_word' id='word_1_131' title='bbox 755 1642 792 1691; x_wconf 87' lang='grc' dir='ltr'><strong>Γ</strong></span> <span class='ocrx_word' id='word_1_132' title='bbox 793 1641 922 1708; x_wconf 84' lang='grc' dir='ltr'>ηὼν,</span> <span class='ocrx_word' id='word_1_133' title='bbox 953 1643 1249 1696; x_wconf 83' lang='grc' dir='ltr'>ἀποπλύναι</span> <span class='ocrx_word' id='word_1_134' title='bbox 1269 1644 1326 1695; x_wconf 83' lang='grc' dir='ltr'>τὺ</span> <span class='ocrx_word' id='word_1_135' title='bbox 1344 1645 1557 1714; x_wconf 75' lang='grc' dir='ltr'>λύθρονς</span> <span class='ocrx_word' id='word_1_136' title='bbox 1590 1645 1622 1714; x_wconf 77' lang='grc' dir='ltr'>ἢ</span> 
     </span>
    </p>
   </div>
   <div class='ocr_carea' id='block_1_19' title="bbox 1730 467 3252 534">
    <p class='ocr_par' dir='ltr' id='par_1_19' title="bbox 1730 467 3252 534">
     <span class='ocr_line' id='line_1_19' title="bbox 1730 467 3252 534; baseline -0.001 -8"><span class='ocrx_word' id='word_1_137' title='bbox 1730 484 1853 527; x_wconf 87' lang='lat' dir='ltr'><strong>sunt</strong></span> <span class='ocrx_word' id='word_1_138' title='bbox 1883 472 1996 534; x_wconf 90' lang='lat' dir='ltr'><strong>siti,</strong></span> <span class='ocrx_word' id='word_1_139' title='bbox 2024 482 2080 522; x_wconf 78' lang='lat' dir='ltr'><strong>ut</strong></span> <span class='ocrx_word' id='word_1_140' title='bbox 2112 467 2587 523; x_wconf 36' lang='lat' dir='ltr'><strong>adversusiﬂosem</strong></span> <span class='ocrx_word' id='word_1_141' title='bbox 2616 471 2893 524; x_wconf 89' lang='lat' dir='ltr'><strong>vociferari</strong></span> <span class='ocrx_word' id='word_1_142' title='bbox 2921 488 3022 524; x_wconf 90' lang='lat' dir='ltr'><strong>non</strong></span> <span class='ocrx_word' id='word_1_143' title='bbox 3049 474 3252 526; x_wconf 89' lang='lat' dir='ltr'><strong>desine-</strong></span> 
     </span>
    </p>
   </div>
   <div class='ocr_carea' id='block_1_20' title="bbox 1729 559 3250 629">
    <p class='ocr_par' dir='ltr' id='par_1_20' title="bbox 1729 559 3250 629">
     <span class='ocr_line' id='line_1_20' title="bbox 1729 559 3250 629; baseline 0 -15"><span class='ocrx_word' id='word_1_144' title='bbox 1729 571 1866 624; x_wconf 84' lang='lat' dir='ltr'><strong>rent,</strong></span> <span class='ocrx_word' id='word_1_145' title='bbox 1900 562 2073 629; x_wconf 80' lang='lat' dir='ltr'><strong>quoad</strong></span> <span class='ocrx_word' id='word_1_146' title='bbox 2109 559 2305 611; x_wconf 90' lang='lat' dir='ltr'><strong>virtute</strong></span> <span class='ocrx_word' id='word_1_147' title='bbox 2350 559 2491 612; x_wconf 91' lang='lat' dir='ltr'><strong>illius</strong></span> <span class='ocrx_word' id='word_1_148' title='bbox 2514 559 2603 626; x_wconf 85' lang='lat' dir='ltr'><strong>qui</strong></span> <span class='ocrx_word' id='word_1_149' title='bbox 2629 560 2772 613; x_wconf 88' lang='lat' dir='ltr'><strong>solus</strong></span> <span class='ocrx_word' id='word_1_150' title='bbox 2803 562 3070 614; x_wconf 80' lang='lat' dir='ltr'><strong>mirabilia</strong></span> <span class='ocrx_word' id='word_1_151' title='bbox 3103 561 3250 625; x_wconf 87' lang='lat' dir='ltr'><strong>facit,</strong></span> 
     </span>
    </p>
   </div>
   <div class='ocr_carea' id='block_1_21' title="bbox 1727 647 3253 718">
    <p class='ocr_par' dir='ltr' id='par_1_21' title="bbox 1727 647 3253 718">
     <span class='ocr_line' id='line_1_21' title="bbox 1727 647 3253 718; baseline -0.001 -15"><span class='ocrx_word' id='word_1_152' title='bbox 1727 665 1790 703; x_wconf 81' lang='lat' dir='ltr'><strong>ex</strong></span> <span class='ocrx_word' id='word_1_153' title='bbox 1820 658 2086 718; x_wconf 69' lang='lat' dir='ltr'><strong>praerupta</strong></span> <span class='ocrx_word' id='word_1_154' title='bbox 2125 663 2254 715; x_wconf 90' lang='lat' dir='ltr'><strong>rupe</strong></span> <span class='ocrx_word' id='word_1_155' title='bbox 2276 662 2411 714; x_wconf 90' lang='lat' dir='ltr'><strong>aqua</strong></span> <span class='ocrx_word' id='word_1_156' title='bbox 2443 648 2572 714; x_wconf 86' lang='lat' dir='ltr'><strong>ipsis</strong></span> <span class='ocrx_word' id='word_1_157' title='bbox 2603 648 2666 698; x_wconf 90' lang='lat' dir='ltr'><strong>ad</strong></span> <span class='ocrx_word' id='word_1_158' title='bbox 2706 659 2882 714; x_wconf 88' lang='lat' dir='ltr'><strong>potum</strong></span> <span class='ocrx_word' id='word_1_159' title='bbox 2914 647 3136 704; x_wconf 83' lang='lat' dir='ltr'><strong>eﬂluxit.</strong></span> <span class='ocrx_word' id='word_1_160' title='bbox 3164 649 3253 702; x_wconf 86' lang='lat' dir='ltr'><strong>In-</strong></span> 
     </span>
    </p>
   </div>
   <div class='ocr_carea' id='block_1_22' title="bbox 1729 741 3254 806">
    <p class='ocr_par' dir='ltr' id='par_1_22' title="bbox 1729 741 3254 806">
     <span class='ocr_line' id='line_1_22' title="bbox 1729 741 3254 806; baseline 0.001 -13"><span class='ocrx_word' id='word_1_161' title='bbox 1729 743 1932 794; x_wconf 84' lang='lat' dir='ltr'><strong>terdum</strong></span> <span class='ocrx_word' id='word_1_162' title='bbox 1978 755 2103 793; x_wconf 87' lang='lat' dir='ltr'><strong>vero</strong></span> <span class='ocrx_word' id='word_1_163' title='bbox 2143 748 2421 806; x_wconf 90' lang='lat' dir='ltr'><strong>tantopere</strong></span> <span class='ocrx_word' id='word_1_164' title='bbox 2467 741 2793 801; x_wconf 76' lang='lat' dir='ltr'><strong>exundavit,</strong></span> <span class='ocrx_word' id='word_1_165' title='bbox 2834 748 2890 792; x_wconf 93' lang='lat' dir='ltr'><strong>ut</strong></span> <span class='ocrx_word' id='word_1_166' title='bbox 2934 741 3254 795; x_wconf 79' lang='lat' dir='ltr'><strong>circumsita:</strong></span> 
     </span>
    </p>
   </div>
   <div class='ocr_carea' id='block_1_23' title="bbox 1730 829 3253 904">
    <p class='ocr_par' dir='ltr' id='par_1_23' title="bbox 1730 829 3253 904">
     <span class='ocr_line' id='line_1_23' title="bbox 1730 829 3253 904; baseline -0.003 -17"><span class='ocrx_word' id='word_1_167' title='bbox 1730 834 1930 904; x_wconf 89' lang='lat' dir='ltr'><strong>regioni</strong></span> <span class='ocrx_word' id='word_1_168' title='bbox 1956 834 2164 900; x_wconf 81' lang='lat' dir='ltr'><strong>viisque</strong></span> <span class='ocrx_word' id='word_1_169' title='bbox 2189 839 2240 884; x_wconf 91' lang='lat' dir='ltr'><strong>et</strong></span> <span class='ocrx_word' id='word_1_170' title='bbox 2273 830 2415 897; x_wconf 80' lang='lat' dir='ltr'><strong>agris</strong></span> <span class='ocrx_word' id='word_1_171' title='bbox 2438 829 2687 881; x_wconf 87' lang='lat' dir='ltr'><strong>omnibus</strong></span> <span class='ocrx_word' id='word_1_172' title='bbox 2711 830 3018 896; x_wconf 60' lang='lat' dir='ltr'><strong>superfusus</strong></span> <span class='ocrx_word' id='word_1_173' title='bbox 3040 871 3055 893; x_wconf 88' lang='lat'><strong>,</strong></span> <span class='ocrx_word' id='word_1_174' title='bbox 3090 846 3253 898; x_wconf 84' lang='lat' dir='ltr'><strong>aqua-</strong></span> 
     </span>
    </p>
   </div>
   <div class='ocr_carea' id='block_1_24' title="bbox 1727 919 3248 987">
    <p class='ocr_par' dir='ltr' id='par_1_24' title="bbox 1727 919 3248 987">
     <span class='ocr_line' id='line_1_24' title="bbox 1727 919 3248 987; baseline -0.004 -9"><span class='ocrx_word' id='word_1_175' title='bbox 1727 941 1843 978; x_wconf 89' lang='lat' dir='ltr'><strong>rum</strong></span> <span class='ocrx_word' id='word_1_176' title='bbox 1873 923 2131 977; x_wconf 81' lang='lat' dir='ltr'><strong>diluvium</strong></span> <span class='ocrx_word' id='word_1_177' title='bbox 2177 920 2473 987; x_wconf 63' lang='lat' dir='ltr'><strong>cuiusmodi</strong></span> <span class='ocrx_word' id='word_1_178' title='bbox 2517 919 2842 986; x_wconf 68' lang='lat' dir='ltr'><strong>temporibus</strong></span> <span class='ocrx_word' id='word_1_179' title='bbox 2881 919 2992 972; x_wconf 84' lang='lat' dir='ltr'><strong>Noe</strong></span> <span class='ocrx_word' id='word_1_180' title='bbox 3040 921 3248 982; x_wconf 83' lang='lat' dir='ltr'><strong>accidit,</strong></span> 
     </span>
    </p>
   </div>
   <div class='ocr_carea' id='block_1_25' title="bbox 1729 1006 3254 1071">
    <p class='ocr_par' dir='ltr' id='par_1_25' title="bbox 1729 1006 3254 1071">
     <span class='ocr_line' id='line_1_25' title="bbox 1729 1006 3254 1071; baseline -0.003 -6"><span class='ocrx_word' id='word_1_181' title='bbox 1729 1013 1916 1065; x_wconf 87' lang='lat' dir='ltr'><strong>minari</strong></span> <span class='ocrx_word' id='word_1_182' title='bbox 1950 1011 2242 1064; x_wconf 78' lang='lat' dir='ltr'><strong>videretur.</strong></span> <span class='ocrx_word' id='word_1_183' title='bbox 2281 1009 2540 1061; x_wconf 71' lang='lat' dir='ltr'><strong>Caeterum</strong></span> <span class='ocrx_word' id='word_1_184' title='bbox 2578 1006 2806 1059; x_wconf 71' lang='lat' dir='ltr'><strong>caedibus</strong></span> <span class='ocrx_word' id='word_1_185' title='bbox 2856 1017 2910 1059; x_wconf 90' lang='lat' dir='ltr'><strong>et</strong></span> <span class='ocrx_word' id='word_1_186' title='bbox 2951 1022 3157 1071; x_wconf 87' lang='lat' dir='ltr'><strong>cruore,</strong></span> <span class='ocrx_word' id='word_1_187' title='bbox 3200 1017 3254 1060; x_wconf 84' lang='lat' dir='ltr'><strong>et</strong></span> 
     </span>
    </p>
   </div>
   <div class='ocr_carea' id='block_1_26' title="bbox 1729 1097 3254 1165">
    <p class='ocr_par' dir='ltr' id='par_1_26' title="bbox 1729 1097 3254 1165">
     <span class='ocr_line' id='line_1_26' title="bbox 1729 1097 3254 1165; baseline 0 -10"><span class='ocrx_word' id='word_1_188' title='bbox 1729 1101 2186 1156; x_wconf 89' lang='lat' dir='ltr'><strong>submersionibus</strong></span> <span class='ocrx_word' id='word_1_189' title='bbox 2266 1100 2539 1153; x_wconf 85' lang='lat' dir='ltr'><strong>hominum</strong></span> <span class='ocrx_word' id='word_1_190' title='bbox 2612 1097 3254 1165; x_wconf 69' lang='lat' dir='ltr'><strong>coutinuis-inquinatus</strong></span> 
     </span>
    </p>
   </div>
   <div class='ocr_carea' id='block_1_27' title="bbox 1725 1188 3257 1259">
    <p class='ocr_par' dir='ltr' id='par_1_27' title="bbox 1725 1188 3257 1259">
     <span class='ocr_line' id='line_1_27' title="bbox 1725 1188 3257 1259; baseline -0.002 -12"><span class='ocrx_word' id='word_1_191' title='bbox 1725 1194 2006 1254; x_wconf 82' lang='lat' dir='ltr'><strong>evolvitur,</strong></span> <span class='ocrx_word' id='word_1_192' title='bbox 2031 1191 2207 1259; x_wconf 85' lang='lat' dir='ltr'><strong>qualis</strong></span> <span class='ocrx_word' id='word_1_193' title='bbox 2227 1190 2352 1244; x_wconf 88' lang='lat' dir='ltr'><strong>olim</strong></span> <span class='ocrx_word' id='word_1_194' title='bbox 2378 1204 2408 1242; x_wconf 85' lang='lat' dir='ltr'><strong>a</strong></span> <span class='ocrx_word' id='word_1_195' title='bbox 2443 1189 2587 1242; x_wconf 74' lang='lat' dir='ltr'><strong>Hose</strong></span> <span class='ocrx_word' id='word_1_196' title='bbox 2617 1189 2886 1257; x_wconf 65' lang='lat' dir='ltr'><strong>prarstitus</strong></span> <span class='ocrx_word' id='word_1_197' title='bbox 2913 1198 2998 1259; x_wconf 69' lang='lat' dir='ltr'><strong>est</strong></span> <span class='ocrx_word' id='word_1_198' title='bbox 3027 1188 3257 1244; x_wconf 84' lang='lat' dir='ltr'><strong>Pharao-</strong></span> 
     </span>
    </p>
   </div>
   <div class='ocr_carea' id='block_1_28' title="bbox 1724 1279 3253 1352">
    <p class='ocr_par' dir='ltr' id='par_1_28' title="bbox 1724 1279 3253 1352">
     <span class='ocr_line' id='line_1_28' title="bbox 1724 1279 3253 1352; baseline -0.004 -13"><span class='ocrx_word' id='word_1_199' title='bbox 1724 1288 1798 1350; x_wconf 89' lang='lat' dir='ltr'><strong>ni,</strong></span> <span class='ocrx_word' id='word_1_200' title='bbox 1844 1287 1894 1338; x_wconf 92' lang='lat' dir='ltr'><strong>in</strong></span> <span class='ocrx_word' id='word_1_201' title='bbox 1944 1283 2254 1352; x_wconf 83' lang='lat' dir='ltr'><strong>sanguinem</strong></span> <span class='ocrx_word' id='word_1_202' title='bbox 2306 1295 2596 1334; x_wconf 85' lang='lat' dir='ltr'><strong>conversus</strong></span> <span class='ocrx_word' id='word_1_203' title='bbox 2626 1294 2689 1332; x_wconf 92' lang='lat' dir='ltr'><strong>ac</strong></span> <span class='ocrx_word' id='word_1_204' title='bbox 2741 1279 2955 1333; x_wconf 89' lang='lat' dir='ltr'><strong>fetidus.</strong></span> <span class='ocrx_word' id='word_1_205' title='bbox 3003 1280 3253 1344; x_wconf 64' lang='lat' dir='ltr'><strong>Quaenam</strong></span> 
     </span>
    </p>
   </div>
   <div class='ocr_carea' id='block_1_29' title="bbox 1725 1369 3256 1443">
    <p class='ocr_par' dir='ltr' id='par_1_29' title="bbox 1725 1369 3256 1443">
     <span class='ocr_line' id='line_1_29' title="bbox 1725 1369 3256 1443; baseline -0.003 -17"><span class='ocrx_word' id='word_1_206' title='bbox 1725 1377 1886 1443; x_wconf 87' lang='lat' dir='ltr'><strong>igitur</strong></span> <span class='ocrx_word' id='word_1_207' title='bbox 1912 1373 2049 1425; x_wconf 88' lang='lat' dir='ltr'><strong>unda</strong></span> <span class='ocrx_word' id='word_1_208' title='bbox 2089 1374 2320 1424; x_wconf 84' lang='lat' dir='ltr'><strong>lustrare</strong></span> <span class='ocrx_word' id='word_1_209' title='bbox 2349 1369 2542 1437; x_wconf 90' lang='lat' dir='ltr'><strong>poterit</strong></span> <span class='ocrx_word' id='word_1_210' title='bbox 2567 1383 2755 1435; x_wconf 83' lang='lat' dir='ltr'><strong>aquam</strong></span> <span class='ocrx_word' id='word_1_211' title='bbox 2796 1383 2898 1435; x_wconf 89' lang='lat' dir='ltr'><strong>qua</strong></span> <span class='ocrx_word' id='word_1_212' title='bbox 2929 1369 3106 1422; x_wconf 87' lang='lat' dir='ltr'><strong>omnia</strong></span> <span class='ocrx_word' id='word_1_213' title='bbox 3130 1383 3256 1437; x_wconf 87' lang='lat' dir='ltr'><strong>pur-</strong></span> 
     </span>
    </p>
   </div>
   <div class='ocr_carea' id='block_1_30' title="bbox 1723 1457 3255 1533">
    <p class='ocr_par' dir='ltr' id='par_1_30' title="bbox 1723 1457 3255 1533">
     <span class='ocr_line' id='line_1_30' title="bbox 1723 1457 3255 1533; baseline -0.002 -19"><span class='ocrx_word' id='word_1_214' title='bbox 1723 1462 1949 1533; x_wconf 83' lang='lat' dir='ltr'><strong>gautur?</strong></span> <span class='ocrx_word' id='word_1_215' title='bbox 1994 1459 2269 1526; x_wconf 82' lang='lat' dir='ltr'><strong>Quomodo</strong></span> <span class='ocrx_word' id='word_1_216' title='bbox 2311 1470 2492 1513; x_wconf 88' lang='lat' dir='ltr'><strong>vastus</strong></span> <span class='ocrx_word' id='word_1_217' title='bbox 2532 1457 2618 1510; x_wconf 90' lang='lat' dir='ltr'><strong>ille</strong></span> <span class='ocrx_word' id='word_1_218' title='bbox 2662 1472 2758 1510; x_wconf 89' lang='lat' dir='ltr'><strong>nec</strong></span> <span class='ocrx_word' id='word_1_219' title='bbox 2797 1458 3098 1512; x_wconf 89' lang='lat' dir='ltr'><strong>hominibus</strong></span> <span class='ocrx_word' id='word_1_220' title='bbox 3134 1473 3255 1527; x_wconf 90' lang='lat' dir='ltr'><strong>per-</strong></span> 
     </span>
    </p>
   </div>
   <div class='ocr_carea' id='block_1_31' title="bbox 1725 1548 3251 1616">
    <p class='ocr_par' dir='ltr' id='par_1_31' title="bbox 1725 1548 3251 1616">
     <span class='ocr_line' id='line_1_31' title="bbox 1725 1548 3251 1616; baseline -0.003 -11"><span class='ocrx_word' id='word_1_221' title='bbox 1725 1553 1969 1605; x_wconf 87' lang='lat' dir='ltr'><strong>meabilis</strong></span> <span class='ocrx_word' id='word_1_222' title='bbox 2005 1552 2285 1614; x_wconf 84' lang='lat' dir='ltr'><strong>Oceanus,</strong></span> <span class='ocrx_word' id='word_1_223' title='bbox 2339 1550 2442 1602; x_wconf 88' lang='lat' dir='ltr'><strong>hoc</strong></span> <span class='ocrx_word' id='word_1_224' title='bbox 2479 1564 2719 1602; x_wconf 89' lang='lat' dir='ltr'><strong>amarum</strong></span> <span class='ocrx_word' id='word_1_225' title='bbox 2761 1548 2980 1616; x_wconf 80' lang='lat' dir='ltr'><strong>pelagus</strong></span> <span class='ocrx_word' id='word_1_226' title='bbox 3024 1562 3251 1616; x_wconf 89' lang='lat' dir='ltr'><strong>unquam</strong></span> 
     </span>
    </p>
   </div>
   <div class='ocr_carea' id='block_1_32' title="bbox 1726 1634 3251 1707">
    <p class='ocr_par' dir='ltr' id='par_1_32' title="bbox 1726 1634 3251 1707">
     <span class='ocr_line' id='line_1_32' title="bbox 1726 1634 3251 1707; baseline -0.004 -12"><span class='ocrx_word' id='word_1_227' title='bbox 1726 1641 2066 1696; x_wconf 76' lang='lat' dir='ltr'><strong>absterserit?</strong></span> <span class='ocrx_word' id='word_1_228' title='bbox 2089 1641 2193 1693; x_wconf 83' lang='lat' dir='ltr'><strong>Aut</strong></span> <span class='ocrx_word' id='word_1_229' title='bbox 2220 1639 2482 1707; x_wconf 90' lang='lat' dir='ltr'><strong>quomodo</strong></span> <span class='ocrx_word' id='word_1_230' title='bbox 2523 1639 2706 1706; x_wconf 82' lang='lat' dir='ltr'><strong>ingens</strong></span> <span class='ocrx_word' id='word_1_231' title='bbox 2747 1637 2832 1690; x_wconf 87' lang='lat' dir='ltr'><strong>ille</strong></span> <span class='ocrx_word' id='word_1_232' title='bbox 2855 1634 3045 1691; x_wconf 87' lang='lat' dir='ltr'><strong>ﬂuvius</strong></span> <span class='ocrx_word' id='word_1_233' title='bbox 3067 1638 3155 1704; x_wconf 87' lang='lat' dir='ltr'><strong>qui</strong></span> <span class='ocrx_word' id='word_1_234' title='bbox 3188 1651 3251 1689; x_wconf 82' lang='lat' dir='ltr'><strong>ex</strong></span> 
     </span>
    </p>
   </div>
   <div class='ocr_carea' id='block_1_33' title="bbox 119 1725 1615 1806">
    <p class='ocr_par' dir='ltr' id='par_1_33' title="bbox 119 1732 1615 1806">
     <span class='ocr_line' id='line_1_33' title="bbox 119 1732 1615 1806; baseline 0.004 -24"><span class='ocrx_word' id='word_1_235' title='bbox 119 1734 221 1783; x_wconf 72' lang='grc' dir='ltr'>τότε</span> <span class='ocrx_word' id='word_1_236' title='bbox 261 1736 288 1784; x_wconf 84' lang='grc' dir='ltr'><strong>ὁ</strong></span> <span class='ocrx_word' id='word_1_237' title='bbox 323 1732 678 1802; x_wconf 76' lang='grc' dir='ltr'>τεθολωμένος</span> <span class='ocrx_word' id='word_1_238' title='bbox 726 1736 828 1786; x_wconf 82' lang='grc' dir='ltr'><strong>ὑπὸ</strong></span> <span class='ocrx_word' id='word_1_239' title='bbox 867 1737 974 1786; x_wconf 84' lang='grc' dir='ltr'><strong>τῶν</strong></span> <span class='ocrx_word' id='word_1_240' title='bbox 1013 1737 1255 1806; x_wconf 80' lang='grc' dir='ltr'><strong>πονηρῶν</strong></span> <span class='ocrx_word' id='word_1_241' title='bbox 1299 1735 1615 1804; x_wconf 74' lang='grc' dir='ltr'><strong>πανταχόθεν</strong></span> 
     </span>
    </p>
   </div>
   <div class='ocr_carea' id='block_1_34' title="bbox 1717 1725 3252 1806">
    <p class='ocr_par' dir='ltr' id='par_1_34' title="bbox 1723 1728 3252 1798">
     <span class='ocr_line' id='line_1_34' title="bbox 1723 1728 3252 1798; baseline -0.003 -14"><span class='ocrx_word' id='word_1_242' title='bbox 1723 1733 1866 1785; x_wconf 84' lang='lat' dir='ltr'><strong>Eden</strong></span> <span class='ocrx_word' id='word_1_243' title='bbox 1893 1731 2126 1798; x_wconf 88' lang='lat' dir='ltr'><strong>proﬂuit,</strong></span> <span class='ocrx_word' id='word_1_244' title='bbox 2159 1731 2366 1783; x_wconf 90' lang='lat' dir='ltr'><strong>etiamsi</strong></span> <span class='ocrx_word' id='word_1_245' title='bbox 2389 1739 2617 1797; x_wconf 86' lang='lat' dir='ltr'><strong>quatuor</strong></span> <span class='ocrx_word' id='word_1_246' title='bbox 2650 1729 2764 1781; x_wconf 90' lang='lat' dir='ltr'><strong>illos</strong></span> <span class='ocrx_word' id='word_1_247' title='bbox 2800 1731 2851 1780; x_wconf 89' lang='lat' dir='ltr'><strong>in</strong></span> <span class='ocrx_word' id='word_1_248' title='bbox 2892 1744 3026 1797; x_wconf 87' lang='lat' dir='ltr'><strong>quos</strong></span> <span class='ocrx_word' id='word_1_249' title='bbox 3063 1728 3252 1782; x_wconf 90' lang='lat' dir='ltr'><strong>dividi-</strong></span> 
     </span>
    </p>
   </div>
   <div class='ocr_carea' id='block_1_35' title="bbox 116 1822 1619 1894">
    <p class='ocr_par' dir='ltr' id='par_1_35' title="bbox 116 1822 1619 1894">
     <span class='ocr_line' id='line_1_35' title="bbox 116 1822 1619 1894; baseline 0.001 -21"><span class='ocrx_word' id='word_1_250' title='bbox 116 1822 485 1890; x_wconf 78' lang='grc' dir='ltr'><strong>ἀναθυμιάσεων</strong></span> <span class='ocrx_word' id='word_1_251' title='bbox 509 1823 636 1893; x_wconf 81' lang='grc' dir='ltr'><strong>ἀὴρ.</strong></span> <span class='ocrx_word' id='word_1_252' title='bbox 672 1823 959 1894; x_wconf 79' lang='grc' dir='ltr'>εἰλικρινὴς</span> <span class='ocrx_word' id='word_1_253' title='bbox 984 1825 1220 1890; x_wconf 79' lang='grc' dir='ltr'>γένοιτος</span> <span class='ocrx_word' id='word_1_254' title='bbox 1255 1825 1487 1876; x_wconf 85' lang='grc' dir='ltr'>Τοιοῦτοι</span> <span class='ocrx_word' id='word_1_255' title='bbox 1515 1825 1619 1894; x_wconf 84' lang='grc' dir='ltr'><strong>γὰρ</strong></span> 
     </span>
    </p>
   </div>
   <div class='ocr_carea' id='block_1_36' title="bbox 115 1911 1620 1982">
    <p class='ocr_par' dir='ltr' id='par_1_36' title="bbox 115 1911 1620 1982">
     <span class='ocr_line' id='line_1_36' title="bbox 115 1911 1620 1982; baseline 0.003 -22"><span class='ocrx_word' id='word_1_256' title='bbox 115 1911 201 1960; x_wconf 70' lang='grc' dir='ltr'><strong>ἀπὸ</strong></span> <span class='ocrx_word' id='word_1_257' title='bbox 227 1913 315 1979; x_wconf 83' lang='grc' dir='ltr'>τῆς</span> <span class='ocrx_word' id='word_1_258' title='bbox 339 1913 438 1980; x_wconf 77' lang='grc' dir='ltr'>γῆς</span> <span class='ocrx_word' id='word_1_259' title='bbox 471 1913 651 1980; x_wconf 76' lang='grc' dir='ltr'>ἀτμοὶ,</span> <span class='ocrx_word' id='word_1_260' title='bbox 685 1913 779 1962; x_wconf 77' lang='grc' dir='ltr'><strong>καὶ</strong></span> <span class='ocrx_word' id='word_1_261' title='bbox 809 1913 914 1964; x_wconf 83' lang='grc' dir='ltr'><strong>ἀπὸ</strong></span> <span class='ocrx_word' id='word_1_262' title='bbox 937 1913 1204 1982; x_wconf 73' lang='grc' dir='ltr'><strong>Θαλάσσης</strong></span> <span class='ocrx_word' id='word_1_263' title='bbox 1230 1913 1436 1981; x_wconf 84' lang='grc' dir='ltr'>ἄνεμοι,</span> <span class='ocrx_word' id='word_1_264' title='bbox 1466 1930 1620 1965; x_wconf 86' lang='grc' dir='ltr'>ποτα-</span> 
     </span>
    </p>
   </div>
   <div class='ocr_carea' id='block_1_37' title="bbox 116 1998 1618 2073">
    <p class='ocr_par' dir='ltr' id='par_1_37' title="bbox 116 1998 1618 2073">
     <span class='ocr_line' id='line_1_37' title="bbox 116 1998 1618 2073; baseline 0.003 -25"><span class='ocrx_word' id='word_1_265' title='bbox 116 2001 207 2067; x_wconf 85' lang='grc' dir='ltr'><strong>μῶν</strong></span> <span class='ocrx_word' id='word_1_266' title='bbox 224 2019 274 2052; x_wconf 91' lang='grc' dir='ltr'><strong>τε</strong></span> <span class='ocrx_word' id='word_1_267' title='bbox 302 1998 458 2069; x_wconf 77' lang='grc' dir='ltr'><strong>αὖραι</strong></span> <span class='ocrx_word' id='word_1_268' title='bbox 486 2003 578 2054; x_wconf 74' lang='grc' dir='ltr'>καὶ</span> <span class='ocrx_word' id='word_1_269' title='bbox 605 2003 833 2072; x_wconf 82' lang='grc' dir='ltr'><strong>λιμένων</strong></span> <span class='ocrx_word' id='word_1_270' title='bbox 853 2004 1130 2073; x_wconf 79' lang='grc' dir='ltr'>άνιμήσεις</span> <span class='ocrx_word' id='word_1_271' title='bbox 1157 2003 1525 2064; x_wconf 79' lang='grc' dir='ltr'>ἁποπνέουσιν,</span> <span class='ocrx_word' id='word_1_272' title='bbox 1546 2002 1618 2064; x_wconf 87' lang='grc' dir='ltr'>ὠς</span> 
     </span>
    </p>
   </div>
   <div class='ocr_carea' id='block_1_38' title="bbox 116 2091 1618 2163">
    <p class='ocr_par' dir='ltr' id='par_1_38' title="bbox 116 2091 1618 2163">
     <span class='ocr_line' id='line_1_38' title="bbox 116 2091 1618 2163; baseline 0.002 -23"><span class='ocrx_word' id='word_1_273' title='bbox 116 2091 398 2163; x_wconf 65' lang='grc' dir='ltr'>σηπομένων</span> <span class='ocrx_word' id='word_1_274' title='bbox 435 2093 492 2142; x_wconf 85' lang='grc' dir='ltr'>ὲν</span> <span class='ocrx_word' id='word_1_275' title='bbox 532 2095 661 2143; x_wconf 82' lang='grc' dir='ltr'>πᾶσι</span> <span class='ocrx_word' id='word_1_276' title='bbox 687 2095 794 2153; x_wconf 87' lang='grc' dir='ltr'>τοῖς</span> <span class='ocrx_word' id='word_1_277' title='bbox 825 2091 1193 2160; x_wconf 83' lang='grc' dir='ltr'><strong>ὑποκειμένοις</strong></span> <span class='ocrx_word' id='word_1_278' title='bbox 1231 2092 1506 2159; x_wconf 83' lang='grc' dir='ltr'>στοιχείοις</span> <span class='ocrx_word' id='word_1_279' title='bbox 1534 2109 1618 2143; x_wconf 91' lang='grc' dir='ltr'><strong>νε-</strong></span> 
     </span>
    </p>
   </div>
   <div class='ocr_carea' id='block_1_39' title="bbox 115 2176 1617 2251">
    <p class='ocr_par' dir='ltr' id='par_1_39' title="bbox 115 2176 1617 2251">
     <span class='ocr_line' id='line_1_39' title="bbox 115 2176 1617 2251; baseline 0.001 -22"><span class='ocrx_word' id='word_1_280' title='bbox 115 2181 235 2249; x_wconf 80' lang='grc' dir='ltr'>κρῶν</span> <span class='ocrx_word' id='word_1_281' title='bbox 256 2181 446 2251; x_wconf 80' lang='grc' dir='ltr'><strong>ἰχῶρας</strong></span> <span class='ocrx_word' id='word_1_282' title='bbox 471 2176 606 2234; x_wconf 74' lang='grc' dir='ltr'>εἶναι</span> <span class='ocrx_word' id='word_1_283' title='bbox 634 2180 726 2242; x_wconf 85' lang='grc' dir='ltr'>τὰς</span> <span class='ocrx_word' id='word_1_284' title='bbox 750 2180 982 2250; x_wconf 87' lang='grc' dir='ltr'><strong>δρόσους.</strong></span> <span class='ocrx_word' id='word_1_285' title='bbox 1020 2177 1149 2232; x_wconf 85' lang='grc' dir='ltr'>Εἶτα</span> <span class='ocrx_word' id='word_1_286' title='bbox 1180 2179 1506 2248; x_wconf 76' lang='grc' dir='ltr'>θαυμάζουσι</span> <span class='ocrx_word' id='word_1_287' title='bbox 1527 2181 1617 2232; x_wconf 78' lang='grc' dir='ltr'><strong>καὶ</strong></span> 
     </span>
    </p>
   </div>
   <div class='ocr_carea' id='block_1_40' title="bbox 112 2268 1616 2338">
    <p class='ocr_par' dir='ltr' id='par_1_40' title="bbox 112 2268 1616 2338">
     <span class='ocr_line' id='line_1_40' title="bbox 112 2268 1616 2338; baseline 0.001 -20"><span class='ocrx_word' id='word_1_288' title='bbox 112 2268 404 2338; x_wconf 78' lang='grc' dir='ltr'><strong>διαποροῦσι,</strong></span> <span class='ocrx_word' id='word_1_289' title='bbox 452 2269 609 2322; x_wconf 83' lang='grc' dir='ltr'>πόθεν</span> <span class='ocrx_word' id='word_1_290' title='bbox 653 2271 700 2321; x_wconf 78' lang='lat' dir='ltr'><strong>oi</strong></span> <span class='ocrx_word' id='word_1_291' title='bbox 741 2272 974 2337; x_wconf 81' lang='grc' dir='ltr'>συνεχεῖς</span> <span class='ocrx_word' id='word_1_292' title='bbox 1012 2269 1184 2337; x_wconf 77' lang='grc' dir='ltr'>λοιμοὶ</span> <span class='ocrx_word' id='word_1_293' title='bbox 1212 2268 1344 2338; x_wconf 76' lang='lat'>(73).</span> <span class='ocrx_word' id='word_1_294' title='bbox 1371 2270 1530 2321; x_wconf 84' lang='grc' dir='ltr'>πόθεν</span> <span class='ocrx_word' id='word_1_295' title='bbox 1562 2270 1616 2320; x_wconf 82' lang='grc' dir='ltr'>αἱ</span> 
     </span>
    </p>
   </div>
   <div class='ocr_carea' id='block_1_41' title="bbox 114 2358 1618 2430">
    <p class='ocr_par' dir='ltr' id='par_1_41' title="bbox 114 2358 1618 2430">
     <span class='ocr_line' id='line_1_41' title="bbox 114 2358 1618 2430; baseline 0.001 -22"><span class='ocrx_word' id='word_1_296' title='bbox 114 2358 312 2426; x_wconf 76' lang='grc' dir='ltr'><strong>χαλεπαὶ</strong></span> <span class='ocrx_word' id='word_1_297' title='bbox 332 2361 493 2422; x_wconf 84' lang='grc' dir='ltr'>νόσοι,</span> <span class='ocrx_word' id='word_1_298' title='bbox 530 2359 689 2412; x_wconf 80' lang='grc' dir='ltr'>πόθεν</span> <span class='ocrx_word' id='word_1_299' title='bbox 719 2362 771 2412; x_wconf 79' lang='grc' dir='ltr'><strong>αἱ</strong></span> <span class='ocrx_word' id='word_1_300' title='bbox 803 2359 1129 2412; x_wconf 76' lang='grc' dir='ltr'>παντοδαπαὶ</span> <span class='ocrx_word' id='word_1_301' title='bbox 1160 2359 1370 2430; x_wconf 79' lang='grc' dir='ltr'><strong>φθοραὶ,</strong></span> <span class='ocrx_word' id='word_1_302' title='bbox 1405 2359 1563 2410; x_wconf 83' lang='grc' dir='ltr'>πόθεν</span> <span class='ocrx_word' id='word_1_303' title='bbox 1590 2363 1618 2411; x_wconf 87' lang='grc' dir='ltr'>ὀ</span> 
     </span>
    </p>
   </div>
   <div class='ocr_carea' id='block_1_42' title="bbox 113 2448 1616 2520">
    <p class='ocr_par' dir='ltr' id='par_1_42' title="bbox 113 2448 1616 2520">
     <span class='ocr_line' id='line_1_42' title="bbox 113 2448 1616 2520; baseline 0.001 -22"><span class='ocrx_word' id='word_1_304' title='bbox 113 2450 316 2512; x_wconf 76' lang='grc' dir='ltr'>ποικίλος</span> <span class='ocrx_word' id='word_1_305' title='bbox 359 2453 452 2503; x_wconf 76' lang='grc' dir='ltr'><strong>καὶ</strong></span> <span class='ocrx_word' id='word_1_306' title='bbox 485 2452 646 2512; x_wconf 80' lang='grc' dir='ltr'>πολὺς</span> <span class='ocrx_word' id='word_1_307' title='bbox 677 2450 782 2501; x_wconf 84' lang='grc' dir='ltr'>τῶν</span> <span class='ocrx_word' id='word_1_308' title='bbox 809 2448 1101 2518; x_wconf 80' lang='grc' dir='ltr'><strong>ἀνθρώπων</strong></span> <span class='ocrx_word' id='word_1_309' title='bbox 1154 2450 1400 2520; x_wconf 76' lang='grc' dir='ltr'>ὄλεθροςο</span> <span class='ocrx_word' id='word_1_310' title='bbox 1451 2451 1534 2501; x_wconf 82' lang='grc' dir='ltr'><strong>διὰ</strong></span> <span class='ocrx_word' id='word_1_311' title='bbox 1567 2449 1616 2502; x_wconf 81' lang='grc' dir='ltr'><strong>τί</strong></span> 
     </span>
    </p>
   </div>
   <div class='ocr_carea' id='block_1_43' title="bbox 115 2540 1624 2612">
    <p class='ocr_par' dir='ltr' id='par_1_43' title="bbox 115 2540 1624 2612">
     <span class='ocr_line' id='line_1_43' title="bbox 115 2540 1624 2612; baseline 0 -21"><span class='ocrx_word' id='word_1_312' title='bbox 115 2541 278 2606; x_wconf 79' lang='grc' dir='ltr'>μηκέτι</span> <span class='ocrx_word' id='word_1_313' title='bbox 312 2540 557 2593; x_wconf 83' lang='grc' dir='ltr'>τοσοῦτον</span> <span class='ocrx_word' id='word_1_314' title='bbox 581 2541 776 2611; x_wconf 73' lang='grc' dir='ltr'>πλῆθος</span> <span class='ocrx_word' id='word_1_315' title='bbox 815 2542 1105 2612; x_wconf 78' lang='grc' dir='ltr'><strong>οἰκητόρων</strong></span> <span class='ocrx_word' id='word_1_316' title='bbox 1133 2542 1166 2610; x_wconf 79' lang='grc' dir='ltr'><strong>ἡ</strong></span> <span class='ocrx_word' id='word_1_317' title='bbox 1199 2541 1424 2610; x_wconf 83' lang='grc' dir='ltr'>μεγίστη</span> <span class='ocrx_word' id='word_1_318' title='bbox 1467 2540 1624 2602; x_wconf 67' lang='grc' dir='ltr'>πόλις.</span> 
     </span>
    </p>
   </div>
   <div class='ocr_carea' id='block_1_44' title="bbox 111 2631 1617 2702">
    <p class='ocr_par' dir='ltr' id='par_1_44' title="bbox 111 2631 1617 2702">
     <span class='ocr_line' id='line_1_44' title="bbox 111 2631 1617 2702; baseline 0.001 -22"><span class='ocrx_word' id='word_1_319' title='bbox 111 2632 154 2681; x_wconf 86' lang='grc' dir='ltr'>ἐν</span> <span class='ocrx_word' id='word_1_320' title='bbox 194 2633 314 2702; x_wconf 79' lang='grc' dir='ltr'>αὐτῇ</span> <span class='ocrx_word' id='word_1_321' title='bbox 345 2633 515 2702; x_wconf 81' lang='grc' dir='ltr'><strong>φέρει,</strong></span> <span class='ocrx_word' id='word_1_322' title='bbox 556 2632 663 2684; x_wconf 81' lang='grc' dir='ltr'>ἀπὸ</span> <span class='ocrx_word' id='word_1_323' title='bbox 686 2633 889 2702; x_wconf 83' lang='grc' dir='ltr'><strong>νηπίων</strong></span> <span class='ocrx_word' id='word_1_324' title='bbox 923 2632 1194 2702; x_wconf 79' lang='grc' dir='ltr'>ἀρξαμένη</span> <span class='ocrx_word' id='word_1_325' title='bbox 1228 2632 1425 2683; x_wconf 83' lang='grc' dir='ltr'>παίδων</span> <span class='ocrx_word' id='word_1_326' title='bbox 1461 2631 1617 2700; x_wconf 85' lang='grc' dir='ltr'>μέχρι</span> 
     </span>
    </p>
   </div>
   <div class='ocr_carea' id='block_1_45' title="bbox 109 2712 1616 2794">
    <p class='ocr_par' dir='ltr' id='par_1_45' title="bbox 109 2712 1616 2794">
     <span class='ocr_line' id='line_1_45' title="bbox 109 2712 1616 2794; baseline 0.001 -24"><span class='ocrx_word' id='word_1_327' title='bbox 109 2722 197 2773; x_wconf 80' lang='grc' dir='ltr'><strong>τῶν</strong></span> <span class='ocrx_word' id='word_1_328' title='bbox 221 2725 290 2785; x_wconf 75' lang='grc' dir='ltr'><strong>εἰς</strong></span> <span class='ocrx_word' id='word_1_329' title='bbox 319 2725 479 2794; x_wconf 83' lang='grc' dir='ltr'>ἄκρον</span> <span class='ocrx_word' id='word_1_330' title='bbox 505 2722 899 2791; x_wconf 81' lang='grc' dir='ltr'><strong>γεγηρακότων,</strong></span> <span class='ocrx_word' id='word_1_331' title='bbox 928 2724 1080 2784; x_wconf 82' lang='grc' dir='ltr'>ὅσους</span> <span class='ocrx_word' id='word_1_332' title='bbox 1113 2721 1484 2791; x_wconf 84' lang='grc' dir='ltr'>ὡμογέροντας</span> <span class='ocrx_word' id='word_1_333' title='bbox 1508 2712 1616 2790; x_wconf 60' lang='grc'>(74)</span> 
     </span>
    </p>
   </div>
   <div class='ocr_carea' id='block_1_46' title="bbox 108 2810 1618 2885">
    <p class='ocr_par' dir='ltr' id='par_1_46' title="bbox 108 2810 1618 2885">
     <span class='ocr_line' id='line_1_46' title="bbox 108 2810 1618 2885; baseline 0.001 -25"><span class='ocrx_word' id='word_1_334' title='bbox 108 2810 184 2872; x_wconf 69' lang='grc' dir='ltr'>οὓς</span> <span class='ocrx_word' id='word_1_335' title='bbox 213 2813 378 2864; x_wconf 78' lang='grc' dir='ltr'>ἐκάλει</span> <span class='ocrx_word' id='word_1_336' title='bbox 407 2815 664 2885; x_wconf 82' lang='grc' dir='ltr'>πρότερον</span> <span class='ocrx_word' id='word_1_337' title='bbox 687 2814 840 2876; x_wconf 74' lang='grc' dir='ltr'>ὄντας</span> <span class='ocrx_word' id='word_1_338' title='bbox 864 2813 1082 2883; x_wconf 75' lang='grc' dir='ltr'>ἔτρεφεν</span> <span class='ocrx_word' id='word_1_339' title='bbox 1105 2830 1118 2841; x_wconf 87' lang='grc'><strong>·</strong></span> <span class='ocrx_word' id='word_1_340' title='bbox 1155 2812 1266 2864; x_wconf 86' lang='grc' dir='ltr'>ἁλλ’</span> <span class='ocrx_word' id='word_1_341' title='bbox 1298 2814 1345 2863; x_wconf 81' lang='grc' dir='ltr'><strong>οἱ</strong></span> <span class='ocrx_word' id='word_1_342' title='bbox 1366 2829 1618 2881; x_wconf 85' lang='grc' dir='ltr'>τεσσαρα-</span> 
     </span>
    </p>
   </div>
   <div class='ocr_carea' id='block_1_47' title="bbox 109 2894 1618 2975">
    <p class='ocr_par' dir='ltr' id='par_1_47' title="bbox 109 2894 1618 2975">
     <span class='ocr_line' id='line_1_47' title="bbox 109 2894 1618 2975; baseline 0.002 -24"><span class='ocrx_word' id='word_1_343' title='bbox 109 2904 351 2955; x_wconf 75' lang='grc' dir='ltr'>κοντοῦται</span> <span class='ocrx_word' id='word_1_344' title='bbox 394 2907 487 2956; x_wconf 81' lang='grc' dir='ltr'>καὶ</span> <span class='ocrx_word' id='word_1_345' title='bbox 522 2907 681 2975; x_wconf 82' lang='grc' dir='ltr'>μέχρι</span> <span class='ocrx_word' id='word_1_346' title='bbox 725 2905 828 2958; x_wconf 83' lang='grc' dir='ltr'>τῶν</span> <span class='ocrx_word' id='word_1_347' title='bbox 860 2894 1218 2974; x_wconf 73' lang='grc' dir='ltr'>ἐΰδόμήκοντα</span> <span class='ocrx_word' id='word_1_348' title='bbox 1257 2903 1412 2967; x_wconf 78' lang='grc' dir='ltr'>ἐτῶν,</span> <span class='ocrx_word' id='word_1_349' title='bbox 1438 2902 1618 2956; x_wconf 79' lang='grc' dir='ltr'>τοσοῦ-</span> 
     </span>
    </p>
   </div>
   <div class='ocr_carea' id='block_1_48' title="bbox 107 2994 1615 3066">
    <p class='ocr_par' dir='ltr' id='par_1_48' title="bbox 107 2994 1615 3066">
     <span class='ocr_line' id='line_1_48' title="bbox 107 2994 1615 3066; baseline 0.005 -26"><span class='ocrx_word' id='word_1_350' title='bbox 107 3008 179 3041; x_wconf 65' lang='grc' dir='ltr'><strong>τον</strong></span> <span class='ocrx_word' id='word_1_351' title='bbox 206 2995 428 3056; x_wconf 77' lang='grc' dir='ltr'>πλείονες</span> <span class='ocrx_word' id='word_1_352' title='bbox 458 2996 598 3060; x_wconf 77' lang='grc' dir='ltr'>τότε,</span> <span class='ocrx_word' id='word_1_353' title='bbox 642 2997 776 3048; x_wconf 87' lang='grc' dir='ltr'>ὥστε</span> <span class='ocrx_word' id='word_1_354' title='bbox 825 2995 896 3064; x_wconf 82' lang='grc' dir='ltr'>μὴ</span> <span class='ocrx_word' id='word_1_355' title='bbox 933 2995 1365 3066; x_wconf 80' lang='grc' dir='ltr'>συμπληροῦσθαι</span> <span class='ocrx_word' id='word_1_356' title='bbox 1405 2994 1496 3046; x_wconf 77' lang='grc' dir='ltr'><strong>νῦν</strong></span> <span class='ocrx_word' id='word_1_357' title='bbox 1527 2995 1615 3048; x_wconf 85' lang='grc' dir='ltr'>τὸν</span> 
     </span>
    </p>
   </div>
   <div class='ocr_carea' id='block_1_49' title="bbox 109 3073 1613 3150">
    <p class='ocr_par' dir='ltr' id='par_1_49' title="bbox 109 3073 1613 3150">
     <span class='ocr_line' id='line_1_49' title="bbox 109 3073 1613 3150; baseline 0.005 -24"><span class='ocrx_word' id='word_1_358' title='bbox 109 3073 302 3142; x_wconf 74' lang='grc' dir='ltr'>ἀριθμὸν</span> <span class='ocrx_word' id='word_1_359' title='bbox 341 3079 517 3129; x_wconf 77' lang='grc' dir='ltr'>αὐτῶν</span> <span class='ocrx_word' id='word_1_360' title='bbox 542 3081 1053 3150; x_wconf 81' lang='grc' dir='ltr'>προσεγγραφέντων</span> <span class='ocrx_word' id='word_1_361' title='bbox 1077 3084 1168 3133; x_wconf 65' lang='grc' dir='ltr'>καὶ</span> <span class='ocrx_word' id='word_1_362' title='bbox 1201 3081 1613 3149; x_wconf 81' lang='grc' dir='ltr'>συγκαταλεγέν-</span> 
     </span>
    </p>
   </div>
   <div class='ocr_carea' id='block_1_50' title="bbox 109 3167 1616 3241">
    <p class='ocr_par' dir='ltr' id='par_1_50' title="bbox 109 3167 1616 3241">
     <span class='ocr_line' id='line_1_50' title="bbox 109 3167 1616 3241; baseline 0.009 -30"><span class='ocrx_word' id='word_1_363' title='bbox 109 3178 196 3214; x_wconf 81' lang='grc' dir='ltr'>των</span> <span class='ocrx_word' id='word_1_364' title='bbox 227 3167 297 3227; x_wconf 80' lang='grc' dir='ltr'>εἰς</span> <span class='ocrx_word' id='word_1_365' title='bbox 321 3168 380 3218; x_wconf 72' lang='grc' dir='ltr'>τὸ</span> <span class='ocrx_word' id='word_1_366' title='bbox 411 3169 660 3237; x_wconf 87' lang='grc' dir='ltr'>δημόσιον</span> <span class='ocrx_word' id='word_1_367' title='bbox 703 3173 1018 3240; x_wconf 86' lang='grc' dir='ltr'>σιτηρέσιον,</span> <span class='ocrx_word' id='word_1_368' title='bbox 1063 3173 1170 3224; x_wconf 83' lang='grc' dir='ltr'><strong>τῶν</strong></span> <span class='ocrx_word' id='word_1_369' title='bbox 1197 3173 1302 3225; x_wconf 81' lang='grc' dir='ltr'><strong>ἀπὸ</strong></span> <span class='ocrx_word' id='word_1_370' title='bbox 1330 3189 1616 3241; x_wconf 88' lang='grc' dir='ltr'>τεσσαρεσ-</span> 
     </span>
    </p>
   </div>
   <div class='ocr_carea' id='block_1_51' title="bbox 107 3251 1614 3329">
    <p class='ocr_par' dir='ltr' id='par_1_51' title="bbox 107 3251 1614 3329">
     <span class='ocr_line' id='line_1_51' title="bbox 107 3251 1614 3329; baseline 0.009 -30"><span class='ocrx_word' id='word_1_371' title='bbox 107 3251 297 3304; x_wconf 80' lang='grc' dir='ltr'>καίδεκα</span> <span class='ocrx_word' id='word_1_372' title='bbox 333 3255 462 3305; x_wconf 77' lang='grc' dir='ltr'>ἐτῶν</span> <span class='ocrx_word' id='word_1_373' title='bbox 495 3257 652 3326; x_wconf 81' lang='grc' dir='ltr'>μέχρι</span> <span class='ocrx_word' id='word_1_374' title='bbox 682 3258 786 3310; x_wconf 82' lang='grc' dir='ltr'><strong>τῶν</strong></span> <span class='ocrx_word' id='word_1_375' title='bbox 810 3261 1160 3329; x_wconf 83' lang='grc' dir='ltr'>ὀγδοήκοντα·</span> <span class='ocrx_word' id='word_1_376' title='bbox 1212 3262 1301 3312; x_wconf 78' lang='grc' dir='ltr'><strong>καὶ</strong></span> <span class='ocrx_word' id='word_1_377' title='bbox 1336 3265 1614 3328; x_wconf 82' lang='grc' dir='ltr'>γεγόνασιν</span> 
     </span>
    </p>
   </div>
   <div class='ocr_carea' id='block_1_52' title="bbox 107 3335 1616 3418">
    <p class='ocr_par' dir='ltr' id='par_1_52' title="bbox 107 3335 1616 3418">
     <span class='ocr_line' id='line_1_52' title="bbox 107 3335 1616 3418; baseline 0.009 -29"><span class='ocrx_word' id='word_1_378' title='bbox 107 3335 196 3391; x_wconf 78' lang='grc' dir='ltr'>οἷον</span> <span class='ocrx_word' id='word_1_379' title='bbox 223 3343 488 3410; x_wconf 76' lang='grc' dir='ltr'>ἡλικιῶται</span> <span class='ocrx_word' id='word_1_380' title='bbox 523 3348 628 3397; x_wconf 85' lang='grc' dir='ltr'>τῶν</span> <span class='ocrx_word' id='word_1_381' title='bbox 674 3348 836 3399; x_wconf 82' lang='grc' dir='ltr'>πάλαι</span> <span class='ocrx_word' id='word_1_382' title='bbox 879 3351 1226 3418; x_wconf 85' lang='grc' dir='ltr'>γεραιτάτων,</span> <span class='ocrx_word' id='word_1_383' title='bbox 1275 3353 1320 3401; x_wconf 88' lang='grc' dir='ltr'><strong>οἱ</strong></span> <span class='ocrx_word' id='word_1_384' title='bbox 1350 3352 1466 3418; x_wconf 70' lang='grc' dir='ltr'>ὄψει</span> <span class='ocrx_word' id='word_1_385' title='bbox 1490 3351 1616 3402; x_wconf 83' lang='grc' dir='ltr'><strong>νεώ-</strong></span> 
     </span>
    </p>
   </div>
   <div class='ocr_carea' id='block_1_53' title="bbox 106 3431 1614 3505">
    <p class='ocr_par' dir='ltr' id='par_1_53' title="bbox 106 3431 1614 3505">
     <span class='ocr_line' id='line_1_53' title="bbox 106 3431 1614 3505; baseline 0.007 -28"><span class='ocrx_word' id='word_1_386' title='bbox 106 3444 248 3479; x_wconf 83' lang='grc' dir='ltr'>τατοι.</span> <span class='ocrx_word' id='word_1_387' title='bbox 294 3432 396 3482; x_wconf 77' lang='grc' dir='ltr'><strong>Καὶ</strong></span> <span class='ocrx_word' id='word_1_388' title='bbox 436 3431 578 3483; x_wconf 76' lang='grc' dir='ltr'>οὕτω</span> <span class='ocrx_word' id='word_1_389' title='bbox 612 3433 922 3501; x_wconf 86' lang='grc' dir='ltr'>μειούμενον</span> <span class='ocrx_word' id='word_1_390' title='bbox 965 3436 1049 3486; x_wconf 74' lang='grc' dir='ltr'><strong>ἀεὶ</strong></span> <span class='ocrx_word' id='word_1_391' title='bbox 1099 3438 1191 3486; x_wconf 77' lang='grc' dir='ltr'><strong>καὶ</strong></span> <span class='ocrx_word' id='word_1_392' title='bbox 1239 3436 1614 3505; x_wconf 83' lang='grc' dir='ltr'><strong>δαπανώμενον</strong></span> 
     </span>
    </p>
   </div>
   <div class='ocr_carea' id='block_1_54' title="bbox 106 3516 1610 3589">
    <p class='ocr_par' dir='ltr' id='par_1_54' title="bbox 106 3516 1610 3589">
     <span class='ocr_line' id='line_1_54' title="bbox 106 3516 1610 3589; baseline 0.004 -22"><span class='ocrx_word' id='word_1_393' title='bbox 106 3516 305 3585; x_wconf 77' lang='grc' dir='ltr'>ὁρῶντες</span> <span class='ocrx_word' id='word_1_394' title='bbox 339 3518 397 3569; x_wconf 71' lang='grc' dir='ltr'>τὲ</span> <span class='ocrx_word' id='word_1_395' title='bbox 435 3519 525 3569; x_wconf 74' lang='grc' dir='ltr'>ἐπὶ</span> <span class='ocrx_word' id='word_1_396' title='bbox 553 3523 653 3588; x_wconf 84' lang='grc' dir='ltr'><strong>γῆς</strong></span> <span class='ocrx_word' id='word_1_397' title='bbox 680 3519 972 3585; x_wconf 78' lang='grc' dir='ltr'>ἀνθρώπων</span> <span class='ocrx_word' id='word_1_398' title='bbox 1009 3521 1179 3588; x_wconf 84' lang='grc' dir='ltr'>γένος,</span> <span class='ocrx_word' id='word_1_399' title='bbox 1214 3523 1272 3572; x_wconf 83' lang='grc' dir='ltr'>οὐ</span> <span class='ocrx_word' id='word_1_400' title='bbox 1307 3522 1610 3589; x_wconf 83' lang='grc' dir='ltr'>τρέμουσιν,</span> 
     </span>
    </p>
   </div>
   <div class='ocr_carea' id='block_1_55' title="bbox 108 3607 1612 3677">
    <p class='ocr_par' dir='ltr' id='par_1_55' title="bbox 108 3607 1612 3677">
     <span class='ocr_line' id='line_1_55' title="bbox 108 3607 1612 3677; baseline 0.004 -22"><span class='ocrx_word' id='word_1_401' title='bbox 108 3607 366 3676; x_wconf 74' lang='grc' dir='ltr'>αὐξομένου</span> <span class='ocrx_word' id='word_1_402' title='bbox 411 3609 505 3660; x_wconf 75' lang='grc' dir='ltr'>καὶ</span> <span class='ocrx_word' id='word_1_403' title='bbox 547 3609 933 3677; x_wconf 85' lang='grc' dir='ltr'>προκόπτοντος</span> <span class='ocrx_word' id='word_1_404' title='bbox 987 3610 1078 3660; x_wconf 84' lang='grc' dir='ltr'><strong>τοῦ</strong></span> <span class='ocrx_word' id='word_1_405' title='bbox 1127 3610 1413 3671; x_wconf 80' lang='grc' dir='ltr'>παντελοῦς</span> <span class='ocrx_word' id='word_1_406' title='bbox 1441 3611 1612 3662; x_wconf 78' lang='grc' dir='ltr'>αὐτῶν</span> 
     </span>
    </p>
   </div>
   <div class='ocr_carea' id='block_1_56' title="bbox 106 3693 444 3766">
    <p class='ocr_par' dir='ltr' id='par_1_56' title="bbox 106 3693 444 3766">
     <span class='ocr_line' id='line_1_56' title="bbox 106 3693 444 3766; baseline 0.009 -20"><span class='ocrx_word' id='word_1_407' title='bbox 106 3693 395 3766; x_wconf 58' lang='grc' dir='ltr'>α’ρανισμοῦ.</span> <span class='ocrx_word' id='word_1_408' title='bbox 426 3717 444 3749; x_wconf 78' lang='lat' dir='ltr'><strong>s</strong></span> 
     </span>
    </p>
   </div>
   <div class='ocr_carea' id='block_1_57' title="bbox 1719 1817 3248 1885">
    <p class='ocr_par' dir='ltr' id='par_1_57' title="bbox 1719 1817 3248 1885">
     <span class='ocr_line' id='line_1_57' title="bbox 1719 1817 3248 1885; baseline -0.003 -11"><span class='ocrx_word' id='word_1_409' title='bbox 1719 1831 1804 1874; x_wconf 88' lang='lat' dir='ltr'><strong>tur</strong></span> <span class='ocrx_word' id='word_1_410' title='bbox 1849 1821 2048 1885; x_wconf 88' lang='lat' dir='ltr'><strong>alveos,</strong></span> <span class='ocrx_word' id='word_1_411' title='bbox 2104 1820 2157 1873; x_wconf 93' lang='lat' dir='ltr'><strong>in</strong></span> <span class='ocrx_word' id='word_1_412' title='bbox 2200 1834 2360 1872; x_wconf 90' lang='lat' dir='ltr'><strong>unum</strong></span> <span class='ocrx_word' id='word_1_413' title='bbox 2403 1819 2599 1872; x_wconf 87' lang='lat' dir='ltr'><strong>Geonis</strong></span> <span class='ocrx_word' id='word_1_414' title='bbox 2647 1819 2852 1872; x_wconf 86' lang='lat' dir='ltr'><strong>alveum</strong></span> <span class='ocrx_word' id='word_1_415' title='bbox 2897 1817 3248 1879; x_wconf 88' lang='lat' dir='ltr'><strong>transfundat,</strong></span> 
     </span>
    </p>
   </div>
   <div class='ocr_carea' id='block_1_58' title="bbox 1719 1908 3248 1976">
    <p class='ocr_par' dir='ltr' id='par_1_58' title="bbox 1719 1908 3248 1976">
     <span class='ocr_line' id='line_1_58' title="bbox 1719 1908 3248 1976; baseline -0.002 -13"><span class='ocrx_word' id='word_1_416' title='bbox 1719 1920 1921 1964; x_wconf 86' lang='lat' dir='ltr'><strong>tantam</strong></span> <span class='ocrx_word' id='word_1_417' title='bbox 1951 1912 2091 1964; x_wconf 89' lang='lat' dir='ltr'><strong>hanc</strong></span> <span class='ocrx_word' id='word_1_418' title='bbox 2130 1909 2306 1962; x_wconf 85' lang='lat' dir='ltr'><strong>abluet</strong></span> <span class='ocrx_word' id='word_1_419' title='bbox 2343 1908 2588 1960; x_wconf 79' lang='lat' dir='ltr'><strong>saniem?</strong></span> <span class='ocrx_word' id='word_1_420' title='bbox 2624 1908 2912 1976; x_wconf 86' lang='lat' dir='ltr'><strong>Ecqnando</strong></span> <span class='ocrx_word' id='word_1_421' title='bbox 2933 1909 3248 1964; x_wconf 79' lang='lat' dir='ltr'><strong>scelestissi-</strong></span> 
     </span>
    </p>
   </div>
   <div class='ocr_carea' id='block_1_59' title="bbox 1716 1999 3249 2068">
    <p class='ocr_par' dir='ltr' id='par_1_59' title="bbox 1716 1999 3249 2068">
     <span class='ocr_line' id='line_1_59' title="bbox 1716 1999 3249 2068; baseline 0.001 -15"><span class='ocrx_word' id='word_1_422' title='bbox 1716 2001 1818 2053; x_wconf 86' lang='lat' dir='ltr'><strong>niis</strong></span> <span class='ocrx_word' id='word_1_423' title='bbox 1856 2000 2206 2068; x_wconf 89' lang='lat' dir='ltr'><strong>undecunque</strong></span> <span class='ocrx_word' id='word_1_424' title='bbox 2243 1999 2526 2067; x_wconf 88' lang='lat' dir='ltr'><strong>vaporibus</strong></span> <span class='ocrx_word' id='word_1_425' title='bbox 2567 1999 2908 2054; x_wconf 87' lang='lat' dir='ltr'><strong>obnubilatus</strong></span> <span class='ocrx_word' id='word_1_426' title='bbox 2948 2017 3061 2065; x_wconf 88' lang='lat' dir='ltr'><strong>aer,</strong></span> <span class='ocrx_word' id='word_1_427' title='bbox 3085 2016 3249 2068; x_wconf 87' lang='lat' dir='ltr'><strong>purus</strong></span> 
     </span>
    </p>
   </div>
   <div class='ocr_carea' id='block_1_60' title="bbox 1718 2087 3249 2155">
    <p class='ocr_par' dir='ltr' id='par_1_60' title="bbox 1718 2087 3249 2155">
     <span class='ocr_line' id='line_1_60' title="bbox 1718 2087 3249 2155; baseline 0.002 -16"><span class='ocrx_word' id='word_1_428' title='bbox 1718 2089 1927 2140; x_wconf 90' lang='lat' dir='ltr'><strong>tandem</strong></span> <span class='ocrx_word' id='word_1_429' title='bbox 1955 2103 2282 2155; x_wconf 87' lang='lat' dir='ltr'><strong>serenusque</strong></span> <span class='ocrx_word' id='word_1_430' title='bbox 2307 2088 2588 2140; x_wconf 75' lang='lat' dir='ltr'><strong>reddetur?</strong></span> <span class='ocrx_word' id='word_1_431' title='bbox 2606 2087 2915 2155; x_wconf 85' lang='lat' dir='ltr'><strong>Ilujusmodi</strong></span> <span class='ocrx_word' id='word_1_432' title='bbox 2947 2091 3089 2142; x_wconf 92' lang='lat' dir='ltr'><strong>enim</strong></span> <span class='ocrx_word' id='word_1_433' title='bbox 3113 2090 3249 2143; x_wconf 53' lang='lat' dir='ltr'><strong>hali-</strong></span> 
     </span>
    </p>
   </div>
   <div class='ocr_carea' id='block_1_61' title="bbox 1719 2177 3246 2245">
    <p class='ocr_par' dir='ltr' id='par_1_61' title="bbox 1719 2177 3246 2245">
     <span class='ocr_line' id='line_1_61' title="bbox 1719 2177 3246 2245; baseline 0.003 -17"><span class='ocrx_word' id='word_1_434' title='bbox 1719 2187 1800 2229; x_wconf 91' lang='lat' dir='ltr'><strong>tus</strong></span> <span class='ocrx_word' id='word_1_435' title='bbox 1832 2192 1897 2230; x_wconf 81' lang='lat' dir='ltr'><strong>ex</strong></span> <span class='ocrx_word' id='word_1_436' title='bbox 1929 2188 2107 2241; x_wconf 89' lang='lat' dir='ltr'><strong>terra;</strong></span> <span class='ocrx_word' id='word_1_437' title='bbox 2138 2193 2200 2229; x_wconf 83' lang='lat' dir='ltr'><strong>ex</strong></span> <span class='ocrx_word' id='word_1_438' title='bbox 2248 2177 2380 2229; x_wconf 90' lang='lat' dir='ltr'><strong>mari</strong></span> <span class='ocrx_word' id='word_1_439' title='bbox 2428 2178 2601 2240; x_wconf 90' lang='lat' dir='ltr'><strong>venti;</strong></span> <span class='ocrx_word' id='word_1_440' title='bbox 2648 2193 2712 2245; x_wconf 84' lang='lat' dir='ltr'><strong>ex</strong></span> <span class='ocrx_word' id='word_1_441' title='bbox 2743 2178 3048 2232; x_wconf 89' lang='lat' dir='ltr'><strong>ﬂuminibus</strong></span> <span class='ocrx_word' id='word_1_442' title='bbox 3079 2194 3246 2243; x_wconf 64' lang='lat' dir='ltr'><strong>aurai,</strong></span> 
     </span>
    </p>
   </div>
   <div class='ocr_carea' id='block_1_62' title="bbox 1715 2269 3245 2336">
    <p class='ocr_par' dir='ltr' id='par_1_62' title="bbox 1715 2269 3245 2336">
     <span class='ocr_line' id='line_1_62' title="bbox 1715 2269 3245 2336; baseline 0.004 -18"><span class='ocrx_word' id='word_1_443' title='bbox 1715 2282 1778 2318; x_wconf 80' lang='lat' dir='ltr'><strong>ex</strong></span> <span class='ocrx_word' id='word_1_444' title='bbox 1808 2270 2068 2335; x_wconf 91' lang='lat' dir='ltr'><strong>portubus</strong></span> <span class='ocrx_word' id='word_1_445' title='bbox 2111 2269 2362 2335; x_wconf 85' lang='lat' dir='ltr'><strong>fuligines</strong></span> <span class='ocrx_word' id='word_1_446' title='bbox 2402 2269 2628 2336; x_wconf 88' lang='lat' dir='ltr'><strong>spirant,</strong></span> <span class='ocrx_word' id='word_1_447' title='bbox 2670 2280 2729 2322; x_wconf 90' lang='lat' dir='ltr'><strong>ut</strong></span> <span class='ocrx_word' id='word_1_448' title='bbox 2767 2269 3152 2324; x_wconf 85' lang='lat' dir='ltr'><strong>tabescentium</strong></span> <span class='ocrx_word' id='word_1_449' title='bbox 3194 2273 3245 2324; x_wconf 93' lang='lat' dir='ltr'><strong>in</strong></span> 
     </span>
    </p>
   </div>
   <div class='ocr_carea' id='block_1_63' title="bbox 1715 2357 3249 2441">
    <p class='ocr_par' dir='ltr' id='par_1_63' title="bbox 1715 2357 3249 2441">
     <span class='ocr_line' id='line_1_63' title="bbox 1715 2357 3249 2441; baseline 0.003 -32"><span class='ocrx_word' id='word_1_450' title='bbox 1715 2357 1964 2409; x_wconf 88' lang='lat' dir='ltr'><strong>omnibus</strong></span> <span class='ocrx_word' id='word_1_451' title='bbox 1994 2357 2398 2422; x_wconf 73' lang='lat' dir='ltr'><strong>subiacentibus</strong></span> <span class='ocrx_word' id='word_1_452' title='bbox 2421 2358 2700 2410; x_wconf 88' lang='lat' dir='ltr'><strong>elementis</strong></span> <span class='ocrx_word' id='word_1_453' title='bbox 2723 2359 3042 2412; x_wconf 87' lang='lat' dir='ltr'><strong>cadaverum</strong></span> <span class='ocrx_word' id='word_1_454' title='bbox 3071 2359 3249 2441; x_wconf 52' lang='lat' dir='ltr'><strong>sanies</strong></span> 
     </span>
    </p>
   </div>
   <div class='ocr_carea' id='block_1_64' title="bbox 1715 2447 3248 2518">
    <p class='ocr_par' dir='ltr' id='par_1_64' title="bbox 1715 2447 3248 2518">
     <span class='ocr_line' id='line_1_64' title="bbox 1715 2447 3248 2518; baseline 0.003 -20"><span class='ocrx_word' id='word_1_455' title='bbox 1715 2461 1812 2512; x_wconf 92' lang='lat' dir='ltr'><strong>pro</strong></span> <span class='ocrx_word' id='word_1_456' title='bbox 1860 2462 1980 2500; x_wconf 91' lang='lat' dir='ltr'><strong>rore</strong></span> <span class='ocrx_word' id='word_1_457' title='bbox 2013 2449 2104 2500; x_wconf 90' lang='lat' dir='ltr'><strong>sit.</strong></span> <span class='ocrx_word' id='word_1_458' title='bbox 2147 2447 2212 2500; x_wconf 88' lang='lat' dir='ltr'><strong>Et</strong></span> <span class='ocrx_word' id='word_1_459' title='bbox 2255 2455 2373 2515; x_wconf 89' lang='lat' dir='ltr'><strong>post</strong></span> <span class='ocrx_word' id='word_1_460' title='bbox 2415 2448 2527 2501; x_wconf 67' lang='lat' dir='ltr'><strong>hac</strong></span> <span class='ocrx_word' id='word_1_461' title='bbox 2564 2450 2828 2502; x_wconf 87' lang='lat' dir='ltr'><strong>mirantur</strong></span> <span class='ocrx_word' id='word_1_462' title='bbox 2877 2458 2931 2502; x_wconf 92' lang='lat' dir='ltr'><strong>et</strong></span> <span class='ocrx_word' id='word_1_463' title='bbox 2973 2449 3248 2518; x_wconf 74' lang='lat' dir='ltr'><strong>ambigunt</strong></span> 
     </span>
    </p>
   </div>
   <div class='ocr_carea' id='block_1_65' title="bbox 1716 2536 3247 2610">
    <p class='ocr_par' dir='ltr' id='par_1_65' title="bbox 1716 2536 3247 2610">
     <span class='ocr_line' id='line_1_65' title="bbox 1716 2536 3247 2610; baseline 0.003 -22"><span class='ocrx_word' id='word_1_464' title='bbox 1716 2536 1978 2602; x_wconf 85' lang='lat' dir='ltr'><strong>homines,</strong></span> <span class='ocrx_word' id='word_1_465' title='bbox 2015 2539 2275 2591; x_wconf 88' lang='lat' dir='ltr'><strong>undenam</strong></span> <span class='ocrx_word' id='word_1_466' title='bbox 2304 2539 2567 2592; x_wconf 71' lang='lat' dir='ltr'><strong>continua:</strong></span> <span class='ocrx_word' id='word_1_467' title='bbox 2599 2548 2793 2607; x_wconf 82' lang='lat' dir='ltr'><strong>pestes,</strong></span> <span class='ocrx_word' id='word_1_468' title='bbox 2828 2540 3092 2593; x_wconf 86' lang='lat' dir='ltr'><strong>undenam</strong></span> <span class='ocrx_word' id='word_1_469' title='bbox 3126 2556 3247 2610; x_wconf 77' lang='lat' dir='ltr'><strong>gra-</strong></span> 
     </span>
    </p>
   </div>
   <div class='ocr_carea' id='block_1_66' title="bbox 1716 2626 3250 2700">
    <p class='ocr_par' dir='ltr' id='par_1_66' title="bbox 1716 2626 3250 2700">
     <span class='ocr_line' id='line_1_66' title="bbox 1716 2626 3250 2700; baseline 0.007 -24"><span class='ocrx_word' id='word_1_470' title='bbox 1716 2639 1806 2677; x_wconf 90' lang='lat' dir='ltr'><strong>ves</strong></span> <span class='ocrx_word' id='word_1_471' title='bbox 1836 2626 2001 2678; x_wconf 92' lang='lat' dir='ltr'><strong>morbi</strong></span> <span class='ocrx_word' id='word_1_472' title='bbox 2046 2627 2326 2695; x_wconf 87' lang='lat' dir='ltr'><strong>omnisque</strong></span> <span class='ocrx_word' id='word_1_473' title='bbox 2372 2629 2583 2696; x_wconf 81' lang='lat' dir='ltr'><strong>generis</strong></span> <span class='ocrx_word' id='word_1_474' title='bbox 2622 2629 2789 2693; x_wconf 88' lang='lat' dir='ltr'><strong>labes,</strong></span> <span class='ocrx_word' id='word_1_475' title='bbox 2831 2639 2886 2684; x_wconf 95' lang='lat' dir='ltr'><strong>et</strong></span> <span class='ocrx_word' id='word_1_476' title='bbox 2925 2631 3250 2700; x_wconf 86' lang='lat' dir='ltr'><strong>multiplices</strong></span> 
     </span>
    </p>
   </div>
   <div class='ocr_carea' id='block_1_67' title="bbox 1715 2717 3250 2787">
    <p class='ocr_par' dir='ltr' id='par_1_67' title="bbox 1715 2717 3250 2787">
     <span class='ocr_line' id='line_1_67' title="bbox 1715 2717 3250 2787; baseline 0.006 -20"><span class='ocrx_word' id='word_1_477' title='bbox 1715 2717 1958 2784; x_wconf 90' lang='lat' dir='ltr'><strong>variique</strong></span> <span class='ocrx_word' id='word_1_478' title='bbox 1984 2718 2272 2770; x_wconf 87' lang='lat' dir='ltr'><strong>hominum</strong></span> <span class='ocrx_word' id='word_1_479' title='bbox 2318 2719 2565 2772; x_wconf 90' lang='lat' dir='ltr'><strong>interitus</strong></span> <span class='ocrx_word' id='word_1_480' title='bbox 2595 2737 2608 2771; x_wconf 90' lang='lat'><strong>:</strong></span> <span class='ocrx_word' id='word_1_481' title='bbox 2643 2721 2770 2787; x_wconf 88' lang='lat' dir='ltr'><strong>quid</strong></span> <span class='ocrx_word' id='word_1_482' title='bbox 2813 2735 2990 2774; x_wconf 66' lang='lat' dir='ltr'><strong>causa:</strong></span> <span class='ocrx_word' id='word_1_483' title='bbox 3021 2723 3118 2786; x_wconf 85' lang='lat' dir='ltr'><strong>sit,</strong></span> <span class='ocrx_word' id='word_1_484' title='bbox 3153 2739 3250 2777; x_wconf 90' lang='lat' dir='ltr'><strong>cur</strong></span> 
     </span>
    </p>
   </div>
   <div class='ocr_carea' id='block_1_68' title="bbox 1717 2807 3248 2881">
    <p class='ocr_par' dir='ltr' id='par_1_68' title="bbox 1717 2807 3248 2881">
     <span class='ocr_line' id='line_1_68' title="bbox 1717 2807 3248 2881; baseline 0.007 -23"><span class='ocrx_word' id='word_1_485' title='bbox 1717 2807 1844 2860; x_wconf 89' lang='lat' dir='ltr'><strong>urbs</strong></span> <span class='ocrx_word' id='word_1_486' title='bbox 1874 2807 2100 2860; x_wconf 81' lang='lat' dir='ltr'><strong>maxima</strong></span> <span class='ocrx_word' id='word_1_487' title='bbox 2134 2818 2337 2862; x_wconf 89' lang='lat' dir='ltr'><strong>tantum</strong></span> <span class='ocrx_word' id='word_1_488' title='bbox 2366 2809 2562 2862; x_wconf 86' lang='lat' dir='ltr'><strong>civium</strong></span> <span class='ocrx_word' id='word_1_489' title='bbox 2587 2827 2864 2865; x_wconf 89' lang='lat' dir='ltr'><strong>numerum</strong></span> <span class='ocrx_word' id='word_1_490' title='bbox 2891 2814 3116 2881; x_wconf 88' lang='lat' dir='ltr'><strong>amplius</strong></span> <span class='ocrx_word' id='word_1_491' title='bbox 3145 2829 3248 2869; x_wconf 93' lang='lat' dir='ltr'><strong>non</strong></span> 
     </span>
    </p>
   </div>
   <div class='ocr_carea' id='block_1_69' title="bbox 1717 2895 3252 2971">
    <p class='ocr_par' dir='ltr' id='par_1_69' title="bbox 1717 2895 3252 2971">
     <span class='ocr_line' id='line_1_69' title="bbox 1717 2895 3252 2971; baseline 0.005 -22"><span class='ocrx_word' id='word_1_492' title='bbox 1717 2895 1874 2959; x_wconf 87' lang='lat' dir='ltr'><strong>ferat,</strong></span> <span class='ocrx_word' id='word_1_493' title='bbox 1907 2899 2116 2951; x_wconf 89' lang='lat' dir='ltr'><strong>etiamsi</strong></span> <span class='ocrx_word' id='word_1_494' title='bbox 2157 2900 2223 2951; x_wconf 92' lang='lat' dir='ltr'><strong>ab</strong></span> <span class='ocrx_word' id='word_1_495' title='bbox 2255 2900 2382 2966; x_wconf 85' lang='lat' dir='ltr'><strong>ipsis</strong></span> <span class='ocrx_word' id='word_1_496' title='bbox 2414 2899 2705 2955; x_wconf 80' lang='lat' dir='ltr'><strong>infantibus</strong></span> <span class='ocrx_word' id='word_1_497' title='bbox 2741 2904 2806 2954; x_wconf 86' lang='lat' dir='ltr'><strong>ad</strong></span> <span class='ocrx_word' id='word_1_498' title='bbox 2837 2903 3132 2971; x_wconf 84' lang='lat' dir='ltr'><strong>decrepitos</strong></span> <span class='ocrx_word' id='word_1_499' title='bbox 3162 2920 3252 2957; x_wconf 89' lang='lat' dir='ltr'><strong>us-</strong></span> 
     </span>
    </p>
   </div>
   <div class='ocr_carea' id='block_1_70' title="bbox 1716 2993 3250 3057">
    <p class='ocr_par' dir='ltr' id='par_1_70' title="bbox 1716 2993 3250 3057">
     <span class='ocr_line' id='line_1_70' title="bbox 1716 2993 3250 3057; baseline 0.005 -20"><span class='ocrx_word' id='word_1_500' title='bbox 1716 3002 1819 3056; x_wconf 86' lang='lat' dir='ltr'><strong>que</strong></span> <span class='ocrx_word' id='word_1_501' title='bbox 1841 3001 1997 3040; x_wconf 89' lang='lat' dir='ltr'><strong>senes</strong></span> <span class='ocrx_word' id='word_1_502' title='bbox 2030 2997 2395 3053; x_wconf 88' lang='lat' dir='ltr'><strong>numerentur,</strong></span> <span class='ocrx_word' id='word_1_503' title='bbox 2425 3003 2553 3057; x_wconf 91' lang='lat' dir='ltr'><strong>quot</strong></span> <span class='ocrx_word' id='word_1_504' title='bbox 2578 2999 2732 3044; x_wconf 88' lang='lat' dir='ltr'><strong>antea</strong></span> <span class='ocrx_word' id='word_1_505' title='bbox 2760 2994 2955 3046; x_wconf 88' lang='lat' dir='ltr'><strong>crudos</strong></span> <span class='ocrx_word' id='word_1_506' title='bbox 2993 3005 3149 3045; x_wconf 89' lang='lat' dir='ltr'><strong>senes</strong></span> <span class='ocrx_word' id='word_1_507' title='bbox 3172 2993 3250 3044; x_wconf 91' lang='lat' dir='ltr'><strong>sic</strong></span> 
     </span>
    </p>
   </div>
   <div class='ocr_carea' id='block_1_71' title="bbox 1721 3078 3248 3151">
    <p class='ocr_par' dir='ltr' id='par_1_71' title="bbox 1721 3078 3248 3151">
     <span class='ocr_line' id='line_1_71' title="bbox 1721 3078 3248 3151; baseline 0.007 -24"><span class='ocrx_word' id='word_1_508' title='bbox 1721 3087 1936 3132; x_wconf 88' lang='lat' dir='ltr'><strong>vocatos</strong></span> <span class='ocrx_word' id='word_1_509' title='bbox 1982 3078 2130 3130; x_wconf 90' lang='lat' dir='ltr'><strong>aluit.</strong></span> <span class='ocrx_word' id='word_1_510' title='bbox 2172 3078 2368 3132; x_wconf 82' lang='lat' dir='ltr'><strong>Verum</strong></span> <span class='ocrx_word' id='word_1_511' title='bbox 2419 3090 2542 3133; x_wconf 90' lang='lat' dir='ltr'><strong>tunc</strong></span> <span class='ocrx_word' id='word_1_512' title='bbox 2592 3084 2846 3149; x_wconf 88' lang='lat' dir='ltr'><strong>temporis</strong></span> <span class='ocrx_word' id='word_1_513' title='bbox 2893 3085 3025 3136; x_wconf 87' lang='lat' dir='ltr'><strong>adeo</strong></span> <span class='ocrx_word' id='word_1_514' title='bbox 3069 3083 3248 3151; x_wconf 88' lang='lat' dir='ltr'><strong>plures</strong></span> 
     </span>
    </p>
   </div>
   <div class='ocr_carea' id='block_1_72' title="bbox 1719 3169 3248 3240">
    <p class='ocr_par' dir='ltr' id='par_1_72' title="bbox 1719 3169 3248 3240">
     <span class='ocr_line' id='line_1_72' title="bbox 1719 3169 3248 3240; baseline 0.004 -20"><span class='ocrx_word' id='word_1_515' title='bbox 1719 3176 1874 3220; x_wconf 89' lang='lat' dir='ltr'><strong>erant</strong></span> <span class='ocrx_word' id='word_1_516' title='bbox 1903 3169 2335 3237; x_wconf 87' lang='lat' dir='ltr'><strong>quadragenarii,</strong></span> <span class='ocrx_word' id='word_1_517' title='bbox 2365 3179 2420 3222; x_wconf 92' lang='lat' dir='ltr'><strong>et</strong></span> <span class='ocrx_word' id='word_1_518' title='bbox 2443 3185 2602 3238; x_wconf 89' lang='lat' dir='ltr'><strong>supra</strong></span> <span class='ocrx_word' id='word_1_519' title='bbox 2634 3172 2732 3226; x_wconf 88' lang='lat' dir='ltr'><strong>hos</strong></span> <span class='ocrx_word' id='word_1_520' title='bbox 2765 3187 2930 3239; x_wconf 90' lang='lat' dir='ltr'><strong>usque</strong></span> <span class='ocrx_word' id='word_1_521' title='bbox 2953 3173 3015 3225; x_wconf 90' lang='lat' dir='ltr'><strong>ad</strong></span> <span class='ocrx_word' id='word_1_522' title='bbox 3039 3180 3248 3240; x_wconf 75' lang='lat' dir='ltr'><strong>septua-</strong></span> 
     </span>
    </p>
   </div>
   <div class='ocr_carea' id='block_1_73' title="bbox 1717 3257 3249 3329">
    <p class='ocr_par' dir='ltr' id='par_1_73' title="bbox 1717 3257 3249 3329">
     <span class='ocr_line' id='line_1_73' title="bbox 1717 3257 3249 3329; baseline 0.007 -21"><span class='ocrx_word' id='word_1_523' title='bbox 1717 3257 1971 3325; x_wconf 84' lang='lat' dir='ltr'><strong>gesimum</strong></span> <span class='ocrx_word' id='word_1_524' title='bbox 1998 3260 2169 3312; x_wconf 55' lang='lat' dir='ltr'><strong>anatis</strong></span> <span class='ocrx_word' id='word_1_525' title='bbox 2198 3276 2396 3313; x_wconf 89' lang='lat' dir='ltr'><strong>annum</strong></span> <span class='ocrx_word' id='word_1_526' title='bbox 2432 3264 2730 3329; x_wconf 79' lang='lat' dir='ltr'><strong>progressi,</strong></span> <span class='ocrx_word' id='word_1_527' title='bbox 2763 3273 2823 3316; x_wconf 90' lang='lat' dir='ltr'><strong>ut</strong></span> <span class='ocrx_word' id='word_1_528' title='bbox 2864 3279 3117 3316; x_wconf 90' lang='lat' dir='ltr'><strong>numerus</strong></span> <span class='ocrx_word' id='word_1_529' title='bbox 3155 3279 3249 3318; x_wconf 83' lang='lat' dir='ltr'><strong>eo-</strong></span> 
     </span>
    </p>
   </div>
   <div class='ocr_carea' id='block_1_74' title="bbox 1717 3351 3244 3420">
    <p class='ocr_par' dir='ltr' id='par_1_74' title="bbox 1717 3351 3244 3420">
     <span class='ocr_line' id='line_1_74' title="bbox 1717 3351 3244 3420; baseline 0.005 -22"><span class='ocrx_word' id='word_1_530' title='bbox 1717 3361 1832 3398; x_wconf 91' lang='lat' dir='ltr'><strong>rum</strong></span> <span class='ocrx_word' id='word_1_531' title='bbox 1865 3362 2006 3402; x_wconf 89' lang='lat' dir='ltr'><strong>nunc</strong></span> <span class='ocrx_word' id='word_1_532' title='bbox 2030 3351 2226 3416; x_wconf 79' lang='lat' dir='ltr'><strong>expleri</strong></span> <span class='ocrx_word' id='word_1_533' title='bbox 2258 3367 2358 3404; x_wconf 90' lang='lat' dir='ltr'><strong>non</strong></span> <span class='ocrx_word' id='word_1_534' title='bbox 2385 3353 2553 3420; x_wconf 81' lang='lat' dir='ltr'><strong>possit</strong></span> <span class='ocrx_word' id='word_1_535' title='bbox 2580 3353 2826 3418; x_wconf 86' lang='lat' dir='ltr'><strong>ascriptis</strong></span> <span class='ocrx_word' id='word_1_536' title='bbox 2853 3353 2975 3406; x_wconf 89' lang='lat' dir='ltr'><strong>licet</strong></span> <span class='ocrx_word' id='word_1_537' title='bbox 3001 3362 3053 3405; x_wconf 91' lang='lat' dir='ltr'><strong>et</strong></span> <span class='ocrx_word' id='word_1_538' title='bbox 3082 3355 3129 3404; x_wconf 91' lang='lat' dir='ltr'><strong>in</strong></span> <span class='ocrx_word' id='word_1_539' title='bbox 3164 3354 3244 3405; x_wconf 87' lang='lat' dir='ltr'><strong>al-</strong></span> 
     </span>
    </p>
   </div>
   <div class='ocr_carea' id='block_1_75' title="bbox 1713 3434 3242 3507">
    <p class='ocr_par' dir='ltr' id='par_1_75' title="bbox 1713 3434 3242 3507">
     <span class='ocr_line' id='line_1_75' title="bbox 1713 3434 3242 3507; baseline 0.004 -21"><span class='ocrx_word' id='word_1_540' title='bbox 1713 3434 1836 3486; x_wconf 89' lang='lat' dir='ltr'><strong>bum</strong></span> <span class='ocrx_word' id='word_1_541' title='bbox 1862 3435 2040 3490; x_wconf 89' lang='lat' dir='ltr'><strong>relatis</strong></span> <span class='ocrx_word' id='word_1_542' title='bbox 2067 3439 2130 3488; x_wconf 83' lang='lat' dir='ltr'><strong>ad</strong></span> <span class='ocrx_word' id='word_1_543' title='bbox 2155 3453 2417 3490; x_wconf 88' lang='lat' dir='ltr'><strong>annonam</strong></span> <span class='ocrx_word' id='word_1_544' title='bbox 2444 3454 2506 3490; x_wconf 79' lang='lat' dir='ltr'><strong>ex</strong></span> <span class='ocrx_word' id='word_1_545' title='bbox 2536 3439 2746 3505; x_wconf 86' lang='lat' dir='ltr'><strong>publico</strong></span> <span class='ocrx_word' id='word_1_546' title='bbox 2768 3440 3126 3507; x_wconf 83' lang='lat' dir='ltr'><strong>accipiendam</strong></span> <span class='ocrx_word' id='word_1_547' title='bbox 3157 3439 3242 3492; x_wconf 83' lang='lat' dir='ltr'><strong>his</strong></span> 
     </span>
    </p>
   </div>
   <div class='ocr_carea' id='block_1_76' title="bbox 1712 3525 3241 3596">
    <p class='ocr_par' dir='ltr' id='par_1_76' title="bbox 1712 3525 3241 3596">
     <span class='ocr_line' id='line_1_76' title="bbox 1712 3525 3241 3596; baseline 0.005 -22"><span class='ocrx_word' id='word_1_548' title='bbox 1712 3525 1798 3588; x_wconf 93' lang='lat' dir='ltr'><strong>qui</strong></span> <span class='ocrx_word' id='word_1_549' title='bbox 1824 3527 2224 3591; x_wconf 88' lang='lat' dir='ltr'><strong>quatuordecim</strong></span> <span class='ocrx_word' id='word_1_550' title='bbox 2263 3543 2432 3581; x_wconf 88' lang='lat' dir='ltr'><strong>annos</strong></span> <span class='ocrx_word' id='word_1_551' title='bbox 2475 3529 2583 3579; x_wconf 84' lang='lat' dir='ltr'><strong>nati</strong></span> <span class='ocrx_word' id='word_1_552' title='bbox 2613 3539 2764 3588; x_wconf 84' lang='lat' dir='ltr'><strong>sunt,</strong></span> <span class='ocrx_word' id='word_1_553' title='bbox 2802 3544 2971 3596; x_wconf 84' lang='lat' dir='ltr'><strong>usque</strong></span> <span class='ocrx_word' id='word_1_554' title='bbox 2996 3533 3062 3581; x_wconf 89' lang='lat' dir='ltr'><strong>ad</strong></span> <span class='ocrx_word' id='word_1_555' title='bbox 3089 3540 3241 3582; x_wconf 86' lang='lat' dir='ltr'><strong>octo-</strong></span> 
     </span>
    </p>
   </div>
   <div class='ocr_carea' id='block_1_77' title="bbox 1711 3613 3244 3688">
    <p class='ocr_par' dir='ltr' id='par_1_77' title="bbox 1711 3613 3244 3688">
     <span class='ocr_line' id='line_1_77' title="bbox 1711 3613 3244 3688; baseline 0.005 -26"><span class='ocrx_word' id='word_1_556' title='bbox 1711 3613 1976 3678; x_wconf 85' lang='lat' dir='ltr'><strong>genarios.</strong></span> <span class='ocrx_word' id='word_1_557' title='bbox 2029 3614 2093 3666; x_wconf 86' lang='lat' dir='ltr'><strong>Et</strong></span> <span class='ocrx_word' id='word_1_558' title='bbox 2138 3617 2226 3682; x_wconf 88' lang='lat' dir='ltr'><strong>qui</strong></span> <span class='ocrx_word' id='word_1_559' title='bbox 2269 3617 2445 3682; x_wconf 88' lang='lat' dir='ltr'><strong>specie</strong></span> <span class='ocrx_word' id='word_1_560' title='bbox 2500 3619 2608 3683; x_wconf 87' lang='lat' dir='ltr'><strong>ipsa</strong></span> <span class='ocrx_word' id='word_1_561' title='bbox 2661 3619 3039 3672; x_wconf 85' lang='lat' dir='ltr'><strong>adolescentuli</strong></span> <span class='ocrx_word' id='word_1_562' title='bbox 3081 3619 3244 3688; x_wconf 72' lang='grc'><strong>268</strong></span> 
     </span>
    </p>
   </div>
   <div class='ocr_carea' id='block_1_78' title="bbox 1709 3705 3241 3771">
    <p class='ocr_par' dir='ltr' id='par_1_78' title="bbox 1709 3705 3241 3771">
     <span class='ocr_line' id='line_1_78' title="bbox 1709 3705 3241 3771; baseline 0.009 -19"><span class='ocrx_word' id='word_1_563' title='bbox 1709 3711 1853 3763; x_wconf 86' lang='lat' dir='ltr'><strong>sunt,</strong></span> <span class='ocrx_word' id='word_1_564' title='bbox 1887 3705 2118 3768; x_wconf 71' lang='lat' dir='ltr'><strong>azquales</strong></span> <span class='ocrx_word' id='word_1_565' title='bbox 2143 3706 2534 3771; x_wconf 89' lang='lat' dir='ltr'><strong>quodammodo</strong></span> <span class='ocrx_word' id='word_1_566' title='bbox 2561 3723 2702 3760; x_wconf 91' lang='lat' dir='ltr'><strong>nunc</strong></span> <span class='ocrx_word' id='word_1_567' title='bbox 2734 3707 2861 3762; x_wconf 89' lang='lat' dir='ltr'><strong>facti</strong></span> <span class='ocrx_word' id='word_1_568' title='bbox 2900 3721 3024 3762; x_wconf 92' lang='lat' dir='ltr'><strong>sunt</strong></span> <span class='ocrx_word' id='word_1_569' title='bbox 3058 3725 3241 3766; x_wconf 84' lang='lat' dir='ltr'><strong>eorum</strong></span> 
     </span>
    </p>
   </div>
   <div class='ocr_carea' id='block_1_79' title="bbox 107 3790 3242 3871">
    <p class='ocr_par' dir='ltr' id='par_1_79' title="bbox 107 3790 3242 3871">
     <span class='ocr_line' id='line_1_79' title="bbox 107 3790 3242 3871; baseline 0.007 -35"><span class='ocrx_word' id='word_1_570' title='bbox 107 3790 179 3853; x_wconf 83' lang='lat' dir='ltr'><strong>qui</strong></span> <span class='ocrx_word' id='word_1_571' title='bbox 211 3790 327 3841; x_wconf 91' lang='lat' dir='ltr'><strong>olim</strong></span> <span class='ocrx_word' id='word_1_572' title='bbox 359 3805 510 3844; x_wconf 83' lang='lat' dir='ltr'><strong>senes</strong></span> <span class='ocrx_word' id='word_1_573' title='bbox 566 3800 739 3845; x_wconf 90' lang='lat' dir='ltr'><strong>erant.</strong></span> <span class='ocrx_word' id='word_1_574' title='bbox 767 3791 1003 3858; x_wconf 78' lang='lat' dir='ltr'><strong>Cumque</strong></span> <span class='ocrx_word' id='word_1_575' title='bbox 1039 3791 1090 3842; x_wconf 91' lang='lat' dir='ltr'><strong>in</strong></span> <span class='ocrx_word' id='word_1_576' title='bbox 1136 3792 1296 3843; x_wconf 89' lang='lat' dir='ltr'><strong>terris</strong></span> <span class='ocrx_word' id='word_1_577' title='bbox 1339 3791 1626 3843; x_wconf 81' lang='lat' dir='ltr'><strong>humanum</strong></span> <span class='ocrx_word' id='word_1_578' title='bbox 1665 3809 1832 3860; x_wconf 82' lang='lat' dir='ltr'><strong>genus</strong></span> <span class='ocrx_word' id='word_1_579' title='bbox 1884 3804 2157 3862; x_wconf 85' lang='lat' dir='ltr'><strong>tantopere</strong></span> <span class='ocrx_word' id='word_1_580' title='bbox 2232 3798 2571 3852; x_wconf 87' lang='lat' dir='ltr'><strong>imminutum</strong></span> <span class='ocrx_word' id='word_1_581' title='bbox 2615 3809 2670 3853; x_wconf 88' lang='lat' dir='ltr'><strong>et</strong></span> <span class='ocrx_word' id='word_1_582' title='bbox 2719 3812 3085 3871; x_wconf 88' lang='lat' dir='ltr'><strong>consumptum</strong></span> <span class='ocrx_word' id='word_1_583' title='bbox 3156 3805 3242 3860; x_wconf 85' lang='lat' dir='ltr'><strong>vi-</strong></span> 
     </span>
    </p>
   </div>
   <div class='ocr_carea' id='block_1_80' title="bbox 107 3879 2461 3950">
    <p class='ocr_par' dir='ltr' id='par_1_80' title="bbox 107 3879 2461 3950">
     <span class='ocr_line' id='line_1_80' title="bbox 107 3879 2461 3950; baseline 0.004 -20"><span class='ocrx_word' id='word_1_584' title='bbox 107 3879 265 3945; x_wconf 80' lang='lat' dir='ltr'><strong>deant,</strong></span> <span class='ocrx_word' id='word_1_585' title='bbox 309 3892 624 3950; x_wconf 70' lang='lat' dir='ltr'><strong>augescente</strong></span> <span class='ocrx_word' id='word_1_586' title='bbox 673 3883 724 3934; x_wconf 91' lang='lat' dir='ltr'><strong>in</strong></span> <span class='ocrx_word' id='word_1_587' title='bbox 774 3882 889 3934; x_wconf 87' lang='lat' dir='ltr'><strong>dies</strong></span> <span class='ocrx_word' id='word_1_588' title='bbox 911 3892 964 3933; x_wconf 85' lang='lat' dir='ltr'><strong>et</strong></span> <span class='ocrx_word' id='word_1_589' title='bbox 1016 3891 1284 3934; x_wconf 70' lang='lat' dir='ltr'><strong>crescente</strong></span> <span class='ocrx_word' id='word_1_590' title='bbox 1333 3881 1566 3949; x_wconf 89' lang='lat' dir='ltr'><strong>ipsorum</strong></span> <span class='ocrx_word' id='word_1_591' title='bbox 1608 3885 1844 3936; x_wconf 77' lang='lat' dir='ltr'><strong>exscidia</strong></span> <span class='ocrx_word' id='word_1_592' title='bbox 1878 3901 1979 3938; x_wconf 92' lang='lat' dir='ltr'><strong>non</strong></span> <span class='ocrx_word' id='word_1_593' title='bbox 2013 3888 2404 3942; x_wconf 88' lang='lat' dir='ltr'><strong>intremiscunt.</strong></span> <span class='ocrx_word' id='word_1_594' title='bbox 2444 3909 2461 3940; x_wconf 78' lang='grc' dir='ltr'><strong>ι</strong></span> 
     </span>
    </p>
   </div>
   <div class='ocr_carea' id='block_1_81' title="bbox 563 4002 1106 4065">
    <p class='ocr_par' dir='ltr' id='par_1_81' title="bbox 563 4002 1106 4065">
     <span class='ocr_line' id='line_1_81' title="bbox 563 4002 1106 4065; baseline -0.004 -1"><span class='ocrx_word' id='word_1_595' title='bbox 563 4002 948 4065; x_wconf 76' lang='grc' dir='ltr'><strong>ΚΕΦΑΛΔΙΟΝ</strong></span> <span class='ocrx_word' id='word_1_596' title='bbox 980 4013 1106 4064; x_wconf 81' lang='lat' dir='ltr'><strong>KB&#39;.</strong></span> 
     </span>
    </p>
   </div>
   <div class='ocr_carea' id='block_1_82' title="bbox 104 4121 1604 4193">
    <p class='ocr_par' dir='ltr' id='par_1_82' title="bbox 104 4121 1604 4193">
     <span class='ocr_line' id='line_1_82' title="bbox 104 4121 1604 4193; baseline 0.003 -22"><span class='ocrx_word' id='word_1_597' title='bbox 104 4121 218 4188; x_wconf 71' lang='grc' dir='ltr'>Περὶ</span> <span class='ocrx_word' id='word_1_598' title='bbox 255 4121 357 4189; x_wconf 87' lang='grc' dir='ltr'>τῆς</span> <span class='ocrx_word' id='word_1_599' title='bbox 393 4124 802 4192; x_wconf 48' lang='lat' dir='ltr'><strong>saturum-done</strong></span> <span class='ocrx_word' id='word_1_600' title='bbox 827 4127 1011 4178; x_wconf 82' lang='grc' dir='ltr'><strong>νόσου</strong></span> <span class='ocrx_word' id='word_1_601' title='bbox 1051 4122 1185 4193; x_wconf 85' lang='lat' dir='ltr'><strong>(Nic.</strong></span> <span class='ocrx_word' id='word_1_602' title='bbox 1215 4122 1282 4174; x_wconf 83' lang='grc' dir='ltr'><strong>Π.</strong></span> <span class='ocrx_word' id='word_1_603' title='bbox 1311 4121 1374 4175; x_wconf 85' lang='lat' dir='ltr'><strong>E.</strong></span> <span class='ocrx_word' id='word_1_604' title='bbox 1399 4139 1469 4186; x_wconf 77' lang='lat' dir='ltr'><strong>v1,</strong></span> <span class='ocrx_word' id='word_1_605' title='bbox 1495 4122 1604 4192; x_wconf 75' lang='grc'><strong>20).</strong></span> 
     </span>
    </p>
   </div>
   <div class='ocr_carea' id='block_1_83' title="bbox 157 4235 1608 4310">
    <p class='ocr_par' dir='ltr' id='par_1_83' title="bbox 157 4235 1608 4310">
     <span class='ocr_line' id='line_1_83' title="bbox 157 4235 1608 4310; baseline 0.002 -26"><span class='ocrx_word' id='word_1_606' title='bbox 157 4235 295 4287; x_wconf 78' lang='grc' dir='ltr'>Μετὰ</span> <span class='ocrx_word' id='word_1_607' title='bbox 315 4237 478 4290; x_wconf 80' lang='grc' dir='ltr'>ταῦτα</span> <span class='ocrx_word' id='word_1_608' title='bbox 502 4237 747 4310; x_wconf 83' lang='grc' dir='ltr'>λοιμικῆς</span> <span class='ocrx_word' id='word_1_609' title='bbox 772 4237 859 4290; x_wconf 84' lang='grc' dir='ltr'><strong>τὸν</strong></span> <span class='ocrx_word' id='word_1_610' title='bbox 891 4236 1120 4305; x_wconf 87' lang='grc' dir='ltr'>πόλεμον</span> <span class='ocrx_word' id='word_1_611' title='bbox 1147 4236 1495 4306; x_wconf 79' lang='grc' dir='ltr'>διαλαὸούσης</span> <span class='ocrx_word' id='word_1_612' title='bbox 1526 4236 1608 4288; x_wconf 89' lang='grc' dir='ltr'><strong>νό-</strong></span> 
     </span>
    </p>
   </div>
   <div class='ocr_carea' id='block_1_84' title="bbox 2233 4016 2668 4073">
    <p class='ocr_par' dir='ltr' id='par_1_84' title="bbox 2233 4016 2668 4073">
     <span class='ocr_line' id='line_1_84' title="bbox 2233 4016 2668 4073; baseline 0.002 -2"><span class='ocrx_word' id='word_1_613' title='bbox 2233 4016 2457 4071; x_wconf 83' lang='lat' dir='ltr'><strong>CAPUT</strong></span> <span class='ocrx_word' id='word_1_614' title='bbox 2507 4018 2668 4073; x_wconf 80' lang='lat' dir='ltr'><strong>XXII.</strong></span> 
     </span>
    </p>
   </div>
   <div class='ocr_carea' id='block_1_85' title="bbox 1870 4125 3080 4201">
    <p class='ocr_par' dir='ltr' id='par_1_85' title="bbox 1870 4125 3080 4201">
     <span class='ocr_line' id='line_1_85' title="bbox 1870 4125 3080 4201; baseline 0.01 -24"><span class='ocrx_word' id='word_1_615' title='bbox 1870 4125 1944 4178; x_wconf 80' lang='lat' dir='ltr'><strong>De</strong></span> <span class='ocrx_word' id='word_1_616' title='bbox 1963 4127 2134 4179; x_wconf 83' lang='lat' dir='ltr'><strong>morbo</strong></span> <span class='ocrx_word' id='word_1_617' title='bbox 2163 4134 2251 4197; x_wconf 76' lang='lat' dir='ltr'><strong>qui</strong></span> <span class='ocrx_word' id='word_1_618' title='bbox 2278 4139 2396 4181; x_wconf 82' lang='lat' dir='ltr'><strong>tunc</strong></span> <span class='ocrx_word' id='word_1_619' title='bbox 2422 4132 2663 4198; x_wconf 84' lang='lat' dir='ltr'><strong>temporis</strong></span> <span class='ocrx_word' id='word_1_620' title='bbox 2685 4147 2950 4201; x_wconf 85' lang='lat' dir='ltr'><strong>grassatus</strong></span> <span class='ocrx_word' id='word_1_621' title='bbox 2984 4147 3080 4189; x_wconf 83' lang='lat' dir='ltr'><strong>est.</strong></span> 
     </span>
    </p>
   </div>
   <div class='ocr_carea' id='block_1_86' title="bbox 1782 4237 3244 4317">
    <p class='ocr_par' dir='ltr' id='par_1_86' title="bbox 1782 4237 3244 4317">
     <span class='ocr_line' id='line_1_86' title="bbox 1782 4237 3244 4317; baseline 0.01 -27"><span class='ocrx_word' id='word_1_622' title='bbox 1782 4237 1974 4291; x_wconf 87' lang='lat' dir='ltr'><strong>Secuta</strong></span> <span class='ocrx_word' id='word_1_623' title='bbox 2000 4239 2192 4294; x_wconf 87' lang='lat' dir='ltr'><strong>dehinc</strong></span> <span class='ocrx_word' id='word_1_624' title='bbox 2223 4255 2344 4308; x_wconf 91' lang='lat' dir='ltr'><strong>post</strong></span> <span class='ocrx_word' id='word_1_625' title='bbox 2368 4242 2560 4296; x_wconf 89' lang='lat' dir='ltr'><strong>bellum</strong></span> <span class='ocrx_word' id='word_1_626' title='bbox 2587 4255 2734 4311; x_wconf 88' lang='lat' dir='ltr'><strong>peste</strong></span> <span class='ocrx_word' id='word_1_627' title='bbox 2753 4284 2771 4309; x_wconf 91' lang='lat'><strong>,</strong></span> <span class='ocrx_word' id='word_1_628' title='bbox 2814 4262 2934 4300; x_wconf 89' lang='lat' dir='ltr'><strong>cum</strong></span> <span class='ocrx_word' id='word_1_629' title='bbox 2982 4250 3244 4317; x_wconf 87' lang='lat' dir='ltr'><strong>paschalis</strong></span> 
     </span>
    </p>
   </div>
   <div class='ocr_carea' id='block_1_87' title="bbox 104 4323 1615 4410">
    <p class='ocr_par' dir='ltr' id='par_1_87' title="bbox 104 4323 1607 4398">
     <span class='ocr_line' id='line_1_87' title="bbox 104 4323 1607 4398; baseline 0.016 -26"><span class='ocrx_word' id='word_1_630' title='bbox 104 4337 195 4385; x_wconf 79' lang='grc' dir='ltr'>σου,</span> <span class='ocrx_word' id='word_1_631' title='bbox 224 4330 316 4396; x_wconf 83' lang='grc' dir='ltr'>τῆς</span> <span class='ocrx_word' id='word_1_632' title='bbox 345 4345 397 4379; x_wconf 87' lang='grc' dir='ltr'><strong>τε</strong></span> <span class='ocrx_word' id='word_1_633' title='bbox 429 4330 618 4398; x_wconf 78' lang='grc' dir='ltr'>ἑορτῆς</span> <span class='ocrx_word' id='word_1_634' title='bbox 651 4327 1060 4396; x_wconf 69' lang='grc' dir='ltr'>πλησιαζούσης,</span> <span class='ocrx_word' id='word_1_635' title='bbox 1092 4323 1244 4388; x_wconf 77' lang='grc' dir='ltr'>αὖθις</span> <span class='ocrx_word' id='word_1_636' title='bbox 1273 4326 1360 4378; x_wconf 69' lang='grc' dir='ltr'><strong>διὰ</strong></span> <span class='ocrx_word' id='word_1_637' title='bbox 1399 4327 1607 4396; x_wconf 77' lang='grc' dir='ltr'>γραφῆς</span> 
     </span>
    </p>
   </div>
   <div class='ocr_carea' id='block_1_88' title="bbox 1717 4323 3244 4410">
    <p class='ocr_par' dir='ltr' id='par_1_88' title="bbox 1717 4329 3244 4410">
     <span class='ocr_line' id='line_1_88' title="bbox 1717 4329 3244 4410; baseline 0.009 -29"><span class='ocrx_word' id='word_1_638' title='bbox 1717 4329 2022 4384; x_wconf 82' lang='lat' dir='ltr'><strong>solemnitas</strong></span> <span class='ocrx_word' id='word_1_639' title='bbox 2054 4331 2376 4397; x_wconf 87' lang='lat' dir='ltr'><strong>immineret,</strong></span> <span class='ocrx_word' id='word_1_640' title='bbox 2402 4334 2596 4385; x_wconf 90' lang='lat' dir='ltr'><strong>iterum</strong></span> <span class='ocrx_word' id='word_1_641' title='bbox 2626 4337 2906 4405; x_wconf 86' lang='lat' dir='ltr'><strong>Dionysius</strong></span> <span class='ocrx_word' id='word_1_642' title='bbox 2932 4337 3127 4395; x_wconf 82' lang='lat' dir='ltr'><strong>fratres</strong></span> <span class='ocrx_word' id='word_1_643' title='bbox 3151 4357 3244 4410; x_wconf 90' lang='lat' dir='ltr'><strong>per</strong></span> 
     </span>
    </p>
   </div>
   <div class='ocr_carea' id='block_1_89' title="bbox 101 4415 1615 4490">
    <p class='ocr_par' dir='ltr' id='par_1_89' title="bbox 101 4415 1609 4488">
     <span class='ocr_line' id='line_1_89' title="bbox 101 4415 1609 4488; baseline 0.001 -22"><span class='ocrx_word' id='word_1_644' title='bbox 101 4415 190 4474; x_wconf 69' lang='grc' dir='ltr'>τοῖς</span> <span class='ocrx_word' id='word_1_645' title='bbox 213 4416 443 4484; x_wconf 80' lang='grc' dir='ltr'>ἀδελφοῖς</span> <span class='ocrx_word' id='word_1_646' title='bbox 466 4419 658 4488; x_wconf 85' lang='grc' dir='ltr'>ὁμιλεῖ,</span> <span class='ocrx_word' id='word_1_647' title='bbox 689 4417 756 4468; x_wconf 84' lang='grc' dir='ltr'>τὰ</span> <span class='ocrx_word' id='word_1_648' title='bbox 778 4417 875 4486; x_wconf 77' lang='grc' dir='ltr'>τῆς</span> <span class='ocrx_word' id='word_1_649' title='bbox 898 4419 1170 4487; x_wconf 80' lang='grc' dir='ltr'>συμφορᾶς</span> <span class='ocrx_word' id='word_1_650' title='bbox 1199 4418 1609 4487; x_wconf 78' lang='grc' dir='ltr'>ἐπισημαινόμε-</span> 
     </span>
    </p>
   </div>
   <div class='ocr_carea' id='block_1_90' title="bbox 1717 4415 3242 4490">
    <p class='ocr_par' dir='ltr' id='par_1_90' title="bbox 1717 4417 3242 4490">
     <span class='ocr_line' id='line_1_90' title="bbox 1717 4417 3242 4490; baseline 0.009 -21"><span class='ocrx_word' id='word_1_651' title='bbox 1717 4417 1911 4473; x_wconf 84' lang='lat' dir='ltr'><strong>litteras</strong></span> <span class='ocrx_word' id='word_1_652' title='bbox 1934 4421 2187 4476; x_wconf 88' lang='lat' dir='ltr'><strong>allocutus</strong></span> <span class='ocrx_word' id='word_1_653' title='bbox 2207 4431 2310 4485; x_wconf 89' lang='lat' dir='ltr'><strong>est,</strong></span> <span class='ocrx_word' id='word_1_654' title='bbox 2338 4423 2600 4490; x_wconf 90' lang='lat' dir='ltr'><strong>inquibus</strong></span> <span class='ocrx_word' id='word_1_655' title='bbox 2623 4425 2942 4481; x_wconf 86' lang='lat' dir='ltr'><strong>calamitatis</strong></span> <span class='ocrx_word' id='word_1_656' title='bbox 2964 4428 3100 4481; x_wconf 90' lang='lat' dir='ltr'><strong>illius</strong></span> <span class='ocrx_word' id='word_1_657' title='bbox 3129 4445 3242 4482; x_wconf 81' lang='lat' dir='ltr'><strong>ma-</strong></span> 
     </span>
    </p>
   </div>
   <div class='ocr_carea' id='block_1_91' title="bbox 1688 4626 3230 4698">
    <p class='ocr_par' dir='ltr' id='par_1_91' title="bbox 1688 4626 3230 4698">
     <span class='ocr_line' id='line_1_91' title="bbox 1688 4626 3230 4698; baseline 0.002 -20"><span class='ocrx_word' id='word_1_658' title='bbox 1688 4626 1852 4680; x_wconf 83' lang='lat' dir='ltr'><strong>.liber.</strong></span> <span class='ocrx_word' id='word_1_659' title='bbox 1881 4626 2067 4698; x_wconf 71' lang='lat' dir='ltr'><strong>Postea</strong></span> <span class='ocrx_word' id='word_1_660' title='bbox 2098 4627 2323 4698; x_wconf 86' lang='lat' dir='ltr'><strong>Gallieni</strong></span> <span class='ocrx_word' id='word_1_661' title='bbox 2348 4629 2674 4694; x_wconf 86' lang='lat' dir='ltr'><strong>temporibus</strong></span> <span class='ocrx_word' id='word_1_662' title='bbox 2717 4630 2832 4683; x_wconf 88' lang='lat' dir='ltr'><strong>lues</strong></span> <span class='ocrx_word' id='word_1_663' title='bbox 2860 4631 3047 4698; x_wconf 67' lang='lat' dir='ltr'><strong>iterum</strong></span> <span class='ocrx_word' id='word_1_664' title='bbox 3082 4646 3230 4698; x_wconf 80' lang='lat' dir='ltr'><strong>gras-</strong></span> 
     </span>
    </p>
   </div>
   <div class='ocr_carea' id='block_1_92' title="bbox 1707 4695 3228 4761">
    <p class='ocr_par' dir='ltr' id='par_1_92' title="bbox 1707 4695 3228 4761">
     <span class='ocr_line' id='line_1_92' title="bbox 1707 4695 3228 4761; baseline 0.004 -14"><span class='ocrx_word' id='word_1_665' title='bbox 1707 4706 1820 4749; x_wconf 87' lang='lat' dir='ltr'><strong>sata</strong></span> <span class='ocrx_word' id='word_1_666' title='bbox 1846 4706 1929 4749; x_wconf 89' lang='lat' dir='ltr'><strong>est</strong></span> <span class='ocrx_word' id='word_1_667' title='bbox 1962 4695 2142 4748; x_wconf 69' lang='lat' dir='ltr'><strong>Romae</strong></span> <span class='ocrx_word' id='word_1_668' title='bbox 2174 4706 2228 4748; x_wconf 90' lang='lat' dir='ltr'><strong>et</strong></span> <span class='ocrx_word' id='word_1_669' title='bbox 2266 4697 2318 4749; x_wconf 91' lang='lat' dir='ltr'><strong>in</strong></span> <span class='ocrx_word' id='word_1_670' title='bbox 2353 4699 2660 4761; x_wconf 85' lang='lat' dir='ltr'><strong>provinciis,</strong></span> <span class='ocrx_word' id='word_1_671' title='bbox 2691 4709 2747 4751; x_wconf 94' lang='lat' dir='ltr'><strong>ut</strong></span> <span class='ocrx_word' id='word_1_672' title='bbox 2774 4700 2959 4752; x_wconf 90' lang='lat' dir='ltr'><strong>scribit</strong></span> <span class='ocrx_word' id='word_1_673' title='bbox 2983 4695 3147 4752; x_wconf 77' lang='lat' dir='ltr'><strong>Pollio</strong></span> <span class='ocrx_word' id='word_1_674' title='bbox 3177 4701 3228 4752; x_wconf 94' lang='lat' dir='ltr'><strong>in</strong></span> 
     </span>
    </p>
   </div>
   <div class='ocr_carea' id='block_1_93' title="bbox 1707 4763 2687 4822">
    <p class='ocr_par' dir='ltr' id='par_1_93' title="bbox 1707 4763 2687 4822">
     <span class='ocr_line' id='line_1_93' title="bbox 1707 4763 2687 4822; baseline 0.003 -6"><span class='ocrx_word' id='word_1_675' title='bbox 1707 4763 1960 4822; x_wconf 80' lang='lat' dir='ltr'><strong>Gallieno,</strong></span> <span class='ocrx_word' id='word_1_676' title='bbox 1985 4775 2036 4816; x_wconf 92' lang='lat' dir='ltr'><strong>et</strong></span> <span class='ocrx_word' id='word_1_677' title='bbox 2057 4766 2300 4818; x_wconf 82' lang='lat' dir='ltr'><strong>Aurelius</strong></span> <span class='ocrx_word' id='word_1_678' title='bbox 2329 4767 2529 4820; x_wconf 85' lang='lat' dir='ltr'><strong>Victor.</strong></span> <span class='ocrx_word' id='word_1_679' title='bbox 2683 4802 2687 4807; x_wconf 71' lang='grc' dir='ltr'>ι</span> 
     </span>
    </p>
   </div>
   <div class='ocr_carea' id='block_1_94' title="bbox 1775 4832 3235 4903">
    <p class='ocr_par' dir='ltr' id='par_1_94' title="bbox 1775 4832 3235 4903">
     <span class='ocr_line' id='line_1_94' title="bbox 1775 4832 3235 4903; baseline 0.003 -20"><span class='ocrx_word' id='word_1_680' title='bbox 1775 4833 1883 4901; x_wconf 74' lang='grc'>(74)</span> <span class='ocrx_word' id='word_1_681' title='bbox 1920 4832 2344 4900; x_wconf 79' lang='grc' dir='ltr'>Ὡμοτέροντας.</span> <span class='ocrx_word' id='word_1_682' title='bbox 2382 4834 2714 4886; x_wconf 65' lang='lat' dir='ltr'><strong>Alexandriae</strong></span> <span class='ocrx_word' id='word_1_683' title='bbox 2765 4834 3125 4903; x_wconf 77' lang='grc' dir='ltr'>ὠμογέροντες</span> <span class='ocrx_word' id='word_1_684' title='bbox 3154 4835 3235 4888; x_wconf 90' lang='lat' dir='ltr'><strong>di-</strong></span> 
     </span>
    </p>
   </div>
   <div class='ocr_carea' id='block_1_95' title="bbox 1703 4903 3235 4970">
    <p class='ocr_par' dir='ltr' id='par_1_95' title="bbox 1703 4903 3235 4970">
     <span class='ocr_line' id='line_1_95' title="bbox 1703 4903 3235 4970; baseline 0.003 -18"><span class='ocrx_word' id='word_1_685' title='bbox 1703 4905 1959 4970; x_wconf 66' lang='lat' dir='ltr'><strong>cebautur</strong></span> <span class='ocrx_word' id='word_1_686' title='bbox 1985 4917 2012 4952; x_wconf 91' lang='lat' dir='ltr'><strong>a</strong></span> <span class='ocrx_word' id='word_1_687' title='bbox 2037 4903 2444 4969; x_wconf 83' lang='lat' dir='ltr'><strong>quadragesimo</strong></span> <span class='ocrx_word' id='word_1_688' title='bbox 2468 4917 2605 4954; x_wconf 86' lang='lat' dir='ltr'><strong>anno</strong></span> <span class='ocrx_word' id='word_1_689' title='bbox 2627 4917 2793 4968; x_wconf 90' lang='lat' dir='ltr'><strong>usque</strong></span> <span class='ocrx_word' id='word_1_690' title='bbox 2817 4905 2882 4953; x_wconf 86' lang='lat' dir='ltr'><strong>ad</strong></span> <span class='ocrx_word' id='word_1_691' title='bbox 2905 4905 3235 4970; x_wconf 81' lang='lat' dir='ltr'><strong>septuagesi-</strong></span> 
     </span>
    </p>
   </div>
   <div class='ocr_carea' id='block_1_96' title="bbox 1706 4968 3236 5037">
    <p class='ocr_par' dir='ltr' id='par_1_96' title="bbox 1706 4968 3236 5037">
     <span class='ocr_line' id='line_1_96' title="bbox 1706 4968 3236 5037; baseline 0.004 -18"><span class='ocrx_word' id='word_1_692' title='bbox 1706 4983 1870 5019; x_wconf 91' lang='lat' dir='ltr'><strong>mum.</strong></span> <span class='ocrx_word' id='word_1_693' title='bbox 1897 4968 2335 5025; x_wconf 88' lang='lat' dir='ltr'><strong>Eorum,nomina</strong></span> <span class='ocrx_word' id='word_1_694' title='bbox 2385 4972 2437 5022; x_wconf 89' lang='lat' dir='ltr'><strong>in</strong></span> <span class='ocrx_word' id='word_1_695' title='bbox 2485 4971 2602 5023; x_wconf 91' lang='lat' dir='ltr'><strong>albo</strong></span> <span class='ocrx_word' id='word_1_696' title='bbox 2655 4971 2914 5037; x_wconf 87' lang='lat' dir='ltr'><strong>descripta</strong></span> <span class='ocrx_word' id='word_1_697' title='bbox 2950 4968 3124 5031; x_wconf 61' lang='lat' dir='ltr'><strong>erant,</strong></span> <span class='ocrx_word' id='word_1_698' title='bbox 3170 4986 3236 5025; x_wconf 91' lang='lat' dir='ltr'><strong>eo</strong></span> 
     </span>
    </p>
   </div>
   <div class='ocr_carea' id='block_1_97' title="bbox 1706 5037 3239 5105">
    <p class='ocr_par' dir='ltr' id='par_1_97' title="bbox 1706 5037 3239 5105">
     <span class='ocr_line' id='line_1_97' title="bbox 1706 5037 3239 5105; baseline 0.005 -18"><span class='ocrx_word' id='word_1_699' title='bbox 1706 5037 1844 5105; x_wconf 79' lang='lat' dir='ltr'><strong>quod</strong></span> <span class='ocrx_word' id='word_1_700' title='bbox 1905 5049 2169 5105; x_wconf 79' lang='lat' dir='ltr'><strong>annonam</strong></span> <span class='ocrx_word' id='word_1_701' title='bbox 2221 5040 2483 5105; x_wconf 87' lang='lat' dir='ltr'><strong>publicam</strong></span> <span class='ocrx_word' id='word_1_702' title='bbox 2531 5039 2856 5104; x_wconf 82' lang='lat' dir='ltr'><strong>acciperent,</strong></span> <span class='ocrx_word' id='word_1_703' title='bbox 2904 5044 2961 5087; x_wconf 93' lang='lat' dir='ltr'><strong>ut</strong></span> <span class='ocrx_word' id='word_1_704' title='bbox 3008 5047 3239 5094; x_wconf 88' lang='lat' dir='ltr'><strong>testatur</strong></span> 
     </span>
    </p>
   </div>
   <div class='ocr_carea' id='block_1_98' title="bbox 1711 5102 3235 5172">
    <p class='ocr_par' dir='ltr' id='par_1_98' title="bbox 1711 5102 3235 5172">
     <span class='ocr_line' id='line_1_98' title="bbox 1711 5102 3235 5172; baseline 0.007 -21"><span class='ocrx_word' id='word_1_705' title='bbox 1711 5102 2012 5172; x_wconf 73' lang='lat' dir='ltr'><strong>Dionysius.</strong></span> <span class='ocrx_word' id='word_1_706' title='bbox 2057 5103 2150 5156; x_wconf 89' lang='lat' dir='ltr'><strong>His</strong></span> <span class='ocrx_word' id='word_1_707' title='bbox 2190 5102 2451 5172; x_wconf 63' lang='lat' dir='ltr'><strong>praeerant</strong></span> <span class='ocrx_word' id='word_1_708' title='bbox 2488 5102 2902 5172; x_wconf 63' lang='lat' dir='ltr'><strong>archigerqntes.</strong></span> <span class='ocrx_word' id='word_1_709' title='bbox 2951 5106 3017 5156; x_wconf 91' lang='lat' dir='ltr'><strong>de</strong></span> <span class='ocrx_word' id='word_1_710' title='bbox 3042 5108 3235 5171; x_wconf 87' lang='lat' dir='ltr'><strong>quibus</strong></span> 
     </span>
    </p>
   </div>
   <div class='ocr_carea' id='block_1_99' title="bbox 158 4622 1596 4696">
    <p class='ocr_par' dir='ltr' id='par_1_99' title="bbox 158 4622 1596 4696">
     <span class='ocr_line' id='line_1_99' title="bbox 158 4622 1596 4696; baseline 0.003 -22"><span class='ocrx_word' id='word_1_711' title='bbox 158 4622 255 4696; x_wconf 77' lang='grc'>(72)</span> <span class='ocrx_word' id='word_1_712' title='bbox 293 4626 580 4696; x_wconf 78' lang='grc' dir='ltr'><strong>Τοσοῦτον</strong></span> <span class='ocrx_word' id='word_1_713' title='bbox 608 4628 1002 4695; x_wconf 73' lang='grc' dir='ltr'><strong>ἐπλήμμυρεν.</strong></span> <span class='ocrx_word' id='word_1_714' title='bbox 1034 4627 1292 4689; x_wconf 81' lang='grc' dir='ltr'>Τοσοῦτος</span> <span class='ocrx_word' id='word_1_715' title='bbox 1320 4631 1435 4680; x_wconf 91' lang='lat' dir='ltr'><strong>cod.</strong></span> <span class='ocrx_word' id='word_1_716' title='bbox 1467 4627 1596 4696; x_wconf 80' lang='lat' dir='ltr'><strong>Reg.</strong></span> 
     </span>
    </p>
   </div>
   <div class='ocr_carea' id='block_1_100' title="bbox 102 4689 1599 4763">
    <p class='ocr_par' dir='ltr' id='par_1_100' title="bbox 102 4689 1599 4763">
     <span class='ocr_line' id='line_1_100' title="bbox 102 4689 1599 4763; baseline 0.004 -22"><span class='ocrx_word' id='word_1_717' title='bbox 102 4689 206 4763; x_wconf 59' lang='lat' dir='ltr'><strong>Quae</strong></span> <span class='ocrx_word' id='word_1_718' title='bbox 239 4689 395 4763; x_wconf 79' lang='lat' dir='ltr'><strong>lectio</strong></span> <span class='ocrx_word' id='word_1_719' title='bbox 432 4711 534 4748; x_wconf 88' lang='lat' dir='ltr'><strong>non</strong></span> <span class='ocrx_word' id='word_1_720' title='bbox 568 4689 1120 4762; x_wconf 42' lang='lat' dir='ltr'><strong>omnino-reﬁcienda.</strong></span> <span class='ocrx_word' id='word_1_721' title='bbox 1167 4697 1373 4763; x_wconf 81' lang='lat' dir='ltr'><strong>Reliqui</strong></span> <span class='ocrx_word' id='word_1_722' title='bbox 1425 4689 1599 4763; x_wconf 63' lang='lat' dir='ltr'><strong>tamen</strong></span> 
     </span>
    </p>
   </div>
   <div class='ocr_carea' id='block_1_101' title="bbox 102 4758 1600 4830">
    <p class='ocr_par' dir='ltr' id='par_1_101' title="bbox 102 4758 1600 4830">
     <span class='ocr_line' id='line_1_101' title="bbox 102 4758 1600 4830; baseline 0.006 -24"><span class='ocrx_word' id='word_1_723' title='bbox 102 4758 286 4830; x_wconf 81' lang='lat' dir='ltr'><strong>codices</strong></span> <span class='ocrx_word' id='word_1_724' title='bbox 310 4760 442 4830; x_wconf 79' lang='lat' dir='ltr'><strong>Maz.</strong></span> <span class='ocrx_word' id='word_1_725' title='bbox 469 4777 532 4814; x_wconf 90' lang='lat' dir='ltr'><strong>ac</strong></span> <span class='ocrx_word' id='word_1_726' title='bbox 557 4763 720 4828; x_wconf 64' lang='lat' dir='ltr'><strong>Med,</strong></span> <span class='ocrx_word' id='word_1_727' title='bbox 745 4758 882 4817; x_wconf 48' lang='lat' dir='ltr'><strong>cum&#39;</strong></span> <span class='ocrx_word' id='word_1_728' title='bbox 899 4763 1030 4818; x_wconf 83' lang='lat' dir='ltr'><strong>Fuk.</strong></span> <span class='ocrx_word' id='word_1_729' title='bbox 1055 4774 1109 4817; x_wconf 85' lang='lat' dir='ltr'><strong>et</strong></span> <span class='ocrx_word' id='word_1_730' title='bbox 1133 4758 1321 4830; x_wconf 70' lang='lat' dir='ltr'><strong>Savil.,</strong></span> <span class='ocrx_word' id='word_1_731' title='bbox 1345 4759 1600 4830; x_wconf 76' lang='lat' dir='ltr'><strong>scriptum</strong></span> 
     </span>
    </p>
   </div>
   <div class='ocr_carea' id='block_1_102' title="bbox 105 4823 560 4883">
    <p class='ocr_par' dir='ltr' id='par_1_102' title="bbox 105 4823 560 4883">
     <span class='ocr_line' id='line_1_102' title="bbox 105 4823 560 4883; baseline 0.022 -10"><span class='ocrx_word' id='word_1_732' title='bbox 105 4823 274 4876; x_wconf 84' lang='lat' dir='ltr'><strong>habent</strong></span> <span class='ocrx_word' id='word_1_733' title='bbox 296 4829 560 4883; x_wconf 80' lang='grc' dir='ltr'>τοσοῦτον.</span> 
     </span>
    </p>
   </div>
   <div class='ocr_carea' id='block_1_103' title="bbox 161 4893 1604 5009">
    <p class='ocr_par' dir='ltr' id='par_1_103' title="bbox 161 4893 1604 5009">
     <span class='ocr_line' id='line_1_103' title="bbox 161 4893 1604 5009; baseline 0.003 -60"><span class='ocrx_word' id='word_1_734' title='bbox 161 4893 256 5009; x_wconf 60' lang='grc'>(75)</span> <span class='ocrx_word' id='word_1_735' title='bbox 283 4898 346 4945; x_wconf 77' lang='lat' dir='ltr'><strong>Ol</strong></span> <span class='ocrx_word' id='word_1_736' title='bbox 377 4899 650 4966; x_wconf 78' lang='grc' dir='ltr'>συνεχεῖς</span> <span class='ocrx_word' id='word_1_737' title='bbox 670 4904 882 4968; x_wconf 74' lang='grc' dir='ltr'><strong>λοιμοί.</strong></span> <span class='ocrx_word' id='word_1_738' title='bbox 926 4902 1040 4955; x_wconf 78' lang='lat' dir='ltr'><strong>Jain</strong></span> <span class='ocrx_word' id='word_1_739' title='bbox 1071 4902 1190 4955; x_wconf 88' lang='lat' dir='ltr'><strong>inde</strong></span> <span class='ocrx_word' id='word_1_740' title='bbox 1220 4916 1249 4954; x_wconf 85' lang='lat' dir='ltr'><strong>a</strong></span> <span class='ocrx_word' id='word_1_741' title='bbox 1283 4900 1604 4967; x_wconf 87' lang='lat' dir='ltr'><strong>temporibus</strong></span> 
     </span>
     <span class='ocr_line' id='line_1_104' title="bbox 161 4961 1601 5009; baseline 0.001 -2"><span class='ocrx_word' id='word_1_742' title='bbox 161 4963 214 5009; x_wconf 65' lang='lat' dir='ltr'><strong>ili</strong></span> <span class='ocrx_word' id='word_1_743' title='bbox 234 4972 286 5009; x_wconf 85' lang='lat' dir='ltr'><strong>el</strong></span> <span class='ocrx_word' id='word_1_744' title='bbox 313 4961 594 5009; x_wconf 71' lang='lat' dir='ltr'><strong>Volusinni</strong></span> <span class='ocrx_word' id='word_1_745' title='bbox 627 4970 737 5009; x_wconf 67' lang='grc' dir='ltr'><strong>Ιιυις</strong></span> <span class='ocrx_word' id='word_1_746' title='bbox 763 4980 925 5009; x_wconf 79' lang='lat' dir='ltr'><strong>lnlnm</strong></span> <span class='ocrx_word' id='word_1_747' title='bbox 949 4986 1077 5009; x_wconf 70' lang='lat' dir='ltr'><strong>nnna</strong></span> <span class='ocrx_word' id='word_1_748' title='bbox 1105 4973 1284 5009; x_wconf 78' lang='lat' dir='ltr'><strong>nrlmm</strong></span> <span class='ocrx_word' id='word_1_749' title='bbox 1310 4969 1601 5009; x_wconf 69' lang='lat' dir='ltr'><strong>Humanum</strong></span> 
     </span>
    </p>
   </div>
   <div class='ocr_carea' id='block_1_104' title="bbox 103 4960 1602 5037">
    <p class='ocr_par' dir='ltr' id='par_1_104' title="bbox 103 4960 1602 5037">
     <span class='ocr_line' id='line_1_105' title="bbox 103 4960 1602 5037; baseline 0.007 -27"><span class='ocrx_word' id='word_1_750' title='bbox 103 4960 214 5012; x_wconf 81' lang='lat' dir='ltr'><strong>Galli</strong></span> <span class='ocrx_word' id='word_1_751' title='bbox 234 4960 286 5037; x_wconf 80' lang='lat' dir='ltr'><strong>et</strong></span> <span class='ocrx_word' id='word_1_752' title='bbox 313 4960 599 5037; x_wconf 54' lang='lat' dir='ltr'><strong>volusiaiii,</strong></span> <span class='ocrx_word' id='word_1_753' title='bbox 625 4960 737 5019; x_wconf 83' lang='lat' dir='ltr'><strong>lues</strong></span> <span class='ocrx_word' id='word_1_754' title='bbox 763 4960 925 5022; x_wconf 67' lang='lat' dir='ltr'><strong>iolum</strong></span> <span class='ocrx_word' id='word_1_755' title='bbox 949 4986 1078 5037; x_wconf 87' lang='lat' dir='ltr'><strong>pene</strong></span> <span class='ocrx_word' id='word_1_756' title='bbox 1105 4973 1284 5022; x_wconf 87' lang='lat' dir='ltr'><strong>orbem</strong></span> <span class='ocrx_word' id='word_1_757' title='bbox 1310 4960 1602 5020; x_wconf 74' lang='lat' dir='ltr'><strong>Romanun!</strong></span> 
     </span>
    </p>
   </div>
   <div class='ocr_carea' id='block_1_105' title="bbox 105 5032 1606 5104">
    <p class='ocr_par' dir='ltr' id='par_1_105' title="bbox 105 5032 1606 5104">
     <span class='ocr_line' id='line_1_106' title="bbox 105 5032 1606 5104; baseline 0.008 -27"><span class='ocrx_word' id='word_1_758' title='bbox 105 5033 323 5104; x_wconf 54' lang='lat' dir='ltr'><strong>vastavit.</strong></span> <span class='ocrx_word' id='word_1_759' title='bbox 351 5032 507 5104; x_wconf 78' lang='lat' dir='ltr'><strong>Certe</strong></span> <span class='ocrx_word' id='word_1_760' title='bbox 547 5035 830 5104; x_wconf 65' lang='lat' dir='ltr'><strong>Eutro&#39;iius</strong></span> <span class='ocrx_word' id='word_1_761' title='bbox 873 5032 1222 5104; x_wconf 75' lang='lat' dir='ltr'><strong>principatum</strong></span> <span class='ocrx_word' id='word_1_762' title='bbox 1258 5039 1390 5089; x_wconf 84' lang='lat' dir='ltr'><strong>Galli</strong></span> <span class='ocrx_word' id='word_1_763' title='bbox 1419 5047 1472 5088; x_wconf 90' lang='lat' dir='ltr'><strong>et</strong></span> <span class='ocrx_word' id='word_1_764' title='bbox 1503 5037 1606 5089; x_wconf 79' lang='lat' dir='ltr'><strong>Vo-</strong></span> 
     </span>
    </p>
   </div>
   <div class='ocr_carea' id='block_1_106' title="bbox 104 5095 1605 5164">
    <p class='ocr_par' dir='ltr' id='par_1_106' title="bbox 104 5095 1605 5164">
     <span class='ocr_line' id='line_1_107' title="bbox 104 5095 1605 5164; baseline 0.008 -20"><span class='ocrx_word' id='word_1_765' title='bbox 104 5095 263 5149; x_wconf 77' lang='lat' dir='ltr'><strong>Iusialti</strong></span> <span class='ocrx_word' id='word_1_766' title='bbox 319 5100 425 5152; x_wconf 80' lang='lat' dir='ltr'><strong>sola</strong></span> <span class='ocrx_word' id='word_1_767' title='bbox 471 5095 768 5164; x_wconf 79' lang='lat' dir='ltr'><strong>pestilentia</strong></span> <span class='ocrx_word' id='word_1_768' title='bbox 810 5095 987 5157; x_wconf 56' lang='lat' dir='ltr'><strong>no&#39;tum</strong></span> <span class='ocrx_word' id='word_1_769' title='bbox 1039 5095 1202 5159; x_wconf 77' lang='lat' dir='ltr'><strong>fuisse</strong></span> <span class='ocrx_word' id='word_1_770' title='bbox 1251 5107 1396 5157; x_wconf 87' lang='lat' dir='ltr'><strong>dicit.</strong></span> <span class='ocrx_word' id='word_1_771' title='bbox 1445 5105 1605 5156; x_wconf 85' lang='lat' dir='ltr'><strong>Addit</strong></span> 
     </span>
    </p>
   </div>
   <div class='ocr_carea' id='block_1_107' title="bbox 105 5164 1604 5241">
    <p class='ocr_par' dir='ltr' id='par_1_107' title="bbox 105 5164 1604 5241">
     <span class='ocr_line' id='line_1_108' title="bbox 105 5164 1604 5241; baseline 0.007 -27"><span class='ocrx_word' id='word_1_772' title='bbox 105 5164 324 5241; x_wconf 65' lang='lat' dir='ltr'><strong>Auri-lius</strong></span> <span class='ocrx_word' id='word_1_773' title='bbox 355 5167 560 5241; x_wconf 71' lang='lat' dir='ltr'><strong>Victor,</strong></span> <span class='ocrx_word' id='word_1_774' title='bbox 582 5169 729 5221; x_wconf 85' lang='lat' dir='ltr'><strong>Gallo</strong></span> <span class='ocrx_word' id='word_1_775' title='bbox 754 5173 1141 5241; x_wconf 83' lang='lat' dir='ltr'><strong>Volusianoqne</strong></span> <span class='ocrx_word' id='word_1_776' title='bbox 1175 5174 1407 5225; x_wconf 80' lang='lat' dir='ltr'><strong>favorem</strong></span> <span class='ocrx_word' id='word_1_777' title='bbox 1443 5189 1506 5225; x_wconf 82' lang='lat' dir='ltr'><strong>ex</strong></span> <span class='ocrx_word' id='word_1_778' title='bbox 1541 5187 1604 5225; x_wconf 92' lang='lat' dir='ltr'><strong>eo</strong></span> 
     </span>
    </p>
   </div>
   <div class='ocr_carea' id='block_1_108' title="bbox 106 5234 1605 5306">
    <p class='ocr_par' dir='ltr' id='par_1_108' title="bbox 106 5234 1605 5306">
     <span class='ocr_line' id='line_1_109' title="bbox 106 5234 1605 5306; baseline 0.006 -22"><span class='ocrx_word' id='word_1_779' title='bbox 106 5235 352 5306; x_wconf 59' lang='lat' dir='ltr'><strong>quaesitum</strong></span> <span class='ocrx_word' id='word_1_780' title='bbox 399 5234 764 5306; x_wconf 82' lang='lat' dir='ltr'><strong>fuissc,’quod</strong></span> <span class='ocrx_word' id='word_1_781' title='bbox 816 5234 1108 5294; x_wconf 76' lang='lat' dir='ltr'><strong>tenuissimi</strong></span> <span class='ocrx_word' id='word_1_782' title='bbox 1155 5242 1411 5306; x_wconf 84' lang='lat' dir='ltr'><strong>cnjusquc</strong></span> <span class='ocrx_word' id='word_1_783' title='bbox 1457 5257 1605 5293; x_wconf 79' lang='lat' dir='ltr'><strong>exse-</strong></span> 
     </span>
    </p>
   </div>
   <div class='ocr_carea' id='block_1_109' title="bbox 106 5303 1606 5376">
    <p class='ocr_par' dir='ltr' id='par_1_109' title="bbox 106 5303 1606 5376">
     <span class='ocr_line' id='line_1_110' title="bbox 106 5303 1606 5376; baseline 0.008 -27"><span class='ocrx_word' id='word_1_784' title='bbox 106 5303 476 5376; x_wconf 66' lang='lat' dir='ltr'><strong>quiussollicite</strong></span> <span class='ocrx_word' id='word_1_785' title='bbox 494 5307 845 5376; x_wconf 63' lang='lat' dir='ltr'><strong>paravissent.</strong></span> <span class='ocrx_word' id='word_1_786' title='bbox 874 5309 947 5361; x_wconf 88' lang='lat' dir='ltr'><strong>De</strong></span> <span class='ocrx_word' id='word_1_787' title='bbox 970 5312 1067 5362; x_wconf 81' lang='lat' dir='ltr'><strong>hoc</strong></span> <span class='ocrx_word' id='word_1_788' title='bbox 1090 5303 1234 5375; x_wconf 82' lang='lat' dir='ltr'><strong>peste</strong></span> <span class='ocrx_word' id='word_1_789' title='bbox 1257 5303 1606 5376; x_wconf 81' lang='lat' dir='ltr'><strong>Ilieronymus</strong></span> 
     </span>
    </p>
   </div>
   <div class='ocr_carea' id='block_1_110' title="bbox 107 5368 1601 5444">
    <p class='ocr_par' dir='ltr' id='par_1_110' title="bbox 107 5368 1601 5444">
     <span class='ocr_line' id='line_1_111' title="bbox 107 5368 1601 5444; baseline 0.007 -27"><span class='ocrx_word' id='word_1_790' title='bbox 107 5368 148 5444; x_wconf 60' lang='lat' dir='ltr'><strong>ip</strong></span> <span class='ocrx_word' id='word_1_791' title='bbox 193 5372 438 5444; x_wconf 54' lang='grc' dir='ltr'><strong>(ξριτοηὶιο</strong></span> <span class='ocrx_word' id='word_1_792' title='bbox 482 5373 564 5444; x_wconf 71' lang='lat' dir='ltr'><strong>ita</strong></span> <span class='ocrx_word' id='word_1_793' title='bbox 618 5375 804 5444; x_wconf 68' lang='lat' dir='ltr'><strong>scribit</strong></span> <span class='ocrx_word' id='word_1_794' title='bbox 846 5391 986 5429; x_wconf 89' lang='lat' dir='ltr'><strong>anno</strong></span> <span class='ocrx_word' id='word_1_795' title='bbox 1027 5368 1196 5444; x_wconf 70' lang='lat' dir='ltr'><strong>primo</strong></span> <span class='ocrx_word' id='word_1_796' title='bbox 1246 5378 1376 5442; x_wconf 85' lang='lat' dir='ltr'><strong>imp.</strong></span> <span class='ocrx_word' id='word_1_797' title='bbox 1425 5368 1601 5430; x_wconf 71' lang='lat' dir='ltr'><strong>Galli:</strong></span> 
     </span>
    </p>
   </div>
   <div class='ocr_carea' id='block_1_111' title="bbox 107 5434 1605 5510">
    <p class='ocr_par' dir='ltr' id='par_1_111' title="bbox 107 5434 1605 5510">
     <span class='ocr_line' id='line_1_112' title="bbox 107 5434 1605 5510; baseline 0.006 -24"><span class='ocrx_word' id='word_1_798' title='bbox 107 5434 330 5510; x_wconf 68' lang='lat' dir='ltr'><strong>Pestilens</strong></span> <span class='ocrx_word' id='word_1_799' title='bbox 358 5440 570 5490; x_wconf 80' lang='lat' dir='ltr'><strong>morbus</strong></span> <span class='ocrx_word' id='word_1_800' title='bbox 599 5439 782 5510; x_wconf 73' lang='lat' dir='ltr'><strong>multa:</strong></span> <span class='ocrx_word' id='word_1_801' title='bbox 813 5446 966 5495; x_wconf 83' lang='lat' dir='ltr'><strong>totius</strong></span> <span class='ocrx_word' id='word_1_802' title='bbox 988 5434 1123 5496; x_wconf 71' lang='lat' dir='ltr'><strong>oi&#39;bis</strong></span> <span class='ocrx_word' id='word_1_803' title='bbox 1145 5434 1431 5510; x_wconf 64' lang='lat' dir='ltr'><strong>provincias</strong></span> <span class='ocrx_word' id='word_1_804' title='bbox 1455 5462 1605 5495; x_wconf 61' lang='lat' dir='ltr'><strong>occu-</strong></span> 
     </span>
    </p>
   </div>
   <div class='ocr_carea' id='block_1_112' title="bbox 106 5508 1607 5579">
    <p class='ocr_par' dir='ltr' id='par_1_112' title="bbox 106 5508 1607 5579">
     <span class='ocr_line' id='line_1_113' title="bbox 106 5508 1607 5579; baseline 0.004 -24"><span class='ocrx_word' id='word_1_805' title='bbox 106 5508 243 5579; x_wconf 74' lang='lat' dir='ltr'><strong>pauit,</strong></span> <span class='ocrx_word' id='word_1_806' title='bbox 289 5510 614 5579; x_wconf 60' lang='lat' dir='ltr'><strong>maximeque</strong></span> <span class='ocrx_word' id='word_1_807' title='bbox 663 5509 1026 5579; x_wconf 49' lang='lat' dir='ltr'><strong>Alexandriam</strong></span> <span class='ocrx_word' id='word_1_808' title='bbox 1081 5508 1491 5579; x_wconf 14' lang='lat' dir='ltr'><strong>eti/Egyptum;</strong></span> <span class='ocrx_word' id='word_1_809' title='bbox 1554 5525 1607 5562; x_wconf 83' lang='lat' dir='ltr'><strong>ut</strong></span> 
     </span>
    </p>
   </div>
   <div class='ocr_carea' id='block_1_113' title="bbox 108 5575 1607 5644">
    <p class='ocr_par' dir='ltr' id='par_1_113' title="bbox 108 5575 1607 5644">
     <span class='ocr_line' id='line_1_114' title="bbox 108 5575 1607 5644; baseline 0.005 -21"><span class='ocrx_word' id='word_1_810' title='bbox 108 5578 253 5628; x_wconf 80' lang='lat' dir='ltr'><strong>scribit</strong></span> <span class='ocrx_word' id='word_1_811' title='bbox 283 5575 587 5643; x_wconf 82' lang='lat' dir='ltr'><strong>Dionysius,</strong></span> <span class='ocrx_word' id='word_1_812' title='bbox 611 5586 656 5626; x_wconf 84' lang='lat' dir='ltr'><strong>et</strong></span> <span class='ocrx_word' id='word_1_813' title='bbox 684 5575 928 5643; x_wconf 78' lang='lat' dir='ltr'><strong>Cypriani</strong></span> <span class='ocrx_word' id='word_1_814' title='bbox 954 5585 1015 5630; x_wconf 87' lang='lat' dir='ltr'><strong>de</strong></span> <span class='ocrx_word' id='word_1_815' title='bbox 1036 5575 1350 5634; x_wconf 60' lang='lat' dir='ltr'><strong>mortalitate</strong></span> <span class='ocrx_word' id='word_1_816' title='bbox 1377 5582 1514 5644; x_wconf 73' lang='lat' dir='ltr'><strong>testis</strong></span> <span class='ocrx_word' id='word_1_817' title='bbox 1535 5592 1607 5630; x_wconf 89' lang='lat' dir='ltr'><strong>est</strong></span> 
     </span>
    </p>
   </div>
   <div class='ocr_carea' id='block_1_114' title="bbox 1711 5170 3235 5240">
    <p class='ocr_par' dir='ltr' id='par_1_114' title="bbox 1711 5170 3235 5240">
     <span class='ocr_line' id='line_1_115' title="bbox 1711 5170 3235 5240; baseline 0.003 -18"><span class='ocrx_word' id='word_1_818' title='bbox 1711 5171 1768 5222; x_wconf 87' lang='lat' dir='ltr'><strong>ﬁt</strong></span> <span class='ocrx_word' id='word_1_819' title='bbox 1798 5171 1995 5240; x_wconf 82' lang='lat' dir='ltr'><strong>mentio</strong></span> <span class='ocrx_word' id='word_1_820' title='bbox 2028 5172 2078 5222; x_wconf 88' lang='lat' dir='ltr'><strong>in</strong></span> <span class='ocrx_word' id='word_1_821' title='bbox 2123 5170 2238 5240; x_wconf 81' lang='lat' dir='ltr'><strong>lege</strong></span> <span class='ocrx_word' id='word_1_822' title='bbox 2285 5175 2452 5240; x_wconf 88' lang='lat' dir='ltr'><strong>prima</strong></span> <span class='ocrx_word' id='word_1_823' title='bbox 2499 5175 2690 5240; x_wconf 68' lang='lat' dir='ltr'><strong>Codice</strong></span> <span class='ocrx_word' id='word_1_824' title='bbox 2738 5170 3103 5240; x_wconf 81' lang='lat' dir='ltr'><strong>Theodosiano</strong></span> <span class='ocrx_word' id='word_1_825' title='bbox 3159 5175 3235 5227; x_wconf 87' lang='lat' dir='ltr'><strong>De</strong></span> 
     </span>
    </p>
   </div>
   <div class='ocr_carea' id='block_1_115' title="bbox 1709 5238 3236 5309">
    <p class='ocr_par' dir='ltr' id='par_1_115' title="bbox 1709 5238 3236 5309">
     <span class='ocr_line' id='line_1_116' title="bbox 1709 5238 3236 5309; baseline 0.006 -22"><span class='ocrx_word' id='word_1_826' title='bbox 1709 5238 2039 5309; x_wconf 73' lang='lat' dir='ltr'><strong>Alexandria:</strong></span> <span class='ocrx_word' id='word_1_827' title='bbox 2064 5238 2222 5304; x_wconf 81' lang='lat' dir='ltr'><strong>plebis</strong></span> <span class='ocrx_word' id='word_1_828' title='bbox 2250 5238 2569 5309; x_wconf 70' lang='lat' dir='ltr'><strong>primatibus.</strong></span> <span class='ocrx_word' id='word_1_829' title='bbox 2597 5238 2710 5291; x_wconf 81' lang='lat' dir='ltr'><strong>Huc</strong></span> <span class='ocrx_word' id='word_1_830' title='bbox 2738 5239 2896 5309; x_wconf 86' lang='lat' dir='ltr'><strong>etiam</strong></span> <span class='ocrx_word' id='word_1_831' title='bbox 2931 5241 3117 5294; x_wconf 87' lang='lat' dir='ltr'><strong>referri</strong></span> <span class='ocrx_word' id='word_1_832' title='bbox 3141 5257 3236 5309; x_wconf 89' lang='lat' dir='ltr'><strong>po-</strong></span> 
     </span>
    </p>
   </div>
   <div class='ocr_carea' id='block_1_116' title="bbox 1712 5307 3236 5376">
    <p class='ocr_par' dir='ltr' id='par_1_116' title="bbox 1712 5307 3236 5376">
     <span class='ocr_line' id='line_1_117' title="bbox 1712 5307 3236 5376; baseline 0.005 -18"><span class='ocrx_word' id='word_1_833' title='bbox 1712 5316 1813 5376; x_wconf 83' lang='lat' dir='ltr'><strong>test</strong></span> <span class='ocrx_word' id='word_1_834' title='bbox 1832 5307 1969 5376; x_wconf 79' lang='lat' dir='ltr'><strong>quod</strong></span> <span class='ocrx_word' id='word_1_835' title='bbox 1991 5309 2175 5361; x_wconf 89' lang='lat' dir='ltr'><strong>scribit</strong></span> <span class='ocrx_word' id='word_1_836' title='bbox 2192 5309 2480 5376; x_wconf 80' lang='lat' dir='ltr'><strong>Gregorius</strong></span> <span class='ocrx_word' id='word_1_837' title='bbox 2503 5307 2633 5376; x_wconf 84' lang='lat' dir='ltr'><strong>Naz.</strong></span> <span class='ocrx_word' id='word_1_838' title='bbox 2678 5309 2729 5358; x_wconf 90' lang='lat' dir='ltr'><strong>in</strong></span> <span class='ocrx_word' id='word_1_839' title='bbox 2758 5308 3000 5360; x_wconf 84' lang='lat' dir='ltr'><strong>oratione</strong></span> <span class='ocrx_word' id='word_1_840' title='bbox 3027 5311 3116 5375; x_wconf 75' lang='grc'><strong>21,</strong></span> <span class='ocrx_word' id='word_1_841' title='bbox 3142 5307 3236 5365; x_wconf 71' lang='lat' dir='ltr'><strong>De</strong></span> 
     </span>
    </p>
   </div>
   <div class='ocr_carea' id='block_1_117' title="bbox 1711 5373 3236 5443">
    <p class='ocr_par' dir='ltr' id='par_1_117' title="bbox 1711 5373 3236 5443">
     <span class='ocr_line' id='line_1_118' title="bbox 1711 5373 3236 5443; baseline 0.005 -18"><span class='ocrx_word' id='word_1_842' title='bbox 1711 5374 1767 5425; x_wconf 85' lang='lat' dir='ltr'><strong>S.</strong></span> <span class='ocrx_word' id='word_1_843' title='bbox 1807 5373 2104 5443; x_wconf 73' lang='lat' dir='ltr'><strong>Athanasio,</strong></span> <span class='ocrx_word' id='word_1_844' title='bbox 2141 5373 2522 5427; x_wconf 72' lang='lat' dir='ltr'><strong>Alexandrinos</strong></span> <span class='ocrx_word' id='word_1_845' title='bbox 2559 5373 2654 5441; x_wconf 88' lang='lat' dir='ltr'><strong>per</strong></span> <span class='ocrx_word' id='word_1_846' title='bbox 2681 5390 2836 5428; x_wconf 82' lang='lat' dir='ltr'><strong>sexus</strong></span> <span class='ocrx_word' id='word_1_847' title='bbox 2871 5385 2926 5427; x_wconf 90' lang='lat' dir='ltr'><strong>et</strong></span> <span class='ocrx_word' id='word_1_848' title='bbox 2949 5373 3153 5443; x_wconf 67' lang='lat' dir='ltr'><strong>aetates,</strong></span> <span class='ocrx_word' id='word_1_849' title='bbox 3181 5391 3236 5432; x_wconf 89' lang='lat' dir='ltr'><strong>et</strong></span> 
     </span>
    </p>
   </div>
   <div class='ocr_carea' id='block_1_118' title="bbox 1711 5441 3231 5511">
    <p class='ocr_par' dir='ltr' id='par_1_118' title="bbox 1711 5441 3231 5511">
     <span class='ocr_line' id='line_1_119' title="bbox 1711 5441 3231 5511; baseline 0.006 -19"><span class='ocrx_word' id='word_1_850' title='bbox 1711 5441 2083 5511; x_wconf 11' lang='lat' dir='ltr'><strong>artes‘solitos</strong></span> <span class='ocrx_word' id='word_1_851' title='bbox 2125 5459 2242 5497; x_wconf 89' lang='lat' dir='ltr'><strong>esse</strong></span> <span class='ocrx_word' id='word_1_852' title='bbox 2288 5444 2550 5508; x_wconf 87' lang='lat' dir='ltr'><strong>distribui,</strong></span> <span class='ocrx_word' id='word_1_853' title='bbox 2576 5445 2787 5511; x_wconf 86' lang='lat' dir='ltr'><strong>quoties</strong></span> <span class='ocrx_word' id='word_1_854' title='bbox 2833 5444 2993 5500; x_wconf 87' lang='lat' dir='ltr'><strong>alicui</strong></span> <span class='ocrx_word' id='word_1_855' title='bbox 3021 5441 3231 5502; x_wconf 84' lang='lat' dir='ltr'><strong>obviam</strong></span> 
     </span>
    </p>
   </div>
   <div class='ocr_carea' id='block_1_119' title="bbox 1712 5509 2290 5564">
    <p class='ocr_par' dir='ltr' id='par_1_119' title="bbox 1712 5509 2290 5564">
     <span class='ocr_line' id='line_1_120' title="bbox 1712 5509 2290 5564; baseline 0.003 -2"><span class='ocrx_word' id='word_1_856' title='bbox 1712 5512 1847 5562; x_wconf 87' lang='lat' dir='ltr'><strong>irent</strong></span> <span class='ocrx_word' id='word_1_857' title='bbox 1875 5509 2090 5563; x_wconf 90' lang='lat' dir='ltr'><strong>honoris</strong></span> <span class='ocrx_word' id='word_1_858' title='bbox 2112 5526 2290 5564; x_wconf 87' lang='lat' dir='ltr'><strong>causa.</strong></span> 
     </span>
    </p>
   </div>
  </div>
