3938 6344
160 421 243 473 693

1103 420 1445 477 HISTORIJE
1485 422 2034 479 ECCLESIASTICA}
2073 425 2201 481 LIB.
2245 424 2353 480 νη.

3218 424 3318 480 694

158 526 412 603 ἐτώληῴιν,
437 532 727 603 Ἔλεγχον
750 534 1210 602 ἁιιητοριστῶν,
1238 536 1390 603 λόγον
1416 536 1536 589 τινὰ
1557 538 1663 607 περ

1785 549 1977 601 inaret,
2033 538 2227 593 librum
2259 552 2417 606 quem
2466 538 2528 589 de
2558 535 2658 588 hac
2683 535 2973 603 quaestione
3006 550 3316 603 composue-

155 623 312 677 τούτου
357 624 617 690 συντάξας
656 624 947 692 ἐπέγραψε.
981 626 1117 695 Πρὸς
1157 626 1214 677 ὃν
1256 628 1284 676 ὁ
1316 628 1582 691 Διονύσιος
1619 631 1676 679 ὲν

154 718 243 777 τοῖς
263 712 399 781 Περὶ
416 714 773 784 ἐπαγγελιῶν
798 715 1088 779 ἐνίσταται,
1118 717 1205 771 διά
1238 719 1334 786 μὲν
1362 719 1456 771 τοῦ
1490 720 1678 790 προτέ-

159 822 233 876 ρου
266 806 361 875 τὴν
410 804 572 859 αὑτοῦ
615 804 834 874 γνώμην
866 806 931 874 ἦν
978 802 1088 876 εἶχε
1130 808 1257 879 περ).
1285 809 1379 863 τοῦ
1415 809 1677 880 δόγματος

157 894 570 964 παρατιθέμενος,
592 892 677 945 διὰ
702 893 759 945 δὲ
786 893 877 945 τοῦ
900 894 1147 965 δευτέρου
1176 896 1303 967 περὶ
1327 898 1424 967 τῆς
1457 899 1678 951 Ἀποκα-

155 985 334 1053 λὺψεως
391 984 631 1036 Ἰωάννου
678 984 1078 1055 διαλαμϐάνων·
1116 986 1242 1039 ἔνθα
1286 986 1377 1039 τοῦ
1423 989 1676 1052 Νέπωτος
1721 1034 1727 1039 .

155 1074 271 1128 κατά
311 1074 406 1143 τὴν
446 1072 617 1144 ἀρχὴν
667 1075 1066 1144 μνημονεύσας,
1114 1076 1284 1130 ταῦτα
1347 1080 1473 1149 περὶ
1516 1078 1675 1131 αὑτοῦ

154 1165 323 1235 γράφει
346 1182 361 1195 θ
391 1183 409 1214 ι
434 1165 579 1216 Ἐπεὶ
597 1164 653 1217 δὲ
686 1166 966 1237 σύνταγμά
995 1185 1045 1221 τι
1072 1168 1453 1239 προκομίζουσι
1484 1169 1675 1221 Νέπω-

154 1272 243 1317 τος,
274 1247 316 1319 ᾧ
346 1253 464 1305 λίαν
513 1255 875 1324 ἐπερείδονται
921 1258 995 1320 ὼς
1030 1259 1429 1329 ἀναντιρῤήτως
1464 1260 1676 1311 ἀποδει-

154 1343 313 1396 κνύντι
344 1343 449 1413 (89)
478 1344 572 1413 τὴν
612 1344 705 1397 τοῦ
735 1346 963 1415 Χριστοῦ
999 1347 1269 1415 βασιλείαν
1301 1350 1392 1401 ἐπὶ
1421 1350 1519 1419 γῆς
1561 1349 1677 1401 ἔσε-

154 1434 272 1494 σθαι,
301 1436 357 1485 ἐν
389 1434 567 1496 ἄλλοις
600 1435 697 1504 μὲν
736 1436 946 1499 πολλοῖς
984 1439 1312 1509 ἀποδέχομαι
1347 1442 1439 1492 καί
1480 1441 1676 1507 ἀγαπῶ

152 1522 375 1583 Νέπωτα,
404 1522 500 1590 τῆς
527 1539 585 1574 τε
614 1522 842 1587 πίστεως
871 1525 964 1579 καὶ
989 1527 1083 1597 τῆς
1104 1527 1431 1594 φιλοπονίας,
1460 1527 1551 1581 καὶ
1579 1528 1676 1597 τῆς

149 1615 198 1664 ἐν
220 1613 326 1673 ταῖς
354 1613 591 1681 Γραφαῖς
619 1615 912 1685 διατριϐῆς,
943 1617 1035 1670 καὶ
1073 1617 1173 1687 τῆς
1212 1617 1410 1688 πολλῆς
1449 1616 1674 1688 ψαλμῳ-

151 1700 245 1764 δίας
268 1702 371 1772 (90)
472 1704 630 1774 μέχρι
654 1704 748 1757 νῦν
774 1704 955 1758 πολλοὶ
984 1706 1089 1758 τῶν
1111 1707 1351 1775 ἀδελφῶν
1384 1707 1675 1776 εὐθυμοῦν-

148 1810 248 1854 ut,
274 1794 363 1846 κα).
401 1794 539 1847 πάνυ
577 1796 643 1847 δι’
684 1796 862 1858 αἰδοῦς
892 1796 1009 1865 ἄγω
1053 1798 1144 1849 τὸν
1185 1797 1462 1867 ἄνθρωπον
1506 1798 1671 1869 ταύτῃ

152 1884 323 1952 μᾶλλον
344 1925 359 1948 ,
473 1887 914 1957 προανεπαύσατο
944 1888 1073 1957 (91),
1107 1888 1241 1941 ἀλλά
1283 1889 1408 1959 φίλη
1445 1889 1551 1959 γάρ
1580 1890 1672 1941 καὶ

150 1976 502 2046 προτιμωτέπη
536 1977 749 2029 πάντων
774 1978 806 2046 ἡ
830 1976 1048 2046 ἀλήθεια
1066 1995 1077 2007 ·
1105 1980 1342 2031 ἐπαινεῖν
1367 1995 1424 2031 τε
1448 1980 1551 2050 χρὴ
1580 1981 1671 2032 καὶ

150 2070 385 2119 συναινείν
421 2067 694 2136 ἀφθόνως,
727 2067 782 2119 ετ
817 2084 868 2119 τι
912 2069 1083 2137 ὀρθῶς
1133 2066 1367 2135 λέγοιτο,
1403 2069 1671 2134 ἐξετάζειν

149 2153 194 2205 δὲ
215 2157 298 2208 καὶ
320 2156 625 2220 διευθύνειν,
656 2157 769 2209 εἴτι
797 2155 869 2226 μὴ
894 2158 1131 2223 φαίνοιτο
1151 2158 1315 2224 ὑγιῶς
1336 2161 1673 2228 ἀναγεγραμ-

153 2245 305 2311 μένον.
326 2247 431 2298 Καὶ
458 2246 591 2315 πρὸς
625 2245 719 2314 μὲν
752 2244 990 2315 παρόντα
1016 2246 1108 2297 καὶ
1134 2245 1270 2314 ψιλῷ
1299 2245 1439 2315 λόγῳ
1469 2247 1670 2316 δογμα-

148 2334 333 2395 τίζοντα
369 2335 641 2405 αὐτάρκης
664 2330 732 2403 ἦν
760 2334 825 2386 ἂν
849 2336 881 2403 ὴ
914 2335 1157 2404 ἄγραφος
1192 2330 1403 2405 ὁμιλία,
1435 2336 1500 2389 δι’
1528 2339 1667 2407 ἐρω-

148 2425 329 2493 τήσεως
357 2428 447 2478 καὶ
478 2424 813 2493 ἀποκρίσεως
845 2424 1099 2476 πείθουσα
1138 2425 1230 2477 καὶ
1265 2408 1667 2493 συμόιόάζουσα

146 2514 250 2574 τοὺς
278 2502 820 2583 ἀντιδιατιθεμένους·
863 2514 1074 2584 γραφῆς
1106 2512 1161 2565 δὲ
1204 2516 1554 2587 ἐκκειμένης,
1594 2517 1669 2581 ὡς

146 2600 269 2657 δοκεί
294 2619 429 2667 τισι,
458 2602 864 2674 πιθανωτάτης,
900 2604 991 2656 καί
1035 2622 1194 2656 τινων
1224 2604 1550 2659 διδασκάλων
1578 2608 1667 2660 τὸν

149 2694 229 2760 μὲν
254 2694 406 2764 νόμον
449 2692 698 2757 καὶτοὺς
722 2696 997 2765 προφήτας
1029 2695 1087 2747 τὺ
1118 2693 1280 2765 μηδὲν
1329 2694 1664 2767 ἡγουμένων,

146 2784 225 2835 καὶ
244 2785 301 2836 τὸ
334 2788 440 2849 τοῖς
470 2769 814 2853 Εὑαγγελίοις
847 2785 1070 2838 ἔπεσθαι
1101 2786 1403 2857 παρέντων,
1437 2789 1549 2840 καὶ·
1569 2789 1667 2852 τὰς

144 2873 234 2927 τῶν
254 2860 550 2947 ἀποστόλων
586 2875 895 2938 Ἐπιπολὰς
912 2876 1365 2944 ἐκφαυλισάντων,
1380 2878 1477 2948 τὴν
1500 2879 1554 2930 δὲ
1575 2878 1667 2931 τοῦ

146 2964 539 3033 συγγράμματος
566 2963 753 3015 τούτου
776 2962 1113 3017 διδασκαλίαν
1140 2963 1213 3025 ὡς
1240 2964 1379 3032 μέγα
1404 2966 1466 3035 δή
1495 2982 1544 3016 τι
1573 2965 1667 3017 καὶ

145 3054 488 3124 κεκρυμμένον
536 3055 826 3123 μυστήριον
883 3051 1462 3121 κατεπαγγελλομὲνων
1514 3050 1663 3121 (92),

1706 1858 1743 1911 Β

1777 636 1879 688 rat,
1909 627 2326 696 Con/utationem
2366 626 2777 693 allegorislnrum
2838 625 3129 691 inscripsit.
3167 626 3316 679 llunc

1774 730 1901 777 ergo
1925 715 2212 787 Dionysius
2252 718 2301 769 in
2335 716 2486 769 libris
2536 715 2612 769 De
2666 715 3092 782 promissionibus
3122 716 3316 767 acriter

1776 808 2070 875 impugnat.
2101 806 2172 861 Et
2219 807 2272 860 in
2305 808 2481 875 priore
2518 806 2732 873 quidem
2793 804 2930 858 libro
2968 819 3118 858 suam
3154 806 3320 872 ipsius

1774 898 2093 952 sententiam
2128 898 2194 950 de
2231 899 2328 950 hac
2356 898 2649 965 quaestione
2698 895 2964 965 proponit.
2998 894 3051 948 lu
3082 896 3317 951 secundo

1774 998 1950 1039 autem
1995 985 2133 1039 libro
2180 989 2245 1040 de
2268 987 2489 1041 Joannis
2539 985 2891 1039 Revelatione
2929 983 3226 1053 disputans,
3264 987 3315 1039 in

1776 1078 1888 1142 ipso
1935 1077 2113 1130 statim
2154 1078 2374 1130 exordio
2424 1077 2644 1146 Nepotis
2696 1078 3018 1131 mentionem
3076 1074 3206 1129 facit
3235 1077 3319 1131 his

1774 1167 1948 1220 verbis
1976 1184 1989 1220 :
2023 1184 2041 1217 ι
2080 1165 2185 1221 Sed
2227 1167 2478 1233 quoniam
2509 1168 2704 1220 librum
2738 1159 3020 1234 quemdam
3042 1164 3319 1234 proferunt

1762 1257 2009 1325 ,Nepotis,
2050 1272 2155 1325 quo
2189 1258 2403 1322 quidem
2478 1271 2801 1325 magnopere
2851 1258 3113 1320 nituntur,
3167 1256 3317 1325 quasi

1776 1349 1826 1399 in
1882 1360 1944 1398 co
1992 1344 2308 1399 certissimis
2365 1344 2698 1410 argumentis
2750 1346 3169 1399 demonstratum
3226 1345 3316 1409 sit,

1776 1450 1994 1502 regnum
2060 1432 2257 1486 Christi
2315 1432 2365 1483 in
2426 1432 2583 1483 terris
2642 1430 3005 1496 futurum;in
3076 1432 3319 1501 plurimis

1774 1526 1983 1594 quidem
2018 1523 2134 1576 aliis
2184 1523 2342 1575 rebus
2390 1522 2551 1573 laudo
2585 1519 2840 1588 Nepotem
2885 1538 2945 1575 ac
2979 1523 3162 1591 diligo,
3198 1537 3315 1576 cum

1774 1608 1988 1685 propter
2019 1615 2196 1676 fidem,
2225 1623 2332 1666 tum
2363 1613 2431 1665 ob
2458 1611 2788 1681 diligentiam
2819 1624 2872 1665 et
2906 1615 3140 1666 studium
3169 1614 3316 1667 Scri-

1773 1716 2050 1775 pturarum
2079 1722 2094 1766 ;
2129 1714 2401 1772 postremo
2432 1706 2500 1757 ob
2551 1702 2873 1769 psalmorum
2919 1713 3105 1755 cantus
3132 1702 3317 1755 multi-
3352 1690 3360 1697 ’

1774 1796 1960 1864 plices.
1995 1794 2190 1862 quibus
2214 1793 2453 1861 plerique
2490 1807 2555 1846 ex
2592 1791 2844 1843 fratribus
2888 1792 3176 1843 etiamnum
3206 1805 3316 1842 ma-

1772 1897 2003 1949 gnopere
2057 1880 2410 1935 delectantur.
2472 1879 2770 1949 Magnoque
2820 1882 3022 1931 honore
3071 1892 3133 1931 ac
3164 1891 3314 1929 rere.

1773 1973 1938 2024 rentia
1965 1972 2236 2024 hominem
2280 1984 2595 2039 prosequor,
2625 1969 2708 2023 vel
2754 1969 2821 2023 ob
2843 1968 2894 2022 id
2926 1968 3152 2021 maxime
3175 1966 3313 2035 quod

1769 2076 1831 2114 ex
1868 2062 1965 2113 hac
1993 2060 2099 2113 vita
2147 2060 2416 2129 migravit.
2447 2059 2551 2112 Sed
2600 2059 2882 2112 veritatem
2935 2059 3101 2127 magis
3131 2058 3313 2127 diligo,

1768 2151 2079 2218 cunctisque
2129 2148 2518 2216 praeferendam
2578 2150 2795 2202 censeo.
2860 2148 3068 2203 Etenim
3112 2163 3172 2199 ea
3198 2148 3315 2213 qui-

1768 2241 1884 2291 dem
1914 2253 2032 2306 qua:
2076 2248 2220 2291 recte
2250 2240 2389 2291 dicta
2442 2246 2586 2302 sunt,
2620 2238 2823 2302 absque
2855 2238 3051 2292 invidia
3100 2239 3320 2291 laudare

1769 2347 1831 2384 ac
1862 2332 2087 2397 probare
2120 2328 2395 2382 debemus.
2430 2327 2486 2380 Si
2515 2328 2640 2394 quid
2704 2342 2832 2382 vero
2854 2331 3029 2384 secius
3058 2332 3314 2398 scriptum

1767 2429 1867 2483 est,
1908 2419 1958 2471 id
1996 2418 2291 2470 examinari
2322 2432 2350 2468 a
2386 2416 2539 2469 nobis
2563 2426 2617 2469 et
2646 2417 2843 2485 corrigi
2897 2418 3071 2471 decet.
3097 2417 3247 2484 Quod
3273 2421 3315 2473 si

1770 2508 1880 2575 ipse
1904 2522 2138 2574 praesens
2172 2507 2405 2570 adesset,
2438 2515 2489 2560 et
2517 2506 2823 2572 opinionem
2860 2522 3008 2559 suam
3043 2509 3160 2561 viva
3188 2524 3317 2562 voce

1766 2597 2165 2665 promulgaret,
2223 2597 2497 2651 suffit-cret
2548 2600 2775 2651 fortasse
2829 2598 3050 2665 simplex
3114 2601 3316 2665 absque

1766 2692 1971 2755 scripto
2033 2688 2379 2757 colloquium,
2441 2704 2545 2759 quo
2574 2704 2669 2758 per
2739 2690 3193 2758 interrogatiunes
3251 2704 3313 2744 ac

1769 2783 2139 2851 responsiones
2186 2784 2630 2837 convincerentur
2672 2784 2965 2838 adversarii
3024 2794 3077 2837 et
3120 2782 3171 2836 in
3204 2782 3316 2850 pri-

1766 2874 1961 2925 stinam
2011 2872 2350 2927 concordiam
2386 2879 2806 2927 “revocarentur.
2858 2874 3053 2928 Verum
3095 2890 3214 2928 cum
3260 2875 3309 2926 in

1768 2964 2032 3031 publicum
2060 2965 2236 3017 editus
2288 2964 2357 3016 sit
2390 2963 2544 3026 liber,
2584 2965 2734 3031 isque
2774 2974 2831 3017 ut
2871 2965 3134 3019 nonnullis
3158 2964 3303 3016 vide-

1768 3066 1853 3106 tur
1896 3054 1962 3106 ad
2003 3054 2427 3121 persuadendum
2459 3056 2771 3122 aptissimus
2802 3073 2814 3108 :
2849 3065 2902 3109 et
2950 3071 3070 3108 cum
3096 3054 3311 3122 quidam

145 3143 223 3194 καὶ
248 3146 362 3206 τοὺς
385 3144 778 3213 ἁπλουστέρους
813 3142 1067 3210 ἀδελφοὺς
1096 3144 1250 3213 ἡμῶν
1278 3144 1429 3197 οὐδὲν
1455 3143 1663 3197 ἐώντων

1767 3148 2013 3203 doctores
2038 3145 2204 3213 legem
2229 3145 2445 3212 quidem
2497 3160 2559 3200 ac
2587 3147 2875 3214 prophetas
2904 3146 3053 3200 nihili
3089 3146 3310 3210 faciant,

146 3232 320 3301 ὑίῖθηλὺν
344 3236 433 3287 καὶ
461 3234 738 3303 μεγαλεῖον
761 3237 993 3303 φρονεῖν,
1022 3231 1142 3285 οὔτε
1177 3234 1304 3301 περὶ
1333 3233 1431 3302 τῆς
1456 3233 1662 3297 ἐνδόξου

147 3323 222 3373 καὶ
246 3323 447 3393 ἀληθῶς
469 3324 647 3376 ἐνθέου
668 3323 761 3376 τοῦ
785 3324 985 3395 Κυρίου
1007 3325 1039 3394 ἡ
1048 3322 1161 3392 μῶν
1187 3324 1518 3390 ἐπιφανείας,
1542 3324 1662 3377 οὔτε

144 3412 227 3475 τῆς
252 3411 512 3481 ἡμετέρας
553 3414 616 3464 ἐκ
653 3412 859 3481 νεκρῶν
898 3412 1240 3471 ἀναστάσεως
1281 3410 1500 3481 καὶτῆς
1529 3412 1663 3481 πρὸς

146 3497 282 3550 αὑτὸν
302 3500 706 3567 ἐπισυναγωγῆς
743 3500 835 3552 καὶ
865 3500 1187 3567 ὁμοιώσεως,
1212 3500 1345 3554 ἀλλὰ
1376 3502 1543 3570 μικρά
1570 3503 1661 3554 καὶ

147 3586 309 3657 θνητὰ,
346 3591 437 3642 καὶ
458 3584 545 3642 οἷα
573 3590 640 3642 τὰ
668 3590 761 3642 νῦν
784 3591 1019 3652 ἐλπίζειν
1044 3592 1433 3645 ἀναπειθόντων
1462 3594 1569 3659 (95)
1604 3595 1671 3647 ἐν

147 3682 200 3748 τῇ
223 3679 449 3748 βασιλείᾳ
487 3679 581 3731 τοῦ
624 3678 780 3740 Θεοῦ,
813 3681 1101 3746 ἀναγκαῖον
1136 3682 1226 3732 καὶ
1252 3682 1396 3748 ἡμᾶς
1425 3681 1499 3743 ὡς
1522 3676 1659 3754 πρὸς

148 3768 357 3838 παρόντα
396 3768 484 3821 τὸν
524 3767 748 3836 ἀδελφὺν
789 3769 943 3838 ἡμῶν
980 3768 1316 3837 διαλεχθῆναι
1344 3769 1593 3825 Νέπωτα.
1635 3792 1655 3826 ι

210 3923 308 3994 (89)
354 3920 800 3994 ᾏποδεικνὺντι.
854 3920 947 3975 Sic
994 3920 1044 3994 in
1072 3921 1257 3975 codice
1296 3920 1648 3994 Maz.,_Med.,

150 3990 264 4046 Fuk.
292 3989 338 4047 et
369 3992 537 4047 Savil.
581 3991 834 4044 scribitur
890 3989 1090 4043 rectius
1138 4005 1233 4057 pro
1269 3991 1408 4055 vulg.
1447 3991 1658 4043 ὑποδει-

151 4062 329 4117 κνύντι.
352 4063 517 4116 Porro
543 4076 662 4114 cum
686 4068 894 4113 constet
918 4073 983 4112 ex
1008 4062 1109 4113 hoc
1139 4060 1273 4121 loco,
1310 4058 1503 4112 librum
1538 4059 1661 4113 Dio-

149 4126 267 4200 nysii
291 4128 627 4200 Alexandrini
654 4129 719 4182 de
742 4130 1188 4200 promissionihus
1211 4134 1463 4200 scriptum
1492 4133 1654 4186 fuisse

149 4194 378 4250 adversus
415 4194 670 4267 Nepotem
708 4194 1025 4267 episcopum
1056 4198 1267 4267 IEgypti
1289 4194 1499 4263 [miror
1527 4200 1640 4253 Hie-

150 4276 403 4321 ronymum
431 4266 486 4317 in
518 4264 825 4320 Prtefatio’ne
856 4264 974 4319 libri
1006 4264 1655 4321 xvanommentariorum

150 4329 193 4381 in
220 4329 419 4393 Isaiam,
446 4332 707 4386 afﬁrmare
735 4350 856 4388 eum
892 4336 1083 4388 librum
1114 4338 1369 4391 adversus
1399 4337 1651 4391 Irenaeum

152 4396 534 4472 Lugdunensem
583 4403 889 4472 episcopum
940 4420 969 4455 a
1014 4404 1266 4472 Dionysio
1317 4405 1483 4461 fuisse
1530 4422 1657 4460 con-

150 4469 399 4544 scriptum.
432 4468 568 4544 Fui_t_
595 4468 1079 4544 q_uidem___lrcnarus
1119 4468 1179 4527 ei
1222 4491 1445 4530 numero
1472 4492 1654 4530 eormn

153 4519 480 4612 qui'regnum
499 4519 707 4612 Christi
747 4540 889 4612 mille
919 4556 1180 4612 annorum
1206 4548 1380 4612 spatio
1414 4546 1465 4597 in
1503 4544 1657 4599 terris
1684 4519 1728 4576 θ

154 4601 372 4679 Ιίιιιιιηιῇι⁸
391 4607 751 4679 crediderunt,
781 4609 977 4679 quibus
1007 4601 1275 4679 idPapia's
1298 4622 1655 4679 persuaserat,

152 4680 203 4720 ut
228 4674 399 4749 scribit
425 4677 563 4749 idem
586 4675 939 4749 _ll_iet_-onynt_u_s
969 4678 1019 4729 in
1050 4674 1373 4749 cartilago-et
1403 4682 1659 4736 Eusebius

154 4751 310 4818 noster
340 4744 390 4795 in
414 4748 540 4818 _fine
586 4745 705 4798 libri
748 4744 826 4818 ut.
870 4744 1065 4799 Verum
1104 4744 1337 4818 Dion'ysii
1374 4752 1506 4805 liber
1552 4766 1658 4804 non

154 4808 381 4863 adversus
414 4812 668 4866 Irenaeum
699 4817 928 4883 scriptus
972 4826 1103 4870 erat.
1140 4808 1518 4873 sed'adversus
1554 4818 1657 4872 Ne-

156 4885 330 4947 potem,
363 4890 419 4932 ut
452 4892 593 4947 patet
636 4892 745 4935 tum
793 4899 857 4936 ex
890 4884 988 4935 hoc
1029 4885 1237 4937 Eusebii
1282 4886 1418 4947 loco,
1451 4899 1559 4941 tum
1591 4904 1656 4940 ex

153 4942 257 5007 ipso
284 4942 599 5064 ΙΙίοτοἯίηο
627 4952 678 5002 in
711 4953 844 5004 libro
883 4951 954 5003 De
985 4954 1317 5019 scriptoribus
1344 4942 1655 5011 ecclesiasti-

153 5014 226 5061 cis.
257 5013 333 5064 ubi
365 5015 431 5064 de
504 5018 708 5064 ionvsin
737 5021 990 5064 lnmtitnr-

149 5013 333 5085 cis._ubi
365 5015 431 5065 de
457 5013 708 5083 Dionysio
737 5021 991 5085 loquitur.

206 5083 306 5151 (90)
347 5086 718 5152 T‘azyqidz'ac.
757 5083 1272 5155 Christophorsonus
1317 5088 1553 5155 psalmos
1597 5101 1652 5145 et

149 5153 349 5223 hymnos
386 5170 414 5204 a
445 5151 642 5219 Nepote
676 5151 1016 5223 compositos
1057 5151 1457 5223 interpretatur.
1509 5151 1649 5214 Sane

151 5223 223 5273 hic
262 5221 347 5274 fuit
375 5236 489 5273 mos
519 5232 753 5274 veterum
775 5221 1223 5282 Christianorum,
1254 5230 1311 5274 ut
1338 5228 1569 5288 psalmos
1594 5239 1647 5281 et

150 5290 351 5357 hymnos
397 5290 448 5360 ῂι
502 5288 756 5360 honorem
791 5292 993 5345 Christi
1043 5305 1441 5358 componerent.
1495 5298 1643 5360 Quod

150 5357 659 5429 testaturAEusebius
694 5358 745 5429 in
786 5359 891 5412 line
931 5363 1024 5415 lib.
1067 5376 1119 5415 ν.
1148 5357 1245 5429 De
1296 5360 1375 5413 his
1430 5357 1644 5429 psalmis

150 5430 327 5481 mentio
359 5426 417 5480 fit
446 5427 501 5478 in
536 5426 762 5491 epistola
796 5430 1007 5481 concilii
1034 5428 1353 5485 Antiocheni
1384 5426 1640 5487 adversus

151 5496 345 5550 Paulum
404 5496 831 5563 Satnosateuum,
881 5506 934 5550 et
987 5499 1037 5550 in
1101 5510 1298 5550 canone
1352 5500 1640 5563 penultimo

152 5568 340 5619 concilii
396 5563 696 5633 Laodiceni.
765 5562 865 5617 Ubi
920 5566 1118 5620 diserte
1175 5562 1512 5633 prohibetur,
1574 5586 1639 5623 ne

152 5635 321 5700 psalmi
347 5631 615 5695 ίδιωτικτέ,
641 5631 695 5684 id
722 5640 824 5694 est,
847 5647 876 5683 a
906 5635 1128 5699 privatis
1160 5631 1461 5688 hominibus
1494 5631 1639 5689 com-

153 5704 314 5768 positi,
340 5706 390 5757 in
422 5703 530 5757 eccl
570 5702 645 5753 sia
673 5700 980 5754 recitentur.
1012 5703 1310 5755 lnvaluerat
1342 5705 1480 5755 enim
1527 5710 1637 5759 hrec

156 5775 473 5843 consuetudo,
512 5783 559 5828 it
591 5769 740 5825 multi
758 5770 990 5839 psalmos
1016 5775 1090 5845 _iu
1143 5773 1395 5830 honorem
1436 5771 1633 5829 Christi

1770 3234 2051 3303 Evangelia
2091 3233 2235 3299 sequi
2299 3233 2592 3301 negligant,
2653 3236 3016 3300 apostolorum
3047 3235 3312 3303 Epistolas

1766 3332 2131 3386 contemnant,
2172 3322 2327 3390 hujus
2360 3337 2487 3376 vero
2524 3322 2643 3375 libri
2670 3324 2967 3377 doctrinam
3011 3327 3161 3393 quasi
3199 3340 3311 3378 ma-

1766 3430 1928 3480 gnum
1958 3412 2172 3480 aliquod
2204 3421 2257 3465 et
2280 3426 2535 3465 arcanum
2582 3422 2983 3467 sacramentum
3013 3415 3308 3478 venditent,

1764 3514 1820 3557 et
1846 3503 2205 3571 simpliciores
2252 3503 2511 3568 quosdam
2564 3516 2630 3555 ex
2671 3503 2925 3556 fratribus
2954 3505 3150 3559 nostris
3175 3506 3310 3561 nihil

1763 3593 1995 3646 Sublime
2049 3603 2212 3660 atque
2247 3592 2607 3663 magnificum,
2658 3611 2754 3649 nec
2798 3596 2863 3648 de
2894 3596 3124 3662 glorioso
3157 3611 3309 3665 pror-

1765 3696 1964 3746 sus-que
1997 3682 2178 3735 divino
2202 3684 2434 3738 adventu
2480 3685 2690 3739 Domini
2730 3687 2918 3750 nostri,
2976 3703 3072 3742 nec
3107 3689 3171 3742 de
3222 3704 3305 3743 re-

1762 3774 2094 3827 surrectione
2146 3787 2355 3840 nostra,
2414 3778 2691 3845 nostrique
2726 3780 2790 3832 ad
2817 3780 3087 3834 Christum
3117 3798 3304 3851 aggre-

1757 3938 2162 3997 c0mponerent,
2198 3938 2399 3996 eosque
2429 3928 2480 3981 in
2521 3930 2749 3985 ecclesia
2794 3935 3003 3987 cantari
3040 3936 3300 3997 facerent,

1768 4004 1824 4045 ut
1853 4010 1918 4073 ex
1948 3995 2078 4073 locis
2116 4011 2274 4073 supra
2310 3995 2511 4073 notatis
2537 4010 2781 4063 apparet.
2813 4000 3135 4073 Hujusmodi
3174 3995 3301 4073 ergo

1765 4064 2098 4148 psaltnos'in
2133 4063 2364 4148 ecclesia
2413 4066 2664 4148 deinceps
2710 4069 2841 4148 cani,
2888 4063 3302 4148 vetantuPatrEs

1762 4131 1971 4206 concilii
2003 4130 2374 4206 Laodicensis,
2398 4147 2548 4206 quos
2573 4130 2881 4206 iatwuxodg
2924 4139 3214 4206 appellant,
3247 4143 3297 4195 id

1760 4207 1861 4259 est,
1916 4200 2011 4273 ab_
2035 4199 2338 4273 horninibus
2396 4199 2661 4273 imperitis
2711 4199 3058 4273 eotnposiios,
3118 4199 3220 4263 non
3268 4226 3297 4265 a

1760 4267 2179 4342 sancto_Spi_ritu
2230 4268 2477 4342 dictatos.
2517 4269 2587 4342 lta
2621 4267 2856 4342 explicat
2902 4267 3213 4342 Agobardus
3245 4281 3299 4335 in

1758 4336 1894 4387 libro
1931 4335 2004 4403 De
2038 4338 2140 4387 ritu
2172 4340 2391 4387 canendi
2438 4338 2663 4403 psalmos
2691 4335 2747 4392 in
2780 4335 3016 4398 ecclesia.

1750 4424 1751 4427 η
1824 4403 1934 4485 (91)
1979 4400 2061 4485 τῇ
2083 4400 2596 4485 προανεςταύᾲατο.
2624 4408 2844 4485 Plinius
2874 4413 2925 4485 i_n
2984 4414 3074 4470 lib.
3108 4431 3296 4481 xxvm,

1752 4488 1870 4539 cap.
1900 4473 1934 4525 2
1960 4491 1972 4525 :
1999 4473 2125 4534 Cur,
2161 4475 2356 4549 inquit,
2388 4476 2455 4527 ad
2482 4479 2792 4549 mentionem
2812 4481 3193 4549 defunctorum,
3223 4473 3299 4539 te;

1754 4551 1958 4595 stamur
1986 4544 2285 4594 memoriam
2319 4560 2497 4596 eorum
2537 4562 2568 4596 a
2602 4548 2747 4601 nobis
2774 4544 3192 4606 non'sollicitari.

1812 4610 1933 4689 -(92)
1972 4613 2647 4689 Κατεπαγγελλομένων,
2673 4618 2722 4670 id
2766 4628 2866 4679 est.
2895 4621 2982 4675 diu
3019 4633 3143 4674 ante
3174 4636 3295 4689 pro-

1754 4683 1973 4759 mittunt
2015 4696 2119 4747 qua
2171 4684 2405 4759 tradant.
2460 4683 2767 4759 Metaphora
2815 4698 2907 4759 est,
2948 4706 2975 4743 a
3024 4683 3292 4759 mysteriis

1752 4748 2085 4820 Graecorum,
2116 4747 2213 4816 qui
2264 4766 2455 4818 magna
2488 4747 2727 4820 quaedam
2758 4765 2812 4808 et
2841 4747 3292 4813 miranda'initia-
3318 4766 3321 4769 ’

1755 4818 1822 4867 tis
1867 4820 2290 4896 promittebant,_
2331 4818 2528 4896 eosque
2570 4822 2821 4877 diuturna
2891 4827 3293 4896 exspectatione

1750 4889 2086 4961 cruciabam,
2122 4896 2177 4961 ut
2206 4888 2524 4961 Opinionem,
2559 4905 2624 4943 ac
2660 4888 3011 4949 reverentiam
3062 4908 3289 4961 suspen-

1750 4954 1838 5030 r_l_io
1856 4957 2173 5030 cognitionis
2202 4956 2550 5030 :editicarent,
2574 4963 3022 5030 quemadmodum
3055 4954 3292 5030 loquitur
3392 5019 3395 5023 ,

1752 5021 2109 5076 Tertullianus
2138 5027 2187 5075 in
2221 5025 2313 5077 lib.
2348 5037 2536 5077 contra
2574 5021 2995 5084 Valentinianus.

1819 5092 1928 5165 (θὸ)
1952 5162 1961 5165 _
1981 5091 2757 5165 Ἐλπίζὲινλᾴναξτειθόντων.
2790 5098 2959 5165 Hujus
2984 5100 3077 5152 loci
3107 5115 3289 5153 emen-

1748 5160 2363 5242 datio'debetur‘rcodigi
2400 5162 2694 5242 Maza~rin_o.
2724 5169 2783 5242 in
2802 5160 3287 5242 quodisertescri-

1746 5236 1893 5291 ptum
1929 5229 2124 5289 inveni,
2156 5229 2265 5279 Καὶ
2298 5229 2383 5281 οἷα
2415 5233 2481 5283 τὰ
2505 5233 2598 5286 νῦν
2630 5229 2862 5296 ἐλπίζειν
2895 5236 3287 5290 ἀναπειθόντων

1742 5297 1798 5347 ἐν
1826 5298 1888 5371 τῇ
1918 5295 2157 5371 βασιλείᾳ
2187 5297 2461 5371 τοῦγθεοῦ,
2492 5295 2774 5369 quomodo
2794 5305 2951 5355 etiam
3000 5306 3189 5371 legitur
3234 5309 3283 5361 in

1743 5366 1923 5419 codice
1949 5366 2217 5440 Medicum,
2250 5370 2349 5440 nisi
2381 5366 2524 5436 quod
2550 5372 2871 5440 ἐλπιζόμενα
2892 5366 3125 5433 ἐλπίζειν
3153 5377 3287 5428 scri-

1738 5440 1884 5499 ptum
1945 5434 2195 5490 habetur.
2260 5435 2365 5489 Sed
2398 5434 2850 5492 Vrectissima'est
2898 5444 3099 5495 codicis
3144 5443 3281 5498 Μαι.

1739 5501 1917 5574 lectio,
1944 5516 2102 5574 quam
2138 5518 2241 5571 ego
2274 5508 3035 5574 priusquamﬂcomperissetn,
3084 5514 3286 5565 subau«

1738 5569 1990 5649 diendum
2020 5570 2115 5649 hic
2133 5569 2256 5649 esse
2274 5569 2288 5573 ⁷
2304 5574 2415 5649 ἀπὸ
2442 5569 2623 5649 ’κοινοῦ
2654 5569 2872 5649 verbum
2908 5569 3122 5649 φρονεῖν
3146 5587 3283 5649 iexi-

1736 5638 2039 5706 stimabam.
2076 5636 2258 5693 Codici
2302 5641 2439 5696 Maz.
2487 5643 2832 5698 subscrihunt
2871 5636 3025 5704 codd.
3066 5648 3200 5706 Fuk.
3229 5658 3281 5706 et

1734 5703 2076 5777 Savil.,vulg.
2088 5746 2104 5773 ,
2134 5710 2458 5781 ἐλπιζόμενα
2488 5710 2794 5765 πειθόντων.
2939 5710 2945 5717 “
