3948 6340
143 309 240 367 691

1112 299 1454 356 HISTORLE
1491 297 2045 356 ECCLESIAS'UCE
2082 297 2209 354 LIB.
2249 296 2364 353 VII.

3213 292 3316 355 698

140 423 300 482 ταῦτά
327 439 458 493 φησι
483 438 498 453 ·
535 440 555 472 ι
592 378 747 483 me;
776 418 872 490 μὲν
903 412 997 471 οὑν
1022 417 1130 471 τῶν
1161 419 1266 488 πρὸ
1301 418 1455 488 ἡμῶν
1487 416 1655 488 sese;

1785 416 1866 471 nis
1921 417 1993 469 ita
2077 415 2313 470 scribit:
2367 430 2387 463 ι
2447 411 2696 466 Nonnulli
2751 396 2965 481 quidem
3017 422 3086 469 ex
3127 412 3196 468 iis
3233 408 3330 484 qui

144 531 226 569 σαν
248 514 349 567 καὶ
374 509 736 567 ἀνεσκεύασαν
761 508 932 577 πάντη
956 507 1018 560 τὸ
1045 506 1266 584 βιϐλίον,
1302 505 1422 559 καθ’
1453 505 1680 558 ἕκαστον

141 603 418 673 κεφάλαιον
434 598 811 662 διευθύνοντες,
823 596 1094 665 ἄγνωστὸν
1112 614 1170 648 τε
1191 597 1284 649 καὶ
1303 593 1680 661 ἀσυλλόγιστον

141 693 540 761 ἀτωφαίνοντεςέ
569 686 852 757 ψεύδεσθαί
871 703 930 738 τε
951 686 1048 756 τὴν
1075 683 1398 754 ἐπιγραφήν.
1435 681 1677 734 Ἰωάννου

139 763 230 854 γάρ
253 783 363 836 οὑκ
391 779 527 833 εἶναι
565 777 806 845 λέγουσιν
832 794 845 806 ·
876 775 988 830 ἀλλ’
1015 773 1122 828 οὐδ’
1153 771 1489 841 ἀποκάλυψιν
1519 765 1679 835 εἶναι,

138 872 219 942 τὴν
248 868 467 941 σφοδρῷ
487 866 580 922 καὶ
612 866 774 935 παχεῖ
791 863 1206 935 κεκαλυμμένην
1227 861 1306 932 τῷ
1330 862 1429 933 τῆς
1459 860 1678 930 ἀγνοίας

139 960 578 1030 παραπετάσματι
607 954 705 1026 (ΞΥ
723 955 816 1009 καὶ
840 955 936 1025 οὑχ
964 956 1110 1018 ὅπως
1132 953 1240 1007 τῶν
1271 951 1578 1006 ἀποστόλων
1597 971 1678 1006 τι-

138 1051 213 1113 νὰ,
241 1051 361 1103 ἀλλ’
389 1049 495 1101 οὐδ’
523 1048 658 1110 ὅλως
681 1045 787 1099 τῶν
807 1044 975 1113 ἁγίων
1000 1044 1034 1116 ἢ
1061 1043 1170 1097 τῶν
1198 1044 1305 1096 ἀπὸ
1327 1043 1427 1112 τῆς
1452 1043 1676 1114 Ἐκκλη-

139 1142 240 1204 σίας
277 1141 466 1195 τούτου
512 1138 786 1208 γεγονέναι
829 1135 1053 1206 ποιητὴν
1093 1134 1186 1189 τοῦ
1229 1137 1673 1207 συγγράμματος.

136 1230 392 1302 Κήρινθον
433 1231 489 1282 δὲ
517 1230 610 1283 τὸν
650 1229 744 1282 καὶ
783 1229 879 1281 ἀπ’
917 1227 1123 1280 ἐκείνου
1154 1225 1440 1296 κληθεῖσαν
1470 1227 1674 1297 Κηριν-

137 1320 307 1395 θιανὴν
334 1321 733 1390 συστησάμενον
761 1319 988 1388 αἵρεσιν,
1012 1316 1317 1381 ἀξιόπιστον
1348 1317 1675 1386 ἐπιφημίσαι

134 1411 418 1481 θελήσαντα
440 1409 516 1480 τῷ
539 1407 728 1462 ἑαυτοῦ
753 1408 1027 1478 πλάσματι
1057 1407 1241 1477 ὄνομα.
1271 1407 1437 1460 Τοῦτο
1465 1406 1573 1477 γὰρ
1603 1401 1676 1458 εἴ·

132 1518 206 1553 ναι
226 1499 326 1570 τῆς
352 1500 685 1562 διδασκαλίας
712 1499 874 1552 αὑτοῦ
901 1499 961 1551 τὸ
986 1499 1180 1569 δόγμα,
1198 1499 1434 1566 ἐπίγειον
1457 1498 1672 1550 ἔσεσθαι

131 1587 215 1656 τὴν
238 1588 333 1641 τοῦ
360 1589 589 1660 Χριστοῦ
607 1588 893 1658 βασιλείαν,
916 1589 1009 1641 καὶ
1025 1581 1099 1641 ὧν
1112 1589 1271 1650 αὐτὸς
1280 1588 1518 1658 ὠρέγετο
1529 1588 1673 1658 φιλο-

132 1677 366 1748 σώματος
395 1677 469 1732 ὣν
499 1679 591 1732 καὶ
613 1679 750 1733 πάνυ
770 1681 1039 1750 σαρκικὸς,
1074 1682 1132 1732 ὲν
1159 1679 1364 1742 τούτοις
1392 1681 1669 1751 ὀνειροπο-

1778 521 1878 560 nos
1924 512 2358 575 praecesserunt,
2411 503 2608 558 librum
2656 503 2800 557 hunc
2844 504 3193 571 repudiarunt
3235 519 3330 574 pe.

1779 597 1926 650 nitus
2003 609 2070 650 ac
2135 595 2471 659 refutarunt,
2541 595 2749 664 singula
2826 593 2944 663 ejus
3001 595 3175 664 capita
3239 610 3326 651 re-

1777 685 2069 749 fellentes,
2133 700 2367 754 eumque
2413 684 2616 754 absque
2669 684 2778 738 ullo
2831 699 2993 738 sensu
3051 694 3107 739 et
3165 684 3329 737 ratio-

1775 775 2048 830 cinatione
2088 775 2366 844 scriptum
2433 790 2553 831 esse
2637 784 3020 831 monstrantes.
3077 775 3156 829 Ad
3211 777 3326 830 haec

1778 864 1938 935 2⁸13
1972 864 2373 934 inscriptionem
2400 851 2522 920 libri
2555 864 2745 919 falsam
2769 880 2889 920 esse
2915 867 3121 920 dicunt.
3145 866 3327 934 Neque

1775 957 1916 1008 enim
1942 964 2220 1010 auctorem
2249 957 2374 1032 ejus
2400 969 2522 1011 esse
2547 954 2832 1010 Joannem.
2864 955 2970 1010 Sed
2996 971 3168 1025 neque
3205 971 3324 1008 eam

1776 1045 2181 1101 Revelationem
2211 1061 2353 1113 esse,
2386 1047 2584 1116 quippe
2612 1063 2733 1117 qua:
2767 1057 2872 1101 tam
2901 1061 3088 1101 crasso
3109 1058 3326 1114 tamque

1772 1146 1944 1202 epaco
1993 1134 2313 1202 ignorantia
2362 1135 2592 1190 obducta
2643 1137 2714 1191 sit
2743 1137 2880 1192 velo.
2918 1135 2986 1189 Et
3029 1152 3132 1190 non
3167 1137 3326 1188 modo

1773 1217 2136 1286 apostolorum
2163 1221 2456 1284 neminem,
2481 1223 2575 1277 sed
2606 1238 2676 1277 ne
2700 1223 2866 1276 ullum
2899 1223 3113 1292 quidem
3136 1239 3168 1276 e
3200 1238 3330 1277 san-

1771 1310 1873 1361 ctis
1899 1320 1952 1362 et
1980 1310 2369 1366 ecclesiasticis
2414 1313 2547 1366 viris
2579 1313 2736 1380 hujus
2770 1313 2936 1367 libelli
2987 1313 3323 1368 conditorem

1769 1398 1937 1454 fuisse
1974 1400 2265 1458 aﬂirmanl.
2290 1401 2607 1458 Cerinthum
2650 1405 2816 1471 enim,
2844 1399 2953 1473 qui'
2979 1406 3211 1459 nominis
3241 1408 3324 1461 sui

1771 1499 1974 1544 sectam
2008 1491 2296 1559 caullavit,
2341 1509 2464 1551 cum
2503 1510 2710 1564 magna:
2759 1497 3097 1551 auctoritatis
3129 1513 3324 1553 nomen

1771 1581 1837 1633 ad
1866 1579 2165 1636 faciendam
2194 1583 2350 1636 fidem
2396 1586 2714 1639 commentis
2747 1587 2860 1639 suis
2897 1587 3059 1640 vellet
3087 1587 3328 1658 praefige—

1773 1685 1848 1734 re,
1865 1669 2089 1726 Joannis
2115 1673 2322 1727 titulum
2347 1676 2494 1742 operi
2526 1690 2625 1728 suo
2653 1658 3162 1746 indidisseanippe
3186 1679 3326 1730 hanc

128 1743 357 1838 λείν(2⁶),
374 1766 610 1834 ἔσεσθαι,
627 1743 862 1846 γαστρὸς
881 1769 972 1821 καὶ
999 1768 1106 1822 τῶν
1135 1769 1238 1822 ὑπὸ
1263 1743 1516 1839 γαστέρα.
1532 1757 1655 1840 πληέ

1767 1759 2006 1815 Cerinthi
2051 1762 2358 1830 Opinionem
2393 1762 2602 1828 fuisse,
2647 1780 2868 1834 regnum
2914 1743 3113 1819 Christi
3151 1776 3324 1819 terre-

131 1860 358 1925 σμοναῖς,
381 1858 623 1911 τουτέστι
641 1861 825 1922 σιτίοις
852 1859 946 1912 καὶ
972 1862 1173 1924 ποτοῖς,
1204 1860 1296 1912 καὶ
1316 1859 1541 1930 γάμοις,
1574 1862 1668 1914 καὶ

125 1946 185 1998 δι’
205 1940 276 2001 ὧν
309 1948 678 2020 εὐφημότερον
707 1949 879 2002 ταῦτα
913 1949 1064 2019 ᾠήθη
1093 1951 1422 2019 ποριεῖσθαι,
1457 1953 1666 2021 ἑορταῖς

125 2037 207 2089 καὶ
239 2037 466 2103 θυσίαις,
496 2041 588 2091 καὶ
621 2039 826 2108 ίερείων
851 2042 1102 2107 σφαγαῖς.
1146 2038 1284 2105 Ἐγὼ
1309 2039 1366 2110 δὲ
1406 2039 1665 2117 ἀθετῆσαι

126 2126 218 2195 μὲν
245 2129 343 2180 οὐκ
371 2128 437 2181 ἂν
462 2127 788 2198 τολμήσαιμι
830 2129 890 2180 τὸ
920 2127 1120 2197 βιϐλίον
1138 2169 1154 2192 ,
1187 2128 1391 2181 πολλῶν
1423 2130 1553 2182 αὑτὸ
1578 2121 1668 2208 διᾷ

125 2217 346 2286 σπουδῆς
391 2219 619 2288 ἐχόντων
646 2217 917 2286 ἀδελφῶν,
951 2217 1169 2287 μείζονα
1215 2219 1270 2270 δὲ
1310 2219 1406 2288 τῆς
1428 2218 1660 2288 ἐμαυτοῦ

122 2309 418 2377 φρονήσεως
440 2308 538 2378 τὴν
571 2307 832 2378 ὑπόληψιν
867 2308 963 2378 τὴν
992 2310 1118 2379 περὶ
1157 2309 1321 2362 αὑτοῦ
1349 2309 1658 2378 λαμϐάνων,

119 2399 489 2468 κεκρυμμένην
521 2394 657 2452 εἷναί
683 2415 801 2450 τινα
829 2401 922 2451 καὶ
947 2397 1389 2470 θαυμασιωτέραν
1415 2401 1513 2471 τὴν
1539 2400 1659 2453 καθ’

118 2487 330 2541 ἕκαστον
355 2488 577 2558 ἐκδοχὴν
598 2489 978 2559 ὑπολαμϐάνω.
998 2489 1104 2542 Καὶ
1123 2489 1230 2561 γὰρ
1251 2491 1300 2541 εἰ
1321 2491 1394 2561 μὴ
1418 2491 1657 2561 συνίημι,

115 2572 220 2626 ἀλλ’
265 2576 471 2627 ὑπονοῶ
499 2592 563 2644 γε
592 2575 714 2630 νοῦν
751 2594 870 2629 τινα
911 2576 1199 2648 βαθύτερον
1243 2579 1518 2646 ἐγκεῖσθαι
1548 2584 1658 2644 τοῖς

117 2665 361 2733 ῥήμασιν.
386 2667 497 2718 Οὑκ
515 2666 628 2736 ἰδίῳ
641 2666 810 2720 ταῦτα
833 2664 1042 2737 μετρῶν
1065 2669 1156 2722 καὶ
1179 2669 1376 2740 κρίνων
1395 2671 1656 2742 λογισμῷ,

115 2754 284 2809 πίστει
308 2757 365 2810 δὲ
392 2757 550 2811 πλέον
575 2759 782 2829 νέμων,
816 2760 1117 2834 ὑψηλότερα
1141 2763 1173 2833 ἢ
1204 2763 1294 2815 ὑπ’
1326 2763 1461 2832 ἐμοῦ
1487 2782 1654 2818 καταο

112 2844 370 2918 ληφθῆναι
403 2848 696 2919 νενόμικα⁹
738 2853 829 2906 καὶ
867 2853 965 2905 οὑκ
1008 2852 1388 2923 ἀποδοκιμάζω
1416 2854 1589 2908 ταῦτα
1621 2855 1658 2909 ἃ

113 2936 183 3007 μὴ
208 2924 542 3010 συνεώρακα,
563 2941 822 3012 θαυμάζω
839 2944 896 2996 δὲ
919 2943 1118 3014 μᾶλλον
1133 2945 1212 2998 ὅτι
1236 2945 1308 3016 μὴ
1324 2947 1417 2999 καὶ
1441 2943 1598 2999 εἶδον.
1631 2968 1649 2999 ι

1766 1867 1894 1905 num
1935 1851 2170 1906 futurum
2206 1872 2220 1906 :
2255 1863 2311 1907 et
2356 1855 2410 1907 in
2457 1856 2523 1909 iis
2569 1857 2808 1909 maxime
2841 1856 3006 1910 rebus
3038 1873 3170 1924 quas
3208 1858 3324 1924 ipse

1765 1948 1948 2008 utpote
2005 1940 2262 2004 carnalis,
2290 1953 2346 1994 et
2391 1942 2751 2010 voluptatibus
2806 1943 3063 2012 corporis
3105 1945 3321 1998 deditus

1763 2032 2029 2099 praecipue
2053 2033 2500 2100 concupiscebat,
2537 2035 2851 2087 hassurum‘:
2888 2035 2942 2087 in
2988 2037 3191 2088 ventris
3213 2039 3322 2090 sci-
3386 2109 3389 2111 _
3427 2083 3432 2088 .

1763 2120 1892 2186 licet.
1925 2131 1982 2174 et
2018 2135 2202 2174 eorum
2235 2136 2358 2189 qua:
2385 2122 2487 2175 sub
2521 2121 2714 2175 ventre
2759 2135 2887 2176 sunt
2931 2126 3180 2180 satietate
3201 2167 3219 2192 ,
3265 2129 3320 2181 id

1761 2219 1862 2274 est,
1903 2210 1954 2262 in
1991 2212 2124 2263 cibis
2157 2226 2220 2263 ac
2259 2211 2465 2279 poeulis
2488 2252 2503 2276 ,
2541 2212 2591 2264 in
2630 2214 2833 2282 nuptiis
2857 2225 2911 2267 et
2940 2215 2992 2268 in
3025 2217 3092 2269 iis
3121 2219 3319 2285 quibus

1764 2297 1861 2350 ista
1913 2298 2185 2350 honestius
2216 2300 2394 2364 parari
2445 2313 2604 2367 posse
2635 2301 2983 2356 existimabat
3004 2345 3020 2367 ,
3057 2302 3209 2358 festis
3236 2306 3319 2358 ni-

1761 2390 1954 2441 mirum
1999 2401 2052 2442 et
2082 2391 2366 2443 sacriliciis
2397 2431 2412 2453 ,
2453 2402 2508 2442 et
2552 2392 2846 2445 hostiarum
2879 2398 3313 2454 tnactationibus.

1763 2479 1871 2546 Ego
1901 2495 2024 2533 vero
2054 2480 2249 2533 librum
2278 2481 2427 2535 illum
2478 2485 2698 2550 rejiccre
2733 2485 2954 2538 omnino
2983 2503 3087 2541 non
3118 2489 3312 2552 ausitn,

1758 2573 2059 2641 praesertim
2093 2588 2216 2626 cum
2265 2575 2418 2627 multi
2467 2590 2531 2629 ex
2566 2576 2824 2631 fratribus
2867 2593 2987 2628 cum
3021 2581 3196 2646 tttagni
3234 2579 3315 2632 fa-

1758 2663 1922 2715 ciant.
1953 2661 2058 2716 Sed
2091 2662 2396 2732 hujusmodi
2429 2665 2494 2719 de
2535 2665 2629 2720 illo
2672 2667 2980 2733 opinionem
3005 2670 3317 2738 concipiens

1757 2753 1912 2820 quasi
1935 2768 2125 2807 sensus
2153 2753 2258 2807 mei
2291 2756 2507 2808 modum
2534 2759 2804 2823 excedat,
2836 2772 3091 2812 arcanam
3120 2775 3314 2828 quam-

1757 2843 1877 2896 dam
1912 2842 2173 2911 planeque
2215 2843 2587 2898 admirabilem
2640 2847 2970 2916 singularutn
3011 2833 3194 2905 rerum
3234 2852 3314 2904 in-

1758 2932 2108 3002 telligentiam
2144 2934 2320 2989 latere
2347 2935 2621 2991 existimo.
2650 2936 2783 2991 Nam
2807 2941 2910 2994 etsi
2937 2940 3053 3009 ipse
3091 2957 3197 2996 non
3228 2942 3312 2996 in-

125 3026 238 3078 Ἐπὶ
260 3025 465 3095 τούτοις
491 3028 590 3099 τὴν
615 3028 740 3098 ὅλην
773 3031 870 3101 τῆς
911 3032 1324 3117 Ἀ’ποκαλὺψεως
1364 3034 1654 3103 βασανίσας

1760 3022 1942 3092 tellige
1968 3063 1984 3088 ,
2017 3026 2262 3093 suspicor
2291 3035 2470 3080 tamen
2500 3027 2748 3082 altiorem
2777 3030 3062 3098 quemdam
3093 3048 3309 3086 sensum

108 3119 318 3187 γραφὴν
336 3157 350 3181 ,
383 3118 642 3173 ἀδύνατον
687 3119 745 3172 δὲ
771 3120 938 3191 αὐτὴν
957 3111 1100 3176 κατὰ
1112 3122 1207 3192 τὴν
1228 3123 1512 3194 πρόχειρον
1531 3127 1655 3178 ἀπο-

1755 3115 1933 3168 verbis
1960 3115 2203 3172 subesse.
2234 3117 2422 3187 anue
2463 3135 2571 3173 non
2609 3133 2726 3173 meo
2765 3121 2934 3187 ipsius
2967 3119 3172 3188 judicio
3203 3140 3314 3180 me-

70 3231 77 3240 -
107 3203 279 3268 δείξας
306 3207 537 3270 νοεῖσθαι
559 3208 813 3281 διάνοιαν,
845 3211 1090 3282 ἐπιφέρει
1117 3211 1291 3278 λέγων
1309 3229 1322 3241 ·
1349 3231 1368 3263 ι
1404 3214 1657 3267 Συντελέ-

108 3310 202 3358 an;
226 3295 292 3365 δὴ
319 3299 512 3364 πᾶσαν,
534 3299 609 3360 ὡς
633 3303 823 3364 εἰπεῖν,
851 3301 948 3370 τὴν
981 3303 1335 3371 προφητείαν,
1363 3305 1651 3374 μακαρίζει

103 3383 130 3432 ὀ
155 3385 433 3454 προφήτης
457 3385 581 3448 τούς
615 3403 686 3439 τε.
711 3388 1073 3456 φυλάσσοντας
1106 3389 1304 3460 αὐτὴν,
1339 3392 1432 3442 καὶ
1455 3391 1520 3460 δὴ
1557 3393 1652 3444 καὶ

103 3473 306 3526 ἑαυτὸν.
328 3493 346 3525 ι
358 3475 638 3545 Μακάριος
647 3475 774 3546 γὰρ,
791 3477 975 3547 φησὶν,
988 3479 1016 3529 ὁ
1033 3495 1096 3547 τη
1104 3479 1210 3548 ρῶν
1221 3481 1344 3540 τοὺς
1355 3479 1539 3544 λύγους
1550 3479 1649 3547 τῆς

101 3563 425 3633 προφητείας
452 3563 545 3615 τοῦ
576 3564 778 3632 βιϐλίου
807 3565 997 3618 τούτου
1021 3583 1034 3598 ⁸
1077 3586 1094 3616 ι
1136 3565 1290 3634 κάγὼ
1334 3567 1580 3636 Ἰωάννης
1619 3570 1650 3620 ὁ

101 3649 308 3720 βλέπων
336 3654 428 3706 καὶ
452 3655 662 3707 ἁκούων
684 3653 874 3708 ταῦτα.
905 3653 1196 3707 Καλεῖσθαι
1241 3655 1338 3725 μὲν
1363 3651 1455 3708 οὖν
1488 3656 1647 3708 αὑτὸν

108 3743 373 3814 Ἰωάννην,
405 3747 500 3800 καὶ
519 3742 656 3798 εἶναι
679 3747 776 3817 τὴν
804 3745 1014 3817 γραφὴν
1039 3747 1280 3800 Ἰωάννου
1307 3747 1526 3817 ταύτην,
1547 3749 1646 3800 οὑκ

97 3833 325 3904 ἀντερῶ.
365 3837 543 3904 Ἁγίου
579 3835 679 3907 μὲν
704 3836 811 3906 γὰρ
837 3833 972 3889 εἷναί
998 3851 1140 3898 τινος
1173 3837 1268 3890 καὶ
1293 3836 1644 3890 θεοπνεύστου

97 3925 349 3978 συναινιῖκ
382 3927 458 3981 Οὐ
501 3927 606 4000 μὴν
640 3927 833 3999 ῥᾳδίως
871 3927 937 3992 ἂν
977 3927 1264 3998 συνθείμην
1290 3927 1476 3980 τοῦτον
1507 3924 1644 3982 εἶναι

93 4015 181 4067 τὸν
215 4017 529 4084 ἀπόστολον,
555 4018 644 4072 τὸν
677 4016 788 4072 υἱὸν
826 4014 1127 4084 Ζεῦεδαίου,
1155 4021 1244 4073 τὸν
1286 4019 1510 4088 ἀδελφὸν
1550 4021 1644 4074 Ἰα-

92 4104 270 4158 κώσου
292 4145 310 4168 ,
343 4101 400 4161 οὗ
436 4109 499 4161 τὸ
524 4109 848 4178 Εὑαγγέλιον
891 4113 952 4163 τὸ
987 4111 1126 4164 κατὰ
1167 4111 1412 4180 Ἰωάννην
1463 4111 1644 4179 ὲπιγεη

90 4195 424 4267 γραμμὲνον,
444 4201 540 4252 καὶ
562 4201 889 4271 ήἘπιστολὴ
905 4203 938 4272 ή
953 4201 1243 4272 Καθολική.
1269 4203 1642 4273 Τεκμαίρομαι

87 4284 193 4354 γάρ
226 4285 296 4338 ἐκ
324 4305 379 4341 τε
419 4289 511 4342 τοῦ
546 4289 697 4354 ἔθους
745 4293 1034 4362 ἑκατέρων,
1073 4292 1165 4345 καὶ
1196 4291 1288 4345 τοῦ
1322 4292 1427 4345 τῶν
1471 4292 1639 4361 λόγων

1711 3221 1727 3236 ο
1757 3203 1861 3256 tior
1893 3217 2056 3273 atque
2090 3207 2299 3262 aestimo
2331 3229 2344 3263 :
2380 3210 2476 3262 sed
2510 3209 2634 3277 plus
2677 3211 2801 3265 fidei
2843 3213 3107 3280 tribuens,
3145 3215 3314 3271 subli-

1753 3297 1924 3349 miora
1955 3310 2073 3351 esse
2101 3313 2297 3353 censeo
2317 3315 2479 3370 quam
2515 3311 2572 3355 ut
2601 3317 2630 3354 a
2664 3317 2753 3357 tne
2781 3305 3166 3374 percipiantur.
3202 3306 3312 3362 Nec

1750 3398 1816 3438 ea
1844 3391 2171 3443 condemno
2207 3404 2330 3458 qua:
2381 3391 2689 3460 intelligere
2735 3407 2842 3448 non
2893 3395 3078 3464 potui,
3122 3414 3308 3452 verum

1752 3476 1876 3531 in’de
1916 3481 2160 3534 admiror
2193 3484 2367 3551 magis
2402 3488 2545 3554 quod
2590 3500 2790 3555 capere
2839 3505 2940 3544 non
2989 3506 3228 3560 possum.
3285 3515 3295 3542 ι

1748 3565 1877 3620 Post
1932 3568 2046 3622 haec
2101 3571 2313 3640 integro
2364 3572 2735 3630 Revelationis
2772 3579 2916 3632 libro
2957 3585 3261 3636 examinato
3288 3622 3305 3646 ,

1748 3667 2032 3726 postquam
2079 3663 2423 3729 apertissime
2455 3666 2722 3742 ostendit,
2750 3681 2873 3721 eum
2895 3684 3120 3738 prorsus
3145 3674 3304 3726 intel-

1746 3748 1836 3818 ligi
1868 3764 1972 3803 non
1999 3764 2157 3818 posse
2174 3752 2329 3820 juxta
2369 3755 2590 3808 obvium
2617 3757 2903 3811 verborum
2926 3774 3167 3824 sensum,
3191 3765 3303 3818 bare

1745 3839 2004 3908 subjicit:
2043 3857 2063 3891 ι
2099 3841 2358 3897 Absoluta
2403 3844 2618 3899 demum
2652 3848 2904 3904 universa
2949 3850 3303 3916 praedictione

1747 3947 1843 3987 sua
1868 3973 1884 4000 ,
1911 3934 2173 4002 prapheta
2208 3934 2394 3989 beatos
2436 3938 2750 4005 pronuntiat
2795 3949 2908 3992 tum
2936 3954 3030 3994 eos
3057 3944 3148 4011 qui
3178 3961 3296 4000 eam

1743 4023 2094 4088 servaverint,
2111 4033 2219 4077 tum
2234 4025 2486 4092 seipsum.
2511 4043 2532 4078 ι
2563 4025 2778 4092 Beatus,
2798 4029 2989 4098 inquit,
3007 4035 3096 4101 qui
3121 4047 3299 4092 servat

1745 4119 1906 4172 verba
1954 4117 2248 4186 prophetiae
2287 4116 2406 4172 libri
2463 4117 2617 4184 hujus
2647 4137 2662 4173 :
2697 4128 2752 4172 et
2799 4136 2899 4189 ego
2929 4124 3040 4191 ipse
3063 4122 3300 4184 Joannes

1742 4210 1833 4279 qui
1867 4210 1980 4262 hzec
2015 4207 2123 4261 vidi
2172 4215 2335 4275 atque
2378 4209 2578 4264 audivi.
2621 4227 2642 4260 ι
2676 4208 2934 4297 Joannem
2969 4212 3128 4280 igitur
3156 4216 3298 4297 hunc
3409 4275 3416 4280 ,

1741 4298 1947 4361 vocari,
1982 4305 2036 4350 et
2063 4296 2257 4350 librum
2291 4311 2320 4348 a
2347 4295 2558 4353 Joanne
2595 4293 2855 4369 scriptum
2881 4317 3002 4358 esse
3025 4343 3041 4368 ,
3072 4320 3176 4359 non
3212 4293 3296 4360 in?

86 4374 280 4465 εἴδους,
300 4381 391 4433 καὶ
415 4381 512 4452 τῆς
531 4381 623 4433 τοῦ
645 4382 847 4452 βιϐλίου
872 4383 1204 4455 διεξαγωγῆς
1229 4385 1524 4456 λεγομένης
1545 4385 1639 4457 ('5).

1754 4387 1919 4442 licior.
1948 4386 2146 4441 Fateor
2174 4386 2316 4441 enim
2350 4389 2526 4442 sancti
2559 4389 2834 4456 cujusdam
2864 4401 2919 4445 et
2951 4393 3134 4450 divino
3173 4396 3296 4465 Spi-

87 4463 159 4534 μὴ
190 4468 286 4519 τὸν
320 4471 478 4526 αὑτὸν
509 4468 666 4528 εἷναι.
713 4476 769 4527 '0
808 4476 906 4545 μὲν
936 4475 1043 4544 γὰρ
1075 4476 1458 4548 εὑαγγελιστὴς
1486 4478 1641 4531 οὐδα-

86 4555 184 4620 μοῦ
213 4556 279 4608 τὸ
302 4557 469 4629 δνομα
498 4564 660 4616 αὑτοῦ
690 4567 1220 4636 παρεγγράφει,οὑδὲ
1240 4568 1498 4638 κηρύσσει
1518 4571 1641 4622 ἐαυ-

80 4643 168 4695 τὸν
187 4684 204 4708 ,
233 4645 363 4698 οὔτε
397 4648 488 4704 διὰ
509 4652 602 4704 τοῦ
626 4653 951 4722 Εὑαγγελίου
968 4697 984 4722 ,
1013 4657 1134 4710 οὑτε
1161 4659 1245 4710 διὰ
1272 4659 1366 4729 τῆς
1402 4660 1640 4711 Ἐπιστο-

81 4735 194 4803 λῆς.
247 4755 269 4786 ι
309 4734 419 4792 Εἶθ’
447 4742 674 4809 ὑποϐὰς,
709 4747 869 4800 πάλιν
910 4748 1086 4802 ταῦτα
1120 4750 1295 4818 λέγει·
1333 4769 1351 4800 t
1393 4752 1638 4820 Ἰωάννης

81 4823 132 4876 δὲ
152 4825 279 4878 οὑδὲ
303 4825 378 4890 ὡς
403 4833 528 4902 περὶ
555 4834 745 4888 ἑαυτοῦ
769 4840 888 4891 οὑδὲ
913 4841 988 4905 ὡς
1010 4843 1136 4912 περὶ
1165 4842 1348 4912 ἑτέρου
1366 4859 1379 4872 ⁸
1412 4846 1440 4894 ὁ
1466 4843 1521 4895 δὲ
1539 4844 1635 4915 τὴν

90 4915 456 4998 Ἀποκάλυψιν
481 4924 714 4993 γράψας,
743 4929 902 4993 εὐθύς
934 4949 992 4984 τε
1023 4933 1210 4985 ἑαυτὸν
1243 4935 1300 4987 ὲν
1332 4935 1470 5005 ἀρχῇ
1504 4951 1636 5006 προ-

144 5028 570 5118 ςεὶ-,Ἆτνοίας
618 5047 1120 5116 παραπετάσματι.
1184 5048 1409 5118 Nicepb.
1469 5052 1638 5106 habet

81 5099 382 5164 ἀγνωσίας.

719 5172 1067 5258 Scribendum
1088 5188 1292 5258 videtur
1316 5190 1640 5258 ὀνειροπολεῖ

77 5239 562 5328 Ϊςιέανεᾼιροπύλειέ
596 5241 917 5328 ευᾲυιοορηει
953 5255 1042 5306 ubi

74 5309 564 5390 ἰεῆονησιιὲθηιρρνὶ
591 5308 976 5390 εὑφημότερον,
1009 5337 1069 5374 ex
1093 5308 1456 5390 cti'delazi,‘
1472 5308 1629 5390 ﬁeri,

244 5384 324 5460 et!
347 5372 757 5460 Savil.,.quibus
789 5372 1633 5460 suécrabii."NaeEBi13}L§,'eiii};

77 5448 265 5522 tonius
289 5446 507 5522 _ipse_iu
528 5446 678 5522 libro
699 5463 778 5514 ιιι,
839 5467 955 5519 cap.
1010 5457 1096 5522 27,
1137 5446 1224 5514 ubi
1275 5446 1419 5517 hunc
1447 5446 1619 5519 locum

73 5511 326 5582 Dionysii
357 5515 584 5582 adducit.

142 5580 226 5660 μδ)
252 5580 625 5664 Δίεξαγωτῆς
642 5586 1124 5664 λεγομένηςτίιοις
1154 5601 1468 5652 vocabulum
1497 5618 1612 5664 pro-

1748 4480 1853 4532 riui
1901 4477 2064 4532 amati
2095 4479 2196 4532 viri
2241 4480 2293 4532 id
2327 4494 2463 4547 opus
2487 4495 2623 4535 esse.
2661 4481 2765 4536 Sed
2809 4483 2950 4538 hunc
2980 4485 3149 4552 ipsum
3173 4501 3292 4538 esse

1743 4571 2040 4638 apostolum
2064 4614 2077 4636 ,
2111 4569 2352 4625 Zebedaii
2382 4571 2548 4624 lilium
2571 4615 2585 4638 ,
2615 4570 2802 4627 Jacobi
2848 4574 3108 4638 fratrem;
3136 4576 3289 4644 cujus

1741 4671 1824 4714 est
1853 4662 2201 4732 Evangelium
2237 4663 2365 4718 illud
2405 4665 2549 4732 quod
2587 4665 2887 4720 secundum
2917 4663 3172 4718 Joannem
3207 4666 3286 4717 in-

1741 4753 2018 4828 scribitur,
2052 4762 2108 4807 et
2138 4754 2376 4822 Epistula
2410 4756 2696 4824 catholica,
2721 4757 2862 4809 haud
2887 4755 3043 4808 facile
3068 4769 3285 4808 conces-

1739 4844 1926 4897 serim.
1964 4843 2095 4898 Nam
2123 4862 2190 4899 ex
2225 4846 2501 4913 utriusque
2531 4848 2690 4913 genio
2717 4854 2770 4898 et
2811 4843 2981 4899 forma
3009 4845 3281 4912 loquendi,

1740 4943 1798 4990 et
1823 4950 1888 4989 ex
1915 4934 2082 4987 libelli
2114 4934 2276 5004 274
2303 4937 2462 4991 totius
2500 4939 2662 4991 ductu
2697 4952 2760 4990 ac
2789 4937 3155 5004 dispositione,
3175 4952 3278 4991 non

1745 5052 1899 5123 nysio
1928 5051 2175 5123 adjuncta
2209 5053 2342 5123 satis
2389 5054 2608 5107 iudicat.
2656 5053 2721 5123 _Et
2768 5050 3034 5123 ﬂosculus
3062 5050 3272 5113 quidem

1743 5120 2022 5173 tractatum
2048 5120 2171 5171 libri
2207 5121 2608 5189 interpretatur.
2642 5121 3151 5189 Christophorsonus
3179 5135 3275 5172 au-

1746 5201 1848 5242 tem
1881 5189 2189 5257 discursum.
2248 5188 2360 5256 Ego
2393 5189 2722 5257 διεξαγωγὴν
2743 5188 3267 5257 iden_1_esse_ce_nseo,

1741 5259 1880 5333 quod
1912 5253 2316 5333 dispositimneni
2343 5260 2455 5333 sive
2487 5253 2980 5333 aliovoj'tiov.nNat_tt
3021 5253 3268 5333 διεξαγα-

1738 5321 1871 5394 γεῖν,
1911 5326 2044 5376 idem
2068 5334 2151 5375 est
2170 5340 2234 5377 ac
2267 5325 2503 5385 διοικεῖν,
2529 5337 2580 5378 ut
2614 5321 2798 5394 scribit
2825 5323 3038 5376 Suidas.
3084 5321 3264 5394 Possis

1736 5391 1894 5447 etiam
1938 5395 2276 5456 interpretari
2324 5397 2546 5448 formam
2585 5403 2639 5446 et
2687 5391 2948 5444 rationem
2991 5393 3260 5450 scribendi

1733 5480 1826 5517 seu
1853 5467 2238 5522 characterem,
2263 5465 2402 5528 quod
2431 5463 2716 5514 conlirmat
2742 5461 3045 5528 Dionysius.
3081 5460 3261 5519 Primo

1726 5535 1866 5585 cnim
1892 5527 1998 5581 ἀπὸ
2022 5528 2116 5580 τοῦ
2146 5529 2307 5598 ἡθους
2351 5535 2538 5598 probat
2578 5527 2950 5598 Apocalypsim
3001 5546 3103 5585 non
3140 5551 3260 5588 esse

1723 5600 1944 5653 Joannis
1997 5601 2239 5664 apostoli.
2291 5599 2490 5651 Deinde
2523 5613 2590 5650 ex
2626 5598 2762 5666 stylo
2802 5608 2856 5652 et
2900 5598 3074 5658 forma
3120 5607 3256 5660 scri-

73 5652 250 5719 p:iuut
299 5652 405 5704 fuit
446 5652 810 5724 rethorutn,ut
860 5652 960 5713 vos
991 5661 1080 5717 illa
1109 5662 1402 5737 λεγομένης
1427 5685 1458 5727 a
1492 5652 1616 5726 bad.
1721 5652 1880 5724 bsttdi
1900 5683 1926 5732 ;-
1947 5666 2000 5722 id
2030 5652 2135 5733 est,
2161 5681 2228 5720 ex
2261 5667 2491 5722 dictione
2525 5652 2695 5736 atque
2711 5670 3010 5728 sententiis.
