3948 6340
642 389 744 445 699

1293 432 1296 436 .
1344 381 1615 438 EUSEBII
1654 377 2114 434 CESARIENSIS
2149 378 2298 434 OPP.
2340 380 2517 438 PARS
2552 385 2594 441 Ι.
2635 418 2705 428 -
2739 380 3125 440 HlSl‘ORlCA.
3736 383 3810 434 τοι)

638 520 806 561 unum
842 504 1200 571 eumdemque
1222 500 1542 568 scriptorem
1582 515 1698 553 esse
1734 499 1978 565 conjicio.
2001 498 2168 566 Quipp

2271 547 2276 558 _
2302 499 2486 551 τάσσει
2503 518 2517 529 ·
2552 499 2908 566 Ἀποκᾲλυψις
2940 498 3106 569 Ἰησοῦ
3139 497 3369 566 Χριστοῦ
3397 500 3460 564 ῆν
3485 498 3670 552 ἔδωκεν
3695 502 3810 568 αὑτῴ

638 594 970 664 evangelista
1019 594 1235 662 quidem
1286 590 1476 646 nullibi
1521 603 1713 642 nomen
1753 604 1906 642 suum
1947 588 2188 647 ascribit,

639 703 740 742 nec
781 688 1108 756 semetipse,
1147 694 1240 738 aut
1269 686 1335 738 -in
1370 681 1658 751 Evangelio
1685 721 1700 745 ,
1732 691 1824 734 aut
1869 681 1920 732 in
1957 680 2191 748 Epistola

638 779 920 846 praadicat.
979 796 998 829 ι
1045 777 1110 830 Et
1152 776 1469 844 paulo-post
1493 774 1712 828 subdit:
1749 790 1768 822 ι
1801 771 2036 825 Joannes
2065 787 2193 825 vero

639 881 936 933 nusquam,
972 879 1069 917 nec
1099 872 1352 929 tanquam
1388 862 1453 916 de
1487 861 1664 930 seipso
1698 875 1795 913 nec
1836 869 2094 929 tanquam
2127 861 2192 914 de

638 957 827 1010 altero.
858 955 1042 1008 Atille
1086 954 1176 1022 qui
1227 952 1630 1006 Revelati-inem
1673 952 1926 1020 scripsit,
1967 954 2018 1005 in
2078 955 2191 1020 ipso

637 1046 820 1098 statim
856 1046 1096 1099 exordio
1149 1058 1342 1097 nomen
1394 1059 1546 1097 suum
1596 1044 1817 1113 praaligit
1879 1059 2000 1096 cum
2051 1046 2125 1096 ait
2172 1062 2186 1096 :

643 1154 663 1186 ι
700 1135 978 1190 Revelatio
1004 1133 1129 1188 Jesu
1157 1133 1356 1189 Christi
1386 1149 1545 1202 quam
1591 1135 1736 1188 dedit
1770 1135 1867 1202 ipsi
1915 1145 1974 1186 ut
2013 1135 2186 1202 palam

636 1224 842 1277 faceret
881 1224 1053 1276 servis
1120 1225 1232 1277 suis
1274 1224 1539 1282 celeriter.
1590 1233 1644 1275 et
1696 1224 2018 1291 signiﬁcavit
2065 1225 2189 1278 mit-

639 1325 754 1368 teiis
815 1329 908 1382 per
959 1315 1204 1382 angelum
1274 1330 1428 1366 suum
1475 1313 1666 1368 Joanni
1717 1330 1874 1368 servo
1913 1330 2052 1379 suo,
2095 1317 2185 1382 qui

638 1405 957 1461 testiﬁcatus
1015 1407 1108 1474 est]
1155 1404 1380 1458 Verbum
1419 1404 1510 1457 Dei
1558 1415 1611 1459 et
1649 1406 2016 1459 testimonium
2073 1406 2186 1472 ejus

548 1534 550 1537 ,
634 1506 963 1560 quzecunque
1009 1493 1160 1546 vidit.
1203 1511 1221 1543 ι
1298 1492 1378 1545 Ali
1447 1494 1558 1545 haec
1615 1491 1907 1560 Epistolam
1955 1495 2180 1548 scribit:

639 1599 662 1634 ι
697 1581 928 1637 Joannes
952 1621 967 1647 ,
995 1583 1164 1653 inquit
1189 1624 1203 1646 ,
1248 1597 1452 1653 septem
1509 1584 1762 1638 Ecclesiis
1806 1600 1925 1653 quae
1962 1597 2082 1639 sunt
2131 1588 2181 1641 in

628 1673 776 1728 Asia.
834 1674 1018 1727 Gratia
1063 1675 1214 1729 vobis
1255 1683 1309 1727 et
1338 1691 1460 1743 pax.
1499 1694 1521 1726 ι
1555 1674 1918 1744 Evangelistes
1945 1690 2070 1730 vero
2117 1694 2183 1730 ne

632 1765 904 1820 catholica:
948 1767 1163 1835 quidem
1194 1766 1444 1833 Epistola:
1483 1781 1676 1819 nomen
1720 1782 1877 1821 suum
1927 1768 2177 1837 praﬁxit,

2293 587 2458 652 δεῖξαι
2487 594 2596 652 τοῖς
2619 591 2820 652 δούλοις
2846 589 3006 641 αὑτοῦ
3032 592 3087 641 ἐν
3113 591 3284 659 τάχει.
3304 591 3406 642 Καὶ
3429 590 3687 658 ἐσήμανεν
3709 593 3810 642 ἀκο-

2295 680 2500 743 στείλας
2546 683 2634 733 διὰ
2661 681 2754 733 τοῦ
2785 682 3011 748 ἀγγέλου
3046 681 3205 733 αὑτοῦ
3233 681 3309 750 τῷ
3332 680 3502 750 δούλῳ
3532 683 3684 734 αὑτοῦ
3727 686 3790 735 Ίω

2293 764 2424 836 άννῃ
2451 805 2464 825 ,
2513 767 2570 829 ὃς
2615 767 2955 836 ἐμαρτύρησε
2995 767 3084 819 τὸν
3133 769 3300 834 Λόγον
3337 768 3432 820 τοῦ
3468 768 3598 820 Θεοῦ
3626 772 3708 822 καὶ
3734 772 3807 839 τὴν

2294 855 2591 923 μαρτυρίαν
2619 857 2780 907 αὑτοῦ
2809 859 2906 908 ὅσα
2927 854 3082 910 εἶδεν.
3096 877 3114 909 ι
3131 854 3262 910 Εἶτα
3283 859 3376 911 καὶ
3387 858 3690 928 Ἐπιστολὴν
3704 864 3808 930 γρά-

2291 959 2396 1009 φει·
2419 961 2437 991 ι
2459 945 2703 1013 Ἰωάννης
2723 949 2838 1007 ταῖς
2861 947 2998 1000 ὲπτά
3029 946 3367 1015 Ἐκκλησίαις
3386 949 3503 1009 ταῖς
3517 949 3573 998 ὲν
3591 950 3652 1016 τῇ
3667 949 3805 1016 Ἀσίᾳ,

2291 1034 2444 1102 γάρις
2477 1034 2602 1100 ὑμῖν
2632 1036 2723 1086 καὶ
2755 1037 2964 1104 εἰρήνη.
3001 1056 3018 1085 ι
3038 1037 3095 1087 '0
3121 1037 3176 1087 δέ
3206 1053 3268 1103 γε
3293 1037 3687 1107 εὐαγγελιστὴς,
3711 1040 3805 1090 οὐδὲ

2287 1111 2384 1197 τῆς
2395 1128 2684 1194 κάθολικῆς
2699 1129 2980 1198 ἐπιστολῆς
3002 1131 3342 1201 προέγραψεν
3363 1130 3555 1184 ἑαυτοῦ
3574 1132 3632 1183 τὺ
3650 1133 3804 1200 ὄνομα,

2287 1218 2420 1270 ἀλλά
2447 1219 2749 1289 άπερίττως
2783 1220 2876 1270 ἀπ’
2908 1221 3069 1272 αὑτοῦ
3101 1221 3192 1272 τοῦ
3231 1224 3526 1293 μυστηρίου
3561 1224 3656 1293 τῆς
3685 1223 3806 1286 θείας

2299 1309 2702 1376 Ἀποχαλύψεως
2745 1309 2957 1378 ἡρξατο·
2990 1331 3006 1360 ι
3041 1312 3104 1362 '0
3146 1307 3211 1381 ἦν
3238 1314 3330 1363 ἀπ’
3363 1315 3556 1382 ἀρχῆς,
3576 1314 3605 1364 ὃ
3642 1315 3806 1382 ἀκηκό-

2283 1416 2318 1450 α
2326 1417 2442 1470 μεν,
2461 1399 2574 1452 δέω
2583 1399 2820 1468 ράκαμεν
2851 1403 2961 1462 τοῖς
2977 1400 3266 1469 ὀφθαλμοῖς
3289 1406 3320 1472 ὴ
3331 1404 3463 1472 μῶν.
3479 1423 3496 1454 ι
3532 1404 3649 1456 Ἐπὶ
3667 1405 3806 1475 ταύτῃ

2284 1489 2390 1558 γὰρ
2407 1492 2470 1559 τῇ
2513 1489 2870 1558 Ἀποκαλύψει
2902 1493 2994 1542 καλ⁸
3024 1493 3050 1542 ὁ
3081 1492 3277 1562 Κύριος
3301 1494 3390 1544 τὸν
3408 1494 3612 1565 Πέτρον
3634 1495 3807 1563 ἐμακά-

2286 1596 2432 1648 ρισεν
2476 1579 2662 1632 είπῶν·
2699 1602 2716 1632 ι
2745 1582 3024 1651 Μακάριος
3074 1578 3141 1642 εἷ,
3184 1583 3363 1652 Σίμων
3414 1584 3518 1654 βάρ
3562 1587 3717 1647 Ἰωνᾶ,
3740 1588 3805 1637 ὅτι

2284 1671 2419 1740 σὰρξ
2447 1673 2538 1724 καὶ
2564 1667 2700 1742 αἷμα
2723 1673 2822 1724 οὑκ
2845 1671 3158 1740 ἀποκάλυψέ
3189 1689 3291 1735 σοι,
3323 1672 3436 1725 ἀλλ’
3462 1678 3490 1727 6
3516 1676 3691 1747 Πατήρ
3722 1693 3804 1745 μου

2281 1763 2309 1812 6
2336 1763 2598 1834 οὐράνιος.
2625 1783 2643 1815 ι
2665 1764 2803 1816 Ἀλλ’
2829 1765 2945 1816 οὐδὲ
2973 1766 3029 1816 έν
3043 1767 3108 1834 τῇ
3133 1763 3640 1838 δευτέρᾳφερομένῃ
3665 1769 3809 1820 Ἰωάν-

628 1857 722 1909 sed
752 1857 959 1923 absque
1007 1856 1112 1908 ulla
1145 1858 1430 1910 verborum
1475 1858 1700 1926 ambage
1727 1860 1793 1910 ab
1840 1859 1954 1926 ipso
1987 1859 2168 1913 divina

2283 1872 2372 1905 vou
2393 1856 2485 1907 καὶ
2511 1856 2685 1927 τρίτῃ,
2713 1857 2883 1908 καίτοι
2912 1856 3186 1925 βραχείαις
3215 1854 3400 1917 οὔσαις
3436 1857 3806 1920 Ἐπιστοὶαῖς,ὀ

627 1945 990 1999 Revelationis
1015 1948 1271 2014 mysterio
1292 1962 1513 2000 exorsus
1535 1956 1616 2001 est
1647 1965 1660 2000 :
1693 1965 1711 1998 ι
1743 1947 1893 2013 Quod
1925 1947 2024 2001 fuit
2049 1987 2066 2014 ,
2098 1951 2180 2003 in-

627 2037 769 2102 quit,
830 2038 896 2087 ab
958 2034 1113 2086 initio
1144 2054 1156 2089 :
1193 2032 1352 2102 quod
1382 2039 1685 2091 audivimus
1710 2079 1726 2103 ,
1769 2039 1911 2106 quod
1951 2040 2178 2093 vidimus

621 2125 800 2180 oculis
854 2126 1072 2179 nostris.
1114 2147 1132 2178 ι
1185 2128 1262 2182 0b
1325 2130 1625 2195 hujusmodi
1681 2131 1822 2184 enim
1871 2131 2176 2186 Rcvelatio—

627 2231 748 2270 nem
782 2216 995 2272 Petrum
1028 2219 1285 2276 Dominus
1334 2223 1549 2276 beatum
1582 2224 1899 2292 praidicavit
1931 2226 2015 2279 his
2056 2242 2177 2280 ver-

623 2307 709 2362 bis
742 2326 757 2362 :
789 2328 808 2360 ι
843 2309 1040 2364 Beatus
1073 2327 1130 2366 es
1158 2352 1175 2376 ,
1226 2313 1408 2366 Simon
1457 2315 1526 2366 ﬁli
1569 2314 1716 2368 Jonaa
1742 2355 1758 2378 ,
1792 2317 1914 2384 quia
1957 2331 2084 2369 caro
2123 2329 2176 2370 et

619 2401 836 2468 sanguis
883 2416 989 2454 non
1044 2405 1306 2456 revelavit
1359 2404 1474 2466 tibi,
1504 2408 1598 2458 sed
1635 2405 1794 2459 Pater
1823 2422 1974 2460 meus
1996 2409 2088 2475 qui
2119 2409 2171 2461 in

620 2489 770 2543 ctelis
811 2499 910 2544 est.
945 2509 965 2542 ›
1016 2489 1120 2546 Sed
1166 2507 1337 2560 neque
1379 2493 1432 2546 in
1480 2495 1712 2547 secunda
1753 2508 1813 2548 ac
1839 2495 2020 2559 tertia,
2053 2511 2174 2564 qua:

617 2577 810 2634 Joauni
852 2583 1010 2650 vulgo
1052 2583 1418 2645 ascribuntur,
1465 2583 1738 2652 Epistolis,
1773 2585 2022 2652 quamvis
2051 2585 2172 2639 bre-

619 2670 876 2733 vissimis,
903 2669 1128 2725 Joannis
1147 2674 1461 2726 voeabulum
1493 2683 1722 2740 prostat,
1759 2689 1942 2728 verum
1970 2678 2172 2743 absque

619 2760 728 2813 ullo
785 2761 1005 2814 nomine
1052 2759 1244 2814 Senior
1281 2764 1616 2818 inscribitur.
1661 2765 1814 2818 Alter
1857 2776 2036 2820 autem
2079 2768 2171 2822 ille

618 2863 725 2902 non
758 2851 894 2903 satis
923 2850 1114 2904 habuit
1144 2854 1359 2907 nomine
1403 2867 1500 2906 suo
1529 2854 1700 2908 semel
1727 2856 1874 2910 edito
1901 2839 2170 2914 narratio-

617 2950 741 2988 nem
779 2938 1029 3006 deinceps
1058 2942 1306 3010 prosequi
1339 2959 1352 2993 :
1383 2943 1474 2995 sed
1509 2943 1699 2996 iterum
1734 2946 1928 3012 repetit
1958 2965 1971 3000 :
2008 2967 2026 2998 ι
2057 2949 2169 3020 Ego

614 3023 880 3092 Joannes,
934 3024 1104 3083 l'iater
1141 3039 1197 3086 et
1231 3047 1450 3086 consors
1499 3043 1676 3088 vester
1728 3037 1780 3089 in
1824 3038 2168 3096 tribulatione

2299 1942 2546 2013 Ἰωάννης
2573 1945 2825 2014 ὀνομαστὶ
2848 1946 3151 2016 πρόκειται,
3175 1944 3309 1998 ἀλλά
3343 1944 3621 2015 ἀνώνυμος
3647 1950 3672 1998 6
3688 1951 3808 2013 Πρε-

2286 2035 2572 2100 σϐύτερος
2599 2037 2922 2106 γέγραπται.
2953 2029 3118 2098 Οὗτος
3140 2036 3196 2089 δέ
3223 2052 3286 2103 γε
3311 2035 3429 2088 οὐδὲ
3444 2034 3697 2105 αὖταρκες
3713 2035 3808 2086 ἑνό-

2287 2142 2439 2194 μισεν
2464 2127 2691 2189 εἰσάπαξ
2717 2128 2901 2180 ἑαυτὸν
2939 2129 3236 2197 ὀνομάσας,
3265 2126 3566 2198 διηγεῖσθαι
3593 2126 3656 2178 τὰ
3680 2127 3806 2194 ἑξῆς,

2281 2218 2414 2270 ἀλλά
2453 2219 2613 2270 πάλιν
2639 2218 3016 2288 ἀναλαμϐάνει·
3047 2241 3066 2272 ι
3106 2222 3245 2290 Ἐγὼ
3290 2222 3536 2291 Ἰωάννης
3561 2221 3589 2272 6
3611 2221 3806 2287 ἀδελφς

2281 2307 2450 2377 ὑμῶν,
2485 2309 2580 2360 καὶ
2605 2309 2955 2375 συγκοινωνὸς
2979 2313 3114 2381 ὲντῇ
3135 2312 3305 2382 θλίψει
3334 2312 3427 2366 καὶ
3453 2310 3704 2381 βασιλείᾳ,
3730 2312 3808 2362 καὶ

2281 2401 2336 2452 ὲν
2366 2400 2605 2470 ὑπομονῇ
2641 2399 2832 2468 Ἰησοῦ,
2863 2401 3120 2470 ἐγενόμην
3163 2403 3221 2454 ὲν
3260 2406 3324 2472 τῇ
3356 2406 3502 2473 νήσῳ
3530 2405 3592 2472 τῇ
3638 2401 3806 2454 καλου·

2281 2491 2414 2562 μένῃ
2449 2491 2671 2562 Πάτμῳ,
2693 2490 2780 2544 διά
2806 2491 2896 2544 τὸν
2921 2492 3084 2558 Λόγον
3113 2492 3204 2544 τοῦ
3231 2492 3363 2544 Θεοῦ
3393 2496 3486 2545 καὶ
3504 2495 3602 2562 τὴν
3634 2508 3808 2561 nam

2280 2581 2398 2651 ρίαν
2437 2582 2627 2653 Ἰησοῦξ
2651 2601 2668 2633 ι
2704 2582 2812 2636 Καὶ
2840 2582 2902 2652 δὴ
2935 2584 3026 2634 καὶ
3054 2582 3187 2652 πρὸς
3211 2581 3286 2650 τῷ
3307 2583 3449 2634 τέλει
3475 2584 3640 2635 ταῦτα
3679 2578 3804 2634 εἷπε·

2282 2692 2300 2721 ι
2322 2674 2602 2744 Μακάριος
2628 2675 2656 2724 6
2676 2672 2854 2743 τηρῶν
2885 2674 3006 2735 τοὺς
3032 2673 3219 2740 λόγους
3240 2670 3341 2739 τῆς
3374 2673 3698 2743 προφητείας
3725 2671 3804 2723 τοῦ

2277 2762 2481 2832 βιῦλίου
2513 2764 2720 2819 τούτου.
2741 2763 2907 2832 Κάγὼ
2945 2763 3192 2833 Ἰωάννης
3215 2765 3243 2814 6
3270 2762 3479 2832 βλέπων
3503 2765 3592 2815 καὶ
3616 2763 3807 2815 ἀκούων

2273 2851 2460 2904 ταῦτα.
2486 2873 2503 2904 ι
2528 2854 2644 2906 Ὀτι
2665 2855 2760 2923 μὲν
2779 2849 2869 2906 οὖν
2892 2853 3140 2923 Ἰωάννης
3168 2854 3312 2916 ἐστὶν
3333 2855 3362 2905 6
3385 2851 3554 2905 ταῦτα
3580 2852 3803 2923 γράφων.

2273 2943 2420 3012 αὐτῷ
2445 2943 2648 3010 λέγοντι
2680 2944 2990 2996 πιστευτέον
3011 2962 3021 2974 ·
3057 2947 3203 3007 ποῖος
3229 2943 3286 2996 δὲ
3312 2938 3484 3007 οὗτος,
3515 2943 3719 3012 ἄδηλον.
3741 2943 3803 2994 Οὐ

2274 3035 2379 3105 γάρ
2413 3033 2561 3088 εἶπεν
2591 3035 2780 3087 ἑαυτὸν
2815 3031 2970 3096 εἶναι,
3001 3034 3075 3097 ὡς
3098 3037 3154 3086 έν
3180 3034 3258 3106 τῷ
3290 3035 3599 3103 Εὐαγγελίῳ
3630 3033 3806 3087 πολλα-

614 3125 670 3169 et
701 3129 872 3185 reguo‘
897 3127 952 3171 et
983 3119 1034 3172 in
1093 3122 1348 3189 patientia
1385 3122 1546 3192 Jesu;
1597 3125 1670 3179 l'ui
1719 3127 1773 3179 in
1821 3128 1993 3183 insula
2051 3145 2167 3199 qua:

2273 3124 2387 3195 χοῦ,
2417 3125 2504 3177 τὸν
2533 3125 2883 3195 ἠγαπημένον
2919 3126 3023 3178 ὑπὸ
3044 3125 3136 3177 τοῦ
3170 3126 3372 3196 Κυρίου
3410 3124 3668 3197 μαθητὴν,
3699 3125 3806 3207 οὐδὲ

611 3205 830 3262 Patmos
865 3221 1109 3276 vocatur,
1142 3222 1360 3282 prapter
1407 3213 1642 3268 Verbum
1691 3216 1782 3270 Dei
1818 3227 1871 3271 et
1926 3220 2168 3274 testimo-

2272 3216 2362 3267 τὸν
2383 3215 2606 3281 ἀδελφὺν
2646 3214 2920 3276 Ἰακώϐου,
2947 3216 3067 3267 οὐδὲ
3096 3217 3185 3268 τὸν
3227 3217 3500 3286 αὐτόπτην
3538 3218 3628 3271 καὶ
3657 3205 3806 3286 αὐτή-

614 3298 760 3349 nium
811 3297 958 3351 Jesu.
999 3317 1019 3349 ι
1061 3299 1126 3353 Ει
1190 3300 1289 3353 sub
1341 3301 1500 3353 ﬁnem
1551 3301 1676 3356 libri
1710 3319 1897 3359 rursus
1925 3308 2038 3360 haec
2072 3310 2167 3362 ad-

613 3388 694 3440 dit
725 3406 740 3441 :
772 3406 794 3438 ι
835 3389 1031 3443 Beatus
1060 3392 1150 3457 qui
1175 3399 1354 3444 servat
1396 3390 1554 3444 verba
1597 3395 1890 3461 prophetiae
1913 3395 2038 3450 libri
2068 3399 2166 3451 hu-

604 3473 739 3542 jus,
805 3487 861 3530 et
904 3493 1002 3546 ego
1045 3478 1282 3533 Joannes
1328 3479 1420 3547 qui
1469 3480 1582 3534 haec
1648 3482 1755 3536 vidi
1803 3493 1860 3537 et
1909 3487 2106 3544 audivi.
2142 3507 2163 3539 ι

607 3564 869 3618 Joannem
901 3567 1064 3634 igitur
1092 3582 1212 3621 esse
1256 3583 1533 3625 auctorem
1584 3571 1743 3640 hujus
1784 3573 1904 3627 libri
1928 3615 1945 3639 ,
1981 3577 2090 3644 ipsi
2115 3576 2168 3630 id

612 3654 899 3707 alﬁrmanti
933 3657 1256 3711 credendum
1307 3673 1409 3714 est.
1451 3661 1557 3716 Sed
1594 3664 1843 3732 quisnam
1877 3665 1966 3719 ille
1999 3666 2166 3721 fuerit

609 3743 868 3810 Joannes,
901 3748 1190 3805 incertmn.
1215 3750 1398 3818 Neque
1425 3753 1564 3807 enim
1594 3757 1827 3825 seipsum
1861 3771 1980 3811 esse
2011 3758 2160 3822 dicit,

609 3835 752 3888 sicut
792 3837 845 3890 in
874 3837 1163 3908 Evangelia
1193 3843 1382 3910 sepius
1411 3844 1628 3910 dicitur,
1657 3846 1980 3915 discipulum
2012 3849 2162 3902 illum

607 3940 770 3990 quem
812 3927 1000 3982 dilexit
1048 3929 1325 3995 Dominus,
1361 3944 1453 3985 aut
1485 3934 1629 3987 illum
1664 3937 1753 4004 qui
1783 3952 1945 4006 supra
1975 3950 2163 4006 pectus

612 4017 824 4072 Domini
859 4022 1122 4086 recubuit,
1153 4033 1239 4075 aut
1270 4025 1489 4078 l'ratrem
1518 4025 1700 4082 Jacobi
1734 4047 1748 4081 :
1779 4039 1871 4083 aut
1901 4029 2048 4082 illum
2071 4033 2164 4084 de-

611 4109 775 4177 nique
807 4112 901 4178 qui
944 4111 1228 4166 Dominum
1277 4115 1410 4168 vidit
1462 4126 1623 4184 atque
1670 4118 1901 4174 audivit.
1943 4119 2196 4188 Aliquid‘

610 4202 974 4256 eiiimehorum
1005 4219 1124 4271 qua:
1157 4218 1452 4260 memorata
1488 4218 1612 4261 sunt
1637 4222 1786 4263 certe
1832 4210 2084 4266 dixisset.
2116 4211 2160 4263 si

612 4288 844 4356 seipsum
897 4293 1098 4361 liquido
1145 4296 1404 4351 voluisset
1445 4286 1763 4354 ’OStendere.
1813 4301 1920 4356 Sed
1974 4303 2160 4355 horum

611 4378 827 4444 quidem
860 4383 991 4435 nihil
1017 4387 1197 4452 posuit
1229 4402 1245 4440 :
1283 4388 1497 4441 fratrem
1520 4406 1646 4444 vero
1672 4392 1930 4446 duntaxat
1959 4400 2014 4448 et
2041 4377 2163 4446 con-

2269 3322 2394 3357 κοον
2423 3304 2514 3355 τοῦ
2553 3305 2753 3374 Κυρίου
2789 3305 3091 3374 γενόμενον.
3128 3300 3260 3357 Eine
3293 3305 3401 3376 γὰρ
3433 3309 3500 3360 ἄν
3540 3325 3591 3359 τι
3621 3307 3806 3360 τούτων

2270 3397 2374 3450 τῶν
2407 3395 2909 3465 προδεδηλωμένων,
2940 3393 3123 3463 σαφῶς
3149 3395 3336 3447 ἑαυτὸν
3377 3397 3668 3465 ἐμφανίσαι
3698 3397 3802 3472 βου-

2269 3485 2507 3556 λόμενος.
2557 3485 2711 3537 Ἀλλά
2737 3485 2938 3538 τούτων
2968 3486 3064 3555 μὲν
3090 3486 3259 3538 οὐδέν.
3309 3485 3552 3553 ’Λδελφὺν
3579 3487 3633 3538 δὲ
3663 3487 3804 3557 ἡμῶν

2268 3576 2362 3630 καὶ
2394 3576 2749 3644 συγκοινωνὸν
2781 3573 2898 3629 εἷπε
2942 3576 3033 3629 καὶ
3081 3575 3327 3648 μάρτυρα
3363 3576 3559 3648 Ἰησοῦ,
3588 3579 3680 3630 καὶ
3716 3594 3808 3647 μα-

2267 3668 2456 3738 κάριον
2484 3670 2573 3721 ἐπὶ
2601 3670 2664 3738 τῇ
2699 3669 2796 3740 θέᾳ
2833 3669 2926 3720 καί
2950 3670 3082 3740 ἀκοῇ
3111 3670 3218 3723 τῶν
3246 3669 3652 3738 ἀποκαλύψεων.
3684 3667 3806 3721 Πολ-

2266 3756 2390 3820 λοὺς
2412 3757 2466 3808 δὲ
2494 3756 2810 3826 ὁμωνύμους
2846 3757 3061 3827 Ἰωάννῃ
3085 3756 3160 3827 τῷ
3183 3758 3463 3828 ἀποστόλῳ
3499 3757 3695 3828 νομίζω
3728 3775 3806 3824 γε-

2265 3849 2494 3917 γονέναι,
2525 3849 2572 3900 οἳ
2601 3847 2686 3899 διὰ
2715 3848 2808 3918 τὴν
2830 3847 2965 3918 πρὸς
2995 3850 3197 3900 ἐκεῖνον
3221 3849 3458 3918 ἀγάπην,
3485 3850 3573 3901 καὶ
3600 3839 3660 3899 τὸ
3691 3849 3805 3899 θαυ-

2267 3939 2455 4009 μάζειν
2490 3942 2582 3991 καὶ
2607 3937 2818 4008 ζηλοῦν,
2845 3938 3190 4009 ἀγαπηθῆναί
3220 3955 3277 3989 τε
3309 3939 3508 4006 ὁμοίως
3533 3939 3677 4006 αὐτῷ
3703 3937 3806 4005 βού-

2263 4030 2446 4082 λεσθαι
2472 4029 2574 4081 ὑπὸ
2605 4027 2697 4079 τοῦ
2733 4028 2935 4098 Κυρίου
2961 4069 2975 4091 ,
3005 4028 3099 4079 καὶ
3133 4028 3232 4096 τὴν
3260 4027 3569 4094 ἐπωνυμίαν
3598 4027 3691 4094 τὴν
3718 4028 3804 4077 ab»

2261 4119 2358 4187 τὴν
2391 4117 2722 4186 ἠσπάσαντο.
2762 4118 2969 4187 Ὥσπερ
2999 4119 3092 4169 καὶ
3119 4119 3146 4168 6
3180 4115 3387 4175 Παῦλος
3429 4115 3592 4176 πολὺς
3635 4116 3724 4167 καὶ
3749 4115 3803 4182 δὴ

2261 4213 2404 4263 καὶὸ
2443 4210 2644 4278 Πέτρος
2689 4211 2746 4260 ὲν
2791 4210 2899 4269 τοῖς
2946 4208 3052 4260 τῶν
3096 4206 3297 4258 πιστῶν
3337 4205 3524 4257 παισὶν
3554 4205 3802 4274 ὀνομάζε-

2259 4319 2347 4353 ται
2383 4299 2475 4368 (4).
2512 4299 2663 4350 Ἔστι
2708 4298 2802 4367 μὲν
2840 4297 2931 4349 οὖν
2973 4298 3063 4350 καὶ
3095 4299 3277 4367 ἕτερος
3314 4295 3562 4365 Ἰωάννης
3600 4297 3657 4347 ἐν
3691 4300 3804 4357 ταῖς

2263 4394 2496 4465 Πράξεσι
2539 4392 2645 4444 τῶν
2687 4392 2993 4444 ἀποστόλων
3027 4395 3056 4444 6
3106 4389 3418 4459 ἐπικληθεὶς
3446 4391 3704 4470 ,Μάρκος
3750 4392 3802 4443 δν

614 4477 810 4524 sortem
833 4467 994 4539 275
1022 4485 1260 4528 nostrum
1288 4494 1406 4532 sese
1433 4480 1736 4548 appellavit,
1767 4491 1820 4536 et
1851 4491 2038 4537 testem
2067 4480 2157 4536 Je—

2271 4485 2540 4556 Bapvdﬁag
2585 4485 2676 4536 καὶ
2715 4482 2923 4546 Παῦλος
2957 4485 3165 4541 ἑαυτοῖς
3210 4467 3658 4550 συμπαρέλαὸον,
3685 4482 3804 4552 περὶ

614 4571 713 4622 su;
741 4557 950 4613 beatum
985 4561 1215 4632 denique
1248 4569 1315 4620 ob
1347 4571 1513 4624 visam
1545 4582 1707 4641 atque
1753 4575 1993 4629 auditam
2048 4576 2154 4629 Re-

610 4645 947 4703 velationem.
1006 4653 1085 4706 Ac
1149 4655 1410 4722 plurimus
1472 4663 1684 4728 quidem
1744 4665 1914 4720 fuisse
1961 4666 2155 4735 opinor

603 4735 796 4793 Joanni
842 4740 1087 4807 apostolo
1130 4734 1508 4812 cognomines,
1539 4752 1626 4816 qui
1666 4764 1882 4820 propter
1915 4734 2153 4826 singula-

606 4843 718 4882 rem
750 4843 877 4897 erga
909 4829 1057 4884 illum
1099 4832 1523 4891 benevolentiam
1549 4877 1563 4900 ,
1613 4851 1666 4892 et
1699 4845 1840 4908 quod
1882 4846 2150 4901 hominem

606 4919 934 4974 mirarentur
960 4935 1022 4975 ac
1046 4923 1381 4990 suspicerent
1405 4965 1420 4990 ,
1450 4935 1504 4980 et
1532 4928 1755 4995 perinde
1783 4945 1844 4983 ac
1875 4931 1962 4984 ille
1988 4948 2017 4986 a
2050 4934 2154 4989 Do-

604 5008 750 5061 mino
786 5011 932 5080 diligi
971 5013 1258 5075 ambirent,
1286 5015 1383 5068 hoc
1417 5031 1823 5085 cognomentum
1861 5023 2150 5079 adamave-

603 5099 1202 5168 rintzquemadmodum
1227 5119 1290 5157 ex
1313 5106 1544 5160 ﬁdelium
1563 5108 1748 5163 liberis
1775 5111 1970 5164 multos
2000 5111 2146 5167 Pauli

675 5212 918 5294 (ιθ-’Ἐν
955 5217 1094 5294 ,τοῖς
1149 5217 1264 5294 ab):
1311 5219 1808 5294 πιστῶφςπαισίν
1869 5225 2146 5294 ὀνομάζε-

605 5298 728 5363 ﬁcu.-
760 5283 1034 5362 Notandus
1078 5298 1161 5341 est
1217 5289 1301 5341 hic
1354 5291 1591 5363 Dionysii
1645 5295 1789 5348 locus
1837 5296 1900 5348 de
1934 5283 2148 5363 antiqua

605 5350 1036 5432 Ciliristianorum
1076 5350 1592 5432 consuetudine,'qui
1624 5363 1766 5416 Petri
1795 5350 2154 5432 Paulique‘et

609 5421 832 5502 aliorum
902 5435 1209 5502 sanctorum
1259 5430 1490 5502 nomina
1523 5421 1710 5502 liberis
1759 5436 1871 5487 suis
1915 5421 2152 5502 impone-

610 5485 761 5566 Dant,
787 5494 1144 5566 tum_honoris
1170 5514 1232 5550 ac
1267 5498 1652 5564 benevolentia:
1698 5485 1879 5566 causa,
1915 5485 2042 5556 tuin
2090 5485 2148 5555 ut

613 5552 764 5609 liberi
790 5563 869 5612 sui
894 5563 1181 5636 Deorhari
1209 5568 1524 5636 acceptique
1568 5552 2151 5634 essentirionwniintis

494 5680 504 5687 .
609 5637 770 5708 Tum!
803 5633 976 5708 sancti
1007 5633 1353 5708 illi_fuerant.—
1381 5633 1512 5690 lli—nc
1552 5650 1634 5694 est
1656 5633 1794 5706 quod
1824 5640 2148 5708 Chrysosto-

614 5704 734 5775 mus
760 5694 818 5775 in.
841 5705 980 5750 tonio
1016 5704 1208 5775 primo,
1237 5706 1292 5759 in
1342 5709 1580 5760 oratione
1613 5694 1888 5764 de'sancto
1911 5694 2144 5775 Heletio,

613 5763 970 5821 Antiochenos
995 5763 1139 5825 tanta
1163 5763 1526 5832 benevolentia
1555 5763 1819 5834 Meletium
1840 5763 2145 5852 ecitiplexos

2257 4569 2318 4628 οὗ
2339 4575 2430 4627 καὶ
2446 4572 2601 4626 πάλιν
2624 4573 2784 4642 λέγει·
2799 4592 2818 4624 ι
2841 4570 2996 4644 Εἶχον
3016 4573 3072 4625 δὲ
3096 4572 3188 4624 καὶ¹
3218 4570 3468 4640 Ἰωάννην
3483 4572 3796 4642 ὑπηρέτην.»

2257 4666 2320 4718 Ei
2351 4665 2405 4716 δὲ
2429 4658 2579 4726 οὗτος
2605 4666 2632 4716 6
2653 4663 2865 4733 γράψας
2891 4663 3033 4733 ἐστὶν
3053 4700 3067 4724 ,
3094 4660 3191 4712 οὐκ
3229 4657 3295 4710 ἂν
3324 4659 3487 4729 φαίην
3512 4675 3524 4688 ·
3551 4661 3671 4714 οὐδὲ
3701 4664 3803 4731 γάρ

2236 4755 2478 4825 ,ἀφῖχθαι
2505 4756 2598 4807 σὺν
2631 4756 2808 4816 αὐτοῖς
2834 4755 2914 4814 είς
2940 4753 3034 4822 τὴν
3061 4750 3238 4803 Ἀσίαν
3265 4749 3585 4820 γέγραπται.
3611 4772 3630 4804 ι
3655 4754 3802 4805 Ἀλλά

2256 4846 2573 4914 ἀναχθέντες
2607 4845 2722 4914 μὲν,
2747 4846 2927 4915 φησιν,
2959 4841 3064 4894 ἀπὸ
3092 4842 3189 4909 τῆς
3212 4841 3396 4909 Πάφου
3423 4846 3471 4896 ot
3507 4846 3630 4915 περὶ
3664 4845 3802 4898 [παῦ-

2252 4937 2360 4999 λον,
2394 4931 2552 5005 ἦλθον
2597 4939 2673 4998 είς
2699 4935 2913 5004 Πέργην
2939 4931 3035 4999 τῆς
3077 4930 3416 4999 Παμφυλίας.
3461 4934 3710 5006 Ἰωάννης
3749 4936 3800 4988 δὲ

2248 5028 2605 5098 ἀποχωρήσας
2625 5028 2718 5080 ἀπ’
2743 5023 2936 5085 αὐτῶν,
2953 5020 3281 5090 ὑπέστρεψεν
3301 5025 3381 5086 είς
3410 5024 3796 5096 Ἰεροσόλυμα.»

2255 5114 2440 5167 Ἀλλον
2481 5115 2538 5166 δέ
2575 5132 2693 5167 τινα
2721 5109 2871 5181 οἶμαι
2896 5107 3001 5161 τῶν
3042 5109 3099 5160 ὲν
3141 5110 3291 5182 Ἀσίᾳ
3317 5115 3652 5185 γενομένων·
3683 5115 3800 5168 ἐπεὶ

2255 5243 2375 5280 esse
2403 5231 2616 5294 scribit,
2667 5237 2724 5281 ut
2774 5232 3026 5293 parentes
3070 5223 3253 5280 liberis
3286 5223 3398 5282 suis
3429 5244 3624 5282 nomen
3661 5229 3798 5282 illius

2255 5300 2611 5364 imponerent.
2659 5311 2777 5366 quo
2811 5295 3022 5345 domum
3058 5309 3210 5348 suam
3243 5296 3359 5363 ejus
3393 5299 3674 5366 praesentia
3708 5315 3798 5350 ex-

2252 5380 2526 5421 Ornarcut.
2558 5370 2696 5420 Idem
2743 5364 3182 5430 Chrysostomus,
3227 5364 3448 5420 homilia
3494 5368 3555 5420 21
3611 5369 3667 5421 in
3708 5366 3800 5420 Ge-

2255 5454 2314 5487 ηε
2330 5439 2448 5504 sint,
2481 5439 2904 5504 auditoresisuos
2938 5435 3207 5497 hortatur,
3241 5444 3300 5488 ut
3332 5451 3438 5490 non
3469 5438 3679 5503 qnevis
3709 5454 3800 5490 no-

2256 5508 2396 5559 mina
2431 5503 2629 5560 temere
2653 5518 2716 5555 ac
2750 5503 2987 5574 fortuito,
3026 5519 3123 5557 nec
3157 5519 3380 5557 avorum
3425 5515 3518 5557 aut
3567 5521 3799 5574 proavo-

2256 5592 2391 5637 rum,
2426 5587 2517 5628 aut
2546 5574 2831 5627 illustrium
2865 5573 3127 5642 virorum,
3159 5574 3250 5627 sed
3278 5573 3590 5642 sanctorum
3620 5576 3796 5642 potius

2254 5645 2528 5698 hominum
2583 5644 2673 5711 qui
2721 5641 3007 5697 virtutibus
3041 5643 3388 5706 refulserunt,
3441 5641 3637 5696 liberis
3691 5643 3798 5697 suis

2255 5715 2530 5780 imponant
2564 5711 2970 5780 appellationes,
3001 5723 3273 5779 uteorum
3306 5711 3552 5781 exemplo
3587 5714 3662 5768 ad
3703 5713 3801 5766 vir

2256 5793 2416 5838 lutem
2446 5785 2816 5840 incendantur.
