3948 6340
676 282 775 357 ἰιι
1371 300 1641 357 Ευεεδιν
1680 299 2151 357 οιεεΑιιιεΝδιε

2292 303 2339 357 P.
2379 303 2558 359 mas
2593 304 2637 359 ι.
2668 330 2739 343 -
2775 303 3163 361 ιιιετοιιιοιι.
3756 319 3827 373 m
3908 282 3909 285 ‘

677 433 795 472 rum
825 431 884 472 se
910 416 1233 472 sententiam
1262 418 1614 486 promisisset,
1663 419 1892 497 credens
1935 418 1984 471 ei
2033 417 2190 471 Firmi

2292 420 2388 479 ιτὸ
2422 424 2651 492 πρᾶγμα
2690 424 2770 484 εἰς
2809 422 2928 475 δέον
2964 425 3397 496 καταστήσεσθαι
3418 465 3432 489 ,
3463 426 3729 482 ἀνεϐάλετο
3752 450 3824 486 τα-

673 508 867 572 Iianus,
898 526 1226 579 speransque
1264 511 1383 563 sine
1430 510 1537 564 ullo
1567 528 1577 559 ·.
1599 510 1839 578 eligionis
1873 520 2069 564 nostra:
2101 525 2190 577 pro

2327 512 2679 581 ρακρουσθεὶς
2712 511 2803 563 ὑπ’
2831 511 2995 564 αὑτοῦ
3024 511 3117 564 τοῦ
3162 512 3256 564 καὶ
3290 512 3382 565 τὸν
3408 513 3538 566 Θεὸν
3564 516 3649 567 τὸν
3677 519 3822 573 ἑαυτοῦ

671 599 771 654 bro
806 610 971 668 atque
1006 601 1290 669 dispendio
1318 617 1430 655 rem
1473 603 1673 670 optime
1724 616 1879 668 posse
1926 603 2174 654 constitui

2325 601 2418 653 καὶ
2440 601 2641 671 Κύριον
2664 603 3016 671 ἀρνουμένου,
3051 603 3146 656 καὶ⁵
3172 603 3270 674 τὴν
3299 604 3483 657 πίστιν
3506 605 3569 675 ἣν
3597 608 3683 659 καὶ
3706 611 3823 675 αὐτὸς

672 692 878 745 distulit
904 692 1227 745 sententiain
1277 707 1461 753 suam,
1498 694 1751 760 demptus
1778 693 1981 745 scilicet
2012 684 2089 747 ab
2123 694 2221 745 lto-

669 782 813 836 mine
840 783 929 850 qui
964 784 1128 836 Deum
1158 798 1220 834 ac
1252 782 1534 833 Dominum
1572 796 1726 833 suum
1760 782 2014 850 negabat,
2046 793 2099 835 et
2128 783 2217 850 qui

669 874 825 925 [idem
857 889 1016 941 quam
1070 882 1227 925 antea
1282 871 1663 940 proﬁtebatur,
1697 872 2009 925 violaverat.
2071 873 2219 929 Nunc

664 962 876 1030 quoque
899 963 1237 1015 Antiochiam
1274 971 1535 1013 venturus
1562 970 1679 1013 erat
1715 960 2064 1015 Firmilianus
2091 1004 2104 1024 ,
2164 972 2221 1015 et

656 1054 768 1121 jam
813 1053 1038 1106 Tarsum
1078 1068 1246 1121 usque
1278 1062 1618 1119 pervenerat.
1657 1051 1867 1120 Quippe
1907 1052 2227 1120 improbita-.

664 1152 769 1194 tem
800 1142 1026 1195 hominis
1059 1142 1220 1194 Deum
1256 1142 1498 1211 negantis
1541 1150 1697 1195 antea
1733 1140 1909 1193 fuerat
1936 1153 2211 1208 expertus.

662 1233 766 1286 Sed
792 1249 912 1286 cum
944 1234 1162 1301 nosjatn
1195 1236 1650 1293 couvenissemus,
1688 1233 1892 1286 interea
1931 1233 2033 1285 loci
2088 1234 2212 1286 dum

660 1324 805 1376 illum
824 1326 1185 1388 accersimus;
1218 1324 1340 1377 dum
1364 1325 1477 1391 ejus
1504 1324 1786 1376 adventum
1815 1333 2211 1391 exspectamus,

655 1418 791 1470 abiit
822 1432 854 1469 e
888 1418 1016 1470 vita.
1051 1436 1069 1467 ι
1102 1416 1302 1470 Deinde
1331 1416 1488 1485 paulo
1518 1424 1661 1484 post,
1694 1414 1997 1481 cujusmodi
2049 1413 2212 1470 fuerit

652 1507 885 1561 hominis
916 1510 1042 1571 vita,
1072 1517 1355 1576 exponunt
1402 1506 1484 1559 his
1516 1504 1731 1558 verbis:
1768 1520 1787 1553 ι
1824 1502 1931 1557 Sed
1956 1506 2209 1570 quoniam

653 1617 680 1651 τι
710 1601 828 1653 lidei
865 1601 1042 1670 regula
1077 1600 1355 1660 recedens,
1392 1599 1457 1650 ad
1488 1596 1730 1661 spuriam
1758 1603 1811 1649 et
1854 1596 2207 1650 adullerinam

653 1691 949 1743 doctrinam
980 1707 1038 1744 se
1081 1689 1373 1753 transtulit,
1406 1688 1638 1740 hominis
1665 1688 1730 1740 ab
1782 1686 2018 1739 Ecclesia
2045 1686 2204 1741 alieni

2321 782 2350 831 ὁ
2387 780 2730 850 ⁴Ιιιρμιλιανὲς
2776 782 2978 853 είςντὴν
3014 785 3335 855 ’Δντιόχειαν
3366 785 3719 855 διαϐήσεσθαι,
3759 791 3824 841 καὶ

2324 871 2482 940 μέχρι
2520 887 2584 938 γε
2613 870 2839 942 Ταρσῶν
2868 868 3030 942 ἧκεν,
3066 874 3161 926 ἆτε
3203 876 3302 945 τῆς
3347 874 3664 945 ἀρνησιθέου
3704 878 3822 932 αὑτοῦ

2320 960 2516 1024 κακίας
2556 964 2749 1031 πεῖραν
2794 962 3026 1032 εἰληφώς
3049 981 3063 993 ·
3111 963 3246 1017 ἀλλὰ
3281 964 3390 1035 γὰρ
3422 964 3621 1035 μεταξὺ
3656 968 3825 1039 συνελη⁴

2318 1051 2548 1103 λυθότων
2570 1052 2723 1122 ἡμῶν
2748 1053 2841 1105 καὶ
2870 1054 3190 1122 καλούντων,
3217 1057 3310 1109 καὶ
3334 1058 3699 1127 ἀναμενόντων
3712 1061 3823 1129 ἄχρις

2315 1138 2381 1191 ἂν
2414 1139 2572 1210 ἔλθῃ,
2614 1140 2763 1203 τέλος
2803 1142 2926 1211 ἔσχε
2952 1143 3046 1195 τοῦ
3075 1144 3209 1213 βίου.
3235 1165 3255 1196 ι
3300 1147 3431 1199 Μεθ’
3465 1148 3627 1218 ἕτερα
3656 1148 3696 1199 δ’
3714 1146 3824 1213 αὖθις

2312 1230 2404 1282 τὸν
2436 1230 2547 1299 βίον
2578 1231 2669 1283 τοῦ
2698 1232 2860 1284 αὑτοῦ
2903 1233 3017 1293 οἵας
3048 1235 3338 1305 ἐτύγχανεν
3375 1239 3618 1308 ἀγωγῆς,
3648 1239 3823 1307 διαγρά-

2314 1410 2425 1480 (25)
2468 1412 2559 1463 ἐπὶ
2602 1411 2827 1482 κίϐδηλα
2866 1412 2960 1465 κα)⁵
2998 1414 3125 1467 νόθα
3160 1416 3461 1488 διδάγματα
3493 1421 3820 1490 μετελήλυθεν,

2310 1502 2460 1554 οὐδὲν
2498 1502 2580 1553 δεῖ
2613 1502 2707 1554 τοῦ
2750 1502 2854 1565 ἔξω
2897 1503 3046 1567 ὄντος
3090 1504 3186 1570 τὰς
3220 1508 3443 1577 πράξεις
3479 1510 3709 1579 κρίνειν
3734 1512 3821 1564 οὐδὲ

2309 1591 2388 1644 ὃτι
2429 1594 2689 1664 πρότερον
2735 1594 2904 1663 πένης
2933 1593 3008 1647 ὣν
3036 1596 3129 1649 καὶ¹
3160 1600 3387 1667 πτωχὸς.
3423 1601 3519 1652 καὶ
3554 1605 3686 1673 μήτε
3711 1602 3822 1672 παρὰ

2310 1684 2556 1755 πατέρων
2601 1684 2925 1755 παραλαϐὼν
2967 1685 3232 1756 μηδεμίαν
3278 1690 3573 1758 εὐπορίαν,
3620 1692 3740 1761 μήτε
3774 1694 3821 1743 ὲκ

2324 691 2583 762 πρότερον
2618 688 2763 762 εἶχε,
2813 693 2886 763 μὴ
2928 691 3278 761 φυλάξαντος.
3314 694 3544 765 Ἔμελλε
3579 696 3631 749 δὲ
3660 699 3738 749 καὶ
3760 699 3823 753 νῦν
3910 748 3911 761 γ

2314 1338 2502 1389 φουσιν
2531 1324 2589 1373 ἐν
2617 1322 2856 1385 τούτοις·
2894 1341 2913 1372 ι
2945 1325 3111 1377 Ὅπου
3154 1327 3210 1379 δὲ
3248 1329 3490 1391 ἀποστὰς
3528 1329 3622 1381 τοῦ
3652 1331 3822 1394 κανόνος
3912 1342 3913 1361 ξ

652 1794 805 1836 actus
827 1783 1134 1835 examinare
1154 1781 1285 1833 nihil
1316 1782 1509 1833 attinet
1539 1798 1550 1830 :
1583 1793 1755 1846 neque
1782 1778 1923 1846 quod
1954 1793 2073 1831 cum
2106 1793 2203 1829 an-

651 1883 732 1926 tea
764 1888 965 1941 panper
986 1888 1049 1925 ac
1077 1873 1354 1925 mendicus
1379 1880 1541 1933 esset,
1568 1884 1666 1924 nec
1711 1870 1846 1923 ullas
1871 1852 2095 1922 omnino
2121 1867 2203 1921 la-

648 1964 878 2017 cultates
906 1972 1001 2014 aut
1033 1977 1061 2015 a
1122 1962 1438 2030 parentibus
1492 1962 1705 2017 relictas
1756 1961 2077 2027 accepisset,
2112 1969 2203 2012 aut

647 2055 785 2106 artis
819 2054 960 2107 illius
998 2055 1258 2107 exercitio
1284 2054 1383 2107 sibi
1418 2063 1815 2123 comparasset,
1848 2068 1993 2105 nunc
2020 2052 2085 2105 ad
2118 2053 2201 2104 in-

642 2146 953 2200 credibilem
981 2147 1311 2214 opnlcntiam
1350 2146 1629 2215 pervenit,
1664 2160 1760 2214 per
1785 2144 1991 2198 scelera
2028 2158 2089 2197 ac
2112 2159 2201 2198 sa-

641 2237 882 2305 crilegia,
914 2238 1253 2305 fratrumque
1277 2236 1660 2291 concussiones
1688 2258 1699 2290 :
1737 2236 1859 2290 dum
1892 2234 2091 2302 injuria
2120 2234 2199 2287 af-

640 2327 811 2381 fectos
835 2328 1064 2395 decepit,
1097 2330 1421 2396 promittens
1449 2329 1663 2395 quidem
1694 2342 1811 2381 sese
1840 2326 1942 2379 illis
1977 2336 2195 2394 accepta

637 2420 885 2472 mercede
907 2434 1060 2487 opem
1098 2419 1325 2471 laturum
1356 2440 1367 2473 :
1413 2417 1604 2471 fallens
1640 2428 1817 2469 autem
1845 2418 2009 2485 ipsos,
2047 2427 2097 2469 et
2128 2433 2193 2470 ex

638 2508 901 2559 'acilitate
954 2507 1317 2573 litigantium,
1369 2509 1459 2575 qui
1511 2519 1568 2559 ut
1625 2507 1839 2573 negotio
1900 2506 2196 2558 liberentur

634 2599 847 2667 quidvis
874 2598 1002 2650 dare
1034 2597 1209 2663 parati
1240 2608 1389 2657 sunt,
1428 2596 1635 2648 lucrum
1674 2598 1905 2648 inaniter
1930 2606 2152 2662 captans
2175 2639 2189 2660 ,

636 2697 693 2741 et
720 2691 976 2757 pietatem
1009 2696 1277 2754 quaestum
1306 2702 1426 2740 esse
1456 2686 1795 2739 existimans.
1843 2684 2025 2754 Neque
2051 2691 2190 2753 quod

640 2779 777 2834 fastu
806 2790 861 2833 et
892 2780 1205 2846 arrogantia
1254 2792 1413 2843 supra
1455 2778 1670 2829 modum
1706 2776 1878 2828 elatus
1906 2777 2192 2831 saeculares

637 2872 775 2937 gerit
813 2872 1122 2938 dignitates.
1160 2878 1213 2922 et
1236 2872 1559 2921 ducenarius
1589 2867 1767 2921 vocari
1797 2882 1953 2934 quam
1981 2868 2188 2934 episcoo

636 2978 734 3030 pus
756 2962 955 3015 mavult
985 2979 999 3013 :
1036 2977 1131 3031 per
1159 2961 1331 3013 lorum
1356 2959 1637 3030 magnilice
1663 2959 1917 3012 incedens
1937 2997 1953 3022 ,
1998 2960 2191 3028 episto-

2242 1750 2279 1801 Β

2304 1772 2497 1842 τέχνης
2540 1773 2572 1843 ἧ
2605 1789 2746 1835 τινος
2779 1772 3206 1843 ἐπιτηδεύματος
3243 1775 3612 1845 κτησάμενος,
3657 1778 3737 1830 νῦν
3763 1781 3821 1838 el;

2304 1863 2703 1933 ὑπερϐάλλοντα
2723 1862 2949 1915 πλοῦτον
2970 1863 3245 1932 ἐλήλακεν,
3270 1863 3327 1928 ἐξ
3348 1866 3587 1934 ἀνομιῶν
3615 1869 3701 1919 καὶ
3722 1870 3821 1937 ἱερο-

2303 1952 2497 2004 συλιῶν
2517 1994 2531 2016 ,
2564 1955 2656 2005 καὶ
2684 1947 2757 2004 ὧν
2787 1954 2927 2005 αἰτεῖ
2968 1955 3061 2007 καὶ
3113 1955 3243 2007 σείει
3276 1956 3400 2017 τοὺς
3432 1956 3685 2021 ἀδελφοὺς
3717 1959 3818 2028 (Ξί),

2300 2044 2718 2115 καταϐραϐεύων
2742 2046 2866 2107 τοὺς
2896 2044 3274 2115 ἀδικουμένους
3294 2047 3428 2115 (25),
3459 2049 3552 2099 καὶ
3578 2049 3820 2119 ὑπισχνού-

2302 2152 2459 2205 μενος
2492 2135 2771 2206 βοηθήσειν
2802 2136 2991 2205 μισοοῦ
3012 2177 3026 2201 ,
3063 2137 3385 2207 ψευδόμενος
3414 2138 3473 2190 δὲ
3499 2140 3592 2191 καὶ
3616 2140 3818 2203 τούτους,

2298 2227 2391 2278 καὶ
2418 2227 2588 2297 μάτην
2618 2226 2992 2297 καρπούμενος
3024 2227 3130 2298 (26)
3174 2228 3269 2300 τὴν
3306 2228 3415 2283 τῶν
3448 2231 3507 2281 ὲν
3542 2231 3819 2301 πράγμασιν

2295 2316 2463 2369 ὄντων
2498 2318 2817 2387 ἑτοιμότητα
2852 2318 2986 2386 πρὸς
3026 2318 3086 2370 τὸ
3124 2318 3318 2373 διδόναι
3364 2321 3503 2392 ὑπὲρ
3547 2322 3819 2393 ἀπαλλαγῆς

2295 2407 2403 2459 τῶν
2450 2409 2807 2479 ἐνοχλούντων
2830 2448 2845 2471 ,
2896 2409 3161 2480 πορισμὸν
3200 2411 3495 2481 ἡγούμενος
3538 2411 3632 2483 τὴν
3672 2412 3819 2465 θεοσέ-

2296 2499 2444 2552 ϐειαν
2474 2500 2583 2568 (27)
2604 2518 2618 2529 °
2654 2502 2744 2553 καὶ
2775 2502 2894 2555 οὔτε
2920 2502 2994 2565 ὡς
3020 2501 3196 2573 ὑψηλὰ
3225 2505 3408 2573 φρονεί
3434 2502 3545 2573 (28)
3573 2506 3664 2558 καὶ
3689 2505 3820 2574 ὑπερ-

2292 2591 2454 2658 ῆρται
2506 2590 2743 2659 κοσμικὰ
2784 2590 3065 2662 ἀξιώματα
3107 2592 3499 2662 ὑποδυόμενος,
3544 2594 3635 2646 καὶ
3661 2592 3823 2660 δουκηο

2292 2680 2477 2750 νάριος
2505 2681 2613 2749 (29)
2638 2682 2833 2751 μᾶλλον
2862 2684 2893 2753 ἢ
2921 2683 3214 2746 ἐπίσκοπος
3240 2683 3405 2738 θέλων
3434 2684 3721 2746 καλεῖσθαι,
3742 2684 3817 2735 καὶ

2294 2770 2465 2823 σοϐῶν
2495 2772 2636 2823 κατά
2662 2773 2761 2834 τὰς
2788 2772 3014 2842 ἀγορὰς,
3045 2774 3134 2825 καὶ
3159 2774 3442 2836 ἐπιστολὰς
3469 2774 3818 2841 ἀναγινώσκων

2290 2863 2384 2913 καὶ
2401 2862 2749 2933 ὑπαγορεύων
2764 2863 2877 2931 ἅμα
2894 2863 2999 2931 (50)
3020 2862 3244 2930 βαδίζων
3259 2864 3319 2935 δη
3329 2866 3511 2934 μοσία,
3527 2865 3618 2916 καὶ
3633 2866 3823 2935 8091:390-

2294 2952 2570 3022 ρούμενος,
2606 2953 2711 3004 τῶν
2748 2954 2843 3021 μὲν
2882 2954 3382 3023 προπορευομένων,
3421 2955 3527 3005 τῶν
3566 2954 3620 3007 δὲ
3652 2957 3819 3023 ἐφεπο-

634 3054 711 3105 las
741 3053 924 3121 legens
955 3068 1017 3105 ac
1059 3052 1267 3105 dietans
1301 3051 1441 3105 inter
1483 3050 1861 3104 ambulandum
1897 3050 2071 3117 palam
2123 3065 2187 3103 ac.

2296 3044 2468 3113 μένων
2500 3043 2707 3096 πολλῶν
2739 3043 2828 3093 τὸν
2870 3044 3115 3112 ἀριθμὸν,
3152 3043 3225 3107 ὡς
3254 3045 3346 3097 καὶ
3382 3044 3478 3113 τὴν
3509 3045 3679 3097 πίστιν
3713 3046 3820 3113 φθο-

633 3144 876 3212 publice;
906 3144 1239 3211 stipatusque
1264 3143 1493 3195 maxima
1522 3142 1795 3194 hominum
1827 3141 2186 3203 multitudine,

632 3234 825 3300 partim
857 3235 1236 3301 prmeuutium,
1267 3232 1460 3298 partim
1482 3230 1950 3305 subsequenlium,
1975 3230 2108 3280 adeo
2132 3238 2190 3279 ut

632 3341 694 3375 cx
716 3325 1010 3376 illiuslastu
1027 3333 1078 3377 et
1095 3324 1399 3391 arrogantia
1419 3320 1754 3390 incredibilis
1773 3319 1970 3370 invidia
1987 3318 2192 3369 odium-

633 3429 735 3479 que
758 3414 1043 3465 tnultorum
1068 3416 1321 3465 adversus
1355 3411 1511 3463 fidem
1532 3419 1767 3462 nostram
1791 3407 2074 3460 conﬂatum
2092 3407 2181 3460 sit.

632 3502 813 3570 Neque
857 3504 979 3555 item
1007 3504 1199 3554 attinet
1229 3502 1543 3553 esaminare
1586 3498 1924 3550 ambitiosam
1954 3497 2185 3549 hominis

630 3595 918 3647 vanitatem
948 3594 999 3645 in
1032 3592 1413 3646 ecclesiasticis
1447 3591 1821 3650 conventibus,
1846 3604 2005 3657 quam
2036 3590 2180 3643 omni

633 3770 767 3825 Male
807 3772 948 3825 hunc
976 3770 1151 3824 locum
1182 3770 1348 3824 vertit
1378 3767 1926 3837 Christophorsouns,
1958 3770 2046 3836 qui
2074 3768 2183 3821 ltu-

633 3846 794 3893 liaum
844 3853 991 3895 recte
1033 3851 1357 3908 praeeuntem
1416 3838 1569 3905 sequi
1617 3840 1809 3894 noluit.
1838 3838 2177 3891 Vertitenim

628 3912 741 3963 sine
778 3909 887 3962 ulla
944 3912 1213 3963 verborum
1261 3910 1612 3971 contumelia,
1672 3924 1791 3959 cum
1862 3912 2176 3963 vertendum

628 3992 774 4033 esset
796 3982 905 4032 sine
934 3981 1043 4032 ulla
1082 3982 1346 4045 religionis
1388 3990 1579 4029 nostra:
1630 3979 1962 4030 contumelia.

698 4047 809 4118 (25)
857 4050 1148 4115 Ἀποστὰς
1176 4049 1281 4101 τοῦ
1315 4050 1586 4110 κανόνος.
1632 4048 1719 4099 Sic
1752 4059 1945 4101 vocant
1989 4046 2177 4118 Patres

631 4116 868 4185 regulam
903 4120 1044 4171 lidei.
1079 4122 1149 4171 Ita
1185 4119 1447 4170 Eusebius
1476 4118 1523 4167 in
1558 4119 1695 4169 libro
1728 4131 1799 4171 tv.
1828 4130 1953 4182 cap.
1984 4116 2077 4185 25,
2111 4118 2176 4169 de

630 4184 883 4252 Dionysio
932 4188 1331 4241 Corinthiorum
1368 4187 1616 4253 episcopo
1650 4186 1876 4253 loquens
1913 4184 2040 4253 εΤῷ
2076 4186 2176 4253 τῆς

630 4253 881 4325 ἀληθείας
917 4258 1239 4325 παρίσταται
1267 4255 1467 4308 κανόνι.

702 4324 812 4388 (ﬁt)
844 4323 1161 4388 Σείειτοὺς
1194 4326 1513 4392 ἀδελφούς.
1544 4323 1748 4390 Duplici
1803 4324 2009 4392 ratione
2042 4336 2174 4376 con-

631 4392 896 4446 cussionis
926 4394 1128 4444 crimen
1170 4396 1504 4459 admittitur;
1544 4404 1635 4445 aut
1663 4410 1786 4445 cum
1825 4401 2031 4445 terrore
2079 4407 2175 4459 p0-

631 4462 859 4523 tcslalis,
894 4461 1235 4526 magistratus
1277 4463 1358 4512 vel
1410 4448 1562 4514 miles
1610 4463 1813 4523 aliquid
1847 4462 2050 4529 exigit;
2080 4448 2171 4512 aut
2202 4448 2246 4502 Ῑ)

628 4548 750 4584 cum
786 4545 877 4595 per
911 4529 1149 4581 fraudem
1181 4530 1607 4599 etcalumniam,
1637 4532 1871 4599 sull‘ragii
1908 4540 2169 4598 praetextu

632 4600 831 4668 aliquid
864 4613 890 4649 a
934 4600 1181 4668 quopiam
1217 4598 1447 4657 elicitur,
1482 4608 1539 4647 ut
1568 4600 1617 4648 in
1654 4600 1767 4667 lege
1800 4598 1848 4662 l7,
1876 4603 1933 4655 l).
1968 4600 2043 4653 De
2077 4615 2171 4651 ca-

630 4666 1060 4724 lumniatoribus.
1110 4666 1217 4719 lloc
1261 4668 1551 4718 secundum
1589 4666 1756 4731 genus
1805 4672 2171 4723 concussionis

630 4740 935 4805 intelligunt
978 4737 1165 4788 Patres
1225 4736 1437 4789 concilii
1499 4736 1841 4805 Antioche-ni.
1897 4739 1972 4790 De
2001 4742 2172 4803 primo

630 4802 825 4879 genere
846 4806 1225 4879 rroncussionis
1242 4805 1489 4879 .lnqnitur
1526 4802 1920 4879 Magimiutts-itt
1948 4802 2170 4879 epistola

630 4873 693 4929 ad
729 4878 1011 4939 Sabinum,
1043 4891 1200 4941 quam
1242 4874 1407 4927 refert
1439 4873 1700 4924 Eusebius
1723 4874 1774 4924 in
1808 4873 1900 4941 lib.
1936 4889 2012 4935 Ix,
2042 4890 2090 4926 c.
2116 4876 2167 4928 9.

629 4949 822 5001 Nescio
857 4957 1037 4998 autem
1066 4940 1179 4995 cur
1218 4954 1489 5010 tantopere
1545 4943 1752 5020 refugit.
1794 4940 2174 5008 Cbristophor-

629 5033 794 5067 sonus
821 5032 1004 5068 νυρριιι
1039 5022 1307 5064 concutere
1342 5025 1394 5064 ει
1427 5026 1800 5075 οοιιιτιιεειοηιδ,
1833 5026 1953 5063 ςιιιιι
1993 5022 2171 5063 tamen

628 5087 738 5139 sint
782 5087 1004 5145 Latium,
1037 5092 1089 5135 et
1146 5097 1173 5132 a
1228 5082 1494 5133 veteribus
1538 5080 1940 5147 iurisconsultis
1984 5080 2174 5131 crebro

629 5168 914 5221 usurpata}.
950 5155 1050 5205 Sed
1080 5161 1133 5203 et
1164 5152 1215 5201 in
1264 5151 1547 5217 Evangelia
1574 5164 1768 5221 ea4vox
1800 5152 2051 5211 habetur,
2084 5147 2173 5221 ubi

629 5218 860 5276 Joannes
893 5222 1149 5275 militibus
1184 5221 1253 5272 ita
1292 5222 1528 5287 prycipit
1562 5236 1575 5270 :
1608 5219 1878 5272 Neminem
1911 5218 2174 5271 concutia-

631 5294 695 5343 tis
721 5310 738 5344 :
761 5295 983 5345 contenti
1029 5300 1190 5344 estote
1231 5289 1502 5355 stipendiis
1534 5291 1733 5341 vestris.
1783 5292 1932 5357 Apud
1958 5289 2175 5342 Graecos

639 5365 1038 5429 antiquissimus
1073 5368 1153 5413 est
1184 5376 1309 5412 usus
1343 5358 1491 5409 vocis
1547 5360 1711 5410 σείειν
1756 5374 1820 5411 eo
1864 5370 2175 5429 setisu_pro

620 5426 971 5505 “calumniari.
1010 5432 1099 5483 Sic
1138 5433 1291 5505 _en_im
1329 5429 1723 5505 _Arist0plta_nes
1769 5437 1824 5481 et
1874 5426 2173 5482 Teleclides

632 5494 935 5562 loquuntur,
974 5511 1104 5552 teste
1134 5500 1294 5551 Suida
1328 5499 1379 5549 in
1412 5511 1539 5548 voce
1562 5500 1752 5551 σεῖσαι.

624 5569 631 5631 l
704 5566 813 5629 (‘25)
847 5570 1304 5635 Καταϐραϐεύων
1332 5567 1472 5631 τοὺς
1502 5566 1941 5634 ἀδικουμένους,
1963 5569 2174 5635 Langns

626 5636 793 5703 ‘vertit
822 5640 1032 5698 prarmiu
1069 5642 1344 5703 accipiens,
1374 5653 1475 5689 non
1518 5638 1672 5688 male.
1710 5638 1887 5690 Utitur
1915 5644 2014 5693 hac
2043 5650 2175 5690 voce

634 5702 830 5754 Paulus
865 5705 913 5755 in
937 5708 1117 5773 ‘lipist.
1151 5702 1187 5760 ll
1214 5710 1276 5759 ad
1306 5708 1676 5782 tlolossenses,
1703 5722 1819 5775 cap.
1846 5723 1929 5759 ιιι.

2292 3133 2496 3187 νεῖσθαι
2526 3135 2618 3185 καὶ
2652 3134 2921 3202 μισεῖσοαι
2954 3133 3042 3185 διὰ
3082 3133 3171 3185 τὸν
3216 3134 3376 3201 ὄγκον
3414 3133 3577 3187 αὑτοῦ
3616 3137 3698 3189 καὶ
3736 3136 3818 3203 τὴν

2291 3226 2664 3295 ὑπερηφανίαν
2706 3226 2802 3293 τῆς
2828 3226 3051 3295 καρδίας
3074 3243 3087 3256 ·
3116 3224 3237 3278 οὔτε
3266 3228 3362 3296 τὴν
3395 3230 3453 3279 ἐν
3498 3230 3613 3291 ταῖς
3649 3228 3819 3297 ἐκκλη-

2292 3318 2593 3378 σιαστικαῖς
2646 3314 2877 3377 συνόδοις
2922 3316 3198 3385 τερατείαν
3248 3316 3313 3386 ἢν
3356 3320 3650 3387 μηχανᾶται
3690 3317 3819 3382 δοξο-

2291 3405 2473 3458 κοπῶν
2520 3407 2609 3457 καί
2652 3406 3124 3475 φαντασιοκοπῶν,
3172 3408 3264 3460 καὶ
3305 3408 3403 3471 τὰς
3444 3410 3554 3463 τῶν
3596 3413 3819 3480 άκεραιο-

2288 3497 2459 3567 τέρων
2507 3496 2679 3566 ψυχὰς
2723 3500 2833 3561 τοῖς
2875 3498 3132 3561 τοιούτοις
3170 3498 3503 3571 ἐκπλήττων,
3554 3501 3693 3571 βῆμα
3734 3499 3817 3571 μὲν

2288 3589 2381 3640 καὶ
2430 3588 2613 3658 θρόνον
2661 3588 2860 3659 ὑψηλὸν
2898 3590 3008 3661 (51)
3060 3590 3232 3661 ἐαυτῷ
3277 3592 3813 3661 κατασκευασάμενος,

2355 3720 2363 3729 κ

2362 3769 2471 3838 (26)
2500 3769 2706 3844 Μάτην
2738 3771 3163 3844 καρπούμενος.
3200 3771 3307 3844 Vox
3350 3774 3528 3844 μάτην
3556 3772 3813 3844 referenda

2288 3850 2368 3890 est
2404 3856 2507 3891 non
2544 3842 2606 3890 ad
2641 3841 2859 3891 Paulum
2916 3842 3085 3905 ipsum
3133 3843 3221 3906 qui
3266 3841 3365 3894 hac
3404 3841 3523 3895 ιιι-(θ
3555 3842 3810 3906 peCuniam

2287 3911 2631 3965 corradehat.
2672 3913 2764 3962 sed
2819 3911 2883 3960 ad
2920 3910 3188 3977 litigantes
3214 3912 3317 3977 Aqui
3367 3911 3645 3977 pecuniam
3677 3925 3811 3961 suam

2194 4008 2221 4035 .
2284 3992 2442 4043 quam
2501 3979 2667 4030 Paulo
2717 3975 3086 4035 dederant,‘ut
3136 3975 3445 4038 suffragium
3500 3993 3651 4029 suutn
3700 3978 3815 4041 ipsis

2285 4050 2673 4103 commodaret.
2707 4046 3001 4111 perdebant
3034 4048 3235 4111 absque
3258 4047 3362 4096 ullo
3393 4046 3591 4097 fructu.

2354 4115 2463 4185 (27)
2497 4113 2796 4182 Πορισμὸν
2823 4114 3150 4185 ήγούμειςος
3182 4114 3294 4179 τὴν
3324 4116 3678 4185 θεοσέϐειαν.
3707 4113 3816 4167 llam

2284 4182 2755 4304 verbaédesumpta
2785 4194 2912 4235 sunt
2950 4199 3012 4234 ex
3051 4182 3293 4246 Epistula
3318 4201 3331 4237 ι
3360 4187 3429 4236 ad
3479 4183 3810 4237 Timotheum.

2284 4268 2401 4304 can.
2475 4291 2488 4304 .

2281 4268 2401 4305 C80.
2436 4268 2488 4304 υ.

2348 4269 2648 4391 ῗ28ιςοοῦτε
2708 4321 2787 4385 ὡς
2802 4321 3042 4391 ᾼύψηλὰ
3082 4323 3302 4390 φρονεῖ.
3346 4323 3401 4375 In
3476 4322 3814 4391 vetustissim.

2284 4389 2452 4462 codd.
2476 4390 2764 4462 Mazarino,
2799 4389 2931 4443 Fttk.
2959 4402 3012 4442 et
3042 4391 3292 4446 Medicam
3330 4392 3523 4462 legitur
3546 4392 3639 4443 καὶ
3662 4390 3817 4453 οὕτως

2277 4459 2649 4529 ὑψηλοφρονεῖ.
2676 4460 2778 4513 Sed
2808 4463 3005 4514 rectior
3025 4474 3105 4514 est
3128 4463 3335 4531 vulgata
3359 4459 3646 4527 scriptura,
3670 4478 3815 4529 quam

2275 4530 2712 4601 ltegiusucoder
2742 4539 2791 4583 et
2848 4532 3143 4601 Syncellus,
3172 4530 3235 4586 et
3275 4530 3619 4601 Nicephorus
3641 4530 3819 4583 contir-

2275 4610 2443 4653 maut.
2473 4598 2599 4654 llmc
2631 4599 2771 4653 enim
2802 4598 2958 4655 verba
2985 4604 3216 4668 pendent
3243 4616 3308 4653 ex
3335 4600 3718 4666 superioribus.

2345 4668 2454 4739 (29)
2486 4668 2898 4737 Δουκηνάριος.
2934 4672 3003 4721 De
3035 4671 3489 4739 procuratoribus,
3528 4670 3817 4739 ducenariis

2275 4738 2397 4791 vide
2422 4737 2540 4806 Qua:
2585 4742 2800 4807 scripsit
2831 4740 3125 4793 Salmasius
3155 4740 3208 4789 in
3251 4738 3389 4792 notis
3428 4738 3494 4789 ad
3532 4737 3816 4793 Historiam

2274 4810 2582 4876 Augustam.
2621 4812 2711 4863 Sic
2737 4811 3049 4862 dicebantur
3066 4816 3460 4873 procuratores,
3489 4809 3580 4873 qui
3599 4810 3817 4863 ducenta

2274 4879 2523 4931 sestertia
2553 4882 2717 4931 annui
2748 4878 2929 4929 salarii
2962 4877 3174 4947 nomine
3201 4878 3549 4947 accipiebant
3573 4894 3598 4947 a
3627 4879 3818 4947 princio

2272 4960 2361 5015 pe,
2394 4957 2449 4998 ut
2474 4948 2619 5001 clare
2661 4950 2817 5001 docet
2854 4944 3033 5015 l)io__iu
3058 4944 3150 5015 lib.
3185 4960 3302 5006 LIII,
3340 4962 3459 5015 pag.
3495 4945 3617 4999 506.

2347 5014 2455 5084 (50)
2502 5016 2901 5084 Ὑπαγορεύων
2932 5012 3067 5078 ἅμα.
3110 5012 3233 5065 Post
3266 5012 3433 5068 ltaue'
3456 5031 3644 5069 vocem
3686 5030 3817 5082 pun-

2276 5092 2419 5135 ctum
2464 5086 2514 5135 in
2542 5102 2752 5139 summo
2786 5094 3022 5151 notatur,
3051 5092 3157 5134 tum
3199 5085 3249 5136 in
3278 5086 3464 5139 codice
3497 5085 3681 5151 Regio,
3708 5095 3817 5136 tum

2275 5154 2411 5223 apud
2445 5152 2801 5223 Nicephorum
2833 5161 2887 5223 et
2916 5150 3239 5223 Syncellutn.
3273 5153 3377 5207 Sed
3406 5170 3529 5208 eum
3557 5150 3607 5205 in
3641 5159 3821 5205 codice

2275 5219 2524 5275 Medicam
2569 5219 2623 5276 et
2677 5221 2945 5276 Mazarino
2980 5222 3119 5272 nulla
3155 5222 3239 5275 hic
3270 5233 3481 5276 notetur
3529 5225 3818 5283 distinctio,

2276 5290 2463 5363 malim,
2502 5294 2677 5361 legere
2707 5305 2811 5363 uno
2860 5292 3021 5363 ductu
3054 5291 3399 5363 ὑπαγορεύων
3436 5293 3550 5363 ἅμα
3593 5291 3819 5363 βαδίζων

2276 5358 2523 5431 δημοσίᾳ,
2555 5356 2676 5415 νοις.
2715 5361 2873 5411 Certe
2907 5356 3133 5431 Ruﬁnus
3174 5356 3317 5415 latine
3349 5356 3525 5415 locum
3576 5356 3645 5414 ita
3696 5362 3820 5427 legit

2275 5439 2435 5494 atque
2468 5429 2747 5490 intellexit,
2773 5438 2829 5477 ut
2860 5442 2923 5479 ex
2952 5429 3066 5497 ejus
3110 5433 3357 5485 versione
3403 5441 3650 5497 apparet.
3682 5432 3818 5486 Nam

2274 5506 2323 5548 et
2360 5500 2601 5551 incedens
2625 5514 2715 5564 per
2738 5496 2959 5569 plateas,
2984 5496 3093 5551 tali
3122 5505 3349 5569 quadam
3387 5496 3667 5552 ambitione
3710 5508 3822 5569 ute—

2277 5570 2444 5626 batur,
2491 5569 2692 5636 publice
2727 5566 2969 5638 ‘epistalas
3018 5566 3276 5638 relegens,
3316 5580 3466 5636 atque
3522 5570 3579 5621 in
3636 5567 3818 5618 audita

2275 5635 2505 5687 omnium
2534 5646 2577 5687 et
2619 5635 2781 5687 oculis
2809 5637 3032 5690 dictum.

2347 5704 2455 5773 (3l)
2482 5703 2649 5772 Βῆμα
2682 5703 2797 5773 μὲν
2843 5705 2939 5757 καὶ
2969 5707 3180 5773 θρόνον
3210 5708 3475 5774 ὑψηλόν.
3510 5704 3823 5791 Repreheo'
