3938 6344
119 305 205 363 us
854 348 858 373 ς
1040 299 1386 356 ιιιετοιιυε
1426 278 1975 352 ECCLesusrtcA;
2016 294 2140 348 ua.
2182 293 2292 348 \‘ll.

3162 293 3274 360 tu

118 423 197 489 οὐχ
227 418 295 480 ὡς
320 419 551 489 Χριστοῦ
584 417 851 488 μαθητὴς,
884 416 1147 486 σὴκρητόν
1182 432 1239 468 τε
1274 416 1382 485 ('52)
1405 455 1420 476 ,
1443 414 1626 485 ὥσπερ

1733 414 1910 467 studio
1960 422 2321 473 consectatur,
2369 411 2496 463 nihil
2543 410 2684 463 aliud
2718 424 2878 477 quam
2908 410 3114 462 inanem
3148 416 3259 479 glo-

119 514 157 563 οξ
198 510 280 563 τοῦ
328 510 529 579 κόσμου
570 510 821 579 ἄρχοντες
845 548 860 571 ,
912 508 1047 577 ἔχων
1089 524 1148 559 τε
1196 508 1285 559 καί
1335 503 1625 575 ὀνομάζων,

124 598 267 651 παίων
295 598 351 650 δὲ
392 600 458 668 τῇ
500 599 640 669 χειρὶ
684 598 772 651 τὸν
803 592 1003 670 μηρὸν,
1048 600 1141 651 καὶ
1179 598 1241 649 τὸ
1278 596 1423 666 βῆμα
1466 596 1630 666 epse-

120 706 206 741 των
256 690 363 750 τοῖς
424 688 589 749 ποσὶ,
652 688 755 761 καὶ.
800 691 911 749 τοῖς
972 686 1045 759 μὴ
1111 686 1423 751 ἐπαινοῦσι,
1498 686 1627 756 μηδὲ

123 780 279 848 ὥσπερ
304 781 359 831 ἐν
380 780 491 841 τοῖς
518 778 1113 858 θεάτροιςεκατασείουσι
1134 781 1250 839 ταῖς
1268 777 1474 838 ὀθόναις
1496 777 1629 846 (55),

126 869 223 939 μηδ’
248 846 470 920 ἐκόοῶσί
492 882 549 917 τε
589 846 685 917 καί
709 846 1014 933 ἀναπηδῶσι
1058 864 1195 917 κατὰ
1227 866 1295 917 τὰ
1338 863 1475 916 αὐτὰ
1521 866 1629 925 τοῖς

123 960 231 1029 ἀμφ’
285 956 441 1010 αὐτὸν
488 954 804 1017 στασιώταις
846 956 1064 1025 ἀνδράσι
1111 972 1169 1007 τε
1227 956 1321 1008 καὶ
1371 956 1627 1023 γυναίοις,

123 1047 343 1116 ἀκόσμως
371 1043 541 1107 οὕτως
571 1044 952 1115 ἀκροωμένοις,
979 1046 1089 1105 τοῖς
1117 1044 1159 1095 δ’
1188 1040 1278 1096 οὖν
1309 1045 1383 1106 ὡς
1408 1047 1464 1096 ἐν
1498 1044 1629 1113 οῐκῳ

124 1135 234 1189 Θεοῦ
268 1134 648 1205 σεμνοπρεπιῖκ
681 1134 773 1187 καὶ
812 1134 1080 1195 εὐτάκτως
1107 1134 1410 1197 ἀκούουσιν,
1455 1136 1627 1186 ἐπιτι-

128 1224 220 1293 μῶν
248 1226 334 1277 καὶ
371 1223 681 1293 ἐνυϐρίζων,
713 1226 803 1277 καὶ
834 1226 913 1287 εἰς
940 1228 1064 1288 τοὺς
1094 1224 1420 1286 ἀπελθόντας
1445 1227 1508 1276 ἐκ
1534 1224 1654 1276 τοῦ·

127 1311 220 1380 βίου
246 1309 423 1362 τούτου
463 1312 726 1381 παροινῶν
753 1310 1019 1381 ἐξηγητὰς
1046 1314 1137 1365 τοῦ
1169 1313 1321 1380 λόγου
1363 1312 1627 1382 φορτικῶς

127 1404 173 1456 ἐν
194 1402 261 1471 τῷ
288 1399 467 1469 κοινῷ,
509 1402 603 1452 καὶ
630 1401 1111 1473 μεγαλορῤημονῶν
1138 1406 1263 1473 περὶ
1289 1402 1499 1462 ἐαυτοῦ,
1530 1418 1627 1454 κα-

126 1490 273 1559 θάπερ
320 1490 417 1541 οὐκ
467 1489 777 1557 ἐπίσκοπος,
835 1493 967 1545 ἀλλὰ
1021 1494 1276 1562 σοφιστὴς
1319 1491 1411 1544 καὶ
1464 1490 1620 1557 γόης·

125 1580 337 1648 ψαλμοὺς
373 1581 429 1633 δὲ
456 1581 582 1644 τοὺς
628 1583 724 1651 μὲν
759 1586 836 1646 είς
877 1584 966 1635 τὸν
996 1583 1193 1653 Κύριον
1232 1581 1384 1651 ήμῶν
1424 1579 1625 1649 Ἰησοῦν

126 1670 324 1739 Χριστὸν
367 1670 611 1735 παύσας,
650 1672 725 1735 ὼς
761 1673 825 1744 δὴ
872 1674 1161 1743 νεωτέρους
1216 1672 1307 1723 καὶ
1351 1671 1625 1740 νεωτέρων

1729 504 1861 555 riam
1886 510 2126 567 captans,
2153 508 2205 553 et
2223 514 2465 567 pompam
2486 496 2755 559 all‘ectans,
2786 506 2945 565 atque
2964 498 3259 563 hujusmodi

1728 593 1932 644 artibus
1962 590 2168 643 animos
2199 590 2566 657 imperitorum
2615 588 3078 655 perterrefaciens.
3130 590 3260 642 Nam

1727 689 1781 732 et
1808 681 2039 733 tribunal
2064 688 2117 731 et
2142 679 2422 732 sublimem
2443 678 2713 739 thronum,
2747 691 2849 729 non
2878 688 2935 730 ut
2957 678 3152 731 Christi
3183 681 3265 732 dic-

1729 770 1962 837 scipulus
1985 770 2083 823 sibi
2118 770 2227 835 ipse
2245 768 2561 834 construxit,
2580 776 2633 821 et
2657 777 2940 831 secretum,
2963 769 3177 835 perinde
3202 784 3265 822 se

1729 860 2010 912 saeuiares
2031 860 2396 926 magistratus,
2414 859 2485 912 ita
2499 859 2820 926 appellatum
2838 860 3040 911 habuit.
3056 859 3131 912 Ad
3152 861 3261 911 lucc

1731 949 1901 1001 l'emur
1929 962 2086 999 manu
2134 957 2412 1015 percutere
2444 958 2495 1001 et
2520 948 2751 1001 tribunal
2806 950 3023 1017 pedibus
3055 948 3263 1017 pulsare

1727 1038 1884 1107 281
1915 1038 2121 1089 solitus.
2157 1038 2257 1091 Eos
2276 1052 2405 1091 vero
2430 1038 2520 1106 qui
2552 1053 2654 1090 non
2683 1028 3101 1102 l:unlat-ent,'nec
3129 1040 3261 1091 utin

1729 1126 1953 1179 theatris
1998 1124 2115 1178 ﬁeri
2161 1126 2297 1181 solet
2330 1122 2504 1180 oraria
2542 1136 2909 1189 concuterent,
2952 1143 3117 1195 neque
3161 1143 3260 1179 uua

1726 1233 1848 1269 cum
1871 1215 2172 1271 fautoribus
2196 1218 2385 1285 ipsius,
2415 1218 2544 1271 viris
2572 1233 2636 1272 ac
2661 1218 2990 1271 mulierculis
3023 1219 3265 1271 indecore

1726 1309 2150 1362 auscultantibus
2200 1309 2569 1363 exclamarent
2608 1318 2771 1377 atque
2830 1308 3118 1368 exsilirent,
3173 1308 3264 1362 sed

1725 1416 1845 1453 cum
1871 1402 2133 1467 gravitate
2166 1415 2230 1454 ac
2265 1401 2525 1454 modestia
2549 1400 2687 1453 sicut
2719 1401 2771 1453 in
2801 1402 2957 1453 domo
2996 1401 3083 1457 Dei
3113 1400 3267 1457 decet

1724 1490 1993 1556 audirent,
2040 1492 2351 1559 increpabat
2392 1498 2446 1543 et
2490 1491 2828 1543 contumeliis
2874 1490 3151 1547 alliciebat.
3205 1495 3268 1546 Et

1726 1578 1859 1633 alios
1887 1581 2099 1647 quidem
2136 1582 2270 1648 legis
2297 1592 2491 1634 nostrae
2515 1582 2759 1634 doctores
2780 1581 2887 1649 iam
2925 1586 3029 1637 vita
3057 1587 3268 1637 functos

1724 1670 2031 1736 petulanter
2064 1671 2116 1722 in
2146 1672 2406 1725 concione
2430 1671 2703 1726 lacerabat
2729 1692 2741 1726 :
2777 1673 2841 1726 de
2872 1688 2929 1727 se
2950 1683 3123 1725 autem
3158 1675 3268 1741 ipse

119 1758 300 1827 ἀνδρῶν
348 1746 765 1831 συγγράμματα,
815 1742 898 1823 είς
948 1742 1133 1813 ἑαυτὸν
1176 1759 1232 1812 δὲ
1279 1762 1336 1810 ἐν
1382 1758 1516 1828 μέσῃ
1557 1763 1621 1828 τῇ

1731 1758 2011 1827 magniﬁce
2035 1760 2375 1828 loquebatur,
2412 1775 2513 1813 nou
2554 1772 2934 1831 uteptscopus,
2964 1766 3056 1817 sed
3098 1774 3156 1816 ut
3184 1776 3269 1818 so-

136 1848 412 1919 Ἐκκλησία,
444 1854 508 1920 τῇ
554 1850 755 1921 μεγάλῃ
776 1851 867 1902 τοῦ
896 1852 1083 1918 Πάσχα
1124 1848 1300 1917 ἡμέρα
1328 1848 1631 1919 ψαλμῳδείν

125 1939 352 2002 γυναῖκας
381 1940 821 2008 παρασκευάζων,
852 1931 925 1987 ὧν
950 1938 1041 1990 καὶ
1072 1936 1303 1999 ἀκούσας
1324 1936 1387 1989 ἄν
1413 1954 1495 1999 τις
1520 1936 1634 2010 φρί-

125 2024 268 2091 ξειεν·
308 2026 394 2081 οἵα
439 2030 532 2080 καὶ
563 2030 687 2089 τοὺς
727 2027 1063 2089 θωπεύοντας
1113 2027 1269 2079 αὐτὸν
1308 2028 1633 2091 ἐπισκόπους

124 2117 213 2169 τῶν
237 2117 437 2189 ὁμόρων
470 2118 651 2189 ἀγρῶν
679 2119 788 2185 (54)
815 2135 871 2169 τε
910 2118 1002 2171 καὶ
1040 2116 1261 2181 πόλεων,
1292 2119 1382 2171 καὶ
1403 2118 1633 2187 πρεσϐυσ

125 2207 283 2277 τέρους
307 2210 360 2260 ἐν
386 2212 505 2270 ταῖς
533 2208 666 2277 πρὸς
697 2208 785 2259 τὸν
812 2208 936 2259 λαὸν
966 2207 1200 2276 ὁμιλίαις
1220 2208 1437 2277 καθίησι
1459 2208 1633 2261 διαλέ-

132 2298 312 2363 γεσθαι.
339 2297 440 2350 Τὸν
472 2298 567 2365 μὲν
586 2298 691 2367 γὰρ
715 2298 838 2349 Υἰὸν
865 2298 957 2349 τοῦ
986 2299 1118 2352 Θεοῦ
1151 2303 1210 2352 οὐ
1236 2300 1477 2369 βούλεται
1512 2316 1633 2350 συν-

123 2387 368 2453 ομολογεῖν
406 2385 464 2451 ἐξ
510 2386 735 2456 οὐρανοῦ
764 2388 1192 2457 κατεληλυθέναι,
1235 2390 1317 2440 ἵνα
1344 2406 1395 2440 τι
1438 2387 1634 2458 προλα-

125 2476 279 2539 ϐόντες
301 2477 405 2531 τῶν
428 2476 724 2545 μελλόντων
747 2478 1118 2549 γραφήσεσθαι
1142 2478 1338 2548 θῶμεν·
1362 2478 1454 2530 καὶ
1480 2478 1634 2530 τοῦτο

68 2612 72 2615 .
124 2567 173 2617 οὐ
208 2566 333 2636 λόγῳ
383 2566 523 2636 ψιλῷ
575 2567 883 2637 ῥηθήσεται,
939 2569 1050 2621 ἀλλ’
1087 2568 1145 2631 ἐξ
1189 2560 1273 2621 ὧνὶ
1315 2568 1633 2638 ἐπέμψαμεν

125 2657 490 2727 ὑπομνημάτων
520 2658 630 2727 (55)
655 2659 921 2711 δείκνυται
955 2658 1297 2726 πολλαχόθεν,
1320 2660 1417 2726 οὐχ
1438 2659 1632 2725 ἥκιστα

124 2746 175 2817 δὴ
209 2748 327 2800 ὅπου
372 2748 515 2816 λέγει
560 2738 763 2817 Ἰησοῦν
794 2749 1025 2819 Χριστὸν
1065 2748 1323 2801 κάτωθεν.
1365 2749 1428 2798 Οἱ
1466 2746 1631 2808 δὲείς

123 2839 259 2891 αὑτὸν
278 2839 561 2906 ψάλλοντες
601 2842 693 2892 καὶ
724 2839 1152 2909 ἐγκωμιάζοντες
1178 2841 1233 2890 ὲν
1255 2838 1331 2909 τῷ
1360 2837 1491 2906 λαῷ,
1536 2838 1631 2902 ἆγ-

100 2923 254 2993 ,γελον
276 2925 360 2977 τόν
384 2927 555 2995 άσεῦἦ
577 2927 887 2979 διδάσκαλον
917 2928 1117 2979 ἑαυτῶν
1140 2926 1199 2990 ἐξ
1223 2926 1446 2996 οὐρανοῦ
1471 2942 1628 2977 κατε-

124 3011 369 3082 ληλυθέναι
398 3017 632 3084 λέγουσι.
666 3019 771 3069 Καὶ
824 3018 995 3070 ταῦτα
1021 3021 1081 3070 οὐ
1110 3018 1323 3078 κωλύει,
1364 3017 1496 3068 ἀλλὰ
1538 3018 1630 3069 καὶ

123 3101 395 3173 λεγομένοις
429 3108 687 3177 πάρεστιν
714 3111 741 3159 ὁ
769 3110 1126 3179 ὑπερήφανος.
1165 3110 1273 3172 Τὰς
1308 3111 1361 3162 δὲ
1392 3109 1633 3161 συνεισά-

124 3208 258 3255 κτους
300 3196 404 3266 (56)
447 3198 609 3250 αὑτοῦ
648 3204 927 3265 γυναῖκας,
980 3202 1053 3261 ὡς
1110 3202 1393 3269 Ἀντιοχεῖς
1438 3200 1633 3269 ὀνομά-

124 3365 229 3446 dunt
272 3368 448 3446 Patres
490 3374 803 3446 Antioclieni
836 3375 1045 3446 concilii
1079 3376 1127 3427 in
1169 3373 1619 3446 Paulo‘rpisropo

122 3436 408 3513 antiocltite,
444 3454 555 3513 non_
585 3444 723 3505 quod
748 3445 995 3495 thronum
1031 3443 1299 3513 habuerit.
1343 3436 1450 3496 lloc
1475 3436 1614 3496 enim

123 3508 310 3575 insigne
331 3516 446 3558 erat
475 3508 865 3575 episcoporum,
893 3523 949 3561 ttt
998 3512 1046 3561 in
1082 3512 1275 3562 throno
1317 3526 1410 3562 seu
1442 3513 1622 3565 cathe—

122 3574 484 3645 urs_sederent.
516 3576 614 3639 Qui
640 3577 876 3641 mosjam
906 3580 1025 3630 inde
1057 3579 1122 3630 ab
1152 3580 1456 3645 apostolicis
1485 3590 1623 3631 tern-

181 3641 316 3694 ribus
346 3644 643 3697 invaluerat
673 3648 725 3697 in
755 3645 1009 3699 Ecclesia.
1041 3641 1197 3698 Certe
1229 3645 1409 3700 Jacobi
1442 3648 1621 3701 lratris

123 3710 307 3764 Domini
346 3712 613 3784 thronum,
661 3714 1041 3784 llierOsonmis
1093 3714 1264 3767 adhuc
1319 3731 1411 3767 sua
1464 3726 1622 3769 :etate

120 3790 362 3833 servatqu
398 3781 562 3837 fuisse
590 3792 816 3838 testatur
839 3781 1097 3835 Eusebius
1129 3784 1177 3833 in
1209 3785 1383 3848 capite
1416 3783 1498 3842 18,
1527 3800 1619 3835 su-

122 3849 299 3925 pra._ld
320 3852 489 3925 igitur
516 3855 568 3905 itt
609 3854 771 3925 Paulo
803 3860 1061 3925 damnant
1102 3852 1395 3925 memorati
1412 3851 1618 3925 Patres,

124 3918 241 3993 quod
269 3918 489 3993 tribunal
540 3924 644 3977 sibi
684 3918 884 3977 exstrui
931 3932 1169 3993 curasset
1199 3920 1541 3993 inkecclesia,
1570 3931 1622 3971 et

124 3989 169 4057 in
186 4001 241 4038 eo
264 3990 502 4044 thronum
526 3993 803 4046 sublimem
826 3995 925 4047 sibi
946 3991 1233 4046 statuisset.
1263 3990 1426 4043 Recte
1449 3989 1624 4057 itaque

126 4052 319 4110 ttutiuus
350 4062 489 4114 hunc
521 4060 695 4114 locum
729 4064 797 4113 ita
821 4063 1013 4115 vertit:
1040 4061 1104 4113 In
1127 4061 1341 4112 ecclesia
1368 4076 1480 4110 vero
1520 4052 1619 4111 tri-

121 4122 257 4174 ὸιιιιηι
288 4129 384 4181 sibi
413 4130 573 4182 multo
602 4132 761 4183 altius
788 4147 944 4198 quam
971 4131 1137 4197 fuerat
1162 4131 1375 4191 exstrui,
1403 4139 1451 4180 et
1481 4131 1621 4181 thro-

123 4204 226 4267 διατι
264 4200 327 4267 ιιι
360 4198 722 4252 excelsioribus
750 4202 994 4252 collocari
1017 4198 1183 4266 jubet.
1237 4199 1476 4265 Episcopi
1505 4200 1621 4267 qui-

122 4257 223 4336 dettl
247 4266 497 4336 sedebant
527 4266 578 4319 in
607 4268 861 4321 cathedra
894 4257 1047 4336 paulo
1078 4257 1463 4335 altiore-quain
1506 4257 1624 4321 r'eli-

1728 1848 1903 1913 phista
1939 1850 2154 1916 quidam
2192 1858 2247 1903 et
2287 1852 2566 1919 impostor.
2598 1854 2734 1919 Quin
2764 1855 2923 1909 etiam
2961 1855 3190 1924 psalmos
3218 1858 3267 1910 in

1730 1937 1990 1992 honorem
2044 1940 2252 1993 Domini
2306 1940 2432 1995 Jesu
2463 1945 2661 1998 Christi
2708 1946 2828 1999 cani
2878 1946 3080 2009 solitos,
3120 1949 3267 2013 quasi

1729 2026 1969 2081 novellos
1996 2037 2052 2080 et
2094 2043 2125 2080 a
2178 2032 2569 2085 recentioriths
2614 2031 2918 2085 hominibus
2947 2034 3272 2100 compositos

1730 2116 1983 2169 abolevit.
2012 2116 2262 2171 Mulieres
2286 2129 2465 2173 autem
2502 2136 2694 2188 magno
2729 2121 2949 2177 Pascha:
2969 2124 3054 2177 die
3085 2127 3135 2177 in
3164 2140 3274 2177 me-

1731 2209 1814 2260 dia
1837 2208 2067 2263 ecclesia
2102 2208 2341 2275 psalmos
2373 2213 2629 2278 quosdam
2658 2226 2855 2265 canere
2888 2214 2955 2266 ad
2992 2215 3075 2267 sui
3108 2215 3274 2281 ipsius

1730 2296 1935 2349 laudem
1978 2297 2237 2362 instituit;
2284 2301 2424 2367 quod
2453 2300 2664 2367 quidem
2698 2302 3037 2355 audientibus
3085 2305 3275 2359 horro-

1730 2402 1843 2439 rem
1866 2388 2054 2442 merito
2079 2388 2382 2443 incusserit.
2418 2390 2705 2458 Episcopos
2734 2405 2946 2457 quoque
2973 2391 3273 2444 vicinorum

1732 2492 1987 2546 pagorum
2015 2487 2069 2533 et
2108 2480 2424 2541 civitatum,
2464 2495 2563 2534 nec
2599 2496 2701 2533 non
2735 2489 2787 2534 et
2822 2482 3160 2550 presbyteros
3187 2499 3275 2537 as-

1733 2576 2028 2621 sentatores
2079 2584 2206 2623 suos
2252 2560 2523 2645 submisii,
2553 2570 2642 2637 qui
2680 2570 2730 2621 in
2773 2570 2886 2623 suis
2930 2570 2995 2623 ad
3026 2571 3273 2637 populum

1731 2658 2080 2712 concionibus
2102 2660 2286 2711 eadem
2313 2658 2379 2711 de
2405 2659 2518 2726 ipso
2546 2659 2919 2727 praedicarent.
2944 2659 3150 2712 Etenim
3183 2660 3273 2713 Fi-

1736 2745 1862 2798 lium
1894 2748 1986 2801 Dei
2020 2763 2051 2801 e
2074 2750 2212 2802 ctelo
2246 2750 2587 2803 descendisse
2616 2750 2894 2804 nobiscum
2925 2741 3164 2804 conﬁteri
3190 2738 3274 2804 re-

1731 2837 1867 2898 nuit,
1894 2848 1953 2889 ut
1983 2838 2180 2906 aliquid
2208 2837 2382 2891 obiter
2407 2840 2797 2905 pramtittamus
2821 2855 2884 2893 ex
2912 2841 2976 2895 iis
2999 2857 3114 2909 qua:
3137 2842 3274 2896 infra

1730 2926 1949 2979 uberius
1981 2940 2337 2993 exponentur.
2387 2926 2570 2994 Neque
2619 2929 2668 2979 id
2712 2929 2939 2995 simplici
2984 2933 3277 2985 assertione

1733 3024 1937 3081 nostra,
1975 3017 2066 3068 sed
2100 3031 2167 3069 ex
2198 3016 2325 3083 ipsis
2353 3031 2469 3083 qua:
2501 3016 2568 3069 ad
2596 3031 2687 3070 vos
2711 3017 2953 3071 misimus
2974 3022 3134 3085 gestis
3168 3037 3271 3073 non

1734 3105 1901 3158 semel
1948 3105 2269 3167 declaratur,
2323 3105 2555 3157 maxime
2604 3119 2731 3157 vero
2789 3106 2876 3158 ubi
2930 3107 3058 3159 dicit
3094 3107 3273 3162 Jesum

1736 3197 2003 3252 Christum
2033 3213 2061 3252 c
2091 3208 2231 3251 terra
2266 3206 2443 3249 ortum
2492 3195 2675 3250 fuisse.
2709 3198 2776 3248 At
2819 3211 2946 3249 vero
2976 3198 3050 3249 illi
3101 3204 3188 3265 qui
3220 3201 3269 3251 in

1726 3390 1872 3428 mum
1913 3374 2150 3427 omnium
2209 3364 2383 3425 ont'ria
2435 3372 2640 3426 dedisse
2691 3371 2883 3440 populo
2928 3372 3161 3424 Romano
3206 3372 3271 3424 ad

1724 3443 1983 3497 favorem.
2008 3443 2326 3496 Aurelianus
2356 3442 2513 3508 igitur
2548 3442 2597 3493 id
2623 3450 2899 3506 acceperit
2923 3442 2989 3494 ab
3019 3444 3262 3494 Orienta~

1730 3512 1888 3571 libus,
1938 3513 2027 3579 qui
2078 3512 2232 3581 longe
2284 3512 2628 3581 anteripsum
2677 3511 2965 3581 orariisad
3004 3526 3117 3562 eam
3162 3526 3270 3562 rem

1729 3582 2045 3641 utebantur,
2093 3591 2145 3632 ιιι
2174 3578 2353 3631 Vdecet
2394 3580 2478 3631 hic
2528 3582 2693 3639 locus,
2725 3587 2772 3629 et
2822 3578 3174 3632 Philostratus
3220 3581 3270 3631 in

1727 3664 1846 3714 cap.
1880 3651 1935 3710 5,
1964 3650 2058 3700 lib.
2093 3664 2107 3699 ι
2140 3648 2213 3700 De
2240 3650 2344 3699 vita
2397 3648 2677 3711 Apollonii,
2704 3650 2923 3714 loqttens
2947 3649 3011 3701 de
3045 3649 3275 3701 Tarsen-

1726 3716 1896 3773 sibus,
1926 3728 1977 3769 ct.
2010 3718 2102 3769 Dio
2126 3717 2214 3767 lib.
2246 3730 2331 3767 ιιι
2365 3715 2415 3765 in
2454 3716 2576 3765 line.

1797 3784 1908 3851 (54)
1951 3779 2343 3845 Ἐπισκόπους
2372 3781 2487 3832 τῶν
2531 3781 2757 3851 ὁμόρων
2798 3782 3010 3848 ἀγρῶν.
3068 3784 3269 3836 Chore-

1727 3851 1972 3923 piscopos
2008 3852 2317 3923 intelligere
2375 3851 2602 3923 videtur.
2647 3850 2758 3923 lges
2806 3864 2947 3923 enim
2996 3852 3272 3923 diStingnit

1726 3920 1947 3984 epistola
1973 3919 2039 3969 ab
2072 3918 2343 3988 episcopis
2366 3919 2608 3988 urbium.
2645 3917 2753 3972 llos
2781 3920 2942 3988 igitur
2973 3924 3021 3972 in
3058 3917 3269 3977 concio-

1731 3988 1885 4039 nibus
1919 3989 1981 4037 ad
2020 3987 2295 4052 populum,
2333 3986 2529 4037 similia
2575 4008 2635 4041 ac
2677 3986 2924 4042 mulieres
2970 3992 3083 4043 illas
3127 3995 3269 4054 psal-

1729 4056 1859 4126 trias
1895 4056 1961 4108 de
1992 4054 2153 4107 Paulo
2178 4055 2653 4126 dixisse‘asserunt
2691 4058 2895 4120 Patres,
2932 4062 3071 4126 quod
3108 4061 3267 4113 Chri-

1724 4125 2115 4180 stonhorsonus
2138 4137 2242 4176 non
2268 4122 2551 4180 intellexit.
2763 4138 2767 4145 '

1794 4140 1809 4179 ι
1851 4140 2115 4177 norsonus
2138 4140 2242 4176 non
2269 4140 2551 4180 tntettexn.
2763 4140 2767 4145 '

1794 4140 1906 4265 (g5)
1946 4190 2417 4265 Ὑξτομνιηιάτων.
2466 4194 2615 4265 Quod
2639 4208 2803 4265 supra
2840 4196 3263 4258 observavimus.

1723 4263 1906 4317 errare
1936 4263 2093 4333 vulgo
2124 4265 2446 4331 interpretes
2478 4269 2529 4316 in
2563 4263 2901 4333 hujusﬂvocis
2953 4268 3265 4331 explicatio-

118 4329 196 4393 qui
238 4334 630 4404 presbyteri,_ut
658 4329 908 4391 dicemus
926 4338 990 4389 ad
1020 4336 1115 4389 lib.
1153 4352 1182 4388 x
1207 4375 1221 4393 .
1258 4329 1349 4390 sed
1395 4336 1621 4389 tribunal
1654 4330 1699 4385 D
1726 4350 1811 4404 ne,
1843 4335 1894 4387 id
1927 4329 2277 4404 perspicuuth
2304 4334 2495 4404 litltoc
2527 4329 2663 4385 loco.
2712 4331 2843 4383 Nam
2891 4345 2944 4387 et
2976 4329 3183 4401 Langus
3212 4348 3266 4387 et

119 4407 209 4474 -ιοη
240 4402 515 4455 habebant.
541 4402 725 4457 Postea
754 4418 878 4457 vero
914 4405 1248 4457 invaluerunt
1279 4406 1474 4459 absida:
1503 4422 1625 4474 gra-

123 4463 241 4541 ίιξιξ
261 4480 311 4521 et
338 4474 610 4533 exhedrae,
642 4478 706 4525 de
750 4474 940 4540 quibus
982 4474 1296 4527 Ambrosius
1336 4463 1625 4541 loquuntur

121 4536 534 4612 §l_Augustinus
581 4561 593 4594 :
640 4536 778 4609 quae
819 4543 1031 4609 quidem
1066 4556 1096 4592 a
1128 4544 1379 4595 tribunali
1408 4536 1624 4612 ‘paruni

120 4596 425 4662 diderebant.

153 4666 461 4747 ,(δελνυιε,
478 4678 785 4747 misz
797 4678 865 4731 δέ
886 4688 938 4731 et
966 4691 1086 4730 mox
1116 4678 1306 4729 παίων
1331 4695 1412 4731 τε.
1446 4679 1499 4731 ln
1534 4694 1626 4733 co-

119 4726 220 4816 ἀιςξο
258 4726 698 4816 inﬂicti???
714 4726 859 4801 Fuit:
889 4726 1498 4816 iégti‘ai‘atpaat".;;
1538 4726 1623 4801 ξέ-

122 4811 305 4886 citust“
318 4814 523 4886 Opinor.
542 4815 644 4870 Sed
667 4834 783 4870 mox
804 4811 1077 4886 legendum
1099 4811 1181 4867 est
1199 4811 1370 4886 παίων
1389 4816 1474 4886 Λδέ,
1497 4831 1622 4880 non,

122 4875 527 4948 μινυικοεάὶιιιιη
541 4896 641 4946 est,
657 4903 735 4937 τε.
755 4875 903 4939 Ηιιιῖο
931 4887 1099 4937 locum
1129 4897 1230 4934 non
1254 4875 1626 4938 intellexerunt

122 4948 409 5019 interpretes
438 4952 705 5007 Musculus
755 4967 808 5007 et
860 4951 1399 5019 Christophorsonus.
1433 4954 1623 5007 Secre—

123 5017 214 5091 lfm
242 5018 508 5091 proprium
558 5032 673 5091 erat
705 5017 1113 5091 magistratuum
1147 5030 1200 5072 et
1231 5022 1493 5091 majorum
1530 5022 1621 5089 jn-

122 5082 299 5160 dicutn;
333 5088 481 5139 locus
522 5089 727 5160 scilicet
774 5082 998 5145 interior
1047 5082 1331 5158 praetorii;
1366 5082 1623 5143 cancellis

121 5155 348 5228 munitus,
380 5169 445 5228 ac
473 5155 605 5228 velis
633 5159 883 5225 obpansis
934 5155 1189 5220 inclusus,
1224 5160 1276 5209 in
1315 5172 1421 5226 quo
1450 5162 1623 5228 magi-

120 5225 317 5294 stratus
342 5224 622 5286 sedebant,
668 5224 789 5278 dum
822 5244 1033 5283 reorum
1086 5241 1277 5281 causas
1328 5224 1624 5294 cognosce-

120 5290 389 5413 magna
414 5305 534 5361 qua:
560 5296 736 5347 notavi
770 5300 837 5350 ad
877 5296 1373 5352 Amm.‘Marcellini
1400 5290 1500 5349 lib.
1531 5312 1621 5361 xv,

175 5427 690 5503 ίὸὅμωτιισείουσι
716 5432 845 5503 ταῖς
868 5435 1119 5501 ὀθόναις.
1144 5434 1389 5489 Solebant
1419 5431 1545 5486 olim
1570 5434 1622 5487 in

122 5490 318 5554 theatris
334 5510 677 5571 spectatores
718 5502 769 5553 in
798 5490 1007 5571 signum
1048 5490 1247 5558 favoris
1278 5505 1454 5571 oraria
1488 5518 1622 5556 con-

119 5573 292 5637 tulere.
332 5569 465 5624 Vide
500 5584 617 5637 quae
646 5569 1219 5627 notaVit'Casaubonus
1245 5575 1308 5625 ad
1338 5569 1621 5637 Vopiscum

120 5586 292 5622 mere.
338 5586 465 5624 nne
538 5586 617 5622 uae
646 5586 846 5624 natam
872 5586 1219 5627 uasaunonus
1245 5586 1308 5625 au
1345 5586 1621 5637 vepiscum

120 5628 163 5685 in
195 5586 625 5694 Aureliano.qllbi
656 5638 916 5709 Vopiscus
958 5643 1088 5696 dicit
1136 5641 1477 5695 Aurelianum
1512 5643 1625 5707 pri-

359 5728 632 5792 PA’IIOL.
678 5729 793 5790 GR.
838 5732 980 5792 ΧΧ.

1725 4403 1995 4457 Musonius
2032 4414 2087 4456 et
2115 4402 2635 4468 Cltristopltorsonus
2678 4405 3072 4454 commentarios
3098 4407 3262 4457 inter-

1724 4474 1916 4539 pretati
1975 4482 2119 4537 sunt,
2171 4487 2293 4525 cum
2344 4483 2460 4522 acta
2488 4485 2582 4523 seu
2630 4481 2771 4536 gesta
2818 4484 3025 4524 vertere
3063 4474 3265 4524 debuis-

1724 4553 1861 4595 sent.
1928 4541 2059 4594 Acta
2114 4552 2289 4595 autein
2348 4540 2435 4591 illa
2489 4540 2677 4607 synodi
2742 4540 3085 4593 Antiocheuze
3132 4543 3257 4591 nihil

1723 4610 1864 4663 aliud
1890 4620 2047 4663 erant
2079 4625 2238 4677 quam
2293 4608 2592 4674 diSputatio
2642 4607 2955 4661 Malchionis
3004 4611 3261 4659 adversus

1724 4678 1943 4739 Paulum
1982 4676 2411 4739 Samosatenum,
2430 4690 2551 4743 qua:
2579 4690 2606 4725 a
2653 4680 2876 4731 notariis
2905 4688 3122 4743 excepta
3148 4676 3259 4727 fue-

1724 4758 1830 4809 rat,
1853 4757 1909 4800 ut
1936 4746 2253 4815 supradixit
2282 4745 2559 4815 Eusebius.
2592 4743 2666 4797 Ex
2693 4747 2757 4798 iis
2785 4748 2930 4799 Actis
2960 4744 3255 4815 testimonia

1723 4818 1960 4877 quaedam
1985 4810 2183 4882 profert
2210 4814 2467 4866 Leontius
2494 4814 2777 4881 Byzantius
2805 4817 2855 4866 in
2887 4814 2979 4869 lib.
3029 4827 3085 4863 Ill
3124 4810 3256 4861 Con-

1724 4893 1805 4935 tra
1847 4882 2171 4943 Nestorium,
2216 4896 2384 4947 eaque
2428 4882 2757 4950 distinguere
2785 4886 2990 4934 videtur
3021 4896 3048 4930 a
3082 4882 3255 4945 distiu-

1727 4953 1928 5006 tatione
1962 4952 2269 5003 Malchionis
2300 4960 2484 5003 contra
2518 4950 2766 5014 Paulum,
2811 4954 2898 5005 ubi
2946 4950 3102 5001 etiam
3159 4952 3253 4998 do-

1724 5030 1841 5074 ctus
1869 5023 2130 5085 interpres
2163 5022 2560 5072 commentarios
2594 5022 2775 5074 vertit.

1793 5089 1904 5159 ('56)
1935 5085 2389 5159 Συνεισάκτους.
2412 5092 2547 5159 Quid
2576 5100 2756 5144 essent
2792 5086 3119 5159 συνείσιικτοι
3142 5098 3255 5159 mu-

1724 5154 1902 5220 lieres,
1925 5158 2036 5224 jam
2061 5158 2265 5223 pridem
2295 5162 2497 5210 notavit
2524 5158 2756 5212 Joannes
2811 5156 3018 5221 Langus
3051 5154 3129 5202 vir
3156 5154 3255 5203 do-

1723 5229 1992 5281 ctissimus
2018 5227 2081 5275 ad
2122 5225 2318 5294 librum
2347 5241 2398 5279 Vl
2458 5227 2741 5294 Nicephori
2773 5226 3007 5294 capLelnl,
3033 5231 3086 5294 et
3115 5230 3255 5294 Apost

1725 5297 1869 5349 illum
1908 5295 2100 5345 Beatus
2131 5293 2425 5348 Rhenanus
2452 5298 2516 5348 ad
2542 5288 2737 5348 librum
2776 5306 2844 5341 vn
2875 5288 3068 5340 Ruﬁni.
3108 5288 3255 5353 Quo-

1724 5380 1841 5418 rum
1866 5362 2034 5415 doctis
2060 5364 2526 5417 observationibus
2554 5362 2685 5416 nihil
2710 5370 2791 5413 est
2816 5360 2955 5425 quod
2979 5357 3252 5409 addamus.

1724 5430 2037 5495 llujusmodi
2092 5430 2341 5483 mulieres
2366 5448 2394 5483 a
2429 5433 2638 5484 clericis
2672 5429 2828 5495 vulgo
2864 5439 3075 5495 sorores
3108 5440 3257 5477 voca-

1724 5493 1937 5555 bantur.
1972 5496 2030 5550 ld
2066 5514 2148 5549 me
2189 5500 2370 5552 docuit
2402 5516 2569 5552 canon
2594 5499 2627 5549 5
2677 5493 2885 5548 concilii
2916 5493 3131 5553 Nic-.eni,
3166 5497 3253 5561 qui

1724 5573 1776 5622 in
1817 5568 2176 5620 vetustissimo
2212 5570 2397 5622 codice
2441 5567 2749 5620 Corbeiensi
2782 5566 2918 5617 hanc
2976 5566 3133 5614 habet
3179 5581 3257 5613 ιιι-

1725 5638 2065 5705 scriptioncm
2099 5636 2218 5691 :De
2278 5634 2703 5701 subintroductis,
2754 5635 2805 5688 id
2858 5642 2955 5695 est,
3001 5632 3256 5699 adoptivis

2959 5721 3036 5787 23
