3938 6344
679 269 780 321 719

1374 260 1640 318 EUSEBII
1678 262 2150 319 CAESARIENSIS
2188 262 2336 317 OPP.
2377 263 2559 317 PARS
2595 265 2638 319 Ι.
2678 294 2746 304 --
2785 263 3177 319 HISTORICA.
3773 270 3843 324 πο

679 398 874 453 magna
906 397 1027 437 cum
1077 381 1235 437 laude
1266 383 1511 436 eamdem
1541 384 1678 437 rexit
1707 382 2023 448 Ecclesiam,
2065 385 2225 436 lilium

2336 381 2584 450 βασιλεὺς
2611 382 2909 452 ἐντευχθεὶς
2938 383 3286 454 Αὑρηλιανὸς,
3319 386 3615 454 αἰσιώτατα
3645 386 3761 458 περὶ
3787 393 3833 445 οὗ
3914 367 3915 436 ᾖ

679 477 978 540 Domuum;
1021 476 1197 528 virum
1229 475 1482 530 omnibus
1522 489 1643 543 qua:
1679 475 1988 541 episcopum
2036 476 2233 529 decent

677 569 891 622 dotibus
915 577 1257 622 exornatum.
1291 566 1443 632 Quod
1477 566 1695 635 quidem
1737 566 1938 619 idcirco
1969 566 2119 618 vobis
2154 567 2229 618 si-

674 657 1071 727 gniﬁcavimus,
1103 667 1163 711 ut
1193 666 1248 712 et
1279 658 1344 709 ad
1377 671 1499 710 eum
1525 657 1794 722 scribatis,
1817 667 1871 709 et
1899 655 1967 708 ab
1994 670 2056 709 eo
2083 670 2232 708 com-

675 747 1063 802 municatorias
1104 746 1316 800 litteras
1344 745 1646 815 accipiatis.
1681 743 1776 798 Hic
1809 760 1936 798 vero
1971 745 2036 797 ad
2062 746 2229 798 Arte-

672 852 816 891 mam
847 839 1068 903 scribat,
1117 838 1162 890 si
1213 837 1388 903 lubet;
1419 845 1472 890 et
1499 838 1588 905 qui
1626 837 1896 889 Artemam
1924 845 2224 898 sectantur,

671 944 797 982 cum
833 943 899 983 eo
938 929 1352 982 communicent.
1387 928 1449 979 Et
1486 929 1596 984 haec
1643 927 1855 994 quidem
1894 941 1922 978 a
1956 927 2110 980 nobis
2144 927 2229 980 hic

675 1020 850 1074 relata
879 1021 1008 1074 sint.
1033 1021 1198 1089 Igitur
1221 1035 1340 1072 cum
1371 1018 1565 1073 Paulus
1597 1036 1622 1071 ιι
1657 1029 1800 1072 recta
1833 1017 1936 1071 ﬁde
1979 1018 2136 1071 simul
2175 1030 2228 1072 et

672 1113 986 1181 episcopatu
1016 1112 1329 1174 excidisset,
1348 1112 1603 1174 Domnus,
1623 1111 1900 1164 utdictum
1929 1118 2028 1175 est,
2061 1110 2229 1164 admi-

671 1205 1051 1257 nistrationem
1103 1203 1486 1257 Antiochensis
1511 1204 1765 1259 Ecclesia:
1813 1205 2077 1272 suscepit.
2119 1204 2226 1259 Sed

670 1308 794 1347 cum
830 1293 1028 1348 Paulus
1057 1309 1088 1348 e
1121 1294 1280 1348 domo
1328 1294 1568 1349 ecclesia:
1609 1295 1914 1348 nullatenus
1967 1298 2228 1350 excedere

670 1385 869 1450 vellet,
891 1384 1259 1454 interpellatus
1283 1387 1576 1454 imperator
1591 1387 1630 1440 A
1642 1386 1912 1439 urelianus
1931 1388 2229 1442 rectissime

672 1479 775 1530 hoc
814 1477 1082 1546 negotium
1114 1476 1452 1543 dijudicavit,
1481 1477 1547 1531 iis
1587 1478 1803 1529 domum
1851 1475 1989 1528 tradi
2035 1477 2224 1544 praeci-

669 1569 845 1636 piens,
871 1568 1257 1635 quibus-Italici
1281 1568 1598 1622 Christianae
1633 1566 1911 1635 religionis
1956 1567 2226 1622 antistites

669 1670 724 1712 et
759 1659 1042 1714 Romanus
1073 1660 1361 1731 episcopus
1405 1659 1723 1712 scriberent.
1774 1657 1885 1712 Hoc
1934 1659 2227 1745 modo‘vir

2333 471 2605 542 πρακτέου
2632 471 2891 540 διείληφε,
2921 473 3123 536 τούτοις
3144 477 3323 544 νεῖμαι
3350 480 3695 546 προστάττων
3708 457 3781 532 τὸν
3798 478 3842 533 οἶ·

2331 578 2442 625 κον,
2461 559 2542 624 οἷς
2560 561 2627 615 ἂν
2645 562 2696 614 οἱ
2723 561 2863 615 κατὰ
2884 562 2979 633 τὴν
3017 565 3239 619 Ἰταλίαν
3262 551 3470 637 καὶτὴν
3499 569 3767 637 Ῥωμαίων
3783 572 3844 623 τώ

2330 652 2411 704 λιν
2432 653 2717 712 ἐπίσκοποι
2739 652 2831 705 τοῦ
2849 654 3110 725 δόγματος
3136 658 3518 714 ἐπιστέλλοιεν.
3549 659 3700 712 Οὕτω
3714 661 3844 730 δῆταό

2332 743 2700 813 προδηλωθεὶς
2729 745 2866 815 ἀνὴρ
2912 747 3047 815 μετὰ
3079 749 3176 818 τῆς
3218 749 3452 821 ἐσχάτης
3489 751 3741 822 αἰσχύνης
3772 754 3844 807 ὑπὸ

2329 832 2428 901 τῆς
2475 835 2742 903 κοσμικῆς
2785 835 2959 904 ἀρχῆς
3007 837 3343 902 ἐξελαύνεται
3387 841 3486 910 τῆς
3544 841 3841 911 Ἐκκλησίιις.

2329 938 2576 1001 Τοιοῦτος
2622 940 2720 1010 μέν
2752 941 2813 1008 γέ
2837 959 2918 1004 τις
2947 940 3013 1012 ἦν
3038 944 3097 996 τὸ
3121 948 3373 1016 τηνικάδε
3401 950 3529 1020 περὶ
3555 951 3698 1020 ἡμᾶς
3721 952 3746 1003 ὁ
3769 952 3844 1003 Αὐ-

2329 1031 2577 1101 ρηλιανός
2597 1049 2609 1060 ·
2650 1031 2940 1102 προϊούσης
2971 1034 3014 1085 δ’
3055 1037 3200 1106 αὐτῷ
3232 1041 3326 1109 τῆς
3370 1041 3564 1110 ἀρχῆς,
3598 1042 3784 1096 ἀλλοῖόν
3808 1061 3845 1096 τι

2329 1121 2457 1192 περὶ
2487 1123 2642 1191 ήμῶν
2675 1127 2968 1195 φρονήσας,
3004 1126 3102 1196 ήδη
3133 1129 3242 1180 τισὶ
3290 1130 3521 1199 βουλαῖς,
3560 1131 3636 1195 ὡς
3673 1132 3733 1186 ἂν
3755 1134 3846 1187 διω-

2327 1212 2464 1282 γμὸν
2499 1214 2621 1266 καθ’
2653 1215 2811 1285 ήμῶν
2841 1217 3100 1287 ἐγείρειεν
3126 1219 3445 1273 ἀνεκινεῖτο·
3475 1222 3643 1286 πολύς
3667 1241 3722 1276 τε
3746 1220 3798 1296 ἤν
3823 1229 3845 1277 6

2327 1303 2476 1372 παρὰ
2516 1305 2648 1355 πᾶσι
2675 1306 2803 1375 περὶ
2830 1305 3016 1358 τούτου
3051 1307 3223 1374 λόγος.
3255 1312 3530 1366 Μέλλοντα
3563 1313 3620 1366 δέ
3651 1313 3740 1384 ήδη
3775 1317 3846 1367 καὶ

2330 1395 2511 1464 σχεδὸν
2540 1399 2714 1450 εἰπεῖν
2737 1400 2848 1460 τοῖς
2873 1397 2992 1451 καθ’
3017 1398 3171 1469 ἡμῶν
3191 1403 3507 1473 γράμμασιν
3531 1406 3846 1476 ὑποσημειού-

2331 1503 2506 1555 μενον,
2544 1486 2660 1540 θεία
2689 1488 2924 1557 μέτεισιν
2946 1491 3401 1562 δίκη,,μονονουχ’δ⁸
3429 1495 3486 1560 ἐξ
3506 1494 3754 1563 ἀγκώνων
3772 1495 3847 1565 τῆς

2326 1578 2688 1648 ἐγχειρήσεως
2730 1579 2890 1632 αὐτὸν
2933 1580 3328 1649 ἀποδεσμοῦσα,
3368 1583 3634 1654 λαμπρῶς
3668 1602 3722 1637 τε
3762 1589 3847 1648 τοῖς

2327 1673 2460 1723 πᾶσι
2514 1674 2744 1742 συνορᾷν
2795 1674 3145 1745 παριστῶσα,
3191 1675 3266 1737 ὡς
3320 1674 3513 1729 οὔποτε
3570 1678 3751 1745 γένοιτ’
3799 1679 3848 1731 ἂν

670 1763 829 1818 supra
868 1763 1201 1804 memoratus
1223 1765 1344 1803 cum
1375 1764 1587 1804 summo
1611 1749 1870 1802 dedecore
1896 1764 1990 1817 per
2005 1728 2225 1822 scedula-

2331 1758 2575 1830 ῥᾳστώνη
2610 1728 2721 1825 τοές
2749 1762 2844 1814 τοῦ
2877 1728 3000 1833 Ιβίου
3033 1764 3257 1834 ἄρχουσι
3300 1766 3437 1817 κατὰ
3466 1728 3593 1818 τῶν.
3613 1766 3702 1818 τοῦ
3743 1768 3850 1837 Χρι-

671 1858 785 1896 rem
806 1853 1129 1909 potestatem
1158 1841 1226 1894 ab
1255 1840 1488 1893 ecclesia
1516 1839 1834 1892 exturbatus
1865 1847 1966 1914 est:
2002 1841 2082 1891 Ac
2121 1849 2226 1891 tum

667 1914 1044 2003 quidem'erga
1075 1942 1287 1987 nostros
1320 1933 1480 2002 283
1513 1933 1594 1986 sic
1625 1931 1849 1986 allectus
1891 1940 2008 1984 erat
2053 1931 2227 1984 Aure—

669 2026 868 2080 lianus.
896 2023 1159 2078 Processu
1194 2039 1333 2077 vero.
1355 2024 1612 2093 temporis
1642 2023 1796 2076 aliter
1822 2025 1887 2076 de
1917 2021 2072 2076 nobis
2100 2037 2224 2076 sen-

673 2120 834 2182 tiens,
872 2117 1227 2188 quorumdam
1254 2116 1494 2189 consiliis
1524 2115 1690 2185 coepit
1722 2114 1921 2184 impelli
1953 2123 2011 2168 ut
2041 2129 2227 2184 perse-

670 2208 943 2262 cutionem
965 2210 1222 2263 adversus
1245 2218 1460 2263 nostros
1492 2216 1872 2262 commoveret.
1906 2205 2136 2274 Jamque
2162 2220 2224 2258 ea

670 2299 735 2351 de
774 2313 832 2353 re
878 2297 1077 2354 multus
1109 2299 1307 2369 ubique
1346 2314 1529 2353 rumor
1553 2299 1928 2368 spargebatur.
1958 2297 2063 2352 Sed
2103 2311 2223 2350 eum

667 2397 912 2458 paratum
933 2391 1066 2458 jam,
1092 2401 1145 2445 et
1163 2391 1476 2459 compositis
1493 2400 1683 2444 contra
1719 2404 1816 2442 nos
1840 2388 2054 2454 edictis,
2075 2397 2131 2442 ut
2153 2391 2222 2442 ita

668 2484 1384 2548 dixerim,subscribentem,
1403 2481 1606 2548 ulta;est
1623 2481 1800 2534 divina
1816 2480 2046 2548 justitia,
2068 2482 2222 2548 quasi

665 2575 959 2628 constricto
993 2575 1175 2628 cubito
1217 2586 1469 2627 conatum
1508 2573 1623 2641 ejus
1667 2572 1998 2641 reprimens,
2031 2573 2222 2626 simul-

664 2682 770 2733 que
793 2666 1044 2719 omnibus
1093 2665 1432 2732 apertissime
1461 2663 1770 2728 ostendens,
1808 2661 1938 2715 nihil
1986 2678 2218 2731 unquam

663 2757 822 2822 hujus
851 2757 1039 2810 mundi
1079 2757 1414 2825 principibus
1444 2750 1702 2810 adverSus
1727 2755 1928 2809 Christi
1958 2754 2225 2810 Ecclesias

662 2847 848 2912 licere,
873 2848 974 2900 uisi
1002 2848 1386 2918 propugnntrix
1407 2847 1498 2902 Dei
1526 2850 1743 2902 dextera
1768 2861 1968 2902 arcano
1991 2849 2223 2916 quodam

663 2957 727 2994 ac
774 2940 980 2995 caelesti
1020 2938 1225 3007 judicio
1259 2941 1322 2993 ad
1362 2942 1769 3009 castigationem
1812 2949 1866 2993 et
1891 2939 2225 2994 emendatio-

663 3048 787 3087 nem
819 3042 1080 3097 nostram,
1113 3035 1308 3101 quibus
1349 3034 1449 3102 ipsi
1482 3035 1657 3086 visum
1693 3039 1779 3085 est
1811 3031 2140 3100 temporibus
2171 3031 2224 3085 id

2330 1849 2453 1901 στοῦ
2485 1851 2804 1921 ἐκκλησιῶν,
2840 1855 2912 1924 μὴ
2938 1856 3057 1925 οὐχὶ
3082 1857 3179 1925 τῆς
3209 1856 3526 1926 ὑπερμάχου
3557 1857 3730 1926 χειρὸς
3756 1858 3850 1928 θείᾳ

2327 1944 2422 1994 καὶ.
2446 1943 2679 2013 οὐρανίῳ
2716 1945 2918 2022 κρίσει,
2945 1947 3191 2010 παιδείας
3221 1947 3381 2000 ἕνεκα
3410 1949 3502 2001 καὶ
3529 1949 3850 2017 ἐπιστροφῆς,

2328 2031 2446 2085 καθ’
2471 2033 2562 2096 οὒς
2589 2033 2654 2086 ἂν
2687 2035 2824 2106 αὑτὴ
2856 2035 3136 2105 δοκιμάζοι
3176 2040 3417 2109 καιροὺς,
3449 2039 3597 2092 τοῦτ’
3625 2040 3852 2122 ἐπιτελεῖ-

2305 2121 2450 2174 ισθαι
2498 2122 2901 2194 συγχωρούσης.
2938 2127 3120 2178 Ἔτεσι
3166 2127 3295 2193 γοῦν
3327 2127 3385 2191 ἓξ
3415 2129 3759 2200 κρατήσαντα
3782 2127 3853 2180 τὸτ’

2326 2213 2655 2284 Αὐρηλιανὸν
2701 2214 2999 2285 διαδέχεται
3047 2217 3282 2286 Προόοςο
3341 2220 3434 2271 καὶ
3477 2218 3662 2272 τοῦτον
3712 2218 3853 2289 δήπου

2326 2306 2436 2367 τοῖς
2489 2304 2621 2368 ἴσοις
2666 2306 3118 2376 ἐπικατασχόντα,
3172 2309 3352 2379 Κάρος
3403 2310 3520 2380 ἅμα
3569 2327 3682 2372 τοις
3725 2310 3855 2361 παισὶ

2325 2397 2546 2467 Καρίνῳ
2593 2396 2687 2448 καὶ
2727 2397 3084 2467 Νουμεριανῷ
3130 2398 3428 2468 διαδέχεται
3462 2398 3610 2469 (45)·
3647 2399 3791 2454 πάλιν
3816 2400 3854 2450 ι’
3914 2411 3915 2416 ‘

2326 2484 2390 2541 αὖ
2421 2490 2514 2541 καὶ
2537 2488 2739 2541 τούτων
2766 2489 2874 2541 οὐδ’
2905 2489 3044 2551 ὅλοις
3077 2490 3250 2558 τρισὶν
3280 2492 3538 2554 ἐνιαυτοῖς
3571 2490 3856 2560 διαγενομέ-

2323 2593 2447 2641 νων,
2485 2577 2688 2647 μέτεισι
2721 2577 2789 2628 τὰ
2811 2577 2910 2646 τῆς
2937 2579 3230 2647 ἡγεμονίας
3269 2581 3348 2642 είς
3391 2567 3756 2651 Διοκλητιανὸν
3780 2582 3855 2632 rat

2323 2669 2446 2729 τοὺς
2482 2669 2596 2737 μετ’
2634 2669 2791 2721 αὑτὸν
2821 2670 3226 2739 είσποιηθέντας
3246 2688 3259 2700 ·
3311 2673 3396 2740 ἐφ’
3431 2666 3505 2727 ὧν
3532 2675 3560 2724 ὁ
3586 2674 3709 2726 καθ’
3734 2675 3857 2744 ἡμᾶς

2326 2760 2657 2812 συντελεῖται
2682 2761 2919 2830 διωγμὸς
2955 2761 3086 2831 (46),
3122 2764 3215 2815 καὶ
3243 2765 3277 2833 ἡ
3306 2765 3424 2816 κατ’
3465 2765 3626 2820 αὐτὸν
3655 2766 3757 2818 τῶν
3785 2766 3857 2815 ἐκ-

2324 2850 2557 2919 κλησιῶν
2593 2850 2926 2920 καθαίρεσις.
2983 2853 3141 2905 Ἀλλὰ
3176 2854 3287 2923 γὰρ
3324 2855 3503 2925 μικρῷ
3535 2856 3722 2908 τούτου
3749 2856 3857 2926 πρύμ

2323 2958 2479 3010 τερον
2529 2942 2619 2992 τὸν
2666 2943 2758 2993 ἐπὶ
2810 2944 3023 3013 Ῥώμης
3068 2945 3361 2998 ἐπίσκοπον
3402 2947 3670 3002 Διονύσιον
3707 2948 3861 2999 ἐτεσιν

2325 3034 2478 3086 ἐννέα
2523 3032 2790 3086 διελθόντα
2825 3035 2923 3104 τὴν
2963 3035 3330 3106 λειτουργίαν,
3360 3037 3659 3108 διαδέχεται
3691 3037 3855 3108 Φῆλιξ.

664 3127 782 3180 tieri
836 3127 1164 3196 permiserit.
1222 3127 1392 3180 Porro
1428 3140 1548 3179 cum
1595 3125 1916 3178 Aurelianus
1960 3125 2224 3180 sexennio
2272 3126 2556 3193 imperium
2609 3128 2893 3190 tenuisset,
2946 3129 2998 3180 in
3023 3127 3136 3195 ejus
3163 3129 3338 3183 locum
3361 3130 3624 3184 successit
3647 3128 3853 3183 Probus.

586 3249 592 3254 -
661 3221 767 3288 Qui
791 3221 1016 3274 totidem
1047 3221 1205 3273 annis
1237 3220 1444 3288 imperii
1473 3217 1943 3271 administratione
1972 3216 2314 3284 perfunctus,
2347 3217 2542 3271 Carum
2574 3234 2694 3271 cum
2722 3220 2917 3275 Carino
2942 3229 2997 3274 et
3021 3219 3347 3275 Numeriano
3369 3221 3490 3276 ﬁliis
3517 3237 3858 3276 successorem

664 3306 906 3380 reliquit.
934 3311 996 3364 lii
1030 3327 1150 3365 cum
1185 3327 1250 3365 ne
1276 3313 1564 3366 triennium
1593 3311 1813 3378 quidem
1880 3325 1932 3362 in
1984 3309 2292 3377 principatu
2323 3311 2652 3379 explessent,
2698 3328 2878 3366 rerum
2934 3328 3139 3368 summa
3179 3313 3357 3368 delata
3394 3323 3479 3368 est
3523 3313 3856 3376 Diocletiano,

581 3432 587 3439 ·
664 3413 843 3479 iisque
875 3408 968 3476 qui
995 3418 1185 3477 postea
1211 3411 1276 3460 ad
1302 3408 1512 3477 imperii
1568 3406 1886 3459 societatem
1931 3405 2084 3458 asciti
2143 3414 2285 3458 sunt.
2341 3405 2578 3471 Quorum
2615 3409 2946 3476 temporibus
2975 3409 3206 3462 maxima
3232 3408 3318 3463 illa
3356 3419 3661 3463 nostrorum
3696 3423 3858 3479 perse-

664 3509 833 3569 cutio,
862 3505 1129 3571 simulque
1163 3503 1515 3556 ecclesiarum
1568 3501 1784 3555 eversio
1833 3508 2139 3568 perpetrata
2170 3510 2278 3554 est.
2319 3499 2583 3555 Cazterum
2615 3505 2771 3570 paulo
2797 3512 2920 3557 ante
2951 3504 3067 3558 hac
3097 3513 3338 3574 tempora
3370 3515 3582 3559 mortuo
3608 3505 3856 3575 Dionysio.

663 3601 756 3670 qui
788 3614 978 3653 novem
1016 3596 1171 3650 annis
1197 3594 1450 3648 Romana:
1475 3595 1624 3647 urbis
1643 3592 2006 3661 episcopatum
2046 3592 2469 3656 administrarat,
2506 3593 2654 3646 Felix
2686 3595 2740 3647 in
2780 3593 2895 3661 ejus
2926 3595 3100 3647 locum
3129 3594 3451 3648 substitutus
3477 3603 3581 3649 est.

1214 3685 1440 3741 CAPUT
1479 3683 1666 3738 XXXI.

665 3781 742 3837 De
788 3781 1194 3836 Manichaorum
1238 3794 1412 3832 errore
1455 3779 1543 3847 qui
1589 3787 1710 3829 tunc
1753 3778 1978 3845 primum
2011 3784 2221 3830 exortu:

1395 3862 1466 3900 εει
1473 3886 1488 3900 ο

722 3946 926 3999 ’lisdem
966 3942 1300 4012 temporibus
1339 3940 1425 3994 ille
1458 3940 1653 3993 merito
1687 3938 1863 3992 dictus
1904 3936 2119 4000 Manes,
2166 3937 2220 3990 id

663 4050 747 4092 est
789 4039 1048 4104 furiosus,
1105 4035 1196 4104 qui
1256 4033 1639 4089 damoniacam
1693 4029 1937 4084 haeresim
1989 4029 2220 4083 nominis

667 4129 748 4181 sui
775 4129 1036 4192 condidit,
1063 4137 1301 4179 armatus
1331 4126 1562 4188 insania,
1594 4125 1661 4177 ab
1677 4120 1983 4176 adversario
2007 4119 2099 4172 Dei
2123 4117 2244 4193 5ο--

672 4230 793 4270 rana
834 4218 900 4269 ad
935 4217 1223 4270 multorum
1269 4217 1545 4271 hominum
1592 4212 1884 4283 perniciem
1931 4209 2220 4278 productus

664 4320 764 4361 est.
798 4306 896 4360 Hic
943 4308 994 4357 in
1036 4305 1524 4360 universa'vivendi
1572 4305 1778 4358 ratione
1817 4315 1940 4356 cum
1973 4312 2222 4353 sermone

667 4399 784 4465 ipso
809 4405 920 4448 tum
953 4395 1190 4446 moribus
1219 4395 1502 4456 barbarus,
1533 4404 1588 4446 et
1616 4400 1801 4460 suapte
1826 4400 2019 4443 natura
2053 4388 2220 4441 l'urio-
2276 4447 2279 4449 _

592 4504 596 4508 ‘
662 4504 761 4545 eus
806 4505 870 4543 ac
921 4488 1324 4549 demoniacns,
1380 4486 1463 4538 his
1501 4496 1858 4538 consentanea
1909 4497 2218 4552 aggressus,

667 4585 904 4650 seipsum
935 4579 1209 4634 Christum
1240 4577 1442 4645 lingere
1473 4578 1718 4629 instituit.
1751 4575 1813 4628 Et
1837 4590 1978 4633 nunc
2003 4574 2215 4641 quidem

2824 3684 3220 3738 ΚΕΦΑΛΑΙΟΝ
3255 3686 3396 3738 AA'."

2323 3774 2461 3840 Περὶ
2489 3771 2598 3841 τῆς
2623 3773 2742 3826 τῶν
2772 3775 3118 3843 Μανιχαίων,
3138 3773 3484 3843 ἐτεροδόξου
3515 3773 3861 3843 διαστροφῆς

2389 3843 2519 3909 ἄρτι
2551 3845 2682 3896 τότε
2713 3843 3050 3912 ἀρξαμένης
3086 3842 3221 3911 (Nic.
3257 3842 3328 3894 Η.
3359 3843 3423 3897 Ε.
3477 3860 3548 3906 Vl,
3582 3842 3799 3914 5l,52).

2404 3935 2492 3985 'Ev
2521 3934 2692 4004 τούτῳ
2721 3935 2816 3987 καὶ
2843 3937 2873 3986 ὁ
2904 3934 3108 3994 Μανεὶς
3136 3934 3236 3994 τὰς
3268 3934 3489 4012 φρένας,
3517 3933 3795 4005 ἐπώνυμός
3812 3951 3861 3988 τι

2292 4025 2418 4093 λτῆς
2443 4024 2816 4094 ·δαιμονιώσης
2864 4023 3124 4092 αἱρέσεως
3169 4021 3300 4092 (47),
3341 4021 3439 4092 τὴν
3477 4022 3572 4075 τοῦ
3624 4024 3859 4094 λογισμσῦ

2322 4116 2680 4184 παρατροπὴν
2706 4112 3094 4178 καθωπλίζετο,
3127 4113 3232 4165 τοῦ·
3249 4113 3498 4183 δαίμονος
3520 4113 3686 4168 αὑτοῦ
3712 4115 3860 4185 δήπου

2321 4203 2414 4255 τοῦ
2453 4203 2724 4274 θεομάχοι)
2767 4203 2982 4255 Σατανᾶ
3021 4202 3114 4254 ἐπὶ
3159 4201 3304 4275 λύμῃ
3342 4202 3551 4256 πολλῶν
3590 4205 3683 4256 τὸν
3715 4204 3861 4274 dvb‘ps

2323 4295 2777 4366 προϐεϐλημένου.
2808 4293 3087 4365 Βάρόαρος
3117 4294 3252 4364 δῆτα
3283 4294 3374 4347 τὸν
3401 4293 3513 4364 βίον
3547 4294 3697 4365 αὐτῷ
3740 4295 3861 4365 λόγῳ

2322 4386 2415 4437 καὶ
2439 4384 2652 4455 τρόπῳ,
2682 4386 2782 4456 τήν
2811 4402 2870 4437 τε
2905 4384 3065 4453 φύσιν
3096 4384 3403 4456 δαιμονικός
3433 4402 3517 4447 τις
3545 4383 3618 4437 ὢν
3653 4388 3744 4439 καί
3778 4405 3862 4457 μα·

2322 4477 2542 4547 νιώδης,
2573 4476 2835 4530 ἀκόλουθα
2873 4477 3080 4541 τούτοις
3121 4475 3403 4547 ἐγχειρῶν,
3448 4476 3684 4546 Χριστὸν
3719 4479 3860 4532 αὑτὸν

2324 4567 2693 4639 μορφὰζεσθαι
2743 4569 3018 4640 ἐπειρᾶτο,
3071 4568 3192 4620 τοτὲ
3239 4567 3337 4637 μὲν
3387 4566 3476 4619 τὸν
3521 4567 3860 4641 Παρακλητεν

659 4645 1000 4727 Paracletum
1053 4683 1132 4729 se,
1188 4667 1470 4734 ipsumque
1522 4664 1782 4731 Spiritum
1825 4667 2067 4717 sanctum
2099 4678 2218 4717 esse

2324 4661 2413 4714 και
2437 4660 2568 4713 αὐτὸ
2595 4661 2658 4713 τὸ
2704 4660 2924 4732 Πνεῦμα
2966 4661 3026 4713 τὸ
3056 4660 3218 4724 ἅγιον
3251 4657 3411 4720 αὐτὸς
3446 4645 3638 4713 ἑαυτὸν
3673 4665 3860 4732 ἀνακη-

661 4762 1011 4830 νιεειιίεοὺοι,
1036 4765 1231 4826 praeter
1259 4755 1518 4806 insaniam
1551 4753 1798 4818 superbia
1825 4752 1989 4804 etiam
2019 4753 2212 4805 elatus.

2320 4750 2544 4821 ρύττων,
2580 4755 2674 4806 καὶ
2704 4752 3036 4823 τυφούμενός
3064 4767 3126 4817 γε
3159 4749 3250 4801 ἐπὶ
3289 4751 3355 4818 τῇ
3387 4749 3552 4820 μανίᾳ
3587 4751 3727 4821 (48),
3757 4754 3860 4806 τοτὲ

662 4853 814 4906 Nunc
831 4866 978 4915 vero,
998 4839 1151 4917 quasi
1177 4845 1452 4906 Christus,
1473 4842 1756 4895 duodecim
1785 4839 2080 4908 discipulos
2098 4839 2225 4894 novi

2324 4844 2371 4895 δὲ
2402 4838 2490 4897 οἷα
2517 4845 2770 4912 Χριστὸς,
2805 4841 3046 4914 μαθητὰς
3072 4838 3279 4891 δώδεκα
3317 4843 3601 4906 κοινωνοὺς
3629 4845 3733 4914 τῆς
3762 4862 3864 4898 και-

663 4945 928 5012 dogmatis
947 4948 1226 4995 consortes
1245 4934 1493 5003 eligebat.
1531 4931 1662 4984 Cum
1692 4929 1853 4999 igitur
1875 4928 2009 4984 falsa
2040 4939 2093 4982 et
2117 4930 2216 4982 im-

733 5126 842 5198 (45)
876 5124 1251 5198 Νουμεριανῷ
1270 5119 1625 5198 διαδέχεται.
1655 5117 1859 5198 Ultima.
1880 5133 1980 5198 v‘ox
2011 5116 2157 5172 abest
2185 5133 2214 5170 a

664 5187 835 5250 tribus
863 5187 1367 5250 nostris'codicibus
1391 5187 1548 5249 Μία..
1569 5188 1707 5241 Med.
1740 5197 1792 5240 et
1821 5187 1977 5251 Fuk.,
1996 5199 2050 5242 et
2075 5199 2221 5242 recte

664 5267 944 5319 subaudiri
998 5277 1169 5335 potest
1208 5280 1328 5318 cum
1376 5263 1490 5335 jam
1547 5260 1899 5335 praecesserit.
1942 5261 1995 5312 ln
2033 5259 2222 5335 iisdem

663 5336 960 5404 codicibus,
993 5326 1218 5404 perinde
1245 5350 1308 5387 ac
1351 5326 1402 5386 in
1430 5329 1715 5404 Saviliano
1745 5331 2014 5404 _‘scriptum
2046 5326 2224 5404 inveni

664 5403 778 5475 ᾇμα
825 5396 1008 5475 παισὶν
1051 5406 1272 5475 Καρίνῳ
1310 5404 1404 5457 καὶ
1429 5397 1779 5469 Νουμεριανῷ
1819 5396 1934 5453 sine
1977 5396 2226 5452 articulo.

661 5472 876 5545 Ιιειιιδέ
895 5491 994 5545 που
1033 5472 1378 5545 ηοιιδήςπου.

737 5541 845 5612 (4ο)
893 5543 1102 5596 Ὀκαθ*
1130 5535 1353 5612 ἡμᾶς...
1390 5541 1656 5612 διωγμόςγ.
1677 5539 1768 5606 _Sic
1804 5539 1865 5612 in
1900 5539 2060 5612 codd.
2081 5535 2221 5591 Med.

664 5611 902 5679 etrblaz.
934 5610 1180 5677 legitur,"
1202 5626 1364 5666 recte.
1410 5610 1688 5677 Quomodo
1747 5610 1906 5662 etiam
1959 5611 2220 5679 scriptum

657 5678 862 5745 habent
886 5682 1040 5735 cozld.
1069 5681 1202 5737 Fuk.
1223 5694 1274 5740 ct
1298 5684 1460 5739 Savil.
1495 5681 1668 5756 Vulg,
1696 5679 1872 5753 ἡμῶν.

2316 4938 2568 5006 νοτομίας
2616 4937 2957 5009 αἱρούμενος.
3009 4930 3370 5002 Δόγματά¹γε
3414 4935 3520 5006 μὴν
3566 4935 3745 5007 ψευδῆ
3786 4942 3864 4990 καὶ

2397 5123 2505 5193 (47)
2524 5121 2678 5189 Vulg.
2694 5119 3110 5193 δαιμονιώδους
3123 5119 3415 5189 ωρέσεως.
3433 5122 3491 5177 In
3508 5123 3700 5193 codice
3718 5121 3861 5193 Hegio

2327 5189 2581 5262 scribitur
2626 5190 3080 5262 δαιμονιιῖκιηςηυι⁸
3129 5194 3334 5245 monuit
3378 5195 3538 5262 etiam
3570 5191 3715 5262 Rob.
3756 5189 3861 5262 Ste-

2327 5260 2552 5327 phanus.
2587 5262 2691 5316 Sed
2720 5258 2776 5314 in
2814 5258 3175 5327 vetustissimo
3212 5262 3398 5316 codice
3438 5261 3719 5314 Mazarino
3743 5259 3860 5311 seri-

2326 5326 2472 5400 PWW
2501 5331 2675 5400 ίῐῖνθηί
2698 5326 3357 5400 δαψογιώσηςηιυοωοόο
3389 5330 3552 5386 etiam
3602 5329 3796 5398 legitur
3817 5329 3859 5378 in

2330 5399 2486 5451 codd.
2514 5399 2627 5453 Fuk
2673 5415 2734 5452 ac
2766 5399 3055 5452 Saviliano.

2398 5466 2508 5540 (48)
2553 5467 2922 5540 Τυφούμενός
2953 5469 3131 5536 reex!
3170 5468 3243 5539 τῇ
3258 5470 3460 5540 μανίᾳ.
3506 5466 3663 5540 Hunc
3701 5466 3859 5521 locum

2326 5551 2430 5588 non
2466 5539 2838 5591 intellexerunt
2871 5539 3207 5607 interpretes.
3243 5539 3464 5593 Ruﬁnus
3507 5539 3726 5604 quidem
3759 5552 3860 5588 ver—

2326 5607 2390 5656 tit
2413 5615 2460 5657 ει
2493 5607 2659 5658 elatus
2691 5607 2914 5659 insania.
2963 5606 3052 5662 Sic
3105 5611 3248 5663 enim
3284 5609 3480 5662 habent
3521 5609 3858 5674 manuscripli

2330 5677 2560 5740 codices.
2592 5675 2697 5734 Nec
2730 5676 2882 5733 aliter
2921 5676 3191 5737 Musculus
3228 5690 3281 5735 et
3328 5677 3857 5745 Christophorsonus.
