3948 6340
94 372 170 426 721
1038 370 1387 428 HISTORLE
1428 371 1982 428 ECCLESIASTICIE
2020 372 2148 427 LIB.
2188 370 2301 425 VII.

3171 363 3272 416 722

91 489 200 544 ἄθεα
237 489 300 541 ἐκ
340 489 543 561 μυρίων
587 489 694 542 τῶν
725 487 997 558 πρόπαλαι
1042 488 1424 560 ἀπεσϐηκυιῶν
1469 491 1615 561 αίρὲ-

1724 489 1810 557 pia
1837 490 2082 556 dogmata
2111 503 2177 543 ex
2196 487 2359 541 variis
2379 484 2674 540 haeresibus
2689 482 3012 554 jampridem
3033 480 3272 534 exstinc-

77 575 206 634 ⁵σεων
231 581 340 651 (49)
373 580 833 651 συμπεφορημένα
866 577 1155 643 καττύσας,
1187 583 1250 633 ἐκ
1276 581 1373 650 τῆς
1397 582 1619 653 Περσῶν

89 671 160 724 ἐπὶ
185 672 283 742 τὴν
312 671 434 725 καθ’
462 673 609 741 ἡμᾶς
654 670 974 741 οἰκουμένην
1013 670 1199 742 ὥσπερ
1233 670 1354 726 τινὰ
1385 672 1618 743 θανατηο

89 765 228 835 φόρον
274 763 352 817 ίδν
397 763 761 835 ἐξωμόρξατοο
822 764 913 830 ἀφ’
967 755 1028 814 οὗ
1197 762 1257 815 τὸ
1307 765 1619 834 Μανιχαίων

88 855 319 918 δυσσεϐὲς
346 854 538 925 ὕνομα,
573 857 683 916 τοῖς
709 853 918 916 πολλοῖς
960 853 1124 906 είσέτι
1160 854 1254 907 νῦν
1287 854 1616 920 ἐπιπολάζει.

89 946 297 1015 τοιαύτη
333 946 432 1015 μὲν
456 943 550 998 οὖν
577 947 610 1015 ἡ
649 947 742 998 καὶ
769 946 928 1014 τῆσδε
960 945 1056 1013 τῆς
1097 945 1445 1015 ψευδωνύμου
1483 945 1621 1013 γνὼ-

92 1059 204 1102 σεως
231 1038 502 1102 ὑπόθεσις,
537 1037 686 1090 κατὰ⁸
715 1039 837 1102 τοὺς
867 1037 1260 1108 δεδηλωμένους
1289 1037 1619 1107 ὑποφυείσης

89 1132 305 1202 χρόνους.
1033 1180 1058 1202 «γ
1071 1179 1098 1195 ν.
1108 1179 1133 1210 3

321 1227 346 1247 "
567 1221 954 1274 KEQAAAION
1003 1221 1123 1273 AB’.

87 1312 208 1391 Περί
242 1311 360 1364 τῶν
397 1312 532 1391 me:
575 1310 736 1391 ἡμᾶς
769 1311 988 1391 αὐτοὺς
1038 1312 1488 1391 διαπρεψςάζτιιηρ
1507 1313 1620 1391 ,ἐκ-

143 1381 580 1460 qualemn-x5»:
623 1381 873 1460 ἀνξρῶν,
904 1382 1063 1460 τινες
1082 1451 1092 1460 ι
1110 1399 1173 1434 τε
1204 1381 1417 1460 ἀὐτῶν

143 1449 394 1572 Evicit—scim
435 1450 772 1586 ᾕκέἒιῖηῶν
820 1451 1165 1519 πολιορκίας
1196 1449 1455 1518 ἔμειναν-ν
1477 1449 1616 1519 (Nic.

197 1561 209 1571 .
273 1552 300 1572 ~.
335 1536 409 1582 Vl,
509 1559 524 1582 ,
642 1559 656 1573 .

145 1610 275 1660 Καθ’
322 1607 417 1672 οὓς
443 1609 670 1680 Φήλικα.
686 1609 785 1680 τῆς
825 1610 1108 1679 Ῥωμαίων
1141 1610 1446 1679 προστάντα
1500 1609 1621 1660 Ἑκ-

87 1699 293 1770 ιλησίας
342 1698 484 1752 ἐτεσι
530 1699 712 1762 πέντε,
761 1699 1085 1769 Εὐτυχιανὸς
1139 1699 1466 1769 διαδέχεται·
1514 1699 1620 1751 οὐδ’

83 1789 204 1851 ὅλοις
226 1789 282 1841 δὲ
316 1790 477 1859 μησὶν
509 1785 663 1852 οὗτος
690 1789 821 1843 δέκα
873 1790 988 1858 (50)
1019 1790 1396 1859 διαγενόμενος
1416 1829 1431 1854 ,
1478 1790 1621 1858 Γαΐῳ

83 1880 149 1948 τῷ
171 1879 289 1932 καθ’
318 1881 462 1949 ἡμᾶς
502 1879 814 1940 καταλείπει
839 1881 930 1933 τὸν
961 1881 1174 1950 κλῆρον.
1204 1880 1312 1933 Καὶ
1347 1880 1536 1943 τούτου
1564 1879 1621 1932 δὲ

81 1973 207 2040 ἀμφὶ
238 1971 303 2024 τὰ
334 1974 722 2026 πεντεκαίδεκα
749 1973 842 2044 ἐτη
875 1973 1222 2045 προστάντος,
1256 1973 1622 2044 Μαρκελλῖνος

81 2062 296 2134 κατέστη
324 2064 583 2133 διάδοχος,
612 2064 669 2118 ὂν
707 2065 798 2121 καὶ
818 2063 978 2114 αὐτὸν
997 2066 1034 2124 ὁ,
1049 2063 1282 2133 διωγμὸς
1302 2064 1615 2134 κατείληφε.

80 2155 222 2207 Κατὰ
245 2155 426 2206 τούσδε
451 2156 549 2225 τῆς
587 2154 896 2224 ’Δντιοχέων
928 2155 1227 2224 ἐπισκοπῆς
1260 2156 1395 2224 μετὰ
1421 2156 1620 2226 Δόμνον

85 2247 306 2316 ἡγήσατο
336 2248 560 2316 Τίμαιος
580 2264 592 2276 ·
626 2248 685 2299 ὃν
713 2248 742 2298 ὁ
783 2247 903 2300 καθ’
941 2249 1084 2317 ἡμᾶς
1115 2247 1383 2310 διεδέξατο
1422 2247 1621 2317 Κύριλ-

78 2335 170 2399 λος.
196 2338 332 2390 Καθ’
360 2337 419 2389 ὃν
443 2336 714 2408 Δωρόθεον
744 2338 855 2407 (51)
884 2339 1169 2409 πρεσϐείου
1202 2339 1295 2391 τοῦ
1328 2339 1466 2392 κατὰ
1506 2341 1621 2393 Ἀν-

76 2428 299 2496 τιόχειαν
323 2429 622 2499 ἠξιωμένον
647 2429 754 2483 τῶν
781 2430 1033 2499 τηνικάδε
1064 2429 1239 2496 λόγιον
1267 2430 1432 2500 ἄνδρα
1456 2429 1622 2498 ἔγνω-

79 2535 184 2586 μεν.
227 2521 512 2584 Φιλόκαλος
551 2521 596 2574 δ’
628 2517 778 2584 οὗτος
805 2522 932 2592 περὶ
961 2522 1027 2574 τὰ
1059 2522 1178 2575 θεῖα
1228 2522 1486 2589 γεγονὼς,
1527 2522 1620 2576 καὶ

74 2609 161 2676 τῆς
201 2608 462 2677 Ἐὄραίων
507 2611 814 2681 ἐπεμελήθη
865 2611 1140 2682 γλώττης,
1173 2611 1247 2674 ὡς
1292 2612 1384 2663 καὶ
1434 2612 1620 2673 αὑταῖς

75 2697 182 2757 ταῖς
230 2695 536 2767 Ἑϐραϊκαῖς
566 2703 798 2771 γραφαῖς
841 2700 1214 2770 ἐπιστημόνως
1253 2701 1617 2770 ἐντυγχάνειν.

73 2778 172 2835 Ἦν
189 2786 237 2839 δ’
264 2783 411 2851 οὗτος
448 2789 558 2841 τῶν
586 2791 818 2860 μάλιστα
850 2791 1166 2861 ἐλευθερίων
1211 2791 1346 2860 (52),
1386 2809 1619 2861 προπαι-

73 2873 207 2937 δείας
247 2894 302 2929 τε
331 2881 430 2947 τῆς
463 2879 582 2940 καθ’
623 2880 884 2950 Ἕλληνας
923 2883 1022 2936 οὐκ
1055 2882 1302 2951 ἄμοιρος,
1331 2881 1426 2951 τὴν
1460 2881 1625 2951 φύσιν·

73 2961 124 3013 δὲ
168 2966 338 3030 ἄλλως
370 2969 642 3040 εὐνοῦχος,
676 2971 818 3024 οὕτω
862 2973 1118 3041 πεφυκὼς
1167 2973 1225 3036 ἐξ
1263 2973 1429 3043 αὐτῆς
1467 2974 1620 3041 γενέ-

76 3073 232 3118 σεωςο
270 3057 344 3119 ὡς
375 3058 466 3110 καὶ
501 3057 720 3126 βασιλέα
752 3059 840 3111 διὰ
879 3059 1035 3112 τοῦτο
1065 3059 1172 3114 οἷόν
1211 3079 1262 3113 τι
1296 3059 1617 3133 παράδοξον,

72 3146 224 3197 αὐτὸν
265 3147 666 3212 οἰκειώσασθαι,
714 3151 807 3202 καὶ
855 3151 1082 3219 τιμῆσαί
1119 3169 1181 3220 γε
1219 3144 1483 3222 ἐπιτροπῇ
1523 3153 1621 3222 τῆς

1720 585 1786 638 tis
1816 581 1943 635 hinc
1973 581 2098 635 inde
2141 580 2366 634 collecta
2409 576 2863 636 consarcinasset,
2892 587 2955 626 ea
3013 570 3270 639 tanquam

1717 678 1876 732 letale
1919 677 2188 746 quoddam
2223 675 2371 727 virus
2412 687 2475 725 ex
2522 668 2737 723 Perside
2777 666 2941 740 284
2986 668 3040 719 in
3083 663 3271 718 orbem

1718 769 2016 823 Romanum
2061 765 2267 822 eﬂ‘udit.
2315 764 2392 817 Ex
2439 776 2546 828 quo
2585 759 2805 827 impium
2857 755 3272 809 Manicbzeorum

1720 873 1908 912 nomen
1934 867 2202 916 exortum.
2231 853 2410 908 multis
2440 853 2492 905 in
2521 850 2650 904 locis
2673 849 2737 903 ad
2762 849 2903 900 hunc
2930 859 3102 914 usque
3129 842 3271 896 diem

1719 951 1996 1004 exuberat.
2052 944 2321 1014 Ejusmodi
2383 941 2482 994 fuit
2537 940 2690 1009 origo
2752 935 3071 989 adulterina:
3127 932 3275 985 illius

1717 1042 1998 1104 doctrinm,
2014 1053 2131 1107 qua:
2153 1052 2310 1103 supra
2339 1032 2654 1087 memoratis
2677 1026 3008 1098 temporibus
3027 1023 3269 1078 emersit.

2237 1214 2462 1271 CAPUT
2505 1211 2719 1266 XXXII.

1720 1311 1796 1364 De
1828 1309 1948 1364 ciris
1977 1307 2335 1362 ecclesiasticis
2368 1306 2456 1369 qui
2489 1314 2664 1356 nostra
2696 1311 2848 1356 artate
2885 1301 3195 1369 ﬂoruerunt,
3219 1307 3267 1350 et

1786 1382 2001 1448 quinam
2035 1395 2098 1431 ex
2127 1379 2253 1443 ipsis
2297 1391 2458 1442 usque
2487 1373 2554 1429 ad
2586 1374 2902 1427 eversionem
2935 1369 3268 1423 ecclesiarum

1788 1449 2160 1516 superfuerint.

1701 1605 1703 1610 ’
1790 1601 1903 1668 Qua
1941 1611 2254 1670 tempestate
2287 1616 2406 1654 cum
2439 1599 2590 1654 Felix
2617 1600 2853 1667 quinque
2881 1598 3038 1651 annis
3075 1595 3276 1651 Roma-

1723 1707 1844 1746 nam
1888 1693 2243 1761 gubernasset
2278 1690 2598 1752 Ecclesiam,
2640 1689 3005 1758 Eutychianus
3051 1687 3106 1740 in
3155 1686 3272 1756 ejus

1720 1782 1897 1850 locum
1923 1783 2204 1836 successit.
2233 1780 2332 1847 Qui
2355 1781 2440 1834 vix
2467 1781 2653 1842 decem
2680 1780 2955 1834 mensibus
2985 1779 3038 1832 in
3068 1779 3274 1846 episco—

1721 1885 1848 1943 patu
1870 1876 2181 1935 transactis.
2211 1874 2360 1937 Caio,
2390 1871 2480 1939 qui
2516 1879 2698 1925 nostra
2723 1880 2882 1924 aetate
2906 1870 3061 1934 vixit,
3089 1869 3268 1923 sedem

1720 1982 1870 2020 suam
1893 1964 2227 2033 reliquit.Hic
2249 1980 2368 2018 cum
2391 1963 2544 2016 annis
2566 1962 2786 2016 circiter
2826 1961 3134 2030 quindecim
3164 1960 3272 2012 Ec-

1722 2058 1896 2113 clesiae
1926 2055 2244 2124 praefuisset,
2264 2070 2632 2108 successorem
2663 2054 2852 2107 habuit
2871 2051 3270 2105 Marcellinum:

1720 2148 1772 2201 in
1803 2147 1954 2213 cujus
2001 2147 2161 2200 etiam
2196 2157 2432 2213 tempora
2472 2145 2662 2197 incidit
2709 2145 3029 2213 persecutio.
3080 2143 3272 2197 Iisdem

1722 2236 2054 2308 temporibus
2081 2237 2427 2289 Antiochena:
2451 2235 2706 2288 Ecclesia:
2737 2245 2855 2302 post
2887 2235 3151 2288 Damnum
3183 2233 3274 2285 Τῖ-

1722 2345 1886 2383 mazus
1915 2329 2129 2398 praefuit
2158 2327 2279 2380 :cui
2303 2327 2560 2380 successit
2592 2336 2777 2379 nostra
2811 2325 3069 2378 memoria
3100 2324 3274 2395 Cyril-

1719 2419 1821 2473 lus.
1861 2417 1970 2470 Sub
2008 2419 2107 2472 hoc
2154 2416 2477 2470 Dorotbeum
2512 2418 2684 2468 virum
2723 2415 3122 2481 doetissimum,
3160 2414 3270 2466 An-

1720 2508 1982 2562 tioebenae
2015 2518 2139 2560 tunc
2175 2506 2428 2560 Ecclesia:
2477 2508 2852 2576 presbyterum
2898 2505 3266 2572 cognovimus.

1719 2597 1819 2664 Qui
1855 2614 1973 2654 cum
2009 2598 2434 2653 studiosissimus
2463 2608 2605 2650 esset
2643 2612 2918 2652 sacrarum
2956 2596 3270 2664 Scriptura-

1721 2707 1861 2756 rum,
1899 2690 2219 2745 Hebraicam
2248 2705 2459 2758 quoque
2488 2691 2720 2761 linguam
2747 2689 3027 2753 addidicit,
3057 2688 3194 2742 adeo
3217 2697 3275 2741 ut

1722 2785 1865 2850 ipsos
1893 2785 2054 2836 etiam
2093 2782 2385 2838 Hebraicos
2417 2783 2630 2837 codices
2678 2782 3003 2852 peritissime
3045 2781 3272 2850 legeret.

1723 2872 1955 2926 Erathic
1981 2873 2193 2942 ingenio
2211 2873 2497 2927 admodum
2521 2873 2757 2935 liberali,
2784 2885 2840 2927 et
2864 2873 3275 2927 humanioribus

1721 2964 2017 3032 disciplinis
2033 2965 2269 3032 apprime
2288 2965 2563 3032 eruditus;
2583 2974 2834 3020 caeterum
2859 2966 2924 3019 ab
2944 2966 3059 3034 ipso
3085 2963 3277 3017 matris

1723 3067 1876 3112 utero
1913 3065 2208 3111 eunuchus.
2239 3057 2391 3114 Unde
2419 3069 2474 3112 et
2503 3060 2797 3127 imperator
2827 3069 3078 3126 tanquam
3113 3056 3278 3108 mira-
3371 3110 3376 3114 ,

1723 3149 1842 3203 culo
1866 3150 2288 3217 obstupefactus,
2318 3165 2438 3203 eum
2460 3151 2512 3203 in
2548 3150 2962 3204 familiaritatem
2998 3163 3149 3202 suam
3180 3147 3273 3199 ad-

73 3233 207 3284 ιατὰ
243 3235 412 3303 Τύρον
458 3235 720 3306 ἁλουργοῦ
765 3239 957 3308 βαφῆς.
1000 3241 1198 3293 Τούτου
1246 3242 1477 3311 μετρίως
1520 3243 1615 3308 τὰς

1721 3241 1896 3303 scivit,
1925 3249 1979 3294 et
2008 3240 2184 3308 baphii
2204 3241 2345 3309 quod
2373 3251 2455 3295 est
2481 3243 2619 3309 apud
2645 3242 2846 3312 Tyrum
2869 3249 3270 3310 procuratorem

71 3319 283 3391 Γραφὰς
309 3327 399 3376 ἐπὶ
422 3328 519 3393 τῆς
558 3321 878 3395 Ἑκκλησίας
904 3330 1255 3398 διηγουμένου
1289 3332 1618 3400 κατηκούσα-

135 3481 250 3555 (ί9)
299 3485 729 3555 Ἄξεςγόηκυιῶν
781 3487 1082 3552 αἱρέσεων,
1117 3490 1173 3539 1η
1239 3491 1394 3545 codd.
1444 3489 1619 3555 Maz.,

71 3550 204 3626 ﬂed.
233 3550 312 3626 Pet
353 3551 484 3626 F_'uk.
515 3550 961 3626 _scri_ptum__est:
1007 3558 1098 3607 καὶ
1145 3559 1207 3607 ἐκ
1259 3559 1461 3626 μυρίων
1511 3550 1616 3610 τῶν

71 3621 336 3697 πρόπαλαι
361 3621 745 3697 ἀπεσβηκότων
773 3623 942 3697 ἀθέων
976 3626 1228 3697 αζρέσεων
1261 3621 1617 3697 ’συμπεφορηο

73 3691 237 3762 μέναζ
257 3690 360 3743 Nec
384 3693 540 3743 aliter
564 3690 754 3762 legisse
775 3693 985 3745 videtur
1013 3690 1254 3750 Ruﬁnus.
1275 3690 1362 3762 qui
1393 3690 1469 3747 sic
1499 3690 1618 3749 ver-

72 3761 131 3832 tit
162 3777 176 3811 :
206 3760 460 3826 Dogmata
481 3761 641 3832 stulta
677 3771 724 3832 et
744 3763 903 3828 impia
935 3779 965 3812 α
995 3763 1208 3814 diversis
1235 3760 1504 3827 (imretic'is,
1526 3767 1614 3832 qui

64 3829 176 3895 jam
216 3832 360 3892 prius
391 3830 634 3896 exstincti
679 3829 918 3896 fuerant,
959 3841 1196 3882 mutuam
1246 3829 1610 3886 disseminans.

137 3898 252 3967 (50)
286 3901 487 3965 Μησὶν
513 3894 687 3962 οὗτοςί
725 3899 887 3951 δέκα.
917 3900 1024 3952 Imo
1052 3900 1414 3968 Eutychianus
1461 3904 1612 3954 annis

69 3978 210 4031 octo,
239 3969 510 4022 mensibus
531 3969 776 4021 undecim
820 3969 1110 4021 Romanam
1141 3967 1278 4021 rexit
1299 3967 1609 4032 Ecclesiam,

69 4046 122 4088 It
155 4047 244 4092 est
299 4039 350 4091 in
381 4049 562 4091 vetere
602 4038 738 4091 libro
783 4038 856 4090 De
893 4039 1219 4104 ponti/icilius
1257 4037 1523 4100 Romanis,
1559 4041 1608 4093 in

65 4122 172 4170 quo
203 4109 328 4159 anni
361 4107 670 4176 pontiﬁcum
717 4123 746 4159 a
795 4106 998 4159 Callisti
1043 4108 1375 4173 pontiﬁcatu,
1413 4118 1469 4160 ut
1499 4108 1605 4176 jam

65 4177 198 4238 dixi,
237 4180 437 4244 nptime
481 4177 668 4242 digesti
701 4184 841 4242 sunt,
886 4193 980 4243 per
1014 4180 1254 4230 consules
1287 4179 1384 4229 sub
1415 4180 1605 4242 quibus

64 4247 258 4298 sedere
301 4254 582 4314 emperunt
636 4257 690 4299 et
724 4246 822 4300 sub
872 4247 1066 4312 quibus
1099 4248 1390 4300 desierunt.
1443 4248 1608 4300 Euse-

63 4315 182 4368 bius
211 4315 371 4384 igitur
392 4326 526 4386 octo,
545 4331 715 4370 annos
744 4317 940 4369 ademit
965 4316 1321 4385 Eutychiano,
1358 4325 1411 4368 et
1441 4315 1609 4386 Xysto

61 4397 153 4433 eos
191 4399 468 4450 perperam
515 4385 732 4453 largitus
762 4396 862 4450 est,
897 4397 952 4438 ut
983 4401 1140 4451 supra
1175 4387 1374 4438 notavi.

142 4453 262 4519 (51)
311 4456 622 4519 Δωρόθεον.
692 4458 948 4508 Ba’ronins
1015 4456 1064 4506 iu
1131 4455 1495 4506 Notationibus
1544 4457 1607 4507 ad

59 4517 501 4594 Martyrologium
531 4523 848 4589 Romanum,
903 4526 1040 4577 hunc
1066 4525 1379 4576 Dorotbeum
1402 4525 1610 4594 presbyf

62 4596 239 4641 terum
292 4592 615 4656 Antiochia,
650 4595 896 4646 eumdem
948 4609 1066 4646 esse
1102 4594 1326 4646 credidit
1357 4609 1477 4644 cum
1512 4592 1616 4646 no-

60 4659 259 4734 Politen
433 4663 765 4734 presbytero.
789 4664 941 4731 cujus
983 4665 1180 4715 mentio
1213 4663 1272 4714 ﬁt
1295 4663 1436 4734 dier5
1458 4677 1612 4734 inen-

59 4725 531 4799 s_is__Junii.'AQuem
563 4725 772 4784 Earonii
811 4725 1049 4785 errorem
1081 4734 1190 4799 jam
1225 4733 1428 4784 natavit
1457 4731 1616 4785 Blon-

58 4794 313 4870 dellusjn
333 4796 584 4870 Apologia
604 4817 698 4868 pro
725 4804 984 4854 sententia
1008 4794 1333 4870 Hieronymi,
1355 4802 1615 4870 pag.274.-

58 4859 162 4913 Sed
194 4863 351 4942 .dum
378 4859 562 4919 'aliu'm
605 4859 618 4868 ’
642 4872 981 4942 reprehendit
1036 4859 1373 4933 Bloudellus,
1423 4859 1614 4924 "multo

55 4942 285 4992 gravsus
330 4941 553 4998 ipsemet
606 4941 822 4992 erravit.
881 4941 1200 4992 Dorotbeum
1258 4944 1399 4992 enim
1433 4942 1606 4993 Antio-

55 5000 319 5076 cliensem
346 5005 732 5076 presbyterum,
755 5010 816 5058 de
833 5024 936 5075 quo
961 5010 1045 5062 hic
1079 5010 1312 5076 loquitur
1335 5010 1611 5076 Eusebius,

56 5066 342 5145 ςριιιξωιόὶρ
372 5066 519 5119 cutu—
549 5066 816 5145 Dorotheo
850 5066 1190 5136 '(Eubiculari'o
1239 5080 1364 5144 imp.
1404 5066 1610 5134 Diocles.

59 5143 218 5210 tigni,
250 5149 404 5210 cujus
457 5143 765 5208 martyrium
818 5146 1139 5198 describitur
1174 5150 1239 5199 ab
1294 5143 1520 5200 Eusebio
1554 5149 1607 5200 in

188 5219 312 5283 νιιι.
343 5204 453 5284 μᾷςο
480 5203 612 5284 νει-(ξ
638 5225 740 5261 non
768 5213 953 5284 dubito
973 5282 980 5284 _
1001 5216 1130 5284 quin
1156 5215 1262 5268 duo
1289 5215 1486 5268 fuerint
1517 5217 1612 5269 Do-

53 5273 275 5352 rotbci;
308 5270 440 5324 alter
460 5276 745 5352 presbyter
772 5270 1186 5352 Antiochensis;
1218 5285 1354 5337 alter
1389 5287 1604 5337 cubicuo

52 5340 230 5394 larius
273 5343 562 5420 eunuchus
599 5340 930 5420 Diocletiani.
970 5351 1130 5420 quue
1172 5340 1489 5406 certissimis
1519 5369 1608 5404 ar-

55 5411 342 5490 gumentis
379 5411 549 5488 astrui
579 5423 772 5479 potest.
822 5411 1170 5490 Ifrimoenim
1213 5422 1492 5490 presbyter
1522 5423 1609 5476 ille

53 5479 450 5557 Antiochensis
475 5491 678 5548 martyr
705 5499 806 5557 non
834 5485 955 5557 fuit.
990 5488 1147 5541 Certe
1178 5479 1435 5543 Eusebius
1465 5491 1514 5544 id
1542 5493 1606 5544 de

53 5548 144 5599 illo
166 5562 291 5632 nar:
319 5547 677 5632 d‘icrigt,_ne_qu.e
705 5552 759 5632 in
795 5553 1054 5632 hoc_loco,
1078 5573 1253 5625 neque
1281 5558 1333 5609 in
1360 5558 1604 5632 lib._v‘r_rt,

49 5632 172 5683 cap.
218 5617 436 5694 I5,‘ubi
464 5617 856 5694 ecclesiasticos
898 5623 1043 5694 ‘viros
1103 5617 1342 5679 recenset
1382 5629 1472 5693 qui
1516 5617 1604 5680 illa

49 5688 439 5751 persecutione
488 5688 800 5754 martyrium
856 5692 1147 5745 subierant.
1180 5695 1241 5746 Et
1287 5688 1466 5746 tamen
1500 5696 1605 5748 Lu—

48 5755 276 5810 cianurn
323 5753 734 5812 AntiochenSem
764 5759 1129 5827 presbyterum
1155 5763 1270 5818 illic
1315 5764 1553 5818 nominat
1586 5782 1600 5818 ι
1639 5771 1653 5793 '

1724 3332 2021 3387 constituit.
2063 3333 2213 3386 Ilnnc
2262 3348 2359 3386 nos
2391 3349 2574 3388 sacras
2614 3333 2924 3401 Scripturas
2964 3334 3017 3385 in
3049 3330 3278 3385 ecclesia

1726 3506 1832 3546 non
1854 3491 2154 3546 omissurus
2203 3491 2386 3559 utique
2418 3490 2740 3542 Dorotbeum
2765 3489 3075 3557 magistrum
3096 3502 3272 3559 suum,

1723 3563 1767 3614 si
1801 3561 1846 3613 is
1899 3561 2208 3628 martyrium
2245 3558 2566 3628 pertulisset.
2611 3559 2810 3628 Deinde
2838 3559 3132 3628 presbyter
3165 3558 3276 3607 An-

1725 3630 2006 3681 tiochenus
2040 3626 2337 3681 Dorotbeus
2389 3629 2470 3680 vir
2501 3627 2600 3680 fuit
2649 3627 2873 3690 nobilis,
2911 3636 2961 3678 et
2999 3626 3278 3691 magistra-

1726 3707 1836 3749 tum
1871 3699 2036 3764 gessit
2094 3711 2373 3763 antequam
2422 3700 2709 3765 presbyter
2751 3697 2920 3749 ﬁeret.
2954 3696 3273 3765 Alter'veru

1720 3763 2019 3817 Dorotbeus
2041 3767 2247 3818 servilis
2277 3765 2374 3817 fuit
2401 3763 2753 3826 conditionis,
2783 3773 2966 3829 utpote
2995 3763 3268 3814 cubicula-

1720 3835 1832 3885 rius
1878 3834 2173 3886 eunuchus.
2224 3834 2458 3900 Denique
2494 3834 2640 3898 prior
2666 3834 2751 3887 ille
2800 3833 3113 3893 Dorotbeus,
3150 3845 3272 3895 pre-

1719 3902 1903 3969 sbyter
1928 3902 2027 3954 fuit
2066 3904 2394 3969 temporibus
2447 3902 2626 3969 (Iyrilli
2654 3903 2886 3968 episcopi
2924 3900 3268 3969 Antiocheni.

1717 3968 1944 4039 Cy’rillus
1967 3980 2142 4024 autem
2176 3968 2361 4024 Sedere
2389 3968 2552 4036 ctepit
2574 3973 2644 4023 ab
2671 3985 2810 4021 anno
2842 3983 2890 4039 Iv
2927 3970 3054 4039 imp.
3085 3968 3265 4039 Ifrobi,

1719 4037 2023 4106 mansitque
2046 4040 2107 4090 ad
2135 4056 2329 4091 annum
2364 4053 2531 4105 usque
2571 4054 2680 4092 xv"
2726 4038 3061 4090 Diocletiani.
3092 4037 3264 4090 Pona-

1713 4123 1832 4161 Inus
1890 4109 2051 4177 igitur
2099 4109 2415 4161 Dorotbeum
2469 4111 2836 4175 presbyterum
2897 4107 3261 4177 fuisse‘circa

1713 4175 1930 4230 exordia
1983 4177 2323 4247 episcopatus
2360 4177 2579 4247 'Cyrilli,
2626 4179 2677 4230 id
2725 4187 2807 4229 est
2841 4178 2938 4230 sub
2973 4175 3148 4228 Probo
3177 4189 3271 4230 aut

1710 4247 1810 4299 sub
1839 4248 1997 4302 Caro.
2055 4246 2193 4298 Fieri
2243 4263 2345 4299 non
2413 4246 2586 4314 potest
2633 4257 2690 4300 ut
2722 4247 2860 4298 idem
2893 4256 3076 4314 postea
3109 4248 3271 4301 fuerit

1710 4317 2072 4386 cubicularius
2101 4316 2435 4369 Diocletiani.
2467 4315 2651 4384 Neque
2679 4317 2821 4369 enim
2851 4331 2916 4370 ex
2938 4318 3269 4386 presbyteris

1711 4385 1851 4451 ﬁunt
1878 4386 2211 4455 cubicularii,
2246 4401 2363 4439 eum
2397 4401 2496 4439 nec
2536 4387 2899 4440 ecclesiastica
2933 4385 3134 4455 regula,
3171 4403 3269 4441 nec

1642 4495 1687 4552 υ
1716 4456 1850 4535 ratio
1879 4459 1990 4523 ipsa
2022 4457 2072 4510 id
2092 4454 2248 4552 ferat.
2269 4455 2473 4552 Quippe
2504 4458 2802 4525 presbyteri
2833 4454 3030 4538 ﬁebant
3061 4466 3266 4538 matura

1712 4525 1820 4592 jam
1872 4535 2042 4577 aetate.
2098 4526 2174 4577 Ad
2207 4527 2512 4578 cubiculum
2561 4537 2739 4582 autem
2787 4527 3084 4594 principum
3116 4530 3264 4590 pueri

1717 4602 1810 4653 aut
1836 4594 2207 4648 adolescentes
2239 4595 2452 4648 formosi
2477 4596 2834 4663 eligebantur.
2863 4596 3012 4661 Quod
3039 4595 3081 4644 si
3113 4595 3266 4644 dixe-

1716 4665 1791 4717 ris
1817 4664 2139 4718 Dorotheum
2191 4665 2488 4733 principatu
2541 4667 2855 4720 Diocletiani
2905 4666 3265 4733 factumesse

1715 4737 2106 4805 presbyterum,
2134 4732 2318 4789 eadem
2353 4744 2534 4789 manet
2561 4735 2876 4798 difﬁcultas;
2909 4732 3174 4805 quomodo
3196 4748 3263 4784 ex
3310 4780 3314 4783 .

1714 4799 2026 4872 presbytero
2049 4805 2218 4858 factus
2245 4808 2315 4857 sit
2342 4805 2721 4859 cubicularius.
2748 4806 2950 4871 Quippe
2988 4815 3054 4852 ex
3099 4799 3265 4872 lfluse-

1715 4873 1802 4924 hio
1828 4869 2052 4940 aliisque
2094 4885 2322 4938 constat,
2355 4876 2678 4928 Dorotbeum
2712 4869 2832 4927 dum
2854 4869 3016 4925 esset
3041 4869 3263 4940 cubicu-

1714 4940 1879 4994 larius
1936 4938 1989 4995 οι
2038 4943 2088 4995 in
2137 4945 2256 5013 aula
2307 4946 2606 5013 principum
2655 4938 3265 5013 versareturtsubiisse

1716 5013 2052 5080 martyrium.
2106 5006 2321 5066 Fefellii
2360 5006 2706 5075 Blon'dellum,
2741 5012 2913 5079 primo
2939 5006 3152 5080 quidem
3189 5011 3265 5060 si-

1714 5077 1958 5133 tnilitudo
1975 5083 2246 5136 nominum
2266 5101 2278 5135 :
2299 5081 2488 5136 deinde
2520 5085 2662 5149 quod
2703 5077 2925 5146 uierque
2951 5077 3230 5149 eunuchus
3249 5119 3262 5138 .

1715 5156 1936 5220 uterque
1988 5151 2184 5204 Charus
2241 5142 2556 5220 imperatori
2597 5150 2764 5220 fuisse
2800 5142 3015 5220 dicitur.
3063 5142 3263 5199 Verum

1711 5215 2140 5272 animadvertere
2171 5215 2428 5274 debuerat
2479 5218 2798 5280 Blondellus,
2831 5215 2945 5268 fieri
2974 5228 3080 5265 non
3107 5229 3263 5282 posse

1711 5293 1768 5335 ut
1803 5285 1941 5358 idem
1981 5287 2138 5358 simul
2169 5299 2316 5343 esset
2360 5288 2637 5358 presbyter
2661 5296 2716 5340 et
2739 5284 3102 5358 cubicularius
3141 5299 3158 5337 :
3189 5287 3262 5358 si-

1707 5352 1819 5432 mul
1848 5367 2032 5432 sacras
2055 5357 2264 5411 litteras
2288 5359 2340 5411 in
2360 5352 2596 5410 ecclesia
2633 5363 2944 5423 exponeret,
2971 5362 3023 5406 et
3051 5354 3105 5407 in
3137 5355 3257 5408 aula

1707 5436 2010 5489 prtnCIpum
2038 5436 2366 5480 versaretur.

1777 5489 1891 5560 (52)
1933 5489 2054 5544 Τῶν
2075 5494 2744 5560 μάλισταέλευθεριων.
2779 5491 2947 5560 Magis
2990 5491 3162 5560 placet
3197 5509 3260 5548 ea

1707 5559 2140 5630 lectio'quamiu
2175 5566 2328 5618 codd.
2380 5563 2517 5615 Med.
2579 5559 2632 5615 et
2680 5562 2812 5615 Maz.
2859 5559 3054 5630 reperi,
3087 5565 3136 5616 id
3174 5575 3260 5616 est

1705 5628 1990 5697 liberaliter
2029 5631 2406 5685 educatus.Sic
2436 5640 2581 5685 certe
2611 5632 2804 5697 legitur
2834 5628 3072 5688 etiamin
3102 5635 3259 5688 codd.

1706 5695 1836 5756 Fuk.
1875 5706 1932 5752 ει·
1970 5699 2256 5756 Saviliano.
2299 5701 2452 5769 Vulg.
2488 5695 2802 5772 ἐλευθέρων.
