3952 6338
115 381 195 434 757
1034 374 1386 432 ntsronm
1424 374 1979 432 ECCLESIASTICE
2019 362 2148 432 Litt.
2188 374 2323 430 vui.

3202 371 3304 426 758

111 497 312 567 ομένων,
330 494 424 547 καὶ
445 490 510 547 αὖ
539 493 694 546 πάλιν
724 493 802 556 είς
826 490 1062 546 τούπίσω
1083 492 1423 564 χωρούντων.
1462 485 1648 546 ’θ’καὶ

1765 494 1818 547 Lis
1853 495 2096 549 manibus
2127 511 2222 550 eas
2252 496 2304 549 in
2337 492 2650 562 semctipsos
2680 492 3047 561 provocabant
3074 490 3305 563 (idenim

112 591 174 651 είς
209 585 412 658 μακρὸν
443 585 752 653 γινόμενον,
799 582 983 652 θαῦμα
1016 587 1273 665 παρεῖχεν
1315 586 1376 638 οὔ
1417 585 1645 656 σμικρὸν

113 683 201 742 τοῖς
229 677 544 745 θεωμένοις,
576 675 713 729 ὥστε
742 675 841 744 ήδη
870 674 956 726 διὰ
981 674 1042 727 τὸ
1070 675 1350 744 ἄπρακτον
1375 675 1469 728 τοῦ
1499 674 1648 746 πρώ-

1749 583 1924 638 facere
1949 583 2300 652 jubebantur)
2338 598 2403 638 ne
2433 583 2768 651 contigerunt
2802 583 3042 651 quidem.
3081 582 3194 639 lmo
3233 583 3310 634 in-

1747 675 1956 729 terdum
2010 674 2226 743 quidem
2279 674 2333 727 in
2382 688 2476 728 eos
2523 672 2850 739 irruebant;
2904 673 3000 727 sed
3061 673 3307 740 protinus

91 785 218 826 του,
262 765 507 836 δεύτερον
554 765 647 816 καὶ
691 765 870 834 τρίτον
900 766 1294 834 προσαφίεσθαι
1333 766 1416 818 ἑνὶ
1447 766 1540 819 καὶ
1569 766 1649 835 τῷ

1765 766 1900 834 ptasi
1950 766 2132 819 divina
2167 767 2404 836 quadam
2435 767 2640 821 virtute
2676 764 2900 834 repulsa:
2927 805 2940 828 ,
2971 774 3118 819 retro
3149 766 3308 818 cede-

115 856 237 926 αὐτῷ
263 855 493 926 μάρτυρι
530 853 732 924 θηρίον.
763 852 1189 925 Καταπλαγῆναι
1231 855 1277 914 δ’
1326 851 1397 927 ἦν
1427 854 1526 926 τὴν
1558 857 1652 909 ἐπὶ

115 949 294 1010 τούτοις
323 946 586 1014 ἀπτόητον
612 945 719 999 τῶν
749 945 907 1017 ἱερῶν
935 947 1156 1000 ἐκείνων
1196 948 1512 1019 καρτερίαν,
1554 947 1651 1003 καλ⁵

114 1043 192 1111 τὴν
227 1042 281 1091 ὲν
319 1039 528 1105 σώμασι
558 1037 693 1100 νέοις
723 1036 1013 1108 βεϐηκυῖαν
1044 1039 1138 1094 καὶ
1168 1040 1523 1111 ἁδιὰτρετιτον
1568 1039 1653 1092 ἔν-

118 1114 296 1183 στασινξ
339 1128 543 1198 Ἑώρας
570 1128 698 1195 γοῦν
737 1128 950 1198 ἡλικίαν
980 1129 1104 1182 οὐδ’¹
1124 1129 1258 1183 ὅλων
1290 1128 1426 1187 ἐτῶν
1455 1131 1649 1192 εἴκοσι,

115 1221 214 1289 δίχα
241 1217 452 1294 δεσμῶν
480 1218 709 1282 ἑστῶτος
736 1219 877 1284 νέου,
905 1220 1000 1273 καὶ
1031 1219 1131 1284 τὰς
1169 1221 1268 1290 μὲν
1299 1223 1485 1292 χεῖρας
1516 1222 1652 1289 ἐφα-

117 1308 346 1370 πλοῦντος
379 1309 457 1370 εἰς
492 1307 723 1380 σταυροῦ
763 1308 930 1362 τύπον
951 1349 965 1374 ,
1015 1308 1418 1379 ἀκαταπλήκτῳ
1462 1310 1520 1363 δὲ
1561 1309 1654 1370 καὶ

115 1399 320 1466 ἀτρεμεῖ
345 1396 550 1469 διανοίᾳ
578 1399 698 1460 ταῖς
725 1397 858 1467 πρὸς
885 1397 947 1450 τὸ
967 1399 1118 1451 Θεῖον
1146 1397 1469 1467 σχολαίτατα
1491 1414 1653 1455 τετα-

118 1488 258 1561 μένον
287 1487 483 1551 λιταῖς,
513 1486 633 1557 μηδ’
677 1486 812 1552 ὅλως
840 1504 900 1539 τε
939 1470 1329 1558 μεθισταμένου
1372 1487 1492 1557 μηδ’
1521 1489 1656 1541 ἀπο-

115 1581 363 1645 κλίνοντός
390 1599 481 1643 ποι
504 1581 597 1640 τοῦ
631 1580 756 1639 ἔνθα
785 1581 1024 1650 εἱστήκει
1065 1580 1261 1644 τόπου,
1304 1582 1520 1653 ἄρκτων
1562 1582 1666 1655 atat

118 1673 409 1744 παρδάλεων
439 1672 606 1743 θυμοῦ
635 1672 728 1725 καὶ
752 1671 976 1724 θανάτου
1008 1671 1276 1725 πνεόντων
1295 1712 1311 1736 ,
1345 1673 1438 1732 καί
1469 1670 1658 1741 σχεδδν

110 1764 265 1839 ,αὐτῆς
288 1762 712 1832 καθαπτομένων
734 1758 895 1814 αὑτοῦ
917 1759 1017 1830 τῆς
1049 1761 1270 1831 σαρκὸς,
1297 1761 1412 1816 ἀλλ’
1437 1763 1538 1815 οὐκ
1562 1757 1657 1815 οἷδ’

1751 857 1904 912 bant.
1931 855 2062 923 Quae
2094 873 2216 913 cum
2258 859 2466 914 diutius
2501 859 2691 912 fierent
2721 897 2736 921 ,
2770 872 2874 911 non
2921 856 3178 911 mediocri
3213 857 3308 910 ad-

1753 947 2036 1003 miratione
2092 948 2253 1004 defixi
2301 959 2456 1005 erant
2501 960 2837 1019 spectatores
2889 966 2905 1004 :
2955 949 3088 1002 adeo
3137 957 3195 1000 ιιι
3243 945 3312 1001 ob

1752 1054 1963 1093 cassum
1991 1047 2050 1092 et
2080 1038 2294 1092 inanem
2323 1042 2526 1109 prioris
2573 1042 2755 1096 bestiae
2791 1041 3063 1095 incursum
3083 1078 3098 1102 ,
3141 1038 3309 1091 altera

1751 1143 1940 1185 rursus
1965 1143 2030 1184 ac
2075 1131 2231 1184 tertia
2287 1130 2340 1184 in
2396 1148 2558 1187 unum
2611 1133 2965 1200 eumdemque
3013 1138 3313 1198 martyrem

1752 1218 2107 1273 emitteretur.
2159 1217 2342 1272 Mirari
2390 1228 2522 1274 tunc
2571 1221 2770 1275 licebat
2821 1210 3137 1288 intrepidam
3190 1231 3313 1285 erga

1751 1295 2207 1369 basesanctorum
2239 1309 2628 1374 constantiam,
2663 1319 2717 1364 et
2741 1309 2990 1364 stabilem
3024 1317 3184 1377 atque
3230 1306 3317 1358 in-

1754 1411 2075 1453 concussam
2111 1399 2163 1452 in
2213 1399 2415 1454 teneris
2465 1400 2788 1469 corporibus
2826 1400 2991 1454 animi
3039 1395 3318 1453 fortitudi-

1755 1503 1900 1559 nem.
1933 1487 2140 1558 Quippe
2181 1489 2414 1542 vidisses
2444 1497 2570 1543 tunc
2602 1487 3066 1542 adolescentulum
3102 1483 3318 1540 vixdum

1758 1579 2074 1634 vicesimum
2097 1581 2272 1634 aetatis
2299 1595 2497 1632 annum
2536 1579 2870 1648 ingressum,
2903 1579 3109 1648 absque
3135 1577 3322 1630 vincu-

1758 1670 1828 1728 lis
1869 1681 2102 1726 stantem
2135 1692 2149 1726 :
2180 1681 2235 1727 et
2268 1672 2516 1725 manibus
2541 1670 2593 1724 in
2621 1671 2802 1724 crucis
2834 1668 3064 1723 formam
3115 1681 3320 1736 expan-
3425 1663 3428 1666 ’

1760 1765 1856 1830 sis,
1891 1764 2155 1834 firmoque
2181 1773 2234 1818 et
2279 1764 2547 1833 impavido
2581 1763 2762 1816 animo
2807 1760 3168 1823 attentissime
3216 1760 3323 1812 Deo

117 1832 245 1918 ὅπως
275 1855 392 1932 θείᾳ
423 1856 516 1912 καὶ
543 1854 833 1924 ἀπορρήτῳ
861 1850 1085 1921 δυνάμει
1126 1854 1407 1924 μονονουχὶ
1429 1870 1659 1924 φραττο-

1765 1857 2193 1924 supplicantem;
2230 1873 2328 1912 nec
2361 1858 2428 1912 ab
2460 1873 2534 1914 eo.
2561 1857 2615 1910 in
2667 1870 2773 1924 quo
2807 1862 3033 1907 steterat
3083 1853 3204 1907 loco
3235 1868 3321 1904 re-

118 1947 279 2013 μένων
302 1939 360 2000 τὸ
395 1947 587 2015 στόμα,
611 1944 701 1997 καὶ
725 1939 876 2005 αὖθις
906 1942 1408 2014 παλινδρομούντων
1437 1946 1516 2006 είς
1542 1946 1665 1997 τοὺ-

117 2029 261 2092 πίσω.
297 2039 407 2092 Kal.
451 2030 603 2098 οὗτος
647 2034 746 2104 μὲν
789 2027 882 2086 οὖν
909 2032 1144 2096 comico;
1169 2050 1253 2097 τις
1293 2031 1380 2106 ἦν.
1415 2034 1581 2106 Πάλιν
1617 2034 1662 2087 δ’

112 2128 176 2188 ἂν
215 2129 429 2198 ἑτέρους
469 2102 822 2190 εἶδες-,πέντε
863 2123 971 2196 γὰρ
1015 2125 1064 2177 οἱ
1104 2102 1328 2188 πάντες-
1351 2102 1661 2202 ἐτύγχανον,

115 2221 421 2291 ἠγριωμένῳ
439 2216 626 2292 ταύρῳ
645 2211 1110 2287 παραϐληθέντας,
1126 2216 1185 2279 ὃς
1202 2218 1328 2279 τοὺς
1351 2216 1450 2288 μὲν
1470 2215 1662 2281 ἄλλους

112 2312 211 2364 τῶν
237 2310 428 2378 ἔξωθεν
458 2307 819 2378 προσιόντων,
849 2309 964 2368 τοῖς
1003 2305 1229 2376 κέρασιν
1271 2307 1352 2370 εἰς
1399 2308 1490 2360 τὸν
1522 2307 1665 2378 ἀέρα

117 2397 307 2474 ῥίπτων
325 2395 729 2466 διεσπάραττεν,
743 2393 1043 2471 ἡμιθνῆτας
1065 2393 1312 2466 αἴρεσθαι
1323 2394 1659 2459 καταλιπὼν,

115 2488 198 2546 ἐπὶ
229 2487 416 2557 μόνους
463 2485 520 2539 δὲ
560 2485 713 2558 θυμῷ
752 2486 844 2538 καὶ
886 2484 1079 2556 ἀπειλῇ
1117 2486 1244 2545 τοὺς
1274 2485 1452 2556 ἱεροὺς
1478 2484 1665 2555 ὁρμῶν

117 2581 408 2656 μάρτυρας,
437 2580 554 2632 οὐδὲ
583 2579 896 2648 πλησιάζειν
924 2580 1106 2641 αὐτοῖς
1129 2573 1242 2642 οἷός
1268 2595 1327 2632 τε
1357 2573 1446 2649 ἦν,
1478 2578 1665 2648 κυρίτ-

113 2687 211 2726 των
240 2667 298 2730 δὲ
321 2674 433 2734 τοῖς
464 2665 588 2729 ποσῖ
618 2669 730 2741 (19)
760 2670 853 2724 καὶ
877 2672 990 2734 τοῖς
1028 2670 1220 2740 κέρασι
1268 2670 1395 2740 τῇδε
1442 2669 1664 2722 κάκεῖσε

114 2765 398 2835 χρώμενος,
430 2767 523 2818 καὶ
564 2765 651 2818 διὰ
696 2765 819 2828 τοὺς
862 2765 967 2819 τῶν
1013 2765 1302 2835 καυτήριον
1347 2762 1666 2834 ἐρεθισμοὺς

117 2856 278 2927 θυμοῦ
311 2860 402 2911 καὶ
428 2858 656 2926 ἀπειλῆς
684 2859 878 2921 πνέων,
910 2860 986 2920 είς
1016 2857 1254 2911 τούπίσω
1282 2857 1417 2928 πρὸς
1445 2857 1542 2926 τῆς
1586 2858 1666 2909 ἱε-

117 2950 207 3018 ρᾶς
237 2947 542 3001 ἀνθείλκετο
570 2948 861 3017 Προνοίας·
894 2947 970 3011 ὡς
1000 2948 1135 3019 μηδὲ
1157 2947 1347 3000 τούτου
1375 2947 1536 3017 μηδὲν
1561 2964 1666 3017 μη-

115 3035 294 3106 δαμῶς
327 3037 519 3099 αὐτοὺς
548 3037 915 3106 ἀδικήσαντος,
949 3037 1112 3107 ἔτερα
1167 3037 1300 3090 ἄττα
1348 3037 1527 3098 αὐτοῖς
1572 3038 1670 3090 ἐπ-

114 3128 356 3196 αφίεσθαι
378 3127 558 3211 θηρία.
579 3126 740 3189 Τέλος
761 3126 824 3195 δὴ
837 3122 930 3179 οὖν
959 3128 1092 3197 μετὰ
1112 3127 1210 3190 τὰς
1233 3126 1409 3189 δεινὰς
1432 3125 1526 3180 καὶ
1553 3145 1672 3180 ποι-

1761 1945 2038 1999 cedentem
2070 1955 2165 1999 aut
2210 1947 2477 2002 ullatenus
2508 1948 2868 2003 declinantem
2901 1963 2918 2000 :
2949 1961 3071 1999 cum
3107 1941 3322 1997 interim

1761 2035 1876 2088 ursi
1915 2043 1971 2089 et
1997 2037 2148 2104 pardi
2183 2037 2420 2093 furorem
2454 2055 2517 2095 ac
2545 2050 2773 2094 mortem
2804 2025 3040 2091 anhelitu
3071 2037 3189 2104 ipso
3218 2032 3324 2100 spi-

1762 2133 1946 2178 τεπῑεε
1971 2163 1987 2190 9
2023 2128 2263 2184 membra
2314 2128 2459 2184 illius
2489 2146 2626 2199 pene
2647 2131 2760 2200 jam
2793 2127 3060 2183 morsibus
3107 2125 3324 2179 invade-

1760 2223 1903 2265 rent.
1934 2212 2036 2278 Qui
2071 2217 2470 2282 tamen,nescio
2498 2232 2602 2286 quo
2634 2227 2795 2285 pacto
2823 2258 2838 2284 ,
2885 2214 3201 2271 constrictis
3247 2211 3325 2264 di-

1761 2301 2147 2368 vina'quadam
2175 2316 2229 2359 et
2250 2321 2457 2372 arcana
2505 2306 2704 2358 virtute
2755 2306 2994 2373 ipsorum
3035 2302 3324 2366 faucibus,
3389 2342 3391 2346 τ

1763 2411 1908 2457 retro
1934 2399 2182 2469 protinus
2226 2396 2606 2452 abscedebant.
2655 2394 2718 2448 Et
2758 2394 2848 2449 hic
2872 2397 3098 2464 quidem‘
3132 2409 3189 2448 se
3215 2407 3331 2463 ges-

1761 2493 1834 2548 sit
1861 2492 1964 2547 isto
1993 2506 2151 2560 quem
2188 2489 2423 2544 diximus
2455 2487 2634 2542 modo.
2671 2486 2876 2541 Rursus
2910 2501 3039 2540 vero
3079 2486 3212 2540 alios
3242 2483 3325 2538 vi-

1725 2651 1727 2654 .
1763 2580 1936 2635 disses
1966 2579 2141 2650 (erant
2178 2579 2320 2632 enim
2350 2591 2536 2631 omnes
2569 2589 2793 2631 numero
2815 2570 3072 2645 quinque)
3104 2574 3328 2630 el'l'erato

1764 2672 2002 2738 obiectos
2029 2681 2187 2724 tauro
2216 2709 2231 2734 ,
2268 2670 2361 2738 qui
2393 2672 2524 2724 alios
2551 2668 2766 2739 quidem
2797 2682 2859 2720 ex
2895 2666 3188 2720 inﬁdelium
3227 2681 3326 2718 nu-

1767 2777 1918 2817 mero
1946 2750 2203 2817 cornibus
2230 2763 2283 2814 in
2317 2761 2549 2814 sublime
2589 2760 2822 2830 jactatos
2871 2756 3212 2824 discerpebat
3262 2769 3324 2808 ac

1766 2854 2057 2910 semivivos
2083 2849 2440 2922 asportandos
2472 2852 2812 2920 relinquebat
2836 2868 2850 2904 :
2886 2851 2951 2904 ad
2980 2849 3121 2904 solos
3149 2855 3326 2901 autem

1768 2960 1954 3000 sacros
1971 2955 2256 3015 martyres,
2293 2959 2417 2997 cum
2461 2944 2513 2996 in
2551 2957 2645 2996 eos
2679 2941 2865 2996 furens
2890 2948 2945 2994 et
2975 2937 3329 2993 minabundns

1772 3038 2021 3102 irrueret,
2057 3051 2125 3091 ne
2148 3037 2405 3090 accedere
2443 3035 2658 3103 quidem
2712 3040 2942 3102 poterat.
2970 3030 3074 3085 Sed
3105 3028 3329 3098 pedibus
3370 3062 3377 3072 .

1774 3137 1969 3180 terram
1995 3128 2265 3195 quatiens,
2299 3136 2354 3179 et
2393 3127 2493 3180 hac
2528 3125 2652 3178 illac
2672 3122 2886 3189 iactans
2915 3135 3142 3184 cornua,
3169 3129 3330 3188 atque

115 3217 264 3281 κελας
296 3217 496 3270 τούτων
523 3215 854 3286 προσϐολὰς,
889 3216 1028 3286 ξίφει
1076 3217 1515 3285 κατασφαγέντες
1556 3218 1661 3287 (20)

1770 3218 1839 3273 ob
1872 3219 2154 3273 candentis
2183 3218 2308 3272 f‘erri
2340 3215 2584 3271 stimulos
2609 3214 2769 3286 300
2801 3214 3036 3266 furorem
3067 3227 3129 3264 ac
3155 3211 3328 3264 minas

111 3307 160 3358 οι
187 3303 402 3371 πάντες,
426 3307 547 3360 ἀντὶ
573 3309 674 3379 γῆς
699 3309 792 3361 καὶ
819 3310 1002 3379 τάφων
1029 3312 1140 3373 τοῖς
1170 3308 1472 3373 θαλαττίοις
1494 3326 1668 3381 παρα-

114 3395 338 3449 δίδονται
365 3399 592 3466 κύμασι.

1773 3308 2007 3373 spirans,
2040 3305 2393 3361 nihilominus
2439 3304 2619 3358 divina
2665 3303 2962 3356 obsistente
2994 3297 3328 3369 providentia

1775 3407 1922 3454 retro
1963 3396 2336 3457 avertebatur;
2369 3396 2602 3451 Proinde
2648 3409 2769 3449 cum
2823 3392 3128 3446 nullatenus
3153 3391 3220 3443 ab
3265 3399 3328 3440 eo

114 3486 223 3538 laesi
261 3497 478 3550 essent,
545 3490 662 3543 alia:
720 3506 906 3544 rursus
955 3491 1007 3542 in
1058 3490 1178 3544 illos
1221 3489 1474 3544 immissa:
1517 3499 1644 3543 sunt
1699 3489 1906 3555 bestiae.
1964 3489 2201 3549 Tandem
2255 3489 2485 3556 denique
2535 3495 2659 3555 post
2713 3484 3037 3554 multiplices
3087 3477 3140 3535 et
3195 3481 3324 3534 hor-

117 3578 311 3631 rendos
357 3579 651 3633 bestiarum
709 3581 958 3634 incursus
1025 3583 1207 3636 cuncti
1272 3584 1451 3653 gladio
1520 3581 1799 3649 confossi,
1853 3582 2086 3654 sepulcri
2155 3582 2273 3639 loco
2344 3581 2568 3635 marinis
2621 3566 2924 3650 gurgitibus
2972 3571 3329 3629 commendati

113 3675 256 3720 sunt.

639 3724 1030 3817 ΚΕΦᾸΑΑιοΝ
1063 3766 1143 3819 Ην.

111 3854 247 3924 Περὶ
281 3854 401 3909 τῶν
435 3857 584 3910 κατὰ
614 3854 728 3922 τὴν
743 3855 1039 3923 Αἴγυπτον
1076 3854 1212 3922 (Nic.
1250 3855 1320 3911 Η.
1365 3855 1429 3910 Ε.
1468 3873 1560 3922 vu,
1595 3857 1672 3930 8).

171 3947 286 4000 Καὶ
326 3947 558 4011 τοιοῦτος
607 3946 703 4018 μὲν
747 3949 775 3999 ὁ
819 3945 966 4014 ἀγὼν
1009 3946 1114 3998 τῶν
1160 3947 1301 3998 κατὰ
1333 3948 1508 4017 Τύρον
1549 3950 1672 4013 τοὺς

113 4038 252 4112 ὑπὲρ
315 4039 592 4110 εὐσεβείας
645 4040 833 4102 ἄθλους
905 4035 1289 4107 ἐνδειξαμένων
1340 4039 1671 4106 Αἰγυπτίων.

106 4128 421 4201 θαυμάσειε
450 4131 493 4183 δ’
512 4131 576 4184 ἄν
614 4147 698 4194 τις
732 4127 906 4182 αὐτῶν
934 4129 1028 4180 καὶ
1057 4129 1181 4189 τοὺς
1211 4126 1301 4180 ἐπὶ
1340 4128 1438 4196 τῆς
1465 4128 1668 4192 οἰκείοις

109 4221 209 4290 γῆς
245 4222 722 4291 μαρτυρήσαντας
754 4220 880 4274 ἔνθα
905 4219 1081 4290 μυρίοι
1107 4218 1198 4270 τὸν
1220 4217 1447 4288 ἀριθμὸν
1477 4218 1666 4289 ἄνδρες

106 4311 220 4380 ἅμα
249 4309 469 4378 γυναιξὶ
495 4311 586 4362 καὶ
609 4311 810 4374 παισὶν,
840 4310 980 4380 ὑπὲρ
1006 4310 1102 4380 τῆς
1128 4307 1219 4360 τοῦ
1239 4309 1485 4378 Σωτῆρος
1510 4309 1665 4377 ήμῶν

105 4401 455 4463 διδασκαλίας
497 4399 590 4453 τοῦ
633 4402 959 4472 προσκαίρου
999 4403 1097 4472 ζῇν
1147 4401 1663 4471 καταφρονήσαντες,

103 4491 401 4564 διαφόρους
434 4491 723 4560 ὑπέμειναν
769 4492 1047 4554 θανάτους.
1089 4495 1150 4544 Oi
1191 4492 1287 4561 μὲν
1315 4489 1488 4545 αὐτῶν
1532 4490 1666 4559 μετὰ

2355 3766 2580 3824 CAPUT
2615 3765 2746 3822 Vlll.

2060 3860 2134 3914 De
2169 3863 2235 3914 iis
2263 3862 2351 3930 qui
2379 3861 2431 3912 in
2463 3858 2695 3926 Egypta
2722 3853 2865 3922 passi
2897 3860 3040 3905 sunt.

1840 3947 2156 4018 llujusmodi
2203 3949 2307 4002 fuit
2352 3955 2622 3999 certamen
2669 3941 3042 4010 Egyptiorum
3071 3977 3087 4002 ,
3137 3937 3227 4003 qui
3276 3936 3352 3990 in.

1770 4039 1900 4092 Urbe
1927 4039 2071 4106 Tyro
2101 4048 2199 4106 pro
2240 4039 2438 4103 pietate
2472 4035 2705 4103 gloriose
2748 4030 3102 4084 dimicarunt.
3145 4027 3250 4082 Sed
3278 4037 3335 4084 et

1773 4126 1892 4180 illos
1918 4125 2198 4195 :Egyptios
2228 4126 2317 4194 qui
2357 4125 2501 4178 domi
2534 4120 2853 4192 martyrium
2901 4118 3139 4188 perpessi
3169 4127 3292 4174 sunt
3315 4157 3332 4181 ,

1775 4218 1968 4270 merito
1995 4219 2117 4284 quis
2147 4216 2464 4269 admiretur.
2499 4214 2616 4267 lllic
2663 4214 2806 4266 enim
2854 4211 2952 4265 viri
2992 4225 3156 4280 prope
3184 4211 3334 4264 innu-

1773 4309 2056 4364 merabiles
2105 4324 2230 4361 cum
2265 4309 2528 4361 uxoribus
2556 4316 2608 4360 et
2633 4305 2840 4370 liberis,
2885 4318 2982 4374 pro
3021 4301 3331 4357 Servaloris

1774 4400 1940 4452 nostri
1971 4397 2216 4452 doctrina
2257 4397 2602 4466 temporalem
2645 4398 2786 4451 hanc
2816 4395 2983 4448 vitam
3031 4390 3326 4461 aspernati,

1772 4494 1916 4544 varia
1948 4493 2136 4547 mortis
2159 4505 2359 4562 genera
2390 4493 2770 4546 sustinuerunt
2804 4507 2818 4543 :
2852 4486 2943 4540 alii
2966 4473 3182 4554 quidem
3212 4492 3331 4550 post

105 4581 347 4653 ξεσμοὺς
375 4583 462 4634 καὶ
493 4579 844 4652 στρεϐλώσεις
878 4583 1140 4650 μάστιγάς
1167 4599 1224 4635 τε
1263 4581 1661 4651 χαλεπωτὰτας,

1771 4581 2001 4651 ungulas
2028 4597 2090 4636 ac
2127 4580 2395 4644 fidiculas,
2425 4590 2546 4649 post
2586 4577 2962 4633 crudelissima
2995 4575 3219 4626 verbera
3274 4580 3329 4625 et

101 4675 192 4726 καὶ
224 4674 434 4745 μυρίας
463 4674 625 4734 ἄλλας
653 4671 895 4733 ποικίλας
924 4674 1016 4725 καὶ
1049 4675 1276 4743 φρικτὰς
1306 4671 1527 4725 ἀκοῦσαι
1567 4671 1663 4741 βα-

103 4764 300 4828 σάνους
335 4767 470 4836 πυρὶ
513 4753 916 4836 παραδοθέντες,
953 4766 1001 4815 οἱ
1034 4765 1091 4817 δὲ
1137 4767 1356 4835 πελάγει
1397 4764 1664 4837 καταϐρο-

97 4852 441 4920 χθισθέντες,
477 4856 620 4910 ἄλλοι
647 4855 703 4908 δὲ
733 4853 1007 4924 εὐθαρσῶς
1033 4859 1146 4918 τοῖς
1170 4857 1532 4927 ἀποτέμνουσι
1565 4857 1663 4921 τὰς

99 4942 311 4996 ἑαυτῶν
338 4947 713 5017 προτείναντες
745 4943 1000 5013 κεφαλὰς,
1035 4947 1081 4998 oi
1115 4946 1177 5013 δὲ,
1202 4949 1295 5001 καὶ
1315 4946 1666 5009 ἐναποθανόν-

95 5047 186 5093 τες
208 5036 342 5097 ταῖς
379 5037 644 5105 βασάνοις,
669 5037 840 5107 ἕτεροι
869 5034 925 5086 δὲ
957 5033 1098 5104 λιμῷ
1123 5036 1501 5107 διαφθαρέντες
1523 5054 1536 5067 ·
1571 5038 1662 5090 καὶ

96 5120 246 5176 ἄλλοι
272 5125 444 5178 πάλιν
470 5125 1028 5188 ἀνασκολοπισθέντες,
1061 5127 1109 5178 oi
1152 5127 1248 5196 μὲν
1281 5128 1418 5181 κατὰ
1456 5127 1517 5179 τὸ
1540 5126 1665 5183 σύν-

92 5211 224 5285 ηθες
255 5218 382 5278 τοῖς
423 5219 764 5290 κακούργοις,
803 5218 851 5271 oi
890 5217 945 5268 δὲ
991 5216 1084 5275 καὶ
1122 5219 1376 5288 χειρόνως
1404 5217 1668 5272 ἀνάπαλιν

159 5445 290 5535 (19)’
306 5464 614 5535 Κυρίττων
633 5465 700 5518 δὲ
722 5464 844 5532 τοῖς
863 5466 1025 5519 ποσί.
1041 5461 1193 5516 Ilunc
1210 5463 1384 5535 locum
1404 5463 1664 5532 Nicepho-

91 5533 184 5594 ωε
215 5533 572 5614 interpolavit
596 5537 727 5589 etin
753 5551 970 5590 sensum
1014 5547 1233 5603 prorsus
1278 5534 1508 5588 alienum
1531 5548 1660 5586 con-

90 5614 282 5742 wax).
313 5671 486 5740 Ξίφει
508 5672 998 5741 κατασφαγέντες.
1025 5671 1236 5742 Langus
1256 5671 1415 5724 vertit
1451 5689 1474 5723 ι
1499 5671 1655 5738 jugu-

91 5743 202 5808 lati,
243 5764 263 5796 ι
319 5756 494 5811 recte,
522 5744 850 5811 utequidem-
875 5743 1067 5798 sentio.
1101 5741 1210 5796 Mos
1243 5745 1384 5797 enim
1421 5752 1559 5804 erat,
1596 5748 1654 5792 ut

1773 4676 1952 4729 varios
1986 4676 2105 4742 ipso
2144 4673 2306 4728 etiam
2355 4674 2499 4726 dictu
2531 4669 2832 4724 horrendos
2861 4664 3136 4720 cruciatus
3174 4661 3326 4715 flam-

1773 4766 1875 4820 mis
1901 4764 2170 4834 absumpti
2203 4781 2216 4816 :
2251 4763 2341 4819 alii
2379 4776 2509 4815 vero
2539 4761 2594 4813 in
2628 4773 2774 4812 mare
2801 4753 3050 4811 demersi.
3073 4751 3175 4804 Alii
3206 4765 3326 4803 car-

1771 4854 2020 4909 nificibus
2065 4852 2241 4920 capita
2277 4865 2374 4903 sua
2402 4847 2730 4916 amputanda
2778 4840 2943 4897 alacri
2980 4837 3161 4890 animo
3188 4850 3329 4904 prai-

1771 4950 2024 5004 bucrunt.
2057 4941 2306 4996 Nonnulli
2360 4939 2642 4993 tormentis
2677 4935 2808 5002 ipsis
2856 4927 3159 4991 immortui;
3203 4925 3325 4993 qni-

1767 5041 1887 5092 dam
1922 5039 2063 5088 fame
2097 5032 2420 5098 consumpti.
2463 5031 2563 5082 Alii
2594 5029 2827 5091 denique
2850 5021 2901 5072 in
2939 5031 3153 5071 crucem
3181 5016 3321 5081 acti;

1771 5144 1895 5198 pars
1939 5141 2004 5180 eo
2054 5125 2215 5178 modo
2257 5139 2362 5192 quo
2415 5120 2643 5176 malefici
2695 5114 2853 5181 vulgo
2889 5108 3063 5176 sufligi
3098 5107 3318 5162 solent:

1773 5232 1897 5286 pars
1929 5214 2168 5270 atrocius
2192 5253 2209 5278 ,
2239 5215 2416 5283 capite
2450 5216 2695 5266 deorsum
2724 5213 2879 5256 verso
2904 5199 3074 5254 clavis
3101 5198 3321 5262 confixi,

1769 5458 2105 5512 confectores
2159 5458 2595 5512 immitterentur,
2651 5445 2743 5514 qui
2790 5443 2995 5514 noxios
3045 5446 3098 5499 in
3156 5461 3317 5498 arena

1771 5528 2094 5595 iugularem,
2124 5537 2180 5579 ut
2206 5539 2366 5591 supra
2393 5512 2682 5595 observavi
2713 5512 2803 5568 ubi
2835 5513 2900 5566 de
2940 5518 3186 5595 passione
3219 5515 3318 5594 [ξυ-

1783 5584 1989 5664 γέοτρί.
2025 5584 2166 5650 Cave
2197 5584 2356 5660 igitur
2379 5589 2652 5644 existimes
2681 5594 2944 5654 martyres
2982 5584 3102 5640 illos
3140 5586 3317 5652 capite

1760 5675 2034 5722 truncatos
2058 5664 2239 5719 fuisse.
