3938 6344
637 259 640 262 ’
668 293 770 353 ’νιι

1363 295 1632 353 ensem
1663 255 2134 356 caaSamsusns
2171 294 2197 352 ι

2297 307 2320 351 ’.
2365 295 2542 356 PARS
2578 297 2622 352 1.
2769 292 3158 359 HlSTOﬁICA.

3741 292 3830 349 773

666 416 831 487 306
855 415 1028 471 minas
1053 432 1127 473 ne
1151 416 1337 471 auditu
1366 417 1583 487 quidem
1610 419 1873 474 sustinere
1895 417 1995 472 sibi
2021 418 2119 488 ipsi
2147 432 2197 472 at

2310 415 2557 482 ἀκοῦσαι,
2582 397 2746 487 ἑαυτῇ
2767 431 2825 467 τε
2849 414 2942 469 καὶ
2963 415 3080 476 ταῖς
3098 413 3286 482 κόραις
3307 409 3822 483 παρακελευσαμένη,

668 508 876 562 ﬁliabus
919 506 1002 560 las
1030 519 1190 561 esset.
1223 508 1304 560 Ad
1338 508 1451 562 haec
1479 509 1710 561 animam
1743 509 1986 562 servituti
2028 518 2082 563 et
2103 508 2210 562 ob-

667 598 853 663 sequio
880 598 1182 651 daemonum
1215 599 1542 666 mancipare,
1565 599 1714 652 omni
1747 607 1916 652 morte
1939 598 2210 666 exitioque

664 689 816 756 pejus
841 703 963 741 esse
997 704 1119 742 cum
1153 688 1402 751 dixisset,
1426 688 1642 740 unicum
1666 691 1923 742 adversus
1959 690 2067 740 hare
2092 703 2205 741 om-

660 778 752 849 nia
791 778 1086 844 remedium
1117 791 1234 830 esse
1275 775 1578 841 admonuit,
1609 778 1653 830 si
1705 780 1769 830 ad
1820 772 1972 844 opem
2004 775 2204 830 Christi

665 862 1036 936 Confugerent.
1073 867 1165 921 His
1198 867 1375 931 dictis,
1411 869 1550 921 idem
1581 883 1767 922 omnes
1788 869 2068 921 consilium
2090 883 2204 921 am-

663 957 862 1026 plexae;
895 973 1016 1011 cum
1065 959 1131 1010 ad
1177 958 1405 1011 medium
1444 958 1655 1012 itineris
1688 959 2072 1027 pervenissent,
2112 974 2205 1012 ve-

627 1087 630 1090 .
664 1049 804 1101 niam
833 1063 862 1099 a
889 1031 1148 1101 militibus
1174 1056 1431 1116 pctuntut
1452 1049 1716 1114 tantisper
1735 1048 1797 1100 de
1823 1048 1903 1100 via
1923 1048 2204 1104 deﬂectere

663 1138 762 1189 sibi
809 1137 1013 1190 liceret.
1050 1136 1168 1201 Quo
1209 1136 1513 1203 impetrato,
1548 1136 1858 1202 compositis
1889 1137 2105 1189 honeste
2139 1152 2202 1190 ac

662 1227 914 1280 decenter
950 1227 1215 1287 vestibus,
1254 1226 1305 1278 iu
1337 1224 1698 1292 prmﬂuentem
1741 1240 1800 1278 se
1831 1224 2044 1278 ﬂuvium
2078 1241 2203 1279 con-

656 1316 921 1384 iecerunt.
939 1317 1005 1369 Et
1022 1317 1102 1369 hae
1123 1314 1340 1383 quidem
1359 1315 1672 1381 semetipsos
1694 1315 1762 1366 ita
1779 1316 2199 1370 submerserunt.

660 1407 789 1462 Dine
819 1418 944 1461 vero
975 1407 1096 1459 alia;
1125 1406 1359 1475 virgines
1387 1406 1440 1458 in
1465 1407 1654 1460 eadem
1680 1405 1810 1458 urbe
1831 1407 2023 1458 divina:
2049 1421 2200 1474 pror-

657 1511 752 1550 Sns
789 1512 850 1550 ac
874 1490 1144 1565 germana:
1170 1510 1266 1564 per
1295 1497 1473 1550 omnia
1515 1510 1746 1560 sorores,
1782 1495 2056 1563 splendore
2085 1497 2203 1565 quia»

656 1585 778 1640 dem
809 1586 1086 1648 natalium,
1114 1586 1329 1654 opibus,
1360 1593 1516 1637 :etate
1549 1594 1602 1637 et
1626 1583 1795 1638 forma
1822 1583 2086 1648 ﬂorentes,
2112 1585 2201 1638 sed

655 1677 921 1745 gravitate
951 1689 1181 1737 morum,
1229 1674 1426 1727 mentis
1473 1674 1691 1742 pietate,
1735 1676 2017 1744 studioque
2045 1687 2098 1730 et
2125 1665 2204 1729 in;

2305 505 2442 561 ἀλλὰ
2477 506 2571 560 καὶ
2597 506 2657 558 τδ
2687 491 2972 576 προδοῦναι
2998 504 3096 566 τὰς
3131 503 3308 579 ψυχὰς
3335 506 3399 572 τῇ
3438 502 3548 554 τῶν
3589 503 3826 572 δαιμόνων

2305 597 2537 667 δουλεία,
2564 598 2779 650 πάντων
2808 595 3068 666 ὑπάρχειν
3089 593 3330 646 θανάτων
3355 593 3450 645 καὶ
3472 593 3650 663 πάσης
3673 597 3825 662 χεῖρον

2305 688 2575 750 ἀπωλείας
2607 689 2839 758 φήσασα,
2878 687 3002 757 μίαν
3028 684 3228 738 τούτων
3257 683 3510 736 ἁπάντων
3537 678 3672 742 εἶναι
3697 683 3827 739 λύσιν

2306 779 2603 842 ὑπετίθετο,
2639 779 2736 849 τὴν
2768 777 2860 830 ἐπὶ
2885 770 2972 829 τὸν
3011 775 3211 846 Κύριον
3237 774 3588 844 καταφυγήν·
3622 774 3827 827 κᾶπειτα

2303 866 2437 938 ὁμοῦ
2463 870 2526 938 τῇ
2559 861 2748 938 γνώμῃ
2779 866 3113 935 συνθέμεναι,
3139 865 3208 916 τά
3236 880 3294 916 τε
3324 862 3552 932 σώματα
3577 864 3825 934 περιστείει

2302 957 2459 1011 λασαι
2489 957 2725 1027 κοσμίως
2759 961 2871 1020 τοῖς
2906 956 3321 1026 περιϐλήμασιν,
3353 955 3438 1006 ἐπ’
3482 953 3648 1022 αὐτῆς
3680 954 3827 1025 μέσης

2303 1048 2583 1117 γενόμεναι
2619 1048 2715 1118 τῆς
2752 1045 2871 1100 ὁδοῦ
2896 1046 3024 1117 (48),
3064 1045 3232 1119 βραχύ
3262 1063 3313 1098 τι
3344 1047 3469 1107 τοὺς
3502 1043 3738 1114 φύλακας
3760 1051 3825 1111 εις

2304 1137 2646 1208 ἀναχώρησιν
2696 1138 3295 1208 ὑποπαραιτησάμεναι,
3346 1132 3442 1189 ἐπϊ
3475 1140 3824 1209 παραρρέοντα

2304 1227 2544 1297 ποταμὸν
2583 1225 2778 1289 ἑαυτὰς
2824 1227 3146 1296 ὴκόντισανε
3175 1227 3296 1279 Αῖδε
3344 1225 3444 1295 μὲν
3482 1222 3577 1279 οὖν
3625 1228 3822 1290 ἑαυτάςσ

2303 1312 2466 1383 ἄλλην
2492 1313 2536 1364 δ’
2573 1315 2656 1365 ἐπ’
2690 1314 2855 1383 αὐτῆς
2911 1314 3230 1390 Ἀντιοχείας
3260 1313 3523 1384 ξυνωρίδα
3574 1315 3825 1389 παρθένων

2302 1405 2370 1456 τὰ
2401 1406 2573 1458 πάντα
2601 1403 2912 1474 θεοπρεπῶν
2941 1405 3033 1458 καὶ
3061 1405 3272 1475 ἀληθῶς
3303 1405 3564 1474 ἀδελφῶν,
3598 1408 3821 1472 ἐπιδόξων

2307 1495 2407 1564 μὲν
2439 1495 2498 1546 τὸ
2522 1495 2694 1562 γένος,
2729 1494 2988 1564 λαμπρῶν
3024 1494 3081 1546 δὲ
3109 1494 3196 1547 τὸν
3235 1495 3367 1564 βίον,
3399 1496 3535 1550 νέων
3564 1498 3686 1561 τοὺς
3714 1497 3822 1568 χρόέ

2305 1601 2447 1647 νους,
2487 1584 2698 1654 ὡραίων
2728 1583 2788 1636 τὸ
2825 1585 3002 1654 σῶμα,
3033 1585 3238 1655 σεμνῶν
3266 1585 3362 1656 τὴν
3388 1586 3586 1657 ψυχὴν,
3615 1585 3822 1643 εὐσεϐῶν

2307 1675 2398 1728 τὸν
2430 1675 2647 1745 τρόπον,
2679 1674 2999 1745 θαυμαστῶν
3029 1676 3126 1745 τὴν
3156 1677 3388 1747 σπουδὴν
3407 1714 3422 1741 ,
3453 1678 3527 1741 ὡς
3558 1678 3623 1751 ἂν
3656 1678 3724 1749 μὴ
3751 1695 3825 1746 φεά

656 1743 858 1820 dustria
883 1764 1144 1818 clariores
1176 1781 1192 1817 :
1226 1764 1448 1831 perinde
1471 1779 1536 1817 ac
1556 1764 1601 1818 si
1635 1772 1776 1818 terra
1806 1743 2010 1818 tantum
2041 1767 2197 1820 decus

2305 1743 2501 1836 ρούσης
2542 1768 2640 1837 τῆς
2681 1743 2796 1836 γῆς
2820 1765 2888 1819 τά
2923 1743 3141 1833 τοιαῦτα
3171 1743 3472 1836 βαστάζειν,
3762 1743 3823 1840 ρὶρ

657 1857 802 1911 ferre
824 1871 930 1909 non
955 1865 1157 1925 posset,
1184 1870 1212 1907 a
1241 1855 1535 1914 cultoribus
1563 1855 1861 1909 dzemonum
1887 1857 2048 1924 iussa:
2076 1868 2203 1912 sunt

657 1946 712 1999 in
746 1959 892 1998 mare
922 1945 1268 2015 praecipitari.
1299 1943 1421 1998 llaec
1440 1944 1760 1998 Antiochia.
1793 1945 1899 1998 Sed
1926 1960 2045 2014 qua:
2066 1948 2204 2015 apud

656 2033 882 2099 Pontum
912 2045 1057 2104 gesta
1078 2044 1226 2101 sunt,
1254 2035 1358 2104 vel;
1383 2037 1497 2104 ipso
1527 2036 1674 2091 dictu
1709 2036 1978 2090 incutiunt
2012 2037 2200 2090 horro-

657 2142 793 2181 rem.
813 2126 945 2180 Aliis
968 2132 1223 2194 manuum
1249 2125 1400 2194 digiti
1427 2142 1457 2178 a
1482 2127 1707 2181 summis
1727 2140 1896 2193 usque
1916 2127 2199 2194 unguibus,

657 2216 827 2270 acutis
871 2216 1222 2271 arundinibus
1269 2216 1745 2285 transﬁgebantur.
1799 2217 1936 2270 Aliis
1982 2217 2200 2286 plumbo

656 2308 794 2377 ignis
836 2308 886 2361 vi
935 2307 1242 2376 liquefacto,
1280 2305 1538 2361 bulliente
1582 2321 1647 2361 ac
1693 2306 1938 2362 fervente
1982 2309 2197 2363 metallo

654 2409 802 2468 terga
831 2400 1217 2465 adurebantur,
1249 2406 1306 2453 et
1347 2398 1588 2466 corporis
1619 2407 1799 2466 partes
1829 2400 2067 2455 maxime
2103 2416 2198 2455 ne-

653 2490 904 2545 cessaria:
925 2488 1288 2545 terrebantur.
1313 2489 1542 2555 Quidam
1575 2489 1629 2542 in
1661 2489 1959 2544 visceribus
2001 2506 2065 2545 ac
2100 2507 2199 2561 pu-

653 2583 839 2636 dendis
866 2583 1108 2651 partibus
1130 2583 1298 2637 [Indos
1315 2592 1484 2651 atque.
1505 2579 1908 2648 inexplicabiles
1929 2582 2196 2638 cruciatus

604 2721 610 2728 .
653 2675 855 2742 absque
888 2674 991 2727 ulla
1023 2672 1368 2727 miseratione
1410 2669 1768 2739 pertulerunt,
1806 2681 1964 2739 prout
1988 2673 2199 2728 scilicet

652 2766 895 2832 generosi
926 2765 1003 2817 illi
1031 2775 1086 2818 et
1111 2764 1248 2831 aequi
1275 2762 1486 2829 iudices
1519 2760 1793 2814 solertiam
1835 2777 1986 2815 suam
2016 2775 2197 2818 osten-

655 2863 850 2917 tantes,
876 2854 1028 2922 quasi
1060 2855 1161 2907 hoc
1191 2853 1409 2905 virtutis
1441 2850 1669 2920 alicujus
1697 2866 1760 2905 ac
1797 2854 2092 2919 prudentiae
2113 2869 2198 2908 es-

653 2951 757 3004 set,
784 2943 1116 2998 ambitiosius
1150 2942 1568 3010 excogitabant;
1599 2943 1758 2995 novis.
1785 2942 2022 3011 quotidie
2069 2959 2196 3014 snp-

653 3031 933 3101 pliciorum
977 3035 1234 3098 inventis,
1262 3042 1516 3100 tanquam
1547 3031 1600 3084 in
1637 3033 1931 3086 certamine
1961 3036 2190 3103 quodam

654 3123 709 3176 in
739 3138 844 3191 quo
873 3127 1139 3193 proposita
1174 3133 1303 3178 sunt
1331 3122 1571 3191 praemia,
1608 3136 1864 3189 superare
1887 3137 1945 3175 se
1972 3123 2198 3176 invicem

654 3214 1054 3268 contendentes.
1099 3216 1364 3269 Caeterum
1402 3215 1485 3264 hae
1532 3209 1862 3264 calamitates
1897 3227 2002 3265 non
2054 3214 2200 3280 prius

656 3301 815 3356 ﬁnem
844 3315 1194 3372 acceperunt,
1221 3320 1379 3372 quam
1407 3301 1620 3368 iudices
1652 3308 1732 3353 tot
1761 3304 2016 3356 aerumnis
2047 3304 2200 3370 quid-

652 3408 813 3461 quam
844 3395 1074 3463 adiicere
1121 3409 1281 3464 posse
1310 3395 1676 3463 desperantes,
1699 3387 1921 3463 jamque
1966 3393 2200 3447 caulibus

654 3482 807 3546 fessi,
837 3499 957 3537 cum
1003 3484 1148 3552 ipsos
1188 3485 1468 3553 sanguinis
1496 3486 1717 3538 satietas
1745 3497 1809 3536 ac
1850 3482 2060 3536 taedium
2109 3493 2196 3535 ee-

653 3575 838 3642 pisset,
889 3575 953 3627 ad
997 3575 1298 3643 speciosam
1340 3574 1508 3637 illam,
1554 3583 1614 3626 ut
1652 3575 1866 3644 quidem
1917 3573 2193 3642 putabant,

651 3663 988 3716 clementiam
1018 3674 1182 3733 atque
1204 3665 1595 3718 humanitatem
1627 3678 1685 3717 se
1711 3670 2113 3726 converterunt,
2137 3670 2195 3714 ut

651 3755 978 3824 inposterutn
1029 3757 1175 3808 nulla
1226 3757 1507 3809 adversum
1553 3768 1650 3808 nos
1683 3753 1759 3808 uti
1817 3753 2016 3808 smvitia
2046 3753 2196 3806 vide-

650 3855 858 3899 rentur.
891 3845 1072 3913 Neque
1095 3846 1238 3900 enim
1277 3846 1361 3898 fas
1391 3860 1510 3898 esse
1535 3845 1771 3908 aiebant,
1803 3853 1859 3897 ut
1889 3845 2049 3898 nrhes
2077 3843 2196 3911 qui-

2303 1874 2454 1909 πτειν
2493 1856 2740 1910 ἐκέλευον
2765 1857 2814 1928 οἱ
2860 1857 2966 1910 τῶν
2999 1857 3257 1927 δαιμόνων
3288 1847 3632 1928 θεραπευτάς
3666 1860 3820 1913 Ταῦτα

2305 1947 2403 2016 μὲν
2428 1942 2520 2001 οὖν
2553 1947 2700 2018 παρά
2725 1947 2917 2002 τοῖσδε.
2949 1947 3028 2000 Τὰ
3053 1948 3252 2016 φρικτὰ
3275 1947 3330 1999 δὲ
3367 1950 3554 2011 ἀκοαῖς
3587 1950 3719 2003 κατά
3744 1950 3820 2003 τὸν

2301 2039 2498 2092 Πόντον
2545 2037 2777 2109 ἔπασχον
2821 2039 3012 2110 ἕτεροι,
3048 2039 3307 2110 καλάμοις
3343 2026 3486 2104 ὀξέσι
3519 2045 3638 2095 ταῖν
3669 2046 3819 2112 χεροῖν

2297 2127 2356 2195 ἐξ
2388 2130 2566 2201 ἄκρων
2594 2130 2795 2200 ὀνύχων
2837 2132 2961 2194 τοὺς
2993 2121 3285 2195 δακτύλους
3309 2122 3721 2205 διαπειρόμενοι,
3743 2137 3820 2187 καὶ

2295 2219 2443 2273 ἄλλοι
2483 2221 2615 2295 τευρὶ
2641 2221 2883 2291 μολίϐδου
2909 2222 3266 2287 διατακέντος,
3295 2216 3604 2297 βρασσούσῃ
3631 2225 3718 2277 καὶ
3739 2242 3821 2276 πεί

2296 2312 2692 2385 πυρακτωμένῃ
2717 2315 2782 2383 τῇ
2810 2313 2907 2385 ὕλῃ
2931 2313 2996 2366 τὰ
3023 2313 3165 2366 νῶτα
3203 2315 3613 2384 καταχεόμενοι,
3657 2317 3740 2367 καὶ
3761 2314 3821 2368 τὰ

2298 2401 2529 2472 μάλιστα
2547 2401 2944 2470 ἀναγκαιότατα
2973 2401 3065 2456 τοῦ
3096 2401 3340 2473 σώματος
3370 2401 3480 2472 (49)
3507 2401 3819 2472 κατοπτώμι-

2294 2502 2406 2545 vat‘
2460 2491 2547 2544 διά
2591 2507 2649 2545 τε
2696 2491 2801 2544 τῶν
2846 2493 3165 2562 ἀπορρήτων
3206 2493 3379 2563 ἕτεροι
3429 2492 3606 2563 μελῶν
3652 2509 3710 2545 τε
3741 2491 3821 2545 καὶ

2295 2579 2614 2650 σπλάγχνων
2641 2580 2868 2652 αἰσχρὰς
2913 2582 3008 2635 καὶ
3039 2583 3373 2651 ἀσυμπαθεῖς
3421 2584 3515 2657 καὶ
3547 2583 3666 2636 οὐδὲ
3701 2583 3818 2651 λόγῳ

2297 2670 2465 2744 ρητάς
2492 2661 2757 2742 ὑπέμενον
2802 2671 3010 2735 πάθας,
3045 2673 3108 2735 ἃς
3140 2674 3189 2724 οἱ
3219 2674 3453 2739 γενναῖοι
3499 2673 3594 2726 καὶ
3631 2672 3822 2742 νόμιμοι

2293 2757 2541 2813 δικασταὶ
2576 2761 2673 2830 τήν
2703 2776 2848 2827 σφων
2883 2759 3304 2829 ἐπιδεικνύμενοι
3327 2756 3631 2830 δεινότητα,
3659 2761 3821 2830 ὥσπερ

2293 2849 2414 2904 τινὰ
2444 2847 2634 2917 σοφίας
2665 2848 2860 2920 ἀρετὴν
2899 2848 3298 2919 φιλοτιμότερον
3324 2845 3596 2913 ἐπενόουν,
3623 2849 3700 2902 ἀεὶ
3718 2851 3819 2910 ταῖς

2294 2937 2602 3008 καινότερον
2670 2937 3150 3009 ἐφευρισκομέναις
3206 2937 3439 3001 αἰκίαις,
3498 2937 3726 3010 ὡσπερεὶ
3771 2942 3820 2990 ὲν

2297 3027 2504 3096 ἀγῶνος
2549 3026 2839 3097 βραϐείοις,
2877 3026 3134 3098 ἀλλήλους
3172 3025 3523 3098 ὑπερεξάγειν
3565 3025 3820 3097 suum

2302 3134 2472 3186 μενοι.
2498 3105 2581 3170 Τά
2599 3117 2643 3171 δ’
2678 3113 2770 3171 οὖν
2797 3117 2904 3181 τῶν
2935 3118 3223 3188 συμφορῶν
3248 3117 3448 3186 ἔσχατα
3489 3118 3634 3190 (50),
3662 3120 3740 3171 ὅτε
3764 3117 3820 3189 δὴ

2299 3207 2480 3260 λοιπὸν
2506 3207 2860 3278 ἀπειρηκότες
2898 3208 2994 3261 ἐπὶ
3015 3211 3083 3279 τῇ
3108 3207 3214 3262 τῶν
3240 3208 3423 3261 κακῶν
3456 3208 3716 3279 ὑπερϐολῇ
3739 3207 3820 3261 καὶ

2300 3299 2432 3368 πρὸς
2486 3298 2546 3350 τὸ
2580 3299 2807 3351 κτείνειν
2856 3299 3256 3368 ἁποκαμόντες,
3293 3298 3606 3370 πλησμονήν
3651 3316 3707 3352 τε
3738 3299 3818 3352 καὶ

2297 3386 2458 3456 κόρον
2484 3389 2582 3458 τῆς
2607 3385 2712 3440 τῶν
2752 3388 2993 3458 αἱμάτων
3022 3388 3290 3457 ἐκχύσεως
3323 3389 3631 3459 ἐσχηκότες,
3661 3389 3744 3441 ἐπὶ
3766 3387 3817 3440 τὸ

2295 3477 2640 3546 νομιζόμενον
2679 3479 2858 3542 αὐτοῖς
2891 3478 3117 3549 χρηστὸν
3152 3479 3244 3530 καὶ
3277 3478 3651 3551 φιλάνθρωπον
3679 3478 3815 3548 ὲτρὲά

2295 3581 2475 3630 ποντο,
2519 3567 2594 3630 ὡς
2637 3568 2800 3637 μηδὲν
2849 3569 2942 3639 μὲν
2983 3569 3060 3643 ἔτι
3106 3568 3278 3622 δοκεῖν
3311 3568 3480 3623 δεινὸν
3521 3568 3641 3622 καθ’
3681 3566 3815 3638 ἡμῶν

2294 3659 2778 3730 περιεργάζεσθαιο
2818 3661 2891 3730 μὴ
2929 3660 3036 3728 γὰρ
3068 3661 3328 3732 καθήκειν
3367 3661 3530 3729 φασιν
3567 3659 3814 3729 ἐμφυλίοις

2292 3752 2484 3822 αἵμασι
2524 3753 2751 3823 μιαίνειν
2791 3752 2888 3815 τὰς
2935 3753 3147 3816 πόλεις,
3192 3752 3313 3822 μηδ’
3361 3752 3445 3803 ἐπ’
3479 3751 3712 3820 ὠμότητι
3731 3749 3812 3818 τὴν

2293 3843 2551 3896 ἀνωτάτω
2589 3843 2700 3913 (51)
2742 3843 3038 3897 διαϐάλλειν
3091 3842 3331 3913 τὴντῶν
3358 3834 3706 3911 ’κρατούντων
3732 3840 3813 3908 ἀρ-

2292 3931 2412 4001 χὴν,
2460 3931 2662 4000 εύμενῆ
2701 3933 2812 3992 τοῖς
2857 3933 3019 3983 πᾶσιν
3062 3930 3402 3999 ὑπάρχουσαν
3447 3928 3541 3979 καὶ
3585 3927 3808 3997 πραεῖαν,

648 3938 776 3991 dem
801 3937 994 3990 civium
1029 3937 1288 4006 sanguine
1325 3935 1849 4001 contaminarentur;
1901 3938 2190 4004 imperato-

2289 4022 2398 4074 δεῖν
2463 4021 2521 4073 δὲ
2572 4021 2769 4091 μᾶλλον
2840 4021 2936 4089 τῆς
2991 4017 3362 4087 φιλανθρώπου
3416 4016 3510 4068 καὶ
3559 4014 3808 4084 βασιλικῆς

648 4042 738 4080 res
784 4036 961 4079 autem
1018 4026 1117 4094 ipsi
1164 4040 1288 4094 erga
1339 4039 1530 4079 omnes
1571 4026 1786 4097 benigni
1829 4041 1893 4079 ac
1925 4025 2190 4079 mansueti

649 4119 976 4171 crudelitatis
1009 4127 1418 4186 aspergerentur
1453 4118 1673 4172 infamia
1705 4137 1719 4171 :
1751 4118 1842 4171 sed
1892 4118 2068 4185 potius
2101 4118 2192 4168 de-

2297 4109 2536 4173 ὲξουσίας
2586 4110 2665 4171 εἰς
2724 4109 2928 4168 πάντας
2975 4105 3304 4185 ἐπιτείνεσθαι
3345 4103 3444 4172 τὴν
3494 4102 3808 4173 εὐεργεσίαν,

630 4195 791 4269 ’σει-ε,
809 4218 865 4260 ιιι
887 4209 1190 4262 humanitas
1211 4219 1265 4261 et
1284 4209 1634 4265 beneﬁcentia
1653 4207 2013 4276 imperatoria:
2031 4205 2189 4275 307

2297 4200 2487 4271 μηκέτι
2537 4201 2748 4268 θανάτῳ
2792 4197 3213 4266 κολαζομένους*
3265 4193 3516 4246 λελῢσθαι
3565 4193 3670 4262 γάρ
3708 4187 3809 4245 καθ’

651 4295 942 4362 maiestatis
983 4299 1036 4352 in
1073 4300 1353 4353 universos
1396 4298 1810 4360 dilfunderetur,
1835 4312 1936 4349 nec
1966 4298 2190 4366 posthac

2297 4294 2445 4363 ἡμῶν
2479 4291 2678 4359 ταύτην
2709 4288 2884 4341 αὐτῶν
2911 4287 3004 4358 τὴν
3032 4285 3317 4355 τιμωρίαν,
3341 4284 3428 4336 διὰ
3454 4284 3550 4354 τὴν
3574 4284 3676 4336 τῶν
3698 4299 3807 4354 κρα-

651 4376 818 4438 nostri
867 4388 1074 4454 capitali
1115 4389 1377 4456 supplicio
1423 4389 1804 4457 plecterentur.
1842 4369 2046 4452 Quippe
2091 4385 2188 4436 hu-

2297 4382 2519 4435 τούντων
2561 4377 2982 4448 φιλανθρωπίαν.
3025 4373 3332 4444 Τηνικαῦτα
3371 4372 3672 4442 ὀφθαλμοὺς
3710 4372 3807 4437 ἐξα.

645 4476 878 4547 jusmodi
909 4492 1063 4543 poena
1092 4493 1188 4546 per
1217 4481 1605 4546 imperatorum
1649 4477 2030 4544 indulgentiam
2060 4474 2188 4526 libe-

2297 4471 2596 4546 ρύττεσθαι,
2654 4468 2745 4523 καὶ
2801 4471 2912 4520 τοῖν
2972 4464 3177 4518 σκελοῖν
3228 4462 3532 4534 πηροῦσθαι
3591 4464 3806 4536 θάτερον,

650 4577 798 4622 ratos
828 4553 934 4620 nos
975 4581 1116 4622 esse.
1151 4567 1359 4623 Exinde
1389 4569 1559 4637 igitur
1579 4568 1763 4622 oculos
1806 4566 2007 4618 nostris
2047 4564 2185 4628 erui,

2297 4562 2682 4635 προσετάττετο
2709 4558 2840 4629 (52).
2877 4556 3059 4611 Ταῦτα
3099 4555 3206 4626 γὰρ
3240 4551 3308 4625 ἦν
3349 4555 3530 4618 αὐτοῖς
3556 4556 3622 4610 τά
3647 4556 3805 4625 φιλάν-

2286 4753 2429 4792 mus.
2491 4732 2721 4789 Proinde
2765 4730 2932 4786 Graeci
2994 4731 3228 4784 natalem
3288 4730 3498 4789 illarum
3548 4733 3801 4787 mulierum

2286 4806 2626 4884 contulerunt
2654 4804 2710 4856 in
2765 4803 2910 4855 diem
2964 4815 3019 4855 tv
3047 4801 3314 4867 Octobris,
3346 4812 3402 4855 ut
3449 4805 3629 4858 videre
3652 4814 3728 4858 est
3755 4804 3805 4884 itt

2286 4876 2608 5013 Μῗῖἓέοεὶεέ
2643 4936 3073 5013 ἀναγκαιότατα
3112 4938 3219 5013 τοῦ
3261 4937 3553 5009 σώματος.
3602 4899 3806 5013 Ruﬁnus

720 4742 830 4814 (48)
880 4745 1004 4798 Ἐπ’
1055 4744 1241 4811 αὐτῆς
1271 4747 1463 4814 μέσης
1523 4744 1829 4811 γενόμεναι
1876 4739 1980 4806 τῆς
2025 4740 2184 4794 ὀδοῦ.

649 4816 851 4882 θυμιεῑ
895 4816 1082 4867 hormn
1125 4817 1406 4866 verborum
1452 4828 1643 4882 sensus
1693 4822 2050 4882 esseupotesl.
2086 4815 2192 4882 Aut

647 4879 792 4939 enim
839 4884 1140 4950 intelligere
1181 4896 1462 4949 possumus
1512 4881 1786 4950 mulieres_
1821 4879 1942 4950 ilius
1985 4880 2091 4950 jam
2124 4881 2190 4931 ad

649 4953 924 5008 dimidium
954 4945 1164 5005 itineris
1184 4945 1528 5017 pervenisse,
1561 4945 2194 5017 quomodoNicephorus

650 5024 882 5090 accepit;
936 5033 1057 5090 auli
1082 5010 1230 5073 certe
1269 5019 1321 5090 in
1372 5010 1546 5090 medio
1577 5010 1698 5090 Via;
1732 5016 1961 5090 publica;
1997 5010 2193 5082 aggere
2288 5010 2560 5090 eleganter
2613 5013 2775 5090 vertit
2807 5029 2820 5062 :
2853 5010 3021 5076 Usque
3057 5012 3136 5090 .ad
3159 5010 3306 5090 .1969.
3351 5010 3798 5090 pudgnda’quilm

646 5078 971 5147 constitisse.
1035 5089 1206 5143 Porro
1275 5089 1339 5140 de
1405 5085 1701 5151 huiusmodi
1732 5078 1743 5084 ’
1765 5078 2192 5138 Christianarum
2290 5078 2549 5132 naturalis
2579 5080 2766 5146 egeslio
2793 5080 3067 5151 procurari
3092 5078 3240 5132 solet.
3272 5082 3414 5134 Sane
3453 5080 3622 5135 Graeci
3650 5078 3795 5145 ἀνάγ-

647 5163 930 5214 muliernm
982 5159 1238 5227 martyrio
1275 5172 1392 5225 qua:
1432 5149 1637 5223 seipsas
1669 5155 1885 5227 pudoris
1912 5153 2068 5206 simul
2098 5165 2177 5227 _a_c
2279 5158 2382 5227 κην
2415 5157 2606 5227 vocant
2638 5163 2766 5227 eam
2812 5149 3054 5219 corporis
3083 5158 3307 5217 partem,
3341 5165 3502 5219 quam
3533 5151 3796 5219 pudorno-

645 5232 917 5297 religionis
976 5218 1254 5283 servanda:
1290 5218 1487 5297 :cansa
1517 5218 1940 5297 'prmcipitaruut
1971 5256 2033 5297 ._
2061 5221 2180 5273 vide
2284 5218 2478 5297 minari
2507 5225 2674 5297 vetiti:

1279 5277 1354 5348 De
1387 5277 1595 5367 civitate
1625 5277 1740 5355 Dei,
1779 5309 1836 5367 c._
1855 5293 1944 5345 26.
1967 5277 2181 5367 ;Exstat

2345 5286 2458 5358 (50)
2507 5289 2582 5340 Τὰ
2623 5277 2838 5367 δ”οῇηῄ
2858 5285 2974 5340 τῶν
3021 5286 3340 5367 quiregi?!-
3375 5289 3630 5367 _£p’zata.
3667 5283 3794 5339 nunc

647 5356 941 5421 eneomium
972 5372 1158 5421 harum
1189 5367 1473 5419 mulierum
1513 5364 1566 5415 in
1597 5374 1736 5416 tomo
1759 5364 1932 5429 primo
1960 5358 2179 5429 Joannis
2275 5356 2450 5429 locum
2486 5370 2587 5429 ηριι
2623 5356 2906 5429 infelici!”
2931 5356 3310 5429 Vertisse‘milji
3338 5359 3548 5429 Videor.

2345 5426 2456 5495 (5i)
2497 5424 2614 5492 Τὴν
2645 5424 2931 5477 ἀνωτάτω.
2963 5426 3016 5495 ln
3044 5427 3205 5481 codd.
3263 5426 3571 5492 ﬂed.,|laz.
3605 5433 3658 5495 et
3680 5417 3792 5495 Eni.

2276 5488 2533 5568 scriptum
2560 5488 2765 5568 ’τερετί
2796 5513 2808 5546 :
2838 5496 2924 5568 ἐπ’
2951 5494 3188 5568 ὠμότητι
3229 5499 3297 5568 τῇ
3321 5488 3582 5550 ἀνωτάτω
3605 5488 3796 5546 διαϐἁλ·

2277 5561 3014 5637 λειγῖςςὴυῶνίκρατούντιιεν·
3042 5561 3297 5637 mn:
3480 5634 3490 5637 _
3755 5622 3767 5634 .

2346 5631 2928 5708 (⁸⁵³)Προσετᾶττετο.
2962 5631 3186 5694 Ruﬁnus
3212 5633 3448 5692 edictam
3477 5631 3788 5704 imperum

648 5436 1030 5506 Chrysostumi,
1081 5438 1168 5490 ubi
1209 5446 1380 5488 mater
1422 5434 1700 5506 Doinnina,
1753 5428 1875 5506 lilia;
1903 5444 2029 5506 vero
2057 5428 2180 5506 Ber-

650 5500 773 5557 ιιιςὲ
786 5518 839 5558 et
865 5507 1133 5560 l’rosdoce
1172 5510 1440 5558 dicuntur.
1487 5502 1680 5554 Earum
1730 5501 1960 5555 natalem
1992 5500 2180 5550 Antio-

651 5576 804 5626 cheni
829 5579 1171 5629 celebrabant
1197 5575 1286 5628 die
1317 5590 1385 5626 xx
1421 5581 1542 5641 post
1577 5571 1766 5624 festum
1806 5571 2015 5641 Sanctae
2043 5567 2178 5620 Cru—

651 5643 746 5706 eis,
773 5657 825 5697 ut
858 5647 906 5696 in
936 5650 1046 5713 ipso
1095 5645 1350 5701 orationis
1381 5640 1602 5710 esuritio
1645 5643 1832 5698 scribit
1862 5640 2181 5709 Cbrysosto—
