3952 6338
122 238 202 290 ’177
1052 234 1397 291 HISTORIA}
1432 228 1986 290 ΕεειεδιΑετιωε
2025 229 2153 284 LIB.
2193 226 2332 284 Vill.

3170 182 3287 282 ns.

118 355 310 419 caedat;
348 354 505 406 ὁπότε
532 352 623 405 καὶ
652 355 700 405 οἱ
737 352 964 421 μάλιστα
989 356 1086 422 τῆς
1114 333 1338 406 καθόλου
1369 354 1619 425 κρατοῦν-

1728 352 1864 403 rium
1892 349 2055 418 309
2082 349 2401 408 Romanum,
2430 344 2547 414 quis
2567 344 2837 413 explicare
2862 344 3082 401 sufﬁciet
3106 347 3127 401 ἲ
3155 349 3272 414 Quo

115 462 188 506 τες
236 443 420 514 ἀρχῆς,
470 442 851 512 δεκαετηρεδας
903 442 994 493 καὶ
1051 443 1483 511 εἰκοσαετηρίδας
1530 443 1628 511 τῆς

116 534 354 606 βασιλείας
381 533 765 602 ὲκπλήσαντες,
809 534 867 583 ὲν
903 533 1112 602 ἑορταῖς
1152 533 1243 584 καὶ
1272 531 1627 601 πανηγύρεσι,

116 614 461 696 φαιδροτᾶταις
487 637 546 676 τε
575 622 780 684 θαλίαις
824 622 915 674 καὶ
952 623 1323 692 εὐφροσύναις,
1357 622 1492 692 μετὰ
1523 623 1629 674 πά-

117 734 194 785 σης
223 713 504 776 εὐσταθοῦς
555 712 818 764 διετέλουν
872 714 1111 782 εἰρήνης.
1165 712 1319 765 υῦτω
1361 712 1405 763 δ’
1449 712 1632 774 αὐτοῖς

115 802 535 875 ἁπαραποδίστως
582 799 851 869 αὐξούσης
902 802 997 852 καὶ
1045 802 1137 853 ἐπὶ
1192 801 1330 870 μέγα
1366 801 1631 870 ὁσημέραι

116 893 374 963 προϊούσης
404 892 503 960 τῆς
528 889 789 953 ἐξουσίας,
826 888 1031 959 ἀθρόως
1068 889 1165 958 τῆς
1202 889 1339 958 πρὸς
1375 890 1520 958 ἡμᾶς
1554 890 1631 940 st-

118 986 256 1052 ρήνης
304 978 674 1048 μεταθέμενοι,
722 977 950 1045 πόλεμον
997 979 1255 1032 ἄσπονδον
1310 979 1633 1048 ἐγείρουσιν,

113 1072 238 1124 οὔπω
295 1071 341 1119 δ’
403 1070 584 1131 αὐτοῖς
651 1070 749 1137 τῆς
806 1068 1008 1121 τοιασᾶ⁵
1063 1070 1325 1138 κινήσεως
1382 1068 1631 1138 δεύτερον

115 1164 209 1224 ἔτος
253 1158 357 1232 (61)
386 1158 727 1228 πεπλήρωτο,
773 1157 866 1210 καί
906 1174 957 1208 τι
994 1157 1120 1228 περὶ
1160 1158 1258 1227 τὴν
1297 1158 1422 1228 ὃλην
1462 1159 1633 1228 ἀρχὴν

115 1251 340 1321 νεώτερον
372 1249 624 1317 γεγονὸς,
658 1248 728 1301 τὰ
757 1250 930 1301 πάντα
980 1249 1276 1320 πράγματα
1320 1249 1629 1318 ἀνατρέπει.

114 1343 259 1393 Νόσου
292 1339 398 1408 γὰρ
438 1340 535 1391 οὐκ
576 1339 754 1401 αἰτίας
778 1338 856 1408 τῷ
892 1338 1244 1408 πρωτοστάτῃ
1280 1338 1386 1391 τῶν
1414 1339 1633 1408 εἰρημέ-

115 1449 197 1483 νων
218 1430 318 1500 (6‘2)
343 1428 741 1499 ὲπισκηψάσης,
769 1428 857 1497 ὑφ’
886 1426 954 1499 ἧς
982 1427 1047 1498 δὴ
1072 1430 1167 1481 καὶ
1192 1428 1260 1481 τὰ
1283 1429 1381 1498 τῆς
1400 1428 1634 1491 διανοίας

114 1523 177 1584 tt;
221 1521 465 1574 ἔκστασιν
516 1519 660 1590 αὐτῷ
705 1521 1001 1589 παρήγετο,
1048 1519 1143 1571 σὺν
1190 1518 1265 1588 τῷ
1313 1517 1427 1587 μετ’
1473 1518 1634 1571 αὐτὸν

113 1610 403 1681 δευτερείοις
443 1610 806 1679 τετιμημένῳ,
850 1609 941 1661 τὸν
979 1608 1197 1678 δημώδη
1236 1609 1330 1661 καὶ
1371 1606 1632 1660 ἰδιωτικὸν

1727 442 1938 507 quidem
1964 451 2203 507 tempore
2230 438 2263 491 ii
2291 438 2380 506 qui
2409 451 2669 491 summam
2704 437 2911 504 imperii
2936 438 3278 493 administra-

1727 534 1873 596 bant,
1910 530 2291 583 decennalibus
2314 542 2383 581 ac
2420 524 2787 581 vicennalibus
2816 528 3065 595 expletis,
3097 532 3150 581 in
3198 529 3275 583 fe-

1727 619 2079 681 stivitatibus,
2112 615 2468 685 spectaculis,
2500 614 2671 683 epulis
2709 618 2960 684 omnique
2986 616 3273 672 hilaritatis

1728 724 1919 780 genere
1956 718 2147 776 pacate
2193 717 2248 761 et
2276 708 2571 776 tranquille
2614 707 2895 775 degebant.
2923 708 2995 760 Ita
3024 724 3144 763 cum
3184 724 3278 762 en-

1731 815 1846 854 rinn
1875 799 2204 868 principatus
2247 801 2453 866 absque
2499 798 2605 852 ullo
2653 807 2943 867 augeretur
2976 798 3274 863 obstaculo,

1732 892 1993 957 novisque
2062 889 2116 940 in
2167 887 2287 941 dies
2354 890 2706 943 incrementis
2749 892 2996 954 ﬂoreret;
3059 902 3276 958 repente

1732 991 1936 1033 mutato
1957 977 2209 1039 consilio,
2245 992 2432 1045 pacein
2462 994 2622 1047 quant
2680 980 2957 1033 nobiscum
2999 979 3279 1033 servabant

1730 1069 2020 1133 solventes,
2052 1067 2249 1120 bellum
2280 1069 2438 1122 nobis
2466 1069 2791 1135 inexpiabile
2812 1070 3123 1122 intulerunt.
3146 1068 3280 1121 Nec-

1735 1160 1860 1212 dum
1882 1157 2017 1211 alter
2048 1172 2221 1210 annus
2254 1156 2414 1223 hujus
2454 1157 2637 1211 bellici
2671 1169 2853 1212 motus
2880 1160 3125 1227 expletus
3170 1158 3280 1211 lue-

1732 1258 1838 1314 rat,
1869 1264 1988 1301 cum
2015 1260 2142 1301 ecce
2177 1262 2348 1300 novus
2392 1248 2608 1315 quidam
2670 1258 2725 1301 et
2769 1250 3074 1319 inopinatus
3112 1263 3282 1304 scasus

1732 1352 1846 1391 rem
1882 1338 2172 1391 Romanam
2211 1351 2351 1405 pene
2384 1339 2669 1390 subvertit.
2721 1338 2858 1392 Nam
2888 1356 3009 1392 eum
3071 1339 3160 1394 ille
3190 1338 3284 1407 qui

1734 1429 1873 1482 inter
1903 1428 2254 1496 imperatores
2302 1430 2641 1497 supradictus
2668 1429 2900 1497 primum
2947 1429 3119 1483 locum
3143 1428 3283 1483 obti.

1734 1518 1914 1583 nebat,
1962 1518 2015 1570 in
2062 1512 2328 1571 diﬂiéilem
2361 1520 2645 1584 quemdam
2685 1520 2929 1571 morbum
2986 1518 3281 1586 incidisset,

1732 1611 1885 1679 cujus
1909 1611 1960 1664 vi
1986 1611 2357 1680 demotusjaui
2392 1611 2457 1664 de
2498 1612 2698 1666 mentis
2724 1628 2834 1666 suae
2864 1624 3008 1667 statu
3054 1629 3175 1669 esse
3201 1614 3282 1667 vi—

112 1700 450 1770 ἀπολαμϐάνει
497 1700 642 1769 βίονο
674 1698 825 1752 οὔπω
861 1700 918 1751 δὲ
950 1698 1101 1752 ταῦθ’
1144 1698 1286 1751 οὕτω
1328 1700 1619 1771 πέπρακτο,

1734 1699 1991 1777 debatur,
2017 1716 2121 1755 una
2146 1716 2265 1756 cum
2295 1715 2358 1755 eo
2384 1700 2707 1770 imperatore
2755 1704 2847 1771 qui
2902 1706 3163 1759 secundus
3217 1705 3287 1758 ab

113 1792 192 1844 ui
210 1791 322 1862 διχῆ
347 1790 412 1844 τὰ
434 1792 608 1844 πάντα
624 1792 722 1860 τῆς
747 1791 919 1859 ἀρχῆς
936 1790 1218 1858 διαιρεῖται
1244 1789 1377 1859 (65),
1403 1791 1630 1860 πρᾶγμα

114 1975 177 2027 ris
206 1969 496 2037 retulerim,
541 1983 706 2021 unum
736 1971 1003 2022 duntaxat
1053 1967 1117 2019 de
1162 1968 1409 2021 omnibus
1439 1965 1631 2018 trium-

115 2047 254 2109 phum
283 2041 457 2094 Romie
483 2048 724 2107 egerunt,
762 2037 923 2109 paulo
951 2044 1236 2109 antequam
1284 2037 1508 2109 imperio
1534 2037 1626 2109 de-

113 2102 367 2173 cederent,
390 2121 447 2163 ut
474 2102 737 2160 testantur
759 2105 1045 2171 Eutropius
1076 2115 1130 2155 et
1165 2102 1423 2157 Zonaras.
1456 2102 1625 2155 Verba

114 2180 323 2242 Eutropii
354 2172 529 2230 sunt:
565 2191 583 2223 ι
630 2174 862 2243 Uterque
916 2189 1016 2224 una
1068 2172 1154 2243 die
1204 2173 1413 2243 privato
1441 2173 1624 2243 habitu

114 2240 297 2314 imperii
329 2248 540 2311 insigne
586 2240 837 2304 mutavit,
886 2242 1203 2314 Nicomedia?
1245 2240 1623 2314 Diocletianus,

114 2309 365 2370 Herculius
390 2309 816 2379 Mediolani,post
840 2312 1163 2379 triumphum
1188 2309 1441 2377 inclytum
1466 2324 1622 2379 quem

114 2387 274 2438 [initiae
317 2397 379 2435 ex
417 2378 716 2434 numerosis
738 2378 1013 2448 gentibus
1041 2386 1283 2448 egerant,
1310 2394 1499 2448 poiiipa
1525 2378 1623 2448 ler-

111 2456 328 2507 Colorum
362 2451 575 2512 illustri,
631 2468 647 2499 i
686 2446 791 2518 etc.
826 2449 1181 2518 Hieronymus
1233 2446 1285 2518 iii
1342 2446 1619 2518 Chronico,

112 2525 235 2575 liuiic
283 2520 593 2574 Diocletiani
627 2529 681 2571 et
711 2517 1038 2571 Maximiani
1064 2517 1389 2583 triumphum
1447 2517 1625 2567 retulit

110 2607 231 2643 anno
266 2606 391 2643 xviii
419 2588 748 2642 Diocletiani.
782 2590 862 2641 Ad
897 2602 1055 2655 quem
1089 2582 1261 2638 laeum
1300 2582 1619 2655 Scaligerin

112 2659 637 2712 Animadversionibus
672 2668 821 2709 notat
870 2651 1215 2711 cominiusiuii
1266 2669 1384 2707 esse
1416 2651 1483 2706 ab
1507 2651 1629 2704 Hie-

113 2745 313 2798 ronymo
357 2727 848 2798 aiiaclironisiumn.
901 2725 1051 2798 llunc
1099 2726 1244 2798 enim
1300 2722 1619 2798 triumphum

110 2790 269 2850 actum
329 2814 447 2851 esse
494 2810 636 2848 anno
696 2794 1007 2847 Diocletiani
1061 2793 1353 2854 vicesimo,
1420 2790 1623 2858 aliquot

112 2869 357 2920 mensibus
407 2876 699 2931 antequam
767 2878 1056 2932 purpuram
1126 2867 1430 2932 deponeret.
1516 2861 1620 2913 Sed

111 2935 292 2988 fallitur
319 2936 494 3005 potius
552 2931 969 3005 ipseLScaliger,
997 2932 1085 3005 qui
1105 2931 1508 3005 [Hieronymum
1540 2939 1619 3005 te:

1737 1791 1851 1859 ipso
1878 1800 2013 1857 erat,
2037 1794 2102 1845 ad
2127 1791 2389 1861 privatam
2427 1794 2587 1844 vitam
2637 1806 2695 1844 se
2748 1793 2993 1846 contulit.
3030 1791 3128 1846 Vix
3170 1794 3284 1848 haec

1728 1968 2044 2042 excepit.,_ut
2075 1984 2196 2023 cum
2237 1978 2287 2042 te
2319 1970 2384 2023 ad
2416 1965 2699 2039 Capitolini
2739 1968 2886 2023 Jovis
2910 1974 3171 2042 gremium
3200 1970 3281 2026 vel

1728 2038 1902 2111 oculis
1949 2038 2090 2111 terre
2138 2040 2382 2111 gesti_ret,
2432 2038 2722 2108 Sti’patione
2754 2042 2839 2093 sui
2872 2038 2956 2095 vix
2984 2045 3050 2096 ad
3099 2056 3283 2111 poi-ias

1729 2107 1875 2157 urbis
1900 2105 2229 2158 admitteret.
2263 2105 2338 2157 Te
2366 2105 2554 2179 rursus
2584 2111 2837 2161 vicesimo
2875 2126 3016 2165 anno
3051 2105 3281 2179 impert»

1729 2183 1920 2245 torem.
1951 2183 2159 2245 octavo
2188 2174 2464 2245 consulem
2501 2180 2572 2232 ita
2623 2179 2736 2243 ipsa
2777 2179 3023 2244 amplexu
3051 2174 3280 2245 quodam

1727 2256 1826 2317 suo
1872 2242 2039 2317 ltoina
2081 2244 2247 2295 voluit
2288 2244 2551 2317 detinere,
2607 2242 2665 2298 ut
2711 2242 2983 2317 videretur
3030 2242 3280 2317 augurari

1720 2311 1831 2378 jam
1859 2322 1913 2363 et
1943 2314 2132 2364 timere
2161 2313 2301 2375 quod
2328 2315 2523 2367 factum
2560 2326 2663 2367 est.
2686 2333 2704 2366 ι
2734 2314 2891 2369 Vides
2910 2326 2967 2369 ut
3001 2311 3282 2370 Mafiiiiia-

1725 2394 1853 2452 num
1893 2380 1982 2452 diu
2023 2392 2435 2452 anteoctavuin
2488 2385 2654 2452 ipsius
2700 2387 3039 2438 consulatum
3101 2388 3280 2439 Romae

1728 2450 2085 2521 triumphasse
2126 2450 2275 2521 dicit.
2324 2451 2455 2504 Nam
2498 2450 2625 2521 quin
2666 2456 2844 2521 priora
2897 2457 2981 2507 illa
3022 2460 3181 2509 verba
3215 2458 3279 2508 de;

1728 2518 2001 2584 triumpho
2028 2519 2337 2583 accipienda
2368 2518 2782 2582 sint,'dubiiare
2817 2539 2919 2576 non
2949 2524 3091 2577 licet.
3119 2524 3282 2578 Certe

1726 2586 2002 2654 Sigonius,
2038 2591 2122 2640 vir
2172 2589 2629 2653 diligctitissiiiins,
2661 2592 2713 2646 iii
2744 2594 2893 2646 libris
2924 2597 2986 2645 de
3019 2593 3283 2648 Occialeti-

1730 2658 1818 2708 tali
1854 2657 2077 2724 imperio
2104 2672 2206 2709 non
2238 2662 2397 2710 aliter
2428 2661 2567 2713 hunc
2604 2663 2779 2715 locum
2823 2663 3104 2717 intellexit.
3143 2661 3279 2717 Gra-

1726 2726 1863 2777 viter
1909 2730 2087 2798 itaque
2129 2728 2492 2781 halluciiiatur
2534 2731 2803 2798 Scaliger.
2855 2738 2944 2797 qui
2988 2733 3281 2788 Diocletia-

1727 2804 1932 2869 n_uin_et
1960 2796 2342 2869 biaximianum
2375 2796 2736 2869 triumphasse
2781 2796 2911 2853 dicit
2940 2819 3079 2855 anno
3113 2802 3271 2869 impe-

1728 2863 1791 2915 rii
1822 2864 2107 2936 vicesimo.
2146 2864 2368 2936 Rectius
2418 2863 2775 2936 Hieronyums
2813 2870 2864 2920 id
2922 2872 3096 2922 retulit
3137 2863 3279 2921 anno

1726 2946 1856 2985 xviii
1886 2933 2222 2985 Diocletiani.
2246 2932 2361 2997 Quo
2385 2936 2599 3001 quidem
2617 2932 2772 2989 'aiino
2794 2937 2991 2991 ldatius
3020 2944 3071 2991 iii
3101 2936 3279 2990 Fastis

111 3020 240 3057 mere
272 2988 625 3072 reprehendit.
654 3001 785 3054 Nam
815 2988 1254 3072 sivDiocletiaiius
1291 2988 1362 3051 xi
1413 2998 1618 3072 imperii
1648 2988 1692 3047 C
1724 3012 1889 3072 notat
1931 2988 2290 3072 imperatore;
2345 2988 2600 3055 viiitateiii
2666 2988 3122 3061 aiiiionasﬁevdic—to
3170 2988 3279 3059 suo

110 3088 251 3132 anno,
279 3069 459 3141 paucis
487 3082 771 3140 antequam
793 3071 1067 3141 abdicaret
1099 3072 1395 3141 mensibus,
1427 3069 1622 3141 trium-

110 3138 291 3205 phavit,
345 3156 527 3193 mense
572 3138 785 3193 circiter
824 3138 1079 3191 Januario
1108 3152 1228 3189 eum
1266 3139 1625 3204 triumphasse

106 3210 373 3261 dicendum
412 3221 517 3271 est,
558 3224 699 3261 anno
726 3207 923 3260 Christi
988 3206 1109 3268 504,
1160 3221 1279 3259 eum
1336 3220 1620 3274 purpuram

108 3280 390 3343 deposuerit
418 3275 671 3329 Kalendis
702 3276 899 3342 Aprilis
922 3276 1158 3343 ejusdem
1192 3276 1338 3336 anni,
1376 3285 1434 3325 ut
1468 3278 1624 3327 docet

107 3344 288 3397 ldatius
320 3347 370 3397 in
419 3343 621 3396 Fastis.
673 3343 747 3397 Ex
776 3357 883 3410 quo
941 3344 1206 3411 sequitur,
1241 3358 1361 3394 eum
1399 3344 1623 3394 hiberno

109 3424 325 3480 tempore
373 3414 751 3478 triumphasse,
802 3422 856 3480 et
906 3414 1077 3464 media
1133 3414 1306 3462 adhuc
1360 3412 1532 3464 hieme
1556 3412 1624 3463 ab

108 3479 224 3535 urbe
257 3482 418 3535 lionia
454 3482 752 3549 profectum
787 3479 1147 3533 Nicomediam
1199 3480 1406 3531 venisse
1442 3496 1456 3549 ε
1489 3494 1622 3545 quo-

107 3565 211 3602 rum
241 3546 481 3605 neutrum
512 3548 788 3616 probabile
818 3559 919 3611 est,
951 3562 1072 3599 cum
1122 3561 1218 3598 nec
1245 3546 1494 3616 triumphi
1527 3561 1623 3611 per

108 3619 316 3672 hiemem
355 3622 437 3689 agi
482 3614 717 3672 solerent
764 3617 832 3670 ab
872 3618 1289 3689 imperatoribus
1339 3614 1619 3689 Romanis,

105 3703 198 3741 nec
226 3682 527 3744 Diocleiiani
554 3698 684 3740 tetas
707 3702 769 3737 ac
799 3686 1046 3738 valetudo
1096 3696 1201 3735 tam
1238 3682 1395 3751 longi
1416 3684 1620 3751 itineris

104 3754 322 3811 laborem
355 3760 587 3811 hibernis
614 3756 883 3808 mensibus
909 3756 1174 3807 sustinere
1200 3750 1443 3803 valuerit.
1479 3750 1617 3814 Quid

103 3829 235 3890 quod
276 3830 630 3881 Diocletianus
672 3840 813 3877 anno
841 3824 1043 3890 imperii
1075 3837 1182 3884 six,
1222 3837 1401 3873 mense
1431 3819 1619 3872 Martio

102 3907 249 3963 atque
285 3900 451 3963 Aprili
498 3898 692 3965 agebat
742 3893 1084 3956 Nicomediai,
1112 3894 1200 3965 ‘eo
1243 3900 1478 3958 tempore
1509 3902 1619 3957 quo

102 3962 264 4035 t'oEpta
292 3980 372 4020 est
422 3962 846 4020 Christianorum
902 3962 1219 4035 persecutio,
1278 3974 1333 4010 ut
1391 3969 1618 4035 testatur

103 4029 347 4088 Enaebius
389 4037 440 4087 in
473 4037 564 4090 lib.
607 4048 718 4096 vui,
751 4048 870 4099 cap.
901 4030 955 4083 5.
1002 4032 1104 4083 Sed
1134 4040 1187 4082 et
1223 4038 1348 4081 tunc
1373 4043 1493 4080 cum
1525 4029 1619 4099 Ni-

100 4108 416 4159 comedieuse
442 4103 696 4173 palatium
724 4098 1070 4173 conﬂagravit
1090 4138 1104 4162 ,
1142 4100 1528 4173 Diocletianum
1561 4098 1614 4150 in

100 4187 155 4222 eo
183 4176 349 4238 egisse
371 4170 522 4227 testis
550 4182 630 4224 est
651 4176 792 4223 omni
820 4171 1131 4237 elceptione
1161 4170 1329 4238 iiiajor
1353 4170 1617 4238 constan-

101 4236 239 4292 tinus
274 4244 323 4295 in
373 4242 623 4296 Oratione
658 4240 724 4290 ad
746 4236 1043 4289 sanctorum
1083 4236 1286 4300 caelum,
1309 4236 1480 4303 capite
1496 4252 1618 4305 pen-

1723 3070 2086 3140 constituisse.
2118 3068 2169 3140 Id
2202 3071 2345 3123 enim
2373 3085 2490 3138 post
2516 3073 2843 3140 triumphum
2881 3075 2947 3126 ab
2975 3076 3056 3126 eis
3078 3078 3278 3128 consti-

1726 3149 1895 3210 tutum
1921 3139 2134 3210 videtur
2157 3139 2209 3190 in
2247 3145 2382 3207 grati
2406 3158 2473 3191 .ιιι
2506 3139 2773 3209 ριίεοὶμιιο
2818 3143 2996 3210 p0puli
3028 3142 3273 3196 Romani.

1720 3208 1792 3281 At
1823 3207 2097 3281 Cedrenus
2123 3207 2611 3281 aunoDiocletiaiii
2643 3207 2852 3264 decimo
2883 3207 3113 3281 Septimo
3138 3214 3277 3267 hunc

1723 3277 2052 3344 triumphum
2092 3280 2338 3330 ascribit.

1792 3346 1903 3414 (6t)
1934 3347 2108 3399 Οὔπω
2138 3347 2189 3400 δ’
2213 3347 2415 3415 αὐτοῖς
2446 3345 2553 3415 τῆς
2578 3346 2807 3401 τοιασδὶ
2840 3348 3132 3417 κινήσεως
3150 3349 3280 3403 δεύ-

1720 3430 1893 3481 τερον
1946 3417 2099 3481 ἔτος.
2154 3417 2339 3471 Melius
2395 3419 2621 3471 diitisset
2653 3418 2959 3474 Eusebius;
3004 3419 3101 3473 Vix
3156 3423 3279 3473 dum

1720 3483 1918 3544 primus
1969 3502 2137 3537 annus
2187 3488 2422 3554 expletus
2484 3487 2682 3554 fuerat.
2741 3487 2874 3541 Nam
2932 3492 3028 3543 sub
3066 3490 3280 3543 initium

1720 3554 1941 3629 secundi
1976 3556 2549 3629 annipei-secutionis,
2582 3558 2810 3629 contigit
2856 3560 3122 3629 abdicatio
3141 3561 3277 3629 Dio-

1720 3620 2044 3695 cletianihac
2078 3620 2409 3695 Maximiani,
2461 3624 2717 3677 Kalendis
2737 3620 2981 3678 'scilicet
3007 3627 3279 3695 Aprilibus

1719 3701 1861 3739 anno
1918 3689 2115 3761 Christi
2168 3694 2272 3743 504
2325 3702 2447 3744 eum
2502 3696 2808 3761 persecutio
2863 3689 3279 3760 cmpta'l'uiSSct

1721 3770 1910 3830 mense
1943 3757 2136 3830 Martio
2183 3757 2545 3830 praecedentis
2602 3764 2752 3830 anni.
2784 3829 2787 3830 ν
2816 3757 2963 3813 (ὶιιιιί
2998 3764 3162 3830 igitur
3201 3768 3276 3813 ait

1717 3822 1986 3899 Eusebius
2003 3824 2152 3899 obices
2177 3822 2423 3897 δεύτερον
2463 3828 2581 3889 ἔτος
2619 3828 2961 3899 πεπλήρωτο,
3008 3822 3143 3883 idem
3172 3844 3272 3891 εει,

1718 3905 1781 3942 ac
1838 3892 1884 3943 si
1937 3894 2189 3957 dixisset,
2250 3892 2521 3948 secundus
2568 3892 2832 3963 agebattii'
2888 3899 3275 3962 persecutionis

1716 3974 1910 4032 annos.
1959 3964 2031 4015 lta
2074 3964 2455 4032 intelligendus
2499 3975 2577 4016 est
2609 3968 2747 4017 alter
2791 3965 2939 4018 locus
2974 3965 3189 4021 Eusebii
3222 3985 3273 4021 tu

1718 4028 1856 4101 libro
1884 4031 1954 4082 De
1987 4028 2300 4101 martyribus
2330 4032 2650 4101 Palwstimv,
2686 4048 2806 4101 cap.
2836 4036 2890 4097 ὅ,
2935 4037 2986 4085 iii
3024 4036 3147 4089 line.

1738 4111 1766 4172 ‘_i
1788 4098 1897 4168 (ὅτι.)
1964 4100 2046 4165 Τῷ
2103 4098 2483 4171 ἁρωτοστάτῃ
2550 4101 2668 4154 τῶν
2727 4098 3067 4172 εἰρημένων.
3141 4104 3276 4160 Male

1717 4167 2240 4237 Christorihorsoiius
2286 4167 2497 4223 vertit":
2533 4198 2549 4224 ι
2584 4173 2717 4225 Nam
2773 4167 2866 4241 qui
2918 4189 3121 4240 primus
3179 4190 3274 4226 uo-

1718 4250 1951 4312 straruiii
1982 4257 2347 4312 aerumnarum
2378 4255 2568 4296 auctor
2592 4252 2732 4296 emt.
2773 4262 2792 4294 ι
2828 4243 2882 4295 ln
2911 4258 3015 4312 quo
3056 4256 3274 4297 secutus

104 4308 300 4380 ultimo.
367 4314 421 4365 id
470 4321 646 4363 autem
685 4308 941 4380 contigitn
957 4306 1155 4372 aliquot
1190 4302 1460 4380 mensibus
1491 4302 1611 4374 post
1645 4302 1691 4357 D
1719 4324 1840 4364 esse
1864 4309 2077 4364 videtur
2124 4310 2511 4379 Nicephorum,
2570 4315 2659 4380 qui
2695 4315 2748 4366 in
2793 4302 3026 4380 cap.'i6,
3056 4311 3149 4364 lib.
3177 4327 3269 4371 vii.

98 4374 385 4433 inchoatam
435 4372 877 4447 persecutiotteiii.
906 4372 1169 4447 Ronaums
1195 4377 1355 4443 igitur
1394 4376 1444 4427 id
1477 4372 1609 4429 eve-

97 4447 231 4497 niSse
268 4442 450 4501 mense
481 4449 615 4500 Maio
637 4484 651 4507 ,
679 4446 797 4512 quis
823 4442 1033 4512 credat,
1064 4444 1202 4493 intra
1228 4442 1413 4495 decem
1456 4459 1607 4494 men-

94 4511 223 4563 sium
260 4520 485 4582 spatium
514 4508 895 4569 Diocleiianum
928 4508 1231 4582 Nicomedia
1260 4525 1471 4582 venisse
1502 4512 1609 4565 Ko—

95 4593 251 4651 Ψίιωι
279 4580 455 4651 ibique
483 4588 744 4651 insignem
768 4581 920 4651 illum
962 4580 1282 4651 triumphum
1308 4581 1514 4651 egisse;
1544 4595 1608 4633 ac

92 4648 274 4701 deinde
312 4648 480 4705 ltoma
513 4648 734 4707 rediisse
760 4649 1146 4710 Nicomediam,
1186 4660 1345 4714 atque
1371 4649 1440 4699 ibi
1480 4663 1610 4714 pur-

91 4730 269 4786 puram
305 4722 567 4786 posuisse,
629 4733 858 4786 moxque
907 4719 959 4770 in
1012 4716 1329 4768 Dalmatiam
1387 4732 1609 4786 conces-

89 4784 235 4848 sisse,
273 4784 328 4837 ui
367 4784 633 4855 reliquum
678 4784 797 4842 Vitae
844 4799 1047 4853 tempus
1082 4787 1149 4855 ibi
1198 4785 1455 4852 degeret?
1493 4787 1607 4842 Huc

88 4856 304 4925 accedit,
341 4854 493 4923 quod
511 4859 723 4911 morbus
750 4858 838 4911 ille
859 4873 963 4925 quo
991 4854 1343 4919 Diocletianus
1366 4856 1435 4925 de
1464 4868 1608 4910 statu

88 4924 275 4975 mentis
304 4922 567 4992 paululum
602 4922 910 4979 deturbatus
944 4936 1050 4987 est,
1090 4938 1315 4993 primum
1362 4922 1608 4993 Nicome-

88 4992 179 5045 dia
226 5007 347 5046 eum
394 4995 673 5059 corripuit,
723 4997 878 5063 paulo
915 5004 1033 5062 post
1096 4992 1377 5045 excitatam
1425 4994 1493 5045 ab
1538 4992 1606 5049 eo

85 5066 522 5125 persecutionem,
543 5073 599 5131 ut
620 5064 780 5115 refert
798 5064 1195 5118 Constantinus.
1214 5065 1389 5127 Quare
1416 5078 1605 5131 parum

84 5133 351 5197 probabile
393 5141 497 5193 est,
550 5129 933 5184 Diocletianum
984 5147 1046 5185 eo
1102 5139 1357 5185 tentatum
1398 5129 1604 5199 morbo,

86 5212 283 5254 tantum
319 5207 421 5255 iter
465 5202 781 5270 suscepisse.
825 5201 1025 5255 Deinde
1061 5212 1245 5254 auctor
1298 5204 1605 5270 panegyrici

82 5274 199 5325 dicti
254 5270 583 5325 Maximiano
625 5279 679 5322 et
717 5268 1087 5334 Constantino,
1130 5272 1326 5322 diserte
1376 5268 1606 5325 testatur

82 5341 459 5395 Diocletianum
485 5350 561 5407 et_
576 5335 947 5391 Maximianum
976 5343 1179 5407 aliquot
1205 5339 1360 5393 annis
1383 5353 1507 5393 ante
1537 5357 1605 5396 vx

80 5410 279 5479 imperii
316 5404 712 5479 aiiuuniRoinae
735 5404 1111 5479 triumphasse.
1139 5408 1232 5461 His
1257 5410 1399 5461 enim
1428 5413 1607 5466 verbis

78 5476 452 5535 Ia'ximianuin
487 5478 773 5546 alloquitur
803 5492 819 5528 :
856 5494 876 5525 ι
913 5476 988 5530 Te
1017 5480 1186 5545 primo
1216 5482 1456 5545 ingressu
1494 5495 1603 5546 tuo,

79 5559 214 5604 tanta
266 5550 477 5613 laetitia,
539 5554 684 5599 tanta
730 5544 1049 5613 frequentia
1070 5544 1295 5617 populus
1333 5544 1607 5605 Romanus

374 5651 649 5712 Pax-non.
690 5649 833 5745 iis;
856 5649 991 5711 XX.

1711 4382 1999 4433 Eusebium
2047 4382 2378 4444 exscribens,
2422 4398 2518 4449 pro
2570 4384 2888 4435 Lusebianis
2944 4383 3046 4433 illis
3094 4386 3275 4447 posuit

1709 4452 1786 4519 τῷ
1810 4450 2050 4521 dpxnytp
2061 4450 2159 4519 τῆς
2187 4450 2401 4521 κακίας.
2458 4518 2484 4521 ὴ
2606 4501 2612 4506 ,

1782 4514 2062 4589 (ϋὸίἌὶχῆ
2084 4514 2157 4573 τὰ
2184 4520 2379 4589 πάντα
2410 4518 2520 4585 τῆς
2558 4520 2751 4589 ἀρχῆς
2781 4517 3102 4589 διαιρεξται.
3130 4514 3269 4571 Coti-

1713 4586 1946 4643 sta‘iitius
1985 4586 2139 4643 enim
2198 4601 2251 4643 et
2303 4586 2915 4656 Galerius,7imperiuin
2970 4586 3267 4639 Romanum

1754 4660 1867 4719 uasi
1900 4661 2267 4713 hmreditatem
2294 4658 2578 4725 quamdam
2637 4659 2778 4710 inter
2807 4673 2864 4710 se
2895 4657 3073 4725 partiti
3118 4669 3264 4708 sunt.

1754 4675 1867 4719 UaSI
1900 4675 2267 4713 narreuttatem
2294 4675 2578 4725 quamdiu“
2637 4675 2778 4710 .ιιιϐτ
2807 4675 2864 4710 se
2895 4675 3073 4725 ρειΓιιιι
3118 4675 3264 4708 διιιιι.

1712 4675 1840 4791 ante
1890 4730 2059 4795 prima
2119 4729 2219 4780 fuit
2276 4726 2485 4795 imperii
2526 4725 2756 4778 Itoniani
2812 4728 3024 4790 divisio,
3062 4734 3117 4775 ut
3166 4730 3266 4776 hoc

1713 4796 1833 4849 loco
1868 4793 2032 4850 tradit
2083 4796 2364 4850 Eusebius.
2402 4793 2572 4846 Antea
2607 4798 2753 4847 enim
2790 4796 2915 4849 licet
2955 4799 3130 4863 plures
3157 4796 3264 4843 Au-

1712 4867 1850 4935 gusti
1885 4868 2041 4919 simul
2098 4867 2365 4935 fuissent,
2411 4874 2585 4917 tamen
2638 4867 2921 4931 imperium
2966 4866 3259 4935 llomanum

1711 4932 1940 5004 soiidutu
1981 4932 2474 5004 atqueindivisum
2510 4935 2904 5001 gubernabant,
2943 4944 2999 5004 ut
3042 4932 3261 5004 contigit

1711 5003 1889 5057 Marco
1916 5013 1971 5055 et
2002 5002 2133 5055 Vero
2160 5000 2567 5064 imperantibus.
2602 5007 2706 5057 Sed
2738 5015 2792 5056 et
2808 5008 2906 5057 sub
2942 5000 3259 5054 Diocletiano

1711 5085 1767 5125 et
1810 5072 2058 5123 Herculio
2094 5068 2441 5140 Maxuniatio,
2479 5071 2619 5123 nulla
2654 5075 2792 5126 facta
2832 5074 3015 5124 fuerat
3048 5070 3255 5140 imperii

1712 5142 1940 5202 divisio;
1985 5153 2105 5190 cum
2138 5152 2237 5190 nec
2269 5138 2594 5204 provincias,
2626 5157 2727 5194 nec
2769 5142 3003 5207 legiones
3031 5138 3254 5207 Augusti

1711 5211 1853 5264 inter
1884 5200 1943 5260 se
1973 5208 2153 5275 partiti
2180 5200 2383 5260 essent.
2417 5200 2734 5277 ﬂeete'ergo
2765 5200 3046 5272 Eutropius
3076 5203 3131 5277 in
3154 5200 3252 5277 lib.

1715 5296 1769 5341 ι,
1812 5280 1884 5330 ita
1909 5273 2188 5345 scribitzit
2237 5278 2331 5329 His
2360 5279 2536 5345 igitur
2582 5273 2902 5330 abeuntibus
2931 5280 2997 5326 ab
3022 5273 3251 5345 admini-

1710 5349 1969 5402 stratione
1995 5344 2318 5410 reipublicae,
2338 5342 2678 5400 constantius
2716 5357 2768 5397 et
2799 5345 3041 5397 Galerius
3068 5342 3252 5406 Augu;

1710 5419 1779 5471 sti
1808 5416 1976 5469 creati
2014 5422 2160 5476 sunt,
2214 5418 2525 5483 divisusque
2556 5417 2822 5485 inter-“eos
2870 5414 3255 5485 Hoiiiaiiusoro

1712 5488 1813 5539 bis.
1855 5503 1873 5534 ι
1903 5484 2041 5535 Idem
2060 5486 2309 5537 observat
2337 5478 2555 5538 Orosius
2588 5487 2639 5534 in
2674 5483 2764 5534 lib.
2792 5496 2885 5545 vn,
2917 5481 2997 5533 his
3026 5478 3200 5531 vei-bis
3229 5492 3247 5528 ε

1718 5576 1735 5607 ι
1770 5553 2018 5607 Galerius
2049 5566 2102 5605 et
2131 5552 2477 5607 Constantius
2504 5553 2751 5621 Augusti,
2782 5555 2937 5621 primi
2975 5552 3253 5618 imperium

2874 5644 2951 5707 ‘25
