  <div class='ocr_page' id='page_1' title='image "/cluster/home/n/w/nwhite01/storage/ocr_20150623/20/pst.000005712052/399.png"; bbox 0 0 3952 6338; ppageno 0'>
   <div class='ocr_carea' id='block_1_1' title="bbox 678 269 780 325">
    <p class='ocr_par' dir='ltr' id='par_1_1' title="bbox 678 269 780 325">
     <span class='ocr_line' id='line_1_1' title="bbox 678 269 780 325; baseline 0 0"><span class='ocrx_word' id='word_1_1' title='bbox 678 269 780 325; x_wconf 81' lang='grc'><strong>783</strong></span> 
     </span>
    </p>
   </div>
   <div class='ocr_carea' id='block_1_2' title="bbox 1367 257 3847 317">
    <p class='ocr_par' dir='ltr' id='par_1_2' title="bbox 1367 257 3847 317">
     <span class='ocr_line' id='line_1_2' title="bbox 1367 257 3847 317; baseline -0.001 0"><span class='ocrx_word' id='word_1_2' title='bbox 1367 259 1636 317; x_wconf 82' lang='lat' dir='ltr'><strong>EUSEBII</strong></span> <span class='ocrx_word' id='word_1_3' title='bbox 1673 258 2150 315; x_wconf 63' lang='lat' dir='ltr'><strong>CESARIENSIS</strong></span> <span class='ocrx_word' id='word_1_4' title='bbox 2187 260 2338 317; x_wconf 83' lang='lat' dir='ltr'><strong>OPP.</strong></span> <span class='ocrx_word' id='word_1_5' title='bbox 2382 257 2563 314; x_wconf 70' lang='lat' dir='ltr'><strong>PARS</strong></span> <span class='ocrx_word' id='word_1_6' title='bbox 2602 260 2640 314; x_wconf 84' lang='grc'>1.</span> <span class='ocrx_word' id='word_1_7' title='bbox 2685 292 2751 302; x_wconf 87' lang='grc'><strong><em>-</em></strong></span> <span class='ocrx_word' id='word_1_8' title='bbox 2788 258 3180 314; x_wconf 77' lang='lat' dir='ltr'><strong>HISTORICA.</strong></span> <span class='ocrx_word' id='word_1_9' title='bbox 3772 262 3847 317; x_wconf 72' lang='lat' dir='ltr'><strong>78t</strong></span> 
     </span>
    </p>
   </div>
   <div class='ocr_carea' id='block_1_3' title="bbox 670 378 2215 451">
    <p class='ocr_par' dir='ltr' id='par_1_3' title="bbox 670 380 2215 450">
     <span class='ocr_line' id='line_1_3' title="bbox 670 380 2215 450; baseline -0.003 -8"><span class='ocrx_word' id='word_1_10' title='bbox 670 402 866 443; x_wconf 83' lang='lat' dir='ltr'><strong>mones</strong></span> <span class='ocrx_word' id='word_1_11' title='bbox 890 385 1206 445; x_wconf 82' lang='lat' dir='ltr'><strong>evocandos.</strong></span> <span class='ocrx_word' id='word_1_12' title='bbox 1231 391 1284 436; x_wconf 93' lang='lat' dir='ltr'><strong>et</strong></span> <span class='ocrx_word' id='word_1_13' title='bbox 1315 382 1380 435; x_wconf 87' lang='lat' dir='ltr'><strong>ad</strong></span> <span class='ocrx_word' id='word_1_14' title='bbox 1417 380 1614 437; x_wconf 85' lang='lat' dir='ltr'><strong>bellum</strong></span> <span class='ocrx_word' id='word_1_15' title='bbox 1644 382 1786 450; x_wconf 89' lang='lat' dir='ltr'><strong>quod</strong></span> <span class='ocrx_word' id='word_1_16' title='bbox 1827 380 1937 447; x_wconf 86' lang='lat' dir='ltr'><strong>jam</strong></span> <span class='ocrx_word' id='word_1_17' title='bbox 1990 383 2215 438; x_wconf 84' lang='lat' dir='ltr'><strong>immitte</strong></span> 
     </span>
    </p>
   </div>
   <div class='ocr_carea' id='block_1_4' title="bbox 2318 378 3848 451">
    <p class='ocr_par' dir='ltr' id='par_1_4' title="bbox 2334 378 3848 451">
     <span class='ocr_line' id='line_1_4' title="bbox 2334 378 3848 451; baseline 0 -18"><span class='ocrx_word' id='word_1_18' title='bbox 2334 381 2684 451; x_wconf 84' lang='grc' dir='ltr'>καταστῆναι,</span> <span class='ocrx_word' id='word_1_19' title='bbox 2734 381 2863 443; x_wconf 81' lang='grc' dir='ltr'>ὅσην</span> <span class='ocrx_word' id='word_1_20' title='bbox 2904 381 2997 434; x_wconf 83' lang='grc' dir='ltr'>ἐπὶ</span> <span class='ocrx_word' id='word_1_21' title='bbox 3059 379 3274 450; x_wconf 80' lang='grc' dir='ltr'><strong>Ῥώμης</strong></span> <span class='ocrx_word' id='word_1_22' title='bbox 3306 379 3411 432; x_wconf 76' lang='grc' dir='ltr'>οὐδ’</span> <span class='ocrx_word' id='word_1_23' title='bbox 3448 378 3634 433; x_wconf 79' lang='grc' dir='ltr'>άλλοτε</span> <span class='ocrx_word' id='word_1_24' title='bbox 3678 381 3721 432; x_wconf 76' lang='lat' dir='ltr'><strong>oi</strong></span> <span class='ocrx_word' id='word_1_25' title='bbox 3757 382 3848 433; x_wconf 79' lang='grc' dir='ltr'>καθ’</span> 
     </span>
    </p>
   </div>
   <div class='ocr_carea' id='block_1_5' title="bbox 677 472 2230 543">
    <p class='ocr_par' dir='ltr' id='par_1_5' title="bbox 677 472 2230 543">
     <span class='ocr_line' id='line_1_5' title="bbox 677 472 2230 543; baseline -0.003 -10"><span class='ocrx_word' id='word_1_26' title='bbox 677 480 767 533; x_wconf 83' lang='lat' dir='ltr'><strong>bat</strong></span> <span class='ocrx_word' id='word_1_27' title='bbox 808 476 1197 543; x_wconf 85' lang='lat' dir='ltr'><strong>depellendum.</strong></span> <span class='ocrx_word' id='word_1_28' title='bbox 1255 472 1347 527; x_wconf 89' lang='lat' dir='ltr'><strong>His</strong></span> <span class='ocrx_word' id='word_1_29' title='bbox 1398 473 1542 526; x_wconf 92' lang='lat' dir='ltr'><strong>enim</strong></span> <span class='ocrx_word' id='word_1_30' title='bbox 1588 473 1797 530; x_wconf 86' lang='lat' dir='ltr'><strong>artibus</strong></span> <span class='ocrx_word' id='word_1_31' title='bbox 1838 472 2117 526; x_wconf 90' lang='lat' dir='ltr'><strong>victoriam</strong></span> <span class='ocrx_word' id='word_1_32' title='bbox 2172 490 2230 529; x_wconf 87' lang='lat' dir='ltr'><strong>se</strong></span> 
     </span>
    </p>
   </div>
   <div class='ocr_carea' id='block_1_6' title="bbox 678 564 2227 636">
    <p class='ocr_par' dir='ltr' id='par_1_6' title="bbox 678 564 2227 636">
     <span class='ocr_line' id='line_1_6' title="bbox 678 564 2227 636; baseline -0.003 -15"><span class='ocrx_word' id='word_1_33' title='bbox 678 570 993 636; x_wconf 76' lang='lat' dir='ltr'><strong>adepturum</strong></span> <span class='ocrx_word' id='word_1_34' title='bbox 1030 567 1170 621; x_wconf 84' lang='lat' dir='ltr'><strong>haud</strong></span> <span class='ocrx_word' id='word_1_35' title='bbox 1200 564 1360 618; x_wconf 88' lang='lat' dir='ltr'><strong>dubia</strong></span> <span class='ocrx_word' id='word_1_36' title='bbox 1393 577 1487 631; x_wconf 91' lang='lat' dir='ltr'><strong>spe</strong></span> <span class='ocrx_word' id='word_1_37' title='bbox 1522 572 1955 632; x_wconf 65' lang='lat' dir='ltr'><strong>prmsumpserat.</strong></span> <span class='ocrx_word' id='word_1_38' title='bbox 2000 564 2097 617; x_wconf 82' lang='lat' dir='ltr'><strong>llic</strong></span> <span class='ocrx_word' id='word_1_39' title='bbox 2132 565 2227 631; x_wconf 82' lang='lat' dir='ltr'><strong>igi-</strong></span> 
     </span>
    </p>
   </div>
   <div class='ocr_carea' id='block_1_7' title="bbox 675 654 2231 727">
    <p class='ocr_par' dir='ltr' id='par_1_7' title="bbox 675 654 2231 727">
     <span class='ocr_line' id='line_1_7' title="bbox 675 654 2231 727; baseline -0.001 -17"><span class='ocrx_word' id='word_1_40' title='bbox 675 669 764 712; x_wconf 87' lang='lat' dir='ltr'><strong>tur</strong></span> <span class='ocrx_word' id='word_1_41' title='bbox 788 661 914 713; x_wconf 89' lang='lat' dir='ltr'><strong>dum</strong></span> <span class='ocrx_word' id='word_1_42' title='bbox 939 660 1121 711; x_wconf 69' lang='lat' dir='ltr'><strong>Romae</strong></span> <span class='ocrx_word' id='word_1_43' title='bbox 1150 656 1487 727; x_wconf 79' lang='lat' dir='ltr'><strong>tyrannidem</strong></span> <span class='ocrx_word' id='word_1_44' title='bbox 1524 665 1761 719; x_wconf 75' lang='lat' dir='ltr'><strong>exercet,</strong></span> <span class='ocrx_word' id='word_1_45' title='bbox 1790 655 1874 707; x_wconf 86' lang='lat' dir='ltr'><strong>vix</strong></span> <span class='ocrx_word' id='word_1_46' title='bbox 1918 654 2021 708; x_wconf 89' lang='lat' dir='ltr'><strong>dici</strong></span> <span class='ocrx_word' id='word_1_47' title='bbox 2052 663 2231 722; x_wconf 87' lang='lat' dir='ltr'><strong>potest</strong></span> 
     </span>
    </p>
   </div>
   <div class='ocr_carea' id='block_1_8' title="bbox 673 746 2231 820">
    <p class='ocr_par' dir='ltr' id='par_1_8' title="bbox 673 746 2231 820">
     <span class='ocr_line' id='line_1_8' title="bbox 673 746 2231 820; baseline 0 -20"><span class='ocrx_word' id='word_1_48' title='bbox 673 762 804 820; x_wconf 87' lang='lat' dir='ltr'><strong>quot</strong></span> <span class='ocrx_word' id='word_1_49' title='bbox 834 754 1157 818; x_wconf 75' lang='lat' dir='ltr'><strong>quantisque</strong></span> <span class='ocrx_word' id='word_1_50' title='bbox 1188 748 1342 801; x_wconf 91' lang='lat' dir='ltr'><strong>malis</strong></span> <span class='ocrx_word' id='word_1_51' title='bbox 1377 746 1621 800; x_wconf 85' lang='lat' dir='ltr'><strong>sobditos</strong></span> <span class='ocrx_word' id='word_1_52' title='bbox 1669 748 2019 815; x_wconf 85' lang='lat' dir='ltr'><strong>oppresserit,</strong></span> <span class='ocrx_word' id='word_1_53' title='bbox 2070 756 2231 815; x_wconf 89' lang='lat' dir='ltr'><strong>atque</strong></span> 
     </span>
    </p>
   </div>
   <div class='ocr_carea' id='block_1_9' title="bbox 674 836 2227 904">
    <p class='ocr_par' dir='ltr' id='par_1_9' title="bbox 674 836 2227 904">
     <span class='ocr_line' id='line_1_9' title="bbox 674 836 2227 904; baseline -0.003 -10"><span class='ocrx_word' id='word_1_54' title='bbox 674 842 725 894; x_wconf 87' lang='lat' dir='ltr'><strong>in</strong></span> <span class='ocrx_word' id='word_1_55' title='bbox 791 840 1103 893; x_wconf 68' lang='lat' dir='ltr'><strong>servitutem</strong></span> <span class='ocrx_word' id='word_1_56' title='bbox 1158 837 1463 904; x_wconf 87' lang='lat' dir='ltr'><strong>redegerit;</strong></span> <span class='ocrx_word' id='word_1_57' title='bbox 1524 836 1655 889; x_wconf 87' lang='lat' dir='ltr'><strong>adeo</strong></span> <span class='ocrx_word' id='word_1_58' title='bbox 1708 846 1766 889; x_wconf 92' lang='lat' dir='ltr'><strong>ut</strong></span> <span class='ocrx_word' id='word_1_59' title='bbox 1816 837 1882 889; x_wconf 86' lang='lat' dir='ltr'><strong>ad</strong></span> <span class='ocrx_word' id='word_1_60' title='bbox 1928 846 2227 890; x_wconf 91' lang='lat' dir='ltr'><strong>extremam</strong></span> 
     </span>
    </p>
   </div>
   <div class='ocr_carea' id='block_1_10' title="bbox 675 926 2229 995">
    <p class='ocr_par' dir='ltr' id='par_1_10' title="bbox 675 926 2229 995">
     <span class='ocr_line' id='line_1_10' title="bbox 675 926 2229 995; baseline -0.001 -15"><span class='ocrx_word' id='word_1_61' title='bbox 675 931 809 982; x_wconf 85' lang='lat' dir='ltr'><strong>trusi</strong></span> <span class='ocrx_word' id='word_1_62' title='bbox 853 930 963 982; x_wconf 93' lang='lat' dir='ltr'><strong>sint</strong></span> <span class='ocrx_word' id='word_1_63' title='bbox 1011 928 1390 981; x_wconf 78' lang='lat' dir='ltr'><strong>alimentorum</strong></span> <span class='ocrx_word' id='word_1_64' title='bbox 1454 927 1758 992; x_wconf 85' lang='lat' dir='ltr'><strong>penuriam,</strong></span> <span class='ocrx_word' id='word_1_65' title='bbox 1814 926 2024 995; x_wconf 86' lang='lat' dir='ltr'><strong>qualem</strong></span> <span class='ocrx_word' id='word_1_66' title='bbox 2072 935 2229 979; x_wconf 88' lang='lat' dir='ltr'><strong>antea</strong></span> 
     </span>
    </p>
   </div>
   <div class='ocr_carea' id='block_1_11' title="bbox 673 1016 2230 1087">
    <p class='ocr_par' dir='ltr' id='par_1_11' title="bbox 673 1016 2230 1087">
     <span class='ocr_line' id='line_1_11' title="bbox 673 1016 2230 1087; baseline -0.003 -13"><span class='ocrx_word' id='word_1_67' title='bbox 673 1022 853 1075; x_wconf 72' lang='lat' dir='ltr'><strong>Romm</strong></span> <span class='ocrx_word' id='word_1_68' title='bbox 885 1032 977 1073; x_wconf 91' lang='lat' dir='ltr'><strong>aut</strong></span> <span class='ocrx_word' id='word_1_69' title='bbox 1007 1020 1131 1073; x_wconf 81' lang='lat' dir='ltr'><strong>alibi</strong></span> <span class='ocrx_word' id='word_1_70' title='bbox 1162 1032 1395 1087; x_wconf 78' lang='lat' dir='ltr'><strong>unquam</strong></span> <span class='ocrx_word' id='word_1_71' title='bbox 1427 1016 1588 1070; x_wconf 80' lang='lat' dir='ltr'><strong>fuisse</strong></span> <span class='ocrx_word' id='word_1_72' title='bbox 1625 1017 1765 1070; x_wconf 89' lang='lat' dir='ltr'><strong>nulla</strong></span> <span class='ocrx_word' id='word_1_73' title='bbox 1810 1018 2083 1070; x_wconf 86' lang='lat' dir='ltr'><strong>hominum</strong></span> <span class='ocrx_word' id='word_1_74' title='bbox 2118 1030 2230 1069; x_wconf 88' lang='lat' dir='ltr'><strong>me-</strong></span> 
     </span>
    </p>
   </div>
   <div class='ocr_carea' id='block_1_12' title="bbox 672 1106 2230 1177">
    <p class='ocr_par' dir='ltr' id='par_1_12' title="bbox 672 1106 2230 1177">
     <span class='ocr_line' id='line_1_12' title="bbox 672 1106 2230 1177; baseline -0.004 -12"><span class='ocrx_word' id='word_1_75' title='bbox 672 1113 840 1165; x_wconf 86' lang='lat' dir='ltr'><strong>moria</strong></span> <span class='ocrx_word' id='word_1_76' title='bbox 874 1109 1143 1164; x_wconf 78' lang='lat' dir='ltr'><strong>recordari</strong></span> <span class='ocrx_word' id='word_1_77' title='bbox 1175 1118 1369 1177; x_wconf 81' lang='lat' dir='ltr'><strong>potest.</strong></span> <span class='ocrx_word' id='word_1_78' title='bbox 1413 1109 1481 1162; x_wconf 80' lang='lat' dir='ltr'><strong>At</strong></span> <span class='ocrx_word' id='word_1_79' title='bbox 1518 1110 1567 1160; x_wconf 94' lang='lat' dir='ltr'><strong>in</strong></span> <span class='ocrx_word' id='word_1_80' title='bbox 1602 1108 1838 1163; x_wconf 86' lang='lat' dir='ltr'><strong>Orientis</strong></span> <span class='ocrx_word' id='word_1_81' title='bbox 1870 1106 2120 1177; x_wconf 79' lang='lat' dir='ltr'><strong>partibus</strong></span> <span class='ocrx_word' id='word_1_82' title='bbox 2148 1118 2230 1177; x_wconf 77' lang='lat' dir='ltr'><strong>ty-</strong></span> 
     </span>
    </p>
   </div>
   <div class='ocr_carea' id='block_1_13' title="bbox 672 1200 2227 1265">
    <p class='ocr_par' dir='ltr' id='par_1_13' title="bbox 672 1200 2227 1265">
     <span class='ocr_line' id='line_1_13' title="bbox 672 1200 2227 1265; baseline -0.002 -11"><span class='ocrx_word' id='word_1_83' title='bbox 672 1218 875 1255; x_wconf 79' lang='lat' dir='ltr'><strong>rannus</strong></span> <span class='ocrx_word' id='word_1_84' title='bbox 908 1200 1247 1265; x_wconf 74' lang='lat' dir='ltr'><strong>Maximinus,</strong></span> <span class='ocrx_word' id='word_1_85' title='bbox 1276 1201 1409 1253; x_wconf 90' lang='lat' dir='ltr'><strong>inito</strong></span> <span class='ocrx_word' id='word_1_86' title='bbox 1449 1202 1586 1254; x_wconf 89' lang='lat' dir='ltr'><strong>clam</strong></span> <span class='ocrx_word' id='word_1_87' title='bbox 1619 1200 1823 1253; x_wconf 81' lang='lat' dir='ltr'><strong>ftedere</strong></span> <span class='ocrx_word' id='word_1_88' title='bbox 1846 1216 1969 1261; x_wconf 91' lang='lat' dir='ltr'><strong>cum</strong></span> <span class='ocrx_word' id='word_1_89' title='bbox 2010 1200 2227 1252; x_wconf 78' lang='lat' dir='ltr'><strong>Maxen-</strong></span> 
     </span>
    </p>
   </div>
   <div class='ocr_carea' id='block_1_14' title="bbox 674 1292 2230 1364">
    <p class='ocr_par' dir='ltr' id='par_1_14' title="bbox 674 1292 2230 1364">
     <span class='ocr_line' id='line_1_14' title="bbox 674 1292 2230 1364; baseline -0.002 -18"><span class='ocrx_word' id='word_1_90' title='bbox 674 1295 745 1347; x_wconf 91' lang='lat' dir='ltr'><strong>tio</strong></span> <span class='ocrx_word' id='word_1_91' title='bbox 792 1293 1045 1348; x_wconf 76' lang='lat' dir='ltr'><strong>Romana:</strong></span> <span class='ocrx_word' id='word_1_92' title='bbox 1096 1295 1246 1348; x_wconf 84' lang='lat' dir='ltr'><strong>urbis</strong></span> <span class='ocrx_word' id='word_1_93' title='bbox 1281 1304 1531 1364; x_wconf 86' lang='lat' dir='ltr'><strong>tyranno,</strong></span> <span class='ocrx_word' id='word_1_94' title='bbox 1566 1302 1747 1362; x_wconf 91' lang='lat' dir='ltr'><strong>utpote</strong></span> <span class='ocrx_word' id='word_1_95' title='bbox 1793 1292 2057 1346; x_wconf 88' lang='lat' dir='ltr'><strong>scelerum</strong></span> <span class='ocrx_word' id='word_1_96' title='bbox 2112 1307 2230 1361; x_wconf 86' lang='lat' dir='ltr'><strong>ger-</strong></span> 
     </span>
    </p>
   </div>
   <div class='ocr_carea' id='block_1_15' title="bbox 674 1383 2226 1461">
    <p class='ocr_par' dir='ltr' id='par_1_15' title="bbox 674 1383 2226 1461">
     <span class='ocr_line' id='line_1_15' title="bbox 674 1383 2226 1461; baseline -0.002 -23"><span class='ocrx_word' id='word_1_97' title='bbox 674 1386 927 1439; x_wconf 80' lang='lat' dir='ltr'><strong>manitate</strong></span> <span class='ocrx_word' id='word_1_98' title='bbox 954 1387 1051 1438; x_wconf 79' lang='lat' dir='ltr'><strong>sibi</strong></span> <span class='ocrx_word' id='word_1_99' title='bbox 1076 1386 1433 1461; x_wconf 7' lang='lat' dir='ltr'><strong>jgunctissimo,</strong></span> <span class='ocrx_word' id='word_1_100' title='bbox 1463 1386 1550 1439; x_wconf 92' lang='lat' dir='ltr'><strong>diu</strong></span> <span class='ocrx_word' id='word_1_101' title='bbox 1579 1385 1790 1453; x_wconf 78' lang='lat' dir='ltr'><strong>quidem</strong></span> <span class='ocrx_word' id='word_1_102' title='bbox 1820 1384 1983 1439; x_wconf 77' lang='lat' dir='ltr'><strong>latere</strong></span> <span class='ocrx_word' id='word_1_103' title='bbox 2008 1383 2226 1437; x_wconf 85' lang='lat' dir='ltr'><strong>studuit.</strong></span> 
     </span>
    </p>
   </div>
   <div class='ocr_carea' id='block_1_16' title="bbox 671 1475 2227 1545">
    <p class='ocr_par' dir='ltr' id='par_1_16' title="bbox 671 1475 2227 1545">
     <span class='ocr_line' id='line_1_16' title="bbox 671 1475 2227 1545; baseline -0.001 -14"><span class='ocrx_word' id='word_1_104' title='bbox 671 1480 903 1535; x_wconf 81' lang='lat' dir='ltr'><strong>Tandem</strong></span> <span class='ocrx_word' id='word_1_105' title='bbox 940 1493 1065 1532; x_wconf 86' lang='lat' dir='ltr'><strong>vero</strong></span> <span class='ocrx_word' id='word_1_106' title='bbox 1091 1478 1457 1545; x_wconf 82' lang='lat' dir='ltr'><strong>deprehensus</strong></span> <span class='ocrx_word' id='word_1_107' title='bbox 1503 1492 1691 1545; x_wconf 71' lang='lat' dir='ltr'><strong>pinnas</strong></span> <span class='ocrx_word' id='word_1_108' title='bbox 1721 1477 1926 1529; x_wconf 90' lang='lat' dir='ltr'><strong>debitas</strong></span> <span class='ocrx_word' id='word_1_109' title='bbox 1950 1475 2227 1545; x_wconf 84' lang='lat' dir='ltr'><strong>persolvit.</strong></span> 
     </span>
    </p>
   </div>
   <div class='ocr_carea' id='block_1_17' title="bbox 675 1567 2228 1638">
    <p class='ocr_par' dir='ltr' id='par_1_17' title="bbox 675 1567 2228 1638">
     <span class='ocr_line' id='line_1_17' title="bbox 675 1567 2228 1638; baseline -0.003 -11"><span class='ocrx_word' id='word_1_110' title='bbox 675 1573 855 1627; x_wconf 84' lang='lat' dir='ltr'><strong>Mirum</strong></span> <span class='ocrx_word' id='word_1_111' title='bbox 892 1579 973 1623; x_wconf 89' lang='lat' dir='ltr'><strong>est</strong></span> <span class='ocrx_word' id='word_1_112' title='bbox 1004 1572 1143 1623; x_wconf 85' lang='lat' dir='ltr'><strong>enim</strong></span> <span class='ocrx_word' id='word_1_113' title='bbox 1176 1582 1372 1638; x_wconf 87' lang='lat' dir='ltr'><strong>quanta</strong></span> <span class='ocrx_word' id='word_1_114' title='bbox 1429 1571 1515 1623; x_wconf 90' lang='lat' dir='ltr'><strong>hic</strong></span> <span class='ocrx_word' id='word_1_115' title='bbox 1562 1568 1814 1637; x_wconf 70' lang='lat' dir='ltr'><strong>nequitiae</strong></span> <span class='ocrx_word' id='word_1_116' title='bbox 1862 1567 2120 1621; x_wconf 84' lang='lat' dir='ltr'><strong>aﬂluitate</strong></span> <span class='ocrx_word' id='word_1_117' title='bbox 2175 1579 2228 1623; x_wconf 91' lang='lat' dir='ltr'><strong>et</strong></span> 
     </span>
    </p>
   </div>
   <div class='ocr_carea' id='block_1_18' title="bbox 668 1660 2219 1729">
    <p class='ocr_par' dir='ltr' id='par_1_18' title="bbox 668 1660 2219 1729">
     <span class='ocr_line' id='line_1_18' title="bbox 668 1660 2219 1729; baseline -0.001 -16"><span class='ocrx_word' id='word_1_118' title='bbox 668 1663 1037 1723; x_wconf 86' lang='lat' dir='ltr'><strong>similitudine,</strong></span> <span class='ocrx_word' id='word_1_119' title='bbox 1073 1660 1329 1714; x_wconf 69' lang='lat' dir='ltr'><strong>Romaum</strong></span> <span class='ocrx_word' id='word_1_120' title='bbox 1364 1660 1513 1713; x_wconf 87' lang='lat' dir='ltr'><strong>urbis</strong></span> <span class='ocrx_word' id='word_1_121' title='bbox 1561 1671 1845 1729; x_wconf 86' lang='lat' dir='ltr'><strong>tyrannum</strong></span> <span class='ocrx_word' id='word_1_122' title='bbox 1874 1660 2219 1727; x_wconf 79' lang='lat' dir='ltr'><strong>expresserit,</strong></span> 
     </span>
    </p>
   </div>
   <div class='ocr_carea' id='block_1_19' title="bbox 668 1746 2223 1821">
    <p class='ocr_par' dir='ltr' id='par_1_19' title="bbox 668 1746 2223 1821">
     <span class='ocr_line' id='line_1_19' title="bbox 668 1746 2223 1821; baseline -0.005 -15"><span class='ocrx_word' id='word_1_123' title='bbox 668 1768 754 1806; x_wconf 85' lang='lat' dir='ltr'><strong>seu</strong></span> <span class='ocrx_word' id='word_1_124' title='bbox 791 1752 969 1818; x_wconf 91' lang='lat' dir='ltr'><strong>potius</strong></span> <span class='ocrx_word' id='word_1_125' title='bbox 1014 1751 1171 1821; x_wconf 87' lang='lat' dir='ltr'><strong>longo</strong></span> <span class='ocrx_word' id='word_1_126' title='bbox 1226 1749 1507 1801; x_wconf 88' lang='lat' dir='ltr'><strong>intervallo</strong></span> <span class='ocrx_word' id='word_1_127' title='bbox 1536 1750 1821 1815; x_wconf 88' lang='lat' dir='ltr'><strong>superarit.</strong></span> <span class='ocrx_word' id='word_1_128' title='bbox 1866 1746 2071 1815; x_wconf 88' lang='lat' dir='ltr'><strong>Quippe</strong></span> <span class='ocrx_word' id='word_1_129' title='bbox 2122 1749 2223 1801; x_wconf 87' lang='lat' dir='ltr'><strong>itu—</strong></span> 
     </span>
    </p>
   </div>
   <div class='ocr_carea' id='block_1_20' title="bbox 666 1838 2223 1908">
    <p class='ocr_par' dir='ltr' id='par_1_20' title="bbox 666 1838 2223 1908">
     <span class='ocr_line' id='line_1_20' title="bbox 666 1838 2223 1908; baseline -0.001 -15"><span class='ocrx_word' id='word_1_130' title='bbox 666 1852 941 1908; x_wconf 85' lang='lat' dir='ltr'><strong>postorum</strong></span> <span class='ocrx_word' id='word_1_131' title='bbox 1001 1851 1051 1893; x_wconf 88' lang='lat' dir='ltr'><strong>et</strong></span> <span class='ocrx_word' id='word_1_132' title='bbox 1103 1854 1374 1907; x_wconf 79' lang='lat' dir='ltr'><strong>magorum</strong></span> <span class='ocrx_word' id='word_1_133' title='bbox 1434 1839 1700 1908; x_wconf 75' lang='lat' dir='ltr'><strong>principes</strong></span> <span class='ocrx_word' id='word_1_134' title='bbox 1748 1838 1941 1892; x_wconf 88' lang='lat' dir='ltr'><strong>summi</strong></span> <span class='ocrx_word' id='word_1_135' title='bbox 2001 1838 2223 1893; x_wconf 81' lang='lat' dir='ltr'><strong>honoris</strong></span> 
     </span>
    </p>
   </div>
   <div class='ocr_carea' id='block_1_21' title="bbox 666 1924 2220 1999">
    <p class='ocr_par' dir='ltr' id='par_1_21' title="bbox 666 1924 2220 1999">
     <span class='ocr_line' id='line_1_21' title="bbox 666 1924 2220 1999; baseline 0 -15"><span class='ocrx_word' id='word_1_136' title='bbox 666 1934 867 1998; x_wconf 88' lang='lat' dir='ltr'><strong>apicem</strong></span> <span class='ocrx_word' id='word_1_137' title='bbox 901 1932 1039 1999; x_wconf 91' lang='lat' dir='ltr'><strong>apud</strong></span> <span class='ocrx_word' id='word_1_138' title='bbox 1067 1947 1185 1985; x_wconf 90' lang='lat' dir='ltr'><strong>eum</strong></span> <span class='ocrx_word' id='word_1_139' title='bbox 1218 1924 1535 1984; x_wconf 90' lang='lat' dir='ltr'><strong>obtinebant</strong></span> <span class='ocrx_word' id='word_1_140' title='bbox 1564 1945 1577 1983; x_wconf 90' lang='lat'><strong>:</strong></span> <span class='ocrx_word' id='word_1_141' title='bbox 1603 1946 1722 1984; x_wconf 92' lang='lat' dir='ltr'><strong>cum</strong></span> <span class='ocrx_word' id='word_1_142' title='bbox 1762 1930 1874 1997; x_wconf 90' lang='lat' dir='ltr'><strong>ipse</strong></span> <span class='ocrx_word' id='word_1_143' title='bbox 1904 1944 2065 1999; x_wconf 84' lang='lat' dir='ltr'><strong>supra</strong></span> <span class='ocrx_word' id='word_1_144' title='bbox 2105 1945 2220 1984; x_wconf 80' lang='lat' dir='ltr'><strong>mo-</strong></span> 
     </span>
    </p>
   </div>
   <div class='ocr_carea' id='block_1_22' title="bbox 666 2022 2221 2090">
    <p class='ocr_par' dir='ltr' id='par_1_22' title="bbox 666 2022 2221 2090">
     <span class='ocr_line' id='line_1_22' title="bbox 666 2022 2221 2090; baseline -0.003 -12"><span class='ocrx_word' id='word_1_145' title='bbox 666 2027 785 2078; x_wconf 86' lang='lat' dir='ltr'><strong>dum</strong></span> <span class='ocrx_word' id='word_1_146' title='bbox 827 2024 1177 2077; x_wconf 82' lang='lat' dir='ltr'><strong>tncticulosus</strong></span> <span class='ocrx_word' id='word_1_147' title='bbox 1210 2035 1354 2077; x_wconf 87' lang='lat' dir='ltr'><strong>esset</strong></span> <span class='ocrx_word' id='word_1_148' title='bbox 1383 2037 1446 2077; x_wconf 91' lang='lat' dir='ltr'><strong>ac</strong></span> <span class='ocrx_word' id='word_1_149' title='bbox 1494 2022 1915 2090; x_wconf 88' lang='lat' dir='ltr'><strong>superstitiosus,</strong></span> <span class='ocrx_word' id='word_1_150' title='bbox 1956 2032 2008 2075; x_wconf 92' lang='lat' dir='ltr'><strong>et</strong></span> <span class='ocrx_word' id='word_1_151' title='bbox 2054 2022 2221 2075; x_wconf 89' lang='lat' dir='ltr'><strong>simu-</strong></span> 
     </span>
    </p>
   </div>
   <div class='ocr_carea' id='block_1_23' title="bbox 670 2113 2215 2181">
    <p class='ocr_par' dir='ltr' id='par_1_23' title="bbox 670 2113 2215 2181">
     <span class='ocr_line' id='line_1_23' title="bbox 670 2113 2215 2181; baseline -0.002 -14"><span class='ocrx_word' id='word_1_152' title='bbox 670 2116 927 2167; x_wconf 82' lang='lat' dir='ltr'><strong>lacrorum</strong></span> <span class='ocrx_word' id='word_1_153' title='bbox 960 2130 1020 2167; x_wconf 90' lang='lat' dir='ltr'><strong>ac</strong></span> <span class='ocrx_word' id='word_1_154' title='bbox 1053 2115 1353 2167; x_wconf 73' lang='lat' dir='ltr'><strong>dzemonum</strong></span> <span class='ocrx_word' id='word_1_155' title='bbox 1414 2113 1634 2166; x_wconf 81' lang='lat' dir='ltr'><strong>vanitati</strong></span> <span class='ocrx_word' id='word_1_156' title='bbox 1672 2114 1935 2181; x_wconf 88' lang='lat' dir='ltr'><strong>imprimis</strong></span> <span class='ocrx_word' id='word_1_157' title='bbox 1986 2113 2215 2167; x_wconf 89' lang='lat' dir='ltr'><strong>deditus.</strong></span> 
     </span>
    </p>
   </div>
   <div class='ocr_carea' id='block_1_24' title="bbox 670 2204 2219 2275">
    <p class='ocr_par' dir='ltr' id='par_1_24' title="bbox 670 2204 2219 2275">
     <span class='ocr_line' id='line_1_24' title="bbox 670 2204 2219 2275; baseline -0.001 -18"><span class='ocrx_word' id='word_1_158' title='bbox 670 2204 801 2258; x_wconf 78' lang='lat' dir='ltr'><strong>Nihil</strong></span> <span class='ocrx_word' id='word_1_159' title='bbox 829 2214 978 2260; x_wconf 87' lang='lat' dir='ltr'><strong>certe</strong></span> <span class='ocrx_word' id='word_1_160' title='bbox 1012 2206 1247 2275; x_wconf 82' lang='lat' dir='ltr'><strong>aggredi,</strong></span> <span class='ocrx_word' id='word_1_161' title='bbox 1277 2204 1410 2258; x_wconf 91' lang='lat' dir='ltr'><strong>nihil</strong></span> <span class='ocrx_word' id='word_1_162' title='bbox 1448 2220 1681 2268; x_wconf 87' lang='lat' dir='ltr'><strong>sumruo,</strong></span> <span class='ocrx_word' id='word_1_163' title='bbox 1714 2205 1854 2274; x_wconf 91' lang='lat' dir='ltr'><strong>quod</strong></span> <span class='ocrx_word' id='word_1_164' title='bbox 1886 2206 2058 2271; x_wconf 86' lang='lat' dir='ltr'><strong>aiunt,</strong></span> <span class='ocrx_word' id='word_1_165' title='bbox 2088 2205 2219 2275; x_wconf 90' lang='lat' dir='ltr'><strong>digi-</strong></span> 
     </span>
    </p>
   </div>
   <div class='ocr_carea' id='block_1_25' title="bbox 582 2296 2215 2365">
    <p class='ocr_par' dir='ltr' id='par_1_25' title="bbox 582 2296 2215 2365">
     <span class='ocr_line' id='line_1_25' title="bbox 582 2296 2215 2365; baseline -0.002 -11"><span class='ocrx_word' id='word_1_166' title='bbox 582 2302 585 2305; x_wconf 70' lang='grc'><em>’</em></span> <span class='ocrx_word' id='word_1_167' title='bbox 670 2311 723 2354; x_wconf 90' lang='lat' dir='ltr'><strong>to</strong></span> <span class='ocrx_word' id='word_1_168' title='bbox 748 2313 1089 2351; x_wconf 79' lang='lat' dir='ltr'><strong>commovere</strong></span> <span class='ocrx_word' id='word_1_169' title='bbox 1114 2296 1317 2365; x_wconf 82' lang='lat' dir='ltr'><strong>absque</strong></span> <span class='ocrx_word' id='word_1_170' title='bbox 1340 2296 1610 2351; x_wconf 85' lang='lat' dir='ltr'><strong>vaticiniis</strong></span> <span class='ocrx_word' id='word_1_171' title='bbox 1629 2307 1683 2350; x_wconf 90' lang='lat' dir='ltr'><strong>et</strong></span> <span class='ocrx_word' id='word_1_172' title='bbox 1704 2297 1938 2352; x_wconf 86' lang='lat' dir='ltr'><strong>oraculis</strong></span> <span class='ocrx_word' id='word_1_173' title='bbox 1966 2298 2215 2351; x_wconf 84' lang='lat' dir='ltr'><strong>audebat.</strong></span> 
     </span>
    </p>
   </div>
   <div class='ocr_carea' id='block_1_26' title="bbox 663 2388 2219 2457">
    <p class='ocr_par' dir='ltr' id='par_1_26' title="bbox 663 2388 2219 2457">
     <span class='ocr_line' id='line_1_26' title="bbox 663 2388 2219 2457; baseline 0 -16"><span class='ocrx_word' id='word_1_174' title='bbox 663 2390 826 2455; x_wconf 85' lang='lat' dir='ltr'><strong>Quam</strong></span> <span class='ocrx_word' id='word_1_175' title='bbox 843 2389 910 2443; x_wconf 90' lang='lat' dir='ltr'><strong>ob</strong></span> <span class='ocrx_word' id='word_1_176' title='bbox 930 2403 1141 2441; x_wconf 88' lang='lat' dir='ltr'><strong>causam</strong></span> <span class='ocrx_word' id='word_1_177' title='bbox 1158 2389 1401 2441; x_wconf 85' lang='lat' dir='ltr'><strong>acerbius</strong></span> <span class='ocrx_word' id='word_1_178' title='bbox 1417 2402 1480 2439; x_wconf 91' lang='lat' dir='ltr'><strong>ac</strong></span> <span class='ocrx_word' id='word_1_179' title='bbox 1495 2388 1865 2440; x_wconf 79' lang='lat' dir='ltr'><strong>vehementius</strong></span> <span class='ocrx_word' id='word_1_180' title='bbox 1883 2403 2039 2455; x_wconf 85' lang='lat' dir='ltr'><strong>quant</strong></span> <span class='ocrx_word' id='word_1_181' title='bbox 2064 2403 2219 2457; x_wconf 88' lang='lat' dir='ltr'><strong>supe-</strong></span> 
     </span>
    </p>
   </div>
   <div class='ocr_carea' id='block_1_27' title="bbox 666 2477 2215 2547">
    <p class='ocr_par' dir='ltr' id='par_1_27' title="bbox 666 2477 2215 2547">
     <span class='ocr_line' id='line_1_27' title="bbox 666 2477 2215 2547; baseline -0.001 -16"><span class='ocrx_word' id='word_1_182' title='bbox 666 2478 832 2532; x_wconf 80' lang='lat' dir='ltr'><strong>iiores</strong></span> <span class='ocrx_word' id='word_1_183' title='bbox 864 2480 1134 2547; x_wconf 89' lang='lat' dir='ltr'><strong>principes</strong></span> <span class='ocrx_word' id='word_1_184' title='bbox 1162 2477 1411 2546; x_wconf 87' lang='lat' dir='ltr'><strong>persequi</strong></span> <span class='ocrx_word' id='word_1_185' title='bbox 1454 2486 1669 2531; x_wconf 92' lang='lat' dir='ltr'><strong>nostros</strong></span> <span class='ocrx_word' id='word_1_186' title='bbox 1704 2477 1971 2540; x_wconf 85' lang='lat' dir='ltr'><strong>instituit;</strong></span> <span class='ocrx_word' id='word_1_187' title='bbox 1996 2479 2215 2531; x_wconf 92' lang='lat' dir='ltr'><strong>deorum</strong></span> 
     </span>
    </p>
   </div>
   <div class='ocr_carea' id='block_1_28' title="bbox 666 2567 2215 2638">
    <p class='ocr_par' dir='ltr' id='par_1_28' title="bbox 666 2567 2215 2638">
     <span class='ocr_line' id='line_1_28' title="bbox 666 2567 2215 2638; baseline -0.001 -16"><span class='ocrx_word' id='word_1_188' title='bbox 666 2570 855 2637; x_wconf 83' lang='lat' dir='ltr'><strong>templa</strong></span> <span class='ocrx_word' id='word_1_189' title='bbox 889 2571 940 2622; x_wconf 89' lang='lat' dir='ltr'><strong>in</strong></span> <span class='ocrx_word' id='word_1_190' title='bbox 971 2569 1201 2638; x_wconf 80' lang='lat' dir='ltr'><strong>singulis</strong></span> <span class='ocrx_word' id='word_1_191' title='bbox 1237 2568 1460 2620; x_wconf 89' lang='lat' dir='ltr'><strong>urbibus</strong></span> <span class='ocrx_word' id='word_1_192' title='bbox 1504 2567 1637 2635; x_wconf 81' lang='lat' dir='ltr'><strong>erigi</strong></span> <span class='ocrx_word' id='word_1_193' title='bbox 1692 2568 2026 2636; x_wconf 60' lang='lat' dir='ltr'><strong>praecipiens,</strong></span> <span class='ocrx_word' id='word_1_194' title='bbox 2072 2578 2125 2621; x_wconf 88' lang='lat' dir='ltr'><strong>et</strong></span> <span class='ocrx_word' id='word_1_195' title='bbox 2174 2569 2215 2620; x_wconf 93' lang='lat' dir='ltr'><strong>si</strong></span> 
     </span>
    </p>
   </div>
   <div class='ocr_carea' id='block_1_29' title="bbox 662 2659 2212 2728">
    <p class='ocr_par' dir='ltr' id='par_1_29' title="bbox 662 2659 2212 2728">
     <span class='ocr_line' id='line_1_29' title="bbox 662 2659 2212 2728; baseline 0.001 -17"><span class='ocrx_word' id='word_1_196' title='bbox 662 2675 777 2726; x_wconf 74' lang='lat' dir='ltr'><strong>qua:</strong></span> <span class='ocrx_word' id='word_1_197' title='bbox 800 2670 973 2713; x_wconf 86' lang='lat' dir='ltr'><strong>essent</strong></span> <span class='ocrx_word' id='word_1_198' title='bbox 1009 2659 1268 2726; x_wconf 89' lang='lat' dir='ltr'><strong>temporis</strong></span> <span class='ocrx_word' id='word_1_199' title='bbox 1324 2668 1590 2712; x_wconf 83' lang='lat' dir='ltr'><strong>vetustate</strong></span> <span class='ocrx_word' id='word_1_200' title='bbox 1632 2659 1887 2727; x_wconf 80' lang='lat' dir='ltr'><strong>collapsa,</strong></span> <span class='ocrx_word' id='word_1_201' title='bbox 1951 2663 2212 2728; x_wconf 84' lang='lat' dir='ltr'><strong>reparari.</strong></span> 
     </span>
    </p>
   </div>
   <div class='ocr_carea' id='block_1_30' title="bbox 604 2748 2219 2818">
    <p class='ocr_par' dir='ltr' id='par_1_30' title="bbox 604 2748 2219 2818">
     <span class='ocr_line' id='line_1_30' title="bbox 604 2748 2219 2818; baseline -0.001 -14"><span class='ocrx_word' id='word_1_202' title='bbox 604 2766 605 2769; x_wconf 75' lang='lat'>‘</span> <span class='ocrx_word' id='word_1_203' title='bbox 663 2751 737 2804; x_wconf 76' lang='lat' dir='ltr'><strong>Ad</strong></span> <span class='ocrx_word' id='word_1_204' title='bbox 775 2751 887 2803; x_wconf 82' lang='lat' dir='ltr'><strong>hzec</strong></span> <span class='ocrx_word' id='word_1_205' title='bbox 948 2748 1190 2802; x_wconf 66' lang='lat' dir='ltr'><strong>ﬂamines</strong></span> <span class='ocrx_word' id='word_1_206' title='bbox 1249 2749 1299 2801; x_wconf 91' lang='lat' dir='ltr'><strong>in</strong></span> <span class='ocrx_word' id='word_1_207' title='bbox 1351 2748 1575 2816; x_wconf 89' lang='lat' dir='ltr'><strong>singulis</strong></span> <span class='ocrx_word' id='word_1_208' title='bbox 1622 2748 1755 2803; x_wconf 90' lang='lat' dir='ltr'><strong>locis</strong></span> <span class='ocrx_word' id='word_1_209' title='bbox 1790 2758 1946 2818; x_wconf 89' lang='lat' dir='ltr'><strong>atque</strong></span> <span class='ocrx_word' id='word_1_210' title='bbox 2000 2750 2219 2803; x_wconf 88' lang='lat' dir='ltr'><strong>urhibus</strong></span> 
     </span>
    </p>
   </div>
   <div class='ocr_carea' id='block_1_31' title="bbox 663 2837 2217 2908">
    <p class='ocr_par' dir='ltr' id='par_1_31' title="bbox 663 2837 2217 2908">
     <span class='ocr_line' id='line_1_31' title="bbox 663 2837 2217 2908; baseline 0.003 -19"><span class='ocrx_word' id='word_1_211' title='bbox 663 2838 965 2901; x_wconf 72' lang='lat' dir='ltr'><strong>constituit,</strong></span> <span class='ocrx_word' id='word_1_212' title='bbox 1015 2837 1311 2905; x_wconf 85' lang='lat' dir='ltr'><strong>iisdemque</strong></span> <span class='ocrx_word' id='word_1_213' title='bbox 1343 2839 1675 2892; x_wconf 87' lang='lat' dir='ltr'><strong>sacerdotem</strong></span> <span class='ocrx_word' id='word_1_214' title='bbox 1709 2838 1966 2907; x_wconf 89' lang='lat' dir='ltr'><strong>cujusque</strong></span> <span class='ocrx_word' id='word_1_215' title='bbox 2001 2842 2217 2908; x_wconf 86' lang='lat' dir='ltr'><strong>provin-</strong></span> 
     </span>
    </p>
   </div>
   <div class='ocr_carea' id='block_1_32' title="bbox 660 2929 2215 2999">
    <p class='ocr_par' dir='ltr' id='par_1_32' title="bbox 660 2929 2215 2999">
     <span class='ocr_line' id='line_1_32' title="bbox 660 2929 2215 2999; baseline 0.002 -16"><span class='ocrx_word' id='word_1_216' title='bbox 660 2931 753 2983; x_wconf 68' lang='lat' dir='ltr'><strong>cire</strong></span> <span class='ocrx_word' id='word_1_217' title='bbox 783 2930 1045 2999; x_wconf 71' lang='lat' dir='ltr'><strong>prrefec&#39;rt,</strong></span> <span class='ocrx_word' id='word_1_218' title='bbox 1081 2944 1201 2981; x_wconf 91' lang='lat' dir='ltr'><strong>eum</strong></span> <span class='ocrx_word' id='word_1_219' title='bbox 1238 2930 1326 2997; x_wconf 88' lang='lat' dir='ltr'><strong>qui</strong></span> <span class='ocrx_word' id='word_1_220' title='bbox 1358 2929 1568 2983; x_wconf 84' lang='lat' dir='ltr'><strong>cunctis</strong></span> <span class='ocrx_word' id='word_1_221' title='bbox 1615 2930 1665 2983; x_wconf 89' lang='lat' dir='ltr'><strong>in</strong></span> <span class='ocrx_word' id='word_1_222' title='bbox 1714 2930 1858 2983; x_wconf 77' lang='lat' dir='ltr'><strong>Curia</strong></span> <span class='ocrx_word' id='word_1_223' title='bbox 1909 2931 2215 2986; x_wconf 88' lang='lat' dir='ltr'><strong>muneribus</strong></span> 
     </span>
    </p>
   </div>
   <div class='ocr_carea' id='block_1_33' title="bbox 2331 470 3851 543">
    <p class='ocr_par' dir='ltr' id='par_1_33' title="bbox 2331 470 3851 543">
     <span class='ocr_line' id='line_1_33' title="bbox 2331 470 3851 543; baseline -0.003 -18"><span class='ocrx_word' id='word_1_224' title='bbox 2331 474 2474 543; x_wconf 77' lang='grc' dir='ltr'>ἡμᾶς</span> <span class='ocrx_word' id='word_1_225' title='bbox 2516 471 2766 538; x_wconf 81' lang='grc' dir='ltr'>γενέσθαι</span> <span class='ocrx_word' id='word_1_226' title='bbox 2818 470 3257 542; x_wconf 88' lang='grc' dir='ltr'>μνημονεύουσιν.</span> <span class='ocrx_word' id='word_1_227' title='bbox 3308 471 3384 543; x_wconf 69' lang='grc' dir='ltr'><strong>ὐΔ</strong></span> <span class='ocrx_word' id='word_1_228' title='bbox 3410 471 3453 523; x_wconf 78' lang='grc' dir='ltr'>δ’</span> <span class='ocrx_word' id='word_1_229' title='bbox 3482 470 3567 521; x_wconf 79' lang='grc' dir='ltr'>ἐπ’</span> <span class='ocrx_word' id='word_1_230' title='bbox 3612 471 3851 542; x_wconf 80' lang='grc' dir='ltr'>Ἀνατολῆς</span> 
     </span>
    </p>
   </div>
   <div class='ocr_carea' id='block_1_34' title="bbox 2330 521 3853 633">
    <p class='ocr_par' dir='ltr' id='par_1_34' title="bbox 2330 521 3853 633">
     <span class='ocr_line' id='line_1_34' title="bbox 2330 521 3853 633; baseline 0.001 -19"><span class='ocrx_word' id='word_1_231' title='bbox 3318 521 3542 629; x_wconf 67' lang='grc' dir='ltr'>ἀδελφὸν</span> <span class='ocrx_word' id='word_1_232' title='bbox 3567 561 3663 632; x_wconf 83' lang='grc' dir='ltr'><strong>τὴν</strong></span> <span class='ocrx_word' id='word_1_233' title='bbox 3694 521 3853 615; x_wconf 61' lang='lat' dir='ltr'><strong>amici;</strong></span> 
     </span>
    </p>
   </div>
   <div class='ocr_carea' id='block_1_35' title="bbox 2330 652 3851 725">
    <p class='ocr_par' dir='ltr' id='par_1_35' title="bbox 2330 652 3851 725">
     <span class='ocr_line' id='line_1_35' title="bbox 2330 652 3851 725; baseline -0.003 -17"><span class='ocrx_word' id='word_1_234' title='bbox 2330 655 2464 723; x_wconf 75' lang='grc' dir='ltr'>πρὸς</span> <span class='ocrx_word' id='word_1_235' title='bbox 2493 654 2583 707; x_wconf 82' lang='grc' dir='ltr'>τὸν</span> <span class='ocrx_word' id='word_1_236' title='bbox 2628 656 2719 707; x_wconf 73' lang='grc' dir='ltr'><strong>ἐπὶ</strong></span> <span class='ocrx_word' id='word_1_237' title='bbox 2770 654 2983 724; x_wconf 85' lang='grc' dir='ltr'><strong>Ῥώμης</strong></span> <span class='ocrx_word' id='word_1_238' title='bbox 3016 654 3197 723; x_wconf 79' lang='grc' dir='ltr'><strong>φιλίαν</strong></span> <span class='ocrx_word' id='word_1_239' title='bbox 3231 654 3465 725; x_wconf 82' lang='grc' dir='ltr'>κρύὸδην</span> <span class='ocrx_word' id='word_1_240' title='bbox 3518 652 3851 723; x_wconf 73' lang='grc' dir='ltr'><strong>σπενδόμενος,</strong></span> 
     </span>
    </p>
   </div>
   <div class='ocr_carea' id='block_1_36' title="bbox 2330 744 3851 818">
    <p class='ocr_par' dir='ltr' id='par_1_36' title="bbox 2330 744 3851 818">
     <span class='ocr_line' id='line_1_36' title="bbox 2330 744 3851 818; baseline -0.004 -16"><span class='ocrx_word' id='word_1_241' title='bbox 2330 750 2421 802; x_wconf 81' lang='grc' dir='ltr'><strong>ἐπὶ</strong></span> <span class='ocrx_word' id='word_1_242' title='bbox 2451 748 2695 800; x_wconf 87' lang='grc' dir='ltr'>πλεῖστον</span> <span class='ocrx_word' id='word_1_243' title='bbox 2738 764 2924 818; x_wconf 87' lang='grc' dir='ltr'>χρονον</span> <span class='ocrx_word' id='word_1_244' title='bbox 2956 749 3238 802; x_wconf 84' lang='grc' dir='ltr'>λανθάνειν</span> <span class='ocrx_word' id='word_1_245' title='bbox 3276 747 3573 817; x_wconf 76' lang='grc' dir='ltr'>ἐφρόντιζε,</span> <span class='ocrx_word' id='word_1_246' title='bbox 3622 744 3851 817; x_wconf 82' lang='grc' dir='ltr'>φωραθείς</span> 
     </span>
    </p>
   </div>
   <div class='ocr_carea' id='block_1_37' title="bbox 2328 834 3849 911">
    <p class='ocr_par' dir='ltr' id='par_1_37' title="bbox 2328 834 3849 911">
     <span class='ocr_line' id='line_1_37' title="bbox 2328 834 3849 911; baseline -0.001 -19"><span class='ocrx_word' id='word_1_247' title='bbox 2328 839 2390 908; x_wconf 83' lang='grc' dir='ltr'>γέ</span> <span class='ocrx_word' id='word_1_248' title='bbox 2434 856 2515 891; x_wconf 87' lang='grc' dir='ltr'><strong>τοι</strong></span> <span class='ocrx_word' id='word_1_249' title='bbox 2569 838 2823 909; x_wconf 85' lang='grc' dir='ltr'>ὓστερον,</span> <span class='ocrx_word' id='word_1_250' title='bbox 2875 840 3027 911; x_wconf 86' lang='grc' dir='ltr'>δίκην</span> <span class='ocrx_word' id='word_1_251' title='bbox 3069 842 3271 893; x_wconf 88' lang='grc' dir='ltr'>τίννυσι</span> <span class='ocrx_word' id='word_1_252' title='bbox 3330 840 3429 910; x_wconf 86' lang='grc' dir='ltr'>τὴν</span> <span class='ocrx_word' id='word_1_253' title='bbox 3474 838 3647 903; x_wconf 83' lang='grc' dir='ltr'>ἀξίαν.</span> <span class='ocrx_word' id='word_1_254' title='bbox 3690 834 3782 889; x_wconf 83' lang='grc' dir='ltr'>Ἦν</span> <span class='ocrx_word' id='word_1_255' title='bbox 3809 839 3849 891; x_wconf 64' lang='grc' dir='ltr'>δὲ</span> 
     </span>
    </p>
   </div>
   <div class='ocr_carea' id='block_1_38' title="bbox 2329 924 3848 999">
    <p class='ocr_par' dir='ltr' id='par_1_38' title="bbox 2329 924 3848 999">
     <span class='ocr_line' id='line_1_38' title="bbox 2329 924 3848 999; baseline -0.001 -18"><span class='ocrx_word' id='word_1_256' title='bbox 2329 929 2633 998; x_wconf 80' lang='grc' dir='ltr'><strong>θαυμάσαι,</strong></span> <span class='ocrx_word' id='word_1_257' title='bbox 2671 930 2817 991; x_wconf 83' lang='grc' dir='ltr'>ὅπως</span> <span class='ocrx_word' id='word_1_258' title='bbox 2862 931 2953 983; x_wconf 80' lang='grc' dir='ltr'><strong>καὶ</strong></span> <span class='ocrx_word' id='word_1_259' title='bbox 2994 924 3146 991; x_wconf 73' lang='grc' dir='ltr'>οὗτος</span> <span class='ocrx_word' id='word_1_260' title='bbox 3176 930 3244 983; x_wconf 82' lang='grc' dir='ltr'>τὰ</span> <span class='ocrx_word' id='word_1_261' title='bbox 3285 930 3517 999; x_wconf 82' lang='grc' dir='ltr'>συγγενῆ</span> <span class='ocrx_word' id='word_1_262' title='bbox 3550 929 3642 982; x_wconf 76' lang='grc' dir='ltr'><strong>καὶ</strong></span> <span class='ocrx_word' id='word_1_263' title='bbox 3669 928 3848 996; x_wconf 76' lang='grc' dir='ltr'>ἀδελφὰ,</span> 
     </span>
    </p>
   </div>
   <div class='ocr_carea' id='block_1_39' title="bbox 2332 1018 3851 1092">
    <p class='ocr_par' dir='ltr' id='par_1_39' title="bbox 2332 1018 3851 1092">
     <span class='ocr_line' id='line_1_39' title="bbox 2332 1018 3851 1092; baseline -0.002 -19"><span class='ocrx_word' id='word_1_264' title='bbox 2332 1020 2532 1089; x_wconf 77' lang='grc' dir='ltr'>μᾶλλον</span> <span class='ocrx_word' id='word_1_265' title='bbox 2555 1020 2609 1072; x_wconf 89' lang='grc' dir='ltr'><strong>δέ</strong></span> <span class='ocrx_word' id='word_1_266' title='bbox 2639 1020 2833 1081; x_wconf 86' lang='grc' dir='ltr'>κακίας</span> <span class='ocrx_word' id='word_1_267' title='bbox 2857 1021 2924 1074; x_wconf 80' lang='grc' dir='ltr'>τὰ</span> <span class='ocrx_word' id='word_1_268' title='bbox 2951 1022 3140 1092; x_wconf 89' lang='grc' dir='ltr'>πρῶτα</span> <span class='ocrx_word' id='word_1_269' title='bbox 3158 1022 3253 1074; x_wconf 76' lang='grc' dir='ltr'><strong>καὶ</strong></span> <span class='ocrx_word' id='word_1_270' title='bbox 3271 1022 3337 1073; x_wconf 89' lang='grc' dir='ltr'><strong>τά</strong></span> <span class='ocrx_word' id='word_1_271' title='bbox 3360 1021 3651 1089; x_wconf 79' lang='grc' dir='ltr'><strong>νικητήρια</strong></span> <span class='ocrx_word' id='word_1_272' title='bbox 3676 1020 3763 1089; x_wconf 80' lang='grc' dir='ltr'>τῆς</span> <span class='ocrx_word' id='word_1_273' title='bbox 3781 1018 3851 1071; x_wconf 79' lang='grc' dir='ltr'><strong>τοῦ</strong></span> 
     </span>
    </p>
   </div>
   <div class='ocr_carea' id='block_1_40' title="bbox 2328 1110 3849 1201">
    <p class='ocr_par' dir='ltr' id='par_1_40' title="bbox 2328 1110 3849 1201">
     <span class='ocr_line' id='line_1_40' title="bbox 2328 1110 3849 1201; baseline 0.001 -38"><span class='ocrx_word' id='word_1_274' title='bbox 2328 1111 2471 1163; x_wconf 79' lang='grc' dir='ltr'>κατὰ</span> <span class='ocrx_word' id='word_1_275' title='bbox 2515 1110 2729 1182; x_wconf 81' lang='grc' dir='ltr'><strong>Ῥώμην</strong></span> <span class='ocrx_word' id='word_1_276' title='bbox 2756 1111 3032 1201; x_wconf 45' lang='grc' dir='ltr'><strong>τυράννουχ</strong></span> <span class='ocrx_word' id='word_1_277' title='bbox 3048 1113 3411 1184; x_wconf 77' lang='grc' dir='ltr'>κακοτροπίας</span> <span class='ocrx_word' id='word_1_278' title='bbox 3436 1110 3849 1182; x_wconf 81' lang='grc' dir='ltr'>ἀπενηνεγμένος.</span> 
     </span>
    </p>
   </div>
   <div class='ocr_carea' id='block_1_41' title="bbox 2330 1202 3852 1274">
    <p class='ocr_par' dir='ltr' id='par_1_41' title="bbox 2330 1202 3852 1274">
     <span class='ocr_line' id='line_1_41' title="bbox 2330 1202 3852 1274; baseline 0.003 -21"><span class='ocrx_word' id='word_1_279' title='bbox 2330 1202 2542 1271; x_wconf 76' lang='grc' dir='ltr'>Γοήτων</span> <span class='ocrx_word' id='word_1_280' title='bbox 2570 1219 2629 1253; x_wconf 87' lang='grc' dir='ltr'><strong>τε</strong></span> <span class='ocrx_word' id='word_1_281' title='bbox 2672 1202 2778 1270; x_wconf 80' lang='grc' dir='ltr'>γὰρ</span> <span class='ocrx_word' id='word_1_282' title='bbox 2810 1202 2901 1255; x_wconf 76' lang='grc' dir='ltr'><strong>καὶ</strong></span> <span class='ocrx_word' id='word_1_283' title='bbox 2938 1203 3123 1271; x_wconf 83' lang='grc' dir='ltr'>μάγων</span> <span class='ocrx_word' id='word_1_284' title='bbox 3164 1206 3213 1256; x_wconf 90' lang='grc' dir='ltr'>οἱ</span> <span class='ocrx_word' id='word_1_285' title='bbox 3258 1204 3463 1274; x_wconf 86' lang='grc' dir='ltr'>πρῶτοι</span> <span class='ocrx_word' id='word_1_286' title='bbox 3506 1204 3605 1272; x_wconf 76' lang='grc' dir='ltr'>τῆς</span> <span class='ocrx_word' id='word_1_287' title='bbox 3636 1203 3852 1257; x_wconf 81' lang='grc' dir='ltr'><strong>ἀνωτάτω</strong></span> 
     </span>
    </p>
   </div>
   <div class='ocr_carea' id='block_1_42' title="bbox 2330 1290 3851 1364">
    <p class='ocr_par' dir='ltr' id='par_1_42' title="bbox 2330 1290 3851 1364">
     <span class='ocr_line' id='line_1_42' title="bbox 2330 1290 3851 1364; baseline 0.001 -19"><span class='ocrx_word' id='word_1_288' title='bbox 2330 1296 2457 1361; x_wconf 79' lang='grc' dir='ltr'>παρ’</span> <span class='ocrx_word' id='word_1_289' title='bbox 2488 1291 2633 1363; x_wconf 83' lang='grc' dir='ltr'>αὐτῷ</span> <span class='ocrx_word' id='word_1_290' title='bbox 2660 1290 2821 1363; x_wconf 84' lang='grc' dir='ltr'>τιμῆς</span> <span class='ocrx_word' id='word_1_291' title='bbox 2851 1294 2963 1362; x_wconf 79' lang='grc'>(75)</span> <span class='ocrx_word' id='word_1_292' title='bbox 2994 1292 3239 1362; x_wconf 70' lang='grc' dir='ltr'>ἠξίωντο,</span> <span class='ocrx_word' id='word_1_293' title='bbox 3283 1294 3574 1363; x_wconf 73' lang='grc' dir='ltr'><strong>ψοφοδεοῦς</strong></span> <span class='ocrx_word' id='word_1_294' title='bbox 3606 1296 3663 1359; x_wconf 87' lang='grc' dir='ltr'><strong>ἐς</strong></span> <span class='ocrx_word' id='word_1_295' title='bbox 3693 1294 3753 1347; x_wconf 78' lang='grc' dir='ltr'>τὰ</span> <span class='ocrx_word' id='word_1_296' title='bbox 3774 1295 3851 1364; x_wconf 80' lang='grc' dir='ltr'>μά-</span> 
     </span>
    </p>
   </div>
   <div class='ocr_carea' id='block_1_43' title="bbox 2329 1382 3850 1455">
    <p class='ocr_par' dir='ltr' id='par_1_43' title="bbox 2329 1382 3850 1455">
     <span class='ocr_line' id='line_1_43' title="bbox 2329 1382 3850 1455; baseline 0.001 -21"><span class='ocrx_word' id='word_1_297' title='bbox 2329 1383 2483 1436; x_wconf 88' lang='grc' dir='ltr'>λιστα</span> <span class='ocrx_word' id='word_1_298' title='bbox 2532 1383 2626 1435; x_wconf 66' lang='grc' dir='ltr'><strong>κοι)⁵</strong></span> <span class='ocrx_word' id='word_1_299' title='bbox 2672 1382 3227 1453; x_wconf 88' lang='grc' dir='ltr'>δεισιδαιμονεστάτου</span> <span class='ocrx_word' id='word_1_300' title='bbox 3272 1385 3630 1447; x_wconf 81' lang='grc' dir='ltr'>καθεστῶτος,</span> <span class='ocrx_word' id='word_1_301' title='bbox 3678 1385 3767 1455; x_wconf 85' lang='grc' dir='ltr'>τήν</span> <span class='ocrx_word' id='word_1_302' title='bbox 3806 1402 3850 1436; x_wconf 83' lang='grc' dir='ltr'><strong>τι</strong></span> 
     </span>
    </p>
   </div>
   <div class='ocr_carea' id='block_1_44' title="bbox 2330 1471 3848 1546">
    <p class='ocr_par' dir='ltr' id='par_1_44' title="bbox 2330 1471 3848 1546">
     <span class='ocr_line' id='line_1_44' title="bbox 2330 1471 3848 1546; baseline 0.001 -22"><span class='ocrx_word' id='word_1_303' title='bbox 2330 1474 2456 1541; x_wconf 74' lang='grc' dir='ltr'>περὶ</span> <span class='ocrx_word' id='word_1_304' title='bbox 2482 1471 2549 1525; x_wconf 78' lang='grc' dir='ltr'>τὰ</span> <span class='ocrx_word' id='word_1_305' title='bbox 2577 1472 2766 1525; x_wconf 78' lang='grc' dir='ltr'>εἴδωλα</span> <span class='ocrx_word' id='word_1_306' title='bbox 2802 1474 2895 1524; x_wconf 80' lang='grc' dir='ltr'>καὶ</span> <span class='ocrx_word' id='word_1_307' title='bbox 2925 1473 3051 1533; x_wconf 87' lang='grc' dir='ltr'>τοὺς</span> <span class='ocrx_word' id='word_1_308' title='bbox 3082 1472 3337 1542; x_wconf 84' lang='grc' dir='ltr'>δαίμονας</span> <span class='ocrx_word' id='word_1_309' title='bbox 3364 1476 3493 1546; x_wconf 75' lang='grc' dir='ltr'>περὶ</span> <span class='ocrx_word' id='word_1_310' title='bbox 3522 1474 3710 1527; x_wconf 83' lang='grc' dir='ltr'>πολλοῦ</span> <span class='ocrx_word' id='word_1_311' title='bbox 3733 1474 3848 1526; x_wconf 84' lang='grc' dir='ltr'>τιθε-</span> 
     </span>
    </p>
   </div>
   <div class='ocr_carea' id='block_1_45' title="bbox 2332 1563 3850 1635">
    <p class='ocr_par' dir='ltr' id='par_1_45' title="bbox 2332 1563 3850 1635">
     <span class='ocr_line' id='line_1_45' title="bbox 2332 1563 3850 1635; baseline 0.002 -21"><span class='ocrx_word' id='word_1_312' title='bbox 2332 1563 2492 1633; x_wconf 81' lang='grc' dir='ltr'>μένου</span> <span class='ocrx_word' id='word_1_313' title='bbox 2539 1563 2764 1631; x_wconf 82' lang='grc' dir='ltr'>πλάνην.</span> <span class='ocrx_word' id='word_1_314' title='bbox 2813 1563 3267 1631; x_wconf 63' lang='grc' dir='ltr'>Μαπειῶνηγοῦν</span> <span class='ocrx_word' id='word_1_315' title='bbox 3314 1564 3434 1633; x_wconf 86' lang='grc' dir='ltr'>δίχα</span> <span class='ocrx_word' id='word_1_316' title='bbox 3493 1566 3586 1617; x_wconf 82' lang='grc' dir='ltr'><strong>καὶ</strong></span> <span class='ocrx_word' id='word_1_317' title='bbox 3631 1565 3850 1635; x_wconf 79' lang='grc' dir='ltr'>χρησμῶν</span> 
     </span>
    </p>
   </div>
   <div class='ocr_carea' id='block_1_46' title="bbox 2328 1650 3850 1724">
    <p class='ocr_par' dir='ltr' id='par_1_46' title="bbox 2328 1650 3850 1724">
     <span class='ocr_line' id='line_1_46' title="bbox 2328 1650 3850 1724; baseline 0.002 -20"><span class='ocrx_word' id='word_1_318' title='bbox 2328 1653 2447 1705; x_wconf 81' lang='grc' dir='ltr'>οὐδὲ</span> <span class='ocrx_word' id='word_1_319' title='bbox 2482 1653 2673 1723; x_wconf 84' lang='grc' dir='ltr'>μέχρις</span> <span class='ocrx_word' id='word_1_320' title='bbox 2702 1652 2909 1723; x_wconf 76' lang='grc' dir='ltr'>ὄνυχος,</span> <span class='ocrx_word' id='word_1_321' title='bbox 2942 1654 3017 1716; x_wconf 84' lang='grc' dir='ltr'>ὡς</span> <span class='ocrx_word' id='word_1_322' title='bbox 3046 1655 3237 1715; x_wconf 79' lang='grc' dir='ltr'>εἰπεῖν,</span> <span class='ocrx_word' id='word_1_323' title='bbox 3260 1653 3461 1724; x_wconf 86' lang='grc' dir='ltr'>τολμᾷν</span> <span class='ocrx_word' id='word_1_324' title='bbox 3501 1673 3552 1708; x_wconf 89' lang='grc' dir='ltr'><strong>τι</strong></span> <span class='ocrx_word' id='word_1_325' title='bbox 3581 1659 3737 1708; x_wconf 64' lang='grc' dir='ltr'>κινεῖν</span> <span class='ocrx_word' id='word_1_326' title='bbox 3766 1650 3850 1718; x_wconf 80' lang='grc' dir='ltr'>οἷός</span> 
     </span>
    </p>
   </div>
   <div class='ocr_carea' id='block_1_47' title="bbox 2324 1738 3849 1818">
    <p class='ocr_par' dir='ltr' id='par_1_47' title="bbox 2324 1738 3849 1818">
     <span class='ocr_line' id='line_1_47' title="bbox 2324 1738 3849 1818; baseline 0.003 -23"><span class='ocrx_word' id='word_1_327' title='bbox 2324 1760 2379 1795; x_wconf 91' lang='grc' dir='ltr'><strong>τε</strong></span> <span class='ocrx_word' id='word_1_328' title='bbox 2412 1738 2499 1813; x_wconf 85' lang='grc' dir='ltr'>ἦν.</span> <span class='ocrx_word' id='word_1_329' title='bbox 2532 1738 2605 1797; x_wconf 81' lang='grc' dir='ltr'>Οῦ</span> <span class='ocrx_word' id='word_1_330' title='bbox 2636 1745 2793 1815; x_wconf 83' lang='grc' dir='ltr'>χάριν</span> <span class='ocrx_word' id='word_1_331' title='bbox 2823 1746 2917 1797; x_wconf 74' lang='grc' dir='ltr'><strong>καὶ</strong></span> <span class='ocrx_word' id='word_1_332' title='bbox 2944 1746 3021 1815; x_wconf 88' lang='grc' dir='ltr'>τῷ</span> <span class='ocrx_word' id='word_1_333' title='bbox 3065 1745 3184 1797; x_wconf 79' lang='grc' dir='ltr'>καθ’</span> <span class='ocrx_word' id='word_1_334' title='bbox 3211 1745 3367 1815; x_wconf 80' lang='grc' dir='ltr'>ἡμῶν</span> <span class='ocrx_word' id='word_1_335' title='bbox 3398 1746 3735 1817; x_wconf 78' lang='grc' dir='ltr'>σφοδρότερον</span> <span class='ocrx_word' id='word_1_336' title='bbox 3761 1748 3787 1818; x_wconf 77' lang='grc' dir='ltr'>ἦ</span> <span class='ocrx_word' id='word_1_337' title='bbox 3814 1748 3849 1798; x_wconf 86' lang='lat' dir='ltr'><strong>oi</strong></span> 
     </span>
    </p>
   </div>
   <div class='ocr_carea' id='block_1_48' title="bbox 2323 1835 3850 1908">
    <p class='ocr_par' dir='ltr' id='par_1_48' title="bbox 2323 1835 3850 1908">
     <span class='ocr_line' id='line_1_48' title="bbox 2323 1835 3850 1908; baseline 0.005 -22"><span class='ocrx_word' id='word_1_338' title='bbox 2323 1835 2555 1904; x_wconf 77' lang='grc' dir='ltr'>πρόσθεν</span> <span class='ocrx_word' id='word_1_339' title='bbox 2599 1838 2692 1888; x_wconf 80' lang='grc' dir='ltr'><strong>καὶ</strong></span> <span class='ocrx_word' id='word_1_340' title='bbox 2741 1837 3066 1907; x_wconf 82' lang='grc' dir='ltr'>πυκνότερον</span> <span class='ocrx_word' id='word_1_341' title='bbox 3114 1837 3391 1889; x_wconf 78' lang='grc' dir='ltr'>ἐπετίθετο</span> <span class='ocrx_word' id='word_1_342' title='bbox 3440 1838 3696 1908; x_wconf 81' lang='grc' dir='ltr'>διωγμῷ,</span> <span class='ocrx_word' id='word_1_343' title='bbox 3744 1838 3850 1901; x_wconf 78' lang='grc' dir='ltr'>νεώς</span> 
     </span>
    </p>
   </div>
   <div class='ocr_carea' id='block_1_49' title="bbox 2321 1913 3849 2001">
    <p class='ocr_par' dir='ltr' id='par_1_49' title="bbox 2321 1913 3849 2001">
     <span class='ocr_line' id='line_1_49' title="bbox 2321 1913 3849 2001; baseline 0.003 -22"><span class='ocrx_word' id='word_1_344' title='bbox 2321 1944 2378 1979; x_wconf 91' lang='grc' dir='ltr'><strong>τε</strong></span> <span class='ocrx_word' id='word_1_345' title='bbox 2423 1927 2563 1979; x_wconf 83' lang='grc' dir='ltr'>κατὰ</span> <span class='ocrx_word' id='word_1_346' title='bbox 2608 1929 2786 1981; x_wconf 85' lang='grc' dir='ltr'>πᾶσαν</span> <span class='ocrx_word' id='word_1_347' title='bbox 2816 1927 2970 1979; x_wconf 81' lang='grc' dir='ltr'>πόλιν</span> <span class='ocrx_word' id='word_1_348' title='bbox 3003 1913 3257 1999; x_wconf 67' lang='grc' dir='ltr'>ἐγείρειν,</span> <span class='ocrx_word' id='word_1_349' title='bbox 3288 1931 3381 1982; x_wconf 81' lang='grc' dir='ltr'>καὶ</span> <span class='ocrx_word' id='word_1_350' title='bbox 3410 1931 3477 1983; x_wconf 84' lang='grc' dir='ltr'>τὰ</span> <span class='ocrx_word' id='word_1_351' title='bbox 3507 1931 3690 2001; x_wconf 87' lang='grc' dir='ltr'>χρόνου</span> <span class='ocrx_word' id='word_1_352' title='bbox 3720 1935 3849 2001; x_wconf 77' lang='grc' dir='ltr'>μήκει</span> 
     </span>
    </p>
   </div>
   <div class='ocr_carea' id='block_1_50' title="bbox 2324 2020 3850 2093">
    <p class='ocr_par' dir='ltr' id='par_1_50' title="bbox 2324 2020 3850 2093">
     <span class='ocr_line' id='line_1_50' title="bbox 2324 2020 3850 2093; baseline 0 -19"><span class='ocrx_word' id='word_1_353' title='bbox 2324 2021 2536 2093; x_wconf 81' lang='grc' dir='ltr'>καθῃρη</span> <span class='ocrx_word' id='word_1_354' title='bbox 2547 2021 2681 2090; x_wconf 82' lang='grc' dir='ltr'>μένα</span> <span class='ocrx_word' id='word_1_355' title='bbox 2709 2020 2929 2090; x_wconf 82' lang='grc' dir='ltr'>τεμένη,</span> <span class='ocrx_word' id='word_1_356' title='bbox 2958 2020 3043 2073; x_wconf 74' lang='grc' dir='ltr'><strong>δ.ἀ</strong></span> <span class='ocrx_word' id='word_1_357' title='bbox 3066 2021 3301 2091; x_wconf 80' lang='grc' dir='ltr'>σπουδῆς</span> <span class='ocrx_word' id='word_1_358' title='bbox 3341 2022 3685 2075; x_wconf 75' lang='grc' dir='ltr'>ἀνανεοῦσθαι</span> <span class='ocrx_word' id='word_1_359' title='bbox 3716 2041 3850 2092; x_wconf 81' lang='grc' dir='ltr'>προσ-</span> 
     </span>
    </p>
   </div>
   <div class='ocr_carea' id='block_1_51' title="bbox 2319 2113 3846 2184">
    <p class='ocr_par' dir='ltr' id='par_1_51' title="bbox 2319 2113 3846 2184">
     <span class='ocr_line' id='line_1_51' title="bbox 2319 2113 3846 2184; baseline 0 -17"><span class='ocrx_word' id='word_1_360' title='bbox 2319 2116 2543 2176; x_wconf 83' lang='grc' dir='ltr'>τάττων,</span> <span class='ocrx_word' id='word_1_361' title='bbox 2578 2113 2752 2184; x_wconf 86' lang='grc' dir='ltr'>ίερέας</span> <span class='ocrx_word' id='word_1_362' title='bbox 2794 2130 2855 2165; x_wconf 91' lang='grc' dir='ltr'><strong>τε</strong></span> <span class='ocrx_word' id='word_1_363' title='bbox 2898 2113 3127 2165; x_wconf 87' lang='grc' dir='ltr'>είδώλων</span> <span class='ocrx_word' id='word_1_364' title='bbox 3174 2114 3315 2166; x_wconf 83' lang='grc' dir='ltr'><strong>κατά</strong></span> <span class='ocrx_word' id='word_1_365' title='bbox 3361 2113 3541 2166; x_wconf 85' lang='grc' dir='ltr'>πάντα</span> <span class='ocrx_word' id='word_1_366' title='bbox 3582 2115 3735 2167; x_wconf 82' lang='grc' dir='ltr'>τόπον</span> <span class='ocrx_word' id='word_1_367' title='bbox 3774 2118 3846 2167; x_wconf 76' lang='lat' dir='ltr'><strong>xz‘t</strong></span> 
     </span>
    </p>
   </div>
   <div class='ocr_carea' id='block_1_52' title="bbox 2320 2203 3846 2277">
    <p class='ocr_par' dir='ltr' id='par_1_52' title="bbox 2320 2203 3846 2277">
     <span class='ocr_line' id='line_1_52' title="bbox 2320 2203 3846 2277; baseline 0.001 -22"><span class='ocrx_word' id='word_1_368' title='bbox 2320 2206 2503 2262; x_wconf 76' lang='grc' dir='ltr'>πόλιν-</span> <span class='ocrx_word' id='word_1_369' title='bbox 2561 2206 2652 2257; x_wconf 74' lang='grc' dir='ltr'><strong>καὶ</strong></span> <span class='ocrx_word' id='word_1_370' title='bbox 2712 2205 2804 2257; x_wconf 78' lang='grc' dir='ltr'><strong>ἐπὶ</strong></span> <span class='ocrx_word' id='word_1_371' title='bbox 2858 2204 3058 2257; x_wconf 86' lang='grc' dir='ltr'>τούτων</span> <span class='ocrx_word' id='word_1_372' title='bbox 3107 2203 3342 2274; x_wconf 79' lang='grc' dir='ltr'>ἑκάστης</span> <span class='ocrx_word' id='word_1_373' title='bbox 3388 2206 3651 2275; x_wconf 73' lang='grc' dir='ltr'>ἐπαρχίας</span> <span class='ocrx_word' id='word_1_374' title='bbox 3697 2208 3846 2277; x_wconf 86' lang='grc' dir='ltr'>ἀρχιε-</span> 
     </span>
    </p>
   </div>
   <div class='ocr_carea' id='block_1_53' title="bbox 2320 2296 3848 2367">
    <p class='ocr_par' dir='ltr' id='par_1_53' title="bbox 2320 2296 3848 2367">
     <span class='ocr_line' id='line_1_53' title="bbox 2320 2296 3848 2367; baseline 0 -18"><span class='ocrx_word' id='word_1_375' title='bbox 2320 2298 2418 2367; x_wconf 85' lang='grc' dir='ltr'>ρέα</span> <span class='ocrx_word' id='word_1_376' title='bbox 2448 2296 2580 2366; x_wconf 74' lang='grc'>(74),</span> <span class='ocrx_word' id='word_1_377' title='bbox 2612 2297 2716 2348; x_wconf 88' lang='grc' dir='ltr'><strong>τῶν</strong></span> <span class='ocrx_word' id='word_1_378' title='bbox 2743 2298 2800 2349; x_wconf 82' lang='grc' dir='ltr'><strong>ἐν</strong></span> <span class='ocrx_word' id='word_1_379' title='bbox 2823 2297 3114 2359; x_wconf 78' lang='grc' dir='ltr'>πολιτείαις</span> <span class='ocrx_word' id='word_1_380' title='bbox 3141 2296 3239 2349; x_wconf 84' lang='grc' dir='ltr'>’ἐνα</span> <span class='ocrx_word' id='word_1_381' title='bbox 3257 2297 3321 2365; x_wconf 83' lang='grc' dir='ltr'>γέ</span> <span class='ocrx_word' id='word_1_382' title='bbox 3362 2314 3483 2350; x_wconf 90' lang='grc' dir='ltr'>τινα</span> <span class='ocrx_word' id='word_1_383' title='bbox 3516 2298 3606 2350; x_wconf 82' lang='grc' dir='ltr'><strong>τὸν</strong></span> <span class='ocrx_word' id='word_1_384' title='bbox 3658 2298 3848 2367; x_wconf 72' lang='grc' dir='ltr'>μάλιστα</span> 
     </span>
    </p>
   </div>
   <div class='ocr_carea' id='block_1_54' title="bbox 2318 2385 3849 2459">
    <p class='ocr_par' dir='ltr' id='par_1_54' title="bbox 2318 2385 3849 2459">
     <span class='ocr_line' id='line_1_54' title="bbox 2318 2385 3849 2459; baseline 0.001 -22"><span class='ocrx_word' id='word_1_385' title='bbox 2318 2387 2573 2456; x_wconf 74' lang='grc' dir='ltr'>ἐμφανῶς</span> <span class='ocrx_word' id='word_1_386' title='bbox 2605 2385 2689 2437; x_wconf 78' lang='grc' dir='ltr'>διὰ</span> <span class='ocrx_word' id='word_1_387' title='bbox 2722 2386 2903 2455; x_wconf 82' lang='grc' dir='ltr'>πάσης</span> <span class='ocrx_word' id='word_1_388' title='bbox 2948 2386 3302 2457; x_wconf 82' lang='grc' dir='ltr'>ἐμπρέψαντα</span> <span class='ocrx_word' id='word_1_389' title='bbox 3361 2387 3711 2459; x_wconf 83' lang='grc' dir='ltr'>λειτουργίας,</span> <span class='ocrx_word' id='word_1_390' title='bbox 3742 2390 3849 2458; x_wconf 65' lang='grc' dir='ltr'>μετὰ</span> 
     </span>
    </p>
   </div>
   <div class='ocr_carea' id='block_1_55' title="bbox 2320 2477 3848 2550">
    <p class='ocr_par' dir='ltr' id='par_1_55' title="bbox 2320 2477 3848 2550">
     <span class='ocr_line' id='line_1_55' title="bbox 2320 2477 3848 2550; baseline 0.001 -21"><span class='ocrx_word' id='word_1_391' title='bbox 2320 2477 2705 2546; x_wconf 85' lang='grc' dir='ltr'>στρατιωτικοῦ</span> <span class='ocrx_word' id='word_1_392' title='bbox 2731 2479 2947 2547; x_wconf 78' lang='grc' dir='ltr'>στίφους</span> <span class='ocrx_word' id='word_1_393' title='bbox 2964 2479 3053 2529; x_wconf 64' lang='grc' dir='ltr'><strong>καὶ</strong></span> <span class='ocrx_word' id='word_1_394' title='bbox 3077 2477 3396 2550; x_wconf 80' lang='grc' dir='ltr'>δορυφορίας</span> <span class='ocrx_word' id='word_1_395' title='bbox 3419 2480 3708 2543; x_wconf 77' lang='grc' dir='ltr'>ἐκτάσσων,</span> <span class='ocrx_word' id='word_1_396' title='bbox 3724 2481 3848 2533; x_wconf 82' lang='grc' dir='ltr'>ἀναί-</span> 
     </span>
    </p>
   </div>
   <div class='ocr_carea' id='block_1_56' title="bbox 2316 2566 3848 2643">
    <p class='ocr_par' dir='ltr' id='par_1_56' title="bbox 2316 2566 3848 2643">
     <span class='ocr_line' id='line_1_56' title="bbox 2316 2566 3848 2643; baseline 0.004 -26"><span class='ocrx_word' id='word_1_397' title='bbox 2316 2566 2497 2635; x_wconf 68' lang='grc' dir='ltr'>δηνετε</span> <span class='ocrx_word' id='word_1_398' title='bbox 2521 2569 2653 2618; x_wconf 82' lang='grc' dir='ltr'>πᾶσι</span> <span class='ocrx_word' id='word_1_399' title='bbox 2672 2568 2880 2637; x_wconf 87' lang='grc' dir='ltr'>γόησιν,</span> <span class='ocrx_word' id='word_1_400' title='bbox 2910 2569 2984 2630; x_wconf 85' lang='grc' dir='ltr'><strong>ὡς</strong></span> <span class='ocrx_word' id='word_1_401' title='bbox 3013 2569 3078 2620; x_wconf 82' lang='grc' dir='ltr'>ἂν</span> <span class='ocrx_word' id='word_1_402' title='bbox 3099 2569 3344 2620; x_wconf 76' lang='grc' dir='ltr'>εὐσεϐέσι</span> <span class='ocrx_word' id='word_1_403' title='bbox 3373 2572 3466 2623; x_wconf 77' lang='grc' dir='ltr'>καὶ</span> <span class='ocrx_word' id='word_1_404' title='bbox 3492 2572 3625 2624; x_wconf 86' lang='grc' dir='ltr'>θεῶν</span> <span class='ocrx_word' id='word_1_405' title='bbox 3654 2589 3848 2643; x_wconf 65' lang='grc' dir='ltr'>προσφι-</span> 
     </span>
    </p>
   </div>
   <div class='ocr_carea' id='block_1_57' title="bbox 2317 2658 3847 2731">
    <p class='ocr_par' dir='ltr' id='par_1_57' title="bbox 2317 2658 3847 2731">
     <span class='ocr_line' id='line_1_57' title="bbox 2317 2658 3847 2731; baseline 0.003 -22"><span class='ocrx_word' id='word_1_406' title='bbox 2317 2658 2483 2717; x_wconf 85' lang='grc' dir='ltr'>λέσιν,</span> <span class='ocrx_word' id='word_1_407' title='bbox 2521 2659 2813 2728; x_wconf 81' lang='grc' dir='ltr'>ἡγεμονίας</span> <span class='ocrx_word' id='word_1_408' title='bbox 2867 2658 2961 2711; x_wconf 77' lang='grc' dir='ltr'><strong>καὶ</strong></span> <span class='ocrx_word' id='word_1_409' title='bbox 3014 2659 3113 2719; x_wconf 72' lang='grc' dir='ltr'>τὰς</span> <span class='ocrx_word' id='word_1_410' title='bbox 3158 2660 3417 2727; x_wconf 86' lang='grc' dir='ltr'>μεγίστας</span> <span class='ocrx_word' id='word_1_411' title='bbox 3462 2662 3847 2731; x_wconf 88' lang='grc' dir='ltr'>προνομίαςδω-</span> 
     </span>
    </p>
   </div>
   <div class='ocr_carea' id='block_1_58' title="bbox 2319 2748 3849 2820">
    <p class='ocr_par' dir='ltr' id='par_1_58' title="bbox 2319 2748 3849 2820">
     <span class='ocr_line' id='line_1_58' title="bbox 2319 2748 3849 2820; baseline 0.001 -21"><span class='ocrx_word' id='word_1_412' title='bbox 2319 2748 2595 2818; x_wconf 83' lang='grc' dir='ltr'>ρούμενος.</span> <span class='ocrx_word' id='word_1_413' title='bbox 2643 2750 2737 2801; x_wconf 89' lang='grc' dir='ltr'>Ἐκ</span> <span class='ocrx_word' id='word_1_414' title='bbox 2769 2749 2831 2818; x_wconf 85' lang='grc' dir='ltr'><strong>δὴ</strong></span> <span class='ocrx_word' id='word_1_415' title='bbox 2880 2748 3079 2801; x_wconf 84' lang='grc' dir='ltr'>τούτων</span> <span class='ocrx_word' id='word_1_416' title='bbox 3110 2748 3449 2818; x_wconf 85' lang='grc' dir='ltr'>ὁρμώμενος,</span> <span class='ocrx_word' id='word_1_417' title='bbox 3495 2752 3645 2803; x_wconf 85' lang='grc' dir='ltr'>πόλιν</span> <span class='ocrx_word' id='word_1_418' title='bbox 3684 2753 3767 2820; x_wconf 79' lang='grc' dir='ltr'><strong>μὲν</strong></span> <span class='ocrx_word' id='word_1_419' title='bbox 3802 2751 3849 2801; x_wconf 69' lang='grc' dir='ltr'><strong>οὐ</strong></span> 
     </span>
    </p>
   </div>
   <div class='ocr_carea' id='block_1_59' title="bbox 2321 2839 3849 2911">
    <p class='ocr_par' dir='ltr' id='par_1_59' title="bbox 2321 2839 3849 2911">
     <span class='ocr_line' id='line_1_59' title="bbox 2321 2839 3849 2911; baseline 0.002 -21"><span class='ocrx_word' id='word_1_420' title='bbox 2321 2840 2445 2909; x_wconf 90' lang='grc' dir='ltr'>μίαν</span> <span class='ocrx_word' id='word_1_421' title='bbox 2472 2839 2588 2891; x_wconf 74' lang='grc' dir='ltr'><strong>ούδέ</strong></span> <span class='ocrx_word' id='word_1_422' title='bbox 2619 2840 2820 2910; x_wconf 88' lang='grc' dir='ltr'>χώραν,</span> <span class='ocrx_word' id='word_1_423' title='bbox 2846 2839 2969 2901; x_wconf 85' lang='grc' dir='ltr'>ὅλας</span> <span class='ocrx_word' id='word_1_424' title='bbox 2996 2840 3051 2891; x_wconf 82' lang='grc' dir='ltr'>δὲ</span> <span class='ocrx_word' id='word_1_425' title='bbox 3080 2839 3245 2911; x_wconf 82' lang='grc' dir='ltr'>ἄρδην</span> <span class='ocrx_word' id='word_1_426' title='bbox 3276 2841 3373 2903; x_wconf 87' lang='grc' dir='ltr'>τὰς</span> <span class='ocrx_word' id='word_1_427' title='bbox 3407 2842 3498 2893; x_wconf 79' lang='grc' dir='ltr'>ὑπ’</span> <span class='ocrx_word' id='word_1_428' title='bbox 3530 2842 3684 2893; x_wconf 74' lang='grc' dir='ltr'>αὐτὸν</span> <span class='ocrx_word' id='word_1_429' title='bbox 3707 2844 3849 2909; x_wconf 75' lang='grc' dir='ltr'>ἐπαρ-</span> 
     </span>
    </p>
   </div>
   <div class='ocr_carea' id='block_1_60' title="bbox 2317 2928 3849 3001">
    <p class='ocr_par' dir='ltr' id='par_1_60' title="bbox 2317 2928 3849 3001">
     <span class='ocr_line' id='line_1_60' title="bbox 2317 2928 3849 3001; baseline 0.001 -22"><span class='ocrx_word' id='word_1_430' title='bbox 2317 2928 2457 2998; x_wconf 80' lang='grc' dir='ltr'>χίας,</span> <span class='ocrx_word' id='word_1_431' title='bbox 2498 2930 2699 2998; x_wconf 82' lang='grc' dir='ltr'>χρυσοῦ</span> <span class='ocrx_word' id='word_1_432' title='bbox 2736 2931 2827 2982; x_wconf 75' lang='grc' dir='ltr'><strong>καὶ</strong></span> <span class='ocrx_word' id='word_1_433' title='bbox 2861 2930 3102 2999; x_wconf 89' lang='grc' dir='ltr'>ἀργύρου</span> <span class='ocrx_word' id='word_1_434' title='bbox 3141 2931 3234 2983; x_wconf 72' lang='grc' dir='ltr'><strong>καὶ</strong></span> <span class='ocrx_word' id='word_1_435' title='bbox 3266 2932 3566 3001; x_wconf 85' lang='grc' dir='ltr'>χρημάτων</span> <span class='ocrx_word' id='word_1_436' title='bbox 3594 2932 3849 3000; x_wconf 73' lang='grc' dir='ltr'>ἀμυθήτων</span> 
     </span>
    </p>
   </div>
   <div class='ocr_carea' id='block_1_61' title="bbox 660 3018 2215 3101">
    <p class='ocr_par' dir='ltr' id='par_1_61' title="bbox 660 3020 2211 3091">
     <span class='ocr_line' id='line_1_61' title="bbox 660 3020 2211 3091; baseline 0.001 -16"><span class='ocrx_word' id='word_1_437' title='bbox 660 3022 871 3091; x_wconf 80' lang='lat' dir='ltr'><strong>egregie</strong></span> <span class='ocrx_word' id='word_1_438' title='bbox 901 3020 1213 3089; x_wconf 75' lang='lat' dir='ltr'><strong>perfunctus</strong></span> <span class='ocrx_word' id='word_1_439' title='bbox 1234 3029 1401 3084; x_wconf 83' lang='lat' dir='ltr'><strong>esset,</strong></span> <span class='ocrx_word' id='word_1_440' title='bbox 1448 3021 1633 3075; x_wconf 88' lang='lat' dir='ltr'><strong>addito</strong></span> <span class='ocrx_word' id='word_1_441' title='bbox 1673 3024 1719 3075; x_wconf 91' lang='lat' dir='ltr'><strong>ei</strong></span> <span class='ocrx_word' id='word_1_442' title='bbox 1748 3024 1961 3077; x_wconf 86' lang='lat' dir='ltr'><strong>militari</strong></span> <span class='ocrx_word' id='word_1_443' title='bbox 2004 3024 2211 3078; x_wconf 88' lang='lat' dir='ltr'><strong>satelli-</strong></span> 
     </span>
    </p>
   </div>
   <div class='ocr_carea' id='block_1_62' title="bbox 2318 3018 3847 3101">
    <p class='ocr_par' dir='ltr' id='par_1_62' title="bbox 2318 3018 3847 3090">
     <span class='ocr_line' id='line_1_62' title="bbox 2318 3018 3847 3090; baseline -0.001 -19"><span class='ocrx_word' id='word_1_444' title='bbox 2318 3018 2677 3088; x_wconf 77' lang='grc' dir='ltr'>είσπράξεσιν,</span> <span class='ocrx_word' id='word_1_445' title='bbox 2692 3018 3011 3089; x_wconf 76' lang='grc' dir='ltr'>ἐπισκήψεσί</span> <span class='ocrx_word' id='word_1_446' title='bbox 3027 3019 3135 3090; x_wconf 86' lang='grc'>(75)</span> <span class='ocrx_word' id='word_1_447' title='bbox 3152 3036 3208 3071; x_wconf 89' lang='grc' dir='ltr'><strong>τε</strong></span> <span class='ocrx_word' id='word_1_448' title='bbox 3226 3022 3571 3090; x_wconf 84' lang='grc' dir='ltr'>βαρυτάταις,</span> <span class='ocrx_word' id='word_1_449' title='bbox 3590 3022 3677 3074; x_wconf 78' lang='grc' dir='ltr'><strong>καὶ</strong></span> <span class='ocrx_word' id='word_1_450' title='bbox 3695 3021 3847 3073; x_wconf 69' lang='grc' dir='ltr'>ἄλλοις</span> 
     </span>
    </p>
   </div>
   <div class='ocr_carea' id='block_1_63' title="bbox 662 3113 2214 3184">
    <p class='ocr_par' dir='ltr' id='par_1_63' title="bbox 662 3113 2214 3184">
     <span class='ocr_line' id='line_1_63' title="bbox 662 3113 2214 3184; baseline 0.004 -18"><span class='ocrx_word' id='word_1_451' title='bbox 662 3116 754 3167; x_wconf 86' lang='lat' dir='ltr'><strong>tio.</strong></span> <span class='ocrx_word' id='word_1_452' title='bbox 798 3114 1036 3182; x_wconf 86' lang='lat' dir='ltr'><strong>Denique</strong></span> <span class='ocrx_word' id='word_1_453' title='bbox 1063 3113 1285 3167; x_wconf 79' lang='lat' dir='ltr'><strong>hariolis</strong></span> <span class='ocrx_word' id='word_1_454' title='bbox 1311 3113 1582 3177; x_wconf 76' lang='lat' dir='ltr'><strong>oiitnihus,</strong></span> <span class='ocrx_word' id='word_1_455' title='bbox 1617 3113 1761 3168; x_wconf 92' lang='lat' dir='ltr'><strong>velut</strong></span> <span class='ocrx_word' id='word_1_456' title='bbox 1797 3116 2060 3184; x_wconf 85' lang='lat' dir='ltr'><strong>religiosis</strong></span> <span class='ocrx_word' id='word_1_457' title='bbox 2086 3118 2214 3172; x_wconf 85' lang='lat' dir='ltr'><strong>viris</strong></span> 
     </span>
    </p>
   </div>
   <div class='ocr_carea' id='block_1_64' title="bbox 662 3205 2215 3276">
    <p class='ocr_par' dir='ltr' id='par_1_64' title="bbox 662 3205 2215 3276">
     <span class='ocr_line' id='line_1_64' title="bbox 662 3205 2215 3276; baseline 0.004 -19"><span class='ocrx_word' id='word_1_458' title='bbox 662 3222 722 3259; x_wconf 90' lang='lat' dir='ltr'><strong>ac</strong></span> <span class='ocrx_word' id='word_1_459' title='bbox 745 3206 921 3259; x_wconf 87' lang='lat' dir='ltr'><strong>divino</strong></span> <span class='ocrx_word' id='word_1_460' title='bbox 950 3206 1169 3258; x_wconf 89' lang='lat' dir='ltr'><strong>numine</strong></span> <span class='ocrx_word' id='word_1_461' title='bbox 1216 3205 1624 3273; x_wconf 74' lang='lat' dir='ltr'><strong>acceptissimis,</strong></span> <span class='ocrx_word' id='word_1_462' title='bbox 1682 3207 2079 3276; x_wconf 72' lang='lat' dir='ltr'><strong>provinciarum</strong></span> <span class='ocrx_word' id='word_1_463' title='bbox 2112 3211 2215 3263; x_wconf 85' lang='lat' dir='ltr'><strong>ad-</strong></span> 
     </span>
    </p>
   </div>
   <div class='ocr_carea' id='block_1_65' title="bbox 662 3292 2215 3365">
    <p class='ocr_par' dir='ltr' id='par_1_65' title="bbox 662 3292 2215 3365">
     <span class='ocr_line' id='line_1_65' title="bbox 662 3292 2215 3365; baseline 0.007 -21"><span class='ocrx_word' id='word_1_464' title='bbox 662 3294 1081 3346; x_wconf 88' lang='lat' dir='ltr'><strong>ministrationes</strong></span> <span class='ocrx_word' id='word_1_465' title='bbox 1103 3304 1155 3345; x_wconf 93' lang='lat' dir='ltr'><strong>et</strong></span> <span class='ocrx_word' id='word_1_466' title='bbox 1182 3294 1342 3362; x_wconf 83' lang='lat'><strong>312</strong></span> <span class='ocrx_word' id='word_1_467' title='bbox 1375 3292 1613 3348; x_wconf 85' lang='lat' dir='ltr'><strong>maxima</strong></span> <span class='ocrx_word' id='word_1_468' title='bbox 1667 3296 1943 3365; x_wconf 87' lang='lat' dir='ltr'><strong>privilegia</strong></span> <span class='ocrx_word' id='word_1_469' title='bbox 1995 3314 2215 3355; x_wconf 83' lang='lat' dir='ltr'><strong>conces—</strong></span> 
     </span>
    </p>
   </div>
   <div class='ocr_carea' id='block_1_66' title="bbox 661 3380 2215 3459">
    <p class='ocr_par' dir='ltr' id='par_1_66' title="bbox 661 3380 2215 3459">
     <span class='ocr_line' id='line_1_66' title="bbox 661 3380 2215 3459; baseline 0.007 -26"><span class='ocrx_word' id='word_1_470' title='bbox 661 3380 750 3434; x_wconf 82' lang='lat' dir='ltr'><strong>sit.</strong></span> <span class='ocrx_word' id='word_1_471' title='bbox 776 3380 903 3434; x_wconf 89' lang='lat' dir='ltr'><strong>Post</strong></span> <span class='ocrx_word' id='word_1_472' title='bbox 937 3383 1047 3435; x_wconf 83' lang='lat' dir='ltr'><strong>haec</strong></span> <span class='ocrx_word' id='word_1_473' title='bbox 1079 3399 1183 3435; x_wconf 92' lang='lat' dir='ltr'><strong>non</strong></span> <span class='ocrx_word' id='word_1_474' title='bbox 1218 3399 1377 3435; x_wconf 86' lang='lat' dir='ltr'><strong>unam</strong></span> <span class='ocrx_word' id='word_1_475' title='bbox 1404 3384 1671 3437; x_wconf 74' lang='lat' dir='ltr'><strong>duntaxat</strong></span> <span class='ocrx_word' id='word_1_476' title='bbox 1702 3387 1886 3438; x_wconf 90' lang='lat' dir='ltr'><strong>urbem</strong></span> <span class='ocrx_word' id='word_1_477' title='bbox 1919 3397 2015 3439; x_wconf 92' lang='lat' dir='ltr'><strong>aut</strong></span> <span class='ocrx_word' id='word_1_478' title='bbox 2042 3391 2215 3459; x_wconf 81' lang='lat' dir='ltr'><strong>regio-</strong></span> 
     </span>
    </p>
   </div>
   <div class='ocr_carea' id='block_1_67' title="bbox 662 3474 2212 3544">
    <p class='ocr_par' dir='ltr' id='par_1_67' title="bbox 662 3474 2212 3544">
     <span class='ocr_line' id='line_1_67' title="bbox 662 3474 2212 3544; baseline 0.007 -20"><span class='ocrx_word' id='word_1_479' title='bbox 662 3488 803 3536; x_wconf 86' lang='lat' dir='ltr'><strong>nem,</strong></span> <span class='ocrx_word' id='word_1_480' title='bbox 854 3474 947 3526; x_wconf 87' lang='lat' dir='ltr'><strong>sed</strong></span> <span class='ocrx_word' id='word_1_481' title='bbox 986 3475 1269 3529; x_wconf 88' lang='lat' dir='ltr'><strong>universas</strong></span> <span class='ocrx_word' id='word_1_482' title='bbox 1318 3476 1625 3539; x_wconf 85' lang='lat' dir='ltr'><strong>provincias</strong></span> <span class='ocrx_word' id='word_1_483' title='bbox 1680 3478 1902 3544; x_wconf 89' lang='lat' dir='ltr'><strong>imperio</strong></span> <span class='ocrx_word' id='word_1_484' title='bbox 1950 3495 2049 3533; x_wconf 87' lang='lat' dir='ltr'><strong>suo</strong></span> <span class='ocrx_word' id='word_1_485' title='bbox 2084 3483 2212 3535; x_wconf 85' lang='lat' dir='ltr'><strong>sub-</strong></span> 
     </span>
    </p>
   </div>
   <div class='ocr_carea' id='block_1_68' title="bbox 661 3566 2216 3635">
    <p class='ocr_par' dir='ltr' id='par_1_68' title="bbox 661 3566 2216 3635">
     <span class='ocr_line' id='line_1_68' title="bbox 661 3566 2216 3635; baseline 0.005 -16"><span class='ocrx_word' id='word_1_486' title='bbox 661 3566 845 3631; x_wconf 88' lang='lat' dir='ltr'><strong>iectas,</strong></span> <span class='ocrx_word' id='word_1_487' title='bbox 882 3566 996 3617; x_wconf 86' lang='lat' dir='ltr'><strong>auri</strong></span> <span class='ocrx_word' id='word_1_488' title='bbox 1035 3568 1375 3634; x_wconf 85' lang='lat' dir='ltr'><strong>argentique,</strong></span> <span class='ocrx_word' id='word_1_489' title='bbox 1428 3577 1480 3620; x_wconf 90' lang='lat' dir='ltr'><strong>et</strong></span> <span class='ocrx_word' id='word_1_490' title='bbox 1513 3569 1861 3635; x_wconf 72' lang='lat' dir='ltr'><strong>pecuniarum</strong></span> <span class='ocrx_word' id='word_1_491' title='bbox 1919 3574 2216 3627; x_wconf 83' lang='lat' dir='ltr'><strong>exactioni-</strong></span> 
     </span>
    </p>
   </div>
   <div class='ocr_carea' id='block_1_69' title="bbox 660 3657 2213 3731">
    <p class='ocr_par' dir='ltr' id='par_1_69' title="bbox 660 3657 2213 3731">
     <span class='ocr_line' id='line_1_69' title="bbox 660 3657 2213 3731; baseline 0.005 -21"><span class='ocrx_word' id='word_1_492' title='bbox 660 3658 779 3722; x_wconf 87' lang='lat' dir='ltr'><strong>bus,</strong></span> <span class='ocrx_word' id='word_1_493' title='bbox 807 3666 861 3710; x_wconf 90' lang='lat' dir='ltr'><strong>et</strong></span> <span class='ocrx_word' id='word_1_494' title='bbox 896 3657 1281 3711; x_wconf 85' lang='lat' dir='ltr'><strong>indictionibus</strong></span> <span class='ocrx_word' id='word_1_495' title='bbox 1318 3660 1673 3726; x_wconf 90' lang='lat' dir='ltr'><strong>gravissimis,</strong></span> <span class='ocrx_word' id='word_1_496' title='bbox 1727 3658 2000 3731; x_wconf 73' lang='lat' dir='ltr'><strong>variisque</strong></span> <span class='ocrx_word' id='word_1_497' title='bbox 2029 3666 2213 3720; x_wconf 87' lang='lat' dir='ltr'><strong>subiu-</strong></span> 
     </span>
    </p>
   </div>
   <div class='ocr_carea' id='block_1_70' title="bbox 659 3749 2211 3823">
    <p class='ocr_par' dir='ltr' id='par_1_70' title="bbox 659 3749 2211 3823">
     <span class='ocr_line' id='line_1_70' title="bbox 659 3749 2211 3823; baseline 0.007 -22"><span class='ocrx_word' id='word_1_498' title='bbox 659 3751 724 3803; x_wconf 91' lang='lat' dir='ltr'><strong>de</strong></span> <span class='ocrx_word' id='word_1_499' title='bbox 756 3749 1297 3803; x_wconf 88' lang='lat' dir='ltr'><strong>coudemnationibus</strong></span> <span class='ocrx_word' id='word_1_500' title='bbox 1325 3752 1540 3805; x_wconf 86' lang='lat' dir='ltr'><strong>vexavit</strong></span> <span class='ocrx_word' id='word_1_501' title='bbox 1588 3761 1750 3820; x_wconf 85' lang='lat' dir='ltr'><strong>atque</strong></span> <span class='ocrx_word' id='word_1_502' title='bbox 1794 3756 2078 3823; x_wconf 90' lang='lat' dir='ltr'><strong>oppressit.</strong></span> <span class='ocrx_word' id='word_1_503' title='bbox 2109 3755 2211 3811; x_wconf 89' lang='lat' dir='ltr'><strong>Sed</strong></span> 
     </span>
    </p>
   </div>
   <div class='ocr_carea' id='block_1_71' title="bbox 657 3841 2213 3914">
    <p class='ocr_par' dir='ltr' id='par_1_71' title="bbox 657 3841 2213 3914">
     <span class='ocr_line' id='line_1_71' title="bbox 657 3841 2213 3914; baseline 0.004 -18"><span class='ocrx_word' id='word_1_504' title='bbox 657 3854 723 3907; x_wconf 84' lang='lat' dir='ltr'><strong>et</strong></span> <span class='ocrx_word' id='word_1_505' title='bbox 783 3841 1573 3911; x_wconf 67' lang='lat' dir='ltr'><strong>locupletissimum‘quemque</strong></span> <span class='ocrx_word' id='word_1_506' title='bbox 1646 3847 1886 3913; x_wconf 88' lang='lat' dir='ltr'><strong>paternis</strong></span> <span class='ocrx_word' id='word_1_507' title='bbox 1949 3847 2213 3914; x_wconf 85' lang='lat' dir='ltr'><strong>avitisque</strong></span> 
     </span>
    </p>
   </div>
   <div class='ocr_carea' id='block_1_72' title="bbox 656 3933 2214 4003">
    <p class='ocr_par' dir='ltr' id='par_1_72' title="bbox 656 3933 2214 4003">
     <span class='ocr_line' id='line_1_72' title="bbox 656 3933 2214 4003; baseline 0.006 -18"><span class='ocrx_word' id='word_1_508' title='bbox 656 3934 894 3999; x_wconf 76' lang='lat' dir='ltr'><strong>spoliatis</strong></span> <span class='ocrx_word' id='word_1_509' title='bbox 926 3933 1099 3995; x_wconf 85' lang='lat' dir='ltr'><strong>bonis,</strong></span> <span class='ocrx_word' id='word_1_510' title='bbox 1135 3934 1520 4003; x_wconf 75' lang='lat' dir='ltr'><strong>ingentesopes</strong></span> <span class='ocrx_word' id='word_1_511' title='bbox 1542 3950 1605 3990; x_wconf 90' lang='lat' dir='ltr'><strong>ac</strong></span> <span class='ocrx_word' id='word_1_512' title='bbox 1625 3953 1961 3991; x_wconf 89' lang='lat' dir='ltr'><strong>nummorum</strong></span> <span class='ocrx_word' id='word_1_513' title='bbox 1997 3954 2214 3994; x_wconf 84' lang='lat' dir='ltr'><strong>acervos</strong></span> 
     </span>
    </p>
   </div>
   <div class='ocr_carea' id='block_1_73' title="bbox 661 4026 2213 4086">
    <p class='ocr_par' dir='ltr' id='par_1_73' title="bbox 661 4026 2213 4086">
     <span class='ocr_line' id='line_1_73' title="bbox 661 4026 2213 4086; baseline 0.006 -9"><span class='ocrx_word' id='word_1_514' title='bbox 661 4026 1089 4078; x_wconf 83' lang='lat' dir='ltr'><strong>assentatoribus</strong></span> <span class='ocrx_word' id='word_1_515' title='bbox 1112 4027 1225 4080; x_wconf 89' lang='lat' dir='ltr'><strong>suis</strong></span> <span class='ocrx_word' id='word_1_516' title='bbox 1249 4026 1508 4081; x_wconf 85' lang='lat' dir='ltr'><strong>donabat.</strong></span> <span class='ocrx_word' id='word_1_517' title='bbox 1558 4027 1673 4081; x_wconf 87' lang='lat' dir='ltr'><strong>Jam</strong></span> <span class='ocrx_word' id='word_1_518' title='bbox 1708 4045 1837 4084; x_wconf 87' lang='lat' dir='ltr'><strong>vero</strong></span> <span class='ocrx_word' id='word_1_519' title='bbox 1885 4032 2213 4086; x_wconf 68' lang='lat' dir='ltr'><strong>temulentia:</strong></span> 
     </span>
    </p>
   </div>
   <div class='ocr_carea' id='block_1_74' title="bbox 656 4115 2212 4189">
    <p class='ocr_par' dir='ltr' id='par_1_74' title="bbox 656 4115 2212 4189">
     <span class='ocr_line' id='line_1_74' title="bbox 656 4115 2212 4189; baseline 0.006 -25"><span class='ocrx_word' id='word_1_520' title='bbox 656 4124 709 4165; x_wconf 91' lang='lat' dir='ltr'><strong>et</strong></span> <span class='ocrx_word' id='word_1_521' title='bbox 734 4115 965 4181; x_wconf 84' lang='lat' dir='ltr'><strong>crapulae</strong></span> <span class='ocrx_word' id='word_1_522' title='bbox 989 4129 1053 4167; x_wconf 93' lang='lat' dir='ltr'><strong>eo</strong></span> <span class='ocrx_word' id='word_1_523' title='bbox 1096 4129 1265 4181; x_wconf 91' lang='lat' dir='ltr'><strong>usque</strong></span> <span class='ocrx_word' id='word_1_524' title='bbox 1290 4116 1553 4171; x_wconf 86' lang='lat' dir='ltr'><strong>obnoxius</strong></span> <span class='ocrx_word' id='word_1_525' title='bbox 1603 4117 1723 4182; x_wconf 80' lang='lat' dir='ltr'><strong>fuit,</strong></span> <span class='ocrx_word' id='word_1_526' title='bbox 1766 4128 1821 4173; x_wconf 92' lang='lat' dir='ltr'><strong>ut</strong></span> <span class='ocrx_word' id='word_1_527' title='bbox 1848 4119 1900 4173; x_wconf 89' lang='lat' dir='ltr'><strong>in</strong></span> <span class='ocrx_word' id='word_1_528' title='bbox 1932 4130 2212 4189; x_wconf 88' lang='lat' dir='ltr'><strong>compota-</strong></span> 
     </span>
    </p>
   </div>
   <div class='ocr_carea' id='block_1_75' title="bbox 663 4203 2212 4281">
    <p class='ocr_par' dir='ltr' id='par_1_75' title="bbox 663 4203 2212 4281">
     <span class='ocr_line' id='line_1_75' title="bbox 663 4203 2212 4281; baseline 0.009 -28"><span class='ocrx_word' id='word_1_529' title='bbox 663 4203 899 4255; x_wconf 88' lang='lat' dir='ltr'><strong>tionibus</strong></span> <span class='ocrx_word' id='word_1_530' title='bbox 958 4204 1226 4258; x_wconf 87' lang='lat' dir='ltr'><strong>insaniret</strong></span> <span class='ocrx_word' id='word_1_531' title='bbox 1276 4220 1340 4259; x_wconf 85' lang='lat' dir='ltr'><strong>ac</strong></span> <span class='ocrx_word' id='word_1_532' title='bbox 1386 4206 1632 4273; x_wconf 80' lang='lat' dir='ltr'><strong>fureret;</strong></span> <span class='ocrx_word' id='word_1_533' title='bbox 1693 4218 1748 4263; x_wconf 91' lang='lat' dir='ltr'><strong>et</strong></span> <span class='ocrx_word' id='word_1_534' title='bbox 1797 4226 1857 4265; x_wconf 85' lang='lat' dir='ltr'><strong>ea</strong></span> <span class='ocrx_word' id='word_1_535' title='bbox 1923 4211 2212 4281; x_wconf 86' lang='lat' dir='ltr'><strong>imperaret</strong></span> 
     </span>
    </p>
   </div>
   <div class='ocr_carea' id='block_1_76' title="bbox 658 4289 2207 4369">
    <p class='ocr_par' dir='ltr' id='par_1_76' title="bbox 658 4289 2207 4369">
     <span class='ocr_line' id='line_1_76' title="bbox 658 4289 2207 4369; baseline 0.006 -23"><span class='ocrx_word' id='word_1_536' title='bbox 658 4293 862 4355; x_wconf 85' lang='lat' dir='ltr'><strong>ebrius,</strong></span> <span class='ocrx_word' id='word_1_537' title='bbox 886 4307 1114 4359; x_wconf 88' lang='lat' dir='ltr'><strong>quorum</strong></span> <span class='ocrx_word' id='word_1_538' title='bbox 1148 4295 1404 4360; x_wconf 82' lang='lat' dir='ltr'><strong>postridie</strong></span> <span class='ocrx_word' id='word_1_539' title='bbox 1442 4300 1683 4352; x_wconf 86' lang='lat' dir='ltr'><strong>sobrium</strong></span> <span class='ocrx_word' id='word_1_540' title='bbox 1713 4289 2025 4367; x_wconf 81' lang='lat' dir='ltr'><strong>ptenitebat.</strong></span> <span class='ocrx_word' id='word_1_541' title='bbox 2055 4303 2207 4369; x_wconf 85' lang='lat' dir='ltr'><strong>Quod</strong></span> 
     </span>
    </p>
   </div>
   <div class='ocr_carea' id='block_1_77' title="bbox 2316 3108 3848 3181">
    <p class='ocr_par' dir='ltr' id='par_1_77' title="bbox 2316 3108 3848 3181">
     <span class='ocr_line' id='line_1_77' title="bbox 2316 3108 3848 3181; baseline 0 -19"><span class='ocrx_word' id='word_1_542' title='bbox 2316 3108 2499 3171; x_wconf 82' lang='grc' dir='ltr'>ἄλλαις</span> <span class='ocrx_word' id='word_1_543' title='bbox 2534 3109 2845 3172; x_wconf 81' lang='grc' dir='ltr'>καταδίκαις</span> <span class='ocrx_word' id='word_1_544' title='bbox 2890 3108 3011 3179; x_wconf 77' lang='grc' dir='ltr'>ἡνία</span> <span class='ocrx_word' id='word_1_545' title='bbox 3057 3111 3148 3163; x_wconf 72' lang='grc' dir='ltr'><strong>καὶ</strong></span> <span class='ocrx_word' id='word_1_546' title='bbox 3194 3110 3503 3175; x_wconf 76' lang='grc' dir='ltr'>κατεπίεζε.</span> <span class='ocrx_word' id='word_1_547' title='bbox 3538 3113 3653 3166; x_wconf 87' lang='grc' dir='ltr'>Τῶν</span> <span class='ocrx_word' id='word_1_548' title='bbox 3681 3129 3736 3179; x_wconf 82' lang='grc' dir='ltr'><strong>γε</strong></span> <span class='ocrx_word' id='word_1_549' title='bbox 3766 3111 3848 3181; x_wconf 74' lang='grc' dir='ltr'><strong>μὴν</strong></span> 
     </span>
    </p>
   </div>
   <div class='ocr_carea' id='block_1_78' title="bbox 2316 3200 3848 3273">
    <p class='ocr_par' dir='ltr' id='par_1_78' title="bbox 2316 3200 3848 3273">
     <span class='ocr_line' id='line_1_78' title="bbox 2316 3200 3848 3273; baseline 0.002 -20"><span class='ocrx_word' id='word_1_550' title='bbox 2316 3201 2560 3272; x_wconf 77' lang='grc' dir='ltr'>εὐπόρων</span> <span class='ocrx_word' id='word_1_551' title='bbox 2606 3200 2703 3264; x_wconf 83' lang='grc' dir='ltr'>τὰς</span> <span class='ocrx_word' id='word_1_552' title='bbox 2758 3202 2820 3253; x_wconf 89' lang='grc' dir='ltr'><strong>ἐκ</strong></span> <span class='ocrx_word' id='word_1_553' title='bbox 2868 3201 3144 3271; x_wconf 83' lang='grc' dir='ltr'>προγόνων</span> <span class='ocrx_word' id='word_1_554' title='bbox 3199 3204 3643 3273; x_wconf 81' lang='grc' dir='ltr'>περιποιηθείσας</span> <span class='ocrx_word' id='word_1_555' title='bbox 3692 3206 3848 3263; x_wconf 73' lang='grc' dir='ltr'>οὐσίας</span> 
     </span>
    </p>
   </div>
   <div class='ocr_carea' id='block_1_79' title="bbox 2316 3292 3846 3369">
    <p class='ocr_par' dir='ltr' id='par_1_79' title="bbox 2316 3292 3846 3369">
     <span class='ocr_line' id='line_1_79' title="bbox 2316 3292 3846 3369; baseline 0.003 -24"><span class='ocrx_word' id='word_1_556' title='bbox 2316 3292 2731 3363; x_wconf 79' lang='grc' dir='ltr'>ἀφαιρούμενος,</span> <span class='ocrx_word' id='word_1_557' title='bbox 2766 3294 3025 3357; x_wconf 85' lang='grc' dir='ltr'>πλούτους</span> <span class='ocrx_word' id='word_1_558' title='bbox 3068 3296 3276 3367; x_wconf 83' lang='grc' dir='ltr'>ἁθρόως</span> <span class='ocrx_word' id='word_1_559' title='bbox 3304 3297 3395 3350; x_wconf 72' lang='grc' dir='ltr'><strong>καὶ</strong></span> <span class='ocrx_word' id='word_1_560' title='bbox 3432 3300 3636 3369; x_wconf 80' lang='grc' dir='ltr'>σωροὺς</span> <span class='ocrx_word' id='word_1_561' title='bbox 3662 3297 3846 3368; x_wconf 73' lang='grc' dir='ltr'>χρημά-</span> 
     </span>
    </p>
   </div>
   <div class='ocr_carea' id='block_1_80' title="bbox 2313 3382 3849 3457">
    <p class='ocr_par' dir='ltr' id='par_1_80' title="bbox 2313 3382 3849 3457">
     <span class='ocr_line' id='line_1_80' title="bbox 2313 3382 3849 3457; baseline 0.004 -24"><span class='ocrx_word' id='word_1_562' title='bbox 2313 3398 2419 3433; x_wconf 88' lang='grc' dir='ltr'><strong>των</strong></span> <span class='ocrx_word' id='word_1_563' title='bbox 2438 3385 2549 3444; x_wconf 87' lang='grc' dir='ltr'>τοῖς</span> <span class='ocrx_word' id='word_1_564' title='bbox 2586 3383 2719 3453; x_wconf 76' lang='grc' dir='ltr'>ἀμφ’</span> <span class='ocrx_word' id='word_1_565' title='bbox 2754 3383 2913 3435; x_wconf 76' lang='grc' dir='ltr'>αὑτὸν</span> <span class='ocrx_word' id='word_1_566' title='bbox 2942 3382 3155 3447; x_wconf 79' lang='grc' dir='ltr'>κόλαξιν</span> <span class='ocrx_word' id='word_1_567' title='bbox 3192 3385 3464 3455; x_wconf 85' lang='grc' dir='ltr'>ἐδωρεῖτο.</span> <span class='ocrx_word' id='word_1_568' title='bbox 3506 3387 3775 3457; x_wconf 77' lang='grc' dir='ltr'>Παροινίας</span> <span class='ocrx_word' id='word_1_569' title='bbox 3798 3400 3849 3451; x_wconf 77' lang='grc' dir='ltr'><strong>γε</strong></span> 
     </span>
    </p>
   </div>
   <div class='ocr_carea' id='block_1_81' title="bbox 2318 3458 3847 3549">
    <p class='ocr_par' dir='ltr' id='par_1_81' title="bbox 2318 3458 3847 3549">
     <span class='ocr_line' id='line_1_81' title="bbox 2318 3458 3847 3549; baseline 0.001 -26"><span class='ocrx_word' id='word_1_570' title='bbox 2318 3472 2422 3541; x_wconf 82' lang='grc' dir='ltr'><strong>μὴν</strong></span> <span class='ocrx_word' id='word_1_571' title='bbox 2458 3458 2581 3524; x_wconf 45' lang='grc' dir='ltr'>καί</span> <span class='ocrx_word' id='word_1_572' title='bbox 2598 3473 2765 3544; x_wconf 83' lang='grc' dir='ltr'>μέθης</span> <span class='ocrx_word' id='word_1_573' title='bbox 2814 3476 2871 3537; x_wconf 88' lang='grc' dir='ltr'><strong>ἐς</strong></span> <span class='ocrx_word' id='word_1_574' title='bbox 2916 3475 3180 3543; x_wconf 80' lang='grc' dir='ltr'>τοσαύτην</span> <span class='ocrx_word' id='word_1_575' title='bbox 3230 3477 3429 3548; x_wconf 76' lang='grc' dir='ltr'>ἠνέχθη</span> <span class='ocrx_word' id='word_1_576' title='bbox 3466 3478 3654 3549; x_wconf 70' lang='grc' dir='ltr'>φορὰν,</span> <span class='ocrx_word' id='word_1_577' title='bbox 3700 3478 3769 3539; x_wconf 88' lang='grc' dir='ltr'><strong>ώς</strong></span> <span class='ocrx_word' id='word_1_578' title='bbox 3803 3480 3847 3527; x_wconf 80' lang='grc' dir='ltr'><strong>ἐν</strong></span> 
     </span>
    </p>
   </div>
   <div class='ocr_carea' id='block_1_82' title="bbox 2312 3552 3847 3636">
    <p class='ocr_par' dir='ltr' id='par_1_82' title="bbox 2312 3552 3847 3636">
     <span class='ocr_line' id='line_1_82' title="bbox 2312 3552 3847 3636; baseline 0.005 -26"><span class='ocrx_word' id='word_1_579' title='bbox 2312 3562 2422 3621; x_wconf 88' lang='grc' dir='ltr'>τοῖς</span> <span class='ocrx_word' id='word_1_580' title='bbox 2468 3560 2646 3624; x_wconf 86' lang='grc' dir='ltr'>πότοις</span> <span class='ocrx_word' id='word_1_581' title='bbox 2697 3563 3068 3632; x_wconf 82' lang='grc' dir='ltr'>παρακόπτειν</span> <span class='ocrx_word' id='word_1_582' title='bbox 3096 3552 3103 3563; x_wconf 70' lang='grc'><strong>’</strong></span> <span class='ocrx_word' id='word_1_583' title='bbox 3129 3566 3221 3617; x_wconf 72' lang='grc' dir='ltr'><strong>καὶ</strong></span> <span class='ocrx_word' id='word_1_584' title='bbox 3278 3566 3387 3617; x_wconf 87' lang='grc' dir='ltr'><strong>τῶν</strong></span> <span class='ocrx_word' id='word_1_585' title='bbox 3433 3568 3639 3636; x_wconf 77' lang='grc' dir='ltr'>φρενῶν</span> <span class='ocrx_word' id='word_1_586' title='bbox 3672 3566 3847 3636; x_wconf 79' lang='grc' dir='ltr'>παρεξ-</span> 
     </span>
    </p>
   </div>
   <div class='ocr_carea' id='block_1_83' title="bbox 2318 3649 3923 3737">
    <p class='ocr_par' dir='ltr' id='par_1_83' title="bbox 2318 3649 3923 3737">
     <span class='ocr_line' id='line_1_83' title="bbox 2318 3649 3923 3737; baseline 0.005 -37"><span class='ocrx_word' id='word_1_587' title='bbox 2318 3649 2581 3716; x_wconf 83' lang='grc' dir='ltr'>ίστασθαι,</span> <span class='ocrx_word' id='word_1_588' title='bbox 2600 3654 2825 3707; x_wconf 83' lang='grc' dir='ltr'>τοιαῦτά</span> <span class='ocrx_word' id='word_1_589' title='bbox 2851 3673 2909 3707; x_wconf 89' lang='grc' dir='ltr'><strong>τε</strong></span> <span class='ocrx_word' id='word_1_590' title='bbox 2948 3657 3211 3726; x_wconf 79' lang='grc' dir='ltr'>μεθύοντα</span> <span class='ocrx_word' id='word_1_591' title='bbox 3238 3660 3611 3727; x_wconf 82' lang='grc' dir='ltr'>προστάττειν,</span> <span class='ocrx_word' id='word_1_592' title='bbox 3634 3655 3709 3711; x_wconf 69' lang='grc' dir='ltr'>οἷα</span> <span class='ocrx_word' id='word_1_593' title='bbox 3741 3663 3846 3711; x_wconf 75' lang='grc' dir='ltr'>ἀνα-</span> <span class='ocrx_word' id='word_1_594' title='bbox 3922 3718 3923 3737; x_wconf 18' lang='grc' dir='ltr'>γ</span> 
     </span>
    </p>
   </div>
   <div class='ocr_carea' id='block_1_84' title="bbox 2314 3742 3844 3820">
    <p class='ocr_par' dir='ltr' id='par_1_84' title="bbox 2314 3742 3844 3820">
     <span class='ocr_line' id='line_1_84' title="bbox 2314 3742 3844 3820; baseline 0.005 -27"><span class='ocrx_word' id='word_1_595' title='bbox 2314 3742 2554 3811; x_wconf 47' lang='lat' dir='ltr'><strong>meum</strong></span> <span class='ocrx_word' id='word_1_596' title='bbox 2609 3746 2767 3797; x_wconf 84' lang='grc' dir='ltr'>αὑτὸν</span> <span class='ocrx_word' id='word_1_597' title='bbox 2804 3750 2866 3816; x_wconf 82' lang='grc' dir='ltr'>τῇ</span> <span class='ocrx_word' id='word_1_598' title='bbox 2922 3750 3177 3819; x_wconf 72' lang='grc' dir='ltr'>ὑστεραίᾳ</span> <span class='ocrx_word' id='word_1_599' title='bbox 3222 3752 3300 3811; x_wconf 92' lang='grc' dir='ltr'><strong>εἰς</strong></span> <span class='ocrx_word' id='word_1_600' title='bbox 3354 3752 3648 3820; x_wconf 83' lang='grc' dir='ltr'>μετάμελον</span> <span class='ocrx_word' id='word_1_601' title='bbox 3684 3744 3844 3818; x_wconf 58' lang='grc' dir='ltr'>ἄγειν</span> 
     </span>
    </p>
   </div>
   <div class='ocr_carea' id='block_1_85' title="bbox 2314 3832 3848 3909">
    <p class='ocr_par' dir='ltr' id='par_1_85' title="bbox 2314 3832 3848 3909">
     <span class='ocr_line' id='line_1_85' title="bbox 2314 3832 3848 3909; baseline 0.007 -29"><span class='ocrx_word' id='word_1_602' title='bbox 2314 3832 2620 3901; x_wconf 86' lang='grc' dir='ltr'>κραιπάλης</span> <span class='ocrx_word' id='word_1_603' title='bbox 2664 3834 2718 3885; x_wconf 84' lang='grc' dir='ltr'><strong>δέ</strong></span> <span class='ocrx_word' id='word_1_604' title='bbox 2758 3837 2853 3887; x_wconf 75' lang='grc' dir='ltr'><strong>καὶ</strong></span> <span class='ocrx_word' id='word_1_605' title='bbox 2884 3838 3119 3899; x_wconf 90' lang='grc' dir='ltr'>ἀσωτίας</span> <span class='ocrx_word' id='word_1_606' title='bbox 3156 3839 3340 3906; x_wconf 77' lang='grc' dir='ltr'>μηδενὶ</span> <span class='ocrx_word' id='word_1_607' title='bbox 3373 3842 3679 3893; x_wconf 83' lang='grc' dir='ltr'>καταλιπὼν</span> <span class='ocrx_word' id='word_1_608' title='bbox 3705 3843 3848 3909; x_wconf 81' lang='grc' dir='ltr'>ὑπερ-</span> 
     </span>
    </p>
   </div>
   <div class='ocr_carea' id='block_1_86' title="bbox 2315 3919 3845 4000">
    <p class='ocr_par' dir='ltr' id='par_1_86' title="bbox 2315 3919 3845 4000">
     <span class='ocr_line' id='line_1_86' title="bbox 2315 3919 3845 4000; baseline 0.007 -29"><span class='ocrx_word' id='word_1_609' title='bbox 2315 3919 2492 3990; x_wconf 72' lang='grc' dir='ltr'>ϐολὴν,</span> <span class='ocrx_word' id='word_1_610' title='bbox 2524 3924 2719 3986; x_wconf 77' lang='grc' dir='ltr'>κακίας</span> <span class='ocrx_word' id='word_1_611' title='bbox 2741 3926 3050 3979; x_wconf 82' lang='grc' dir='ltr'>διδάσκαλον</span> <span class='ocrx_word' id='word_1_612' title='bbox 3077 3931 3186 3988; x_wconf 86' lang='grc' dir='ltr'>τοῖς</span> <span class='ocrx_word' id='word_1_613' title='bbox 3214 3929 3350 3997; x_wconf 79' lang='grc' dir='ltr'>ἀμφ’</span> <span class='ocrx_word' id='word_1_614' title='bbox 3380 3930 3541 3982; x_wconf 82' lang='grc' dir='ltr'>αὐτὸν</span> <span class='ocrx_word' id='word_1_615' title='bbox 3574 3933 3781 4000; x_wconf 80' lang='grc' dir='ltr'>ἄρχουσί</span> <span class='ocrx_word' id='word_1_616' title='bbox 3802 3949 3845 3981; x_wconf 87' lang='grc' dir='ltr'><strong>τε</strong></span> 
     </span>
    </p>
   </div>
   <div class='ocr_carea' id='block_1_87' title="bbox 2314 4012 3921 4089">
    <p class='ocr_par' dir='ltr' id='par_1_87' title="bbox 2314 4012 3921 4089">
     <span class='ocr_line' id='line_1_87' title="bbox 2314 4012 3921 4089; baseline 0.003 -24"><span class='ocrx_word' id='word_1_617' title='bbox 2314 4012 2409 4065; x_wconf 70' lang='grc' dir='ltr'><strong>καὶ</strong></span> <span class='ocrx_word' id='word_1_618' title='bbox 2445 4014 2761 4083; x_wconf 78' lang='grc' dir='ltr'>ἀρχομένοις</span> <span class='ocrx_word' id='word_1_619' title='bbox 2811 4017 2998 4069; x_wconf 86' lang='grc' dir='ltr'>ἐαυτὸν</span> <span class='ocrx_word' id='word_1_620' title='bbox 3048 4017 3295 4085; x_wconf 84' lang='grc' dir='ltr'>καθίστη,</span> <span class='ocrx_word' id='word_1_621' title='bbox 3329 4018 3653 4087; x_wconf 73' lang='grc' dir='ltr'>θρύπτεσθαι</span> <span class='ocrx_word' id='word_1_622' title='bbox 3684 4024 3776 4089; x_wconf 79' lang='grc' dir='ltr'><strong>μὲν</strong></span> <span class='ocrx_word' id='word_1_623' title='bbox 3801 4018 3847 4070; x_wconf 75' lang='grc' dir='ltr'><strong>τό</strong></span> <span class='ocrx_word' id='word_1_624' title='bbox 3920 4020 3921 4029; x_wconf 66' lang='grc'><em>“</em></span> 
     </span>
    </p>
   </div>
   <div class='ocr_carea' id='block_1_88' title="bbox 2316 4104 3847 4176">
    <p class='ocr_par' dir='ltr' id='par_1_88' title="bbox 2316 4104 3847 4176">
     <span class='ocr_line' id='line_1_88' title="bbox 2316 4104 3847 4176; baseline 0.006 -23"><span class='ocrx_word' id='word_1_625' title='bbox 2316 4104 2701 4173; x_wconf 82' lang='grc' dir='ltr'>στρατιωτικὸν</span> <span class='ocrx_word' id='word_1_626' title='bbox 2756 4105 2842 4157; x_wconf 82' lang='grc' dir='ltr'>διὰ</span> <span class='ocrx_word' id='word_1_627' title='bbox 2890 4107 3067 4176; x_wconf 79' lang='grc' dir='ltr'>πάσης</span> <span class='ocrx_word' id='word_1_628' title='bbox 3111 4108 3316 4176; x_wconf 79' lang='grc' dir='ltr'>τρυφῆς</span> <span class='ocrx_word' id='word_1_629' title='bbox 3357 4125 3415 4159; x_wconf 88' lang='grc' dir='ltr'><strong>τε</strong></span> <span class='ocrx_word' id='word_1_630' title='bbox 3460 4111 3553 4161; x_wconf 73' lang='grc' dir='ltr'>καὶ</span> <span class='ocrx_word' id='word_1_631' title='bbox 3590 4110 3847 4171; x_wconf 77' lang='grc' dir='ltr'>ἀκολασίας</span> 
     </span>
    </p>
   </div>
   <div class='ocr_carea' id='block_1_89' title="bbox 2315 4194 3847 4269">
    <p class='ocr_par' dir='ltr' id='par_1_89' title="bbox 2315 4194 3847 4269">
     <span class='ocr_line' id='line_1_89' title="bbox 2315 4194 3847 4269; baseline 0.005 -24"><span class='ocrx_word' id='word_1_632' title='bbox 2315 4194 2540 4261; x_wconf 84' lang='grc' dir='ltr'>ἐνάγων,</span> <span class='ocrx_word' id='word_1_633' title='bbox 2586 4196 2857 4265; x_wconf 84' lang='grc' dir='ltr'>ἡγεμόνας</span> <span class='ocrx_word' id='word_1_634' title='bbox 2884 4196 2937 4248; x_wconf 85' lang='grc' dir='ltr'><strong>δέ</strong></span> <span class='ocrx_word' id='word_1_635' title='bbox 2978 4198 3069 4249; x_wconf 76' lang='grc' dir='ltr'><strong>καὶ</strong></span> <span class='ocrx_word' id='word_1_636' title='bbox 3105 4198 3578 4269; x_wconf 87' lang='grc' dir='ltr'>στρατοπεδάρχας</span> <span class='ocrx_word' id='word_1_637' title='bbox 3607 4200 3667 4251; x_wconf 77' lang='grc' dir='ltr'>δι’</span> <span class='ocrx_word' id='word_1_638' title='bbox 3692 4202 3847 4269; x_wconf 80' lang='grc' dir='ltr'>ἁρπα-</span> 
     </span>
    </p>
   </div>
   <div class='ocr_carea' id='block_1_90' title="bbox 2313 4286 3919 4360">
    <p class='ocr_par' dir='ltr' id='par_1_90' title="bbox 2313 4286 3919 4360">
     <span class='ocr_line' id='line_1_90' title="bbox 2313 4286 3919 4360; baseline 0.002 -23"><span class='ocrx_word' id='word_1_639' title='bbox 2313 4286 2423 4353; x_wconf 89' lang='grc' dir='ltr'><strong>γῶν</strong></span> <span class='ocrx_word' id='word_1_640' title='bbox 2452 4286 2543 4339; x_wconf 74' lang='grc' dir='ltr'><strong>καὶ</strong></span> <span class='ocrx_word' id='word_1_641' title='bbox 2570 4286 2878 4351; x_wconf 82' lang='grc' dir='ltr'>πλεονεξίας</span> <span class='ocrx_word' id='word_1_642' title='bbox 2896 4292 3089 4359; x_wconf 87' lang='grc' dir='ltr'>χωρεῖν</span> <span class='ocrx_word' id='word_1_643' title='bbox 3109 4290 3246 4343; x_wconf 77' lang='grc' dir='ltr'>κατὰ</span> <span class='ocrx_word' id='word_1_644' title='bbox 3269 4290 3374 4342; x_wconf 86' lang='grc' dir='ltr'><strong>τῶν</strong></span> <span class='ocrx_word' id='word_1_645' title='bbox 3390 4291 3656 4359; x_wconf 82' lang='grc' dir='ltr'>ὑπηκόων,</span> <span class='ocrx_word' id='word_1_646' title='bbox 3681 4308 3844 4360; x_wconf 81' lang='grc' dir='ltr'><strong>μονον⁸</strong></span> <span class='ocrx_word' id='word_1_647' title='bbox 3918 4296 3919 4323; x_wconf 54' lang='lat' dir='ltr'><strong>l</strong></span> 
     </span>
    </p>
   </div>
   <div class='ocr_carea' id='block_1_91' title="bbox 658 4372 2215 4453">
    <p class='ocr_par' dir='ltr' id='par_1_91' title="bbox 658 4384 2209 4453">
     <span class='ocr_line' id='line_1_91' title="bbox 658 4384 2209 4453; baseline 0.008 -18"><span class='ocrx_word' id='word_1_648' title='bbox 658 4392 838 4436; x_wconf 83' lang='lat' dir='ltr'><strong>autem</strong></span> <span class='ocrx_word' id='word_1_649' title='bbox 869 4384 933 4435; x_wconf 88' lang='lat' dir='ltr'><strong>ad</strong></span> <span class='ocrx_word' id='word_1_650' title='bbox 968 4384 1149 4437; x_wconf 90' lang='lat' dir='ltr'><strong>luxum</strong></span> <span class='ocrx_word' id='word_1_651' title='bbox 1183 4399 1247 4438; x_wconf 91' lang='lat' dir='ltr'><strong>ac</strong></span> <span class='ocrx_word' id='word_1_652' title='bbox 1288 4385 1507 4441; x_wconf 90' lang='lat' dir='ltr'><strong>delicias</strong></span> <span class='ocrx_word' id='word_1_653' title='bbox 1530 4390 1739 4453; x_wconf 85' lang='lat' dir='ltr'><strong>attinet,</strong></span> <span class='ocrx_word' id='word_1_654' title='bbox 1778 4392 1829 4444; x_wconf 90' lang='lat' dir='ltr'><strong>in</strong></span> <span class='ocrx_word' id='word_1_655' title='bbox 1872 4406 1938 4445; x_wconf 92' lang='lat' dir='ltr'><strong>eo</strong></span> <span class='ocrx_word' id='word_1_656' title='bbox 1966 4394 2095 4447; x_wconf 93' lang='lat' dir='ltr'><strong>nulli</strong></span> <span class='ocrx_word' id='word_1_657' title='bbox 2125 4410 2209 4447; x_wconf 90' lang='lat' dir='ltr'><strong>se-</strong></span> 
     </span>
    </p>
   </div>
   <div class='ocr_carea' id='block_1_92' title="bbox 2318 4372 3849 4453">
    <p class='ocr_par' dir='ltr' id='par_1_92' title="bbox 2318 4377 3849 4451">
     <span class='ocr_line' id='line_1_92' title="bbox 2318 4377 3849 4451; baseline 0.004 -23"><span class='ocrx_word' id='word_1_658' title='bbox 2318 4377 2428 4446; x_wconf 73' lang='grc' dir='ltr'>ουχ).</span> <span class='ocrx_word' id='word_1_659' title='bbox 2464 4381 2955 4449; x_wconf 81' lang='grc' dir='ltr'>συντυραννοῦντας</span> <span class='ocrx_word' id='word_1_660' title='bbox 3009 4380 3155 4451; x_wconf 79' lang='grc' dir='ltr'>αὐτῷ</span> <span class='ocrx_word' id='word_1_661' title='bbox 3200 4381 3652 4451; x_wconf 88' lang='grc' dir='ltr'>προκαλούμενος.</span> <span class='ocrx_word' id='word_1_662' title='bbox 3684 4384 3747 4434; x_wconf 86' lang='grc' dir='ltr'>Τί</span> <span class='ocrx_word' id='word_1_663' title='bbox 3784 4383 3849 4434; x_wconf 76' lang='grc' dir='ltr'><strong>δεῖ</strong></span> 
     </span>
    </p>
   </div>
   <div class='ocr_carea' id='block_1_93' title="bbox 660 4474 2207 4545">
    <p class='ocr_par' dir='ltr' id='par_1_93' title="bbox 660 4474 2207 4545">
     <span class='ocr_line' id='line_1_93' title="bbox 660 4474 2207 4545; baseline 0.008 -18"><span class='ocrx_word' id='word_1_664' title='bbox 660 4475 884 4539; x_wconf 82' lang='lat' dir='ltr'><strong>euudus;</strong></span> <span class='ocrx_word' id='word_1_665' title='bbox 916 4474 1169 4541; x_wconf 66' lang='lat' dir='ltr'><strong>nequitiae</strong></span> <span class='ocrx_word' id='word_1_666' title='bbox 1205 4476 1379 4529; x_wconf 89' lang='lat' dir='ltr'><strong>omnis</strong></span> <span class='ocrx_word' id='word_1_667' title='bbox 1410 4482 1721 4545; x_wconf 80' lang='lat' dir='ltr'><strong>mag&#39;strum</strong></span> <span class='ocrx_word' id='word_1_668' title='bbox 1745 4496 1802 4535; x_wconf 90' lang='lat' dir='ltr'><strong>se</strong></span> <span class='ocrx_word' id='word_1_669' title='bbox 1834 4490 1944 4536; x_wconf 90' lang='lat' dir='ltr'><strong>tum</strong></span> <span class='ocrx_word' id='word_1_670' title='bbox 1978 4487 2207 4539; x_wconf 87' lang='lat' dir='ltr'><strong>rectori-</strong></span> 
     </span>
    </p>
   </div>
   <div class='ocr_carea' id='block_1_94' title="bbox 728 4651 2206 4726">
    <p class='ocr_par' dir='ltr' id='par_1_94' title="bbox 728 4651 2206 4726">
     <span class='ocr_line' id='line_1_94' title="bbox 728 4651 2206 4726; baseline 0.008 -21"><span class='ocrx_word' id='word_1_671' title='bbox 728 4654 839 4725; x_wconf 79' lang='lat'><strong>(73)</strong></span> <span class='ocrx_word' id='word_1_672' title='bbox 860 4655 1001 4721; x_wconf 82' lang='lat' dir='ltr'><strong>Hap‘</strong></span> <span class='ocrx_word' id='word_1_673' title='bbox 1021 4651 1209 4726; x_wconf 61' lang='lat' dir='ltr'><strong>gith</strong></span> <span class='ocrx_word' id='word_1_674' title='bbox 1219 4655 1411 4721; x_wconf 76' lang='grc' dir='ltr'>τιμῆς.</span> <span class='ocrx_word' id='word_1_675' title='bbox 1442 4654 1797 4726; x_wconf 79' lang='lat' dir='ltr'><strong>Scribendum</strong></span> <span class='ocrx_word' id='word_1_676' title='bbox 1828 4668 1908 4713; x_wconf 88' lang='lat' dir='ltr'><strong>est</strong></span> <span class='ocrx_word' id='word_1_677' title='bbox 1939 4662 2121 4726; x_wconf 79' lang='grc' dir='ltr'>αὐτοῦ,</span> <span class='ocrx_word' id='word_1_678' title='bbox 2148 4678 2206 4718; x_wconf 89' lang='grc' dir='ltr'><strong>ιιι</strong></span> 
     </span>
    </p>
   </div>
   <div class='ocr_carea' id='block_1_95' title="bbox 659 4722 2205 4787">
    <p class='ocr_par' dir='ltr' id='par_1_95' title="bbox 659 4722 2205 4787">
     <span class='ocr_line' id='line_1_95' title="bbox 659 4722 2205 4787; baseline 0.007 -10"><span class='ocrx_word' id='word_1_679' title='bbox 659 4722 906 4777; x_wconf 66' lang='grc' dir='ltr'>οάόι-ἒηιι</span> <span class='ocrx_word' id='word_1_680' title='bbox 934 4724 1137 4777; x_wconf 80' lang='lat' dir='ltr'><strong>codicis</strong></span> <span class='ocrx_word' id='word_1_681' title='bbox 1169 4722 1401 4777; x_wconf 84' lang='lat' dir='ltr'><strong>Turueni</strong></span> <span class='ocrx_word' id='word_1_682' title='bbox 1435 4740 1497 4777; x_wconf 87' lang='lat' dir='ltr'><strong>ac</strong></span> <span class='ocrx_word' id='word_1_683' title='bbox 1531 4724 1707 4780; x_wconf 70' lang='grc' dir='ltr'><strong>Μοτωὶ</strong></span> <span class='ocrx_word' id='word_1_684' title='bbox 1734 4731 2069 4786; x_wconf 86' lang='lat' dir='ltr'><strong>emendatur.</strong></span> <span class='ocrx_word' id='word_1_685' title='bbox 2108 4722 2205 4787; x_wconf 81' lang='lat' dir='ltr'><strong>Se-</strong></span> 
     </span>
    </p>
   </div>
   <div class='ocr_carea' id='block_1_96' title="bbox 658 4791 1477 4863">
    <p class='ocr_par' dir='ltr' id='par_1_96' title="bbox 658 4791 1477 4863">
     <span class='ocr_line' id='line_1_96' title="bbox 658 4791 1477 4863; baseline -0.002 -16"><span class='ocrx_word' id='word_1_686' title='bbox 658 4797 842 4863; x_wconf 90' lang='lat' dir='ltr'><strong>quitur</strong></span> <span class='ocrx_word' id='word_1_687' title='bbox 868 4794 1010 4847; x_wconf 88' lang='lat' dir='ltr'><strong>enim</strong></span> <span class='ocrx_word' id='word_1_688' title='bbox 1038 4791 1347 4863; x_wconf 69' lang='grc' dir='ltr'>ψοςροδεοῦς,</span> <span class='ocrx_word' id='word_1_689' title='bbox 1376 4806 1477 4845; x_wconf 89' lang='lat' dir='ltr'><strong>etc.</strong></span> 
     </span>
    </p>
   </div>
   <div class='ocr_carea' id='block_1_97' title="bbox 728 4862 2209 4933">
    <p class='ocr_par' dir='ltr' id='par_1_97' title="bbox 728 4862 2209 4933">
     <span class='ocr_line' id='line_1_97' title="bbox 728 4862 2209 4933; baseline 0.007 -17"><span class='ocrx_word' id='word_1_690' title='bbox 728 4863 838 4933; x_wconf 67' lang='grc'>(⁵14)</span> <span class='ocrx_word' id='word_1_691' title='bbox 875 4863 1162 4927; x_wconf 80' lang='grc' dir='ltr'>Ἐκάστης</span> <span class='ocrx_word' id='word_1_692' title='bbox 1210 4862 1495 4928; x_wconf 81' lang='grc' dir='ltr'>ἐπαρχίας</span> <span class='ocrx_word' id='word_1_693' title='bbox 1546 4864 1835 4932; x_wconf 76' lang='grc' dir='ltr'>ἀρχιερέα.</span> <span class='ocrx_word' id='word_1_694' title='bbox 1892 4865 2209 4927; x_wconf 83' lang='lat' dir='ltr'><strong>Sacerdotes</strong></span> 
     </span>
    </p>
   </div>
   <div class='ocr_carea' id='block_1_98' title="bbox 660 4932 2208 5002">
    <p class='ocr_par' dir='ltr' id='par_1_98' title="bbox 660 4932 2208 5002">
     <span class='ocr_line' id='line_1_98' title="bbox 660 4932 2208 5002; baseline 0.006 -18"><span class='ocrx_word' id='word_1_695' title='bbox 660 4932 989 4986; x_wconf 85' lang='lat' dir='ltr'><strong>voeabantur</strong></span> <span class='ocrx_word' id='word_1_696' title='bbox 1042 4948 1073 4984; x_wconf 89' lang='lat' dir='ltr'><strong>a</strong></span> <span class='ocrx_word' id='word_1_697' title='bbox 1110 4932 1417 4996; x_wconf 81' lang='lat' dir='ltr'><strong>gentilibus,</strong></span> <span class='ocrx_word' id='word_1_698' title='bbox 1441 4934 1529 4999; x_wconf 84' lang='lat' dir='ltr'><strong>qui</strong></span> <span class='ocrx_word' id='word_1_699' title='bbox 1571 4945 1731 4987; x_wconf 78' lang='lat' dir='ltr'><strong>totius</strong></span> <span class='ocrx_word' id='word_1_700' title='bbox 1763 4938 2050 5002; x_wconf 69' lang='lat' dir='ltr'><strong>provincia:</strong></span> <span class='ocrx_word' id='word_1_701' title='bbox 2077 4950 2208 4993; x_wconf 86' lang='lat' dir='ltr'><strong>tem-</strong></span> 
     </span>
    </p>
   </div>
   <div class='ocr_carea' id='block_1_99' title="bbox 660 5002 2207 5070">
    <p class='ocr_par' dir='ltr' id='par_1_99' title="bbox 660 5002 2207 5070">
     <span class='ocr_line' id='line_1_99' title="bbox 660 5002 2207 5070; baseline 0.006 -17"><span class='ocrx_word' id='word_1_702' title='bbox 660 5005 742 5070; x_wconf 88' lang='lat' dir='ltr'><strong>pla</strong></span> <span class='ocrx_word' id='word_1_703' title='bbox 767 5018 830 5070; x_wconf 87' lang='lat' dir='ltr'><strong>ac</strong></span> <span class='ocrx_word' id='word_1_704' title='bbox 859 5002 1075 5055; x_wconf 79' lang='lat' dir='ltr'><strong>delubra</strong></span> <span class='ocrx_word' id='word_1_705' title='bbox 1111 5002 1211 5053; x_wconf 88' lang='lat' dir='ltr'><strong>sub</strong></span> <span class='ocrx_word' id='word_1_706' title='bbox 1238 5003 1590 5068; x_wconf 87' lang='lat' dir='ltr'><strong>dispositione</strong></span> <span class='ocrx_word' id='word_1_707' title='bbox 1622 5018 1718 5055; x_wconf 90' lang='lat' dir='ltr'><strong>sua</strong></span> <span class='ocrx_word' id='word_1_708' title='bbox 1755 5006 2023 5060; x_wconf 85' lang='lat' dir='ltr'><strong>habebant</strong></span> <span class='ocrx_word' id='word_1_709' title='bbox 2065 5025 2077 5059; x_wconf 92' lang='lat'>:</span> <span class='ocrx_word' id='word_1_710' title='bbox 2112 5007 2207 5062; x_wconf 81' lang='lat' dir='ltr'><strong>ila-</strong></span> 
     </span>
    </p>
   </div>
   <div class='ocr_carea' id='block_1_100' title="bbox 662 5069 2207 5147">
    <p class='ocr_par' dir='ltr' id='par_1_100' title="bbox 662 5069 2207 5147">
     <span class='ocr_line' id='line_1_100' title="bbox 662 5069 2207 5147; baseline 0.007 -26"><span class='ocrx_word' id='word_1_711' title='bbox 662 5069 836 5147; x_wconf 59' lang='lat' dir='ltr'><strong>iniue&#39;s</strong></span> <span class='ocrx_word' id='word_1_712' title='bbox 859 5086 1009 5133; x_wconf 84' lang='lat' dir='ltr'><strong>vero,</strong></span> <span class='ocrx_word' id='word_1_713' title='bbox 1039 5071 1129 5139; x_wconf 88' lang='lat' dir='ltr'><strong>qui</strong></span> <span class='ocrx_word' id='word_1_714' title='bbox 1176 5072 1225 5122; x_wconf 91' lang='lat' dir='ltr'><strong>in</strong></span> <span class='ocrx_word' id='word_1_715' title='bbox 1272 5071 1499 5147; x_wconf 78' lang='lat' dir='ltr'><strong>singulis</strong></span> <span class='ocrx_word' id='word_1_716' title='bbox 1541 5074 1750 5147; x_wconf 76' lang='lat' dir='ltr'><strong>oppidis</strong></span> <span class='ocrx_word' id='word_1_717' title='bbox 1785 5090 1847 5128; x_wconf 85' lang='lat' dir='ltr'><strong>ac</strong></span> <span class='ocrx_word' id='word_1_718' title='bbox 1876 5078 2207 5147; x_wconf 13' lang='lat' dir='ltr'><strong>rntunicipiis</strong></span> 
     </span>
    </p>
   </div>
   <div class='ocr_carea' id='block_1_101' title="bbox 660 5140 2203 5211">
    <p class='ocr_par' dir='ltr' id='par_1_101' title="bbox 660 5140 2203 5211">
     <span class='ocr_line' id='line_1_101' title="bbox 660 5140 2203 5211; baseline 0.007 -21"><span class='ocrx_word' id='word_1_719' title='bbox 660 5141 878 5211; x_wconf 86' lang='lat' dir='ltr'><strong>deorum</strong></span> <span class='ocrx_word' id='word_1_720' title='bbox 926 5155 1103 5211; x_wconf 75' lang='lat' dir='ltr'><strong>sacra</strong></span> <span class='ocrx_word' id='word_1_721' title='bbox 1133 5142 1515 5211; x_wconf 76' lang='lat' dir='ltr'><strong>procurabant,</strong></span> <span class='ocrx_word' id='word_1_722' title='bbox 1555 5153 1612 5194; x_wconf 92' lang='lat' dir='ltr'><strong>ut</strong></span> <span class='ocrx_word' id='word_1_723' title='bbox 1653 5140 1974 5211; x_wconf 80' lang='lat' dir='ltr'><strong>jampridem</strong></span> <span class='ocrx_word' id='word_1_724' title='bbox 2024 5140 2203 5201; x_wconf 76' lang='lat' dir='ltr'><strong>notavi</strong></span> 
     </span>
    </p>
   </div>
   <div class='ocr_carea' id='block_1_102' title="bbox 660 5208 2206 5282">
    <p class='ocr_par' dir='ltr' id='par_1_102' title="bbox 660 5208 2206 5282">
     <span class='ocr_line' id='line_1_102' title="bbox 660 5208 2206 5282; baseline 0.008 -25"><span class='ocrx_word' id='word_1_725' title='bbox 660 5212 724 5259; x_wconf 86' lang='lat' dir='ltr'><strong>ad</strong></span> <span class='ocrx_word' id='word_1_726' title='bbox 759 5210 1051 5282; x_wconf 77' lang='lat' dir='ltr'><strong>lili__._xx_vttt</strong></span> <span class='ocrx_word' id='word_1_727' title='bbox 1080 5208 1613 5282; x_wconf 80' lang='lat' dir='ltr'><strong>Amm._Marcellini.</strong></span> <span class='ocrx_word' id='word_1_728' title='bbox 1650 5208 1787 5267; x_wconf 80' lang='lat' dir='ltr'><strong>Cave</strong></span> <span class='ocrx_word' id='word_1_729' title='bbox 1822 5231 1983 5282; x_wconf 90' lang='lat' dir='ltr'><strong>porro</strong></span> <span class='ocrx_word' id='word_1_730' title='bbox 2019 5218 2206 5271; x_wconf 87' lang='lat' dir='ltr'><strong>existi-</strong></span> 
     </span>
    </p>
   </div>
   <div class='ocr_carea' id='block_1_103' title="bbox 663 5279 2204 5352">
    <p class='ocr_par' dir='ltr' id='par_1_103' title="bbox 663 5279 2204 5352">
     <span class='ocr_line' id='line_1_103' title="bbox 663 5279 2204 5352; baseline 0.007 -24"><span class='ocrx_word' id='word_1_731' title='bbox 663 5292 799 5352; x_wconf 85' lang='lat' dir='ltr'><strong>mes,</strong></span> <span class='ocrx_word' id='word_1_732' title='bbox 828 5279 1175 5352; x_wconf 76' lang='lat' dir='ltr'><strong>Maximinum</strong></span> <span class='ocrx_word' id='word_1_733' title='bbox 1208 5280 1446 5352; x_wconf 79' lang='lat' dir='ltr'><strong>primum</strong></span> <span class='ocrx_word' id='word_1_734' title='bbox 1468 5283 1776 5336; x_wconf 86' lang='lat' dir='ltr'><strong>sacerdotes</strong></span> <span class='ocrx_word' id='word_1_735' title='bbox 1810 5279 2099 5352; x_wconf 67' lang='lat' dir='ltr'><strong>provinciae</strong></span> <span class='ocrx_word' id='word_1_736' title='bbox 2126 5288 2204 5339; x_wconf 89' lang='lat' dir='ltr'><strong>in-</strong></span> 
     </span>
    </p>
   </div>
   <div class='ocr_carea' id='block_1_104' title="bbox 662 5350 2204 5409">
    <p class='ocr_par' dir='ltr' id='par_1_104' title="bbox 662 5350 2204 5409">
     <span class='ocr_line' id='line_1_104' title="bbox 662 5350 2204 5409; baseline 0.008 -14"><span class='ocrx_word' id='word_1_737' title='bbox 662 5350 914 5401; x_wconf 81' lang='lat' dir='ltr'><strong>stituisse.</strong></span> <span class='ocrx_word' id='word_1_738' title='bbox 947 5351 1041 5402; x_wconf 83' lang='lat' dir='ltr'><strong>Diti</strong></span> <span class='ocrx_word' id='word_1_739' title='bbox 1072 5350 1215 5404; x_wconf 89' lang='lat' dir='ltr'><strong>enim</strong></span> <span class='ocrx_word' id='word_1_740' title='bbox 1240 5359 1363 5402; x_wconf 87' lang='lat' dir='ltr'><strong>ante</strong></span> <span class='ocrx_word' id='word_1_741' title='bbox 1397 5350 1541 5403; x_wconf 87' lang='lat' dir='ltr'><strong>illum</strong></span> <span class='ocrx_word' id='word_1_742' title='bbox 1571 5350 1928 5409; x_wconf 50' lang='lat' dir='ltr'><strong>fuerurnthed</strong></span> <span class='ocrx_word' id='word_1_743' title='bbox 1959 5355 2204 5407; x_wconf 74' lang='lat' dir='ltr'><strong>Maximi-</strong></span> 
     </span>
    </p>
   </div>
   <div class='ocr_carea' id='block_1_105' title="bbox 666 5420 2198 5491">
    <p class='ocr_par' dir='ltr' id='par_1_105' title="bbox 666 5420 2198 5491">
     <span class='ocr_line' id='line_1_105' title="bbox 666 5420 2198 5491; baseline 0.013 -32"><span class='ocrx_word' id='word_1_744' title='bbox 666 5428 763 5465; x_wconf 87' lang='lat' dir='ltr'><strong>nus</strong></span> <span class='ocrx_word' id='word_1_745' title='bbox 788 5431 973 5491; x_wconf 81' lang='lat' dir='ltr'><strong>eorum</strong></span> <span class='ocrx_word' id='word_1_746' title='bbox 1009 5423 1268 5473; x_wconf 89' lang='lat' dir='ltr'><strong>honorem</strong></span> <span class='ocrx_word' id='word_1_747' title='bbox 1299 5420 1467 5483; x_wconf 83' lang='lat' dir='ltr'><strong>auxit,</strong></span> <span class='ocrx_word' id='word_1_748' title='bbox 1502 5420 1684 5473; x_wconf 89' lang='lat' dir='ltr'><strong>addito</strong></span> <span class='ocrx_word' id='word_1_749' title='bbox 1711 5422 1814 5476; x_wconf 92' lang='lat' dir='ltr'><strong>illis</strong></span> <span class='ocrx_word' id='word_1_750' title='bbox 1843 5426 2114 5491; x_wconf 88' lang='lat' dir='ltr'><strong>satellitio,</strong></span> <span class='ocrx_word' id='word_1_751' title='bbox 2148 5425 2198 5479; x_wconf 84' lang='lat' dir='ltr'><strong>id</strong></span> 
     </span>
    </p>
   </div>
   <div class='ocr_carea' id='block_1_106' title="bbox 664 5484 2195 5555">
    <p class='ocr_par' dir='ltr' id='par_1_106' title="bbox 664 5484 2195 5555">
     <span class='ocr_line' id='line_1_106' title="bbox 664 5484 2195 5555; baseline 0.01 -25"><span class='ocrx_word' id='word_1_752' title='bbox 664 5492 747 5532; x_wconf 86' lang='lat' dir='ltr'><strong>est</strong></span> <span class='ocrx_word' id='word_1_753' title='bbox 787 5484 1058 5555; x_wconf 81' lang='lat' dir='ltr'><strong>lictoribus</strong></span> <span class='ocrx_word' id='word_1_754' title='bbox 1098 5498 1150 5542; x_wconf 88' lang='lat' dir='ltr'><strong>et</strong></span> <span class='ocrx_word' id='word_1_755' title='bbox 1191 5491 1609 5555; x_wconf 84' lang='lat' dir='ltr'><strong>apparitoribus.</strong></span> <span class='ocrx_word' id='word_1_756' title='bbox 1650 5493 1985 5547; x_wconf 76' lang='lat' dir='ltr'><strong>Greabautur</strong></span> <span class='ocrx_word' id='word_1_757' title='bbox 2016 5484 2195 5546; x_wconf 82' lang='lat' dir='ltr'><strong>autem</strong></span> 
     </span>
    </p>
   </div>
   <div class='ocr_carea' id='block_1_107' title="bbox 668 5554 2194 5630">
    <p class='ocr_par' dir='ltr' id='par_1_107' title="bbox 668 5554 2194 5630">
     <span class='ocr_line' id='line_1_107' title="bbox 668 5554 2194 5630; baseline 0.01 -29"><span class='ocrx_word' id='word_1_758' title='bbox 668 5554 972 5630; x_wconf 73' lang='lat' dir='ltr'><strong>sacerdotes</strong></span> <span class='ocrx_word' id='word_1_759' title='bbox 1000 5554 1332 5630; x_wconf 53' lang='lat' dir='ltr'><strong>excerpere</strong></span> <span class='ocrx_word' id='word_1_760' title='bbox 1370 5560 1683 5623; x_wconf 78' lang='lat' dir='ltr'><strong>Curialium,</strong></span> <span class='ocrx_word' id='word_1_761' title='bbox 1719 5562 1750 5613; x_wconf 92' lang='lat' dir='ltr'><strong>ii</strong></span> <span class='ocrx_word' id='word_1_762' title='bbox 1805 5565 1897 5630; x_wconf 92' lang='lat' dir='ltr'><strong>qui</strong></span> <span class='ocrx_word' id='word_1_763' title='bbox 1944 5565 2194 5617; x_wconf 86' lang='lat' dir='ltr'><strong>omnibus</strong></span> 
     </span>
    </p>
   </div>
   <div class='ocr_carea' id='block_1_108' title="bbox 669 5622 2195 5702">
    <p class='ocr_par' dir='ltr' id='par_1_108' title="bbox 669 5622 2195 5702">
     <span class='ocr_line' id='line_1_108' title="bbox 669 5622 2195 5702; baseline 0.014 -36"><span class='ocrx_word' id='word_1_764' title='bbox 669 5622 973 5677; x_wconf 81' lang='lat' dir='ltr'><strong>muneribus</strong></span> <span class='ocrx_word' id='word_1_765' title='bbox 1004 5622 1230 5693; x_wconf 80' lang='lat' dir='ltr'><strong>publicis</strong></span> <span class='ocrx_word' id='word_1_766' title='bbox 1254 5644 1373 5682; x_wconf 82' lang='lat' dir='ltr'><strong>cum</strong></span> <span class='ocrx_word' id='word_1_767' title='bbox 1402 5645 1611 5683; x_wconf 84' lang='lat' dir='ltr'><strong>summa</strong></span> <span class='ocrx_word' id='word_1_768' title='bbox 1635 5622 1787 5686; x_wconf 84' lang='lat' dir='ltr'><strong>laude</strong></span> <span class='ocrx_word' id='word_1_769' title='bbox 1816 5622 1939 5687; x_wconf 78' lang='lat' dir='ltr'><strong>ante</strong></span> <span class='ocrx_word' id='word_1_770' title='bbox 1977 5634 2195 5702; x_wconf 77' lang='lat' dir='ltr'><strong>perfun-</strong></span> 
     </span>
    </p>
   </div>
   <div class='ocr_carea' id='block_1_109' title="bbox 2313 4469 3844 4544">
    <p class='ocr_par' dir='ltr' id='par_1_109' title="bbox 2313 4469 3844 4544">
     <span class='ocr_line' id='line_1_109' title="bbox 2313 4469 3844 4544; baseline 0.005 -25"><span class='ocrx_word' id='word_1_771' title='bbox 2313 4469 2408 4531; x_wconf 72' lang='grc' dir='ltr'><strong>τὰς</strong></span> <span class='ocrx_word' id='word_1_772' title='bbox 2436 4470 2700 4538; x_wconf 81' lang='grc' dir='ltr'>ἐμπαθεῖς</span> <span class='ocrx_word' id='word_1_773' title='bbox 2733 4471 2823 4525; x_wconf 90' lang='grc' dir='ltr'><strong>τοῦ</strong></span> <span class='ocrx_word' id='word_1_774' title='bbox 2855 4472 3043 4543; x_wconf 79' lang='grc' dir='ltr'>ἀνδρὸς</span> <span class='ocrx_word' id='word_1_775' title='bbox 3078 4474 3461 4543; x_wconf 79' lang='grc' dir='ltr'>αἰσχρουργίας</span> <span class='ocrx_word' id='word_1_776' title='bbox 3486 4476 3844 4544; x_wconf 75' lang='grc' dir='ltr'>μνημονεύεινς</span> 
     </span>
    </p>
   </div>
   <div class='ocr_carea' id='block_1_110' title="bbox 2314 4670 3844 4741">
    <p class='ocr_par' dir='ltr' id='par_1_110' title="bbox 2314 4670 3844 4741">
     <span class='ocr_line' id='line_1_110' title="bbox 2314 4670 3844 4741; baseline 0.005 -20"><span class='ocrx_word' id='word_1_777' title='bbox 2314 4670 2381 4741; x_wconf 80' lang='lat' dir='ltr'><strong>eti</strong></span> <span class='ocrx_word' id='word_1_778' title='bbox 2414 4682 2617 4727; x_wconf 87' lang='lat' dir='ltr'><strong>essent.</strong></span> <span class='ocrx_word' id='word_1_779' title='bbox 2669 4673 2952 4740; x_wconf 83' lang='lat' dir='ltr'><strong>Tantaque</strong></span> <span class='ocrx_word' id='word_1_780' title='bbox 3001 4672 3113 4725; x_wconf 76' lang='lat' dir='ltr'><strong>bare</strong></span> <span class='ocrx_word' id='word_1_781' title='bbox 3155 4671 3393 4740; x_wconf 84' lang='lat' dir='ltr'><strong>dignitas</strong></span> <span class='ocrx_word' id='word_1_782' title='bbox 3443 4674 3758 4741; x_wconf 81' lang='lat' dir='ltr'><strong>habebatur,</strong></span> <span class='ocrx_word' id='word_1_783' title='bbox 3800 4685 3844 4729; x_wconf 90' lang='lat' dir='ltr'><strong>ut</strong></span> 
     </span>
    </p>
   </div>
   <div class='ocr_carea' id='block_1_111' title="bbox 2315 4739 3905 4811">
    <p class='ocr_par' dir='ltr' id='par_1_111' title="bbox 2315 4739 3905 4811">
     <span class='ocr_line' id='line_1_111' title="bbox 2315 4739 3905 4811; baseline 0.003 -19"><span class='ocrx_word' id='word_1_784' title='bbox 2315 4739 2458 4806; x_wconf 91' lang='lat' dir='ltr'><strong>ipsos</strong></span> <span class='ocrx_word' id='word_1_785' title='bbox 2482 4744 2826 4810; x_wconf 88' lang='lat' dir='ltr'><strong>magistratus</strong></span> <span class='ocrx_word' id='word_1_786' title='bbox 2850 4758 2942 4794; x_wconf 86' lang='lat' dir='ltr'><strong>seu</strong></span> <span class='ocrx_word' id='word_1_787' title='bbox 2974 4739 3285 4811; x_wconf 76' lang='lat' dir='ltr'><strong>duumvirOS</strong></span> <span class='ocrx_word' id='word_1_788' title='bbox 3310 4743 3361 4793; x_wconf 88' lang='lat' dir='ltr'><strong>itt</strong></span> <span class='ocrx_word' id='word_1_789' title='bbox 3389 4747 3559 4811; x_wconf 82' lang='lat' dir='ltr'><strong>gradu</strong></span> <span class='ocrx_word' id='word_1_790' title='bbox 3589 4739 3845 4801; x_wconf 81' lang='lat' dir='ltr'><strong>antecede-</strong></span> <span class='ocrx_word' id='word_1_791' title='bbox 3896 4764 3905 4771; x_wconf 56' lang='grc' dir='ltr'><strong><em>α</em></strong></span> 
     </span>
    </p>
   </div>
   <div class='ocr_carea' id='block_1_112' title="bbox 2319 4810 3845 4880">
    <p class='ocr_par' dir='ltr' id='par_1_112' title="bbox 2319 4810 3845 4880">
     <span class='ocr_line' id='line_1_112' title="bbox 2319 4810 3845 4880; baseline 0.004 -21"><span class='ocrx_word' id='word_1_792' title='bbox 2319 4822 2459 4880; x_wconf 90' lang='lat' dir='ltr'><strong>rent.</strong></span> <span class='ocrx_word' id='word_1_793' title='bbox 2496 4812 2655 4865; x_wconf 88' lang='lat' dir='ltr'><strong>Certe</strong></span> <span class='ocrx_word' id='word_1_794' title='bbox 2688 4814 2739 4864; x_wconf 92' lang='lat' dir='ltr'><strong>iu</strong></span> <span class='ocrx_word' id='word_1_795' title='bbox 2774 4813 2940 4880; x_wconf 83' lang='lat' dir='ltr'><strong>gestis</strong></span> <span class='ocrx_word' id='word_1_796' title='bbox 2991 4810 3322 4879; x_wconf 84' lang='lat' dir='ltr'><strong>purgationis</strong></span> <span class='ocrx_word' id='word_1_797' title='bbox 3366 4815 3661 4875; x_wconf 65' lang='lat' dir='ltr'><strong>Lmriliani.</strong></span> <span class='ocrx_word' id='word_1_798' title='bbox 3688 4832 3747 4870; x_wconf 85' lang='lat' dir='ltr'><strong>ea</strong></span> <span class='ocrx_word' id='word_1_799' title='bbox 3780 4818 3845 4869; x_wconf 85' lang='lat' dir='ltr'><strong>di-</strong></span> 
     </span>
    </p>
   </div>
   <div class='ocr_carea' id='block_1_113' title="bbox 2313 4879 3889 4945">
    <p class='ocr_par' dir='ltr' id='par_1_113' title="bbox 2313 4879 3889 4945">
     <span class='ocr_line' id='line_1_113' title="bbox 2313 4879 3889 4945; baseline 0.008 -16"><span class='ocrx_word' id='word_1_800' title='bbox 2313 4879 2492 4945; x_wconf 81' lang='lat' dir='ltr'><strong>gnitas</strong></span> <span class='ocrx_word' id='word_1_801' title='bbox 2518 4890 2641 4933; x_wconf 88' lang='lat' dir='ltr'><strong>ante</strong></span> <span class='ocrx_word' id='word_1_802' title='bbox 2668 4879 3062 4933; x_wconf 84' lang='lat' dir='ltr'><strong>duuinviratum</strong></span> <span class='ocrx_word' id='word_1_803' title='bbox 3098 4880 3427 4936; x_wconf 89' lang='lat' dir='ltr'><strong>nominatur.</strong></span> <span class='ocrx_word' id='word_1_804' title='bbox 3473 4883 3563 4939; x_wconf 90' lang='lat' dir='ltr'><strong>Sic</strong></span> <span class='ocrx_word' id='word_1_805' title='bbox 3609 4889 3746 4939; x_wconf 91' lang='lat' dir='ltr'><strong>enim</strong></span> <span class='ocrx_word' id='word_1_806' title='bbox 3784 4886 3841 4937; x_wconf 43' lang='lat' dir='ltr'><strong>le.</strong></span> <span class='ocrx_word' id='word_1_807' title='bbox 3886 4938 3889 4941; x_wconf 71' lang='grc'><strong>,</strong></span> 
     </span>
    </p>
   </div>
   <div class='ocr_carea' id='block_1_114' title="bbox 2312 4947 3845 5024">
    <p class='ocr_par' dir='ltr' id='par_1_114' title="bbox 2312 4947 3845 5024">
     <span class='ocr_line' id='line_1_114' title="bbox 2312 4947 3845 5024; baseline 0.008 -27"><span class='ocrx_word' id='word_1_808' title='bbox 2312 4948 2457 5013; x_wconf 89' lang='lat' dir='ltr'><strong>gitur</strong></span> <span class='ocrx_word' id='word_1_809' title='bbox 2489 4966 2503 5003; x_wconf 89' lang='lat'><strong>:</strong></span> <span class='ocrx_word' id='word_1_810' title='bbox 2540 4968 2558 5001; x_wconf 76' lang='grc' dir='ltr'><strong>ι</strong></span> <span class='ocrx_word' id='word_1_811' title='bbox 2599 4950 2672 5024; x_wconf 10' lang='lat' dir='ltr'><strong>In,</strong></span> <span class='ocrx_word' id='word_1_812' title='bbox 2698 4950 2817 5013; x_wconf 84' lang='lat' dir='ltr'><strong>jure</strong></span> <span class='ocrx_word' id='word_1_813' title='bbox 2846 4949 2983 5024; x_wconf 62' lang='lat' dir='ltr'><strong>apud</strong></span> <span class='ocrx_word' id='word_1_814' title='bbox 3023 4947 3295 5024; x_wconf 80' lang='lat' dir='ltr'><strong>Aurelium</strong></span> <span class='ocrx_word' id='word_1_815' title='bbox 3334 4950 3618 5024; x_wconf 86' lang='lat' dir='ltr'><strong>Didymum</strong></span> <span class='ocrx_word' id='word_1_816' title='bbox 3674 4955 3845 5023; x_wconf 65' lang='lat' dir='ltr'><strong>Sperc-</strong></span> 
     </span>
    </p>
   </div>
   <div class='ocr_carea' id='block_1_115' title="bbox 2292 5016 3841 5091">
    <p class='ocr_par' dir='ltr' id='par_1_115' title="bbox 2292 5016 3841 5091">
     <span class='ocr_line' id='line_1_115' title="bbox 2292 5016 3841 5091; baseline 0.003 -24"><span class='ocrx_word' id='word_1_817' title='bbox 2292 5026 2453 5091; x_wconf 86' lang='lat' dir='ltr'><strong>_ctt_tm</strong></span> <span class='ocrx_word' id='word_1_818' title='bbox 2487 5021 2822 5091; x_wconf 83' lang='lat' dir='ltr'><strong>sacerdotem</strong></span> <span class='ocrx_word' id='word_1_819' title='bbox 2857 5016 3001 5091; x_wconf 68' lang='lat' dir='ltr'><strong>lovis</strong></span> <span class='ocrx_word' id='word_1_820' title='bbox 3036 5018 3224 5091; x_wconf 80' lang='lat' dir='ltr'><strong>optimi</strong></span> <span class='ocrx_word' id='word_1_821' title='bbox 3254 5016 3495 5091; x_wconf 73' lang='lat' dir='ltr'><strong>maxinii,</strong></span> <span class='ocrx_word' id='word_1_822' title='bbox 3526 5016 3841 5077; x_wconf 73' lang='lat' dir='ltr'><strong>duumvirum</strong></span> 
     </span>
    </p>
   </div>
   <div class='ocr_carea' id='block_1_116' title="bbox 2309 5086 3841 5162">
    <p class='ocr_par' dir='ltr' id='par_1_116' title="bbox 2309 5086 3841 5162">
     <span class='ocr_line' id='line_1_116' title="bbox 2309 5086 3841 5162; baseline 0.007 -25"><span class='ocrx_word' id='word_1_823' title='bbox 2309 5087 2609 5162; x_wconf 73' lang='lat' dir='ltr'><strong>_spleudid_a_3_</strong></span> <span class='ocrx_word' id='word_1_824' title='bbox 2638 5087 2860 5162; x_wconf 83' lang='lat' dir='ltr'><strong>coloni:_e</strong></span> <span class='ocrx_word' id='word_1_825' title='bbox 2888 5086 3385 5162; x_wconf 82' lang='lat' dir='ltr'><strong>Cathaginensium.</strong></span> <span class='ocrx_word' id='word_1_826' title='bbox 3422 5111 3441 5143; x_wconf 72' lang='grc' dir='ltr'><strong>ι</strong></span> <span class='ocrx_word' id='word_1_827' title='bbox 3479 5086 3618 5147; x_wconf 54' lang='grc' dir='ltr'>Υἱός</span> <span class='ocrx_word' id='word_1_828' title='bbox 3650 5109 3763 5162; x_wconf 85' lang='lat' dir='ltr'><strong>cap.</strong></span> <span class='ocrx_word' id='word_1_829' title='bbox 3798 5093 3841 5147; x_wconf 65' lang='grc' dir='ltr'>ὁ.</span> 
     </span>
    </p>
   </div>
   <div class='ocr_carea' id='block_1_117' title="bbox 2310 5153 3841 5232">
    <p class='ocr_par' dir='ltr' id='par_1_117' title="bbox 2310 5153 3841 5232">
     <span class='ocr_line' id='line_1_117' title="bbox 2310 5153 3841 5232; baseline 0.006 -28"><span class='ocrx_word' id='word_1_830' title='bbox 2437 5172 2510 5232; x_wconf 75' lang='lat' dir='ltr'><strong>rx.</strong></span> <span class='ocrx_word' id='word_1_831' title='bbox 2552 5159 2614 5211; x_wconf 89' lang='lat' dir='ltr'><strong>Hi</strong></span> <span class='ocrx_word' id='word_1_832' title='bbox 2654 5156 3036 5232; x_wconf 74' lang='lat' dir='ltr'><strong>sacerdotesiu</strong></span> <span class='ocrx_word' id='word_1_833' title='bbox 3063 5153 3371 5232; x_wconf 51' lang='lat' dir='ltr'><strong>secretaria</strong></span> <span class='ocrx_word' id='word_1_834' title='bbox 3405 5164 3643 5229; x_wconf 89' lang='lat' dir='ltr'><strong>judicum</strong></span> <span class='ocrx_word' id='word_1_835' title='bbox 3686 5153 3841 5232; x_wconf 78' lang='lat' dir='ltr'><strong>ingre—</strong></span> 
     </span>
    </p>
   </div>
   <div class='ocr_carea' id='block_1_118' title="bbox 2310 5224 3844 5303">
    <p class='ocr_par' dir='ltr' id='par_1_118' title="bbox 2310 5224 3844 5303">
     <span class='ocr_line' id='line_1_118' title="bbox 2310 5224 3844 5303; baseline 0.007 -31"><span class='ocrx_word' id='word_1_836' title='bbox 2310 5224 2840 5303; x_wconf 68' lang='lat' dir='ltr'><strong>diendi_et_cunt_iis</strong></span> <span class='ocrx_word' id='word_1_837' title='bbox 2876 5225 3092 5303; x_wconf 76' lang='lat' dir='ltr'><strong>sedendi</strong></span> <span class='ocrx_word' id='word_1_838' title='bbox 3133 5226 3222 5303; x_wconf 71' lang='lat' dir='ltr'><strong>jus</strong></span> <span class='ocrx_word' id='word_1_839' title='bbox 3258 5224 3550 5303; x_wconf 78' lang='lat' dir='ltr'><strong>habebant,</strong></span> <span class='ocrx_word' id='word_1_840' title='bbox 3604 5248 3661 5289; x_wconf 90' lang='lat' dir='ltr'><strong>ut</strong></span> <span class='ocrx_word' id='word_1_841' title='bbox 3716 5224 3844 5303; x_wconf 56' lang='lat' dir='ltr'><strong>patet</strong></span> 
     </span>
    </p>
   </div>
   <div class='ocr_carea' id='block_1_119' title="bbox 2312 5294 3653 5365">
    <p class='ocr_par' dir='ltr' id='par_1_119' title="bbox 2312 5294 3653 5365">
     <span class='ocr_line' id='line_1_119' title="bbox 2312 5294 3653 5365; baseline 0.015 -26"><span class='ocrx_word' id='word_1_842' title='bbox 2312 5305 2375 5343; x_wconf 80' lang='lat' dir='ltr'><strong>ex</strong></span> <span class='ocrx_word' id='word_1_843' title='bbox 2401 5294 2550 5365; x_wconf 61' lang='lat' dir='ltr'><strong>Actis</strong></span> <span class='ocrx_word' id='word_1_844' title='bbox 2577 5295 2840 5365; x_wconf 79' lang='lat' dir='ltr'><strong>Theodori</strong></span> <span class='ocrx_word' id='word_1_845' title='bbox 2867 5297 3115 5365; x_wconf 74' lang='lat' dir='ltr'><strong>martyris</strong></span> <span class='ocrx_word' id='word_1_846' title='bbox 3144 5298 3228 5351; x_wconf 91' lang='lat' dir='ltr'><strong>die</strong></span> <span class='ocrx_word' id='word_1_847' title='bbox 3252 5317 3280 5352; x_wconf 93' lang='lat' dir='ltr'><strong>x</strong></span> <span class='ocrx_word' id='word_1_848' title='bbox 3318 5294 3653 5359; x_wconf 73' lang='lat' dir='ltr'><strong>Novembris.</strong></span> 
     </span>
    </p>
   </div>
   <div class='ocr_carea' id='block_1_120' title="bbox 2380 5360 3842 5432">
    <p class='ocr_par' dir='ltr' id='par_1_120' title="bbox 2380 5360 3842 5432">
     <span class='ocr_line' id='line_1_120' title="bbox 2380 5360 3842 5432; baseline 0.008 -20"><span class='ocrx_word' id='word_1_849' title='bbox 2380 5363 2491 5431; x_wconf 78' lang='lat'><strong>(75)</strong></span> <span class='ocrx_word' id='word_1_850' title='bbox 2573 5360 3317 5429; x_wconf 47' lang='grc' dir='ltr'>ἘπισκήψεσιᾘΜιιερυΙυκ</span> <span class='ocrx_word' id='word_1_851' title='bbox 3387 5373 3543 5423; x_wconf 91' lang='lat' dir='ltr'><strong>vertit</strong></span> <span class='ocrx_word' id='word_1_852' title='bbox 3616 5372 3842 5432; x_wconf 73' lang='lat' dir='ltr'><strong>statutis;</strong></span> 
     </span>
    </p>
   </div>
   <div class='ocr_carea' id='block_1_121' title="bbox 2305 5428 3843 5503">
    <p class='ocr_par' dir='ltr' id='par_1_121' title="bbox 2305 5428 3843 5503">
     <span class='ocr_line' id='line_1_121' title="bbox 2305 5428 3843 5503; baseline 0.008 -22"><span class='ocrx_word' id='word_1_853' title='bbox 2305 5428 3107 5503; x_wconf 55' lang='lat' dir='ltr'><strong>Christophorsouusntcudatis</strong></span> <span class='ocrx_word' id='word_1_854' title='bbox 3140 5441 3483 5503; x_wconf 73' lang='lat' dir='ltr'><strong>gravissimis.</strong></span> <span class='ocrx_word' id='word_1_855' title='bbox 3508 5442 3709 5495; x_wconf 72' lang='lat' dir='ltr'><strong>Eadrm</strong></span> <span class='ocrx_word' id='word_1_856' title='bbox 3732 5428 3843 5494; x_wconf 61' lang='lat' dir='ltr'><strong>vocr</strong></span> 
     </span>
    </p>
   </div>
   <div class='ocr_carea' id='block_1_122' title="bbox 2308 5499 3839 5565">
    <p class='ocr_par' dir='ltr' id='par_1_122' title="bbox 2308 5499 3839 5565">
     <span class='ocr_line' id='line_1_122' title="bbox 2308 5499 3839 5565; baseline 0.01 -15"><span class='ocrx_word' id='word_1_857' title='bbox 2308 5499 2479 5553; x_wconf 90' lang='lat' dir='ltr'><strong>utitur</strong></span> <span class='ocrx_word' id='word_1_858' title='bbox 2522 5499 2787 5555; x_wconf 87' lang='lat' dir='ltr'><strong>Eusebius</strong></span> <span class='ocrx_word' id='word_1_859' title='bbox 2828 5501 2878 5553; x_wconf 88' lang='lat' dir='ltr'><strong>in</strong></span> <span class='ocrx_word' id='word_1_860' title='bbox 2918 5502 3008 5555; x_wconf 90' lang='lat' dir='ltr'><strong>lib.</strong></span> <span class='ocrx_word' id='word_1_861' title='bbox 3060 5522 3090 5558; x_wconf 84' lang='lat' dir='ltr'><strong>x</strong></span> <span class='ocrx_word' id='word_1_862' title='bbox 3137 5499 3392 5561; x_wconf 69' lang='lat' dir='ltr'><strong>&quot;moria:</strong></span> <span class='ocrx_word' id='word_1_863' title='bbox 3447 5508 3839 5565; x_wconf 66' lang='lat' dir='ltr'><strong>Ecclesiastite.</strong></span> 
     </span>
    </p>
   </div>
   <div class='ocr_carea' id='block_1_123' title="bbox 2302 5570 3839 5652">
    <p class='ocr_par' dir='ltr' id='par_1_123' title="bbox 2302 5570 3839 5652">
     <span class='ocr_line' id='line_1_123' title="bbox 2302 5570 3839 5652; baseline 0.012 -34"><span class='ocrx_word' id='word_1_864' title='bbox 2302 5583 2425 5652; x_wconf 46' lang='lat' dir='ltr'><strong>cap.‘</strong></span> <span class='ocrx_word' id='word_1_865' title='bbox 2459 5572 2621 5652; x_wconf 44' lang='lat' dir='ltr'><strong>8,_de.</strong></span> <span class='ocrx_word' id='word_1_866' title='bbox 2641 5570 2847 5652; x_wconf 72' lang='lat' dir='ltr'><strong>Licinio</strong></span> <span class='ocrx_word' id='word_1_867' title='bbox 2885 5571 3104 5652; x_wconf 67' lang='lat' dir='ltr'><strong>loquens</strong></span> <span class='ocrx_word' id='word_1_868' title='bbox 3130 5594 3153 5652; x_wconf 82' lang='lat'><strong>:_</strong></span> <span class='ocrx_word' id='word_1_869' title='bbox 3181 5575 3537 5652; x_wconf 69' lang='grc' dir='ltr'>Ἐπισκηψεις</span> <span class='ocrx_word' id='word_1_870' title='bbox 3568 5598 3629 5635; x_wconf 80' lang='grc' dir='ltr'><strong>τε</strong></span> <span class='ocrx_word' id='word_1_871' title='bbox 3664 5582 3839 5652; x_wconf 58' lang='lat' dir='ltr'><strong>pupis;</strong></span> 
     </span>
    </p>
   </div>
   <div class='ocr_carea' id='block_1_124' title="bbox 2302 5638 3367 5713">
    <p class='ocr_par' dir='ltr' id='par_1_124' title="bbox 2302 5638 3367 5713">
     <span class='ocr_line' id='line_1_124' title="bbox 2302 5638 3367 5713; baseline 0.009 -24"><span class='ocrx_word' id='word_1_872' title='bbox 2302 5638 2439 5691; x_wconf 81' lang='grc' dir='ltr'><strong>κατά</strong></span> <span class='ocrx_word' id='word_1_873' title='bbox 2471 5640 2574 5694; x_wconf 87' lang='grc' dir='ltr'><strong>τῶν</strong></span> <span class='ocrx_word' id='word_1_874' title='bbox 2601 5638 2921 5713; x_wconf 71' lang='grc' dir='ltr'>ὑποχειρίων</span> <span class='ocrx_word' id='word_1_875' title='bbox 2952 5640 3116 5697; x_wconf 84' lang='grc' dir='ltr'>ἐθνῶν</span> <span class='ocrx_word' id='word_1_876' title='bbox 3136 5645 3367 5699; x_wconf 80' lang='grc' dir='ltr'>ἐπενόει.</span> 
     </span>
    </p>
   </div>
  </div>
