3952 6338
131 297 329 388 m'

1098 334 1448 392 HISTORIA:
1485 330 2039 389 ECCLESIASTICA'I
2077 330 2208 386 LIB.
2244 327 2377 383 Vill.

3229 325 3330 381 790

135 448 204 506 ὢν
231 453 401 508 πάλαι
431 455 500 508 τά
519 455 627 508 τῶν
655 455 776 509 καθ’
801 456 948 526 ἡμᾶς
978 458 1251 528 ἐνηργεῖτο
1273 456 1542 525 πολέμων,
1572 471 1649 508 πα

1781 458 2074 513 moverant,
2127 458 2346 517 repente
2394 453 2591 517 prxeter
2637 445 2876 498 omnium
2930 457 3075 510 spem
3127 452 3325 495 mutata

136 546 456 617 ραδοξότατα
504 547 852 617 μεταθέμενκ
901 548 1003 618 τὴν
1050 548 1270 618 γνώμην
1287 589 1302 612 ,
1357 547 1680 618 παλινῳδίαν

49 705 54 708 ,
132 631 273 707 ᾖδον,
305 641 554 707 χρηστοῖς
580 637 707 707 περὶ
735 636 888 707 ἡμῶν
935 638 1322 708 προγράμμασι
1372 639 1467 690 καὶ
1496 637 1680 690 διατά-

133 742 342 794 γμιισιν
363 725 732 796 ἡμερωτάτοις
753 726 851 795 τὴν
873 725 968 777 ἐπὶ
985 725 1137 794 μέγα
1156 725 1414 793 ἀφθεῖσαν
1439 724 1532 776 τοῦ
1558 724 1681 776 διω-

130 815 270 886 γμοῦ
295 816 564 885 πυρκαϊὰν
591 815 918 878 σσεννύντες.
935 816 1046 867 Οὐκ
1064 815 1395 886 ἀνθρώπινον
1413 815 1470 866 δέ
1486 832 1539 866 τι
1559 814 1681 866 τού-

129 922 217 956 του
251 905 487 974 κατέστη
518 902 706 967 αἴτιον,
757 903 863 956 οὐδ’
889 899 1083 966 οἶκτος,
1117 904 1192 966 ὡς
1236 903 1304 956 ἂν
1341 903 1471 973 φαίη
1508 921 1610 967 τις,
1643 901 1677 972 ἢ

131 992 503 1063 φιλανθρωπία
536 990 643 1044 τῶν
683 992 975 1062 ἀρχόντων,
1006 990 1200 1050 ⁴πολλοῦ
1227 992 1336 1044 δεῖ·
1377 992 1544 1044 πλείω
1569 991 1679 1061 γὰρ

127 1083 392 1152 ὁσημέραι
437 1081 528 1134 καὶ
567 1080 917 1152 χαλεπώτερα
953 1083 1191 1153 ἀρχῆθεν
1235 1084 1315 1144 εἰς
1355 1083 1528 1135 ἐκεῖνο
1583 1080 1678 1134 τοῦ

126 1173 317 1242 καιροῦ
355 1172 424 1224 τὰ
460 1171 580 1224 καθ’
621 1171 776 1241 ἡμῶν
815 1173 1000 1235 αὐτοῖς
1031 1174 1324 1236 ἐπενοεῖτο,
1363 1172 1678 1225 ποικιλωτέ-

130 1276 246 1330 ραις
291 1262 553 1329 μηχαναῖς
589 1259 774 1314 ἄλλοτε
807 1259 983 1322 ἄλλως
1007 1261 1108 1322 τάς
1152 1261 1273 1313 καθ’
1300 1261 1458 1331 ἡμῶν
1497 1262 1676 1322 αξκίας

123 1350 700 1421 ὲπικαινουργούντων·
747 1351 868 1403 ἀλλ”
905 1352 1076 1421 αὐτῆς
1120 1367 1186 1418 γε
1223 1351 1322 1420 τῆς
1359 1350 1507 1412 θείας
1539 1351 1678 1418 Προ-

123 1443 266 1504 νοίας
293 1442 543 1511 ἐμφανὴς
566 1441 867 1510 ἐπίσκεψις,
899 1442 978 1512 τῷ
1007 1442 1105 1512 μὲν
1134 1442 1301 1511 αὐτῆς
1329 1441 1677 1494 καταλλαττο-

126 1532 291 1602 μένης
325 1531 460 1601 λαῷ,
502 1531 581 1602 τῷ
623 1532 669 1585 δ’
713 1533 945 1604 αὐθέντῃ
984 1532 1094 1584 τῶν
1136 1531 1321 1584 κακῶν
1360 1529 1674 1596 ὲπεξιούσης

116 1607 210 1677 ’καὶ
236 1615 591 1696 πρὼτοστάτῃ
619 1624 722 1692 τῆς
741 1623 837 1676 τοῦ
863 1623 1062 1686 παντὸς
1088 1623 1327 1692 διωγμοῦ
1347 1621 1540 1682 κακίας
1561 1619 1671 1691 (85)

1780 539 2046 593 sententia
2096 537 2422 606 palinodiam
2461 535 2743 596 cecinere;
2775 532 3024 585 humanis
3065 545 3190 598 erga
3228 546 3328 583 nos

1779 628 1967 684 ediCtis
2001 637 2059 680 et
2097 626 2397 682 mitissimis
2441 622 2953 684 constitutionibus,
3008 621 3323 673 ardentissi-

1779 733 1919 770 mum
1943 717 2332 784 persecutionis
2361 715 2669 768 incendium
2708 713 3117 780 restinguentes.
3143 709 3326 777 Neque

1728 835 1733 840 -
1780 820 1903 858 vero
1924 805 2214 857 humanum
2234 804 2544 872 quidquam,
2563 818 2737 870 neque
2756 802 3136 870 imperatorum
3163 801 3325 865 (quod

1777 896 1973 964 aliquis
2000 894 2141 949 forte
2170 895 2434 964 suspicari
2477 894 2674 961 posset)
2704 893 2988 946 clementia
3016 901 3068 945 et
3100 892 3326 944 commi-

1777 986 1997 1048 seratio,
2025 986 2246 1048 huiusce
2291 983 2366 1035 rei
2401 997 2564 1036 causa
2598 982 2825 1037 exstitit.
2859 982 3062 1049 Quippe
3093 997 3214 1033 cum
3248 979 3322 1032 illi

1775 1074 1842 1127 ab
1872 1076 1986 1142 ipso
2020 1070 2411 1138 persecutionis
2439 1071 2662 1123 exordio
2686 1073 2751 1124 ad
2777 1071 2826 1125 id
2858 1085 3023 1139 usque
3046 1069 3324 1137 temporis,

1775 1165 1926 1233 plura
1964 1163 2019 1215 in
2050 1162 2165 1215 dies
2202 1169 2254 1214 et
2280 1160 2560 1234 acerbiora
2591 1162 2640 1212 iu
2675 1177 2770 1214 nos
2799 1163 3200 1227 excogitarent;
3234 1174 3324 1211 \'a--
3429 1171 3434 1175 '

1777 1257 1853 1308 ria
1895 1253 2122 1307 subinde
2161 1251 2541 1320 suppliciorum
2585 1252 2843 1304 adversus
2876 1262 3088 1304 nostros
3131 1264 3324 1318 genera

1773 1354 1826 1399 et
1858 1343 2295 1396 machinamenta
2319 1340 2636 1394 commenti.
2655 1339 2856 1393 Verum
2892 1339 3174 1392 manifesta
3193 1353 3326 1406 pra:-

1770 1434 1942 1488 sentia
1968 1433 2134 1487 divini
2168 1429 2591 1497 Nutninis,quod
2614 1443 2736 1482 cum
2769 1430 2962 1496 populo
2989 1430 3202 1497 quidem
3230 1443 3325 1480 suo

1767 1524 1879 1592 jam
1907 1523 2144 1577 redierat
2175 1521 2226 1575 in
2250 1522 2477 1591 gratiam
2500 1514 2726 1587 ;ipsum
2759 1533 2888 1571 vero
2910 1530 3184 1571 auctorem
3216 1533 3326 1569 ma-

1773 1615 1943 1669 lorum
1970 1622 2025 1668 et
2049 1613 2212 1666 totius
2234 1608 2627 1681 persecutionis
2656 1617 2820 1675 atque
2849 1607 3206 1673 improbitatis
3232 1622 3323 1658 an-

121 1695 589 1786 ἐπισχολουμένης.
609 1717 720 1769 Καὶ
738 1716 848 1787 γάρ
865 1718 919 1769 εἴ
929 1734 982 1768 τι
1001 1715 1152 1768 ταῦτ’
1171 1716 1336 1785 ἐχρῆν
1363 1713 1501 1767 κατὰ
1526 1713 1649 1766 θείαι

1770 1705 2110 1773 tesignanum
2143 1701 2407 1754 infensius
2438 1697 2880 1768 persequebatur,
2910 1696 2960 1747 id
2997 1697 3210 1748 tandem
3241 1695 3321 1747 el-

118 1783 363 1874 γενέσθαι
407 1783 608 1878 κρίσιν,
641 1808 794 1871 ἀλλά,
818 1783 857 1858 γε
885 1808 1040 1868 Οὐαὶ,
1082 1783 1244 1875 φησὶν
1294 1783 1331 1858 -ό
1369 1805 1556 1872 λόγος,
1603 1803 1649 1856 δι

1762 1794 1916 1848 fecit.
1948 1793 2064 1846 Etsi
2086 1790 2231 1846 enim
2261 1791 2376 1843 hinc
2407 1789 2476 1841 ita
2503 1786 2617 1839 ﬁeri
2649 1786 3099 1854 oportebatjuxta
3129 1785 3324 1866 divina:

115 1891 172 1950 οὗ
198 1896 260 1950 τὺ
284 1896 574 1950 σκάνδαλον
603 1897 870 1968 ἔρχεται.»
891 1897 1110 1949 Μέτεισι
1140 1895 1269 1962 γοῦν
1289 1894 1446 1948 αὑτὸν
1479 1890 1670 1964 θεήλα-

114 2004 200 2050 τος
231 1987 470 2051 κόλασις,
508 1985 566 2053 ἐξ
605 1989 772 2057 αὐτῆς
812 1987 976 2041 αὑτοῦ
1018 1986 1398 2055 καταρξαμένη
1443 1984 1663 2054 σαρκὸς,

115 2078 202 2130 καὶ
249 2079 410 2150 μέχρι
443 2079 545 2148 τῆς
583 2078 759 2147 ψυχῆς
798 2077 1154 2148 προελθοῦσα.
1197 2078 1389 2147 Ἀθρόα
1421 2076 1518 2146 μὲν
1559 2075 1665 2147 γὰρ

113 2168 237 2237 περὶ
283 2170 352 2222 τά
401 2170 540 2239 μέσα
595 2168 704 2220 τῶν
758 2169 1082 2238 ἀπορρήτων
1113 2167 1223 2236 (84)
1275 2169 1366 2220 τοῦ
1418 2168 1663 2238 σώματος

112 2259 402 2321 ἀπόστασις
425 2258 664 2326 γίγνεται
695 2257 863 2325 αὐτῷ.
898 2255 1006 2308 Εἶθ’
1032 2257 1187 2320 ¹«ἕλκος
1213 2259 1272 2310 ὲν
1301 2257 1452 2327 βάθει
1479 2275 1664 2327 συριγν

110 2349 296 2414 γῶδες,
328 2350 420 2401 καὶ
452 2349 654 2400 τούτων
679 2348 894 2410 ἀνίατος
926 2347 1062 2417 νομὴ
1087 2347 1199 2412 (85)
1230 2348 1368 2400 κατά
1387 2346 1493 2399 τῶν
1517 2347 1662 2398 ἐνδο-

110 2437 250 2489 τάτω
274 2439 595 2506 σπλάγχνων
613 2455 627 2468 ·
661 2439 755 2504 ἀφ’
787 2429 862 2489 ὧν
894 2437 1114 2490 ἀλεκτόν
1140 2455 1192 2489 τι
1220 2437 1421 2508 πλῆθος
1453 2436 1661 2506 σκωλή-

110 2542 212 2577 κων
241 2525 445 2596 βρύειν,
475 2526 749 2597 θανατώδη
781 2544 841 2579 τε
863 2526 1029 2596 ὀδμὴν
1067 2516 1382 2588 ἀποπνέειν..
1398 2527 1490 2578 τοῦ
1518 2543 1657 2578 παν-

117 2612 190 2676 τὸς
219 2615 382 2682 ὃγκου
425 2614 531 2668 τῶν
576 2616 838 2685 σωμάτων
886 2616 952 2668 ὲκ
990 2615 1352 2686 πολυτροφίας
1385 2617 1533 2686 αὐτῷ
1564 2615 1658 2669 καὶ

106 2707 206 2770 πρὸ
226 2706 326 2776 τῆς
351 2707 504 2759 νόσου
529 2709 608 2770 εἰς
635 2706 935 2778 ὑπερϐολὴν
968 2706 1205 2777 πλήθους
1228 2707 1459 2778 πιμελῆς
1493 2721 1658 2778 μετα-

107 2796 449 2866 ίεϐληκάτος·
495 2798 560 2868 ἢν
603 2798 722 2850 τότε
770 2801 1191 2861 κατασαπεῖσαν,
1238 2799 1504 2870 ἀφόρητον

106 2889 462 2959 φρικτοτάτην
498 2892 610 2952 τοῖς
653 2889 1006 2961 πλησιάζουσι
1054 2891 1310 2960 παρέχειν
1356 2890 1455 2960 τὴν
1502 2887 1650 2943 θέαν.

115 2978 330 3048 ’ἰατρῶν
369 2979 415 3031 δ’
441 2975 532 3032 οὖν
561 2981 608 3031 οί
645 2980 762 3049 μὲν,
795 2981 902 3032 οὐδ’
939 2980 1072 3043 ὅλως
1119 2981 1401 3051 ὑπομεῖναι
1435 2982 1532 3051 τὴν
1559 2980 1652 3034 τοῦ

102 3069 360 3133 δυσώδους
392 3071 826 3140 ὑπερϐάλλουσαν
853 3072 1078 3130 ἀτοπίαν
1105 3065 1206 3126 οἷοί
1229 3089 1312 3136 τε,
1353 3072 1654 3140 κατεσφάτ-

101 3173 265 3222 sane,
291 3163 339 3212 οί
361 3161 417 3214 δὲ
437 3162 755 3232 διῳδηκὸτος
777 3162 870 3215 τοῦ
897 3163 1095 3226 παντὸς
1114 3162 1276 3230 ὄγκου
1298 3164 1392 3216 καὶ
1406 3165 1483 3226 εἰς
1500 3157 1650 3216 ἀνέλ-

101 3265 284 3304 πιστον
326 3253 598 3322 σωτηρίας
645 3254 1095 3318 ἀποπεπτωκότος
1145 3254 1309 3325 μηδὲν
1344 3239 1650 3327 ἐπικουρεῖν

99 3337 396 3406 δυνάμενοι,
434 3340 676 3409 ἀνηλεῶς
705 3342 1020 3398 ἐκτείνοντο.
1099 3377 1106 3384 -

1766 1884 2062 1938 voluntatis
2077 1883 2384 1945 arbitrium,
2404 1893 2605 1945 tamen,
2622 1889 2680 1932 ut
2706 1880 2781 1932 ait
2805 1864 3319 1946 ScripturaUlatlh.

1766 1988 1921 2038 xvm,
1955 1974 2009 2048 7)
2045 1994 2060 2032 :
2093 1996 2111 2026 ι
2139 1974 2230 2028 Va:
2262 1976 2334 2028 illi
2378 1990 2472 2043 per
2505 1990 2662 2042 quem
2699 1969 3008 2026 scandalum
3065 1971 3262 2025 evenit.
3295 1988 3315 2021 ι

1765 2067 1917 2120 lllutn
1951 2067 2115 2135 igitur
2146 2080 2303 2134 poena
2321 2065 2536 2118 caelitus
2568 2063 2774 2117 inﬂicta
2795 2061 3073 2130 corripuit,
3099 2061 3164 2114 ab
3194 2061 3324 2130 ipsis

1761 2175 1952 2216 exorsa
2000 2159 2275 2220 carnibus,
2318 2166 2369 2210 et
2419 2161 2484 2210 ad
2534 2158 2770 2208 animant
2813 2170 2982 2224 usque
3013 2169 3320 2222 progressa.

1762 2252 2007 2318 Repente
2027 2251 2172 2303 enim
2210 2248 2356 2301 circa
2395 2247 2572 2301 media
2604 2246 2963 2300 oecultiorum
2998 2245 3157 2314 315
3202 2261 3324 2298 cor-

1759 2339 1905 2406 poris
1942 2338 2176 2405 partium
2228 2335 2345 2389 loca
2397 2336 2684 2388 abscessus
2732 2335 2779 2387 ei
2832 2337 3114 2389 nascitur:
3169 2335 3322 2388 ulcus

1757 2428 1950 2483 deinde
2009 2428 2061 2480 itt
2120 2428 2228 2480 imo
2276 2425 2598 2479 ﬁstulosum.
2657 2424 2951 2493 Utriusque
3002 2425 3320 2478 insanabilis

1756 2534 1972 2574 morsus
2000 2518 2187 2572 intima
2226 2518 2431 2571 viscera
2466 2515 2882 2583 depasccbatur.
2921 2516 2995 2567 Et
3031 2516 3114 2568 liis
3137 2516 3316 2568 incre-

1755 2611 1935 2666 dibilis
1954 2611 2215 2664 vermium
2238 2606 2526 2662 multitudo
2537 2606 2860 2669 scaturiens,
2880 2607 3128 2660 lethalem
3153 2608 3317 2661 exha-

1754 2705 1901 2759 labat
1935 2694 2187 2756 fetorem.
2207 2700 2418 2768 Quippe
2449 2699 2524 2752 illi
2549 2698 2714 2753 etiam
2741 2709 2864 2753 ante
2885 2701 3028 2753 hunc
3047 2701 3313 2767 morbum,

1756 2806 1865 2850 tota
1894 2795 2135 2864 corporis
2167 2793 2337 2847 moles
2375 2793 2445 2846 ob
2476 2793 2699 2846 nimiam
2735 2792 2976 2846 alimenti
3020 2793 3228 2859 copiam
3261 2792 3314 2844 in

1755 2890 2075 2944 immensam
2127 2890 2417 2958 quamdam
2492 2886 2874 2957 pinguedinem
2925 2893 3250 2940 excreverat
3295 2900 3311 2936 :

1752 2998 1873 3053 qua:
1901 2992 2028 3036 tunc
2057 2983 2315 3052 temporis
2361 2986 2414 3038 in
2451 2986 2628 3037 tabem
2669 2980 2864 3045 soluta,
2895 2979 3219 3057 horrendum
3258 2988 3312 3030 et

1758 3073 2094 3129 intolerabile
2145 3076 2510 3144 spectaculum
2558 3074 2862 3129 astantibus
2909 3071 3205 3142 prmbebat.
3236 3068 3310 3124 Ex

1758 3164 1984 3217 medicis
2015 3178 2165 3226 vero,
2220 3164 2307 3217 alii
2359 3166 2573 3234 quidem
2607 3180 2732 3218 cum
2769 3178 2869 3217 nec
2919 3163 3088 3232 ipsam
3132 3161 3310 3216 odoris

1754 3255 2073 3322 mritatem
2109 3256 2376 3309 sustinere
2412 3265 2651 3323 possent,
2686 3255 3192 3311 interﬁciebantur:
3223 3254 3310 3306 alii

1753 3359 1875 3397 cum
1903 3344 2430 3416 nullumremedinm
2460 3345 2654 3402 all‘erre
2681 3355 2932 3414 possent,
2985 3355 3170 3414 utpote
3206 3353 3308 3397 tota

99 3429 336 3495 corporis
378 3431 518 3484 mole
547 3432 857 3496 tumefacta,
890 3450 988 3489 nec
1031 3436 1133 3488 ulla
1178 3436 1290 3504 jam
1325 3451 1420 3506 spe
1447 3436 1636 3491 salutis
1677 3438 1884 3500 relicta,
1919 3440 1990 3491 ob
2017 3440 2247 3508 idipsnm
2275 3440 2568 3514 crudeliter
2595 3440 2946 3496 necabantur.

613 3525 1003 3579 ΚΕΦΑΛΑΙΟΝ
1030 3530 1125 3581 lZ'.

209 3607 353 3674 Περὶ
392 3607 666 3694 τῆςητᾷξν
686 3615 1080 3694 ἔρρτούντέιὶν
1104 3617 1483 3694 Ασξᾳλινᾳκῖίας

507 3678 647 3748 (Nic.
679 3679 748 3736 Ηε.
769 3680 835 3733 ις.
867 3697 960 3746 νη,
983 3683 1070 3744 22,
1103 3685 1216 3752 25).

158 3766 267 3818 Καὶ
312 3766 376 3838 δὴ
423 3766 695 3830 τοσούτοις
743 3769 986 3822 παλαίων
1035 3775 1243 3834 κακοῖς,
1293 3777 1642 3847 συναίσθησιν

94 3854 194 3905 τῶν
231 3857 375 3909 κατά
414 3857 523 3908 τῶν
553 3857 817 3911 θεοσεὸὣν
867 3859 1011 3928 αὐτῷ
1041 3862 1449 3931 τετολμημένων
1478 3867 1636 3936 ῐσχει.

94 3945 412 4014 Συναγαγὼν
455 3948 499 4000 δ’
540 3945 632 4002 οὖν
681 3952 757 4012 εἰς
788 3951 976 4002 ἑαυτὸν
1017 3951 1114 4021 τὴν
1151 3953 1405 4017 διάνοιαν,
1447 3957 1638 4036 πρῶτα

96 4037 185 4099 μὲν
207 4036 633 4106 ἀνθωμολογεῖτο
650 4039 726 4108 τῷ
751 4039 857 4092 τῶν
884 4039 1016 4091 ὅλων
1046 4039 1180 4110 Θεῷ,
1207 4038 1324 4093 εἶτα
1353 4045 1478 4105 τοὺς
1503 4044 1636 4113 ἀμφ’

92 4125 242 4178 αὑτὸν
266 4127 376 4197 (86)
406 4129 758 4194 ἀνακαλέσας,
793 4131 956 4202 μηδὲν
979 4131 1373 4201 ὑπερθεμένους
1391 4132 1480 4184 τὸν
1501 4134 1640 4186 κατά

90 4217 187 4268 τῶν
217 4220 558 4290 Χριστιανῶν
597 4223 920 4300 ἀποπαῦσαι.
959 4224 1209 4294 διωγμὸν,
1245 4224 1392 4294 νόμῳ
1439 4243 1498 4276 τε
1546 4226 1638 4277 καὶ

87 4307 307 4386 δόγματι
353 4313 613 4382 βασιλικῷ
647 4314 744 4376 τὰς
791 4316 1083 4386 ἐκκλησίας
1117 4316 1294 4369 αὐτῶν
1339 4317 1634 4385 οἰκοδομεῖν

87 4396 555 4472 ἐπισπέρχειν(8’1)
596 4419 656 4454 τε
700 4405 793 4456 καὶ
841 4405 909 4456 τὰ
952 4406 1152 4477 συνήθη
1194 4407 1630 4478 διαπράττεσθαι,

2325 3517 2554 3589 CAPUT
2593 3534 2754 3588 xvu.
2894 3590 2902 3596 ,

2072 3674 2077 3679 .
2139 3625 2212 3678 De
2241 3625 2613 3692 imperatorum
2643 3624 2933 3690 palinodia.

1818 3775 2056 3828 Tandem
2092 3790 2222 3828 vero
2271 3773 2530 3828 adversus
2573 3783 2652 3828 tot
2676 3789 2944 3828 :erumnas
2969 3775 3302 3838 conﬂictans,

1747 3864 2044 3930 intelligere
2075 3866 2242 3931 cmpit
2263 3879 2382 3931 quae
2413 3865 2463 3916 in
2495 3864 2733 3918 cultores
2757 3866 2845 3919 Dei
2879 3867 3291 3919 admiscratsce-

1746 3953 1876 4005 lera.
1909 3951 2150 4017 Totaque
2183 3955 2376 4006 utentis
2413 3954 2528 4004 acie
2559 3954 2609 4004 in
2642 3956 2990 4024 semetipsum
3021 3970 3300 4021 conversa,

1744 4042 1973 4110 primum
2024 4041 2241 4108 quidem
2295 4043 2558 4094 conditori
2612 4044 2849 4095 omnium
2912 4045 3018 4097 Deo
3061 4060 3300 4100 errorem

1743 4148 1896 4186 suum
1935 4131 2216 4186 confessus
2251 4142 2353 4184 est.
2385 4132 2720 4184 Convocatis.
2750 4133 2942 4186 deinde
2984 4135 3172 4204 palatii
3220 4140 3299 4190 sui

1743 4223 2074 4291 proceribus,
2133 4225 2337 4292 absque
2401 4222 2506 4274 ulla
2565 4223 2820 4277 dilatione
2865 4229 3299 4293 persecutionem

1738 4313 2167 4367 Christianorum
2198 4314 2450 4367 cohibere
2479 4331 2573 4367 eos
2605 4316 2780 4384 jubet,
2813 4329 2866 4372 et
2894 4320 3154 4374 ecclesias
3185 4319 3301 4373 illo-

1740 4422 1857 4459 rum
1890 4409 2213 4473 quantocius
2251 4416 2533 4462 exstruere
2569 4411 2833 4478 imperiali
2873 4413 3136 4480 rescripto
3163 4427 3295 4479 prae-

147 4636 256 4707 (83)
283 4639 682 4715 ypuitqatdzn
707 4641 816 4715 (ﬁt;
842 4644 946 4715 τοῦ
980 4645 1203 4710 παντὸς
1235 4647 1484 4715 διωγμοῦ
1531 4663 1634 4698 κα-

1759 4663 1787 4696 n
1831 4648 1967 4699 libro
1997 4665 2012 4702 ι
2039 4647 2114 4700 De
2153 4649 2252 4700 ritu
2284 4649 2633 4710 Constantini,
2665 4651 2766 4704 sub
2791 4651 2971 4705 ﬁnem.
3007 4650 3184 4703 Nostri
3215 4661 3292 4704 ta-

83 4703 987 4784 xlag.:_Maximianum:_lialerium
1026 4703 1294 4784 intelligit,
1326 4703 1385 4784 ιίί
1431 4733 1496 4770 ex
1545 4732 1621 4769 se-

84 4777 363 4855 guentibns
390 4788 642 4855 appar-ets
663 4779 764 4855 llic
787 4781 928 4855 enim
959 4792 1145 4836 auctor
1175 4777 1228 4855 ei
1246 4777 1623 4855 antesignanus

85 4839 249 4922 fuerat
278 4839 673 4922 persecutionis
708 4849 1156 4922 Christianorum.
1185 4839 1479 4909 Rulinus'in
1501 4870 1618 4920 cap.

84 4909 331 4991 ls‘bnjus
361 4913 484 4967 libri
517 4917 582 4970 de
626 4919 1087 4991 Galertuloquens
1118 4934 1133 4972 :
1169 4939 1186 4969 ‹
1238 4923 1327 4977 Ille
1357 4941 1505 4989 vero,
1541 4909 1622 4988 in:-

82 4987 206 5055 ςμηι,
227 4987 333 5060 .qu_i
351 4993 435 5035 est
454 4987 721 5060 secundus
751 4989 802 5060 in
837 4988 1062 5060 honore,
1093 4995 1426 5054 postmodum
1457 4987 1618 5048 etiam

84 5063 127 5096 ιιι
163 5056 354 5131 primis
379 5066 663 5131 successor
694 5056 809 5119 fuit,
836 5057 927 5131 qui
953 5069 1005 5110 et
1034 5060 1277 5131 incentor
1305 5078 1367 5115 ac
1393 5063 1618 5131 signifer

83 5125 692 5191 nostraa_persecutionis
720 5129 1020 5191 exstiterat,
1064 5145 1082 5176 ι
1117 5135 1219 5180 etc.
1255 5130 1396 5184 Idem
1429 5125 1616 5188 swcribit

80 5189 229 5236 etiam
255 5185 555 5241 Cedrenus.

141 5254 788 5336 (84)1]ερζτὰμέσαητῷγ
803 5264 1163 5332 ἀπορῤήτων.
1181 5265 1260 5317 Ru
1271 5267 1405 5322 linus
1421 5276 1610 5325 vertit:

81 5321 158 5406 In;
179 5321 612 5406 profundiorioua
641 5332 825 5386 dehinc
853 5321 1072 5398 pact-oris
1110 5337 1342 5401 partibus

81 5395 251 5454 quinas
286 5403 426 5473 totos
463 5395 773 5473 immisit-us
805 5395 1055 5456 viscerum
1093 5395 1319 5457 secessus
1363 5408 1620 5461 tabo'ser—

78 5466 590 5545 peni-edepascitar.
637 5466 801 5545 Magis
857 5483 1029 5545 tamen
1089 5474 1262 5545 probo
1315 5476 1614 5530 versionem

78 5532 1026 5611 CaristOph‘orsonihhqui—_genitalia
1086 5532 1490 5611 interpretatur.
1561 5545 1613 5598 ld

77 5601 206 5678 enim
240 5601 536 5678 conﬁrmat
577 5600 799 5660 Victoris
851 5610 1111 5678 Epitome.
1160 5629 1177 5659 ι
1215 5600 1478 5674 Galerius,
1531 5615 1614 5668 in-

80 5669 596 5757 QIIE‘EL‘Hra'Xl‘mial’IIIS
618 5669 962 5757 copsttmptiis
982 5681 1302 5757 genitalibus
1334 5669 1548 5757 defecit.
1587 5703 1604 5732 ι

141 5740 245 5807 (85)
275 5739 383 5793 Καὶ
415 5740 640 5793 τούτων
663 5739 905 5814 ἀνίατος
928 5739 1099 5817 νομὴ.
1126 5749 1200 5803 lta
1233 5751 1394 5804 etiam
1421 5750 1610 5818 legitur

1737 4730 1855 4790 men
1885 4718 2437 4790 codices‘blag..liled.
2459 4733 2510 4773 et
2531 4719 2664 4773 Fuk.
2697 4723 2957 4790 scriptum
2987 4721 3292 4776 liabentxat

1727 4784 1900 4856 τούτῳ
1927 4786 2136 4855 (supple
2165 4788 2241 4856 τῷ
2269 4789 2454 4848 ἕλκει).
2684 4817 2691 4836 ι
2769 4839 2778 4846 .

1801 4841 2078 4926 (86)
2112 4841 2253 4926 ap;
2287 4841 2492 4912 αὺτδν.
2515 4859 2676 4913 Recte
2712 4841 2940 4913 Ruﬁnus
2982 4860 3094 4911 hzec
3125 4861 3286 4914 verba

1730 4926 2116 4994 interpretatus
2145 4937 2225 4978 est
2261 4943 2272 4977 :
2329 4926 2638 4981 Convocatis
2668 4929 2749 4981 his
2777 4932 2866 4995 qui
2903 4930 2958 4980 in
3001 4927 3165 4995 ofﬁcio
3191 4947 3289 4993 pu-

1729 4997 1861 5048 blica
1892 4997 2165 5062 parebant.
2216 4995 2306 5049 Sic
2359 4997 2622 5049 Eusebius
2673 5013 2868 5051 vocare
2914 4996 3046 5048 solet
3104 4997 3283 5063 palatii

1727 5081 1999 5131 proceres,
2032 5079 2168 5130 quos
2194 5065 2371 5121 Amm.
2413 5065 2759 5120 Marcellinus
2783 5081 2975 5118 vocare
3001 5072 3284 5120 consuevit

1722 5133 1858 5186 aula:
1886 5144 2164 5194 summates
2190 5145 2243 5185 et
2273 5135 2598 5200 imperatoris
2628 5137 2993 5200 proximogint
3022 5134 3084 5184 ad
3107 5134 3278 5188 Amm.

1722 5203 2091 5256 Marcellinum
2128 5203 2331 5256 notavi.
2362 5203 2433 5256 lla
2465 5205 2515 5257 in
2559 5205 2700 5258 libro
2731 5204 2803 5255 De
2832 5203 3148 5269 martyribus
3183 5203 3282 5256 Pu-

1720 5272 1952 5326 sttinm.
1991 5285 2107 5336 cap.
2143 5270 2196 5333 7,
2236 5272 2286 5323 in
2314 5273 2437 5325 line.

1796 5338 2275 5407 (87)(ὶὶκοδομεῖν
2311 5340 2712 5407 ἐπισπέρχειν.
2774 5340 2936 5390 Recte
2995 5338 3049 5389 in
3117 5342 3273 5395 codd.

1727 5404 1858 5462 Muz.
1878 5404 2216 5477 etMedicieo
2249 5411 2398 5463 deest
2422 5404 2648 5477 Virginia,
2679 5424 2799 5474 qttzc
2825 5407 3277 5472 Christophot'so-

1723 5496 1846 5531 num
1884 5475 2092 5529 fefellit.
2113 5478 2279 5531 Paulo
2309 5479 2463 5530 aliter
2494 5475 2602 5530 limo
2619 5480 2782 5530 verba
2819 5477 3063 5541 leguntur
3098 5479 3146 5528 in
3183 5480 3267 5531 Ιιιι.

1721 5567 1734 5601 l
1774 5548 1845 5600 De
1872 5547 1976 5596 vita
2004 5544 2354 5610 Constantini,
2388 5561 2506 5610 cap.
2543 5547 2627 5598 50.
2660 5545 2765 5596 Sed
2786 5554 2838 5596 el.
2869 5545 3032 5597 codex
3063 5544 3266 5602 Fukctli

1719 5615 1954 5668 nonnihil
1985 5617 2286 5668 variat.Sic
2316 5615 2458 5684 enim
2489 5616 2652 5666 habet
2679 5631 2690 5662 :
2724 5612 2833 5675 Τὰς
2864 5614 3154 5684 ἐκκλησίας
3197 5623 3273 5674 οι-

1718 5685 1957 5752 κοδομείν
1990 5683 2164 5735 αὐτῶν
2191 5683 2554 5751 ἐπισπέρχειν,
2589 5684 2681 5734 καὶ
2716 5685 2800 5747 τά,
2833 5691 2936 5737 clc.
