3952 6338
122 340 207 396 793

1066 338 1416 398 utsroau:
1453 337 2010 397 ECCLESIASTICE
2046 310 2173 398 ua.
2214 340 2350 396 vui.

3197 344 3298 399 794

121 454 333 517 ἅπαντας
357 452 853 526 ἐπανορθώσασθαι,
889 457 981 509 καὶ
1005 457 1195 509 τούτου
1220 455 1474 526 πρόνοιαν
1499 454 1652 523 ποιή-

1755 455 1959 508 monias
1994 453 2350 522 reliquerant,
2379 447 2444 501 ad
2477 448 2742 503 saniorem
2793 451 3111 506 sententiam
3149 470 3300 506 revo-

122 542 308 607 σασθαι,
347 542 436 595 ῐνα
475 544 566 595 καὶ
606 544 654 594 οἱ
697 544 1008 614 Χριστιανοὶ
1058 544 1251 605 οἵτινες
1297 543 1403 596 τῶν
1446 540 1646 609 γονέων

120 632 207 686 τῶν
232 632 433 687 ἑαυτῶν
474 633 889 686 καταλελοίπασι
930 635 1029 705 τὴν
1064 636 1292 705 αἵρεσιν,
1331 634 1410 695 εἰς
1440 630 1646 702 ἀγαθὴν

121 724 346 793 πρόθεσιν
368 723 707 776 ἐπανέλθοιεν
731 741 743 753 ·
777 726 999 794 ἐπείπερ
1020 727 1124 777 τινὶ
1148 724 1391 794 λογισμῷ
1414 723 1645 795 τοσαύτη

119 810 290 871 αὐτοὺς
335 809 611 884 πλεονεξία
671 813 994 881 κατεσχήκει
1050 814 1143 865 καὶ
1194 813 1346 865 ἄνοια
1397 812 1647 883 κατειλή-

119 914 193 965 φει
218 898 341 965 (96),
372 898 447 961 ὼς
478 898 551 969 μὴ
595 898 819 951 ἕπεσθαι
848 903 960 963 τοῖς
1006 901 1109 953 ὑπὸ
1136 902 1243 973 τῶν
1278 900 1441 953 πάλαι
1474 918 1645 955 κατα-

117 991 394 1058 δειχθεῖσιν,
431 988 573 1059 ἅπερ
604 988 733 1059 ἴσως
778 991 1035 1061 πρότερον
1072 988 1173 1043 καὶ)
1193 992 1241 1043 οι
1270 993 1444 1059 γονεῖς
1468 991 1647 1044 αὐτῶν

116 1075 234 1149 ἦσαν
272 1080 722 1149 καταστήσαντες,
757 1080 888 1135 ἀλλὰ
928 1080 1067 1133 κατὰ
1100 1081 1195 1152 τὴν
1240 1081 1417 1133 αὐτῶν
1451 1082 1646 1151 πρόθε-

119 1186 189 1222 σιν
219 1171 304 1222 καὶ
348 1170 424 1232 ὡς
462 1170 687 1233 ἐκαστος
716 1170 978 1236 ἐϐούλετο,
1012 1170 1181 1235 οὕτως
1212 1174 1419 1236 ἑαυτοῖς
1444 1173 1536 1226 καὶ
1563 1174 1648 1227 νό-

120 1278 233 1329 μους
263 1261 499 1331 ποιῆσαι,
546 1263 638 1315 καὶ
676 1262 893 1326 τούτους
946 1263 1399 1334 παραφυλάττειν,
1450 1266 1542 1317 καὶ
1588 1267 1646 1319 ἐν

114 1350 361 1421 διαφόροις
392 1350 618 1422 διάφορα
654 1351 828 1423 πλήθη
860 1353 1125 1419 συνάγειν.
1155 1352 1451 1424 Τοιγαροῦν
1478 1354 1647 1407 τοιού-

113 1456 196 1493 του
236 1436 319 1508 ὑφ’
366 1440 521 1510 ἡμῶν
586 1442 1002 1513 προστάγματος
1053 1444 1643 1515 παρακολουθήσαντος,

112 1527 236 1581 ὥστε
262 1530 350 1582 ἐπὶ
380 1529 446 1582 τά
476 1530 580 1582 ὑπὸ
598 1530 706 1583 τῶν
733 1532 973 1602 ἀρχαίων
999 1532 1397 1587 κατασταθέντα
1422 1535 1645 1599 ἑαυτοὺς

115 1621 502 1691 μεταστήσαιεν,
543 1620 779 1674 πλεῖστοι
826 1624 922 1693 μὲν
960 1624 1186 1695 κινδύνῳ
1236 1625 1643 1697 ὑποϐληθέντες,

113 1710 328 1763 πλεῖστοι
364 1711 421 1763 δὲ
468 1713 830 1784 ταραχθέντες
856 1756 871 1779 ,
927 1717 1206 1779 παντοίους
1246 1716 1504 1783 θανάτους
1538 1721 1644 1773 ὑπ-

1749 553 2023 599 carentur.
2059 543 2231 597 Tanta
2258 541 2456 609 quippe
2478 552 2571 591 eos
2606 539 2907 607 arrogantia
2936 556 2999 595 ac
3025 544 3297 597 temeritas

1747 636 1912 691 veluti
1947 650 2011 689 ex
2046 647 2311 688 consensu
2344 628 2574 698 quodam
2616 629 2907 693 invaserat,
2941 640 2999 683 ut
3035 631 3295 699 majorum

1749 728 2013 782 institutis
2045 740 2163 795 qua:
2210 725 2436 777 fortasse
2468 719 2535 772 ab
2566 719 2802 782 ipsorum
2837 723 3141 785 parentibus
3182 739 3301 777 san-

1747 818 1850 871 cita
1884 818 2121 879 fuerant,
2148 813 2369 865 minime
2398 806 2805 876 acquiescerent
2835 825 2847 860 :
2871 811 2960 862 sed
2988 810 3177 879 singuli
3200 825 3300 879 pro

1748 905 2020 961 arbitratu
2046 918 2147 957 suo
2190 918 2252 955 ac
2291 902 2511 955 libidine
2555 901 2697 967 leges
2734 899 2831 951 sibi
2857 899 2985 967 ipsis
3015 903 3301 954 constitue-

1747 1005 1868 1051 rent
1895 1010 2098 1065 easque
2122 993 2503 1054 observarent,
2531 991 2661 1043 etin
2690 989 2914 1043 diversis
2947 992 3106 1045 sectis
3138 1002 3302 1060 atque

1747 1088 2026 1143 sententiis
2073 1086 2318 1138 diversos
2369 1091 2630 1152 cogerent
2690 1090 2880 1135 cintus.
2912 1081 3138 1136 Proinde
3176 1094 3301 1136 cum

1747 1194 1845 1232 nos
1881 1176 2145 1247 ejusmodi
2192 1174 2685 1243 promulgassemus
2718 1174 2971 1236 edictum,
3004 1180 3061 1224 ut
3090 1164 3209 1240 ipsi
3233 1172 3299 1224 ad

1749 1270 1885 1322 ritus
1937 1278 1990 1321 et
2032 1267 2276 1319 instituta
2321 1264 2585 1332 majorum
2638 1272 3033 1317 reverterentur
3076 1280 3090 1315 :
3148 1263 3298 1315 multi

1745 1374 1934 1413 eorum
1969 1356 2307 1426 gravissimis
2341 1353 2745 1409 discriminibus
2767 1352 2995 1420 objecti;
3034 1353 3181 1407 multi
3222 1355 3302 1407 in-

1749 1459 1954 1505 tentato
1977 1448 2361 1517 suppliciorum
2390 1455 2553 1510 metu,
2573 1445 2721 1498 varia
2746 1445 2936 1507 mortis
2962 1458 3157 1512 genera
3180 1459 3302 1512 per-

1748 1539 2009 1593 tulerunt.
2046 1538 2178 1592 Cum
2210 1538 2371 1606 igitur
2396 1538 2700 1590 videremus
2730 1534 3013 1605 plerosque
3033 1550 3216 1588 eorum
3247 1535 3300 1589 in

1748 1629 2057 1700 hujusmodi
2135 1628 2370 1682 amentia
2435 1628 2817 1698 persistentes,
2885 1642 2983 1681 nec
3043 1628 3145 1681 diis
3202 1627 3303 1679 im-

1753 1722 2072 1776 mortalibus
2120 1722 2320 1776 cultum
2373 1719 2615 1775 debitum
2669 1720 2951 1784 exhibere,
2989 1734 3090 1774 nec
3117 1734 3309 1773 sacro-.

111 1801 311 1869 ἑφερον’
344 1803 437 1853 καὶ
464 1803 651 1874 ἐπειδὴ
664 1803 771 1857 τῶν
800 1804 1006 1857 πολλῶν
1032 1809 1097 1879 τῇ
1124 1808 1257 1879 αὐτῇ
1280 1810 1507 1881 ἀπονοίᾳ
1527 1811 1644 1864 δια-

1753 1831 1866 1867 rum
1911 1813 2343 1868 Christianorum
2374 1812 2729 1865 caeremonias
2757 1810 2938 1874 obire;
2984 1825 3083 1879 pro
3117 1820 3297 1863 nostra

113 1889 378 1959 μενόντων,
406 1892 665 1963 ἑωρῶμεν
700 1896 833 1965 μήτε
861 1898 971 1958 τοῖς
1000 1895 1137 1959 θεοῖς
1172 1902 1283 1961 τοῖς
1309 1901 1648 1972 ἐπουρανίοις

112 1983 199 2053 τὴν
226 1982 567 2054 ὀφειλομένην
611 1983 903 2055 θρησκείαν
938 1988 1230 2057 προσάγειν
1249 1990 1475 2054 αὐτοὺς,
1512 1993 1647 2061 μήτε

108 2071 178 2142 τῷ
203 2073 303 2127 τῶν
341 2073 678 2147 Χριστιανῶν
720 2077 1024 2146 προσέχειν,
1074 2078 1381 2148 ἀφορῶντες
1426 2082 1504 2142 εἰς
1547 2081 1647 2151 τὴν

109 2162 361 2235 ἡμετέραν
386 2165 790 2236 φιλανθρωπίαν
832 2167 923 2219 καὶ
955 2168 1051 2238 τὴν
1081 2168 1300 2239 διηνεκῆ
1342 2168 1644 2239 συνήθειαν,

108 2256 167 2309 δι’
193 2251 255 2328 ἦς
279 2258 544 2329 εἰώθαμεν
590 2259 791 2311 ἆπασιν
817 2259 1121 2331 ἀνθρώποις
1150 2260 1475 2331 συγγνώμην
1514 2262 1650 2315 ἀπο-

110 2347 295 2417 νέμειν,
324 2348 703 2419 προθυμότατα
742 2349 834 2401 καὶ
879 2350 936 2401 ἐν
962 2348 1132 2419 τούτῳ
1164 2349 1261 2420 τὴν
1305 2349 1648 2421 συγχώρησιν

109 2439 198 2508 τὴν
220 2440 485 2511 ἡμετέραν
511 2442 814 2493 ἐπεκτεῖναι
846 2439 953 2492 δεῖν
997 2441 1344 2510 ἐνομίσαμεν,
1381 2442 1466 2493 ἵνα
1494 2440 1648 2505 αὖθις

108 2522 201 2582 ὦσι
225 2531 547 2603 Χριστιανοὶ,
581 2530 675 2584 καὶ
725 2533 849 2595 τοὺς
892 2530 1071 2596 οἴκους
1118 2534 1175 2585 ἐν
1213 2528 1294 2596 οἷς
1335 2534 1645 2604 συνήγοντο,

110 2620 351 2675 συνθῶσιν
375 2620 568 2684 οὕτως,
594 2620 734 2674 ὥστε
767 2622 927 2693 μηδὲν
958 2623 1269 2676 ὑπεναντίον
1302 2623 1400 2693 τῆς
1429 2625 1650 2694 ἐπιστή-

110 2730 211 2781 μης
235 2713 424 2776 αὐτοὺς
456 2712 745 2782 πράττειν·
786 2712 853 2766 δι’
893 2713 1081 2787 ἐτέρας
1127 2714 1183 2766 δὲ
1212 2714 1497 2783 ἐπιστολῆς
1537 2718 1649 2778 τοῖς

107 2804 369 2867 δικασταῖς
424 2804 761 2875 δηλώσομεν,
818 2804 869 2856 τί
918 2805 1110 2867 αὐτοὺς
1163 2804 1649 2875 παραφυλάξασθαι

1746 1904 2075 1958 humanitate
2101 1910 2154 1956 et
2190 1916 2287 1970 pro
2317 1902 2539 1955 solemni
2589 1903 2837 1955 instituto
2877 1900 3176 1955 clementia:
3200 1917 3299 1954 no-

1745 2006 1869 2050 strze
1910 2010 2016 2063 qua
2066 1994 2331 2047 universis
2394 1992 2703 2045 hominibus
2757 1992 2968 2044 veniam
3035 1993 3297 2060 impertiri

1746 2085 2150 2145 consuevimus,
2176 2084 2229 2135 in
2266 2084 2367 2136 hoc
2395 2082 2557 2134 etiam
2593 2081 2807 2149 negotio
2840 2081 3195 2136 libentissime
3217 2084 3299 2134 in-

1746 2176 2072 2244 dulgentiam
2102 2155 2693 2225 nostramocensuimus
2721 2185 2841 2223 esse
2884 2169 3255 2237 proferendam
3278 2208 3293 2232 ,

1746 2274 1803 2316 ut
1828 2276 2013 2317 omnes
2038 2262 2322 2316 Christiani
2357 2261 2497 2314 aedes
2530 2275 2654 2313 suas
2690 2259 2741 2311 in
2770 2260 2967 2327 quibus
2999 2268 3296 2313 conventus

1744 2354 2095 2421 peragebant,
2124 2352 2299 2406 denuo
2349 2350 2654 2404 instaurare
2685 2351 2913 2419 possint,
2954 2348 3027 2401 ita
3061 2357 3120 2402 ut
3162 2348 3293 2403 nihil

1746 2442 2072 2496 contrarium
2091 2441 2389 2508 disciplina:
2413 2455 2521 2493 sum
2540 2438 2791 2506 deinceps
2814 2438 2991 2491 facere
3011 2448 3287 2507 cogantur.

1746 2534 2009 2589 Peculiari
2055 2544 2232 2587 autem
2269 2531 2491 2602 epistola
2522 2530 2792 2598 judicibus
2834 2528 3293 2597 signiﬁcabimus.

1747 2627 1874 2694 quid
1906 2627 2049 2693 ipsos
2086 2625 2379 2677 observare
2400 2630 2662 2694 oporteat.
2697 2620 3035 2688 Quapropter
3063 2620 3131 2672 ob
3157 2622 3294 2673 hanc

1750 2693 2132 2779 indulgentiam
2165 2710 2460 2767 clementia:
2497 2693 2689 2762 n'ostrre
2714 2708 2879 2761 Deum
2902 2722 3054 2761 suum
3086 2709 3292 2776 precari

1749 2815 1801 2859 et
1826 2805 2114 2857 obsecrare
2145 2817 2236 2855 eos
2264 2810 2494 2870 oportet,
2519 2811 2625 2852 tum
2658 2814 2754 2867 pro
2778 2799 3147 2852 incolumitate
3174 2812 3294 2851 uos-

108 2896 293 2968 δεήσει.
317 2896 477 2950 Ὅθεν
506 2896 647 2949 κατὰ
666 2897 867 2974 ταύτην
893 2895 991 2966 τὴν
1023 2894 1364 2967 συγχώρησιν
1390 2896 1487 2967 τὴν
1513 2899 1650 2969 ἠμε-

1753 2904 1855 2958 tra,
1885 2903 1995 2947 tum
2022 2908 2119 2962 pro
2156 2892 2457 2961 reipublicae
2490 2907 2692 2960 suaque
2722 2892 2958 2960 ipsorum
3003 2891 3209 2956 salute;
3241 2902 3298 2942 ut

109 2987 255 3057 τέραν
293 2989 561 3058 ὀφείλουσι
592 2988 681 3041 τὸν
710 2987 917 3043 ἑαυτῶν
953 2988 1083 3041 Θεὸν
1114 2988 1371 3041 ἱκετεύειν
1400 2990 1528 3059 περὶ
1555 2990 1652 3060 τῆς

1753 2995 1806 3039 et
1847 2986 2155 3056 reipublica:
2184 2993 2357 3038 status
2400 2985 2603 3053 integer
2655 2994 2983 3052 permaneat,
3022 2993 3076 3036 et
3119 2982 3216 3051 ipsi
3246 2982 3296 3035 iu

109 3079 363 3151 σωτηρίας
392 3079 493 3149 τῆς
521 3078 811 3150 ἡμετέρας,
847 3080 941 3131 καὶ
966 3078 1072 3130 τῶν
1102 3078 1393 3148 δημοσίων,
1431 3079 1523 3130 καὶ
1552 3079 1652 3149 τῆς

1754 3078 1867 3131 suis
1882 3075 2171 3129 domiciliis
2198 3090 2317 3128 cum
2337 3078 2484 3127 omni
2506 3075 2795 3127 securitate
2821 3074 3028 3142 possint
3049 3074 3259 3139 degere.
3275 3094 3292 3126 ι

108 3168 319 3233 ἐαυτῶν,
349 3170 434 3223 ἵνα
463 3169 603 3222 κατὰ
641 3170 814 3222 πάντα
842 3168 1038 3241 τρόπον
1068 3170 1159 3219 καὶ¹
1189 3168 1256 3221 τὰ
1282 3168 1514 3238 δημόσια
1549 3187 1651 3221 πα-

110 3250 329 3328 ρασχεθῇ
342 3251 483 3329 ’ὑγιῆ
512 3262 605 3312 καὶ
634 3260 921 3330 άμέριμνοι
954 3259 1049 3329 ζῇν
1081 3260 1137 3311 ἐν
1170 3263 1233 3329 τῇ
1265 3260 1469 3312 ἑαυτῶν
1500 3260 1651 3332 ἐστίᾳ

108 3346 417 3419 δυνηθῶσι.)
465 3350 645 3403 Ταῦτα
685 3352 823 3403 κατὰ
865 3352 961 3419 τὴν
1006 3350 1112 3402 τῶν
1154 3350 1435 3419 Ῥωμαίων
1470 3352 1649 3423 φωνὴν

108 3442 193 3493 ἐπὶ
220 3440 311 3512 τὴν
349 3441 569 3493 Ἐλλάδα
602 3439 843 3508 γλώτταν
872 3440 1010 3491 κατὰ
1040 3440 1099 3492 τὸ
1124 3440 1347 3496 δυνατὸν
1377 3442 1647 3511 μεταὸλη-

108 3530 275 3595 θέντα,
302 3530 487 3586 τοῦτον
520 3530 630 3600 ἔχει
658 3530 745 3582 τὸν
773 3530 988 3601 τρόπον.
1020 3531 1083 3584 Τί
1114 3530 1176 3583 δὶα
1205 3526 1296 3583 οὖν
1325 3530 1417 3582 ἐπὶ
1443 3531 1649 3594 τούτοις

110 3618 320 3683 πίνεται,
354 3617 717 3687 ἐπιθεωρῆσαι
748 3617 953 3687 καιρός.

175 3706 342 3773 Τέλος
353 3707 459 3761 τοῦ
472 3714 521 3775 η’
537 3707 611 3759 λό
620 3727 633 3777 3
642 3723 718 3758 ου
738 3704 841 3774 τῆς
854 3707 1327 3776 ἐκκλησιαστικῆ
1334 3729 1364 3774 ς
1380 3707 1687 3776 Ἱστορίας.

111 3892 192 3943 T0
244 3890 341 3942 ΩΣ
398 3888 681 3941 ΛΕΙΠΟΝ
747 3887 845 3938 ΕΝ
916 3887 1115 3938 ΤΙΣΙΝ
1168 3889 1658 3942 ΑΝΤΙΓΡΑΦΟῙΣ

416 4036 423 4047 ,
494 3978 593 4029 EN
634 3978 727 4045 ⁹γρ
776 3976 1007 4044 ΟΓΔΟῼ
1045 3976 1251 4043 ΛΟΓῼ.

184 4117 314 4185 Ἀλλ’
352 4119 381 4169 ὁ
411 4115 509 4186 μὲν
547 4115 644 4184 τῆς
687 4114 900 4185 γραφῆς
931 4112 1101 4174 αἴτιος
1147 4110 1282 4181 μετὰ
1312 4129 1409 4181 την
1448 4112 1653 4164 τοιάνδε

108 4210 385 4279 ὁμολογίαν
423 4207 620 4261 αὐτίκα
658 4208 751 4259 καὶ
796 4206 894 4258 οὐκ
926 4207 1005 4267 είς
1041 4205 1245 4274 μακρὸν
1296 4202 1403 4256 τῶν
1432 4204 1656 4273 ἀλγηδό-

1755 3170 1878 3224 Haec
1904 3185 1970 3223 ex
1997 3168 2183 3222 Latina
2218 3168 2399 3235 lingua
2425 3169 2475 3220 in
2498 3166 2743 3221 Graecum
2768 3182 3066 3223 sermonem
3092 3184 3120 3220 τι
3150 3168 3301 3221 nobis

1752 3272 1912 3330 prout
1940 3260 2214 3328 potuimus
2246 3258 2526 3319 translata,
2576 3258 2646 3309 ita
2682 3273 2741 3311 se
2768 3258 2983 3313 habent.
3020 3257 3146 3323 Qua:
3177 3273 3301 3310 vero

1752 3354 1989 3421 posthaec
2027 3352 2317 3404 subsecuta
2356 3360 2503 3411 sunt,
2531 3365 2669 3401 nunc
2698 3357 2909 3416 tempus
2929 3359 3012 3403 est
3036 3358 3097 3401 ut
3122 3347 3299 3400 consi-

1753 3444 2027 3496 deremus.

1834 3708 1983 3763 Finis
2010 3710 2128 3762 libri
2153 3708 2329 3762 octavi
2348 3706 2594 3761 Historia:
2614 3708 3022 3761 ecclesiasticas.

1762 3885 1931 3959 317.
1961 3854 2058 3959 ιιν.
2086 3879 2513 3959 semesae!!!
2536 3877 2752 3959 I335?!
2765 3876 3302 3959 ’τρέψαις

1832 3946 2058 4017 ρυλε]
2118 3947 2726 4003 sumussumus
2783 3946 2981 3999 1.13m
3039 3948 3297 4001 ocuw

1832 4018 2277 4076 ιιιςριςιυτωι.

1834 4116 2029 4168 Verum
2070 4122 2256 4165 auctor
2294 4106 2451 4174 hujus
2484 4106 2640 4159 edicti
2672 4114 2790 4172 post
2824 4106 3119 4172 hujusmodi
3173 4124 3305 4164 con-

1762 4204 2045 4257 fessionem
2082 4204 2338 4254 continuo
2380 4198 2487 4249 vita
2520 4196 2678 4249 simul
2712 4213 2773 4248 ac
2812 4196 3085 4251 doloribus
3110 4199 3294 4254 libera-

106 4319 207 4353 ’.ων
241 4298 593 4365 ἀπαλλαγεὶς,
638 4298 988 4369 μεταλλάττει
1032 4297 1121 4349 τὸν
1166 4296 1297 4366 βίον.
1348 4296 1546 4348 Τοὺτον
1590 4295 1652 4366 δὴ

1764 4307 1847 4348 tus
1879 4304 1984 4347 est.
2012 4292 2164 4345 Hunc
2195 4293 2429 4359 primum
2458 4288 2774 4341 miserandae
2814 4287 2956 4341 illius
2985 4295 3307 4357 persecutio-

107 4390 254 4457 Λόγος
282 4392 394 4461 ἔχει
429 4391 641 4461 πρῶτον
674 4391 843 4442 αίτιον
876 4389 974 4459 τῆς
998 4388 1091 4439 τοῦ
1123 4387 1359 4458 διωγμοῦ
1390 4388 1656 4456 καταστῆ-

106 4498 189 4531 ναι
222 4482 530 4551 συμφορᾶς,
570 4481 648 4533 ἐτι
686 4480 850 4533 πάλαι
879 4480 986 4558 πρὸ
1012 4480 1109 4549 τῆς
1138 4478 1244 4531 τῶν
1280 4478 1477 4530 λοιπῶν
1505 4478 1655 4547 βασι-

108 4572 237 4623 λέων
264 4573 546 4642 κινήσεως,
578 4574 702 4635 τοὺς
734 4573 789 4624 ἐν
828 4570 1131 4641 στρατείαις
1156 4571 1527 4642 Χριστιανοὺς,
1562 4570 1655 4622 καὶ

106 4658 349 4730 πρώτους
380 4679 442 4729 γε
475 4664 725 4715 ἁπάντων
758 4665 882 4725 τοὺς
913 4662 1004 4715 ἐπὶ
1029 4660 1122 4714 τοῦ
1154 4661 1286 4713 ἰδίου
1312 4661 1459 4713 οἴκου
1488 4677 1656 4731 παρα-

106 4748 321 4817 τρέπειν
347 4750 780 4820 ἐκϐεὖιασμένον,
810 4752 903 4805 καὶ
939 4753 1063 4813 τοὺς
1099 4750 1197 4820 μὲν
1221 4750 1320 4819 τῆς
1344 4767 1656 4820 στρατιωτι-

106 4837 205 4907 κῆς
232 4836 382 4900 ἀξίας
414 4841 791 4905 ἀποκινοῦντα,
827 4843 951 4905 τοὺς
976 4841 1031 4894 δὲ
1063 4842 1360 4911 ἀτιμότατα
1398 4838 1655 4909 καθυϐρί-

105 4930 284 4993 ζονταη
320 4928 418 4997 ήδη
454 4930 512 4982 δέ
551 4926 644 4983 καὶ
682 4932 907 4985 θάνατον
946 4933 1152 5007 ἑτέροις
1187 4930 1527 5002 ἐπαρτῶντα,
1561 4932 1655 4982 καὶ

103 5017 399 5087 τοῦσχατόν
437 5037 499 5088 γε
537 5022 662 5084 τοὺς
688 5024 784 5093 τῆς
830 5023 1100 5094 βασιλείας
1134 5025 1419 5086 κοινωνοὺς
1452 5024 1543 5076 ἐπὶ
1564 5022 1655 5075 τὸν

106 5196 175 5267 tis
203 5192 407 5267 Galerii
432 5233 446 5253 ,
481 5194 675 5267 tertius
700 5206 903 5250 tantum
936 5199 1034 5253 fuit
1076 5200 1287 5255 Licinii.
1336 5201 1488 5267 Quod
1531 5215 1659 5253 vero

106 5266 170 5336 ad
196 5261 758 5336 cgnstllaltthLicinii
787 5269 997 5336 attinet.
1028 5270 1145 5336 ejus
1174 5261 1379 5323 mentio
1405 5272 1463 5323 fit
1492 5272 1544 5323 in
1560 5270 1660 5323 Fa-

104 5335 206 5409 stis
231 5330 502 5409 Prosperi,
532 5329 830 5409 Cassiodori
850 5346 914 5409 ~_et
950 5329 1191 5401 Victorii,
1226 5341 1276 5390 in
1308 5342 1503 5404 quibus
1527 5354 1659 5391 con-

102 5402 186 5454 sul
224 5400 447 5474 ponitur
490 5415 611 5449 cum
650 5400 972 5474 Maximiano
1019 5410 1153 5474 Aug.
1208 5400 1377 5471 octies
1421 5409 1661 5470 consule,

106 5475 209 5523 hoc
238 5471 361 5544 ipso
378 5481 537 5544 _anno
566 5482 669 5544 quo
694 5471 1346 5544 scriptumest'édictum.
1377 5474 1513 5539 Olim
1548 5478 1666 5544 qui-

103 5544 225 5593 dem
268 5539 319 5588 in
367 5536 903 5591 AnnOIationibus’ad
948 5542 1124 5597 Amm.
1166 5536 1533 5596 Marcellinum
1565 5536 1667 5595 bb-

104 5619 461 5678 servaveram
509 5603 771 5657 Licinium
821 5622 847 5658 a
892 5607 1107 5678 Galerio
1138 5613 1434 5678 Augustum
1464 5613 1664 5665 factum

107 5680 309 5735 fuisse.
343 5673 495 5736 paulo
526 5683 651 5729 ante
682 5685 903 5729 mortem
929 5676 1125 5733 Galerii
1151 5696 1166 5743 ;
1195 5673 1352 5746 idque
1380 5695 1446 5735 ex
1482 5696 1545 5734 eo
1574 5696 1667 5746 po—

1762 4385 1848 4437 nis
1892 4392 2163 4435 auctorem
2202 4380 2367 4432 fuisse
2415 4379 2595 4431 ferunt
2631 4396 2643 4429 :
2682 4376 2879 4443 quippe
2915 4378 3003 4443 qui
3051 4379 3138 4431 ditt
3184 4389 3308 4434 ante

1762 4476 2004 4544 reliquos
2054 4473 2410 4541 imperatores
2440 4509 2454 4531 ,
2502 4467 2843 4544 Christianos
2867 4469 2954 4535 qui
2988 4468 3036 4519 in
3073 4472 3305 4523 exercitu

1765 4566 2115 4627 militabant,
2165 4577 2228 4615 ac
2275 4562 2573 4631 praesertim
2614 4574 2707 4614 eos
2738 4540 2843 4626 quit
2876 4560 2927 4611 iu
2972 4557 3165 4627 palatio
3210 4575 3307 4615 suo

1762 4657 2137 4719 versabantur,
2163 4668 2259 4723 per
2294 4654 2397 4705 vim
2442 4647 2760 4704 abducere’a
2798 4649 3050 4717 religione
3090 4662 3184 4699 sua
3216 4662 3306 4700 co-

1763 4759 1923 4803 natus
1970 4749 2040 4802 sit
2072 4765 2086 4800 :
2116 4757 2173 4801 et
2221 4747 2353 4800 alios
2395 4743 2606 4813 quidem
2656 4743 2723 4797 ab
2757 4741 2960 4794 honore
2992 4738 3191 4791 militiae
3224 4753 3307 4790 re-

1764 4840 2037 4903 moverit,
2073 4839 2205 4893 alios
2244 4854 2373 4891 vero
2419 4838 2567 4893 omni
2598 4832 2931 4889 contumeliae
2965 4840 3154 4897 genere
3182 4825 3308 4879 aﬂe-

1760 4932 2208 5000 cerit:quosdam
2237 4931 2399 4985 etiam
2436 4937 2607 4982 morte
2647 4923 2948 4985 mulctarit;
2985 4918 3193 4971 tandem
3223 4920 3309 4971 ἀοι

1763 5026 1929 5095 nique
1965 5023 2199 5093 collegas
2226 5037 2353 5083 suos
2392 5032 2447 5074 et
2482 5019 2689 5088 imperii
2721 5008 3091 5069 consortesad
3122 5022 3308 5061 omnes

1764 5197 2029 5249 tissimum
2072 5194 2385 5263 colligebam
2405 5231 2420 5255 ,
2451 5192 2590 5257 quod
2610 5186 2879 5263 __Gale_riu_s
2910 5182 2971 5262 in
2994 5178 3186 5263 edicto
3218 5179 3307 5262 illo

1764 5248 1968 5331 dequo
2001 5248 2143 5317 nunc
2171 5248 2350 5316 εὲτιιιο
2381 5248 2496 5331 ξεί,
2532 5258 2726 5331 nullam
2757 5251 2942 5304 Licinii
2974 5248 3304 5331 college-"sui

1765 5318 2088 5386 nieu'tiunem
2122 5332 2356 5383 fecisset.
2380 5318 2489 5381 Sed
2508 5342 2625 5375 cum
2653 5325 2703 5373 in
2724 5318 3095 5383 tnanuscriptis
3110 5319 3308 5369 codici-

1761 5404 1878 5462 bus,
1904 5411 1957 5453 et
1980 5400 2115 5465 apud
2142 5399 2495 5463 Nicephorum
2519 5391 2754 5465 Licinius
2770 5390 3041 5465 Aug-ustus
3060 5386 3109 5465 in
3132 5388 3307 5439 edicto

1763 5454 2073 5524 illo'Gale'rii
2133 5454 2458 5525 nominetur,
2496 5462 2599 5512 ruit
2636 5456 2944 5525 nostragilla
2976 5454 3302 5522 cotijectura.

1830 5523 1939 5605 (96)
1988 5534 2315 5605 ηλεονεξία
2350 5523 2708 5605 Δκατεσχήῃςςι
2752 5523 2848 5605 καί
2894 5523 3067 5605 firma
3117 5540 3305 5605 καζει-

1760 5592 1957 5673 λῆφεὶ.
2004 5604 2094 5655 Sic
2128 5592 2573 5673 legitur‘incodd.
2617 5594 2855 5673 Mazihet
2894 5592 3056 5673 μεάη
3112 5599 3307 5661 qum,”

1766 5661 2032 5732 consentit
2060 5661 2218 5727 codd.
2254 5666 2389 5724 Fuit.
2417 5675 2472 5719 et
2499 5663 2624 5719 Suv.
2652 5674 2703 5719 et
2732 5661 3083 5731 Nicephorus.
