3938 6344
666 229 769 285 807

1362 227 1627 285 EUSEBll
1666 222 2140 281 CESARIENSIS
2179 220 2327 276 OPP.
2372 218 2547 275 PARS
2582 219 2627 272 l.
2771 213 3154 272 RISTOBICA.
3753 210 3833 261 κω

666 351 779 403 cias
808 346 1011 416 imperii
1043 344 1337 407 Maximini,
1368 344 1735 412 ipsojubente,
1763 341 2027 410 dirigunt;
2072 352 2218 389 man-

2320 332 2715 401 διαπέμπονται
2753 328 2849 398 τὴν
2873 327 2961 379 ὑπ’
2991 323 3148 377 αὑτὸν
3171 322 3360 393 ἀρχὴν,
3390 319 3478 373 διὰ
3506 319 3836 416 προγραμμά-
3864 312 3875 339 ’ν

667 443 851 493 dantes
883 454 974 506 per
1006 437 1213 490 litteras
1233 476 1248 499 ,
1272 447 1321 489 ιι·
1356 436 1552 503 ubique
1582 434 1815 486 locorum
1848 441 1953 483 tam
1984 432 2035 483 iu
2066 430 2211 495 agris

662 546 824 600 quam
861 532 911 582 iu
945 530 1256 583 civitatibus
1291 527 1506 595 publice
1552 533 2009 594 proponerentur;
2051 534 2215 590 utque

666 623 1017 688 ludimagistri
1073 636 1168 691 pro
1217 619 1433 673 dictatis
1479 617 1592 671 bmc
1621 615 1971 670 declamanda
2000 624 2051 667 et
2098 628 2213 666 me-

666 714 847 767 moriae
880 711 1304 765 commendanda
1340 709 1521 777 pueris
1573 710 1864 760 traderent.
1907 705 2035 770 Qua:
2081 704 2213 755 dum

667 807 737 857 ita
784 813 1062 870 geruntur,
1108 803 1213 855 dux
1266 801 1482 868 quidam
1527 798 1579 849 in
1617 798 1747 851 urbe
1794 796 2078 849 Phoenices
2112 792 2214 844 Da-

664 911 842 949 masco
868 936 881 956 .
915 909 1035 947 cum
1085 894 1320 959 impuras
1365 890 1547 944 nescio
1593 903 1728 957 quas
1762 884 2108 939 mulierculas
2145 896 2213 934 ex

662 987 779 1038 loro
808 984 1092 1050 rapuisset.
1124 988 1390 1035 tormenta
1424 995 1481 1032 se
1508 978 1639 1046 ipsis
1665 977 2004 1028 admoturum
2040 971 2210 1024 mina-

662 1083 767 1135 tus,
796 1087 861 1125 eo
890 1071 1113 1124 miseras
1142 1070 1342 1137 adegit,
1375 1078 1433 1121 ut
1470 1066 1682 1135 publice
1719 1064 1883 1118 editis
1928 1062 2067 1129 apud
2098 1068 2213 1113 acta

663 1157 983 1211 testimoniis
1025 1158 1333 1210 latereutur
1385 1168 1442 1207 se
1473 1153 1600 1206 olim
1638 1152 1978 1206 Christianas
2011 1149 2175 1202 fuisse
2198 1187 2213 1211 ,

654 1259 715 1303 et
759 1247 1081 1315 ﬂagitiorum
1126 1259 1245 1311 qua:
1289 1258 1318 1295 a
1368 1241 1691 1296 Christianis
1738 1251 2056 1312 gererentur
2082 1255 2215 1293 con-

660 1341 801 1394 scias
821 1353 941 1391 esse
972 1355 985 1390 :
1015 1351 1107 1389 eos
1135 1336 1187 1388 in
1217 1334 1346 1402 ipsis
1370 1334 1572 1387 aedibus
1601 1334 1773 1387 sacris
1797 1333 2029 1386 obscena
2054 1331 2210 1403 351

661 1430 900 1497 quadam
947 1436 1257 1495 perpetrare
1308 1433 1717 1490 asseverantes,
1773 1430 1827 1476 et
1886 1437 2217 1491 quaecunque

662 1522 765 1575 alia
788 1520 853 1573 ad
884 1518 1246 1571 infamandam
1280 1516 1590 1583 religiooem
1622 1525 1861 1570 nostram
1891 1513 2105 1569 eﬂ'uti-re
2125 1529 2217 1569 eas

661 1614 769 1664 dun
806 1610 1074 1671 \voluerat.
1112 1608 1309 1661 Harum
1361 1609 1526 1677 igitur
1571 1607 1851 1660 mulierum
1904 1605 2213 1660 testimonia

2314 440 2421 475 των
2453 419 2959 492 παρακελευόμενοι,
2991 414 3128 468 κατὰ
3165 415 3337 467 πάντα
3364 412 3527 464 τόπον
3560 406 3755 479 ἀγρούς
3790 425 3836 459 τε

2316 515 2409 566 καὶ
2453 513 2654 575 πόλεις,
2694 514 2750 563 ὲν
2790 511 3011 578 ἐκφανεί
3044 506 3211 559 ταῦτα
3252 508 3363 566 τοῖς
3401 505 3567 554 πᾶσιν
3608 499 3835 560 ἐκθεῖναι,
3886 499 3891 561 j

2315 608 2425 667 τοῖς
2456 621 2515 655 τε
2547 604 2699 657 παισὶ
2732 604 2854 664 τοὺς
2880 595 3513 671 γραμματοδιδασκάλους
3548 592 3667 645 ἀντὶ
3693 592 3838 660 μαθη-

2321 695 2501 763 μάτων
2538 692 2707 745 ταῦτα
2753 692 2976 761 μελετᾷν
3003 690 3095 741 καὶ
3127 688 3215 741 διὰ
3247 690 3461 757 μνήμης
3485 686 3727 753 κατέχειν
3756 701 3838 735 πα-

2322 783 2604 853 ραδιδόναι.
2659 776 2757 833 Ὧν
2802 780 2985 833 τοῦτον
3040 778 3463 847 ἐπιτελουμένων
3508 773 3599 827 τὸν
3647 774 3836 843 τρόπον,

2317 875 2500 943 ἕτερος
2532 873 2999 943 στρατοπεδάρχης
3026 871 3084 923 ὃν
3110 871 3276 923 δοῦκα
3314 870 3570 939 Ῥωμαῖοι
3603 882 3838 937 προσαγο-
3894 886 3895 907 1

2322 962 2584 1033 ρεύουσιν,
2618 961 2719 1014 ἀνὰ
2739 963 2836 1030 τὴν
2869 960 3153 1030 Δαμασκὸν
3179 961 3275 1030 τῆς
3310 959 3559 1027 Φοινίκης
3599 958 3840 1027 ὲπίρῤητά

2316 1070 2438 1106 τινα
2478 1053 2802 1123 γυναικάρια
2835 1052 2894 1115 ὲξ
2927 1054 3128 1124 ἀγορᾶς
3151 1053 3469 1122 ἀνάρπαστα
3497 1052 3741 1120 ποιήσας,
3767 1048 3841 1116 βα-

2321 1145 2510 1206 σάνους
2568 1145 2755 1206 αὑταῖς
2815 1142 3089 1211 ἐπιθήσειν
3143 1140 3388 1210 ἠπείλει,
3440 1140 3616 1207 λέγειν
3674 1139 3841 1209 ἐγγρά-

2323 1252 2436 1301 φως
2467 1233 2577 1303 (20)
2608 1230 3015 1299 ἐπαναγκάζων,
3040 1232 3114 1293 ὡς
3145 1230 3208 1299 δὴ
3244 1231 3429 1299 εἴησάν
3456 1246 3587 1281 ποτε
3616 1229 3840 1298 Χριστια-

2324 1326 2430 1388 ναὶ,
2475 1304 2757 1377 συνειδεῖέν
2801 1340 2861 1375 τε
2901 1322 3079 1384 αὐτοῖς
3124 1321 3557 1391 άθεμιτουργιας,
3595 1323 3650 1373 ὲν
3690 1322 3839 1381 αὐτοῖς

2316 1432 2375 1468 τε
2408 1419 2516 1477 τοῖς
2535 1415 2826 1485 Κυριακοίς
2850 1412 3105 1483 πράττειν
3133 1412 3323 1474 αὐτοὺς
3348 1412 3416 1464 τὰ
3446 1412 3732 1473 ἀκόλαστα,
3768 1411 3839 1462 καί

2316 1507 2415 1557 ὃσα
2456 1506 2587 1557 ἄλλα
2632 1505 2807 1571 λέγειν
2857 1503 3023 1565 αὑτὰς
3070 1503 3160 1554 ἐπὶ
3211 1501 3426 1571 διαϐολῇ
3471 1500 3567 1552 τοῦ
3609 1501 3839 1569 δόγματος

2319 1596 2505 1665 ἢθελεν
2538 1595 2649 1667 (21)
2674 1613 2686 1625 ·
2717 1588 2790 1647 ὧν
2816 1598 2909 1648 καὶ
2928 1590 3075 1654 οὗτος
3097 1595 3152 1645 ἐν
3184 1592 3533 1661 ὑπομνήμασι
3563 1591 3657 1653 τὰς
3689 1591 3840 1660 φωνὰς

660 1703 796 1754 actis
825 1701 1028 1753 inserta
1051 1738 1068 1762 ,
1098 1699 1203 1752 dux
1253 1698 1533 1753 confestim
1565 1700 1631 1751 ad
1678 1698 2055 1767 imperatorem
2093 1697 2217 1750 mit-

2320 1686 2638 1749 ὲντεθείσας,
2672 1685 2874 1755 βασι.λεῖ
2903 1682 3188 1737 κοινοῦται.
3226 1683 3335 1735 Καὶ
3359 1682 3421 1753 δὴ
3456 1680 3837 1751 προστάξαντος,

662 1792 743 1844 tit.
784 1789 893 1843 Nec.
928 1788 1637 1861 mora,jubentepriucipe,
1686 1786 1741 1840 in
1792 1787 2016 1855 singulis
2066 1786 2218 1840 urbi—

660 1878 759 1932 bus
809 1894 871 1931 ac
922 1878 1052 1931 locis
1103 1880 1214 1930 lucc
1267 1890 1480 1946 quoque
1528 1884 1871 1930 monumenta
1922 1875 2216 1945 publican-

662 1979 766 2023 tur.

1270 2056 1489 2111 CAPUT
1523 2056 1609 2110 Vl.

745 2146 819 2202 De
856 2149 922 2201 iis
954 2149 1043 2212 qui
1072 2142 1191 2200 tunc
1222 2148 1463 2215 temporis
1491 2148 1799 2215 martyrium
1836 2147 2128 2199 subierunt.

726 2301 921 2355 Verum
958 2316 1063 2354 non
1104 2301 1264 2370 longo
1298 2309 1415 2369 post
1448 2309 1690 2369 tempore
1734 2288 1839 2354 dtis
1870 2300 1963 2354 ille
1991 2311 2216 2353 mortem

660 2392 762 2445 sibi
796 2393 907 2458 ipse
936 2391 1279 2444 cousciscens
1303 2430 1318 2454 ,
1354 2388 1715 2453 improbitatis
1765 2402 1876 2441 sua:
1908 2402 2095 2456 premis
2125 2388 2217 2439 de-

660 2483 758 2536 dit.
795 2483 1114 2535 Nostrorum
1158 2495 1287 2534 vero
1328 2478 1464 2548 fuga:
1508 2493 1695 2532 rursus
1746 2488 1799 2531 et
1850 2479 2218 2530 acerbissima:

660 2572 1068 2639 persecutiones
1101 2570 1352 2623 renovari
1400 2570 1615 2635 cmpere
1636 2606 1652 2629 ,
1704 2566 2103 2635 provinciarum
2136 2582 2219 2619 re—

659 2662 899 2714 ctoribus
928 2661 1124 2713 acriter
1153 2668 1346 2712 contra
1398 2672 1493 2710 nos
1520 2656 1959 2726 insurgentibus;
1993 2655 2125 2708 adeo
2163 2664 2219 2709 ut

661 2750 900 2803 nonnulli
932 2750 1023 2815 qui
1070 2750 1121 2802 iu
1151 2762 1317 2802 sacrae
1358 2746 1477 2799 ﬁdei
1527 2747 1909 2814 praedicatione
1953 2746 2219 2799 excellere

661 2841 1007 2902 videbantur,
1050 2839 1425 2908 comprehensi
1457 2838 1662 2905 absque
1714 2836 1819 2889 ulla
1873 2836 2218 2892 miseratione

662 2933 875 3001 capitali
908 2932 1175 2986 sententia
1205 2930 1441 2983 damnati
1474 2930 1694 2984 sint.Ex
1720 2930 1916 2998 quibus
1946 2939 2055 2983 tres
2078 2930 2215 2996 apud

2318 1780 2397 1841 είς
2430 1778 2603 1831 πάντα
2630 1778 2791 1831 τόπον
2817 1778 2908 1830 καὶ⁵
2934 1774 3084 1829 πόλιν
3114 1776 3206 1828 καὶ
3233 1774 3403 1845 ταῦτα
3430 1772 3765 1843 δημοσιοῦται
3784 1771 3840 1825 τὰ

2318 1869 2639 1940 γράμματα·

2840 2047 3227 2099 ΚΕΦΑΛΑΙΟΝ
3268 2048 3355 2113 ς’.

2318 2141 2455 2208 Περὶ
2498 2139 2615 2192 τῶν
2656 2138 2724 2190 ἐν
2765 2137 2912 2201 τῷδε
2959 2138 3038 2202 τῷ
3066 2140 3291 2258 Εχρόνῳ
3343 2134 3843 2205 μεμαρτυρηκότων

2773 2206 2907 2258 (Nic.
2964 2207 3031 2258 ll.
3120 2248 3129 2257 .
3172 2223 3263 2258 vn.
3305 2207 3422 2258 225i.

2773 2206 2907 2277 (Nic.
2964 2207 3031 2259 ll.
3066 2206 3129 2258 Ε.
3172 2223 3263 2270 vn,
3305 2207 3422 2273 '28).

2401 2298 2537 2349 Ἀλλ’
2570 2301 2597 2350 ὁ
2632 2298 2727 2367 μὲν
2758 2299 2853 2349 οὐκ
2883 2300 2960 2359 εἰς
2993 2298 3198 2366 μακρὸν
3225 2296 3475 2367 αὐτόχειρ
3503 2293 3689 2348 ἑαυτοῦ
3713 2310 3842 2362 γεγο-

2318 2388 2423 2451 νὼς
2458 2392 2486 2440 ό
2515 2389 2986 2458 στρατοπεδάρχης
3006 2428 3019 2446 ,
3052 2388 3205 2455 δίκην
3247 2387 3448 2439 τίννυσι
3488 2389 3587 2457 τῆς
3617 2402 3841 2455 κακοτρο-

2318 2478 2466 2540 πίας.
2528 2477 2711 2547 Ἠμῶν
2750 2478 2792 2528 δ’
2841 2474 2906 2531 αὖ
2960 2479 3123 2547 φυγαὶ
3172 2478 3328 2530 πάλιν
3372 2476 3726 2537 ἀνεκινοῦντο,
3768 2475 3842 2529 καὶ

2317 2570 2543 2637 διωγμοὶ
2567 2568 2808 2637 χαλεποὶ,
2833 2570 2939 2622 τῶν
2965 2587 3023 2621 τε
3048 2569 3190 2622 κατὰ
3220 2570 3398 2631 πάσας
3420 2568 3681 2639 ἐπαρχίας
3706 2570 3840 2637 ἡγον-

2323 2662 2494 2731 μένων
2524 2655 2681 2720 αὖθις
2711 2661 2880 2711 δειναὶ
2909 2662 3024 2713 καθ’
3052 2661 3204 2730 ἡμῶν
3235 2661 3652 2722 ἐπαναστάσεις,
3680 2661 3747 2721 ὡς
3770 2657 3841 2712 ιιι(

2317 2768 2466 2813 τινας
2513 2751 2737 2811 ἁλόντας
2768 2751 2874 2803 τῶν
2903 2753 3028 2821 περὶ
3068 2752 3157 2803 τὸν
3205 2752 3343 2805 θεῖον
3377 2752 3532 2820 λόγον
3577 2750 3838 2818 ἐπιφανῶν,

2318 2842 2689 2911 ἀπαραίτητον
2725 2840 2822 2910 τὴν
2865 2842 2956 2892 ἐπὶ
2986 2841 3196 2911 θανάτῳ
3230 2843 3404 2912 ψῆφον
3451 2838 3838 2903 καταδέξασθαι·

2318 2926 2392 2985 ὢν
2421 2936 2565 3003 τρεῖς
2600 2935 2657 2985 ὲν
2693 2931 2894 3003 Ἐμέσῃ
2918 2935 2982 3001 τῇ
3019 2932 3164 2983 πόλει
3194 2934 3287 3000 τῆς
3318 2934 3588 3001 Φοινίκης,
3619 2932 3841 3001 Χριστια-

662 3025 906 3078 Emesam
942 3023 1125 3077 urbem
1163 3021 1445 3075 l'limnices
1471 3021 1815 3074 Christianos
1848 3036 1905 3074 se
1938 3035 2057 3074 esse
2087 3034 2215 3073 con-

2320 3028 2439 3088 νοὺς
2464 3026 2602 3093 σφᾶς
2627 3024 3072 3094 ὁμολογήσαντες,
3098 3023 3297 3092 Θηρίων
3324 3025 3455 3093 βορᾷ
3478 3023 3836 3093 παραδίδονται·

666 3116 813 3179 fessi,
862 3116 1047 3169 bestiis
1094 3114 1441 3181 objiciuntur.
1488 3112 1617 3166 Erat
1652 3113 1791 3165 inter
1832 3113 1931 3166 lios
1965 3111 2216 3166 Silvanus

662 3204 985 3270 episcopus,
1040 3194 1480 3270 decrepitze'jam
1520 3202 1720 3260 anatis,
1766 3203 1857 3267 qui
1908 3214 2003 3267 per
2049 3214 2216 3252 annos

665 3292 1026 3359 quadraginta
1082 3291 1380 3345 sacerdotis
1438 3291 1792 3343 ministerium
1834 3289 2065 3345 obierat.
2114 3289 2217 3342 Per

596 3386 600 3391 ’
667 3385 803 3435 idem
840 3392 1048 3449 tempus
1092 3381 1286 3435 Petrus
1322 3397 1559 3448 quoque,
1587 3381 1677 3447 qui
1708 3381 2084 3433 Alexandrinae
2113 3381 2214 3434 Ec—

665 3473 841 3527 clesia:
870 3489 1076 3525 summa
1108 3487 1229 3525 cum
1258 3473 1413 3525 laude
1451 3472 1699 3539 μτωῐιιὶις
1732 3487 1854 3525 vere
1892 3473 2216 3539 prrecipuum

666 3579 731 3619 ac
761 3564 999 3616 divinum
1032 3564 1403 3632 episcoporum
1429 3565 1593 3617 decus
1618 3604 1632 3627 ,
1661 3578 1781 3616 cum
1807 3565 1874 3616 ob
1905 3565 2068 3617 totius
2094 3562 2216 3616 vita:

668 3654 1116 3716 sanctimoniam,
1150 3662 1259 3705 tum
1292 3655 1360 3706 ob
1392 3651 1622 3705 studium
1665 3669 1727 3706 ac
1756 3653 2001 3721 peritiam
2034 3668 2214 3706 sacra-

667 3761 784 3798 rum
810 3739 1211 3811 Seriplurarum
1238 3761 1253 3808 ;
1306 3744 1508 3796 nullum
1539 3745 1609 3797 ob
1633 3745 1835 3798 crimen
1865 3746 2219 3812 comprehen-

668 3852 779 3898 sus,
816 3846 1009 3905 przeter
1033 3837 1270 3889 omnium
1302 3835 1757 3904 exspectationem
1788 3839 1971 3892 subito
2006 3848 2057 3891 et
2090 3839 2217 3889 abs-

667 3944 770 3995 que
800 3929 901 3981 ulla
934 3929 1194 3997 probabili
1224 3944 1405 3995 causa,
1435 3942 1619 3998 utpote
1658 3930 1943 3983 Maximino
1968 3929 2210 3995 jubente,

667 4019 841 4083 capite
901 4027 1199 4071 truncatur.
1260 4018 1403 4071 ldem
1456 4035 1581 4073 cum
1635 4020 1752 4086 ipso
1800 4020 2034 4087 perpessi
2087 4028 2214 4071 sunt

668 4104 969 4170 complures
1000 4120 1211 4173 quoque
1261 4106 1351 4159 alii
1402 4107 1769 4178 Egyptiorum
1812 4108 2071 4175 episcopi.
2103 4104 2208 4161 Sed

2322 3119 2616 3178 ἐπίσκοπος
2646 3111 2711 3185 ἦν
2741 3116 2799 3167 ὲν
2828 3114 3033 3177 τούτοις
3069 3113 3321 3176 Σιλὸανὸς
3352 3114 3485 3184 (22),
3521 3116 3617 3184 τὴν
3662 3114 3839 3184 ἠλικίαν

2322 3210 2667 3279 ὑπέργηρως,
2718 3210 2774 3260 ὲν
2824 3206 2965 3268 ὅλοις
3016 3205 3157 3257 ἔτεσι
3196 3205 3594 3274 τεσσαράκοντα
3641 3204 3730 3274 τὴν
3756 3204 3840 3255 λεια

2320 3300 2573 3369 τουργίαν
2617 3295 2898 3368 διηνυκὼς.
2933 3296 3087 3349 Κατὰ
3135 3295 3191 3348 δὲ
3225 3293 3313 3348 τὸν
3354 3295 3515 3347 αὑτὸν
3553 3296 3730 3365 χρόνον
3768 3295 3841 3346 καὶ

2326 3388 2526 3460 Πέτρος
2587 3389 2695 3441 τῶν
2758 3388 2876 3440 κατ’
2954 3386 3349 3457 Ἀλεξάνδρειαν
3415 3385 3523 3454 (9.5)
3578 3383 3839 3453 παροικιῶν

2286 3478 2560 3547 ηπροστὰς
2621 3477 3050 3545 ἐπιφανέστατα,
3106 3476 3245 3528 θεῖον
3292 3476 3599 3526 ἐπισκόπων
3662 3472 3837 3542 χρῆμα.

2326 3567 2437 3635 βίου
2466 3568 2664 3637 ἀρετῆς
2694 3585 2749 3620 τε
2774 3568 2933 3619 ἕνεκα
2976 3568 3067 3619 καὶ⁵
3095 3566 3193 3635 τῆς
3222 3566 3328 3618 τῶν
3357 3566 3515 3635 ἱερῶν
3547 3566 3711 3630 λόγων
3739 3580 3837 3615 συν-

2323 3659 2621 3727 ασκήσεως,
2648 3656 2705 3721 ἐξ
2748 3658 3000 3726 οὐδεμιᾶς
3040 3658 3381 3726 άνάρπαστος
3414 3656 3645 3722 γεγονὼς
3673 3652 3837 3708 αἰτίας.

2329 3747 2591 3815 μηδεμιᾶς
2614 3746 2983 3816 προλαϐούσης
3010 3747 3347 3815 προσδοκίας,
3376 3745 3585 3813 ἀθρόως
3612 3742 3740 3794 οὕτω
3766 3740 3839 3791 καὶ

2324 3838 2549 3903 ἀλόγως.
2578 3839 2651 3901 ὡς
2676 3838 2741 3890 ἂν
2760 3836 3059 3904 Μαξιμίνου
3088 3834 3500 3903 προστάξαντος,
3522 3834 3619 3899 τὴν

2323 3926 2712 3994 ἀποτέμνεται,
2747 3926 2842 3975 σὺν
2886 3922 3033 3989 αὑτῷ
3074 3922 3127 3981 δὲ
3168 3921 3261 3971 καὶ
3296 3919 3403 3971 τῶν
3453 3921 3571 3971 κατ’
3605 3918 3838 3985 Αἴγυπτον

2319 4016 2629 4068 ἐπισκόπων
2680 4014 2826 4068 ἄλλοι
2874 4014 3087 4075 πλείους
3128 4011 3319 4063 ταύτὸν
3357 4012 3699 4081 ὑπομένουσι·
3735 4012 3840 4061 Δου-

2317 4107 2500 4170 κιανός
2533 4108 2640 4176 (⁸24)
2670 4096 2729 4159 τε
2752 4107 2889 4175 ἀνὴρ
2912 4104 2980 4156 τὰ
3006 4104 3178 4156 πάντα
3204 4106 3441 4176 ἄριστος,
3468 4104 3567 4175 βιῳ
3590 4120 3648 4155 τε
3672 4104 3838 4171 ἐγκραο

742 4220 851 4290 (90)
882 4219 1088 4298 Λέγειν
1126 4222 1731 4298 ἐγγράφωςηὲΡιιεείηι-εε
1779 4225 2218 4298 Cliristophorso—

2322 4230 2515 4298 tyrlum
2544 4230 2650 4298 jam
2677 4240 2833 4298 supra
2884 4224 3065 4298 retulit
3097 4226 3357 4280 Eusebius
3390 4226 3440 4278 in
3482 4225 3615 4278 libro
3642 4236 3742 4281 vui,
3764 4220 3837 4272 sed

668 4304 770 4343 nus
811 4293 991 4352 vertit,
1044 4304 1396 4342 assevenmter
1432 4295 1617 4345 dicere.
1681 4296 1900 4348 Rectius
1947 4293 2217 4351 Musculus

670 4360 863 4410 tradito
890 4360 1099 4423 scripto.
1129 4360 1337 4422 Longus
1362 4364 1552 4427 scripto
1579 4366 1887 4414 testimonio.
1910 4363 2039 4415 Nam
2066 4369 2217 4417 testi-

672 4434 1044 4500 moniumuon
1089 4431 1257 4500 solum
1294 4443 1443 4500 voce,
1479 4432 1771 4500 sedetiam
1806 4434 2007 4497 scripto
2039 4436 2218 4500 perbi-

669 4498 848 4549 betur.
904 4498 1008 4549 Sed
1062 4498 1257 4565 optime
1318 4496 1538 4549 Rutilius
1580 4496 1962 4562 interpretatur
2016 4496 2051 4554 ε’
2077 4505 2216 4555 Actis

670 4567 921 4637 proﬁteri.
971 4566 1077 4619 lloc
1110 4577 1190 4637 est
1222 4568 1362 4634 quod
1392 4568 1588 4620 dicitur
1617 4569 1667 4619 in
1699 4566 1865 4621 Gesti:
1896 4572 2217 4637 purgationis

671 4634 959 4692 erilmni.
1001 4635 1253 4702 professio
1288 4650 1378 4688 tua
1414 4638 1553 4688 Actis
1591 4642 1769 4689 lueret.

740 4706 852 4825 ῗι)
892 4707 1151 4759 Ἦθελεν.
1201 4705 1293 4757 Sic
1328 4707 1483 4757 codd.
1518 4707 1653 4759 Med.
1680 4716 1734 4757 et
1769 4704 1923 4768 Maz.,
1955 4703 2028 4757 ita
2058 4706 2217 4761 etiam
2282 4704 2283 4707 “

740 4794 745 4821 ι
792 4778 995 4825 etiauus
1019 4785 1073 4825 et
1115 4774 1433 4825 Savilianus.
1462 4774 1615 4825 Vulg.
1644 4774 1852 4825 ἤθελον.

668 4772 995 4845 Foketiauus
1019 4785 1073 4825 et
1115 4774 1433 4827 Savilianus.
1462 4774 1615 4840 Vulg.
1644 4774 1852 4845 ἤθελον.

743 4844 850 4913 (22)
892 4844 1310 4905 Ἐπίσκοπος...
1338 4845 1640 4909 Σιλϐανός.
1668 4844 1813 4897 Alius
1841 4844 1925 4896 hic
1950 4852 2031 4913 est
2058 4859 2085 4895 a
2120 4844 2222 4896 Sil-

675 4926 809 4964 vano
834 4912 1115 4981 episcopo.
1145 4914 1209 4963 de
1247 4926 1351 4979 quo
1385 4913 1645 4968 Eusebius
1684 4916 1734 4967 in
1789 4915 1923 4967 libro
1979 4912 2055 4965 De
2085 4929 2221 4964 moro

678 4982 869 5045 tyribus
908 4982 1224 5042 Palwstime,
1257 4995 1373 5046 cap.
1418 4984 1515 5034 ult.
1548 4983 1642 5037 Hic
1684 4984 1823 5037 enim
1882 4982 2085 5035 Emesa:
2114 4982 2224 5048 epi-

674 5064 865 5121 scopus
896 5052 1028 5115 fuit;
1061 5054 1147 5103 ille
1170 5048 1445 5121 GalanuEt
1490 5054 1634 5116 prior
1669 5054 1882 5121 quidem
1922 5054 1971 5104 iu
2001 5051 2225 5103 metallis

676 5114 1108 5194 Palmstinaeguna
1142 5134 1262 5171 cum
1294 5118 1410 5171 aliis
1441 5114 1625 5173 novem
1666 5114 1732 5175 ac
1779 5123 1993 5189 triginta
2026 5132 2227 5187 marty-

679 5187 822 5239 ribus
882 5192 1055 5257 capite
1125 5198 1418 5259 truncatus
1452 5200 1571 5251 est,
1643 5206 1783 5243 anno
1835 5187 2227 5259 persecutimiis

675 5263 881 5333 octavo.
932 5261 1023 5312 llic
1056 5274 1185 5311 vero
1217 5257 1361 5333 apud
1382 5257 1625 5333 Emesam
1671 5261 1729 5333 in
1753 5257 2005 5314 Pbinnice
2045 5258 2229 5311 bestiis

677 5322 911 5397 pbjectus
933 5344 1073 5381 anno
1103 5322 1486 5397 persecutionis
1512 5343 1673 5397 nono.
1705 5330 1773 5381 De
1792 5333 1942 5397 cujus
1965 5329 2228 5397 martyrio

670 5394 782 5458 jam
809 5409 963 5459 supra
1009 5394 1215 5450 locutus
1246 5408 1328 5449 est
1369 5394 1632 5451 Eusebius
1673 5398 1726 5450 iu
1758 5394 1893 5454 libro
1934 5413 2051 5463 vut,
2104 5394 2231 5450 licet

678 5474 784 5510 non
825 5477 919 5513 suo
949 5467 1078 5519 loco.

748 5528 854 5598 (25)
880 5534 1093 5600 Πέτρος
1117 5534 1234 5590 τῶν
1251 5538 1373 5589 κατ’
1402 5533 1855 5602 Ἀλεξάνδρειαν.
1890 5535 2056 5606 Hujus
2086 5549 2228 5589 mar-

2320 4295 2424 4350 tion
2456 4312 2551 4347 suo
2582 4296 2717 4349 loco.
2747 4295 2876 4348 Nam
2910 4296 3042 4347 liber
3072 4312 3186 4353 vui.
3220 4298 3357 4349 ultra
3384 4310 3634 4348 octavum
3666 4306 3835 4361 ann-IIII

2317 4366 2705 4434 persecutionis
2734 4380 2836 4417 non
2873 4367 3227 4434 progreditur.
3268 4367 3458 4419 Petrus
3488 4380 3615 4417 vero
3640 4363 3837 4434 Alexan.

2315 4429 2503 4489 driuus
2547 4449 2733 4501 passus
2778 4429 3037 4487 est—anno
3063 4434 3452 4503 persecutionis
3483 4449 3558 4490 ix.
3592 4442 3646 4503 ut
3671 4429 3837 4503 diserte

2319 4499 2834 4558 aﬂirmat‘Eusebius
2874 4505 2925 4556 in
2960 4499 3076 4558 line'
3096 4506 3186 4558 lib.
3213 4519 3309 4567 vn;
3339 4504 3573 4567 septimo
3605 4499 3836 4555 Kalendas

2321 4574 2650 4633 Decembris.
2698 4584 2753 4625 ut
2790 4574 2979 4643 legitur
3032 4577 3083 4626 in
3115 4567 3832 4643 Excerptis_§hronologicit_a

2320 4644 2595 4711 Scaligero
2628 4643 2802 4695 editis.
2839 4636 3052 4708 Quibus
3084 4636 3354 4711 coa_sentit
3402 4637 3702 4711 Usuardus,_
3743 4636 3836 4687 Ado

2318 4726 2369 4767 et
2446 4708 2647 4783 virtus”
2670 4713 3101 4783 martyrologium
3174 4708 3511 4783 Roiuanurm
3543 4708 3835 4783 (ἔγκειται)

2320 4784 2406 4836 die
2443 4798 2570 4836 xxiv
2607 4772 2917 4835 Novembris
2953 4772 3067 4842 Ejus
3100 4778 3339 4829 natalitia
3377 4776 3672 4829 celebrant.
3697 4772 3834 4842 Porro

2319 4853 2450 4919 Acta
2479 4852 2743 4919 passionis
2781 4851 2920 4919 illius
2948 4838 3041 4902 Ms.
3088 4845 3277 4919 Graece
3300 4847 3675 4919 exstantapud
3701 4843 3753 4896 ﬂ.
3773 4838 3832 4919 ἰ).

2320 4911 2666 4973 Franéiscum
2687 4918 3084 4975 Combeﬂsium.
3102 4916 3191 4978 qui
3207 4912 3277 4968 'ea
3300 4930 3421 4969 cum
3444 4911 3833 4983 aliis-quampltr

2326 4991 2471 5041 rimis
2498 4990 2644 5042 brevi
2680 4989 3038 5055 publicaturus
3068 4990 3171 5036 est.

2396 5056 2505 5127 (24)
2539 5049 2883 5118 Λουκιανός.
2918 5054 3084 5117 Hujus
3118 5054 3436 5127 martyrium
3470 5052 3650 5127 retulit
3692 5049 3830 5127 etiam

2328 5117 2588 5179 Eusebius
2621 5130 2673 5179 in
2706 5130 2843 5177 libro
2874 5137 2989 5181 \‘Ill.
3021 5137 3140 5189 cap.
3176 5117 3275 5187 l3;
3308 5126 3401 5176 sed
3430 5123 3638 5175 turbato
3675 5117 3831 5172 ordine

2302 5202 2645 5261 temporum.
2678 5194 2775 5247 Hic
2808 5202 2980 5261 autem
3006 5191 3312 5245 distinctius
3350 5202 3503 5246 notat
3528 5202 3731 5260 tempus
3743 5194 3831 5261 quo

2330 5256 2466 5325 passi
2484 5276 2609 5316 sunt
2629 5265 2816 5316 Petrus
2829 5270 2881 5313 et
2903 5258 3197 5321 Lucianus;
3219 5278 3408 5329 nempe
3434 5262 3534 5315 sub
3554 5256 3829 5329 Μιιὶίιιιὶιιοι

2330 5344 2432 5381 non
2461 5343 2638 5386 autem
2668 5332 2767 5384 sub
2794 5329 3010 5383 Galerio
3056 5326 3399 5395 Maximiano,
3437 5341 3492 5382 ut
3542 5330 3650 5381 vult
3698 5326 3831 5377 Βετο-

2333 5398 2472 5459 nius,
2502 5404 2578 5469 ad
2625 5414 2819 5452 annum
2862 5396 3055 5469 Christi
3114 5400 3235 5462 5H,
3264 5415 3384 5469 cap.
3428 5400 3479 5453 '5.
3522 5400 3673 5453 Errat
3696 5398 3828 5469 etiam

2336 5468 2470 5518 idem
2496 5468 2772 5530 Baronius,
2822 5468 2913 5534 qui
2945 5468 3085 5521 Petri
3144 5462 3492 5522 Alexandrini
3552 5462 3829 5534 martyrin

2335 5537 2539 5591 confert
2569 5538 2621 5591 in
2648 5527 3062 5591 annum-Christi
3089 5538 3211 5593 510.
3243 5538 3444 5594 Passus
3492 5527 3725 5593 esu-nini
3748 5527 3829 5581 PO-
