3952 6338
679 271 783 327 8ιὸ
1369 263 1629 325 EUSEBII
1669 264 2138 321 CESARIENSIS
2177 264 2211 320 (]

2311 303 2325 318 .
2366 263 2536 320 PARS
2576 265 2616 320 I.
2655 297 2719 308 —
2760 262 3151 322 HISTORICA.
3306 317 3310 322 .
3727 274 3806 327 8!6

684 387 942 457 Deus,qui
964 386 1209 444 Ecclesia».
1241 401 1349 439 sua!
1389 401 1600 454 semper
1639 384 1949 448 auxiliatur,
1983 383 2211 436 insolen-

2311 381 2406 451 τὴν
2435 384 2786 453 προκειμένην
2822 385 3032 453 γραφὴν
3065 382 3183 435 καθ’
3211 381 3362 452 ήμῶν
3405 382 3804 453 διακονουμένων.

685 489 788 533 tem
860 480 1115 533 adversus
1168 493 1262 530 nos
1333 476 1548 546 tyranni
1606 475 1906 542 superbiam
1968 482 2211 541 tanquam

2315 474 2344 524 ό
2379 473 2472 542 τῆς
2513 472 2638 535 ίδῖας
2672 473 2985 557 Ἐκκλησίας
3019 473 3333 545 ὐπὲρμαχος
3368 473 3534 536 Θεὸς,
3575 479 3805 544 μονονουχὶ

684 571 880 639 injecto
933 569 986 623 in
1039 584 1100 624 os
1156 569 1306 620 freno
1349 564 1729 634 comprimens,
1775 562 1934 634 355
1985 564 2218 618 eteleStis

682 677 793 715 suze
823 660 1076 731 potentia:
1117 658 1270 713 nobis
1298 655 1609 724 opitulantis
1658 655 1994 722 praesentiam
2038 655 2215 710 decla-

683 751 837 804 ravit.

1250 835 1472 892 CAPUT
1515 835 1640 891 VIII.

683 928 759 984 De
810 929 888 982 his
935 944 1052 997 qua:
1101 938 1274 994 postea
1316 927 1614 981 acciderunt
1649 936 1756 979 tum
1795 926 1850 978 in
1892 924 2056 992 bello,
2110 935 2217 979 tum

1096 998 1252 1064 [curtis
1285 1013 1347 1048 ac
1375 999 1527 1059 pestis
1557 1006 1800 1062 tempore.
2199 1000 2204 1005 ’

754 1109 884 1166 Nam
916 1109 1114 1164 imbres
1143 1111 1354 1178 quidem
1387 1125 1450 1164 ac
1486 1110 1674 1178 pluviae
1718 1110 1944 1165 hiberno
1981 1118 2219 1182 tempore

687 1201 1044 1254 abundantius
1081 1202 1268 1253 cadere
1313 1211 1507 1268 prmter
1558 1200 1773 1256 solitum
1801 1203 2093 1257 desierunt.
2151 1203 2217 1257 Et

687 1290 954 1359 inSperata
980 1292 1200 1359 contigit
1228 1291 1422 1352 fames;
1451 1304 1610 1359 quant
1635 1291 1825 1344 dein-le
1849 1293 2012 1360 pestis
2031 1294 2217 1348 subse-

683 1391 800 1434 cuta
850 1392 948 1435 est.
999 1382 1196 1435 Praeter
1228 1382 1342 1436 haec
1376 1381 1594 1435 alterius
1629 1381 1906 1445 cujusdam
1936 1384 2102 1437 morbi
2140 1384 2218 1438 vis

681 1473 879 1535 szcviit;
940 1473 1088 1526 ulcus
1134 1473 1380 1525 videlicet
1435 1471 1574 1539 quod
1626 1471 1696 1524 ob
1747 1470 2213 1527 inflammationem

680 1563 1041 1617 carbunculus
1085 1572 1328 1616 vocatur.
1386 1561 1481 1614 Ilic
1522 1561 1758 1624 morbus,
1784 1576 1877 1628 per
1909 1563 2213 1616 universum

678 1670 872 1722 corpus
904 1654 1160 1723 paulatim
1193 1648 1443 1716 serpens,
1487 1651 1667 1716 gravia
1721 1651 1876 1719 aegris
1905 1651 2211 1705 discrimina

678 1744 951 1798 afferebat.
990 1744 1092 1796 Sed
1134 1743 1396 1810 praecipue
1425 1741 1564 1795 circa
1602 1741 1782 1793 oculos
1809 1741 2016 1794 lizerens
2047 1753 2100 1796 et
2131 1743 2208 1796 iu-

679 1836 858 1887 sidcns
882 1834 1107 1891 diutius.
1126 1833 1432 1886 innumeros
1454 1834 1770 1900 promiscuae
1789 1834 1962 1887 artatis
1985 1843 2036 1887 et
2059 1850 2216 1888 sexus

671 1919 970 1977 luminibus
997 1924 1222 1976 orbavit.
1261 1923 1460 1977 Bellum
1494 1926 1708 1992 insuper
1740 1943 1768 1978 a
1807 1937 2036 1995 tyranno
2067 1941 2214 1979 com-

681 2022 878 2065 motum
911 2021 991 2063 est
1017 2011 1274 2068 adversus
1321 2013 1622 2075 Armenios,
1667 2013 1774 2080 jam
1805 2013 1931 2066 inde
1958 2030 1985 2073 a_
2023 2015 2215 2082 priscis

681 2103 1006 2171 temporibus
1047 2103 1249 2156 amicos
1279 2118 1340 2157 ac
1389 2103 1564 2156 socios
1606 2102 1782 2172 populi
1827 2103 2070 2156 Romani.
2114 2103 2212 2169 Qui

678 2209 798 2247 cum
827 2193 1116 2247 Christiani
1148 2194 1244 2263 ipsi
1279 2210 1488 2264 quoque
1543 2204 1724 2250 essent
1769 2207 1821 2250 et
1853 2196 2046 2248 divina:
2085 2195 2211 2250 rcli-

678 2284 851 2352 giunis
878 2285 1296 2348 studiosissimi,.
1338 2286 1446 2340 Deo
1491 2287 1693 2340 invisus
1735 2298 1988 2355 tyrannus
2020 2303 2115 2340 eos
2148 2288 2212 2341 ad

678 2373 1085 2428 simulacrorum
1127 2391 1189 2430 ac
1228 2378 1525 2430 dzcmunnm
1563 2375 1762 2429 cultum
1800 2375 2078 2428 traducere
2121 2388 2214 2441 per

676 2466 780 2517 vim
809 2476 1056 2532 conatus,
1092 2483 1188 2535 pro
1224 2466 1410 2519 amicis
1438 2467 1701 2526 inimicos,
1725 2466 1907 2519 hostes
1932 2479 2028 2532 pro
2055 2465 2215 2519 sociis

674 2554 871 2612 effecit.
910 2558 1031 2612 Hzrc
1075 2559 1236 2627 igitur
1280 2558 1455 2610 omnia
1495 2571 1600 2610 uno
1640 2557 1932 2624 eodemque
1976 2566 2213 2623 tempore

675 2664 798 2704 eum
827 2650 1002 2702 subito
1029 2647 1412 2702 confluxissent
1435 2688 1449 2710 ,
1501 2658 1835 2716 arrogantem
1867 2651 2212 2704 confidentis-

676 2741 796 2794 simi
825 2739 1030 2809 tyranni
1059 2739 1368 2806 jactautiam
1400 2738 1872 2808 c0nl’utarnnt,‘qni
1893 2739 1961 2792 ob
1983 2741 2213 2792 studium

677 2835 730 2888 in
786 2833 1022 2886 colendis
1050 2833 1369 2898 simulacris,
1423 2843 1476 2887 et
1530 2843 1746 2902 propter
1792 2836 2210 2903 persecutionem

679 2933 1000 2985 nostrorum,
1040 2937 1137 2975 nec
1169 2922 1398 2979 famem.
1432 2936 1527 2975 nec
1558 2923 1937 2990 pestilentiam,
1975 2939 2071 2978 nec
2101 2924 2213 2976 bel-

677 3014 783 3065 lum
817 3012 1046 3079 denique
1094 3011 1256 3063 ullum
1297 3011 1408 3064 suis
1459 3011 1786 3079 temporibus
1818 3012 2077 3066 accidisse
2116 3029 2213 3065 au-

676 3104 860 3156 dacter
905 3101 1253 3171 gloriabatur.
1286 3101 1458 3167 Atque
1496 3101 1607 3153 haec
1639 3101 1818 3154 omnia
1849 3103 2034 3155 eodem
2083 3110 2215 3154 tem-

676 3195 822 3261 poris
868 3201 1134 3245 momento
1188 3190 1343 3242 simul
1404 3189 1730 3257 ingruentia,
1791 3173 2213 3259 qua'dam'qnasi

678 3279 935 3346 prommia
998 3279 1320 3330 imminentis
1370 3286 1598 3344 tyranno
1645 3277 1792 3329 exitii
1854 3280 2213 3332 ostentabant.

679 3366 745 3418 Et
781 3365 894 3430 ipse
924 3367 1138 3432 quidem
1183 3367 1232 3416 iu
1287 3363 1425 3416 bello
1477 3363 1736 3419 adversus
1776 3367 2057 3420 Armenios
2112 3381 2214 3419 una
2249 3373 2254 3376 '

480 3479 485 3485 ·
571 3504 576 3510 .
678 3471 798 3507 cum
847 3444 1084 3507 exercitu
1138 3469 1233 3505 suo
1282 3455 1458 3507 varias
1521 3454 1705 3509 clades
1745 3465 1904 3524 atque
1953 3471 2215 3511 mrumnas

678 3544 911 3610 pertulit.
958 3543 1166 3612 Reliqui
1211 3559 1334 3596 vero
1373 3545 1462 3613 qui
1496 3547 1652 3600 urbes
1689 3544 1799 3614 ejus
1837 3548 2062 3614 imperio
2091 3550 2214 3601 sub-

678 3637 816 3688 ditas
849 3636 1170 3698 incolebant,
1199 3636 1336 3689 fame
1368 3638 1523 3690 simul
1552 3651 1614 3691 ac
1645 3637 1947 3706 pestilentia
1981 3641 2215 3708 graviter

675 3727 852 3780 vexati
881 3735 1044 3781 sunt:
1079 3728 1208 3783 adeo
1242 3737 1300 3781 ut
1328 3745 1462 3782 unus
1495 3727 1747 3782 frumenti
1792 3730 2089 3783 medimnus
2133 3730 2214 3785 bis

677 3819 824 3871 mille
855 3827 902 3872 et
929 3820 1233 3887 quingentis
1257 3820 1448 3874 Atticis
1478 3820 1752 3876 drachmis
1791 3823 2207 3874 venundaretur.

678 3910 742 3963 Et
787 3909 1050 3962 innumeri
1101 3910 1312 3978 quidem
1357 3911 1406 3963 in
1451 3911 1691 3974 urbibus,
1753 3909 1927 3979 plures
1985 3925 2112 3964 vero
2158 3911 2210 3964 in

677 4004 818 4071 agris
850 4014 902 4057 et
937 4004 1067 4056 vicis
1093 4003 1288 4070 passim
1312 4005 1606 4057 lnteribaut
1635 4018 1649 4054 :
1682 4001 1734 4056 In
1768 4013 1972 4056 tantum
2007 4014 2062 4054 ut
2087 4017 2213 4055 cen-

676 4093 852 4146 suales
910 4093 1095 4144 tabula:
1159 4093 1281 4145 olim
1333 4093 1534 4158 ingenti
1607 4093 1922 4145 rusticorum
1989 4106 2210 4144 numero

679 4183 914 4250 repletae,
944 4197 1048 4231 una
1079 4196 1239 4248 prope
1271 4181 1427 4233 litura
1466 4181 1655 4233 deletae
1685 4181 1919 4240 fuerint;
1967 4181 2211 4232 omnibus

677 4272 786 4323 fere
815 4280 905 4320 aut
934 4267 1104 4320 victus
1153 4268 1350 4332 inopia,
1396 4277 1484 4319 aut
1517 4267 1782 4334 pestilenti
1827 4269 2014 4318 morbo
2055 4266 2210 4318 simul

2313 563 2411 630 τὴν
2436 561 2525 615 τοῦ
2550 563 2801 634 τυράννου
2843 563 2963 616 καθ’
2990 563 3147 634 ἡμῶν
3175 563 3538 632 ἐπιστομίζων
3576 557 3805 633 μεγαλαυ-

2315 652 2455 720 χίαν,
2504 652 2594 722 τὴν
2637 655 2776 724 ὑπὲρ
2827 654 2982 725 ἡμῶν
3035 654 3278 725 οὐράνιον
3321 653 3484 707 αὐτοῦ
3537 655 3806 726 συμμαχίαν

2315 742 2663 801 ἐπεδείκνυτο.

2686 888 2696 898 ,
2828 837 3214 890 ΚΕΦΑΔΔΙΟΝ
3251 839 3330 890 ιιι.

2315 925 2451 992 Περι
2481 923 2598 977 τῶν
2627 927 2768 979 κατὰ
2793 927 2974 997 ταῦτα
2999 929 3450 996 συμϐεϐηκότων
3475 928 3548 982 ἐν
3571 925 3709 997 λιμῷ
3733 927 3806 982 καί

2741 995 2926 1064 λοιμῷ
2961 997 3058 1049 καὶ
3082 995 3395 1066 πολέμοις.

2384 1106 2445 1156 υἱ
2473 1105 2570 1174 μὲν
2593 1101 2683 1159 οὖν
2712 1105 2769 1172 ἐξ
2793 1106 2944 1170 ἔθους
2973 1108 3081 1178 (37)
3111 1111 3301 1182 ὄμϐροι
3325 1127 3382 1165 τε
3417 1113 3509 1164 καὶ
3528 1109 3694 1171 ὑετοὶ,
3718 1125 3808 1178 χει.

2318 1193 2502 1264 μαδίου
2534 1199 2630 1265 τῆς
2665 1195 2803 1267 ὥρας
2840 1197 3183 1270 ὑπαρχούσης
3202 1241 3215 1264 ,
3261 1194 3356 1272 τὴν
3385 1202 3478 1254 ἐπὶ
3508 1201 3610 1271 γῆς
3639 1203 3812 1271 ἀνεῖχον

2316 1285 2513 1357 συνήθη
2560 1286 2757 1358 φορὰν,
2807 1287 2962 1357 λιμὸς
2999 1289 3046 1340 δ’
3080 1289 3334 1360 ἀδόκητος
3356 1293 3714 1362 ἐπισκήπτει,
3741 1291 3814 1344 καὶ

2313 1377 2494 1446 λοιμὸς
2525 1377 2613 1429 ἐπὶ
2636 1377 2822 1448 τούτῳ,
2858 1378 2949 1431 καί
2973 1396 3112 1442 τινος
3136 1381 3319 1449 ἑτέρου
3347 1385 3662 1452 νοσήματος,
3692 1383 3815 1444 ἕλκος

2313 1465 2367 1518 δὲ
2397 1461 2462 1535 ἦν
2493 1466 2820 1536 φερωνύμως
2838 1466 2930 1519 τοῦ
2949 1466 3221 1536 πυρώδους
3249 1469 3448 1532 ἕνεκεν,
3469 1470 3666 1543 ἄνθραξ
3683 1487 3816 1541 προσ-

2314 1556 2697 1626 αγορευόμενον
2715 1596 2730 1618 ,
2775 1556 3009 1626 ἐπιφορά
3027 1575 3038 1586 ·
3071 1555 3100 1608 ὃ
3128 1557 3246 1610 καθ’
3263 1558 3394 1611 ὅλων
3421 1561 3518 1629 μὲν
3536 1561 3689 1630 ἕρπον
3711 1561 3817 1628 (37‘)

2315 1646 2418 1698 τῶν
2469 1647 2764 1716 σωμάτων,
2817 1648 3112 1718 σφαλεροὺς
3156 1649 3382 1700 ἐνεποίει
3423 1653 3533 1712 τοῖς
3567 1650 3816 1703 πεπονθόσι

2315 1737 2614 1800 κινδύνους,
2660 1738 2721 1789 οὐ
2771 1738 2874 1806 μὴν
2925 1737 3056 1790 ἀλλὰ
3102 1737 3194 1790 καὶ
3236 1737 3374 1790 κατὰ
3422 1739 3529 1791 τῶν
3568 1740 3818 1809 ὀφθαλμῶν

2312 1830 2666 1901 διαφερόντως
2697 1834 2786 1886 ἐπὶ
2827 1833 3072 1885 πλεῖστον
3111 1831 3416 1902 γινόμενον,
3452 1831 3670 1900 μυρίους
3693 1832 3820 1892 ὅσους

2313 1921 2506 1989 ἄνδρας
2545 1922 2659 1992 ἅμα
2689 1923 2875 1991 γυναξὶ
2912 1924 3002 1976 καὶ
3033 1923 3185 1974 παισὶ
3230 1923 3436 1992 πηροὺς
3475 1921 3816 1990 ἀπειργάζετο.

2314 2007 2532 2071 Τούτοις
2560 2013 3050 2080 προσεπανίσταται
3078 2010 3153 2080 τῷ
3174 2010 3418 2081 τυράννῳ
3441 2011 3470 2062 ὁ
3494 2010 3630 2080 πρὸς
3657 2011 3819 2080 ’Δρμε-

2312 2098 2455 2160 νίους
2486 2099 2735 2169 πόλεμος,
2767 2103 2960 2173 ἄνδρας
2984 2103 3043 2166 ἐξ
3071 2102 3293 2173 ἀρχαίου
3319 2102 3500 2170 φίλους
3523 2119 3581 2154 τε
3609 2101 3693 2153 καί⁵
3715 2118 3820 2170 συμ-

2315 2188 2516 2257 μάχους
2562 2189 2843 2259 Ῥωμαίων
2870 2211 2882 2222 θ
2927 2191 3020 2255 οὓς
3047 2193 3138 2245 καὶ
3169 2193 3361 2254 αὐτοὺς
3392 2193 3733 2264 Χριστιανοὺς
3753 2192 3820 2246 δν-

2310 2295 2427 2340 τας,
2460 2281 2551 2332 καὶ
2577 2281 2674 2350 τὴν
2701 2283 2778 2343 είς
2810 2282 2870 2333 τὸ
2894 2283 3044 2336 Θείον
3074 2285 3348 2336 εὐσέϐειαν
3377 2284 3463 2339 διὰ
3495 2285 3717 2356 σπουδῆς
3738 2301 3822 2336 ποι-

2311 2371 2598 2439 ουμένους,
2643 2375 2671 2425 ὁ
2716 2372 2969 2444 θεομισὴς
3010 2375 3245 2438 εἰδώλοις
3287 2375 3432 2429 θύειν
3479 2379 3573 2430 καὶ
3617 2377 3822 2446 δαίμοσιν

2312 2461 2682 2528 ἐπαναγκάσαι
2721 2466 3145 2534 πεπειραμένος,
3177 2466 3399 2538 ἐχθροὺς
3430 2469 3550 2520 ἀντὶ
3580 2469 3732 2537 φίλων
3755 2467 3824 2519 καὶ

2313 2551 2597 2621 πολεμίους
2631 2554 2750 2606 ἀντὶ
2784 2556 3081 2624 συμμάχων
3109 2547 3492 2626 κατεστήσατο.
3541 2559 3756 2627 Ἀθρόως
3777 2558 3821 2626 δὴ

2311 2637 2480 2692 ταῦτα
2526 2640 2700 2693 πάντα
2749 2641 2835 2709 ὑφ’
2876 2643 2970 2693 ἕνα
3016 2643 3108 2692 καὶ
3152 2643 3240 2694 τὸν
3289 2644 3448 2696 αὐτὸν
3497 2647 3825 2715 συρρεύσαντα

2313 2735 2499 2803 καιρὸν
2521 2774 2535 2795 ,
2578 2739 2676 2802 τῆς
2705 2733 2796 2787 τοῦ
2840 2736 3097 2805 τυράννου
3128 2735 3454 2805 θρασύτητος
3480 2738 3578 2806 τὴν
3605 2739 3731 2790 κατά
3753 2737 3825 2790 τοῦ

2314 2823 2454 2874 θείου
2514 2824 2876 2892 μεγαλαυχίαν
2917 2824 3216 2893 διήλεγξεν,
3258 2825 3338 2876 δτι
3380 2825 3442 2895 δὴ
3486 2827 3587 2896 τῆς
3629 2828 3743 2896 περὶ
3775 2827 3825 2878 τὰ

2305 2913 2502 2978 ¹εἴδωλα
2538 2913 2647 2983 (Ἶ8)
2677 2912 2838 2964 αὑτοῦ
2868 2915 3099 2984 σπουδῆς
3121 2913 3210 2966 καὶ
3240 2915 3338 2982 τῆς
3366 2915 3487 2967 καθ’
3521 2915 3672 2986 ἡμῶν
3695 2918 3825 2970 ἕνεκα

2244 3038 2286 3093 C
2319 3002 2647 3072 πολιορκίας,
2685 3003 2756 3072 μὴ
2788 3002 2960 3072 λιμὸν,
2996 3004 3127 3074 μηδὲ
3160 3004 3360 3075 λοιμὸν,
3399 3005 3532 3076 μηδὲ
3578 3007 3679 3078 μὴν
3702 3008 3824 3059 πόλε-

2319 3109 2416 3162 μον
2463 3093 2552 3145 ἐπὶ
2603 3093 2709 3145 τῶν
2765 3094 2923 3148 αὑτοῦ
2977 3095 3240 3165 συμόῆναι
3271 3096 3476 3167 καιρῶν
3523 3097 3822 3170 ἐθρασύνετο.

2314 3182 2494 3236 Ταῦτα
2525 3184 2569 3235 δ’
2595 3181 2684 3236 οὖν
2716 3185 2848 3254 ὁμοῦ
2877 3185 2967 3238 καί⁸
2999 3186 3136 3238 κατὰ
3166 3187 3226 3239 τὸ
3252 3187 3384 3240 αὐτὸ
3409 3188 3692 3241 ἐπελθόντα
3712 3227 3724 3250 ,
3754 3187 3826 3239 καὶ

2313 3276 2409 3343 τῆς
2457 3269 2614 3327 αὑτοῦ
2672 3278 3044 3346 καταστροφῆς
3093 3279 3423 3350 περιειλήφει
3466 3279 3538 3331 τὰ
3583 3276 3823 3350 προοίμια.

2313 3364 2478 3427 Αὐτὸς
2529 3366 2625 3435 μὲν
2666 3362 2756 3419 οὖν
2804 3369 2926 3438 περὶ
2966 3363 3055 3423 τὸν
3105 3369 3236 3441 πρὸς
3279 3371 3594 3440 Ἀρμενίους
3633 3369 3829 3437 πόλεμον

2313 3454 2426 3522 ἅμα
2464 3459 2574 3518 τοῖς
2616 3457 2776 3510 αὐτοῦ
2823 3459 3195 3527 στρατοπέδοις
3234 3465 3610 3524 κατεπονεῖτο,
3644 3462 3751 3522 τοὺς
3783 3458 3826 3509 δὲ

2310 3545 2523 3610 λοιποὺς
2549 3547 2654 3599 τῶν
2682 3549 2779 3612 τὰς
2813 3551 2901 3601 ὑπ’
2929 3551 3085 3603 αὑτὸν
3126 3550 3304 3605 πόλεις
3335 3553 3642 3606 οἰκούντων.
3674 3548 3826 3607 δεινῶς

2311 3637 2337 3686 ὁ
2381 3635 2536 3706 λιμός
2571 3657 2629 3691 τε
2665 3641 2776 3710 ἆμα
2821 3641 2912 3692 καὶ
2944 3641 3128 3710 λοιμὸς
3161 3642 3558 3712 κατετρυχέτην
3596 3643 3728 3710 (59),
3767 3640 3826 3699 ὡς

2311 3727 2424 3789 ἑνὸς
2457 3729 2652 3799 μέτρου
2697 3730 2902 3800 πυρῶν,
2941 3731 3197 3799 δισχιλίας
3224 3731 3313 3783 καὶ
3349 3733 3700 3792 πεντακοσίας
3728 3730 3823 3780 Ἀτ-

2308 3823 2464 3882 τικὰς
2492 3821 3084 3875 ἀντικαταλλάττεσθαι.
3118 3823 3308 3893 Μυρίοι
3336 3824 3433 3892 μὲν
3455 3817 3548 3874 οὖν
3573 3819 3825 3887 ἐτύγχανον

2307 3915 2355 3964 οἱ
2392 3912 2529 3966 κατὰ
2553 3912 2730 3974 πόλεις
2760 3912 3094 3983 θνήσκοντες,
3121 3915 3334 3975 πλείους
3359 3913 3416 3964 δὲ
3440 3912 3640 3963 τούτοιν
3662 3911 3702 3961 οἱ
3728 3910 3825 3960 κατ’

2308 4003 2508 4072 ἀγρούς
2540 4019 2597 4054 τε
2630 4003 2721 4054 καὶ
2753 4003 2968 4072 κώμας,
3015 4004 3089 4065 ὡς
3136 4003 3235 4073 ἤδη
3283 4003 3375 4055 καὶ
3418 4001 3517 4063 τάς
3561 4000 3712 4052 πάλαι
3737 3997 3826 4049 τῶν

2309 4094 2574 4162 ἀγροίκων
2605 4092 2960 4162 πολυάνδρους
2987 4094 3327 4162 ἀπογραφὰς,
3362 4092 3558 4161 μικροῦ
3591 4091 3690 4142 δεῖν
3716 4107 3824 4141 παν-

2307 4181 2431 4251 τελῆ
2464 4182 2652 4233 παθεῖν
2697 4181 2983 4252 ἐξάλειψιν,
3023 4185 3230 4253 ἁθρόως
3266 4165 3448 4251 σχεδὸν
3478 4182 3717 4234 ἁπάντων
3753 4181 3824 4232 ὲν-

2308 4269 2420 4338 δείᾳ
2447 4270 2649 4338 τροφῆς
2679 4273 2769 4322 καὶ
2801 4270 3046 4341 λοιμώδει
3073 4272 3209 4339 νόσῳ
3250 4268 3667 4337 διεφθαρμένων.
3696 4268 3826 4329 Τινὲς

675 4357 994 4426 absumptis.
1032 4356 1256 4421 Quidam
1290 4371 1384 4420 pro
1411 4355 1599 4421 exiguo
1623 4355 1905 4405 admodum
1941 4355 2063 4406 cibo
2088 4357 2207 4406 cba-

2312 4358 2407 4428 μὲν
2438 4354 2526 4410 οὖν
2559 4360 2622 4411 τὰ
2662 4362 2865 4414 ἑαυτῶν
2901 4362 3125 4429 φίλτατα
3161 4359 3496 4428 βραχυτάτης
3523 4362 3712 4426 τροφῆς
3734 4361 3824 4420 τοῖς

676 4449 886 4502 rissima
921 4446 1140 4516 pignora
1175 4443 1335 4512 356
1367 4443 1804 4510 locupletioribns
1846 4445 2074 4495 vendere
2105 4460 2206 4497 non

676 4539 1012 4592 dubitabant.
1066 4534 1492 4610 Alii,t§stractis
1549 4534 1804 4599 paulatim
1872 4535 2085 4598 prandiis
2149 4551 2210 4588 ac

676 4625 1017 4680 laeultatibus
1083 4623 1212 4684 suis,
1273 4622 1336 4674 ad
1377 4631 1670 4672 extremam
1728 4621 1956 4686 inopiam
2010 4622 2205 4674 redacti

675 4728 817 4771 sunt.
847 4716 953 4769 Nec
982 4713 1200 4767 defuere
1225 4712 1315 4779 qui
1349 4711 1554 4763 modica
1595 4709 1699 4762 feni
1729 4721 1995 4777 segmenta
2027 4712 2206 4764 avulsa

676 4811 1007 4869 mandentes,
1032 4817 1085 4859 et
1111 4807 1284 4859 noxiis
1317 4805 1633 4874 quibusdam
1665 4801 1862 4867 absque
1884 4801 1990 4854 ullo
2020 4803 2210 4854 discri-

675 4903 821 4952 mine
877 4899 1011 4965 pasti
1067 4899 1396 4964 graminibus
1443 4894 1634 4964 quibus
1686 4892 1930 4946 valetudo
1971 4895 2209 4958 corporis

676 4988 1144 5055 corrumpebatur,
1192 4987 1330 5041 foede
1362 4987 1663 5039 interirent.
1709 4982 1811 5036 Sed
1859 4993 1911 5035 et
1960 4984 2207 5036 mulieres

674 5078 914 5147 qumdam
964 5060 1102 5128 inter
1154 5091 1276 5129 suos
1339 5090 1440 5127 non
1487 5072 1766 5140 ignobiles,
1823 5086 1933 5139 prce
1998 5086 2204 5122 summa

675 5176 912 5234 egestate
944 5167 1007 5216 ad
1045 5164 1451 5215 inverecundam
1482 5161 1771 5230 compulsa:
1813 5159 2203 5222 necessitatem,

742 5325 852 5390 (57)
884 5327 945 5376 Ol
965 5323 1079 5390 μὲν
1094 5318 1203 5376 οὖν
1224 5322 1292 5385 ἐξ
1322 5323 1512 5386 ἔθους.
1555 5322 1632 5373 Ab
1659 5322 1738 5373 bis
1775 5321 1948 5373 verbis
1981 5320 2201 5390 inchoa-

676 5385 761 5443 tur
805 5385 851 5442 ο.
884 5394 913 5444 8
937 5385 1034 5451 ,'in
1059 5393 1416 5443 vetustissimo
1442 5385 1706 5443 Mazariuo
1732 5392 1932 5451 codice,
1960 5388 2042 5441 cui
2064 5385 2199 5439 'con-

678 5463 830 5510 sentit
861 5461 1118 5512 cod.Fuk.
1147 5478 1206 5512 ac.
1237 5461 1548 5520 Iinliuus,et
1566 5460 1696 5509 ratio
1717 5461 1824 5523 ipsa
1857 5461 1923 5509 ita
1950 5459 2196 5524 postulat.

749 5529 878 5592 (37')
921 5531 1160 5593 "Epirota
1202 5530 1288 5581 Sic
1319 5531 1650 5595 correximus
1684 5529 1823 5595 quod
1856 5530 1904 5579 in
1943 5529 2096 5592 impr.
2124 5527 2196 5577 le-

680 5597 816 5664 gitur
842 5597 1040 5666 ἕρπων,
1066 5602 1174 5650 sive
1202 5593 1648 5666 errore'typogr"
1683 5593 1792 5651 sive
1816 5596 2192 5664 manuscriptis

2313 4448 2696 4519 εὐπορωτέροις
2729 4451 3054 4519 ἀπεμπολεῖν
3094 4450 3305 4516 ἠξίουν,
3345 4447 3490 4500 ἄλλοι
3519 4449 3573 4500 δὲ
3600 4450 3688 4512 τὰς
3718 4450 3827 4517 κτή⁴

2316 4553 2424 4600 σεις
2454 4539 2589 4590 κατά
2629 4539 2796 4608 βραχὺ
2842 4539 3346 4607 διαπιπράσκοντες,
3394 4541 3474 4600 εἰς
3514 4541 3730 4610 ἐσχάτην
3757 4543 3827 4590 sv.

2312 4628 2456 4690 δείας
2488 4630 2715 4700 ἀπορίαν
2755 4631 3008 4698 ἤλαυνον·
3048 4627 3145 4696 ἤδη
3180 4625 3233 4677 δέ
3264 4643 3406 4689 τινες
3435 4631 3638 4699 σμικρὰ
3662 4631 3825 4700 χόρτου

2311 4716 2740 4787 διαμασσώμενοι
2769 4715 3151 4784 σπαράγματα,
3193 4714 3283 4764 καί
3309 4731 3456 4778 τινας
3479 4719 3690 4787 ἀναίδην
3715 4717 3826 4784 φθοο

2315 4807 2559 4874 ροποιοὺς
2591 4803 2852 4864 ἐσθίοντες
2878 4803 3011 4864 πόας
3029 4841 3042 4862 ,
3071 4802 3167 4870 τὴν
3193 4802 3298 4853 τῶν
3336 4809 3596 4874 σωμάτων
3619 4806 3720 4871 ἒξιν
3747 4808 3825 4856 λυ-

2314 4897 2605 4964 μαινόμενα
2647 4895 2950 4946 διὼλλυντο.
2982 4893 3088 4944 Καὶ
3116 4893 3344 4958 γυναίων
3372 4895 3427 4947 δὲ
3452 4897 3560 4951 τῶν
3593 4897 3719 4950 κατὰ
3747 4895 3828 4946 πό-

2311 4984 2418 5048 λεις
2465 4986 2745 5056 εὐγενίδων
2776 4983 2914 5042 τινὲς
2935 5021 2947 5041 ,
2975 4985 3052 5044 εἰς
3077 4983 3421 5052 ἀναίσχυντον
3450 4988 3683 5056 ἀνάγκην
3710 4985 3826 5054 «pb;

2309 5078 2406 5146 τῆς
2437 5079 2664 5149 ἀπορίας
2698 5074 3018 5133 ἐλασθεῖσαι,
3063 5081 3326 5143 μεταιτεῖν
3369 5080 3459 5131 ἐπὶ
3499 5080 3605 5132 τῶν
3640 5078 3827 5145 ἀγορῶν

2309 5168 2733 5239 προεληλύθεσαν
2757 5203 2770 5226 ,
2812 5164 2908 5232 τῆς
2952 5164 3114 5218 πάλαι
3155 5152 3454 5238 ἐλευθερίου
3495 5171 3689 5238 τροφῆς
3715 5168 3828 5220 ὑπὸ·

2299 5323 2368 5374 ita
2402 5322 2772 5375 exbibeutibus
2835 5319 2992 5374 Εοιτ.

2367 5394 2476 5455 (58)
2512 5394 2637 5443 Ὀτι
2661 5388 2735 5454 δὴ
2769 5387 2876 5456 τῆς
2904 5390 3032 5457 περὶ
3059 5390 3130 5442 τὰ
3157 5390 3388 5442 εἴδωλα.
3411 5390 3588 5444 Malim
3611 5390 3828 5444 scribere

2297 5460 2330 5512 ὅ
2356 5476 2417 5512 τε
2441 5461 2537 5524 δή.

2394 5531 2480 5596 59)
2522 5526 2978 5596 Κατετρυχέτην.
3012 5529 3100 5581 Sic
3164 5529 3214 5579 in
3246 5527 3399 5582 codd.
3436 5526 3596 5591 Han,
3628 5526 3755 5578 Med.
3783 5531 3826 5574 et

2301 5595 2436 5651 Fuit.
2473 5597 2745 5651 scribitur.
2780 5595 2930 5666 Vulg.
2957 5596 3332 5666 κατετρύχετο.
