3952 6338
127 354 227 408 817

1090 364 1438 422 ΗΙΞΤΟΜᾸΞ
1484 367 2034 457 ΕΟΟιΕΞιΑδΤίίὶᾸῑ
2071 368 2198 425 LIB.
2238 368 2331 425 1X.

3190 372 3289 423 818

125 473 339 545 δειγμα,
369 475 456 531 διὰ
493 479 591 549 τῆς
630 481 754 551 περὶ
783 472 844 535 τὸ
884 472 1164 554 πρόσωπον
1201 484 1413 550 αἰδοῦς,
1451 487 1542 538 καὶ
1571 487 1631 556 τῆ

1726 514 1735 547 ι
1766 486 2101 541 mendicandi
2146 502 2305 541 causa
2353 485 2407 539 in
2461 484 2636 541 furum
2669 484 2988 541 ventitabant
3019 500 3035 538 :
3066 500 3288 553 quarum

124 564 266 633 ἀμφὶ
296 567 393 637 τὴν
436 570 719 641 περιϐολὴν
746 574 1094 643 κοσμιότητος
1122 574 1504 643 ὑποφαίνουσαι
1522 594 1535 607 ·
1570 577 1663 628 καὶ

124 656 171 707 οἰ
216 656 315 726 μὲν
352 660 747 731 ἀπεσκληκότες
780 663 964 735 ὥσπερ
1008 666 1198 719 εἴδωλα
1229 666 1394 738 νεκρὰ
1427 661 1531 722 ὧδε
1562 672 1660 723 κά-

124 748 269 798 κεῖσε
312 746 805 819 ψυχορραγοῦντες,
843 754 1162 824 ἐνσειόμενοι
1192 773 1251 808 τε
1291 758 1385 810 καὶ
1426 760 1660 829 περιολι-

124 833 427 901 σθαίνοντες
474 839 564 891 ὐπ’
592 840 887 911 ἀδυναμίας
925 844 1018 897 τοῦ
1068 846 1286 916 στῆναι,
1337 848 1661 902 κατέπιπτον

122 925 177 976 ἐν
209 924 403 994 μέσαις
429 929 547 990 ταῖς
563 928 857 998 πλατείαις,
881 936 1099 1003 πρηνεῖς
1130 934 1173 985 δ’
1200 934 1521 1006 ήπλωμένοι,
1549 939 1660 1010 ὁρέ-

122 1012 204 1076 ξαι
235 1017 385 1084 σφίσι
423 1019 615 1087 μικρὸν
648 1021 847 1090 τρύφος
883 1023 1044 1095 ἄρτου
1090 1030 1531 1098 κατηντιϐόλουν,
1566 1030 1659 1083 καὶ

120 1106 213 1176 τὴν
245 1107 419 1182 ψυχὴν
457 1112 588 1180 πρὸς
611 1115 860 1182 ἐσχάταις
894 1116 1103 1187 ἔχοντες
1137 1121 1442 1188 ἀναπνοαῖς,
1472 1127 1656 1195 πεινῆν

1760 576 2072 630 verecundia
2106 577 2156 630 in
2189 577 2372 641 vultu,
2404 584 2459 631 et
2488 577 2539 628 in
2584 576 2777 629 amictu
2813 575 3069 627 modestia
3090 615 3104 637 ,
3163 575 3287 625 olim

1758 665 1900 733 ipsas
1928 664 2223 724 liberaliter
2253 667 2508 720 educatas
2534 665 2700 718 fuisse
2733 663 2863 722 satis
2907 664 3194 718 indicabat.
3226 665 3289 717 Et

1758 755 1992 809 nonnulli
2022 755 2232 823 quidem
2265 756 2402 809 aridi
2434 763 2493 808 ut
2525 754 2743 809 umbras
2778 762 3102 806 mortuorum
3141 753 3285 805 dice-

1756 862 1861 913 res,
1915 847 2284 902 deficientibus
2329 846 2532 899 viribus
2583 846 2684 897 huc
2723 844 2854 909 illuc
2895 843 3188 897 nutabundi
3222 856 3283 895 ac

1756 936 2116 1005 cespitantes;
2151 951 2270 989 curn
2312 950 2421 1004 pra:
2455 932 2815 988 imbecillitate
2850 934 3143 986 consistere
3179 946 3281 983 non

1755 1034 1988 1096 possent,
2042 1028 2091 1079 in
2140 1025 2332 1078 mediis
2376 1023 2563 1091 plateis
2613 1021 2975 1087 corruebant;
3023 1020 3300 1088 pronique

1755 1116 1898 1170 humi
1953 1114 2191 1183 jacentes
2242 1123 2350 1168 toto
2402 1124 2626 1181 corpore
2686 1125 2952 1179 expanso,
3018 1111 3279 1164 modicum

1751 1206 1905 1274 panis
1959 1204 2183 1259 frustum
2233 1205 2332 1259 sibi
2400 1203 2597 1273 porrigi
2655 1201 2980 1271 ﬂagitabant.
3044 1200 3280 1268 Cumque

118 1197 374 1260 ἐπεϐόων,
402 1201 537 1270 πρὸς
578 1204 743 1275 μόνην
768 1206 965 1278 ταύτην
1003 1210 1099 1279 τὴν
1126 1212 1511 1284 ὀδυνηροτάτην
1548 1232 1657 1283 φω-

1751 1305 2045 1349 extremum
2096 1308 2229 1362 pene
2289 1294 2534 1366 spiritum
2597 1292 2878 1358 ducerent,
2934 1290 3178 1344 laborare
3224 1303 3280 1343 se

119 1284 209 1353 νὴν
246 1286 514 1352 εὐσθενεῖς
544 1290 919 1363 καθιστάμενοι
948 1312 963 1326 ο
1010 1298 1059 1349 οἱ
1102 1297 1158 1350 δὲ
1195 1299 1293 1369 τὴν
1321 1300 1523 1370 πληθὺν
1549 1302 1654 1355 τῶν

117 1373 402 1460 αἰτούντων
432 1380 949 1453 καταπληττόμενοι,
990 1386 1101 1440 ὅσοι
1136 1387 1241 1441 τῶν
1271 1388 1631 1460 εὐπορωτέραν

1751 1385 1923 1439 inedia
1954 1383 2395 1451 vociferabantur,
2427 1385 2492 1437 ad
2524 1384 2659 1436 lianc
2687 1381 2854 1435 solum
2877 1379 3279 1433 acerbissimam

117 1462 326 1515 ἐδόκουν
355 1459 512 1531 εἶναι,
561 1469 696 1538 μετὰ
722 1470 781 1523 τὸ
812 1473 976 1542 μυρία
1009 1478 1320 1545 παρασχεῖν,
1359 1459 1436 1539 εἰς
1473 1459 1631 1548 amvi

1751 1487 1933 1527 vocem
1983 1472 2351 1541 proferendam
2419 1471 2548 1525 satis
2598 1470 2780 1523 validi.
2839 1468 3109 1536 Quotquot
3152 1482 3279 1519 vero

116 1550 292 1604 λοιπὸν
322 1555 417 1607 καὶ
446 1556 700 1625 ἄτεγκτον
732 1561 964 1631 ἐχώρουν
988 1562 1219 1617 διάθεσιν
1237 1604 1252 1629 ,
1285 1566 1351 1619 τὰ
1375 1567 1511 1621 αὐτὰ
1541 1572 1631 1631 τοῖς

1747 1561 2120 1629 locupletiores
2148 1576 2267 1615 esse
2292 1562 2625 1624 videbantur,
2668 1559 3083 1613 mendicantium
3108 1557 3277 1609 ninlti-

114 1642 344 1697 αἰτοῦσιν
374 1646 492 1717 ὅσον
517 1647 665 1701 οὔπω
698 1652 791 1703 καὶ
824 1653 977 1705 αὐτοὶ
1009 1656 1283 1710 πείσεσθαι
1314 1658 1631 1729 προσδοκῶν-

1748 1653 1931 1705 tudine
1978 1650 2366 1722 obstupefaCIi,
2400 1659 2680 1719 postquam
2721 1649 3001 1717 egentibus
3052 1648 3275 1717 plurima

113 1747 229 1794 τες,
263 1732 391 1785 ὥστ’
424 1736 522 1807 ήδη
572 1739 711 1792 κατά
754 1742 922 1811 μέσας
969 1744 1167 1815 ἀγορὰς
1204 1751 1295 1801 καὶ
1347 1750 1631 1813 στενωποὺς

1749 1742 2135 1810 impertierant:
2169 1741 2354 1795 durum
2393 1740 2645 1807 deinceps
2691 1749 2745 1792 et
2775 1739 2951 1791 omnis
2980 1738 3276 1791 miseratio-

111 1824 271 1896 νεκρὰ
293 1827 384 1879 καὶ
410 1829 585 1898 γυμνά
610 1830 829 1901 σώματα
853 1836 936 1903 ἐφ’
959 1836 1188 1907 ἡμέραις
1212 1837 1445 1891 πλείοσιν
1468 1840 1631 1908 ἄταφα

1743 1832 1825 1886 nis
1850 1842 2116 1900 expertem
2130 1831 2361 1885 animum
2379 1829 2695 1894 induebant;
2718 1830 2955 1882 eamdem
2976 1844 3092 1881 cum
3125 1842 3272 1881 meu—

111 1912 489 1985 διερῤιμμένα,
525 1919 649 1973 θέαν
676 1926 783 1986 τοῖς
806 1924 1000 1994 ὁρῶσιν
1036 1928 1382 1999 οἰκτροτάτην
1414 1930 1645 2000 παρέχε-

112 2001 247 2057 σθαι.
284 2006 420 2078 Ἤδη
445 2008 506 2076 γέ
536 2026 617 2063 τοι
640 2012 732 2063 καὶ
770 2012 941 2091 κυνῶν
966 2031 1106 2078 τινες
1128 2008 1368 2083 ἐγίνοντο
1397 2017 1547 2087 βορὰ,
1577 2019 1642 2071 δι’
1676 2026 1679 2027 ⁷

110 2095 171 2163 ην
212 2097 439 2184 μάλιστα
488 2102 662 2155 αἰτίαν
707 2104 755 2156 οἱ
797 2103 992 2168 ζῶντες
1012 2106 1119 2184 ⁸ἐπὶ
1165 2108 1261 2176 τὴν
1302 2109 1641 2177 κυνοκτονίαν

36 2232 37 2239 η
106 2183 410 2252 ἐτράποντο,
440 2187 545 2240 δέει
575 2189 667 2240 τοῦ
702 2189 773 2259 μὴ
797 2183 1165 2263 λυσσήσὰντας
1193 2194 1641 2264 ἀνθρωποφαγίαν

107 2273 449 2340 ἐργάσασθαι.
510 2278 618 2347 Οὐχ
662 2279 856 2348 ἥκιστα
894 2281 951 2333 δὲ
996 2284 1089 2335 καὶ
1140 2285 1166 2335 ὁ
1211 2283 1391 2351 λοιμὸς
1436 2284 1640 2349 πάντας

106 2360 277 2425 οἴκους
299 2366 389 2417 καὶ
413 2368 602 2433 γενεὰς
634 2368 971 2437 ἐπεϐόσκετο,
1002 2371 1229 2440 μάλιστα
1260 2372 1303 2425 δ’
1323 2373 1414 2436 οὓς
1436 2376 1464 2425 ό
1486 2374 1639 2445 λιμὸς

104 2450 185 2504 διά
217 2454 275 2505 τδ
313 2456 559 2527 εὐπορεῖν
590 2459 803 2529 τροφῶν
834 2463 928 2529 οὐχ
967 2457 1074 2525 οἷός
1100 2480 1158 2514 τε
1184 2459 1248 2533 ἦν
1276 2464 1543 2534 ὲκτρίψαι.
1576 2468 1637 2520 Ol.

105 2541 151 2606 γ’
177 2537 267 2595 οὖν
307 2546 364 2596 ἐν
411 2550 772 2617 περιουσίαις,
821 2550 1071 2621 ἄρχοντες
1112 2553 1203 2606 καὶ
1246 2555 1503 2623 ἡγεμόνες
1545 2557 1637 2609 καὶ

108 2632 280 2704 μυρίοι
322 2636 429 2689 τῶν
470 2639 527 2691 ἐν
564 2640 724 2704 τέλει,
766 2640 949 2712 ὥσπερ
990 2643 1236 2712 ἐπίτηδες
1283 2646 1345 2714 τῇ
1393 2643 1637 2714 λοιμώδει

102 2720 234 2794 νόσῳ
282 2728 413 2797 πρὸς
453 2729 545 2782 τοῦ
586 2730 753 2801 λιμοῦ,
792 2732 1283 2803 καταλελειμμένοι,
1329 2735 1500 2800 ὀξεῖαν
1542 2738 1635 2789 καὶ

102 2812 374 2886 ὠκυτάτην
400 2820 662 2889 ὑπέμενον
692 2822 942 2891 τελευτήν
960 2841 973 2855 ι
1007 2824 1177 2892 πάντα
1207 2824 1249 2877 δ’
1271 2820 1360 2878 οὖν
1386 2826 1634 2897 οἰμωγῶν

98 2899 161 2975 ἦν
190 2907 426 2962 ἀνάπλεα
447 2949 462 2973 ,
500 2913 640 2965 κατά
679 2914 881 2977 πάντας
907 2933 967 2968 τε
998 2918 1316 2980 στενωποὺς,
1349 2918 1548 2988 ἀγοράς
1572 2936 1632 2972 τε

101 3001 185 3051 καὶ
232 3002 504 3066 πλατείας,
548 3006 655 3057 οὐδ’
682 3003 749 3075 ἦν
797 3008 921 3061 ἄλλο
962 3026 1012 3060 τι
1054 3010 1367 3080 θεωρεῖν,νῆ
1407 3010 1632 3081 θρήνους

103 3089 231 3156 μετὰ
255 3090 361 3144 τῶν
384 3094 620 3164 συνήθων
646 3099 821 3161 αὐτοῖς
853 3099 1025 3153 αὐλῶν
1052 3100 1159 3169 (40)
1185 3117 1243 3151 τε
1270 3102 1361 3155 καὶ
1390 3103 1622 3156 κτύπων.

102 3179 295 3232 Τοῦτον
330 3182 392 3251 δὴ
428 3185 516 3237 τὸν
555 3188 750 3255 τρόπον
787 3189 933 3242 δυσὶν
960 3191 1139 3253 ὅπλοις
1169 3196 1276 3255 τοῖς
1300 3194 1627 3265 προδεδηλω-

104 3269 276 3336 μένοις
311 3272 490 3341 λοιμοῦ
522 3292 579 3327 τε
608 3278 740 3346 ὁμοῦ
785 3281 875 3331 καὶ
915 3280 1072 3349 λιμοῦ
1106 3281 1213 3352 (41)
1246 3285 1570 3353 στρατεύσας
1601 3288 1629 3338 ό

97 3358 334 3423 θάνατος,
379 3364 503 3427 ὅλας
538 3368 594 3418 ἐν
631 3367 793 3437 ὀλίγῳ
835 3371 1023 3437 γενεὰς
1066 3372 1329 3445 ἐνεμήθη,
1374 3375 1447 3437 ὡς
1498 3376 1627 3445 ὁρᾷν

97 3446 189 3516 ήδη
214 3447 355 3501 δυεῖν
379 3454 471 3503 καὶ
500 3453 663 3522 τριῶν
691 3454 910 3523 σώματα
937 3458 1160 3527 νεκρῶν,
1181 3462 1283 3512 ὑπὸ
1312 3462 1438 3531 μίαν
1469 3466 1624 3532 ἐκφο-

98 3535 191 3604 ρὰν
238 3538 668 3608 προκομιζόμενα
721 3543 848 3612 (42).
908 3546 1139 3598 Τοιαῦτα
1188 3551 1282 3617 τῆς
1329 3549 1624 3618 Μαξιμίνου

100 3627 484 3697 μεγαλαυχίας,
531 3632 754 3686 καὶτῶν
800 3635 937 3687 κατὰ
975 3635 1152 3698 πόλεις
1191 3638 1311 3690 καθ’
1339 3640 1488 3709 ἡμῶν
1523 3640 1625 3713 ψη-

95 3718 365 3786 φισμάτων
401 3721 688 3791 τάπίχειρα
732 3717 834 3793 ἦν’
885 3724 971 3774 ὅτε
1019 3725 1108 3776 καὶ
1152 3728 1247 3795 τῆς
1293 3728 1623 3797 Χριστιανῶν

96 3808 215 3875 περὶ
248 3808 420 3861 πάντα
454 3811 682 3881 σπουδῆς
712 3829 770 3865 τε
802 3812 892 3864 καὶ
925 3812 1197 3877 εὐσεϐείας
1226 3817 1386 3869 πᾶσιν
1420 3817 1621 3870 ἔθνεσιν

94 3894 301 3967 διάδηλα
340 3899 570 3972 κατέστη
611 3902 676 3953 τά
716 3904 1001 3973 τεκμήρια.
1036 3903 1198 3956 Μόνοι
1227 3903 1355 3971 γοῦν
1389 3906 1445 3957 ἐν
1476 3908 1621 3976 τηλι-

92 3988 257 4060 καύτῃ
285 3990 465 4043 κακῶν
494 3992 804 4063 περιστάσει
827 3992 886 4046 τὸ
910 3992 1185 4063 συμπαθὲς
1213 3995 1304 4047 καὶ
1330 3995 1621 4066 φιλάνθρω-

94 4092 182 4130 πον
206 4078 382 4150 ἔργοις
412 4082 589 4145 αὐτοῖς
612 4083 1050 4162 ἐπιδεικνύμενοι,
1080 4085 1165 4138 διὰ
1196 4084 1369 4154 πάσης
1392 4087 1616 4158 ἡμέρας,

91 4169 133 4216 αἱ
180 4170 278 4238 μὲν
322 4173 388 4241 τῇ
434 4172 542 4225 τῶν
572 4173 901 4243 θνησκόντων
945 4176 1220 4247 (μυριάδες
1263 4177 1306 4228 δ’
1338 4174 1506 4247 ἦσαν,
1540 4174 1618 4242 οἷς

90 4254 226 4321 οὔτις
246 4256 315 4329 ἦν
333 4263 363 4314 ό
393 4263 863 4334 ἐπιμελησόμενος)
891 4266 1075 4337 κηδείᾳ
1097 4283 1154 4319 τε
1182 4267 1273 4319 καὶ
1296 4270 1436 4339 ταφῇ
1464 4286 1621 4338 προσ.

90 4352 435 4424 εκαρτέρουν,
479 4359 529 4409 ot
559 4357 615 4409 δὲ
651 4358 759 4411 τῶν
800 4358 903 4413 ἀνὰ
945 4361 1121 4413 πᾶσαν
1160 4361 1257 4432 τὴν
1295 4362 1446 4414 πόλιν
1484 4360 1619 4432 πρὸς

1742 1921 2045 1975 dicanlibus
2068 1922 2425 1975 calamitatem
2460 1919 2560 1988 ipsi
2598 1934 2809 1988 quoque
2834 1920 2980 1973 brevi
3005 1934 3060 1971 se
3085 1934 3273 1987 passu-

1742 2028 1828 2067 ros
1865 2026 1984 2067 esse
2013 2012 2380 2081 prtevidentes.
2409 2011 2594 2079 Itaque
2625 2010 2676 2063 in
2725 2010 2899 2064 medio
2930 2012 3043 2064 foro
3090 2018 3144 2063 et
3182 2025 3274 2078 per

1741 2105 1885 2158 vicos
1908 2104 2311 2171 etangiportus,
2341 2101 2483 2153 nuda
2509 2108 2669 2167 atque
2704 2099 2963 2166 insepulta
3013 2102 3271 2152 cadavera

1740 2194 1975 2265 pluribus
2008 2193 2193 2247 diebus
2213 2190 2459 2257 iacentia.
2486 2205 2703 2259 prorsus
2728 2189 3032 2243 miserabile
3062 2198 3271 2257 specta-

1736 2284 1911 2338 culum
1950 2283 2276 2336 intuentibus
2292 2279 2884 2349 pra'bebant.Qua’dam
2913 2279 3073 2333 etiam
3115 2294 3144 2331 a
3180 2293 3269 2330 ca-

1736 2374 1889 2427 nibus
1912 2374 2163 2427 dilaniata
2205 2382 2350 2427 sunt.
2392 2371 2507 2437 Qua
2535 2371 2598 2424 de
2629 2383 2788 2423 causa
2810 2367 2891 2448 'hi
2934 2368 3124 2435 quibus
3157 2369 3267 2421 vita

1734 2464 1908 2517 adhuc
1931 2462 2270 2532 suppetebat,
2294 2462 2490 2529 passim
2534 2474 2694 2513 canes
2718 2458 3050 2512 ’interitnere
3084 2474 3262 2527 cmpe-

1732 2561 1855 2605 runt
1885 2568 1899 2617 ;
1933 2568 1998 2605 ne
2027 2552 2162 2606 forte
2190 2552 2239 2604 in
2268 2552 2471 2609 rabiem
2499 2549 2638 2602 versi
2663 2548 2812 2602 vivos
2838 2549 3071 2615 posthaec
3094 2548 3265 2602 homi-

1732 2655 1825 2693 nes
1852 2641 2191 2694 devorarent.
2218 2638 2429 2693 Interim
2459 2636 2755 2706 pestilentia
2801 2644 2940 2690 totas
2974 2638 3160 2690 domos
3205 2651 3264 2690 ac

1732 2730 1962 2785 familias
1986 2730 2153 2785 nihilo
2178 2732 2392 2801 segnius
2430 2728 2855 2797 depascebatur:
2886 2727 3148 2795 praecipue
3171 2736 3262 2781 eos

1732 2820 2010 2884 invadens,
2047 2835 2200 2889 quos,
2230 2826 2410 2887 utpote
2439 2816 2643 2871 cunctis
2670 2815 2735 2870 ad
2767 2816 2961 2871 victum
3017 2831 3262 2871 necessa-
3321 2861 3325 2864 .

1730 2913 1825 2967 riis
1891 2911 2197 2977 afﬂuentes,
2261 2910 2428 2966 fames
2492 2907 2753 2963 conficere
2820 2922 2923 2961 non
2995 2916 3259 2977 potuerat.

1728 3003 1895 3074 Igitur
1947 3002 2327 3073 oriulentissimi
2384 3000 2581 3071 quique
2638 2999 3034 3070 provinciarum
3086 3008 3259 3054 recto-

1731 3109 1817 3147 res
1898 3108 1960 3145 ac
2027 3093 2319 3162 praesides,
2364 3104 2419 3145 et
2469 3106 2531 3146 ex
2594 3092 2920 3159 primoribus
2985 3091 3257 3145 civitatum

1728 3182 2125 3251 quamplurimi,
2182 3181 2397 3249 perinde
2427 3196 2492 3235 ac
2518 3181 2560 3236 si
2602 3181 2765 3236 fames
2791 3197 2884 3237 eos
2916 3183 2979 3235 de
2999 3181 3259 3236 industria

1728 3277 2069 3330 transmissos
2095 3276 2409 3345 pestilentia:
2450 3284 2772 3329 reservasset
2795 3317 2811 3342 ,
2846 3275 3159 3329 acutissimo
3197 3289 3258 3327 ac

1730 3366 2062 3420 velocissimo
2094 3367 2279 3421 mortis
2319 3380 2513 3435 genere
2552 3366 2859 3419 interibant.
2908 3363 3107 3420 Cuncta
3140 3379 3259 3433 pas-

1725 3454 1823 3509 sim
1862 3454 2000 3517 loca,
2045 3456 2372 3522 angiportus,
2418 3453 2557 3518 fora,
2611 3452 2815 3521 plateas,
2867 3453 3113 3507 lamentis
3172 3468 3258 3506 re-

1723 3546 2048 3599 dundabant.
2074 3545 2254 3612 Neque
2284 3544 2423 3597 aliud
2455 3558 2675 3598 cernere
2702 3544 2895 3598 licebat
2915 3558 3071 3612 quam
3104 3543 3252 3611 lugu-

1722 3633 1843 3687 bres
1870 3635 2066 3687 naenias
2102 3648 2222 3687 cum
2274 3635 2470 3702 usitato
2508 3634 2643 3701 apud
2685 3648 2775 3686 eos
2816 3634 3063 3686 tibiarum
3096 3641 3253 3684 cantu

1722 3729 1881 3788 atque
1913 3721 2146 3797 planctu.
2174 3721 2255 3773 Ad
2285 3721 2429 3773 hunc
2456 3721 2669 3773 modum
2697 3721 2903 3773 duobus
2931 3722 3077 3773 hisce
3099 3720 3251 3787 quasi

1719 3808 1839 3861 telis
1864 3807 2019 3876 357
2061 3815 2260 3859 armata
2291 3821 2456 3871 mors,
2508 3806 2647 3860 fame
2677 3808 2922 3860 videlicet
2963 3822 3025 3860 ac
3050 3816 3201 3874 peste
3231 3845 3246 3868 ,

1718 3902 1955 3967 integras
1986 3898 2214 3951 familias
2251 3896 2393 3950 brevi
2440 3908 2677 3965 tempore
2722 3897 2953 3950 vastavit
2985 3914 3000 3949 :
3032 3899 3162 3952 adeo
3193 3906 3249 3950 ut

1717 4006 1783 4045 ex
1816 4005 1916 4042 una
1954 3989 2245 4055 eademque
2286 3987 2444 4040 domo
2486 3988 2589 4039 duo
2646 3986 2801 4039 simul
2847 4000 2911 4039 ac
2948 3987 3048 4039 tria
3089 3988 3249 4040 cada-

1715 4095 1842 4136 vera
1882 4077 2056 4133 eﬂ‘erri
2102 4079 2165 4130 ad
2205 4076 2530 4145 sepulturam
2574 4076 2893 4129 videremus.
2937 4074 3245 4143 Huiusmodi

1716 4171 1992 4241 praemium
2022 4168 2121 4222 fuit
2147 4166 2538 4236 superbissima:
2569 4166 2711 4219 illius
2740 4164 3010 4218 Maximini
3039 4166 3248 4235 jactan-

1717 4263 1820 4327 tiaa,
1852 4270 1907 4315 et
1944 4260 2278 4314 decretorum
2308 4272 2428 4328 qua:
2472 4257 2718 4311 civitates
2765 4256 3018 4310 adversus
3041 4264 3249 4317 nostros

1715 4356 2012 4410 ediderant.
2037 4352 2152 4418 Quo
2174 4349 2388 4419 quidem
2407 4355 2646 4416 tempore
2670 4347 3099 4401 Christianorum
3121 4361 3245 4414 erga

90 4438 172 4490 τοῦ
209 4442 366 4512 λιμοῦ
403 4449 911 4519 κατατρυχομένων,
953 4455 1049 4521 τὴν
1096 4451 1299 4523 πληθὺν
1345 4451 1447 4505 ὑπὸ
1493 4452 1625 4521 μίαν

1726 4458 1907 4499 omnes
1944 4441 2198 4497 sedulitas
2241 4454 2314 4493 ac
2368 4439 2540 4506 pietas
2581 4438 3015 4493 manifestissimo
3052 4437 3246 4490 indicio

92 4527 297 4599 σύνοψιν
322 4534 673 4605 ἀθροίζοντες,
702 4540 896 4611 ἄρτους
929 4541 1165 4611 διένεμον
1189 4545 1299 4604 τοῖς
1328 4545 1508 4606 πᾶσιν,
1538 4543 1613 4606 ὡς

90 4620 396 4692 περισύητον
439 4628 522 4689 εἰς
570 4630 771 4694 πάντας
818 4630 1129 4702 ἀνθρώπους
1183 4633 1508 4702 καταστῆναι
1552 4632 1611 4684 τὸ

110 4857 121 4868 ,
150 4789 259 4860 (40)
297 4791 457 4868 ῌετὰ
481 4794 597 4849 τῶν
616 4799 891 4865 συνήθων
933 4802 1134 4867 αὐτοῖς
1173 4802 1392 4857 αὐλῶν.
1426 4800 1612 4856 Genti-

90 4856 206 4909 lium
234 4856 496 4914 cadavera
525 4879 644 4917 cum
672 4856 918 4922 tibiarum
947 4881 1001 4923 et
1027 4856 1190 4925 naenia
1202 4887 1314 4923 rum
1349 4856 1507 4925 cantu
1530 4870 1611 4922 ef-

91 4926 407 5008 ferebantur.
435 4930 602 5008 Quam
628 4934 680 4985 in
711 4951 821 5008 rem
850 4940 1087 5008 praeficae
1118 4940 1383 5008 habebant
1410 4950 1462 4992 et
1490 4940 1612 4993 siti-

90 4995 345 5061 cines,“
388 4999 585 5061 quibus
634 5007 811 5055 notavi
849 4995 913 5058 ad
961 5008 1135 5059 Amm.
1189 5007 1482 5061 Marcellini
1540 5008 1607 5060 li-

88 5060 232 5112 brum
280 5060 653 5143 x'v':_{Fa_llitur
691 5074 883 5143 itaque
918 5060 1431 5143 Christopborsonus
1454 5113 1469 5136 ,
1512 5076 1607 5142 qui

90 5130 339 5206 prope-ra
358 5133 464 5206 hoc
488 5134 606 5206 loco
627 5130 911 5206 substituit
932 5142 1068 5195 ἀντί.
1103 5130 1194 5196 έίο
1226 5144 1366 5196 enim
1393 5130 1555 5198 vertit
1588 5162 1602 5197 :
1642 5164 1645 5165 ν

94 5213 111 5244 ι
140 5195 521 5279 .Nequealiud
553 5203 835 5269 quidquam
875 5222 1122 5275 spectare
1168 5195 1359 5265 licebat
1388 5250 1404 5273 ,
1440 5195 1603 5279 quam

440 5266 611 5331 new—3i
640 5266 774 5350 Ψίίῖβ
800 5266 916 5350 P79"
924 5280 1172 5350 tibiarum
1204 5289 1362 5350 cantu
1388 5266 1443 5350 et
1460 5266 1606 5332 'stre—

159 5343 345 5415 «ipsis
372 5343 425 5389 in
456 5350 604 5390 more
628 5343 798 5415 posito
821 5343 1116 5415 ediderunt.
1148 5364 1166 5397 ι
1200 5346 1307 5399 Sed
1332 5347 1602 5415 vulgatam

156 5410 413 5482 τινι-ηπ
448 5418 638 5482 omnes
695 5410 879 5476 scripti
928 5414 1160 5480 codices,
1196 5410 1603 5482 ipseque'adeo

90 5466 408 5533 Nicephorum
441 5479 675 5525 utentur.

150 5536 773 5626 (tlteaesé‘ffadwé
810 5544 918 5626 και.
942 5549 1137 5626 λιμοῡε
1164 5549 1235 5626 ,ιη
1266 5548 1423 5626 εοιιά.
1446 5547 1601 5626 rut-

89 5606 331 5686 etnsavil.
354 5606 586 5686 basim:
614 5606 867 5678 λοιμῷ-τε
897 5606 1029 5682 ὁμοῦ
1058 5619 1147 5671 καὶ
1164 5616 1323 5688 λιμῷ,
1347 5614 1486 5685 quod
1520 5632 1602 5670 re-

91 5683 215 5729 ctus
234 5676 368 5730 mhi
399 5676 626 5730 Videtur.

234 5692 368 5729 IIII!
399 5692 626 5729 νιικιατ.

1716 4536 1977 4591 universis
1999 4530 2283 4603 gentilibus
2319 4530 2565 4584 innotuit.
2579 4528 2784 4597 Quippe
2806 4530 2859 4583 hi
2887 4530 2981 4582 soli
3008 4530 3058 4581 in
3086 4536 3161 4579 tot
3179 4540 3243 4578 ac

1715 4628 1877 4683 tantis
1903 4625 2293 4682 calamitatibus
2312 4620 2687 4676 misericordia:
2712 4628 2871 4688 atque
2897 4614 3241 4672 humanitatis

1779 4798 1890 4869 (42)
1909 4866 1926 4869 _
1940 4795 2085 4869 ΪΥπὸ
2101 4795 2278 4869 ,μίρν
2325 4792 2593 4869 tam.
2624 4790 3111 4869 προκοιιέτδμενας.
3150 4786 3241 4869 55°

1710 4856 1884 4921 codd:
1908 4866 2071 4926 Μαι..
2095 4856 2234 4917 ﬂed.
2264 4873 2315 4914 et
2342 4856 2483 4914 Fuit;
2500 4859 2647 4929 Vulg.
2662 4856 3017 4932 κομιζόμενα.
3076 4856 3240 4907 l’aulo

1709 4947 1828 4998 post
1850 4936 1965 5002 lego
1997 4950 2115 4987 cum
2163 4931 2648 5002 ChristOpborsouo
2679 4929 2807 4998 περὶ
2838 4929 3038 5002 πάντας
3070 4938 3237 4974 σπου-

1707 5005 1823 5074 δῆς.
1848 4999 2107 5074 cancrum
2136 5000 2274 5074 quod
2306 5001 2395 5052 hic
2414 5001 2482 5051 de
2505 4999 2771 5074 sepiiltura
2808 4999 3124 5074 cadaverum
3154 5005 3235 5074 re-

1709 5061 1899 5133 fer-tur,
1932 5070 2062 5123 satis
2089 5061 2288 5122 indicat
2325 5081 2523 5123 morem
2554 5061 2700 5116 illum
2751 5062 3019 5133 cremandi
3070 5061 3232 5133 cadat

1704 5156 1829 5193 vera
1860 5127 1926 5192 eo
1953 5148 2188 5201 tempore
2237 5135 2448 5202 penitus
2496 5132 2823 5185 obliteratum
2871 5127 3230 5202 ἰώδεα-κοιναί]

1704 5209 1991 5262 Romanos.
2016 5193 2167 5267 Quod
2188 5193 2398 5270 quando
2428 5202 2654 5267 primum
2687 5199 2939 5270 coegerit,
2986 5193 3232 5270 difﬁcilli-

1704 5292 1846 5329 mum
1875 5283 1957 5325 est
1982 5262 2181 5324 dicere.
2204 5262 2477 5323 'Videnttir
2501 5276 2677 5317 tamen
2722 5281 2750 5315 a
2774 5262 2973 5326 ludatis
3002 5272 3055 5312 et
3085 5262 3233 5314 Chri-

1703 5345 1889 5397 stianis
1920 5342 2059 5392 bunc
2086 5351 2285 5389 morem
2317 5334 2572 5403 paulatim
2596 5333 2847 5403 Aliausisse
2868 5329 3092 5403 Romani
3115 5369 3130 5392 ,
3164 5332 3229 5382 de

1700 5396 1808 5477 quo
1831 5407 2055 5477 insignis
2078 5415 2161 5457 est
2188 5396 2353 5477 locus
2382 5400 2628 5477 Marrubii
2661 5402 2710 5450 in
2858 5412 2930 5449 vn
2970 5396 3228 5477 Saturna-

1702 5464 1849 5541 ιῗιιιι,
1875 5464 1993 5539 cap.
2026 5474 2055 5522 7
2087 5489 2101 5524 :
2130 5478 2151 5521 ι
2187 5471 2383 5523 Deinde
2431 5468 2553 5541 licet
2585 5468 2766 5541 urendi
2791 5478 3009 5541 corpora
3040 5464 3228 5515 defun-

1698 5532 1905 5599 ctorum
1933 5532 2059 5592 usus
2093 5548 2276 5590 nostro
2304 5535 2494 5589 saeculo
2519 5534 2692 5583 nullus
2724 5533 2813 5592 sit,
2860 5532 3015 5584 lectio
3053 5541 3224 5599 tamen

1698 5596 1873 5671 docet,
1905 5614 1975 5661 eo‘
1996 5617 2231 5671 tempore
2250 5619 2352 5672 quo
2386 5602 2490 5669 igni
2534 5601 2646 5653 dari
2681 5601 2847 5654 honos
2877 5596 3099 5651 mortuis
3130 5598 3191 5650 l1?

1698 5680 1942 5739 lae-batur,
1971 5693 2001 5726 ιν
2023 5684 2129 5727 etc.
