3952 6338
99 328 188 381 ses
1032 308 1373 375 msrouu‘:
1411 317 1958 374 ECCLESIASTICA-Z
1998 320 2124 376 LIB.
2165 320 2255 375 Ix.

3143 324 3246 378 826

100 442 298 513 φανερὸν
326 438 461 495 εἶναι
486 440 737 503 πέποιθα,
770 440 892 502 τοὺς
921 440 1179 500 δεσπότας
1205 438 1358 508 ἡμῶν
1396 436 1600 505 Διοκλης

1718 447 1848 499 ιι·οι-,
1902 436 2133 505 qualiter
2180 434 2379 488 domini
2423 450 2484 489 ac
2526 444 2773 503 parentes
2826 437 2993 491 nostri
3037 434 3245 491 Diocle-

100 534 250 587 τιανδν
266 534 355 585 καὶ
376 532 707 601 Μαξιμιανδν
724 532 846 592 τοὺς
866 528 1160 599 ἡμετέρους
1178 528 1434 598 πατέρας,
1453 526 1607 597 ἡνίκα

102 624 310 677 συνεῖδον
339 623 519 692 σχεδὸν
540 622 781 683 ἅπαντας
804 619 1135 689 ἀνθρώπους,
1169 616 1609 686 καταλειφθείσης

100 716 179 783 τῆς
204 714 302 767 τῶν
334 712 469 765 θεῶν
504 711 809 781 θρησκείας,
842 709 917 779 τῷ
952 709 1090 761 ἔθνει
1130 707 1236 760 τῶν
1278 706 1608 775 Χριστιανῶν

100 807 292 867 ἑαυτοὺς
328 804 750 873 συμμεμιχότας,
787 799 958 870 ὀρθῶς
993 796 1374 865 διατεταχέναι,
1405 796 1609 858 πάντας

98 893 377 963 ἀνθρώπους
402 893 526 953 τοὺς
552 892 656 944 ἀπὸ
686 892 783 959 τῆς
806 891 910 942 τῶν
936 892 1108 942 αὐτῶν
1162 889 1298 943 θεῶν
1341 889 1445 941 τῶν
1478 889 1608 941 ἀθα-

98 987 240 1037 νάτων
272 982 559 1054 θρησκείας
600 984 1068 1053 ἀναχωρήσαντας,
1111 981 1355 1051 προδήλῳ
1394 982 1605 1034 κολάσει

99 1078 171 1127 καὶ
193 1075 420 1144 τιμωρίᾳ
447 1076 526 1136 είς
559 1074 653 1143 τὴν
682 1074 971 1143 θρησκείαν
1002 1072 1106 1123 τῶν
1134 1072 1269 1123 θεῶν
1307 1071 1607 1140 ἀνακληθῆ-

97 1180 178 1218 ναι.
215 1162 341 1213 Ἀλλ’
366 1164 453 1231 ὅτε
484 1163 592 1227 ἐγὼ
618 1161 851 1231 εὐτυχῶς
871 1161 931 1212 τὸ
961 1160 1172 1229 πρῶτον
1213 1162 1289 1221 εἰς
1316 1160 1414 1230 τὴν
1451 1161 1605 1229 ’ᾼνα-

96 1253 225 1320 τολὴν
254 1252 359 1323 (52)
394 1252 786 1322 παρεγενόμην,
819 1252 908 1303 καὶ
942 1250 1107 1317 ἔγνων
1133 1249 1210 1313 εἷς
1236 1268 1384 1313 τινας
1414 1251 1606 1313 τόπους

96 1343 341 1403 πλείστους
380 1341 489 1393 τῶν
521 1340 813 1411 ἀνθρώπων
848 1340 915 1392 τὰ
945 1341 1175 1411 δημόσια
1200 1340 1425 1408 ὠφελεῖν
1452 1341 1605 1393 δυνα-

97 1433 277 1502 μένους,
311 1431 413 1484 ὐπὺ
438 1431 543 1483 τῶν
571 1430 833 1483 δικαστῶν
862 1431 945 1482 διὰ
973 1432 1068 1501 τὴν
1102 1432 1497 1501 προειρημένην
1527 1434 1607 1484 al-

93 1523 189 1574 τίαν
225 1520 570 1591 ὲξορίζεσθαι,
603 1522 811 1590 ἑκάστῳ
843 1521 947 1573 τῶν
988 1522 1250 1574 δικαστῶν
1283 1521 1495 1585 ἐντολὰς
1524 1522 1607 1573 δέ-

91 1611 231 1673 δωκα,
255 1611 390 1664 ὥστε
424 1611 623 1681 μηδένα
650 1611 848 1664 τούτων
873 1610 963 1663 τοῦ
994 1612 1177 1663 λοιποῦ
1212 1611 1605 1682 προσφέρεσθαι

91 1704 181 1764 τοῖς
204 1701 559 1771 ἐπαρχιώταις
596 1702 848 1771 ἀπηνῶς,
896 1701 1025 1755 ἀλλά
1071 1701 1265 1770 μᾶλλον
1304 1700 1605 1763 κολακείαις

1712 532 1888 583 tianus
1916 539 1971 582 et
2021 528 2394 590 Maximianus,
2429 542 2549 581 eum
2577 538 2797 582 cunctus
2845 530 2957 583 fere
2980 530 3242 593 homines,

1711 618 1895 671 relicto
1943 618 2162 669 deorum
2195 615 2571 668 immortalium
2607 616 2771 685 cultu,
2795 619 2859 669 ad
2911 618 3244 673 Christiano-

1709 724 1824 760 rum
1855 718 2055 763 sectam
2084 722 2142 760 se
2192 706 2515 773 applicuisse
2562 719 2865 774 cernerent,
2903 717 3043 762 recte
3084 721 3244 778 atque

1709 800 1895 853 ordine
1923 798 2333 861 constituerunt,
2379 806 2437 848 ut
2475 798 2774 865 quicunque
2819 814 2847 850 a
2877 800 3091 852 deorum
3119 816 3245 854 suo-

1709 906 1824 943 rum
1852 890 2104 957 religione
2129 888 2497 952 descivissent,
2530 889 2738 957 publica
2786 890 3243 945 animadversione

1706 990 1756 1031 et
1813 979 2069 1048 supplicio
2107 978 2172 1031 ad
2225 978 2537 1031 earumdem
2587 979 2784 1031 cultum
2843 990 3241 1034 revocarentur.

1706 1068 1815 1136 Ego
1846 1082 1972 1121 vero
2008 1081 2127 1119 cum
2177 1066 2229 1119 in
2264 1065 2494 1121 Orientis
2532 1066 2830 1135 provincias
2877 1066 3114 1122 felicibus
3151 1083 3244 1122 au-

1706 1155 1890 1222 spiciis
1919 1154 2146 1221 primum
2195 1158 2483 1218 venissem,
2528 1155 3013 1224 comperissemque
3058 1171 3243 1224 quam-

1706 1246 1965 1315 plurimos
2005 1248 2247 1300 homines
2293 1247 2381 1314 qui
2436 1246 2748 1313 reipublicae
2796 1248 2913 1299 usui
2970 1260 3088 1300 esse
3125 1262 3247 1315 pns-

1709 1346 1844 1399 sent,
1873 1337 1941 1390 ob
1978 1350 2096 1388 eam
2120 1348 2278 1403 quam
2299 1334 2406 1387 dixi
2426 1348 2641 1389 causam
2666 1350 2694 1387 a
2720 1334 2988 1400 iudicibus
3016 1335 3067 1387 in
3100 1347 3245 1389 certa

1709 1428 1822 1483 loca
1865 1426 2131 1495 relegari;
2178 1425 2399 1492 singulis
2428 1425 2696 1496 iudicibus
2759 1424 2812 1477 in
2858 1428 3125 1481 mandatis
3154 1428 3248 1481 de-

1708 1519 1793 1583 di,
1828 1532 1894 1571 ne
1923 1517 2042 1584 quis
2086 1530 2268 1569 eorum
2307 1516 2555 1583 deinceps
2589 1516 2847 1570 adversus
2897 1519 3250 1591 provinciales

1708 1611 1968 1663 atrociter
2008 1610 2253 1671 saeviret;
2317 1608 2409 1662 sed
2464 1618 2522 1660 ut
2562 1609 2739 1676 potius
2776 1608 3046 1664 blanditiis
3075 1622 3130 1665 et
3156 1613 3247 1664 ad-

1709 1699 2103 1753 hortationibus
2126 1701 2189 1751 ad
2216 1699 2438 1749 deorum
2462 1695 2659 1750 cultum
2685 1712 2779 1751 eos
2811 1712 3063 1752 revocare
3090 1715 3247 1752 cona-

91 1793 166 1844 καὶ
201 1796 523 1862 προτροπαῖς
560 1792 692 1862 πρὸς
731 1791 828 1861 τὴν
863 1791 969 1842 τῶν
1001 1791 1134 1843 θεῶν
1180 1790 1471 1859 θρησκείαν
1510 1790 1600 1841 αὐ-

1712 1802 1914 1844 rentur.
1951 1790 2192 1856 Quandiu
2239 1789 2397 1856 igitur
2427 1788 2577 1853 juxta
2615 1789 2921 1841 mandatum
2957 1791 3249 1859 maiestatis

89 1887 194 1946 τοὺς
220 1884 516 1937 ἀνακαλεῖν.
578 1886 884 1954 Τηνικαῦτα
920 1880 1010 1937 οὖν
1060 1886 1146 1936 ὅτε
1197 1883 1497 1946 ἀκολούθως
1542 1886 1605 1954 τῇ

88 1974 300 2027 κελεύσει
346 1978 411 2045 τῇ
455 1978 558 2045 ἐμῇ
594 1976 697 2028 ὑπὸ
735 1976 840 2028 τῶν
880 1974 1138 2027 δικαστῶν
1171 1975 1492 2043 ἐφυλάττετο
1538 1975 1607 2027 τὰ

88 2065 502 2133 προστεταγμένα
522 2105 535 2126 ,
569 2065 838 2117 συνέϐαινε
886 2064 1082 2133 μηδένα
1114 2065 1177 2116 ἐκ
1206 2064 1313 2115 τῶν
1343 2064 1607 2132 τῆςἈνα-

84 2153 222 2224 τυλῆς
248 2154 445 2225 μερῶν,
479 2155 612 2222 μήτε
650 2152 914 2222 ἐξόριστον
949 2155 1083 2221 μήτε
1115 2152 1424 2221 ἐνύδριστον
1453 2151 1606 2217 γενέ-

87 2242 207 2307 σθαι,
230 2244 359 2295 ἀλλὰ
397 2238 589 2312 μᾶλλον
624 2244 686 2294 ἐκ
728 2242 820 2294 τοῦ
852 2243 923 2311 μὴ
963 2242 1169 2312 βαρέως
1192 2242 1309 2293 κατ’
1344 2242 1521 2295 αὐτῶν
1550 2259 1602 2294 τι

82 2327 313 2393 γίνεσθαι,
345 2329 425 2390 εἰς
452 2327 546 2396 τὴν
574 2327 677 2395 τῶν
709 2326 842 2381 θεῶν
875 2328 1162 2397 θρησκείαν
1187 2329 1600 2397 ἀνακεκλῆσθαι.

83 2418 214 2469 Μετὰ
238 2419 289 2469 δὲ
316 2419 485 2469 ταῦτα
511 2420 597 2469 ὅτε
619 2416 693 2486 τῷ
720 2418 1031 2488 παρελθόντι
1056 2419 1281 2487 ἐνιαυτῷ
1315 2419 1423 2487 (55)
1454 2420 1604 2471 εὐτυ-

82 2509 175 2579 κῶς
213 2510 407 2578 ἐπέϐην
451 2510 532 2571 είς
575 2510 671 2580 τὴν
715 2510 1072 2579 Νικομήδειαν
1104 2511 1272 2562 ¹κάκεῖ
1317 2510 1600 2575 διετέλουν,

81 2601 411 2669 παρεγένοντο
440 2602 647 2653 πολῖται
678 2602 773 2670 τῆς
800 2600 967 2668 αὐτῆς
997 2600 1196 2664 πόλεως
1228 2601 1362 2672 πρὸς
1395 2602 1462 2671 μέ
1490 2602 1603 2669 ἆμα

82 2690 201 2759 μετὰ
225 2691 324 2743 τῶν
361 2690 559 2754 ξοάνων
578 2690 703 2742 ι-τῶν
734 2690 889 2753 θεῶν,
929 2692 1182 2761 μειζόνως
1223 2692 1483 2761 δεόμενοι,
1518 2693 1603 2744 ἵνα

79 2782 222 2835 παντὶ
251 2784 429 2853 τρόπῳ
454 2783 513 2835 τὸ
541 2782 773 2837 τοιοῦτον
799 2783 945 2845 ἔθνος
975 2783 1234 2853 μηδαμῶς
1266 2785 1604 2855 ἐπιτρέποιτο

80 2872 127 2924 ὲν
155 2877 214 2943 τῇ
250 2874 424 2927 αὐτῶν
469 2876 680 2945 ¹νιιατρίδι
738 2876 917 2929 οἰκεῖν,
968 2876 1101 2927 Ἀλλ’
1134 2876 1218 2927 ὅτε
1253 2876 1420 2942 ἔγνων
1454 2875 1602 2928 πλεί-

79 2979 218 3026 στους
257 2966 351 3034 τῆς
380 2966 548 3034 αὐτῆς
600 2966 886 3035 θρησκείας
913 2967 1106 3036 ἄνδρας
1160 2968 1215 3018 ἐν
1268 2968 1448 3029 αὐτοῖς
1493 2970 1603 3029 τοῖς

81 3051 281 3120 μέρεσιν
331 3056 516 3116 οἰκεῖν,
565 3054 732 3116 οὕτως
775 3056 953 3116 αὐτοῖς
1003 3055 1099 3117 τὰς
1143 3056 1456 3125 ἀποκρίσεις
1500 3058 1603 3108 ἀπ-

1704 1883 1859 1953 361
1892 1894 2105 1944 nostrae,
2136 1882 2247 1935 luec
2276 1899 2301 1934 a
2327 1882 2615 1951 iudicibus,
2649 1893 2805 1950 prout
2832 1884 3122 1952 iusseram,
3148 1885 3247 1938 ob-

1706 1984 1917 2028 servata
1947 1985 2089 2037 sunt,
2124 1990 2279 2026 nemo
2318 1989 2385 2026 ex
2438 1974 2679 2038 partibus
2712 1973 2951 2027 Orientis
2982 1986 3073 2043 aut
3105 1974 3247 2028 rele-

1706 2074 1879 2133 gatus,
1908 2064 1999 2117 aut
2027 2062 2351 2117 Contumelia
2378 2060 2601 2115 allectus
2628 2072 2730 2115 est.
2755 2064 2893 2127 Quin
2929 2065 3103 2130 potius
3131 2080 3246 2132 pro-

1705 2153 1958 2205 vinciales
1987 2152 2149 2203 nostri
2177 2166 2241 2203 eo
2276 2151 2414 2217 quod
2444 2150 2758 2203 clementius
2783 2166 2901 2203 cum
2948 2152 3076 2218 ipsis
3121 2168 3245 2220 age-

1703 2243 1879 2304 batur,
1908 2244 1975 2295 ad
2005 2242 2279 2296 numinum
2311 2242 2511 2295 cultum
2547 2242 2840 2295 redierunt.
2894 2241 3085 2294 Postea
3115 2258 3244 2297 Vero

1703 2352 1822 2389 eum
1858 2351 1994 2389 anno
2021 2335 2293 2403 ιιι-αξιοιιὶιο
2325 2333 2687 2388 Nicomediam
2720 2332 2951 2385 feliciter
2970 2335 3241 2386 essemin-

1703 2438 1941 2492 gressus,
1968 2425 2111 2475 cives
2137 2423 2253 2490 eius
2278 2422 2425 2473 urbis
2471 2435 2555 2473 me
2587 2419 2693 2472 illic
2759 2420 3037 2488 degentem
3092 2422 3242 2475 adie-
3322 2410 3325 2415 ’

1702 2526 1825 2568 runt
1856 2530 1979 2567 cum
2016 2515 2232 2566 deorum
2275 2505 2611 2577 simulacris;
2656 2510 2854 2563 obnixe
2902 2498 3147 2573 orantes,
3178 2527 3244 2565 ne

1702 2586 2000 2675 huiusmodi
2032 2604 2303 2658 hominum
2333 2617 2497 2671 genus
2547 2601 2599 2652 in
2628 2616 2721 2653 sua
2750 2602 2968 2655 civitate
2996 2603 3243 2656 habitare

1702 2696 1919 2751 omnino
1953 2696 2237 2749 sineretur.
2283 2694 2385 2747 Sed
2441 2695 2689 2761 quoniam
2749 2693 3054 2762 complures
3087 2694 3245 2761 huius

1703 2790 1975 2857 religionis
2006 2787 2149 2841 viros
2175 2786 2279 2840 illis
2310 2787 2358 2839 in
2382 2787 2619 2854 partibus
2644 2785 2835 2853 degere
2862 2800 3242 2853 cognoveram,

1701 2879 1802 2933 hoc
1828 2880 1906 2932 eis
1932 2894 2239 2947 responsum
2272 2880 2408 2939 dedi,
2446 2893 2529 2931 me
2553 2880 2762 2946 quidem
2793 2893 2975 2931 eorum
3004 2876 3243 2945 petitioni

1702 2970 1929 3023 libenter
1994 2969 2454 3038 gratificaturum;
2509 2970 2600 3022 sed
2657 2985 2761 3022 non
2819 2958 3245 3021 animadvertere

1703 3060 1930 3129 idipsutn
1958 3076 2019 3113 ex
2050 3076 2201 3129 aequo
2234 3063 2297 3113 ab
2332 3061 2581 3113 omnibus
2605 3059 2886 3128 postulari.
2913 3060 3061 3125 Quod
3093 3059 3136 3110 si
3156 3059 3244 3126 qui

77 3139 285 3211 ἑνειμον,
318 3145 398 3197 ὅτι
439 3147 503 3214 τῇ
553 3146 647 3214 μὲν
693 3147 899 3211 αἰτήσει
950 3148 1123 3198 αὐτῶν
1170 3120 1414 3217 ἀσμένως
1449 3148 1600 3219 χάριν

1705 3152 1912 3220 sintqui
1940 3153 1990 3206 in
2012 3152 2437 3207 Christianorum
2461 3153 2842 3221 superstitione
2874 3161 3243 3221 permaneant,

78 3230 283 3300 ἔσχηκα,
313 3234 424 3286 ἀλλ’
458 3236 518 3285 οὐ
555 3235 703 3304 παρὰ
732 3236 942 3288 πάντων
983 3238 1138 3289 τοῦτο
1170 3238 1384 3307 αἰτηθὲν
1426 3241 1603 3290 κατεῖ-

74 3319 176 3372 δίινο
204 3325 251 3373 εί
283 3324 377 3391 μὲν
403 3320 494 3377 οὖν
519 3342 659 3386 τινες
684 3322 790 3377 εἷεν
826 3328 889 3396 τῇ
921 3328 1052 3396 αὐτῇ
1087 3328 1468 3399 δεισιδαιμονίᾳ
1492 3329 1602 3387 διατ

79 3412 325 3478 μένοντες,
356 3413 525 3473 οὕτως
561 3416 653 3466 ἕνα
683 3416 907 3468 ἕκαστον
951 3421 1006 3469 ἐν
1044 3421 1109 3487 τῇ
1146 3419 1250 3488 ἰδίᾳ
1289 3420 1599 3488 προαιρέσει

73 3504 160 3572 τὴν
181 3504 421 3575 βούλησιν
440 3506 579 3575 ἔχειν
600 3506 752 3576 (53‘),
771 3510 861 3559 καὶ
882 3512 928 3560 εί
953 3509 1214 3577 βούλοιντο
1235 3511 1448 3580 τὴντῶν
1464 3510 1598 3562 θεῶν

76 3594 349 3663 θρησκείαν
386 3595 779 3663 ἐπιγινώσκειν.
818 3601 1001 3667 Ὅμως
1041 3602 1131 3652 καὶ
1165 3602 1274 3661 τοῖς
1305 3602 1401 3669 τῆς
1437 3602 1603 3669 αὐτῆς

76 3684 266 3748 πόλεως
306 3687 690 3757 Νικομηδεῦσι,
737 3688 830 3739 καὶ
862 3691 981 3750 ταῖς
1030 3687 1240 3749 λοιπαῖς
1280 3689 1493 3741 πόλεσιν
1547 3691 1602 3741 αἳ

74 3775 156 3825 καὶ
188 3778 341 3829 αὐταὶ
369 3780 446 3839 είς
472 3778 717 3830 τοσοῦτον
738 3778 833 3847 τὴν
856 3779 1043 3847 ὁμοίαν
1068 3778 1278 3846 αἴτησιν
1308 3795 1600 3847 περισπου-

72 3864 265 3930 δάστως
294 3871 426 3939 πρὸς
465 3870 531 3937 μὲ
561 3870 936 3937 πεποιήκασιν,
969 3869 1203 3938 δηλονότι
1237 3870 1320 3920 ἵνα
1356 3868 1489 3939 μηδὲ
1525 3865 1603 3932 εἷς

71 3957 166 4009 τῶν
188 3960 514 4029 Χριστιανῶν
530 3964 652 4023 ταῖς
680 3960 888 4012 πόλεσιν
910 3961 1158 4030 ἐνοικοίη,
1186 3962 1423 4030 ἀνάγκην
1448 3960 1602 4030 ἔσχον

73 4052 363 4120 προσφιλῶς
394 4040 801 4123 ἀποκρίνασθαί,
835 4055 916 4105 ὅτι
952 4052 1013 4122 δὴ
1060 4053 1187 4105 αὐτὸ
1216 4052 1371 4103 τοῦτο
1416 4053 1506 4104 καὶ
1551 4053 1599 4105 οἱ

72 4142 271 4210 ἀρχαῖοι
298 4144 685 4214 αὐτοκράτορες
714 4146 909 4207 πάντες
939 4145 1277 4213 διεφύλαξαν,
1308 4144 1401 4197 καὶ
1425 4146 1601 4208 αὐτοῖς

72 4237 169 4296 τοῖς
202 4237 341 4301 θεοῖς
378 4237 443 4290 δι’
476 4237 568 4301 οὒς
605 4240 799 4303 πάντες
831 4241 1099 4311 ἄνθρωποι
1132 4241 1223 4293 καὶ
1255 4239 1389 4309 αὐτὴ
1424 4240 1456 4309 ἡ
1496 4238 1601 4292 τῶν

70 4321 329 4393 δημοσίων
376 4328 636 4398 διοίκησις
698 4331 1021 4394 συνίσταται,
1079 4331 1271 4401 ἦρεσεν
1323 4325 1416 4382 οὖν
1463 4327 1598 4398 (54),

1704 3260 2138 3314 unumquemque
2172 3261 2266 3313 pro
2297 3246 2558 3298 arbitratu
2594 3262 2654 3298 ac
2696 3246 2887 3297 mentis
2919 3260 3026 3297 sua!
3053 3257 3245 3312 propo-

1702 3337 1804 3389 sito
1830 3338 2025 3404 eligere
2052 3339 2189 3404 quod
2216 3336 2471 3400 vellet;et
2493 3337 2537 3389 si
2563 3340 2781 3390 deorum
2811 3337 3116 3402 religionem
3142 3349 3247 3394 am-

1703 3428 1859 3493 plecti
1892 3428 2103 3491 vellent,
2134 3429 2351 3495 perinde
2374 3430 2423 3479 id
2449 3428 2625 3481 licere.
2655 3426 2759 3480 Sed
2793 3437 2968 3479 tanien
3006 3435 3057 3477 et
3089 3423 3245 3477 Nico-

1704 3520 2077 3579 mediensibus,
2106 3530 2157 3570 et
2188 3519 2407 3585 reliquis
2433 3518 2741 3569 civitatibus
2767 3531 2885 3583 qua:
2912 3516 3152 3567 eamdem
3179 3515 3244 3566 ad

1702 3623 1783 3657 me
1816 3610 2120 3673 petitionem
2143 3624 2263 3659 cum
2290 3623 2498 3660 summa
2528 3608 2876 3659 contentione
2917 3605 3243 3667 detulerant,

1700 3706 1759 3748 ut
1800 3697 2042 3749 videlicet
2077 3698 2251 3750 nullus
2275 3696 2701 3750 Christianorum
2756 3700 2806 3749 in
2857 3700 2971 3750 suis
3023 3699 3245 3749 urbibus

1698 3787 1984 3853 habitaret,
2004 3789 2218 3839 necesse
2240 3787 2398 3838 habui
2418 3786 2644 3852 benigne
2664 3788 2981 3851 respondere
2996 3826 3009 3849 ,
3034 3787 3243 3853 quando

1700 3876 1767 3927 ita
1802 3876 2141 3928 observatum
2168 3875 2353 3927 fuisset
2403 3890 2431 3926 a
2474 3877 2683 3928 cunctis
2726 3884 2871 3927 retro
2906 3878 3243 3943 imperatori-

1654 4028 1667 4044 .
1702 3966 1831 4036 bus;
1866 3966 1967 4019 diis
1993 3981 2204 4033 quoque
2239 3966 2622 4018 iunnortalibus
2649 3982 2743 4033 per
2772 3981 2903 4033 quos
2937 3982 3102 4033 genus
3142 3968 3240 4019 bu-

1704 4070 1916 4107 manum
1941 4064 1994 4108 et
2018 4054 2319 4121 reipublicae
2346 4065 2619 4119 permanet
2651 4064 2838 4115 status,
2874 4056 3101 4121 idipsum
3130 4057 3244 4123 pla-

1700 4145 1902 4199 cuisset
1931 4163 1943 4198 :
1977 4160 2061 4197 me
2112 4160 2322 4213 quoque
2360 4144 2661 4211 huiusmodi
2714 4147 3026 4213 petitionem
3084 4162 3241 4215 quam

1702 4236 1767 4288 de
1804 4236 1944 4289 cultu
1976 4238 2195 4290 deorum
2227 4252 2443 4289 suorum
2474 4237 2537 4289 ad
2568 4251 2653 4289 me
2676 4239 3021 4301 detulissent,
3050 4241 3245 4291 confir-

1702 4339 1993 4383 maturum.
2028 4328 2379 4394 Quamobrem
2418 4331 2517 4385 etsi
2565 4330 2675 4400 iam‘
2703 4342 2873 4395 antea,
2914 4346 3052 4400 smpe
3081 4332 3244 4385 devo-

68 4499 279 4579 (λήθῃ-1ιὲ
310 4504 651 4579 fere_semper
680 4516 927 4579 versatus
957 4516 1057 4579 est.
1089 4508 1266 4561 Caesar
1305 4486 1486 4563 invius
1516 4518 1601 4579 est
1630 4514 1674 4568 ι)
1698 4505 1936 4579 Qrientis
1970 4518 2227 4579 recenset.
2265 4509 2405 4560 inter
2433 4508 2535 4579 bas
2569 4518 2811 4562 numerat
2850 4508 3160 4579 Egyptum-
3186 4518 3241 4561 et

72 4572 375 4635 appellatus.
409 4575 500 4628 Sic
523 4572 663 4628 enim
694 4578 742 4628 iu
771 4576 1028 4629 Chronico
1063 4578 1418 4630 Alexandrino
1458 4578 1591 4628 dici-

73 4646 168 4698 Ιιιτ,
199 4648 252 4691 et
282 4642 539 4713 in;vetere
566 4662 780 4697 uutumo
808 4660 961 4713 quem
994 4647 1159 4697 edidit
1208 4647 1441 4700 Joannes
1472 4646 1592 4699 Tri-

70 4714 297 4783 ftanus:_
326 4709 667 4783 Constantius
707 4709 858 4777 vero,
921 4726 1101 4781 utpote
1150 4720 1237 4783 qui
1287 4716 1589 4769 Maximiani

74 4772 298 4847 llerculii
327 4780 613 4847 privignam
664 4772 906 4845 duxerat,
942 4772 995 4835 ei
1049 4772 1180 4836 cum.
1222 4786 1309 4836 illo
1340 4788 1389 4838 in
1446 4784 1591 4840 Occi-

70 4843 219 4895 dente
250 4843 584 4908 versaba'tur,
610 4848 789 4904 Gesar
817 4843 1095 4906 llereulius
1120 4855 1291 4907 dictus
1314 4864 1416 4912 est.
1450 4867 1504 4905 ut
1526 4870 1590 4908 ex

68 4920 239 4991 vetere
266 4916 585 4991 panegyrico
613 4921 913 4991 observavit
947 4923 1108 4975 frater
1151 4937 1299 4975 meus
1328 4923 1590 4977 Adrianus

70 4976 331 5059 Xalesius.
364 4976 598 5059 militum
647 4989 836 5059 deinde
874 4990 1110 5055 Galerio,
1134 4991 1471 5049 Maximinus.
1502 4994 1591 5059 qui

68 5046 334 5127 Caesar-ab
364 5049 450 5127 illo
488 5052 879 5127 factus_fuerat,
914 5046 1324 5127 cognomentum
1348 5046 1483 5114 Jovi‘i
1510 5046 1596 5113 as-

67 5120 314 5184 Sumpsit,
346 5126 398 5168 ut
422 5134 483 5169 ex
519 5120 615 5169 hor
643 5124 851 5175 Eusebii
896 5120 1010 5181 loco
1042 5131 1315 5184 discimus.

130 5183 240 5251 (52)
270 5186 376 5265 βις
402 5185 867 5267 τὴνίᾉνςιτολήνςλ
896 5194 1130 5267 Orientis
1168 5199 1381 5267 nomine
1432 5196 1595 5267 Egy-

66 5264 180 5319 ptus
210 5259 796 5330 etiamfoutinebatnr.
824 5261 991 5330 liuius
1031 5267 1172 5319 enim
1203 5259 1595 5319 administratio

65 5322 547 5400 t-ontmissahfuerat
573 5325 864 5400 Maximino
883 5322 1097 5385 Caesari.
1125 5336 1329 5400 Quippe
1359 5334 1596 5387 Inimi-

67 5404 157 5441 nus
184 5406 311 5462 cum
344 5391 523 5443 Cesar
554 5394 817 5462 arGalt-rio
846 5397 1013 5453 factus
1042 5391 1248 5462 fuisset;
1267 5391 1470 5454 Iouncs
1500 5418 1593 5457 eu

65 5460 366 5536 provincias
384 5473 518 5536 quas
553 5461 904 5536 Diocletianus
929 5469 1027 5521 sibi
1066 5460 1374 5531 retinuerat,
1407 5485 1592 5536 regen-

64 5531 168 5608 das
184 5528 413 5608 acqepit.
440 5528 612 5606 Atque
633 5530 754 5608 hinc
775 5530 970 5608 factum
994 5548 1102 5608 est,
1135 5549 1192 5589 ut
1215 5528 1588 5608 Egyptusudiu

64 5605 239 5659 posta
277 5602 422 5648 inter
444 5602 754 5717 Eminuit-5
806 5602 1036 5656 Orientis
1069 5602 1469 5659 nev-eraia’sit.
1499 5606 1590 5660 Sic

64 5676 200 5720 certe
233 5667 417 5720 Διιιι.
533 5665 783 5720 rcclliuls
808 5670 860 5720 in
886 5670 977 5720 lib.
1001 5687 1112 5720 ιη-
1154 5674 1245 5720 ubi
1295 5675 1590 5720 oratiu-ia:

63 5676 200 5720 certe
233 5676 417 5720 AUII.

533 5665 783 5722 rcclliuls
808 5670 860 5722 iu
886 5670 1112 5738 lib.xtv,
1154 5674 1245 5737 ubi
1294 5675 1592 5744 provincias
1636 5706 1641 5711 ·

1700 4576 2153 4642 leSOpotamiam.
2181 4578 2283 4630 Sed
2318 4587 2372 4628 et
2409 4575 2671 4646 ﬂgyptus
2703 4580 2854 4631 initio
2879 4575 3004 4629 fui't'
3026 4580 3120 4631 sub
3154 4592 3242 4630 co-

1700 4647 1829 4699 mite
1861 4647 2114 4704 Orientis.
2142 4657 2200 4697 ut
2228 4648 2385 4699 docet
2416 4659 2569 4698 vetus
2600 4649 2876 4715 inscriptio
2903 4663 3017 4713 qua!
3039 4648 3115 4697 sic
3146 4651 3239 4699 ba-

1697 4716 1787 4769 bet
1822 4731 1833 4765 :
1866 4733 1920 4768 ιι.
1961 4732 2154 4770 ιίΑιεοιο
2184 4730 2387 4768 ιιιζιιιιιο
2441 4732 2596 4770 runto
2645 4732 2900 4771 BALBUBIO
2948 4730 3239 4769 CECILIAIO

1697 4802 1918 4839 PLAClDO
1954 4801 2003 4839 C.
2036 4802 2083 4839 ν.
2116 4800 2293 4839 COII'I'I
2329 4801 2574 4841 ORIENTIS
2612 4802 2813 4841 EGIPTI
2860 4800 3234 4839 IESOPO‘I'AIIB

1696 4870 1909 4909 Consum
1928 4871 2249 4913 ‘ORDINARIO.
2285 4868 2388 4907 etc.

1768 4926 1878 4993 (55)
1921 4925 2003 4987 Τῷ
2027 4926 2375 4992 παρελθόντι
2416 4923 2678 4989 ἐνιαυτῷ.
2704 4920 3236 4993 Annoscilieethri-

1701 4992 1920 5057 sti'ﬁli,
1954 4994 2271 5047 Maximiano
2298 4998 2467 5047 octies
2508 5010 2621 5047 eos.
2660 4994 2733 5045 Eo
2781 4992 2920 5043 enim
2946 5004 3082 5041 anno
3111 5000 3231 5042 cum

1702 5064 1947 5117 Galerius
1984 5073 2225 5115 mortuus
2265 5074 2425 5128 esset,
2464 5064 2779 5115 Maximinus
2817 5059 3109 5128 Bithyniam
3141 5074 3233 5111 oc-

1700 5135 1933 5199 Cnpavit,
1968 5148 2124 5197 quam
2150 5132 2393 5184 Galerius
2414 5125 2516 5183 una
2540 5146 2659 5183 cum
2690 5129 2893 5197 lllyrico
2921 5125 3228 5199 et_Tbr:_icia

1700 5194 1798 5268 sibi
1832 5194 2146 5253 retinuerat.
2186 5201 2315 5252 Vide
2337 5216 2452 5268 quae
2481 5199 2656 5252 notavi
2685 5194 2845 5264 supra
2872 5194 3015 5259 c.-5,
3047 5196 3132 5247 ubi
3167 5198 3230 5251 de

1697 5267 2205 5344 ιιυεξξιξρέηπιγτες

1766 5338 1901 5403 (53⁸)
1916 5338 2014 5387 Ἐν
2028 5330 2109 5401 τῆ
2122 5336 2239 5401 ἰδίᾳ
2258 5335 2587 5402 προαιρέσει
2606 5332 3037 5403 rip-ﬁciuntur
3047 5330 3224 5400 ἔχειν.

1698 5403 1819 5457 lizc
1845 5401 2249 5470 proverbialiter
2277 5406 2377 5458 dici
2412 5401 2678 5457 videntur.
2712 5401 2821 5455 Hoc
2866 5413 2948 5455 erit
2980 5410 3120 5468 quod
3149 5403 3229 5456 dt-

1696 5474 1770 5526 cit
1802 5472 2011 5523 Persius
2039 5488 2051 5522 :

1777 5539 1911 5590 Velle
1937 5555 2083 5591 suum
2109 5541 2288 5598 cuique
2309 5548 2381 5590 est

1698 5609 1803 5663 sed
1830 5616 1948 5674 pos}
1978 5606 2089 5659 hac
2111 5610 2269 5674 verba
2302 5607 2507 5669 videtur
2534 5604 2801 5672 quidpiam
2832 5604 3037 5659 deesse.

1769 5667 1877 5745 (si)
1923 5667 2168 5742 Ἰιρεσεν
2190 5670 2318 5729 οὖν.
2357 5667 2561 5729 Ultima
2580 5667 2681 5728 ι·οὶ
2717 5674 2979 5744 superﬂua
3002 5682 3106 5743 est,
3132 5694 3228 5735 nec
