3954 6346
712 291 804 367 δτι
868 347 871 350 .

1402 312 1668 369 EUSEBII
1706 307 2171 367 CESARIENSIS
2206 307 2354 363 OPP.
2394 307 2572 362 PARS
2606 308 2644 364 1.
2687 338 2754 348 —
2793 307 3179 364 HISTORICA.
3798 312 3875 367 83‘!

710 442 854 479 care.
887 426 1014 479 Dein
1044 428 1107 480 ad
1132 427 1562 495 desperationem
1593 440 1760 495 usque
1782 397 2154 495 progrediente
2178 424 2254 477 in-

2356 423 2760 496 ρασπονδήσας,
2817 426 3049 496 πόλεμον
3096 425 3350 479 ἄσπονδον
3403 426 3650 497 αἴρεται’
3709 424 3797 481 εἶτ’
3834 436 3875 483 ἐν

713 519 859 570 sania
880 560 895 582 ,
931 519 1130 571 violato
1169 519 1310 586 quod
1347 534 1466 573 cum
1498 510 1703 572 Licinio
1732 519 2003 586 pepigerat
2029 515 2248 579 ftedere,

716 607 911 660 bellum
946 609 1271 674 inexpiabile
1308 610 1566 677 suscepit.
1617 608 1744 661 Post
1790 608 1900 662 haec
1933 622 2057 660 cum
2106 607 2251 660 brevi

716 696 972 763 temporis
1000 698 1175 764 spatio
1198 705 1388 750 cuncta
1420 695 1741 761 miscuisset,
1769 704 1823 749 et
1859 695 2137 749 universas
2166 709 2256 745 ur—
2288 688 2293 692 ’

714 786 808 838 bes
843 796 1050 839 terrore
1075 802 1137 840 ac
1171 786 1397 839 tumultu
1436 786 1741 855 implesset;
1789 784 2035 839 collectis
2077 782 2257 836 omni-

714 878 811 932 bus
843 879 1009 944 c0piis
1046 888 1099 932 et
1126 879 1501 931 innumerabili
1540 885 1869 930 armatorum
1911 874 2254 928 multitudine

717 971 765 1022 in
792 987 951 1024 unum
975 979 1182 1033 coacta,
1217 970 1474 1023 adversus
1499 968 1760 1024 Licinium
1784 977 2116 1037 pugnaturus
2143 980 2257 1033 per-

717 1061 893 1125 rexit;
936 1060 1233 1113 dmmontim
1265 1075 1399 1128 quos
1441 1061 1553 1128 ipse
1592 1060 1717 1112 deos
1755 1057 2121 1118 existimabat,
2161 1071 2257 1107 au-

717 1152 862 1211 xilio,
887 1161 939 1203 et
963 1151 1299 1204 multitudine
1346 1150 1573 1202 militum
1620 1164 1778 1216 supra
1813 1149 2027 1200 modum
2061 1148 2252 1200 elatus.

718 1240 773 1292 In
810 1242 924 1307 ipso
955 1250 1131 1293 autem
1166 1238 1437 1303 conﬂictu,
1464 1255 1563 1307 ope
1585 1239 1759 1291 divina
1785 1239 2000 1307 penitus
2028 1237 2256 1289 nudatus

721 1330 974 1383 remansit
1003 1345 1017 1391 ;
1051 1338 1104 1382 et
1134 1344 1229 1397 per
1260 1329 1404 1381 illum
1432 1330 1520 1397 qui
1551 1329 1697 1382 solus
1722 1337 1804 1381 est
1828 1326 2062 1380 omnium
2093 1327 2252 1393 Deus,

718 1419 938 1472 victoria
970 1416 1177 1471 Licinio
1202 1427 1506 1485 comparata
1533 1429 1634 1471 est.
1673 1419 1749 1470 Ac
1775 1419 2005 1484 primum
2036 1416 2253 1484 quidem

719 1510 980 1563 militares
1007 1510 1189 1576 copias
1213 1510 1405 1577 quibus
1436 1510 1668 1562 maxime
1701 1508 2023 1570 confidebat,
2055 1507 2252 1560 amisit.

718 1599 954 1665 Cumque
980 1608 1304 1667 protectores
1335 1612 1463 1652 cum.
1488 1597 1689 1648 nudum
1722 1597 2099 1657 deseruissent,
2121 1607 2170 1648 et
2191 1596 2254 1648 ad

718 1687 978 1741 Licinium
1026 1697 1149 1741 tunc
1210 1688 1462 1740 victorem
1508 1686 1919 1755 transfugissent
1949 1726 1962 1750 ,
2014 1686 2256 1755 protinus

718 1777 925 1847 abiecto
952 1777 1217 1844 imperiali
1243 1776 1387 1830 cultu
1421 1777 1509 1844 qui
1558 1754 1733 1843 ipsum
1760 1777 1977 1829 minime
2009 1754 2250 1840 decebat,
2286 1754 2325 1808 Β

718 1868 904 1933 ignave
937 1865 1218 1919 admodum
1247 1876 1300 1920 et
1333 1882 1518 1935 parum
1552 1866 1779 1919 viriliter
1831 1867 1998 1918 turbre
2044 1880 2101 1941 se
2135 1880 2253 1932 gre-

716 1957 910 2025 galittm
944 1957 1249 2010 immiscuit.
1294 1957 1494 2011 Deinde
1545 1954 1750 2023 fugiens
1778 1997 1794 2022 ,
1845 1967 1899 2010 et
1934 1956 1984 2009 in
2018 1958 2159 2021 suis
2189 1972 2252 2009 ac

716 2048 847 2099 vicis
868 2062 983 2100 sese
1010 2048 1301 2112 occultans,
1329 2049 1448 2100 dum
1489 2049 1663 2119 saluti
1695 2061 1802 2100 suae
1850 2046 2122 2107 consulit,
2164 2046 2249 2099 vix

718 2140 926 2192 tandem
965 2155 995 2193 e
1023 2140 1265 2192 manibus
1312 2139 1539 2191 hastium
1569 2137 1771 2201 evasit;
1809 2136 1985 2190 divina
2015 2137 2099 2189 illa
2128 2152 2251 2189 nra-

714 2230 831 2284 cula
861 2246 984 2283 vera
1019 2246 1236 2300 prorsus
1268 2246 1329 2283 ac
1360 2230 1459 2283 fide
1492 2230 1643 2294 digna
1676 2243 1791 2283 esse
1821 2230 1995 2296 reipsa
2048 2229 2249 2281 confir-

658 2388 665 2394 _
719 2338 907 2387 tnans,
962 2338 1079 2391 qua:
1113 2322 1199 2376 sic
1233 2306 1472 2375 habent}
1517 2339 1534 2371 ι
1579 2320 1689 2373 Non
1718 2319 1951 2373 salvatur
2015 2335 2105 2373 rex
2156 2333 2250 2387 per

714 2414 1105 2467 multitudinem
1138 2412 1348 2465 virtutis
1379 2428 1508 2471 sure.
1541 2426 1635 2463 nec
1670 2412 1815 2479 gigas
1850 2411 2033 2463 salvus
2063 2412 2166 2463 erit
2195 2410 2247 2461 in

716 2504 1056 2556 multitudine
1082 2503 1411 2557 fortitudinis
1440 2518 1564 2555 Sine.
1613 2501 1797 2555 Fallax
1824 2515 1990 2569 equus
2018 2500 2079 2552 ad
2110 2500 2249 2553 salu-

712 2604 816 2648 tem
854 2613 868 2647 :
904 2594 954 2646 in
1009 2593 1333 2646 abundantia
1372 2592 1581 2644 virtutis
1637 2606 1743 2642 sua:
1789 2606 1892 2643 non
1928 2591 2247 2644 servabitur.

712 2685 848 2739 ECCe
878 2683 1015 2737 oculi
1075 2683 1283 2739 Domini
1341 2696 1502 2749 super
1552 2690 1847 2732 metuentes
1878 2694 2021 2745 eum,
2057 2688 2110 2732 et
2159 2680 2247 2745 qui

713 2785 931 2845 sperant
960 2771 1410 2829 iwmisericordia
1439 2770 1551 2844 eius
1586 2786 1598 2820 :
1640 2778 1697 2819 ut
1750 2768 1937 2821 liberet
1989 2784 2017 2820 a
2081 2777 2250 2821 morte

714 2869 924 2919 animas
954 2856 1136 2919 Eorum
1164 2863 1231 2919 ".
1266 2881 1282 2912 ι
1316 2863 1404 2915 Sic
1432 2861 1593 2927 igitur
1624 2868 1875 2926 tyrannus
1901 2872 2018 2911 cum
2044 2873 2251 2910 summo

715 2960 977 3013 dedecore
1024 2967 1180 3023 atque
1233 2955 1541 3024 ignominia”
1587 2952 1651 3003 ad
1704 2960 1881 3017 partes
1928 2950 2133 3017 imperii
2168 2949 2248 3003 sui

719 3062 991 3110 reversus,
1019 3045 1247 3112 primum
1282 3043 1491 3109 quidem
1537 3039 1715 3091 furore
1755 3039 2015 3106 percitus,
2061 3038 2251 3090 multos

716 3136 1021 3191 Sacerdotes
1050 3149 1111 3187 ac
1142 3133 1427 3201 prophetas
1460 3131 1677 3183 deorum
1708 3143 1943 3188 suorum,
1972 3134 2105 3194 quos
2134 3135 2254 3180 ante

719 3230 1058 3291 suspexerat,
1092 3232 1145 3275 et
1196 3235 1422 3288 quorum
1463 3218 1692 3271 oraculis
1739 3218 2006 3269 excitatus
2060 3216 2250 3268 bellum

719 3324 1052 3381 susceperat,
1088 3321 1337 3379 tanquam
1380 3309 1795 3376 pra‘stigiatores
1820 3322 1879 3360 ac
1901 3312 2209 3374 deccptores
2233 3346 2247 3368 ,

722 3415 881 3469 atque
916 3401 1131 3468 insuper
1180 3399 1366 3451 salutis
1418 3412 1525 3450 suae
1582 3396 1877 3464 proditores
1927 3398 2041 3449 neci
2087 3396 2249 3449 dedit.

723 3492 964 3546 l‘oslhaec
996 3506 1113 3543 cum
1159 3488 1582 3542 Christianorum
1618 3487 1728 3541 Deo
1758 3486 1979 3555 gloriam
2014 3487 2251 3539 laudem-

721 3596 824 3650 que
855 3581 1145 3642 tribuisset,
1179 3593 1230 3633 et
1263 3578 1709 3633 absolutissimam
1747 3588 1905 3645 atque
1927 3577 2248 3630 uberrimam

721 3676 889 3742 legem
923 3688 1017 3741 pro
1049 3672 1353 3725 eorumdem
1384 3670 1808 3723 Christianorum
1837 3669 2080 3723 libertate
2108 3670 2251 3723 tulis-

720 3778 822 3829 set,
856 3781 976 3819 mox
1011 3764 1320 3834 gravissima
1375 3762 1685 3830 aegritudine
1731 3771 2010 3830 correptus
2035 3798 2050 3825 ,
2109 3760 2250 3814 nulla

721 3858 817 3926 ipsi
851 3856 1100 3909 dilatione
1131 3870 1389 3909 concessa
1421 3891 1437 3917 ,
1497 3864 1794 3907 extremum
1842 3852 1978 3906 diem
2035 3851 2246 3906 clausit.

723 3951 825 4003 Lex
856 3964 1013 4018 porro
1043 3949 1107 4002 ab
1145 3948 1235 4002 illo
1260 3948 1451 4001 emissa
1482 3948 1559 4000 sic
1592 3946 1749 3999 habet
1776 3960 1791 3997 :

724 4043 1024 4110 Exemplum
1062 4041 1436 4110 constitutionis
1469 4057 1498 4092 α
1544 4048 1763 4110 tyranno
1801 4051 1892 4110 pro
1933 4032 2247 4102 Christianis

788 4103 947 4176 datin,
1000 4122 1048 4163 et
1107 4125 1171 4162 ex
1209 4108 1392 4162 Latino
1434 4103 1665 4162 sermone
1710 4107 1763 4159 in
1813 4103 2047 4157 ercum
2076 4112 2248 4154 trans-

792 4183 932 4235 Ialm.

794 4287 811 4318 ι
846 4266 1136 4335 Imperator
1177 4264 1356 4320 Caesar
1400 4265 1563 4319 Caius
1608 4263 1853 4317 Valerius
1898 4261 2241 4321 Maximinus,

722 4353 881 4424 36h,
895 4352 1259 4418 Germanicus,
1276 4354 1620 4415 Sarmaticus,
1640 4356 1783 4417 Pius,
1802 4355 1967 4419 Felix,
1988 4356 2245 4421 Invictus,
2282 4402 2323 4455 Β

726 4448 1013 4513 Augustus.
1048 4442 1459 4495 Provincialium
1495 4454 1794 4497 nostrorum
1832 4446 2047 4497 utilitati
2074 4445 2246 4497 omni-

727 4534 828 4587 bus
857 4534 1027 4586 modis
1056 4548 1153 4584 nos
1202 4541 1451 4603 perpetuo
1486 4534 1789 4597 consulere,
1822 4550 1989 4601 eaque
2022 4535 2153 4601 ipsis
2181 4535 2248 4586 li-

792 4658 833 4688 "
868 4657 1004 4709 Psal.
1033 4668 1202 4717 χχιιι,
1243 4652 1419 4704 ιιι-ιιι.

794 4793 903 4861 (66)
940 4793 1011 4845 Τὰ
1043 4791 1233 4845 πάντα
1264 4789 1530 4856 κινήσας.
1578 4790 1756 4844 Nostri
1807 4794 2017 4861 codices
2068 4808 2251 4848 omnes

726 4860 921 4915 habent
947 4862 1203 4929 κυκήσας.
1236 4861 1383 4923 Quod
1416 4860 1696 4929 confirmat
1722 4862 1879 4912 etiam
1905 4860 2251 4927 Nicephorus.

727 4935 901 4994 Quare
928 4926 1108 4982 nesci-0
1151 4933 1287 4980 ttnde
1329 4929 1587 4995 vulgatam
1638 4926 1964 4993 Scripturatn
2020 4926 2254 4984 hauserit

728 5000 858 5051 liub.
892 5000 1210 5065 Stephanus.
1253 4996 1383 5046 Nam
1406 5006 1459 5047 et
1488 4995 1679 5060 Regius
1709 4999 1902 5060 codex,
1934 5012 2088 5061 quem
2140 5001 2254 5049 ubi-

727 5084 829 5130 que
875 5067 1179 5134 Stephanus
1223 5066 1519 5132 expressit,
1561 5065 1758 5116 diserte
1797 5068 2051 5132 scriptum
2095 5068 2254 5119 habet

727 5138 985 5218 κυκήσας.
1154 5203 1165 5218 1
1288 5200 1312 5210 _

726 5200 905 5323 4L"$67)
938 5203 1209 5267 Λικιννίῳ
1243 5200 1349 5267 τῆς
1380 5200 1546 5266 νίκης
1574 5202 1640 5265 ἐξ
1664 5201 1848 5253 αὑτοῦ
1888 5203 1990 5255 τοῦ
2020 5202 2255 5256 πάντων

830 5295 859 5323 (τ
914 5272 1010 5323 καὶ
1066 5273 1247 5323 ιιόνου
1308 5269 1451 5321 Θεοῦ
1527 5286 1696 5323 πουτ.
1745 5270 1851 5323 lluc
1910 5272 2022 5323 loco
2085 5272 2251 5323 nostri

830 5269 1010 5336 ς’καὶ
1060 5273 1247 5339 μόνου
1308 5269 1451 5339 Θεοῦ
1527 5286 1696 5336 πρυτ.
1745 5270 1851 5323 lluc
1910 5272 2022 5324 loco
2085 5272 2251 5324 nostri

730 5343 880 5394 rodd.
921 5336 1076 5403 Μαι,
1114 5341 1250 5393 Med.
1275 5350 1323 5392 el
1357 5336 1485 5390 Fuk.
1508 5340 1705 5406 aliquot
1743 5355 1899 5390 voces
1932 5344 2252 5392 ittlt-rserttnt

731 5408 1215 5480 ill-illlﬂC_|||0dlll|i
1268 5426 1280 5461 :
1320 5406 1396 5474 τῷ
1440 5407 1586 5480 τότε-
1617 5407 1921 5480 κρατοῦντι
1959 5424 2252 5480 πρυτανευ-

731 5476 923 5543 οείσης.
960 5478 1082 5541 Quae
1114 5491 1265 5528 voces
1292 5492 1413 5529 cum
1468 5475 1622 5526 tertia
1658 5475 1863 5529 abhinc
1894 5475 2026 5530 linea
2060 5479 2245 5530 iterum

734 5544 989 5605 legantur,
1022 5562 1199 5609 parum
1236 5548 1319 5597 hic
1350 5545 1661 5596 necessaria:
1691 5555 1832 5595 sunt.

803 5613 909 5679 ((38)
953 5614 1301 5666 'Oalmxt'r.
1336 5614 1615 5667 Pedestres
1646 5612 1911 5666 Haximini
1953 5614 2251 5683 copi-gin-

2356 513 2543 583 βραχεῖ
2572 514 2640 567 τὰ
2674 516 2847 569 πάντα
2884 517 3125 586 κυκήσας
3160 515 3287 587 (66),
3326 516 3505 569 πᾶσάν
3535 534 3595 568 τε
3632 518 3780 572 πόλιν
3807 524 3876 573 ὲκο

2351 603 2616 675 ταράξας,
2652 606 2745 659 καὶ
2779 606 2884 659 πᾶν
2919 606 3270 678 στρατόπεδον
3311 606 3584 677 μυριάδων
3614 609 3676 660 τὸ
3710 610 3874 679 πλῆθος

2353 696 2661 766 ἀνηρίθμων
2694 696 3027 765 συναγαγὼν,
3063 697 3257 762 ἔξεισιν
3295 699 3373 760 εἰς
3409 699 3587 769 μάχην
3622 700 3764 770 αὐτῷ
3793 720 3873 753 παι

2356 786 2736 856 ραταξάμενος,
2785 787 3052 857 δαιμόνων
3096 790 3304 842 ἐλπίσιν
3346 784 3419 843 ὧν
3463 791 3525 861 δὴ
3573 788 3711 861 ᾤετο
3742 791 3871 853 θεῶν,

2352 875 2444 928 καὶ
2474 879 2589 939 ταῖς
2619 876 2725 929 τῶν
2752 877 2980 931 ὁπλιτῶν
3023 880 3291 950 μυριάσιν,
3323 881 3417 951 τὴν
3457 882 3632 952 ψυχὴν
3661 886 3872 953 ἐπῃρμέ-

2352 982 2458 1026 νος.
2494 966 2601 1018 Καὶ
2646 965 2710 1035 δὴ
2760 966 3044 1036 συμϐαλὼν
3081 972 3157 1031 εἰς
3200 972 3403 1040 χεῖρας,
3448 971 3652 1040 ἔρημος
3699 970 3784 1039 τῆς
3824 974 3872 1024 ἐκ

2352 1054 2484 1107 Θεοῦ
2524 1054 2841 1108 καθίσταται
2874 1060 3202 1129 ἐπισκοπῆς,
3236 1060 3487 1131 Λικιννίῳ
3517 1064 3615 1131 τῆς
3655 1062 3800 1131 νίκης
3827 1062 3872 1125 ἐξ

2354 1147 2515 1200 αὑτοῦ
2587 1146 2675 1200 τοῦ
2743 1149 2954 1201 πάντων
3018 1152 3130 1214 ἐνὸς
3190 1153 3281 1205 καὶ
3329 1153 3485 1222 μόνου
3546 1153 3676 1205 Θεοῦ
3762 1172 3871 1223 πρυ-

2352 1237 2695 1309 τανευθείσης
2737 1237 2865 1307 (67).
2911 1241 3188 1295 Ἀπόλλυσι
3248 1242 3311 1313 δὴ
3379 1244 3589 1313 πρῶτον
3620 1244 3679 1296 τὸ
3730 1237 3869 1312 ἐφ’ᾦ

2354 1326 2627 1379 ἐπεποίθει
2686 1328 2953 1382 ὁπλιτικὸν
3002 1330 3130 1399 (68),
3174 1331 3278 1385 τῶν
3323 1350 3381 1384 τε
3442 1332 3577 1403 ἀμφ’
3612 1334 3767 1387 αὑτὸν
3806 1333 3869 1385 δο-

2357 1418 2601 1488 ρυφόρων
2645 1418 2846 1487 γυμνὸν
2902 1420 2995 1471 καὶ
3030 1421 3239 1473 πάντων
3271 1421 3469 1491 ἔρημον
3526 1422 3689 1475 αὑτὸν
3731 1440 3866 1475 κατα-

2352 1505 2700 1570 λελοιπότων,
2753 1507 2845 1559 καὶ
2896 1508 2970 1576 τῷ
3023 1508 3141 1559 τότε
3178 1508 3476 1578 ’κρατοῦντι
3552 1525 3865 1578 προσπεφευ-

2353 1596 2545 1664 γότων,
2585 1596 2815 1659 ὑπεκδὺς
2856 1598 2883 1649 ό
2921 1598 3147 1661 δείλαιος
3173 1598 3246 1661 ὡς
3287 1599 3511 1667 τάχιστα
3543 1600 3632 1652 τὸν
3662 1602 3720 1652 οὐ
3764 1601 3868 1670 πρέ-

2355 1702 2520 1738 ποντα
2561 1686 2706 1756 αὐτῷ
2741 1687 3009 1756 βασιλικὸν
3042 1688 3257 1759 κόσμον,
3288 1689 3470 1754 δειλῶς
3502 1692 3592 1743 καὶ
3632 1691 3865 1757 δυσγενὰ

2354 1777 2445 1830 καὶ
2484 1776 2752 1847 ἀνάνδρως
2796 1778 3040 1832 ὑποδύνει
3087 1780 3144 1831 τὸ
3191 1779 3411 1848 πλῆθος,
3458 1781 3692 1833 κᾶπειτα
3726 1781 3862 1832 διαδι-

2352 1867 2571 1938 δράσκει
2602 1868 3040 1939 κρυπταζόμενός
3071 1886 3125 1921 τε
3164 1868 3263 1921 ἀνὰ
3291 1870 3416 1931 τοὺς
3446 1870 3645 1939 ἀγροὺς
3683 1871 3767 1921 καὶ
3788 1870 3864 1931 τὰς

2353 1959 2559 2028 κώμας,
2600 1959 2747 2030 μόλις
2776 1960 2880 2013 τῶν
2912 1960 3175 2029 πολεμίων
3200 1960 3295 2022 τὰς
3323 1964 3526 2031 χεῖρας,
3556 1961 3625 2013 τὰ
3653 1961 3749 2030 τῆς
3781 1979 3862 2012 σω-

2350 2049 2541 2118 τηρίας
2585 2048 2730 2118 αὑτῷ
2766 2048 3147 2120 προμνώμενος
3190 2049 3452 2115 διέξεισιν,
3502 2050 3680 2120 ἔργοις
3716 2050 3863 2111 αὐτοῖς

2350 2133 2407 2189 εὖ
2432 2136 2591 2206 μάλα
2634 2137 2851 2200 πιστοὺς
2886 2140 2976 2190 καὶ
3006 2139 3217 2209 ἀληθεῖς
3246 2139 3369 2201 τοὺς
3408 2138 3580 2200 θείους
3618 2139 3863 2208 ἀποφήνας

2350 2225 2645 2298 χρησμοὺς,
2666 2230 2721 2279 ἐν
2741 2225 2819 2291 οἷς
2845 2228 3086 2300 εἴρηται’
3119 2249 3136 2280 ι
3176 2231 3249 2282 Οὐ
3282 2229 3504 2293 σώζεται
3534 2228 3771 2298 βασιλεὺς
3797 2230 3863 2280 διὰ

2348 2316 2545 2387 πολλὴν
2571 2316 2813 2387 δύναμιν,
2861 2318 2953 2369 καὶ
2994 2318 3149 2386 γίγας
3178 2320 3235 2370 οὐ
3270 2318 3567 2388 σωθήσεται
3602 2320 3659 2370 ὲν
3703 2318 3861 2387 πλήθει

2352 2406 2528 2477 ἰσχύος
2579 2408 2772 2459 αὑτοῦ·
2827 2408 3021 2479 ψευδὴς
3062 2410 3221 2471 ἵππος
3276 2411 3353 2470 εἰς
3405 2408 3693 2477 σωτηρίαν,
3730 2409 3780 2460 ὲν
3819 2409 3861 2459 δὲ

2350 2497 2538 2567 πλήθει
2563 2498 2836 2567 δυνάμεως
2860 2499 3019 2550 αὑτοῦ
3048 2500 3105 2549 οὺ
3136 2497 3447 2568 σωθήσεται.
3486 2499 3614 2550 Ἰδοὺ
3637 2501 3683 2552 οἱ
3706 2498 3861 2566 63:041-

2352 2591 2438 2659 μοὶ
2466 2590 2665 2659 Κυρίου
2699 2591 2788 2642 ἐπὶ
2816 2592 2937 2653 τοὺς
2977 2590 3334 2659 φοϐουμένους
3377 2591 3557 2654 αὐτὸν,
3592 2592 3709 2654 τοὺς
3740 2592 3859 2643 ἐλπί-

2349 2680 2534 2743 ζοντας
2564 2682 2653 2731 ἐπὶ
2678 2682 2735 2732 τὸ
2769 2681 2910 2742 ἔλεος
2936 2680 3118 2741 αὑτοῦ,
3152 2680 3411 2749 ῥύσασθαι
3445 2684 3508 2733 ἐκ
3540 2682 3757 2733 θανάτου
3784 2682 3859 2739 τὰς

2347 2772 2520 2841 ψυχὰς
2546 2771 2738 2824 αὐτῶν.
2773 2790 2792 2821 ›
2825 2770 2977 2823 Οὕτω
3013 2756 3147 2840 δῆτα
3172 2770 3426 2841 αἰσχύνης
3457 2771 3700 2839 ἔμπλεως
3732 2772 3757 2822 ὁ
3784 2771 3858 2821 τύ-

2353 2878 2537 2931 ραννος
2568 2861 2658 2911 ἐπὶ
2685 2859 2752 2911 τὰ
2784 2859 2900 2912 καθ’
2929 2861 3115 2912 ἑαυτὸν
3150 2859 3312 2911 ἐλθὼν
3350 2861 3505 2929 μέρη,
3540 2860 3743 2929 πρῶτον
3781 2860 3859 2927 μὲν

2350 2953 2579 3020 ἐμμανεί
2599 2950 2772 3019 θυμῷ,
2808 2950 3027 3011 πολλοὺς
3056 2952 3215 3018 ἱερεῖς
3238 2950 3327 3000 καὶ
3354 2951 3633 3019 προφήτας
3653 2950 3753 3001 τῶν
3779 2952 3857 3001 πά-

2354 3040 2441 3092 λαι
2475 3038 2889 3108 Θαυμαζομένων
2927 3039 3068 3108 αὐτῷ
3109 3038 3260 3101 θεῶν,
3295 3032 3367 3091 ὧν
3402 3038 3463 3107 δὴ
3488 3042 3597 3102 τοῖς
3631 3045 3858 3111 χρησμοῖς

2354 3128 2754 3200 ἀναῤῥιπισθεὶς
2779 3129 2865 3180 τὸν
2894 3129 3123 3199 πόλεμον
3149 3130 3332 3199 ἤρατο,
3363 3128 3438 3190 ὡς
3466 3128 3531 3181 ἂν
3568 3130 3756 3199 γόητας
3788 3134 3857 3183 καὶ

2352 3218 2663 3280 ἀπατεῶνας
2689 3219 2781 3271 καὶ
2807 3220 2895 3271 ἐπὶ
2928 3220 3053 3271 πᾶσι
3083 3219 3335 3289 προδότας
3362 3220 3456 3289 τῆς
3488 3220 3648 3271 αὐτοῦ
3671 3218 3856 3290 γενϐμέ-

2350 3326 2469 3371 νους
2500 3306 2788 3379 σωτηρίας,
2820 3309 3045 3378 ἀναιρεῖ,
3088 3307 3205 3361 εἶτα
3234 3309 3293 3379 δὴ
3325 3308 3443 3371 δοὺς
3478 3310 3631 3375 δόξαν
3666 3311 3737 3381 τῷ
3770 3311 3854 3363 τῶν

2349 3398 2679 3468 Χριστιανῶν
2718 3397 2851 3466 Θεῷ,
2888 3398 3045 3467 νόμον
3082 3414 3139 3449 τε
3170 3398 3255 3449 τὸν
3289 3399 3424 3468 ὑπὲρ
3451 3399 3749 3469 ἐλευθερίας
3776 3400 3853 3450 αὖ·

2348 3489 2454 3541 τῶν
2496 3488 2794 3541 τελεώτατα
2838 3489 2928 3541 καὶ
2974 3489 3309 3559 πληρέστατα
3332 3489 3725 3560 διαταξάμενος,
3750 3489 3853 3540 δυσ-

2349 3579 2645 3648 θανατήσας
2692 3578 2902 3636 αὐτίκα.
2946 3578 3206 3649 μηδεμιᾶς
3243 3579 3387 3647 αὐτῷ
3419 3580 3606 3649 χρόνου
3646 3578 3851 3645 δοθείσης

2348 3669 2695 3741 προθεσμίας,
2736 3670 2953 3739 τελευτᾷ
2981 3669 3069 3721 τὸν
3104 3669 3235 3738 βίον.
3278 3672 3335 3722 '0
3378 3670 3433 3722 δὲ
3481 3668 3852 3739 καταπεμφθεὶς

2347 3761 2436 3814 ὑπ’
2457 3761 2616 3814 αὑτοῦ
2641 3761 2819 3831 νόμος,
2842 3761 3075 3823 τοιοῦτος
3092 3757 3156 3831 ἧν
3181 3778 3193 3790 ·

2357 4029 2737 4106 ’Διττιγραφοτ
2767 4028 3076 4106 ἑρμηνείας
3102 4024 3210 4106 τῆς
3247 4024 3352 4106 τοᾷ
3403 4021 3694 4106 τυρός-νου
3716 4018 3849 4106 ’ὑπὲρ

2414 4094 2774 4165 Χριοντιὰνὼν
2796 4094 3120 4158 διατάξεως
3139 4134 3153 4154 ,
3183 4094 3249 4165 ἐκ
3281 4094 3601 4165 Ῥωμαικῆς
3625 4094 3850 4159 τλώπης

2413 4164 2498 4232 εἷς
2521 4168 2631 4233 τὴν
2669 4165 2918 4219 Ἑλλάδα
2941 4164 3437 4232 μεταληφθεισης.

2420 4275 2437 4307 ι
2461 4254 2810 4323 Αὐτοκράτωρ
2837 4254 3042 4320 Καῖσαρ
3091 4252 3246 4311 Γαῖος
3262 4249 3549 4315 Οὐαλέριος
3566 4246 3847 4317 Μαξιμίνος,
3902 4294 3907 4297 ,

2346 4343 2695 4413 Γερμανικὸς,
2725 4342 3078 4411 Σαρματικδς,
3108 4339 3365 4405 Εὐσεϐὴς,
3395 4337 3847 4408 ΕὐτυχὴςῼΑνίχηο

2350 4450 2458 4494 τος,
2490 4430 2767 4491 Σεϐαστός.
2813 4431 2967 4483 Κατά
3022 4429 3195 4481 πάντα
3213 4428 3410 4497 τρόπον
3444 4430 3589 4498 ἡμᾶς
3624 4427 3847 4499 διηνεκῶς

2350 4521 2455 4573 τῶν
2498 4516 2845 4589 ἐπαρχιωτῶν
2884 4518 2989 4569 τῶν
3026 4517 3301 4587 ἡμετέρων
3337 4514 3429 4567 τοῦ
3468 4518 3723 4587 χρησίμου
3743 4534 3847 4588 προ-

2349 4791 2510 4857 telligi
2564 4799 2707 4855 puto.
2747 4787 2911 4857 Porro
2944 4788 3010 4841 de
3041 4787 3140 4839 hac
3181 4786 3451 4840 Maximini
3479 4805 3647 4857 pugna
3684 4791 3842 4842 adrer-

2349 4878 2438 4915 sns
2467 4855 2739 4911 Licinium
2792 4857 2843 4907 in
2890 4855 3100 4924 Illyrico
3146 4858 3288 4907 solus
3333 4872 3396 4908 ex
3434 4855 3696 4913 historicis
3723 4861 3843 4913 Zosi—

2350 4944 2467 4981 nms
2505 4928 2737 4996 loquitur
2769 4926 2821 4976 in
2850 4925 2950 4996 lib.
2985 4940 3044 4985 Il,
3077 4925 3160 4976 ubi
3196 4924 3383 4996 scribit
3414 4926 3667 4981 Licinium
3696 4933 3841 4996 primo

2348 4998 2561 5065 quidem
2585 4994 2787 5065 cladem
2804 4994 3041 5065 aliquam
3062 4994 3330 5065 accepisse
3355 5011 3367 5045 :
3393 4997 3484 5048 sed
3503 5013 3619 5050 mox
3649 4994 3840 5065 repetita

2350 5060 2571 5131 prelio,
2606 5061 2941 5112 Maximinum
2992 5062 3042 5112 in
3096 5060 3269 5129 fugam
3305 5078 3515 5116 versum
3554 5068 3615 5117 ad
3640 5060 3839 5119 Orientis

2350 5130 2526 5199 partes
2552 5144 2609 5201 se
2629 5130 2911 5201 recepisse,
2936 5138 2991 5181 et
3016 5132 3080 5201 de
3100 5133 3394 5201 reparando
3421 5138 3838 5201 exercitucogua-

2350 5197 2508 5250 visse.
2550 5197 2699 5262 Quod
2728 5197 3189 5263 quidem‘miriftce
3225 5203 3472 5252 convenit
3514 5218 3631 5255 cum
3656 5197 3834 5255 Eusebii

2352 5267 2518 5320 nostri
2548 5267 2868 5326 narratione,
2898 5267 2985 5331 qui
3012 5269 3196 5319 scribit
3217 5267 3556 5322 Maximinum
3580 5272 3691 5323 fuso
3711 5283 3837 5321 exer—

2348 5338 2456 5387 citu
2498 5350 2611 5399 suo,
2642 5336 2707 5386 ad
2738 5348 2861 5385 suas
2888 5347 3084 5400 partes,
3115 5336 3162 5388 id
3191 5347 3275 5387 est
3310 5339 3361 5389 in
3398 5337 3666 5391 Orientem
3692 5354 3745 5391 se
3770 5350 3835 5387 re-

2348 5405 2571 5471 cepisse.
2614 5403 2791 5469 Pugna
2822 5403 2979 5474 igitur
3011 5405 3105 5474 illa
3132 5406 3183 5455 in
3213 5404 3434 5473 Europa:
3473 5408 3706 5474 partibus
3753 5419 3830 5471 pu-

2350 5481 2502 5532 gnata
2537 5482 2637 5535 est,
2673 5485 2812 5523 anno
2853 5472 3044 5524 Christi
3099 5473 3220 5533 515,
3271 5472 3617 5527 Constantino
3670 5488 3721 5524 nt
3792 5482 3831 5521 et

2350 5539 2551 5592 Licinio
2579 5557 2637 5592 ιιι
2691 5550 2917 5597 coss..nt
2953 5550 3093 5595 recte
3118 5552 3262 5595 notat
3292 5542 3543 5609 Sigonius
3578 5543 3631 5596 il
3656 5542 3738 5595 lib.
3764 5552 3828 5600 In,

2352 5611 2423 5661 De
2452 5609 2767 5662 Occidente“
2792 5610 3020 5675 inperio.
