3954 6346
81 223 256 296 837'

1030 239 1376 295 HISTORIA}
1413 235 1830 296 ECCLESIAST
1831 238 1964 298 1οΕ
2005 243 2136 299 LIB.
2177 241 2266 300 ΙΧ.

3163 243 3266 299 838

83 359 310 420 πεσόντα,
351 358 526 428 πηρὸν
553 359 710 411 αὐτὸν
737 359 973 428 ἀφίησιν.
1013 361 1071 411 '0
1097 361 1142 412 δ’
1179 361 1267 411 ἐπὶ
1297 359 1500 439 τούτοις
1535 360 1615 444 ἐτι

1720 363 1830 416 hac
1894 380 1953 417 se
2027 366 2230 432 perpeti
2312 365 2626 428 malesana,
2687 361 2920 417 animam
2976 362 3264 423 exhalavit,

84 449 328 516 ἐμπνέων,
353 451 872 519 άνθομολογούμενος
899 451 976 518 τῷ
1008 451 1214 520 Κυρίῳ,
1264 450 1488 504 θάνατον
1535 455 1624 504 ἐπ.

82 537 322 599 εκαλείτο,
355 539 530 592 καὶτὸ
573 538 922 604 πανύστατον,
955 541 1174 602 ἐνδίκως
1197 539 1366 592 ταῦτα
1392 540 1489 609 τῆς
1512 542 1651 595 κατὰ
1679 544 1772 598 τοῦ
1803 543 2032 616 Χριστοῦ
2057 546 2338 616 παροινίας
2377 545 2532 616 χάριν
2583 543 2912 615 ὁμολογήσας
2938 541 3145 606 παθεῖν,
3169 547 3264 611 τὴν

82 629 241 697 ψυχὴν
268 629 510 696 ἁφιησιν.

576 719 964 770 ΚΕΦᾹΛΑῙΟΝ
998 721 1099 774 iA'.

83 806 208 872 Περὶ
236 805 341 872 τῆς
379 804 641 872 ὑστάτης
674 807 968 872 ἀπωλείας
1000 807 1117 860 τῶν
1144 808 1251 874 τῆς
1285 810 1623 874 θεοσεϐείας

443 876 666 942 ἐχθρῶν
689 878 824 945 (hic.
859 877 1007 928 (LE.
1050 893 1142 938 vn,
1168 879 1276 946 59).

144 966 294 1019 οὕτω
317 967 451 1035 δῆτα
477 966 779 1035 Μαξιμίνου
810 968 1049 1021 ἐκποδὼν
1081 970 1391 1039 γενομένου,
1421 971 1496 1032 ὡς
1526 971 1622 1040 μό-

84 1074 160 1118 νος
185 1057 263 1108 ἐτι
287 1057 481 1110 λείπων
509 1056 616 1108 τῶν
647 1057 745 1125 τῆς
775 1058 1078 1122 θεοσεϐείας
1108 1061 1337 1130 ἐχθρῶν,
1373 1061 1623 1113 ἁπάντων

85 1149 330 1217 χείριστος
365 1149 674 1219 ἀναπέφηνε
699 1188 713 1210 ,
762 1149 828 1202 τὰ
885 1151 982 1219 μὲν
1023 1151 1123 1220 τῆς
1167 1152 1272 1204 τῶν
1323 1153 1655 1229 ἑκκλησιῶνΙ

85 1236 410 1300 ἀνανεώσεως
443 1240 507 1291 ὲκ
548 1238 806 1308 θεμελίων
836 1242 1012 1310 χάριτι
1043 1241 1174 1294 Θεοῦ
1208 1243 1300 1295 τοῦ
1327 1242 1623 1312 παντοκράτ-

85 1341 224 1394 τορος
266 1325 533 1396 ἠγείρετο,
576 1329 605 1379 ὅ
650 1344 707 1379 τε
737 1329 970 1399 Χριστοῦ
1005 1330 1156 1398 λόγος
1203 1333 1284 1393 είς
1336 1332 1490 1394 δόξαν
1529 1331 1647 1385 τοῦ’

85 1414 178 1464 τῶν
202 1413 332 1466 ὅλων
353 1416 486 1468 Θεοῦ
516 1416 849 1486 διαλάμπων,
880 1420 1093 1488 μείζονα
1130 1419 1226 1488 τὴν
1269 1421 1501 1490 πρόσθεν
1527 1423 1624 1474 άπ-

89 1503 342 1572 ελάμϐανε
372 1507 701 1577 παρρησίαν,
730 1506 798 1558 τὰ
835 1508 888 1561 δὲ
930 1509 1025 1578 τῆς
1053 1510 1360 1572 δυσσεϐείας
1388 1512 1493 1562 τῶν
1524 1512 1623 1579 τῆς

86 1592 369 1656 θεοσεϐείας
417 1597 620 1668 ἐχθρῶν
673 1599 931 1668 αίσχύνης
980 1599 1070 1652 καὶ
1120 1600 1342 1668 ἀτιμίας
1390 1602 1622 1671 ἐσχάτης

86 1685 453 1753 ἐνεπίμπλατο.
507 1689 724 1758 Πρῶτός
769 1707 826 1741 τε
867 1691 973 1760 γὰρ
1006 1690 1166 1750 αὐτὸς
1209 1694 1412 1753 ἐκεῖνος
1447 1692 1621 1757 Malit-

64 1777 243 1840 μῖνος,
267 1776 516 1829 ἁπάντων
540 1778 935 1848 πολεμιώτατος
959 1779 1066 1850 (79)
1103 1781 1206 1832 ὑπὸ
1228 1781 1334 1833 τῶν
1363 1782 1621 1852 κρατούν-

84 1885 177 1919 των
211 1868 621 1938 άναγορευθεὶς,
663 1870 1078 1932 δυσσεϐέστατος
1107 1871 1200 1924 καὶ
1229 1870 1621 1941 δυσωνυμώτα-

84 1975 162 2018 τος
198 1961 288 2011 καὶ
332 1958 745 2030 θεομισέστατος
776 1959 1032 2027 τύραννος
1063 1960 1149 2012 διὰ
1178 1962 1623 2030 προγράμμάτων

83 2044 334 2113 δημοσίων
379 2045 804 2114 ἁνεστηλίτευτο,
847 2046 1052 2115 γραφαί
1093 2064 1151 2098 τε
1193 2050 1312 2100 ὃσαι
1351 2053 1430 2111 είς
1462 2049 1623 2118 τιμὴν

85 2134 232 2186 αὑτοῦ
274 2135 366 2186 καὶ
406 2134 513 2186 τῶν
544 2133 704 2186 αὑτοῦ
736 2135 935 2186 παίδων
967 2138 1105 2188 κατὰ
1140 2139 1314 2190 πᾶσαν
1348 2139 1624 2193 ἀνέκειντο

85 2225 244 2286 πόλιν,
275 2229 326 2277 αἱ
361 2226 458 2294 μὲν
489 2223 546 2288 ἐξ
574 2223 736 2292 ῦψους
767 2229 844 2288 είς
892 2226 1080 2294 ἔδαφος
1124 2228 1473 2297 ῥιπτούμεναι
1507 2247 1623 2282 συν-

84 2316 356 2384 ετρίϐοντο,
395 2316 451 2367 αἱ
479 2315 530 2368 δὲ
560 2315 654 2376 τὰς
695 2317 980 2386 προσόψεις
1006 2317 1332 2386 ἠχρειοῦντο,
1368 2321 1621 2391 σκοτεινῷ

85 2404 313 2474 χρώματι
361 2404 922 2476 καταμελανούμεναι,
957 2407 1280 2478 ἀνδριάντων
1321 2426 1380 2460 τε
1425 2412 1621 2478 ὁμοίως

81 2495 252 2546 ὁπόσοι
280 2496 357 2556 είς
385 2495 483 2564 τὴν
517 2493 676 2546 αὑτοῦ
706 2495 866 2566 τιμὴν
891 2496 1303 2565 διανεστήκεσαν
1322 2537 1336 2559 ,
1363 2497 1620 2561 ὡσαύτως

86 2586 412 2655 ῥιπτούμενοι
461 2585 862 2656 συνετρίϐοντο,
919 2588 1089 2655 γέλως
1143 2592 1237 2642 καὶ
1282 2591 1470 2642 παιδιὰ
1511 2594 1619 2652 τοῖς

83 2676 361 2746 ἐνυϐρίζειν
381 2679 474 2730 καὶ
495 2680 838 2749 ὲμπαροινεῖν
862 2678 1126 2733 ἐθέλουσιν
1146 2682 1292 2734 ὲκκεί
1301 2699 1466 2752 μενοι.
1489 2679 1620 2735 Εἶτα

82 2765 130 2818 δὲ
153 2767 376 2819 καὶτῶν
408 2767 579 2819 ἄλλων
621 2767 718 2836 τῆς
755 2766 1056 2830 θεοσεϐείας
1101 2769 1306 2838 ἐχθρῶν
1347 2771 1513 2821 πᾶσαι
1563 2772 1618 2822 al

83 2858 225 2925 τιμαὶ·
263 2857 646 2927 περιῃροῦντο,
679 2857 976 2910 ἐκτείνοντο
1017 2859 1073 2911 δὲ
1113 2861 1206 2912 καὶ
1243 2860 1439 2922 πάντες
1476 2863 1522 2912 oi
1551 2860 1619 2913 τὰ

83 2947 366 3016 Μαξιμίνου
394 2947 731 3017 φρονοῦντες,
761 2949 872 3000 ὅσοι
903 2949 1131 3018 μάλιστα
1151 2951 1255 3003 τῶν
1288 2954 1345 3004 ὲν
1377 2954 1619 3022 ἀρχικοῖς

84 3036 366 3106 ὰξιιῖιμασιν
409 3040 500 3090 ὑπ’
532 3039 694 3091 αὑτοῦ
747 3040 1128 3110 τετιμημένοι,
1175 3045 1238 3112 τῇ
1285 3043 1419 3112 πρὸς
1462 3043 1619 3095 αὑτὸν

82 3122 324 3193 κολακείᾳ
347 3125 588 3194 σοϐαρῶς
611 3125 1023 3196 ἐνεπαρῴνησαν
1044 3127 1119 3197 τῷ
1143 3129 1260 3181 καθ’
1283 3133 1428 3200 ἡμᾶς
1456 3131 1615 3202 λόγῳο

2335 718 2558 798 canor
2580 717 2669 770 XI.

1827 831 1902 886 De
1927 806 2109 884 ultimo
2127 832 2282 884 exitio
2309 815 2534 883 hostium
2551 829 2862 882 Christiane
2881 828 3160 896 religionis.

1789 968 1848 1018 In
1880 967 2022 1019 hunc
2044 965 2208 1050 igitur
2234 965 2445 1017 modum
2472 962 2682 1015 sublato
2711 978 2741 1016 e
2795 963 2929 1015 vivis
2957 961 3261 1023 Maximino,

1720 1057 1810 1124 qui
1845 1055 1989 1110 solus
2013 1070 2079 1107 ex
2113 1054 2382 1122 religionis
2409 1054 2650 1106 hostibus
2689 1054 2864 1106 adhuc
2910 1052 3128 1104 relictus
3156 1067 3266 1104 om-

1721 1161 1816 1199 nes
1840 1145 2176 1213 improbitate
2199 1145 2490 1211 superavit,
2520 1143 2870 1196 ecclesiarum
2902 1141 3113 1209 quidem
3137 1143 3266 1195 adi-

1722 1237 1838 1288 licia
1873 1235 2249 1302 omnipotentis
2277 1235 2367 1287 Dei
2397 1234 2658 1286 beneﬂcio
2690 1233 2757 1286 ab
2795 1234 2927 1300 ipsis
2947 1231 3266 1284 fundamen—

1723 1327 1790 1378 tis
1825 1336 2075 1377 renovata
2105 1326 2537 1388 exstruebantur,
2580 1324 2887 1390 Christique
2915 1323 3159 1376 doctrina
3199 1321 3266 1373 ad

1721 1416 1940 1484 gloriam
1999 1415 2189 1467 summi
2223 1415 2460 1466 omnium
2514 1415 2603 1468 Dei
2654 1413 3020 1482 resplendens,
3065 1411 3267 1478 majore

1719 1521 1878 1572 quam
1907 1515 2058 1557 antea
2092 1504 2336 1558 libertate
2364 1502 2466 1568 frui
2499 1503 2684 1570 erepit.
2720 1503 2870 1570 lmpii
2902 1517 3031 1556 vero
3063 1503 3116 1556 e't
3141 1501 3268 1554 reli-

1719 1597 1892 1664 gionis
1947 1597 2150 1660 hostes,
2207 1609 2415 1648 summo
2462 1596 2722 1648 dedecore
2768 1603 2930 1662 atque
2974 1593 3261 1661 ignominia

1720 1688 2106 1740 aﬂiciebantur.
2136 1687 2372 1740 Primum
2399 1687 2538 1740 enim
2567 1687 2889 1740 Maximinus
2938 1687 3070 1754 ipse,
3095 1688 3264 1738 hostis

1720 1779 1963 1846 publicus
1999 1779 2066 1831 ab
2093 1777 2505 1845 imperatoribus
2557 1778 2913 1838 renuntiatus,
2945 1777 3134 1830 edictis
3165 1793 3265 1844 pu-

1656 1885 1696 1938 Β
1722 1871 1857 1922 blice
1887 1869 2169 1938 propositis
2193 1869 2537 1935 impiissimus
2565 1882 2629 1920 ac
2656 1869 2951 1921 detestandi
3009 1869 3262 1931 nominis,

1723 1957 1938 2025 Deoque
1960 1958 2162 2008 invisus
2195 1966 2452 2025 tyrannus
2473 1955 2768 2022 appellatus
2793 1965 2892 2010 est.
2926 1956 3028 2008 Sed
3051 1965 3105 2008 et
3135 1957 3264 2006 ima-

1722 2049 1870 2114 giues
1890 2062 2007 2113 qua:
2037 2047 2134 2114 ipsi
2163 2046 2452 2109 liberisque
2478 2046 2596 2111 ejus
2638 2045 2862 2098 honoris
2883 2060 3044 2096 causa
3079 2045 3264 2110 posita:

1721 2150 1815 2200 per
1845 2133 2084 2202 singulas
2109 2147 2273 2200 pmpe
2309 2133 2467 2185 urbes
2493 2132 2822 2194 visebantur,
2855 2134 2972 2184 alia:
2999 2147 3030 2183 e
3050 2132 3261 2186 sublimi

1720 2226 1936 2291 dejectte
1965 2224 2356 2299 confractwque
2392 2233 2517 2275 sunt
2545 2241 2559 2287 ;
2589 2224 2706 2276 alia
2751 2225 2964 2278 inutiles
3019 2225 3262 2289 redditae,

1718 2318 2000 2369 obliterato
2038 2317 2243 2368 scilicet
2297 2316 2466 2383 nigris
2509 2317 2779 2369 coloribus
2839 2317 3007 2367 vultu.
3061 2316 3264 2369 Statuze

1719 2421 1931 2474 quoque
1955 2416 2216 2473 quotquot
2246 2407 2462 2459 honoris
2484 2407 2601 2472 ejus
2626 2422 2787 2459 causa
2805 2415 2997 2459 erecta:
3026 2405 3264 2471 fuerant,

1718 2498 1937 2564 dejectze
1969 2498 2216 2550 similiter
2242 2508 2402 2565 atque
2436 2498 2702 2560 contritze,
2750 2500 2966 2551 cunctis
3016 2499 3107 2566 qui
3149 2499 3264 2552 illuo

1719 2588 1847 2638 dere
1873 2598 2035 2652 atque
2079 2587 2337 2638 insultare
2386 2587 2703 2649 voluissent,
2755 2588 2820 2640 ad
2873 2587 3159 2641 ludibrium
3208 2599 3267 2642 et

1719 2676 2092 2728 contumeliam
2124 2677 2376 2743 exposita:
2410 2675 2578 2730 luere.
2630 2676 2870 2747 Postbzec
2897 2679 3073 2732 exteri
3098 2679 3264 2732 etiam

1721 2763 1991 2832 religionis
2021 2764 2198 2816 hostes
2249 2765 2454 2818 cunctis
2484 2765 2784 2817 honoribus
2837 2767 3052 2835 spoliati
3118 2779 3260 2822 sunt.

1719 2857 1919 2911 Omnes
1952 2857 2184 2925 denique
2233 2857 2322 2922 qui
2372 2872 2400 2908 a
2431 2856 2702 2910 Maximini
2765 2860 2963 2927 pariter
3021 2861 3265 2928 partibus

1722 2949 1976 3007 Stabant;
2013 2949 2099 3015 qui
2131 2963 2240 3017 pra:
2269 2946 2490 3017 reliquis
2529 2951 2926 3016 provinciarum
2964 2951 3263 3004 rectoribus

1721 3043 1790 3094 ab
1819 3055 1884 3092 co
1914 3039 2043 3091 culti
2072 3047 2123 3091 et
2158 3038 2353 3099 ornati,
2385 3048 2440 3090 ut
2464 3039 2511 3092 ei
2537 3049 2964 3104 assentarentur,
3007 3042 3263 3094 adversus

1722 3131 2029 3197 religionem
2065 3141 2303 3182 nostram
2338 3129 2626 3183 insolenter
2655 3131 2971 3184 debacchati
3025 3131 3258 3195 fuerant,

83 3204 177 3272 οἶος
198 3207 264 3279 ἦν
298 3213 327 3262 ὁ
368 3213 516 3282 παρὰ
546 3213 750 3276 πάντας
780 3214 924 3284 αὑτῷ
950 3216 1270 3286 τιμιώτατος
1299 3222 1393 3274 καὶ
1419 3221 1615 3272 αίδεσι-

1719 3220 1894 3287 capite
1918 3219 2238 3286 plectuntur.
2264 3218 2338 3270 Ex
2357 3233 2585 3286 quorum
2609 3236 2836 3276 runuero
2856 3221 3258 3281 iuitPieentius,

86 3297 331 3364 μώτατος,
371 3301 596 3369 ἑταίρων
634 3318 690 3352 τε
737 3302 1093 3371 γνησιώτατος
1118 3344 1133 3364 ,
1166 3307 1450 3370 Πευκέτιος
1485 3309 1614 3379 (80),

82 3386 353 3450 ὀισύπατος
380 3390 474 3440 καὶ
517 3390 839 3458 τρισύπατος
861 3431 875 3454 ,
919 3394 1010 3445 καὶ
1043 3394 1147 3446 τῶν
1175 3395 1398 3449 καθόλου
1440 3398 1612 3466 λόγων

82 3478 299 3548 ἔπαρχος
330 3479 436 3549 (81)
467 3479 603 3550 πρὸς
663 3481 824 3533 αὑτοῦ
884 3484 1277 3552 καθεσταμένος
1297 3525 1311 3548 ,
1343 3488 1608 3540 Κουλκια-

81 3665 293 3731 periere.
343 3662 577 3716 Alterius
614 3665 755 3717 enim
803 3666 974 3728 adhuc
1023 3665 1251 3719 viventis
1284 3669 1496 3733 pupillae
1543 3685 1608 3722 ex

82 3734 234 3787 oculis
257 3734 574 3786 exsilierunt
610 3749 622 3784 :
667 3735 935 3787 Maximini
963 3736 1205 3787 videlicet
1232 3737 1404 3797 ;alter
1430 3737 1609 3788 furore

83 3805 343 3870 percitus;
378 3803 517 3872 alius
543 3803 644 3856 alio
673 3820 957 3872 oppressus
1015 3807 1348 3872 incommodo
1381 3818 1604 3856 mortem

80 3874 306 3939 oppetiit.
367 3891 386 3922 ι
449 3871 614 3924 Porro
657 3871 948 3940 imperator
999 3875 1088 3940 qui
1152 3871 1330 3924 furore
1381 3875 1613 3939 percitus

82 3945 219 4004 nbiit,
252 3943 608 3994 Diocletianus
650 3957 752 3995 est.
803 3943 855 3996 Id
897 3943 1039 3994 enim
1091 3943 1157 3994 de
1206 3943 1295 3993 illo
1349 3952 1614 3996 testantur

83 4011 327 4064 Eusebius
359 4022 414 4064 et
442 4011 841 4064 Constantinus.
881 4012 959 4063 De
993 4011 1258 4063 Maximini
1295 4024 1470 4063 autem
1504 4029 1612 4065 cte-

81 4083 228 4132 citate
250 4081 413 4133 habes
427 4083 565 4146 apud
589 4082 936 4147 Epiphaniam
958 4081 1007 4132 in
1031 4083 1166 4134 libro
1193 4080 1264 4132 De
1280 4083 1610 4147 ponderibus.

139 4151 243 4215 (79)
280 4149 1055 4218 Ἀπὰντωνίπολεμιὼτατοᾳ
1128 4151 1478 4218 Scribendum
1536 4153 1615 4201 vi-

81 4217 220 4287 detur
247 4219 522 4287 πολέμιος.
556 4217 676 4271 Vult
720 4217 862 4272 enin".
911 4222 1084 4273 dit-ere
1131 4220 1407 4283 Eusebius,
1446 4217 1615 4271 Maxi-

83 4286 266 4356 minum
315 4286 524 4340 hostem
575 4292 842 4356 publicum
888 4305 1005 4341 esse
1049 4292 1400 4342 declaratum.
1457 4291 1607 4353 Quod

81 4355 375 4407 solentniter
406 4355 809 4412 (iebatsenatus
843 4361 1112 4420 consulto,
1137 4369 1194 4411 ut
1226 4361 1419 4411 docent
1465 4360 1604 4411 scri-

82 4429 244 4497 ptores
263 4423 512 4497 Historia:
538 4431 786 4497 Augustae
810 4429 986 4482 multis
1010 4430 1060 4480 in
1092 4429 1239 4492 locis,
1257 4439 1312 4480 et
1339 4430 1606 4495 prmcipue

81 4490 248 4560 tibide
275 4491 589 4546 Maximmo.
625 4490 650 4497 ⁷
1069 4538 1082 4560 ς

141 4558 244 4635 (_8_0)
272 4562 604 4635 Πευκέτιος.
661 4564 956 4618 Picentium
1003 4558 1137 4619 verti
1183 4582 1199 4622 :
1241 4582 1346 4634 quo
1392 4566 1606 4619 nomine

81 4631 408 4704 quidam-luit
437 4634 790 4704 calumniator
817 4636 1114 4688 Constantii
1148 4631 1475 4702 temporibus
1495 4675 1512 4697 ,
1545 4647 1607 4688 ut

81 4695 253 4746 scribit
281 4695 526 4752 Zosimns
549 4703 600 4753 in
625 4703 728 4754 line
756 4705 846 4756 lib.
875 4721 931 4757 ιι.
973 4707 1131 4757 Certe
1155 4695 1328 4758 Latini
1357 4695 1606 4758 Picentes

81 4771 435 4836 vocanttquos
460 4765 628 4822 Grarci
661 4772 994 4836 Πευκετίους.

140 4829 402 4911 (δίλΤῷν
441 4839 695 4911 καθόλου
738 4844 932 4911 λόγων
959 4829 1242 4910 ἔπαρχος.
1289 4843 1604 4896 Ριαξίεειιιιιι

81 4906 320 4982 prator-io
348 4906 877 4982 intelligerevidetur
905 4931 915 4963 :
953 4906 1359 4982 saep—iaceam
1388 4929 1492 4965 non
1521 4915 1606 4965 di-

80 4971 321 5047 citurnnisi
339 4971 409 5047 de
425 4973 685 5047 prgieetis
708 4983 974 5044 prmtorin,
997 4971 1243 5033 :iu't'itriti.
1270 4983 1420 5034 Adde
1441 4984 1604 5047 quod,

79 5035 684 5113 ctuti-Eusebiusallirtnet
701 5035 990 5100 l'icentiutit
1013 5051 1235 5102 summis
1252 5035 1541 5104 honoribus
1553 5035 1608 5104 ei.

80 5112 333 5185 geminato
349 5112 632 5185 consulatu
658 5124 898 5168 ornatum
921 5119 1086 5171 fuisse
1110 5136 1137 5168 a
1157 5118 1468 5183 Maximino,
1521 5120 1605 5172 in'-

78 5183 239 5253 cptum
258 5184 418 5253 esset
436 5179 629 5253 dicere,
647 5196 765 5232 eum
783 5198 1175 5253 procuratorem
1199 5202 1418 5239 summa:
1443 5179 1516 5241 rei
1541 5190 1608 5242 ab

81 5240 366 5322 illoiactum
384 5241 575 5322 fuisse,
599 5261 716 5311 quae
750 5240 905 5305 e'xilis
932 5257 1212 5319 admodum
1231 5240 1466 5322 dignitas
1483 5240 1605 5310 fuit;

80 5311 390 5391 Sed'eon‘tr'a
419 5313 557 5364 hanc
591 5322 906 5391 sententiam
936 5317 1068 5375 facit
1096 5311 1466 5388 primorquod
1499 5327 1607 5376 τῶν

79 5377 287 5430 καθόλου
301 5378 471 5446 λόγων
494 5383 748 5434 voeabulo
763 5399 969 5454 semper
1005 5377 1263 5444 Eusebius
1278 5377 1606 5447 'ra'tionaleut

79 5462 828 5527 reaproeuratoremsumtnaa
849 5458 924 5508 rei
953 5460 1215 5525 designat,
1239 5469 1296 5511 ut
1324 5475 1483 5527 supra
1513 5479 1610 5514 uo-

83 5518 420 5596 ιανίιιιυὶιιριι
445 5517 628 5571 semel.
654 5518 850 5596 Deinde
879 5517 1176 5596 praefectus
1202 5517 1350 5596 praet.
1374 5517 1610 5582 hiaximi-

79 5589 124 5638 ai
151 5586 244 5639 fuit
272 5585 526 5646 Sabinus.
549 5596 780 5657 utsupra
804 5585 1029 5650 vidimus
1058 5585 1412 5655 atuto'ta‘hristi
1435 5598 1532 5652 511
1553 5610 1608 5652 et

1722 3312 1777 3364 in
1803 3326 2014 3364 summo
2040 3310 2241 3363 honore
2272 3325 2334 3363 ac
2359 3313 2706 3365 veneratione
2726 3314 2793 3367 ab
2823 3315 3006 3366 eodem
3029 3313 3259 3373 habitus,

1717 3413 1767 3452 et
1797 3400 2055 3454 sodalium
2083 3401 2322 3451 omnium
2366 3401 2519 3469 longe
2546 3402 2898 3456 charissimus
2929 3418 2945 3454 :
2978 3416 3134 3469 quem
3173 3400 3262 3454 ille

1718 3491 1912 3544 iterum
1940 3506 2004 3544 ac
2032 3492 2190 3543 tertio
2222 3490 2493 3543 consulem
2533 3502 2585 3544 et
2612 3491 2920 3560 prmleetum
2965 3508 3030 3545 ac
3077 3506 3262 3559 procu-

1712 3668 1836 3720 3H.
1869 3665 1976 3736 Nec
2005 3678 2131 3716 vero
2154 3665 2387 3732 dignitas
2417 3667 2502 3718 illa
2539 3671 2896 3732 procuratoris
2913 3685 3134 3722 summa:
3155 3674 3255 3736 rei,

1714 3737 1854 3789 inter
1875 3735 2006 3785 viles
2038 3749 2098 3786 ac
2127 3747 2421 3798 pes-tremas
2444 3738 2768 3787 muneranda
2792 3746 2892 3789 est.
2914 3737 3049 3790 Nam
3074 3749 3127 3790 et
3147 3735 3258 3794 Ma;

1711 3807 1950 3866 crianus,
1979 3805 2024 3851 is
2052 3804 2140 3872 qui
2169 3804 2266 3853 sub
2289 3799 2540 3872 Gallieno
2562 3804 2838 3872 imperium
2867 3807 3110 3872 arripuit,
3133 3825 3254 3863 eum
3285 3822 3294 3833 '

1713 3871 2174 3942 Itonnrem‘gessit;
2203 3880 2255 3920 et
2279 3871 2536 3942 Eusebius
2559 3871 2670 3942 ipse
2695 3875 2744 3924 in
2770 3875 2860 3926 lib.
2887 3871 2995 3935 vtn,
3019 3892 3140 3942 cap.
3166 3881 3254 3942 10,

1707 3941 1878 4012 ἀρχὴν
1925 3939 1986 4012 οῦ
2031 3940 2128 4008 τὴν
2155 3939 2416 4012 τυχιζῦσαν
2446 3941 2696 4006 appellat,
2727 3943 2813 4012 ubi
2855 3947 2919 3994 de
2948 3939 3256 4002 Phnde

1708 4008 1942 4078 inariyre
1964 4011 2221 4078 loquitur.
2255 4008 2403 4072 Quod
2434 4020 2610 4060 autem
2643 4013 2720 4063 ait
2751 4011 3034 4075 Eusebius,
3063 4013 3256 4070 Picen-

1709 4076 1861 4130 timui
1889 4095 1918 4128 a
1964 4076 2253 4129 Maximino
2308 4078 2388 4129 bis
2424 4093 2487 4128 ac
2525 4078 2682 4133 tertio
2723 4081 2997 4134 consulem
3050 4081 3252 4138 factum

1708 4150 1891 4222 luisse,
1929 4162 2031 4222 non
2059 4147 2321 4222 modicam
2342 4148 2499 4222 habet
2525 4147 2911 4222 diﬁicultalem.
2941 4151 3058 4205 iam
3090 4169 3250 4222 supra

1705 4218 2134 4278 observavimus,
2169 4216 2510 4267 Maximinum
2540 4218 2761 4284 Augusti
2796 4236 2989 4273 nomen
3027 4225 3128 4276 sibi
3155 4216 3251 4277 as-

1707 4287 1999 4354 sumpsisse
2049 4296 2165 4351 post
2211 4287 2413 4336 obitum
2453 4287 2671 4351 Galerii,
2703 4304 2844 4342 anno
2882 4291 3081 4344 Christi
3115 4293 3255 4348 511.

1707 4356 1872 4428 igitur
1898 4366 2044 4428 ante
2087 4358 2186 4407 hoc
2219 4364 2428 4428 tempus
2473 4374 2594 4409 cum
2641 4360 2822 4412 Caesar
2852 4369 3055 4412 tantum
3082 4375 3246 4428 esset,

1707 4426 2003 4478 Picentium
2046 4425 2318 4477 consulem
2363 4424 2540 4478 facere
2580 4442 2683 4480 non
2730 4432 2917 4495 potuit.
2954 4428 3061 4481 Soli
3104 4424 3248 4484 enini

1680 4497 1931 4567 ‘Augusti
1956 4496 2614 4567 creatulorumAconsulum
2642 4498 2731 4564 jus
2764 4499 3046 4550 habebant.
3067 4498 3248 4566 Itaque

1709 4578 1831 4632 post
1849 4574 2074 4618 mortem
2090 4563 2628 4634 GaleriiMaxitninus
2642 4563 3243 4634 seipsutnetPicentiunt

1709 4639 1893 4686 eodem
1938 4650 2076 4687 anno
2123 4633 2394 4704 consulem
2448 4633 2756 4687 declaravit.
2805 4634 3068 4704 Sequente
3117 4641 3243 4691 item

1688 4719 1852 4756 anno
1878 4704 2190 4755 Maximinus
2215 4718 2250 4755 ιι
2276 4712 2325 4752 et
2350 4702 2669 4756 Picentiusu
2695 4702 2940 4756 consules
2958 4704 3168 4757 fuerunt
3191 4711 3242 4760 in

1709 4773 1946 4832 Oriente,
1963 4789 2083 4826 eum
2103 4775 2152 4824 in
2171 4771 2457 4824 Occidente
2477 4776 2854 4825 Constantinus
2878 4789 2913 4824 ll
2935 4780 2990 4824 et
3011 4771 3245 4830 Licinius

1709 4845 1959 4896 consules
1978 4852 2158 4894 essent
2190 4858 2204 4891 :
2241 4844 2290 4892 in
2321 4840 2466 4892 italia
2500 4857 2624 4893 vero
2649 4852 2704 4893 et
2734 4841 2912 4893 Africa
2946 4843 3242 4897 Maxentius

1711 4908 1961 4979 q'uartum
1984 4911 2148 4964 solus.
2175 4911 2367 4961 Secuto
2397 4913 2642 4976 deinceps
2667 4927 2826 4970 anno,
2849 4910 2936 4976 qui
2971 4908 3070 4962 fuit
3087 4913 3243 4966 Chri-

1712 4983 1779 5033 sti
1806 4982 1930 5042 515,
1955 4983 2091 5031 idem
2131 4980 2447 5030 Maximinus
2472 4995 2530 5031 III
2554 4991 2607 5031 et
2633 4979 2896 5032 Picentius
2918 4995 2973 5032 ιιι
2998 4983 3243 5038 consules

1714 5050 1766 5101 in
1800 5048 2019 5101 Oriente
2048 5048 2281 5109 luerunt,
2315 5058 2371 5098 ut
2416 5063 2479 5099 ex
2522 5052 2620 5099 hoc
2661 5050 2848 5112 insigni
2883 5049 3092 5102 Eusebii
3123 5051 3241 5105 λοι-,υ

1712 5119 1988 5188 perspicue
2048 5114 2598 5188 col_ligitur.__Nequei
2635 5119 2773 5188 enim
2828 5118 3084 5172 credibile
3135 5136 3238 5188 est,

1713 5184 2058 5238 laximinum
2088 5186 2239 5236 alteri
2274 5184 2486 5248 quidem
2518 5185 2765 5235 tribuisse
2797 5188 3008 5236 tertium
3047 5184 3240 5244 consu;

1713 5257 1897 5312 latum,
1927 5255 2096 5316 ipsum
2138 5267 2264 5303 vero
2294 5269 2358 5302 ne
2389 5253 2550 5302 semel
2576 5253 2786 5317 quidem
2813 5254 3082 5307 consulem
3110 5258 3242 5314 fuis-

1711 5340 1789 5376 se.
1817 5324 1975 5375 Certe
1987 5322 2046 5371 in
2073 5319 2324 5370 Chronico
2343 5319 2700 5370 Alexandrum
2727 5319 2966 5373 Galerius
2998 5323 3241 5382 Maximi-

1712 5408 1812 5463 nus
1848 5391 2029 5442 consul
2083 5391 2300 5463 ponitur
2325 5402 2456 5463 cum
2505 5387 2823 5463 thxiu-iano
2875 5405 2970 5463 vttt
2996 5400 3238 5463 consule,

1712 5461 1802 5526 qui
1831 5468 1915 5511 es,
1943 5471 2115 5526 ’,ηυξ
2139 5455 2486 5526 curisita“,
2532 5456 2844 5526 Quanquam
2875 5461 2928 5511 in
2959 5461 3049 5515 illo
3072 5455 3240 5520 (lbra-'-

1714 5523 1828 5580 riico
1855 5527 2049 5577 dicitur
2079 5524 2331 5595 Galerius
2350 5523 2627 5595 Haximus.
2655 5523 2763 5577 hos
2797 5529 2957 5595 igitur
2987 5541 3096 5586 tres
3126 5536 3239 5588 Ila-

1715 5596 1896 5648 xituini
1921 5594 2228 5647 consulatus
2255 5592 2410 5655 primi
2439 5598 2673 5646 omnium
2700 5592 3126 5658 observavimus.
3158 5608 3234 5660 Er
