3954 6346
692 313 796 371 82.9
1395 299 1659 359 EUSEBII
1692 290 2167 357 cmssmmsrs
2202 294 2350 352 opp.
2388 291 2566 350 PARS
2600 296 2639 351 ι.
2675 325 2744 336 -
2782 281 3166 350 HISTORICA.
3726 324 3729 325 ί
3774 298 3852 353 sn
3909 284 3911 367 γ

697 432 928 482 ratore'm
957 439 1181 480 summa
1205 422 1279 477 rei
1306 429 1601 476 creaverat.
1651 418 1716 471 Et
1743 416 2023 469 Calcianus
2068 414 2241 468 omni-

2343 413 2427 477 νός
2455 414 2564 485 (82)
2596 430 2655 466 τε
2706 411 2963 475 ὡσαύτως
2989 413 3075 466 διά
3118 414 3297 484 πάσης
3334 415 3567 485 ἀρχικῆς
3610 415 3855 487 προελθὼν

694 520 795 574 bus
820 518 1073 572 similiter
1099 511 1503 583 magistratibus
1531 517 1584 561 et
1618 506 2008 577 provinciarum
2061 505 2234 557 admi-

696 608 1101 663 nistrationibus
1151 602 1485 672 perfunctus,
1546 599 1637 666 qui
1682 607 1736 651 et
1789 600 1899 665 ipse
1943 595 2239 650 innumeris

696 701 1117 754 Christianorum
1147 694 1383 747 caedibus
1410 690 1547 756 apud
1584 688 1866 757 Egyptum
1891 686 2237 739 inclaruerat.

696 790 798 843 Alii
826 788 984 858 367
1012 794 1269 855 prmterea
1309 795 1410 833 non
1458 780 1631 849 pauci,
1688 792 1718 829 a
1765 777 1958 845 quibus
2023 775 2241 844 potissi-

697 896 841 933 ntum
871 876 1184 932 confirmata
1214 881 1267 925 et
1292 880 1448 923 aucta
1497 885 1616 926 esse
1643 867 1913 922 Mmimini
1968 867 2238 938 tyrannica

698 969 985 1024 crudelitas
1018 964 1317 1018 videbatur.
1365 962 1534 1016 Porro
1567 961 1727 1013 etiam
1768 958 2130 1013 Theotecnum
2175 958 2241 1011 ad

697 1060 1016 1131 supplicium
1051 1057 1276 1110 vocabat
1317 1054 1493 1107 divlna
1551 1052 1781 1120 justitia,
1834 1052 2241 1119 haudquaquam

698 1152 863 1205 oblita
890 1163 1076 1202 eorum
1114 1161 1229 1213 quae
1270 1144 1356 1197 ille
1386 1142 1642 1196 adversus
1693 1142 2028 1195 Christianos
2056 1153 2245 1207 perpe-

698 1248 957 1294 traverat.
986 1236 1189 1289 Etenim
1219 1235 1286 1287 ob
1320 1231 1669 1287 simulacrum
1712 1230 1838 1283 illud
1891 1229 2028 1297 quod
2058 1227 2243 1281 Antio-

698 1330 835 1382 chiae
867 1332 1302 1385 consecraverat,
1329 1322 1671 1391 prosperiore
1699 1318 1912 1373 fortuna
1952 1317 2028 1371 uti
2076 1317 2243 1378 visus,

648 1456 651 1457 ν
698 1420 857 1473 etiam
883 1431 1080 1486 prmses
1106 1415 1392 1484 provincia:
1436 1426 1467 1465 a
1497 1411 1787 1465 Maximino
1825 1407 1997 1462 factus
2049 1406 2241 1459 fuerat.

701 1509 804 1562 Sed
832 1522 951 1561 eum
984 1506 1222 1559 Licinius
1263 1500 1608 1567 Antiochiam.
1645 1497 1899 1557 venisset,
1930 1504 1982 1546 et
2044 1492 2248 1560 praesti-

698 1598 931 1667 giatures
965 1594 1325 1663 pervestigare
1381 1603 1442 1641 ac
1471 1584 1869 1654 deprehendere
1906 1580 2243 1642 inStituissct,

697 1699 837 1749 inter
877 1699 1100 1746 exteros
1141 1690 1301 1743 etiam
1346 1680 1468 1736 novi
1508 1678 1655 1731 illius
1692 1671 1968 1727 simulacri
2010 1671 2239 1738 prophcf

2336 506 2602 570 ἐξουσίας,
2620 508 2648 558 ὁ
2678 505 2769 558 καὶ
2803 505 2961 567 αὐτὸς
2986 506 3192 576 μυρίοις
3205 508 3315 569 τοῖς
3334 506 3451 559 κατ’
3468 506 3732 575 Αἴγυπτον
3746 509 3852 577 Χρι-

2336 594 2565 649 στιανῶν
2620 595 3121 665 ἐλλαμπρυνόμενος
3176 596 3429 664 αἴμασιν,
3483 595 3629 649 ἄλλοι
3681 612 3737 647 τε
3782 598 3854 649 ἐπὶ

2334 685 2541 749 τούτοις
2573 686 2672 738 οὐκ
2698 685 2884 753 ὀλίγοι,
2926 684 2993 737 δι’
3015 678 3090 739 ὧν
3122 685 3351 755 μάλιστα
3376 684 3445 737 τά
3468 685 3566 754 τῆς
3587 684 3854 753 Μαξιμίνου

2335 776 2642 848 τυραννίδος
2680 776 3025 844 ὲκραταιοῦτό
3072 794 3130 829 τε
3177 777 3269 829 καὶ
3315 775 3525 847 ηὔξετο.
3582 774 3779 828 Ἐκάλει
3813 776 3855 828 δὲ

2336 868 2443 938 ἄρα
2488 867 2581 921 καὶ
2609 867 2893 919 Θεότεκνον
2932 867 3042 937 (85)
3088 869 3121 939 ἡ
3170 866 3313 937 δίκη,
3353 866 3600 937 οὐδαμῶς
3636 866 3704 919 τὰ
3744 869 3856 920 κατὰ

2336 958 2673 1031 Χριστιανῶν
2720 956 2867 1026 αὐτῷ
2914 958 3270 1027 πεπραγμένα
3326 956 3459 1028 λήθῃ
3508 956 3853 1026 παραδιδοῦσα.

2351 1050 2473 1102 Ἐπὶ
2518 1048 2614 1119 μὲν
2655 1047 2762 1117 γὰρ
2810 1046 2886 1116 τῷ
2929 1048 3045 1099 κατ’
3095 1047 3414 1117 Ἀντιόχειαν
3457 1047 3716 1119 ἱδρυθέντι
3754 1048 3856 1117 παρ’

2339 1138 2503 1194 αὐτοῦ
2550 1139 2722 1207 ξοάνῳ
2766 1137 2921 1202 δόξας
2968 1137 3273 1209 εὐημερεῖν,
3316 1140 3416 1209 ήδη
3460 1140 3555 1191 καὶ
3601 1140 3857 1208 ἡγεμονίας

2342 1231 2539 1300 ἠξίωτο
2590 1230 2739 1298 παρὰ
2785 1229 3103 1299 Μαξιμίνου.
3156 1229 3421 1293 Λικίννιος
3468 1232 3511 1283 δ’
3548 1230 3734 1292 ἐπιϐὰς
3780 1234 3857 1301 τῆς

2354 1320 2665 1389 Ἀννοχέων
2697 1319 2931 1383 πόλεως,
2964 1321 3149 1389 φωράν
3183 1339 3241 1372 τε
3276 1317 3481 1391 γοήτων
3511 1323 3855 1392 ποιησάμενος,

2340 1409 2465 1471 τοὺς
2489 1408 2581 1461 τοῦ
2625 1406 2918 1474 νεοπαγοῦς
2961 1406 3143 1470 ξοάνου
3167 1410 3444 1477 προφήτας
3476 1410 3569 1463 καὶ
3600 1412 3753 1480 ίερεῖς
3782 1410 3857 1479 βα-

2344 1500 2523 1561 σάνοις
2561 1498 2811 1569 ᾐκίζετο,
2850 1497 2956 1549 τίνι
2993 1496 3134 1566 λόγῳ
3176 1497 3269 1565 τὴν
3311 1499 3523 1568 ἀπάτην
3560 1500 3858 1569 καθυπεκρί-

2344 1607 2493 1644 νοντο
2546 1584 2958 1657 πυνθανόμενος.
3018 1587 3198 1649 Ὠςιδ⁹
3238 1587 3659 1657 ἐπικρύπτεσθαι
3708 1582 3857 1653 αὐτοῖς

2346 1680 2478 1751 πρὸς
2524 1680 2631 1732 τῶν
2686 1679 2927 1748 βασάνων
2978 1676 3446 1745 συνελαυνομένοις
3499 1678 3746 1741 ἀδύνατον
3790 1677 3857 1749 ἦν,

697 1747 870 1839 tas‘et
907 1780 1218 1847 sacerdotes
1262 1771 1541 1827 tormentis
1589 1764 1839 1833 subjecit,
1882 1775 1987 1829 qua
2035 1760 2243 1813 ratione

2346 1747 2563 1842 ἐδήλουν
2584 1772 2639 1824 δὲ
2666 1747 2725 1823 τὸ
2755 1772 2858 1822 πᾶν
2885 1770 3173 1841 μυστήριον
3198 1769 3410 1836 ἀπάτην
3429 1770 3707 1838 τυγχάνειν
3729 1747 3861 1841 τέχνη

700 1875 943 1928 fraudem
984 1870 1402 1923 concinnasscnt
1442 1862 1798 1924 interrogans.
1839 1851 1940 1917 Qui
1984 1864 2105 1917 cum
2152 1865 2243 1903 ve-

706 1956 921 2007 ritatem
975 1952 1203 2019 amplius
1235 1949 1407 2003 celare
1438 1961 1541 2000 non
1587 1956 1805 2014 possent
1861 1946 1908 1997 vi
1965 1954 2253 1999 tormento-

706 2060 823 2098 rum
854 2030 1054 2105 adacti,
1083 2042 1350 2107 totiusque
1372 2038 1614 2108 mysterii
1646 2051 1858 2090 scenam
1890 2050 1916 2087 a
1944 2034 2252 2088 Thcolecuo

706 2139 819 2181 arte
849 2128 1077 2196 quadam
1129 2127 1475 2193 compositam
1521 2124 1686 2177 fuisse
1736 2124 2067 2188 faterentur;
2109 2122 2251 2177 Lici-

706 2221 828 2275 nius
881 2220 1070 2273 merito
1108 2218 1365 2287 supplicio
1420 2228 1643 2271 cunctos
1706 2216 1961 2287 alliciens,
2021 2217 2249 2285 primum

705 2312 917 2379 quidem
956 2286 1318 2362 Thcotccnum
1346 2308 1541 2375 ipsum,
1570 2308 1760 2361 deinde
1797 2286 2027 2374 reliquos
2046 2304 2252 2360 fraudis

704 2416 766 2454 ac
790 2401 1176 2469 praestigiarum
1206 2398 1449 2451 conscios
1478 2412 1543 2449 ae
1589 2397 1893 2464 participes,
1939 2406 2054 2465 post
2082 2396 2250 2463 pluri-

704 2506 821 2545 mos
858 2491 1127 2561 cruciatus
1153 2486 1383 2541 interfici
1404 2486 1585 2552 jussit.
1618 2487 1828 2555 Adjeeti
1872 2498 1995 2540 sunt
2025 2488 2108 2540 bis
2134 2474 2251 2539 om-

704 2586 864 2639 nibus
892 2585 1053 2637 etiam
1085 2572 1362 2634 Maximini
1391 2580 1585 2643 liberi;
1618 2595 1751 2647 quos
1776 2580 1861 2633 ille
1894 2579 2003 2647 jam
2042 2580 2249 2646 imperii

703 2685 981 2729 consortes
1025 2682 1077 2727 et
1116 2674 1389 2726 titulorum
1434 2683 1593 2739 atque
1635 2672 1921 2739 imaginum
1970 2671 2250 2739 participes

704 2764 926 2818 fecerat.
954 2765 1187 2833 Denique
1212 2763 1493 2832 pr0pinqui
1521 2776 1705 2815 omnes
1735 2760 1967 2830 tyranni,
1994 2761 2080 2827 qui
2110 2760 2247 2813 fastu

702 2864 759 2909 et
788 2854 1075 2909 insolentia
1113 2856 1237 2908 clali
1296 2863 1520 2907 cunctos
1554 2852 1810 2905 mortales
1864 2852 2101 2921 potentia
2154 2866 2251 2905 sua

704 2952 1109 3010 oppresserant,
1144 2945 1328 2997 eadem
1352 2958 1472 2996 cum
1506 2942 1606 2993 illis
1632 2956 1765 3009 quos
1792 2957 1950 3010 supra
1992 2956 2251 2995 memora-

703 3038 877 3086 vimus
904 3050 1113 3088 summa
1145 3050 1265 3087 cum
1296 3034 1587 3103 ignominia
1613 3034 1848 3102 perpessi
1880 3043 2021 3086 sunt.
2046 3032 2251 3099 Quippe
2271 3068 2311 3124 ϐ

704 3126 794 3191 qui
824 3126 1159 3195 disciplinam
1197 3141 1298 3178 non
1336 3126 1701 3191 accepissent;
1739 3137 1909 3190 neque
1934 3123 2251 3177 admonitio-

706 3233 827 3270 nem
876 3218 1020 3268 illaut
1073 3216 1462 3270 intellexissent
1514 3230 1575 3267 ac
1610 3216 1975 3281 pcrcepissent
2030 3226 2149 3278 qua:
2199 3212 2249 3262 in

703 3308 874 3359 sacris
905 3306 1125 3360 Litteris
1162 3306 1240 3358 sic
1273 3307 1414 3357 edita
1445 3314 1530 3358 est
1568 3322 1581 3357 :
1621 3321 1641 3353 ι
1684 3302 1857 3355 Nolite
1878 3300 2147 3354 conlidere
2198 3298 2253 3351 in

706 3398 1057 3465 principibus,
1095 3398 1145 3449 in
1182 3397 1304 3449 ﬁliis
1332 3396 1605 3451 hominum
1630 3395 1680 3446 in
1704 3393 1896 3461 quibus
1925 3407 2028 3445 non
2058 3401 2139 3443 est
2164 3405 2253 3444 sa-

705 3490 809 3541 lus.
848 3490 1027 3542 Exibit
1070 3488 1297 3556 Spiritus
1347 3486 1463 3553 ejus
1490 3496 1546 3538 et
1600 3495 1899 3539 revertetur
1944 3483 1995 3534 in
2056 3480 2253 3534 terram

705 3600 903 3637 suam:
938 3586 990 3637 in
1041 3584 1129 3636 illa
1184 3583 1269 3636 die
1337 3582 1587 3649 peribunt
1655 3594 1842 3633 omnes
1902 3576 2255 3647 cogitationes

704 3690 888 3728 eorum
915 3673 981 3728 '3.
1015 3692 1033 3725 ι
1064 3673 1153 3726 Sic
1178 3672 1335 3741 igitur
1354 3672 1499 3723 omni
1527 3670 1783 3722 malorum
1809 3669 2038 3723 colluvie
2060 3682 2255 3736 expur-

2344 1866 2408 1933 τῇ
2442 1863 2728 1915 Θεοτέκνου
2765 1859 3246 1931 μεμηχανημένην,
3294 1863 3402 1921 τοῖς
3440 1861 3574 1911 πᾶσι
3614 1861 3707 1929 τὴν
3735 1861 3859 1926 ἀξία)

2346 1952 2551 2016 ἐπιθεὶς
2583 1952 2753 2022 δίκην,
2796 1950 3007 2021 πρῶτον
3035 1951 3193 2002 αὐτὸν
3224 1949 3529 2011 Θεότεκνον,
3565 1944 3677 2001 εἶτα
3712 1949 3763 2000 δὲ
3791 1952 3860 2000 καὶ

2343 2046 2467 2107 τοὺς
2496 2044 2594 2112 τῆς
2624 2041 2874 2112 γοητείας
2916 2043 3197 2103 κοινωνοὺς
3219 2080 3234 2104 ,
3291 2039 3426 2110 μετά
3474 2039 3721 2101 πλείστας
3758 2039 3861 2100 ὅσας

2344 2135 2525 2197 αίκίας
2559 2133 2768 2203 θανάτῳ
2799 2132 3145 2203 παραδίδωσι.
3185 2130 3401 2193 Τούτοις
3438 2130 3607 2184 ἅπασι
3649 2128 3861 2201 προσετί⁴

2346 2225 2497 2279 θεντο
2523 2226 2614 2277 καὶ
2640 2226 2688 2276 οἱ
2714 2223 3017 2293 Μαξιμίνου
3056 2223 3239 2283 παῖδες
3280 2222 3369 2285 οὒς
3406 2223 3505 2293 ήδη
3542 2223 3634 2275 καὶ
3668 2221 3758 2291 τῆς
3787 2220 3861 2289 βει-

2346 2318 2554 2388 σιλικῆς
2584 2316 2775 2386 τιμῆς,
2817 2318 2914 2386 τῆς
2951 2332 3008 2367 τε
3039 2317 3094 2367 ὲν
3120 2315 3297 2378 πίναξι
3323 2316 3415 2368 καὶ
3446 2317 3678 2386 γραφαῖς
3702 2314 3860 2366 ἀναθέ-

2346 2426 2479 2473 σεως
2518 2408 2774 2477 πεποίητο
2814 2406 3130 2469 κοινωνούςσ
3177 2407 3267 2458 καὶ
3304 2408 3351 2458 οί
3398 2408 3673 2475 συγγενεῖς
3706 2405 3757 2456 δὲ
3787 2405 3858 2457 τοι]

2341 2500 2598 2567 τυράννου
2621 2497 2681 2550 τὸ
2708 2498 2837 2567 πρὶν
2876 2495 3180 2564 αὐχοῦντες,
3220 2496 3312 2548 καὶ
3345 2495 3551 2558 πάντας
3582 2494 3861 2565 ἀνθράητους

2345 2585 2821 2639 καταδυναστεύειν
2854 2585 3169 2657 ἐπηρμένοι,
3219 2583 3282 2636 τά
3311 2583 3449 2635 αὐτά
3490 2585 3600 2645 τοῖς
3634 2582 3859 2653 ’προδεδη⁴

2343 2676 2602 2747 λωμένοις
2645 2674 2779 2745 μετά
2819 2676 2916 2743 τῆς
2951 2675 3180 2743 ἐσχάτης
3210 2674 3428 2742 ἀτιμίας
3467 2674 3730 2741 ἔπασχον,
3763 2676 3861 2726 ἐπεὶ

2346 2766 2421 2836 μὴ
2446 2766 2691 2831 ἐδέξαντο
2717 2764 2958 2817 παιδείαν
2984 2764 3115 2831 (8d),
3153 2763 3285 2831 μηδὲ
3324 2762 3563 2829 ἔγνωσαν
3594 2763 3722 2833 μηδὲ
3760 2780 3861 2815 συνι

2342 2857 2480 2927 ἧκαν
2510 2857 2606 2926 τὴν
2640 2854 2951 2923 φάσκουσαν
2978 2855 3034 2905 ὲν
3064 2854 3224 2922 ἱεροῖς
3252 2851 3427 2919 λόγοις
3460 2853 3859 2922 παρακέλευσιν

2350 2967 2367 2998 ι
2388 2947 2479 3017 Μὴ
2511 2946 2792 2998 πεποίθετε
2824 2946 2908 2995 ἐπ’
2937 2944 3225 3013 ἄρχοντας,
3260 2945 3351 2995 ἐπὶ
3394 2946 3538 3007 υἱοὺς
3575 2944 3859 3015 ἀνθρώπων,

2344 3032 2424 3099 οἷς
2448 3038 2545 3088 οὐκ
2572 3036 2685 3087 ἐστι
2716 3035 2951 3103 σωτηρία
2975 3052 2989 3064 ·
3020 3034 3349 3097 ἐξελεύσεται
3376 3037 3436 3088 τὸ
3478 3035 3688 3105 πνεῦμα
3724 3035 3861 3087 αὐτοῦ

2347 3128 2439 3178 καὶ
2480 3125 2804 3195 ἀποστρέψει
2852 3128 2929 3187 είς
2967 3124 3061 3195 τὴν
3110 3127 3212 3195 γῆν
3253 3126 3414 3180 αὐτοῦ
3440 3143 3453 3155 ·
3508 3130 3564 3180 ὲν
3603 3128 3771 3197 ἐκείνῃ
3808 3130 3861 3196 τῇ

2346 3216 2529 3290 ἡμέρα
2560 3218 2877 3269 ἀπολοῦνται
2922 3218 3117 3280 πάντες
3164 3220 3211 3271 oi
3264 3219 3857 3289 διαλογισμοὶ.,αὐτῶν.ι

2348 3304 2680 3374 Οὖτωτδῆτα
2723 3306 2830 3359 τῶν
2872 3304 3140 3359 δυσσεὸὦν
3191 3306 3660 3376 ὲκκαθαρθέντων,
3714 3305 3863 3375 μόνοις

2347 3396 2673 3465 ἐφυλάττετο
2697 3399 2763 3450 τά
2785 3401 2883 3469 τῆς
2905 3399 3279 3469 προσηκούης
3312 3398 3586 3468 βασιλείας
3615 3398 3791 3469 βέϐαιά
3815 3412 3860 3447 τε

2349 3488 2439 3540 xui.
2465 3489 2792 3558 ἀνεπίφθονα
2817 3529 2829 3553 ,
2871 3492 3257 3561 Κωνσταντίνῳ
3294 3494 3387 3544 καὶ
3412 3492 3695 3560 Λικιννίῳ·
3733 3489 3777 3542 οἳ
3814 3487 3863 3539 τὸ

2348 3580 2577 3652 πρόσθεν
2623 3582 2870 3635 ἁπάντων
2915 3584 3311 3655 ἐκκαθάραντες
3353 3582 3445 3635 τοῦ
3496 3582 3609 3653 βίου
3644 3583 3736 3652 τὴν
3770 3580 3863 3631 θεο-

2348 3672 2585 3743 εχθρίαν,
2615 3673 2723 3726 τῶν
2768 3675 2831 3725 ἐκ
2864 3674 2995 3726 Θεοῦ
3041 3673 3519 3745 πρυτανευθέντων
3550 3673 3759 3741 ἀγαθῶν
3782 3672 3861 3723 αὐά

705 3776 851 3833 gata,
891 3764 1020 3818 solis
1057 3762 1410 3817 Constantino
1434 3776 1497 3813 ac
1547 3760 1752 3813 Licinio
1796 3760 2081 3826 imperium
2114 3756 2255 3825 quod

705 3858 838 3925 ipsis
861 3856 1217 3925 competebat,
1246 3854 1457 3906 firmum
1486 3853 1719 3916 nullique
1735 3850 2019 3904 obnoxium
2044 3849 2257 3902 invidiae

705 3947 985 4002 remansit.
1012 3946 1113 4012 Qui
1150 3962 1270 3999 cum
1301 3944 1684 3997 beneficiorum
1739 3956 1855 4010 qua:
1886 3957 1917 3995 a
1948 3941 2055 3993 Deo
2105 3954 2257 3993 acce-

704 4051 893 4110 perant
922 4042 1019 4095 sibi
1059 4037 1257 4093 conscii
1306 4044 1507 4098 essent,
1557 4046 1683 4087 ante
1712 4034 1886 4087 omnia
1924 4033 2197 4099 impietate
2226 4044 2257 4083 e

706 4131 886 4183 medio
932 4132 1163 4193 sublata,
1220 4131 1456 4183 studium
1516 4126 1751 4185 virtutis,
1797 4125 1961 4177 divini
2019 4121 2257 4174 numinis

708 4228 942 4265 amorem
962 4224 1013 4265 et
1035 4215 1306 4281 pietatem,
1326 4220 1642 4281 gratumque
1658 4224 1781 4280 erga
1805 4206 1970 4263 Deum
1993 4210 2254 4274 animum,

708 4303 832 4355 latis
847 4318 942 4369 pro
955 4302 1385 4354 Christianorum
1403 4301 1654 4368 religione
1668 4298 1873 4367 legibus
1885 4297 2249 4352 declararunt.

873 4386 1022 4439 Finis
1070 4388 1189 4439 libri
1227 4389 1349 4439 noni
1379 4386 1629 4440 Historia:
1658 4385 2036 4438 ecclesiasticae.

2348 3764 2459 3824 τοῖς
2503 3762 2835 3834 ᾐσθημένοι,
2863 3764 2923 3815 τὸ
2962 3764 3243 3833 φιλάρετον
3288 3764 3379 3814 καὶ
3422 3762 3695 3830 θεοφιλὲς,
3730 3760 3781 3812 τό
3815 3775 3860 3809 τι

2326 3854 2481 3925 ,πρὸς
2504 3856 2565 3906 τὸ
2588 3855 2737 3907 Θεῖον
2770 3855 2985 3917 εὐσεϐὲς
3018 3856 3111 3907 καὶ¹
3154 3854 3466 3925 εὐχάριστον
3503 3855 3592 3908 διὰ
3630 3853 3724 3922 τῆς
3750 3850 3863 3918 ὑπὲρ

2347 3948 2681 4016 Χριστιανῶν
2707 3944 3030 4011 ἐνεδείξαντο
3054 3947 3389 4017 νομοθεσίας.

2414 4365 2589 4431 Τέλος
2633 4364 2739 4417 τοῦ
2793 4364 2841 4417 θ’
2894 4360 3259 4497 λόγὶῗγυτοέῗέἑ
3306 4348 3820 4435 Ἕκκλησωστικῆς

768 4535 816 4568 ⁸⁸
848 4535 983 4589 Psal.
1019 4550 1201 4599 cum,
1231 4534 1354 4587 2-4.

700 4692 892 4757 quibus
945 4689 1119 4757 colligi
1158 4699 1355 4757 potest,
1405 4690 1744 4744 Maximinum
1768 4688 1997 4757 circiter
2024 4685 2238 4757 biennio
2268 4688 2311 4743 D
2341 4702 2440 4739 nns
2463 4695 2636 4757 tamen
2662 4687 3003 4749 Quintianum
3023 4679 3202 4734 vertit.
3228 4678 3375 4757 Apud
3393 4674 3741 4757 Nicephorum
3761 4672 3865 4750 Acu-

699 4744 995 4827 Augustum
1044 4744 1230 4821 fuisse,
1283 4744 1403 4811 cum
1432 4759 1539 4826 jam
1581 4772 1737 4810 antea
1762 4772 1829 4809 vn
1879 4756 2032 4827 annis
2063 4754 2240 4827 Caesar
2346 4750 2529 4827 κιανός
2550 4744 2825 4815 scribitur,
2850 4762 3134 4818 utrumque
3160 4747 3427 4827 mendose:
3449 4744 3727 4827 Culcianus
3745 4746 3861 4796 enim

700 4824 921 4893 fuisset;
966 4836 1019 4881 et
1046 4832 1110 4881 ad
1139 4844 1333 4879 annum
1362 4824 1556 4881 Christi
1583 4828 1685 4882 5l5
1724 4826 2045 4893 pervenisse.
2090 4824 2241 4887 Quod

698 4901 861 4951 etiam
889 4915 953 4952 ex
978 4898 1218 4963 epistolis
1237 4898 1467 4963 ejusdem
1495 4896 1993 4951 demonstravimus.
2019 4892 2248 4945 Proinde

700 4970 885 5033 miror,
937 4969 1076 5019 unde
1120 4970 1170 5019 in
1220 4966 1429 5017 Eusebii
1468 4967 1756 5019 Chronicon
1801 4964 2086 5033 irrepset'it
2116 4964 2248 5013 adeo

701 5028 881 5102 gravis
906 5052 1087 5100 error,
1123 5044 1179 5086 ut
1200 5051 1342 5087 mors
1364 5034 1638 5089 Maximini
1659 5045 1783 5088 ante
1817 5028 2011 5102 caedem
2041 5028 2249 5081 Maxen-

702 5100 760 5155 tii
795 5106 1075 5159 referatur.
1126 5104 1275 5167 Quod
1310 5106 1523 5170 quidem
1568 5104 1875 5173 llicronymi
1911 5100 2064 5173 culpa
2100 5113 2246 5173 com-

702 5175 923 5227 missum
974 5175 1201 5236 videtur,
1248 5168 1441 5239 quippe
1504 5176 1595 5241 qui
1651 5168 1951 5227 Eusebiano
1984 5168 2243 5221 Chronica

703 5243 869 5293 multa
899 5242 961 5294 de
985 5259 1081 5294 suo
1116 5244 1340 5293 addidit.

772 5312 881 5380 (82)
911 5313 1298 5375 Κουλκιανός.
1331 5309 1527 5380 Fuerat
1577 5310 1661 5362 hic
1688 5325 1879 5377 prmses
1935 5303 2246 5380 Thebaidis.

705 5387 762 5427 ut
783 5374 1023 5431 testatur
1055 5374 1382 5447 Epiphanius
1409 5380 1460 5430 in
1496 5374 1699 5430 ἣξει-θεῖ
1717 5380 1802 5436 68.
1829 5395 1947 5447 qua;
1973 5388 2055 5447 est
2089 5374 2250 5426 Mele-

709 5447 987 5517 tianurum,
1013 5445 1110 5503 his
1138 5445 1310 5501 verbis
1351 5464 1363 5497 :
1406 5447 1729 5509 Κουλκιανὸς
1774 5448 1869 5516 μὲν
1914 5445 1981 5517 ἦν
2016 5446 2248 5517 ἔπαρχος

705 5514 800 5578 τῆς
848 5516 1136 5584 Θηϐαΐδος·
1191 5517 1586 5586 Ἀλεξανδρείας
1645 5514 2032 5586 δὲηῚεροκλῆς.
2066 5514 2252 5586 Sgrlbc

710 5595 824 5633 meo
856 5580 1095 5650 periculo
1118 5580 1536 5647 Κουλκιανόςέι
1568 5588 1667 5640 hoc
1696 5580 1906 5641 Eusebii
1938 5580 2072 5641 loco.
2106 5580 2253 5635 Rufi-

2346 4814 2626 4879 diccbatur
2666 4827 2752 4879 hic
2796 4814 3011 4889 praeses,
3049 4814 3117 4869 'ut
3164 4828 3354 4889 praner
3383 4814 3671 4868 Eusebium
3698 4814 3863 4867 docent

2342 4896 2475 4946 Acta
2502 4896 2769 4958 passionis
2797 4884 3330 4958 Ριιιιιξειξιηειενιγτὶεζ
3636 4952 3675 4958 _
3771 4947 3811 4958 __

2412 4949 2547 5029 (83)
2582 4964 2923 5016 Θεότεκνον.
2950 4956 3055 5029 __De
3109 4949 3209 5029 hoc
3272 4953 3580 5029 Theotecnp
3608 4949 3864 5029 .3953)?”

2342 5016 2497 5097 supra
2526 5016 2577 5085 in
2608 5036 2707 5085 hoc
2741 5032 2896 5080 libro.
2946 5024 3097 5077 Hunc
3137 5019 3495 5097 'l‘lteotecnum
3524 5022 3739 5097 Galerio
3775 5016 3863 5069 Ir

2341 5094 2577 5154 xiiniano
2633 5098 2965 5168 persuasisse
3030 5102 3087 5143 ut
3147 5096 3566 5168 persecutionem
3614 5094 3863 5168 “adversas

2342 5156 2678 5221 Christianos
2708 5168 3027 5227 institueret,
3058 5156 3244 5214 scribit
3272 5162 3566 5227 Cedrenus.
3612 5160 3714 5213 Sed
3734 5156 3864 5227 falli-

2346 5247 2452 5299 tur,
2481 5240 2605 5291 dum
2629 5231 3299 5290 Galeriumvlilaxjtnianum
3343 5226 3437 5300 pro
3466 5230 3682 5285 Galerio
3724 5226 3864 5300 llam-

2345 5296 2490 5357 mino
2515 5309 2751 5371 accepit,
2790 5303 2881 5371 qui
2924 5300 3178 5353 solemnis
3210 5311 3291 5355 est
3330 5296 3483 5355 error
3534 5296 3861 5352 recentiorum

2346 5372 2682 5427 Graecorum.

2416 5442 2524 5517 (ei)
2576 5442 2671 5510 Μὴ
2696 5436 3310 5517 Δέδέξαντᾳπαιδείακ.
3361 5435 3587 5517 Locutio
3618 5439 3863 5517 estnsarcjfl

2350 5496 2667 5578 Scripiurae.‘
2692 5512 2782 5562 Sic
2811 5496 2861 5559 in
2902 5509 3103 5578 psalmo
3128 5523 3217 5578 uir;
3256 5508 3634 5578 Apprehendite

2351 5573 2494 5646 nam,
2517 5590 2571 5634 et
2596 5580 2891 5634 innumeris
2917 5577 2969 5629 in
2996 5578 3126 5632 locis
3156 5573 3362 5632 Veteris
3383 5573 3744 5630 lustrumeuti.
