3952 6338
762 293 867 355 837

1451 295 1716 355 ευεΕΒιι
1749 290 2217 355 CESARIENSIS
2254 300 2267 351 ί

2366 298 2409 353 Ρ.
2447 298 2628 357 PARS
2662 303 2706 358 ι.
2745 332 2813 345 -—
2846 301 3235 361 HISTORICA.

3806 315 3879 369 ιιι

761 415 939 469 culum
960 412 1315 481 prbebatur,
1340 413 1738 467 dedicationum
1781 413 1986 468 scilicet
2032 412 2265 469 festivita

2366 466 2369 475 ,
2393 413 2646 485 θούμενον
2667 422 3033 490 συνεκροτεῖτο
3053 419 3246 491 θέαμα,
3280 420 3567 490 ἑγκαινιων
3594 423 3767 495 ἑορταὶ
3783 428 3880 482 mi

760 520 858 574 per
886 504 1126 574 singulas
1144 506 1328 569 urbes,
1361 512 1417 557 et
1443 504 1805 557 oratoriorum
1839 518 2025 559 recens
2065 512 2294 558 structo-

759 612 880 650 rum
906 597 1358 650 consecrationes.
1385 594 1468 647 Ad
1496 594 1609 648 haec
1643 595 2006 663 episcoporum
2056 606 2292 646 conven-

760 686 1313 757 tus;peregrinorum
1362 684 1433 736 ab
1470 686 1709 739 externis
1758 694 1811 737 et
1852 683 2035 753 procul
2090 682 2293 735 dissitis

756 776 1063 845 regionibus
1108 789 1435 840 concursus;
1469 774 1775 844 populorum
1828 785 2009 827 muttta
2049 773 2189 826 inter
2232 784 2292 824 se

756 867 993 923 charitas
1040 882 1107 921 ac
1154 868 1543 931 benevolentia,
1580 882 1697 921 cum
1754 867 1989 920 membra
2051 865 2292 932 corporis

701 1030 705 1034 _
754 958 952 1014 Christi
994 958 1049 1012 in
1112 973 1270 1011 unam
1319 974 1628 1029 compagem
1669 957 2045 1013 coalescerent.
2106 955 2290 1021 Itaque

749 1050 898 1119 juxta
930 1050 1293 1119 propheticum
1322 1050 1591 1104 oraculum
1631 1064 1739 1118 quo
1789 1064 1852 1101 ea
1900 1062 2019 1115 qua:
2067 1056 2287 1100 ventura

751 1148 905 1194 erant
923 1142 1020 1193 sub
1042 1156 1238 1194 arcana
1260 1141 1487 1208 quadam
1502 1141 1731 1209 imagine
1744 1138 2165 1206 pratdieebantur
2180 1137 2233 1167 “
2270 1156 2283 1190 :

756 1247 776 1277 σ
822 1228 894 1285 Os
928 1231 1210 1299 aptabatur
1255 1230 1390 1294 ossi,
1445 1238 1500 1283 et
1551 1229 1804 1298 junctura
1842 1228 2137 1296 junctum.
2174 1244 2191 1276 ι
2224 1226 2286 1280 Ει

749 1320 904 1390 37],
936 1334 1259 1388 quaecunque
1291 1318 1392 1371 alia
1422 1319 1563 1372 idem
1600 1314 1944 1385 propheticus
1974 1328 2152 1367 sermo
2182 1316 2280 1369 sub

749 1409 992 1462 obscuris
1028 1408 1312 1463 verborum
1346 1404 1638 1459 involucris
1676 1418 1800 1455 vere
1831 1402 2017 1469 utique
2049 1417 2286 1470 pronun-

747 1501 917 1553 tiarit.
954 1500 1063 1555 Una
1089 1510 1206 1553 erat
1230 1499 1395 1554 divini
1428 1496 1666 1564 Spiritus
1690 1495 1871 1547 virtus
1905 1507 2000 1562 per
2030 1494 2280 1547 universa

744 1603 1052 1642 commeans
1106 1586 1381 1649 membra;
1460 1598 1565 1636 una
1618 1582 1852 1636 omnium
1905 1582 2115 1648 anima;
2182 1596 2281 1635 ea-

741 1680 862 1732 dem
889 1679 1143 1731 alacritas
1174 1677 1296 1730 ﬁdei
1322 1692 1338 1740 ;
1375 1690 1512 1728 unus
1542 1674 1777 1727 omnium
1808 1682 2117 1737 concentus,
2148 1672 2277 1725 divi-

2395 509 2577 574 πόλεις
2604 513 2696 565 καὶ
2721 512 2828 565 τῶν
2860 514 2982 585 ἄρτι
3008 516 3283 585 νεπαγῶν
3313 517 3754 588 προσευκτηρίων
3770 519 3881 587 ἁφα-
3930 520 3931 547 ῖ

2394 599 2618 669 ρὼσεις,
2652 604 2959 659 ἐπισκόπων
2990 624 3047 658 τε
3092 608 3185 659 ἐπὶ
3225 606 3385 660 ταυτδ
3426 606 3781 671 συνελεύσεις,
3808 610 3883 661 τῶν
3930 630 3931 633 η

2392 691 2667 760 πόρρωθεν
2696 694 2753 760 εξ
2790 695 3087 766 ἀλλοδαπῆς
3124 697 3443 768 συνδρομαὶ,
3483 696 3628 749 λαῶν
3662 698 3738 759 είς
3767 697 3884 759 λαοὺς

2391 779 2814 851 φιλοφρονήσεις,
2842 784 2948 836 τῶν
2967 787 3197 855 Χριστοῦ
3226 785 3470 856 σώματος
3497 785 3676 855 μελῶν
3699 787 3769 848 είς
3792 787 3885 854 μίαν

2390 869 2674 923 συνιόντων
2720 872 2975 941 ἁρμονίαν
3020 874 3209 938 ’ἐνωσις
3259 875 3387 947 (91).
3438 876 3709 945 Συνήγετο
3752 876 3790 928 δ’
3821 874 3885 929 οὖν

2388 954 2690 1019 ἀκολούθως
2715 961 3010 1029 προρρήσει
3030 966 3332 1034 προφητικῇ
3362 963 3639 1031 μυστικῶς
3664 963 3723 1016 τὸ
3743 964 3887 1034 μέλλον

2388 1047 2828 1118 προσημαινούσῃ
2851 1066 2863 1079 ·
2898 1069 2914 1099 ι
2939 1050 3145 1105 Ὀστέον
3176 1052 3311 1122 πρὸς
3344 1053 3547 1117 ὀστέον,
3579 1054 3675 1106 καὶ
3702 1054 3890 1123 ἁρμονία

2387 1136 2521 1206 πρὸς
2551 1137 2808 1206 ἁρμονίαν
2827 1154 2839 1167 ·
2868 1157 2886 1188 ι
2923 1139 3013 1190 καὶ
3046 1140 3143 1191 ὅσα
3173 1139 3435 1205 θεσπίζων
3460 1146 3488 1195 ό
3520 1143 3677 1210 λόγος
3704 1142 3766 1195 δι’
3786 1148 3888 1197 αἰνι-

2383 1221 2604 1290 γμάτων
2651 1223 2893 1291 ἀψευδῶς
2938 1228 3362 1295 προανετείνετο.
3418 1232 3532 1284 Μία
3576 1247 3638 1283 τε
3678 1222 3743 1301 ἦν
3778 1233 3888 1284 θείου

2384 1310 2521 1364 Πνεύ
2530 1330 2694 1382 ματος
2713 1313 2799 1366 διὰ
2828 1316 3041 1368 πάντων
3068 1317 3173 1369 τῶν
3204 1320 3377 1388 μελῶν
3406 1320 3660 1391 χωροῦσα
3688 1322 3888 1391 δύναμις,

2378 1402 2475 1452 καὶ
2499 1401 2641 1472 ψυχὴ
2672 1403 2779 1455 τῶν
2808 1406 3021 1457 πάντων
3059 1405 3151 1475 μία
3172 1448 3186 1472 ,
3220 1409 3311 1459 καί
3335 1410 3612 1479 προθυμία
3638 1412 3843 1472 πίστεως
3867 1414 3888 1481 ή

2380 1491 2535 1560 αὐτὴ,
2577 1494 2668 1545 καὶ
2698 1488 2778 1556 εἷς
2805 1493 2862 1560 ἐξ
2886 1496 3136 1549 ἁπάντων
3167 1497 3438 1565 θεολογίας
3464 1498 3635 1569 ὕμνος
3658 1500 3758 1569 (9Ξ)
3776 1519 3789 1530 ·
3823 1502 3888 1553 va‘t

2382 1581 2486 1652 μὴν
2512 1585 2604 1635 καὶ
2644 1583 2752 1636 τῶν
2782 1586 3200 1655 προηγουμένων
3232 1586 3458 1650 ἐντελεῖς
3496 1589 3803 1661 θρησκείαι,
3834 1596 3887 1643 it-

2368 1674 2626 1745 ρουργίαι
2668 1693 2727 1726 τε
2778 1674 2885 1727 τῶν
2932 1677 3267 1747 ἱερωμένων,
3315 1679 3406 1730 καὶ
3441 1678 3757 1749 θεοπρεπεῖς
3794 1684 3886 1735 Ἑκ-

742 1772 963 1821 nitatem
986 1768 1201 1836 hymnis
1234 1750 1642 1819 celebrantium.
1674 1764 1791 1819 Jam
1824 1779 1951 1818 vero
1979 1763 2267 1816 antistitqu

2376 1764 2598 1833 κλησίας
2628 1763 2846 1833 θεσμοί·
2890 1757 2989 1816 ὧδε
3028 1766 3122 1834 μὲν
3168 1764 3500 1834 ψαλμῳδίαις
3529 1768 3638 1837 (95)
3672 1770 3760 1822 καὶ
3798 1776 3888 1831 sui;

728 1842 1152 1912 absolutissima:
1198 1856 1553 1920 cmretnoniac,
1604 1864 1658 1910 et
1711 1863 1961 1909 accurata
2007 1854 2274 1907 sacriﬁcia

740 1950 1100 2013 sacerdotum,
1129 1956 1184 2001 et
1215 1948 1377 2001 divini
1414 1948 1631 2018 quidam
1666 1946 1991 2017 angustique
2026 1943 2278 1998 Ecclesia:

739 2042 903 2105 ritus;
946 2041 1071 2093 hinc
1120 2040 1353 2107 psalmos
1402 2039 1707 2092 canentium
1758 2045 1813 2090 et
1848 2036 2080 2103 reliquas
2123 2037 2276 2087 nobis

737 2132 994 2184 divinitus
1023 2132 1246 2188 traditas
1268 2145 1426 2185 voces
1447 2127 1861 2184 auscultantium
1894 2147 1906 2181 :
1932 2126 2075 2179 illinc
2098 2125 2275 2179 divina

736 2232 1015 2274 etarcana
1058 2222 1367 2275 obeuntium
1411 2220 1734 2273 ministeria.
1787 2217 2008 2284 Mystica
2056 2229 2273 2283 quoque

736 2311 995 2364 salutaris
1026 2311 1292 2378 passionis
1338 2310 1576 2380 symbola
1629 2308 1999 2362 tradebantur.
2036 2306 2273 2372 Denique

734 2403 914 2455 omnis
942 2410 1074 2455 aetas
1099 2412 1153 2455 et
1180 2402 1484 2470 promiscua
1516 2400 1796 2467 utriusque
1830 2410 1986 2449 sexus
2030 2394 2239 2447 multitu
2258 2422 2271 2432 -

734 2495 825 2553 do,
860 2502 969 2544 toto
997 2502 1213 2558 pectore
1248 2490 1652 2559 precationibus
1689 2498 1743 2541 et
1781 2492 2078 2559 gratiarum
2106 2485 2270 2538 actio-

734 2583 890 2635 nibus
920 2581 1258 2643 incumbens,
1308 2596 1428 2633 cum
1480 2594 1685 2633 summa
1738 2580 2035 2633 animorum
2088 2574 2266 2630 laetitia

2372 1853 2582 1917 λοιπαῖς
2602 1854 2709 1906 τῶν
2734 1854 2914 1908 θεόθεν
2937 1857 3065 1925 ἡμῖν
3102 1856 3500 1926 παραδοθεισῶν
3524 1858 3714 1924 φωνῶν
3733 1860 3884 1929 augea-

2366 1959 2557 2003 aestv,
2594 1936 2693 1995 ὧδε
2727 1943 2782 1993 δὲ
2822 1943 2991 2005 θείαις
3035 1944 3127 1996 καὶ
3171 1949 3451 2013 μυστικαῖς
3488 1947 3887 2016 ἐπιτελουμένοις

2372 2032 2698 2093 διακονίαις·
2737 2033 2999 2101 σωτηρίου
3038 2049 3096 2083 τε
3136 2029 3204 2104 ἦν
3244 2034 3444 2097 πάθους
3474 2035 3755 2105 ἀπόρρητα
3785 2038 3885 2105 utip-

2373 2118 2501 2170 ϐολα
2545 2116 2676 2187 (9ιί).
2735 2118 2897 2186 ὐμοῦ
2946 2119 3003 2170 δὲ
3041 2121 3146 2171 πᾶν
3186 2120 3338 2187 γένος
3368 2120 3582 2191 ἡλικίας
3613 2124 3886 2193 ἀρῤενόςτε

2374 2210 2469 2261 καὶ
2502 2208 2687 2279 θήλεος
2721 2209 2962 2276 φύσεως,
3011 2210 3109 2280 ὅλῃ
3154 2210 3387 2274 διανοίας
3436 2213 3611 2281 ίσχύῖ,
3655 2213 3720 2265 δι’
3751 2214 3887 2282 εὐχῶν

2374 2301 2467 2353 καὶ
2492 2300 2835 2370 εὐχαριστίας
2863 2300 3113 2369 γεγηθότι
3139 2299 3211 2369 νῷ
3240 2302 3329 2353 καὶ
3347 2303 3515 2373 ψυχῇ,
3544 2304 3637 2356 τὸν
3661 2304 3763 2373 τῶν
3782 2308 3886 2370 ἁγα-

2375 2390 2479 2442 θῶν
2508 2391 2787 2461 παραίτιον
2815 2390 2943 2442 Θεὸν
2972 2392 3269 2462 ἐγέραιρον.
3307 2394 3502 2447 Ἐκίνει
3534 2394 3591 2447 δὲ
3618 2397 3712 2447 καὶ
3736 2395 3885 2461 λόγους

2374 2482 2516 2543 ἅπας
2560 2480 2666 2533 τῶν
2720 2482 2997 2551 παρόντων
3042 2482 3310 2552 ἀρχόντων
3360 2487 3791 2557 πανηγυρικοὺς,
3832 2484 3887 2545 ὡς

2372 2562 2582 2642 ἑκάστῳ
2611 2572 2789 2642 παρῆν
2820 2572 3117 2641 δυνάμεως,
3151 2572 3373 2637 θειάζων
3403 2576 3502 2644 τὴν
3532 2578 3839 2646 πανήγυριν.

733 2675 899 2729 Deum
934 2676 1195 2729 bonorum
1231 2684 1506 2728 auctorem
1580 2675 1957 2727 venerabatur.
1986 2672 2092 2726 Sed
2131 2680 2185 2724 et
2237 2667 2594 2723 Ecclesiarum
2632 2667 2897 2719 antistites
2945 2676 3204 2734 quotquot
3264 2667 3509 2733 aderant,
3568 2672 3886 2737 panegyricas

734 2772 1004 2825 habebant
1048 2771 1344 2834 orationes;
1384 2779 1438 2823 et
1471 2780 1726 2835 quantum
1763 2771 1986 2839 quisque
2021 2766 2231 2837 ingenio
2266 2771 2498 2833 poterat,
2528 2767 2847 2815 conventum
2877 2759 3120 2813 laudibus
3156 2760 3411 2813 extollere
3432 2762 3744 2815 studebant.

1315 2862 1537 2918 CAPUT
1578 2862 1662 2916 IV.

2899 2854 3282 2905 ΚΕΦΑΛΑΙΟΝ
3311 2856 3383 2906 Δ’.

736 2952 921 3006 Oratio
963 2955 1272 3023 panegyrica
1310 2954 1374 3006 de
1413 2955 1681 3017 splendore
1704 2964 1751 3007 et
1778 2954 1944 3023 gloria
1973 2968 2146 3005 rerum
2170 2968 2264 3003 no-

2368 2941 2772 3012 Harm-vptxdc
2796 2941 3004 3023 ,τῇ
3025 2940 3533 3023 ζῷνηπρσγμιξςων
3553 2940 3885 3010 φαιδρότητα

1371 3035 1618 3077 atrorum.

797 3115 972 3181 Atque
1003 3112 1196 3183 aliquis
1220 3114 1303 3166 vir
1331 3113 1615 3166 mediocris
1638 3111 1810 3165 meriti
1839 3110 1927 3179 qui
1961 3110 2263 3178 bujusmodi

721 3205 1028 3259 orationem
1076 3212 1471 3272 composuerat,
1527 3204 1578 3256 in
1638 3203 1867 3254 medium
1922 3214 2260 3269 progressus,

720 3296 1083 3364 praesentibus
1122 3305 1182 3349 ut
1217 3296 1269 3347 in
1317 3294 1685 3348 ecclesiastico
1716 3301 1976 3345 conventu
2021 3291 2263 3360 plurimis

729 3389 1055 3457 pastoribus,
1101 3397 1157 3439 et
1195 3386 1393 3439 decore
1447 3400 1511 3439 ac
1554 3386 1758 3453 placide
1795 3382 2213 3437 auscultantibus
2246 3398 2259 3432 :

731 3478 795 3529 ad
818 3492 980 3529 unum
1013 3490 1078 3529 ex
1130 3476 1235 3527 illis
1291 3490 1584 3528 conversus
1614 3474 1768 3526 facile
1801 3474 2035 3526 omnium
2069 3472 2265 3541 princi-

728 3583 872 3635 pem,
906 3567 1119 3635 Dcoque
1148 3568 1574 3634 acceptissimum
1622 3568 1949 3635 episcopum,
1976 3567 2125 3634 cujus
2148 3576 2258 3620 stu-

728 3660 816 3711 dio
844 3659 1099 3727 templum
1148 3657 1276 3710 illttd
1323 3659 1373 3709 in
1408 3659 1537 3711 urbe
1576 3657 1716 3726 Tyro
1761 3667 1876 3710 erat
1905 3667 2258 3719 exstructum,

720 3750 962 3802 omnium
987 3764 1104 3817 qum
1133 3750 1183 3801 in
1209 3748 1463 3805 Pltmuice
1492 3759 1614 3803 sunt
1640 3749 1791 3819 longe
1821 3748 2255 3819 pulcherrimum,

724 3842 797 3891 ita
837 3840 995 3893 verba
1034 3840 1203 3894 fecit:

786 3975 838 4007 ’⁸³
856 3976 1053 4029 Bacch.
1074 3975 1336 4041 xxxvuﬂ.

725 4102 823 4143 tes.
858 4110 875 4142 ι
902 4094 1027 4163 Quae
1052 4093 1209 4146 verba
1243 4092 1363 4145 licet
1384 4108 1410 4144 a
1446 4108 1600 4147 sensu
1638 4091 1844 4146 Eusebii
1869 4093 2073 4163 longius
2102 4109 2252 4148 rece-

724 4163 871 4238 dant,
896 4162 1107 4227 aliquod
1131 4171 1303 4215 tamen
1336 4163 1506 4228 adhuc
1536 4164 1814 4231 vestigium
1846 4179 1986 4217 verae.
2014 4166 2254 4219 lectionis

724 4239 973 4280 I'Clllleﬂl.

790 4295 1231 4385 (θρβέςμιρντη
1250 4298 1532 4385 apaula?
1544 4298 1769 4385 ἔνφσίς·
1789 4299 1925 4385 Eii!)
1962 4302 2271 4385 εξιιιεξιένω-
2300 4331 2342 4385 υ

724 4381 824 4417 σιν.
852 4365 1069 4419 Rectius
1091 4367 1143 4418 in
1171 4369 1440 4418 codicibus
1471 4372 1664 4419 nostris
1692 4368 1800 4420 Maz
1833 4408 1846 4427 ,
1872 4368 2011 4421 Med.
2049 4382 2100 4424 et
2122 4371 2249 4428 Sav.

722 4434 913 4501 legitur
952 4434 1186 4504 equm
1220 4434 1499 4487 συνιόντων
1532 4436 1789 4504 ἁρμονίαν
1817 4437 2022 4503 ἓνωσις,
2056 4448 2114 4492 ut
2138 4443 2251 4495 edi-

722 4451 913 4501 regitur
952 4451 1186 4557 £9:th
1220 4451 1499 4487 συνιοντων
1532 4451 1789 4504 αρμονιαν
1818 4451 1825 4485 t

718 4520 861 4557 mus.
896 4504 950 4555 lu
990 4505 1060 4559 Fu
1107 4543 1118 4555 .
1150 4504 1825 4573 etiamlegiturfhppoviav.

786 4573 899 4641 (92)
927 4571 1498 4644 Θεολοτίαςῇῦμγος.
1530 4571 1747 4644 Longus
1782 4574 1937 4625 vertit
1969 4592 1982 4626 :
2018 4574 2249 4644 Hymnus

718 4640 850 4693 unus
882 4640 1208 4698 divinitatem
1254 4640 1403 4694 Verbi
1451 4640 1544 4692 Dei
1596 4652 1843 4693 concentu
1906 4640 2249 4706 pulcherrimo

716 4712 999 4767 celebrans.
1027 4714 1132 4767 Sed
1181 4713 1377 4765 rectius
1421 4708 1685 4761 Musculus
1730 4720 1783 4761 et
1819 4710 2250 4778 Christopltor‘su-

718 4795 837 4840 nus,
890 4794 943 4833 et
990 4793 1112 4835 ante
1162 4796 1253 4835 eos
1306 4781 1527 4831 liuiiuus
1566 4778 1891 4830 divinitatem
1944 4780 2250 4845 simpliciter

716 4858 1008 4911 verterunt,
1066 4866 1167 4903 non
1227 4851 1407 4903 addito
1462 4846 1617 4900 Verbi
1676 4848 1907 4900 nomine.
1963 4846 2093 4901 Nam
2139 4852 2249 4903 Θεο-

714 4916 865 4984 λογία
924 4922 1058 4985 apud
1109 4920 1395 4973 Eusebium
1447 4932 1543 4985 pro
1593 4914 1685 4968 Dei
1748 4914 2054 4969 laudatione
2109 4924 2246 4973 sumi

715 4987 868 5106 Zolet,
923 5001 977 5042 ct
1022 4988 1289 5057 ηθεολογεῖν
1344 4984 1545 5057 proco
1590 4984 1729 5053 quod
1780 4995 1863 5037 est
1914 4988 2075 5039 Deum
2135 4989 2247 5041 lau-

750 5069 861 5106 are.

750 5071 777 5112 .‘I
788 5069 861 5110 re.

783 5117 1053 5192 (95)*Ωδε
1090 5125 1203 5193 μὲν
1236 5126 1621 5195 ψαλμῳδίαις.
1656 5124 1789 5179 Male
1813 5122 2249 5192 Christophorso-

714 5207 812 5246 nus
836 5196 1030 5247 vertit;
1067 5196 1129 5246 let
1161 5199 1328 5248 decori
1372 5196 1616 5247 Ecclesia:
1654 5198 1779 5246 ritus
1815 5195 2069 5245 interdum
2107 5198 2251 5263 paul-

712 5278 911 5314 morum
940 5272 1114 5324 cantu,
1162 5274 1208 5315 et
1242 5267 1436 5315 m'teris
1462 5265 1767 5331 hymnorum
1809 5266 2057 5317 divinitus
2102 5266 2245 5317 uobis

713 5332 1022 5384 traditarum
1082 5333 1486 5392 recitationibus,
1536 5350 1904 5401 nonnunquam
1958 5334 2144 5385 divinis
2192 5346 2245 5385 et

713 5403 941 5471 {ttysticis
1012 5402 1311 5455 ministeriis
1380 5403 1729 5467 exsequendis.
1807 5402 1984 5471 Longe
2047 5402 2246 5455 rectius

714 5464 968 5532 ltuﬁnus,
1015 5471 1165 5538 cujus
1223 5464 1591 5535 interpretatio
1644 5464 2014 5524 commentarii
2076 5473 2244 5523 vicem

711 5548 944 5611 l'l‘wstat.
980 5558 997 5588 ι
1028 5536 1146 5611 hiut
1174 5554 1299 5592 vero
1332 5539 1519 5611 ingens
1551 5540 1600 5589 iu
1639 5542 1947 5611 sacerdotiis
1993 5549 2045 5593 et
2084 5540 2246 5611 mitti-

710 5609 905 5668 ιιειοιε,
935 5616 1091 5674 atque
1128 5610 1181 5661 in
1214 5609 1469 5661 omnibus
1514 5620 1629 5675 quae
1658 5609 1721 5661 ad
1762 5609 2029 5676 religionis
2056 5610 2243 5665 obSer-

2857 3010 2991 3081 (Nic.
3033 3010 3102 3062 ΙΙ.
3136 3009 3200 3062 Ε.
3233 3026 3323 3074 vn,
3347 3012 3459 3079 40).

2438 3102 2545 3155 Καί
2562 3102 2650 3165 τις
2678 3104 2733 3153 ἐν
2767 3102 2911 3171 μέσῳ
2932 3098 3210 3172 παρελθὼν
3235 3101 3341 3153 τῶν
3373 3100 3610 3171 μετρίως
3638 3099 3887 3157 tumuti”,

2365 3192 2785 3260 léyoueuvragw
2806 3194 3176 3263 πεποιημένος,
3191 3194 3265 3255 ὡς
3291 3195 3347 3245 ὲν
3363 3192 3687 3264 Ἑκκλησίας
3730 3192 3887 3262 ἀθροί-

2368 3299 2531 3352 σματι
2565 3283 2825 3337 πλείστων
2858 3284 3226 3355 ὲπιπαρὸντων
3282 3286 3554 3354 ποιμένων
3574 3325 3589 3348 ,
3632 3286 3688 3337 ἐν
3715 3282 3887 3353 ﬂaui;

2366 3373 2458 3425 καὶ
2485 3373 2670 3443 κόσμῳ
2684 3374 2780 3442 τὴν
2796 3376 3051 3445 ἀκρόασιν
3081 3375 3482 3445 παρεχομένων,
3502 3376 3620 3437 ἐνὸς
3643 3377 3720 3436 είς
3742 3373 3889 3441 πρόσο

2364 3482 2508 3516 ωπον
2549 3465 2616 3517 τὰ
2670 3467 2846 3521 πάντα
2887 3468 3103 3537 ἀρίστου
3142 3466 3235 3517 καὶ
3276 3464 3557 3533 θεοφιλοῦς
3593 3464 3886 3517 ἐπισκοπεῖ-ι.

2359 3547 2420 3606 οὗ
2468 3555 2554 3608 διὰ
2602 3558 2833 3627 σπουδῆς
2880 3560 2907 3609 6
2955 3557 3181 3626 μάλιστα
3225 3556 3330 3609 τῶν
3377 3557 3521 3626 ἀμφὶ
3555 3556 3617 3608 τὸ
3652 3556 3891 3608 Φοινίκων

2360 3646 2506 3707 ἔθνος
2542 3646 2846 3715 διαπρέπων
2878 3649 2933 3700 ὲν
2958 3646 3115 3716 Τύρῳ
3145 3644 3281 3709 νεὼς
3323 3646 3618 3716 φιλοτίμως
3646 3638 3886 3697 ἐπεσκεύ-

2358 3754 2519 3801 αστο,
2554 3740 2751 3792 τοιόνδε
2784 3723 3016 3810 παρέσχε
3051 3738 3222 3806 λόγον.

2354 4097 2599 4149 'vantiam
2629 4097 2912 4163 pertinent,
2946 4099 3116 4163 gratia
3146 4096 3460 4166 refulgebat.
3487 4094 3789 4147 Adstalmnt
3819 4093 3892 4145 hc

2363 4166 2699 4233 psallentium
2730 4167 2877 4217 chori
2900 4182 2922 4231 ζ
2946 4169 3166 4235 juvenes
3201 4179 3256 4220 et
3294 4165 3547 4235 virgines,
3593 4177 3757 4235 senes
3782 4177 3891 4235 cuin

2354 4232 2657 4305 junioribus
2680 4232 2963 4305 laudabant
2982 4250 3169 4305 nomen
3188 4235 3413 4305 Domini.
3442 4233 3539 4284 llic
3559 4232 3788 4305 mystica
3809 4234 3893 4281 Illi-

2374 4304 2592 4371 ttisteria
2620 4304 2879 4356 ordinatis
2906 4317 2957 4357 et
2980 4304 3250 4371 dispositis
3293 4302 3500 4371 vicibus
3514 4302 3842 4371 agebantur.
3876 4320 3888 4348 ι

2370 4367 2492 4423 Ὧδε
2530 4370 2626 4491 μέν
2652 4375 2808 4441 igitur
2842 4367 3077 4436 designai
3112 4371 3360 4441 pupulum
3410 4369 3675 4431 ﬁdelium,
3718 4371 3812 4448 qui
3850 4371 3892 4419 in

2370 4442 2525 4491 :ccles
2550 4456 2577 4491 a
2648 4443 2878 4491 nsalmos
2954 4442 3211 4491 canebat.
3277 4446 3330 4491 et
3386 4451 3577 4490 sacras
3641 4439 3892 4491 lecttunrs

2352 4438 2577 4494 ecclesia
2648 4438 2878 4510 psalmos
2954 4438 3211 4504 canebat}
3277 4446 3330 4491 et
3386 4451 3592 4510 sacras
3641 4438 3894 4510 lectiunfs

2352 4505 2711 4563 auscultabat.
2764 4510 2914 4574 Quod
2978 4510 3248 4563 declarant
3306 4521 3468 4576 voces
3513 4505 3640 4576 illm
3710 4507 3893 4576 φωνῶν

2351 4579 2659 4647 ᾁκροάσεσι,
2716 4594 2831 4647 qum
2861 4580 3070 4631 nonnisi
3111 4577 3174 4629 de
3202 4575 3353 4647 laicis
3396 4574 3621 4647 intelligi
3644 4574 3891 4643 possunt.

2356 4596 2419 4631 ακ
2487 4596 2659 4643 ασεσι,
2716 4596 2831 4647 qum
2861 4596 3070 4631 uonnt5t
3111 4596 3174 4629 ue
3202 4596 3353 4628 tarcrs
3396 4596 3621 4644 tutetugt
3644 4596 3891 4643 possunt.

2356 4596 2484 4699 rei:
2529 4648 2585 4699 δέ
2618 4664 2742 4702 vero
2798 4650 3036 4716 designat
3088 4645 3426 4708 sacerdotes,
3483 4645 3574 4712 qui
3638 4647 3894 4716 mysticas

2348 4720 2695 4771 carenmnias
2726 4720 3067 4785 peragebant.

2418 4787 2529 4854 (94)
2557 4777 2961 4854 Σωτηρίου”τσ
3005 4777 3343 4854 ἦγέ-πάθους
3386 4780 3707 4854 eadm“;
3751 4786 3895 4853 σύμ-

2348 4851 2519 4923 βολαζ
2546 4851 2887 4923 Βιψιίειηυηι
2945 4851 3206 4923 itt_lel|_igil,
3241 4852 3397 4923 ‘quod
3441 4851 3894 4923 Διξςςιᾼιιιῖιυὺοιιὶςη

2348 4918 2939 4989 Βιιηιίηἰοωρεεεὶοηίβ.
2986 4918 3207 4989 Ruﬁnus
3240 4919 3292 4972 in
3334 4920 3514 4988 capite
3543 4921 3581 4976 9
3611 4918 3717 4975 iib.
3744 4940 3800 4977 ιι
3832 4923 3897 4975 υς

2347 4987 2682 5043 Constantino
2742 5006 2761 5043 :
2804 5008 2823 5040 ι
2856 4987 3096 5040 Nondum
3154 4998 3349 5051 tamen,
3401 4987 3459 5042 ut
3509 5002 3598 5044 est
3658 4993 3897 5044 solemn:-

2349 5061 2543 5111 nostris
2576 5061 2799 5120 initiari,
2829 5058 3032 5123 signum
3060 5054 3352 5111 Dominica:
3372 5060 3652 5127 passionis
3675 5076 3897 5124 accepe—

2350 5137 2451 5178 rat.
2481 5146 2497 5176 ι
2528 5129 2580 5179 In
2605 5128 2867 5194 baptismo
2914 5127 3051 5176 enim
3102 5129 3360 5179 morimur
3401 5138 3459 5179 et
3488 5130 3897 5195 consepeliutur

2347 5210 2467 5247 cum
2480 5197 2729 5260 Christo;
2750 5206 2801 5247 et
2824 5208 2943 5244 mox
2956 5197 3283 5264 resurgimus
3296 5197 3347 5247 in
3360 5198 3549 5249 eodem
3563 5195 3799 5250 Christo
3814 5210 3895 5264 per

2350 5266 2526 5331 tidem,
2562 5275 2618 5316 ut
2652 5266 2724 5316 ait
2754 5262 3033 5327 Apostolus
3070 5265 3120 5315 in
3147 5263 3383 5331 Epistula
3422 5264 3489 5317 ad
3515 5262 3893 5319 Colossertses.

2342 5330 2579 5386 Hilarius
2631 5334 2678 5384 iu
2723 5334 2857 5384 libro
2906 5346 2927 5382 ι
2984 5332 3056 5385 De
3107 5330 3360 5389 Trinitate
3389 5347 3412 5385 :
3444 5348 3466 5381 ο
3512 5331 3696 5399 Cujus
3750 5336 3894 5387 morti

2346 5402 2732 5469 consepelimur
2771 5402 2823 5451 in
2850 5400 3113 5467 baptismo
3143 5421 3155 5455 :
3188 5411 3244 5455 ιιι
3285 5402 3338 5453 in
3367 5401 3723 5459 aeternitatis
3743 5404 3893 5457 vitant

2349 5468 2663 5531 rediremus,
2700 5468 2822 5521 dum
2868 5472 3199 5535 regeneratio
3241 5471 3308 5522 ad
3340 5469 3513 5521 vitam
3554 5484 3726 5527 mors
3768 5486 3893 5526 εειτι

2344 5551 2408 5589 ex
2440 5539 2565 5600 vita,
2590 5549 2642 5589 et
2666 5540 2950 5590 morientes
2977 5540 3137 5603 vitiis,
3164 5537 3561 5592 immortalitati
3579 5552 3891 5597 renascor»

2347 5620 2505 5670 mur;
2537 5607 2653 5671 ipso
2675 5621 2775 5673 pro
2805 5609 2954 5663 nobis
2982 5623 3047 5663 ex
3070 5606 3477 5664 immortalitate
3514 5612 3823 5674 moriente.
3850 5622 3892 5666 ut
