3954 6346
90 260 189 322 μθ

1073 257 1413 315 ΙΙΙΒΤΟΙΚΙΕ
1449 260 1997 317 Εεοιεειλδτιοιε
2034 260 2160 317 LIB.
2197 262 2207 311 ἶ

3139 255 3247 310 851

100 374 550 495 ῒΠαἺτυρικὸς
566 376 659 431 ἐπὶ
676 373 749 442 τῇ
770 376 887 430 τῶν
932 378 1267 443 έκκλησιων
1315 377 1600 446 οἰκοδομῇ,

120 447 287 495 ﬂavi
312 459 393 495 νω
426 447 641 495 ποιων
667 446 969 495 darmeer
994 446 1582 495 ποοσπεςοωνηιιένορ.

1713 380 1752 449 1·
1795 378 1977 436 Oratio
2027 378 2337 447 panegyriu
2389 378 2454 428 de
2501 366 2843 440 ratiﬁcation
2886 367 3245 432 ecclesiarum,

1990 447 2215 495 Pnuh‘no
2247 444 2520 495 Tur-ierunt
2546 443 2777 495 eninne
2805 438 2967 490 dicte.

120 446 393 506 Παυλίνῳ
426 447 641 511 πυριων
667 446 969 513 ἐπισκόπῳ
994 446 1582 515 προσπεφωηυιένος.

150 529 221 585 Ὦ
262 535 401 602 φίλοι
434 533 568 587 Θεοῦ
614 536 704 589 καὶ
753 539 933 607 ἱερεῖς,
976 539 1023 590 οί
1055 538 1143 591 τὸν
1184 538 1336 605 ἀγιον
1382 538 1611 608 ποδήρη,

90 626 170 679 καὶ
204 622 297 676 τδν
330 624 574 693 οὐράνιον
600 626 695 695 τῆς
726 624 880 695 δόξης
920 626 1196 694 στέφανον,
1233 626 1293 679 τό
1318 643 1378 679 τε
1411 630 1614 697 χρῖσμα

88 708 138 760 τὺ
175 708 374 773 ένθεον,
413 711 504 763 καὶ
537 710 635 781 τὴν
673 712 943 783 ἱερατικὴν
982 713 1075 766 τοῦ
1117 714 1273 782 ἀγίου
1305 714 1613 785 Πνεύματος

93 800 267 871 πολὴν
316 801 787 873 περιϐεϐλημένοι,
830 803 892 856 σύ
949 821 1028 867 τε,
1072 800 1117 857 ὦ
1160 803 1471 874 νὼυοάγίου
1508 806 1611 860 νεὼ

88 888 210 941 Θεοῦ
245 890 633 962 σεμνολόγημα,
658 894 864 963 γεραρᾷ
902 894 996 962 μὲν
1027 882 1275 965 φρονήσει
1306 895 1453 965 παρά
1476 894 1609 947 Θεοῦ

88 980 426 1050 τετιμημένα,
459 983 581 1045 νέας
616 983 671 1036 δὲ
714 985 805 1036 καὶ
845 985 1190 1056 ἀκμαζούσης
1231 985 1427 1056 ἀρετῆς
1476 985 1610 1056 ἔργα

90 1070 338 1139 πολυτελῆ
362 1072 455 1123 καὶ
480 1071 700 1142 πράξεις
738 1074 1152 1145 έπεδεδειγμένε,
1184 1068 1228 1143 ᾧ
1261 1076 1350 1128 τὸν
1390 1077 1481 1129 ἐπὶ
1507 1076 1609 1145 γῆς

87 1156 218 1213 οεεον
250 1159 408 1223 αὐτὸς
444 1161 473 1211 ὀ
507 1160 595 1213 τὸν
640 1160 925 1231 σύμπαντα
956 1164 1157 1234 κόσμον
1188 1167 1452 1236 περιέχων

88 1245 354 1314 δείμασθαι
392 1246 483 1298 καὶ
521 1246 774 1301 ἀνανεοῦν
814 1247 1030 1320 Χριστῷ
1071 1250 1148 1320 τῷ
1191 1253 1465 1321 μονογενεῐ
1516 1252 1609 1304 καὶ

86 1336 401 1405 πρωτογενεῖ
434 1334 594 1389 αὑτοῦ
626 1337 797 1405 Λόγῳ,
830 1340 895 1409 τῇ
936 1356 994 1391 τε
1038 1340 1165 1410 ἁγίᾳ
1193 1339 1285 1392 καὶ
1324 1340 1611 1411 θεοπρεπεῖ

58 1432 61 1437 ’
86 1425 258 1476 τούτου
286 1424 485 1497 νύμφῃ,
520 1426 686 1495 γέρας
710 1426 977 1500 ἐξαίρετον
1001 1427 1291 1499 δεδώρηται
1320 1428 1429 1500 (95)
1452 1446 1466 1460 ’
1496 1430 1603 1483 εἴτε

86 1533 158 1577 τις
179 1516 293 1569 νέον
318 1533 374 1568 σε
402 1517 684 1587 Βεσελεὴλ,
711 1516 859 1581 θείας
889 1520 1235 1588 ἀρχιτέκτονα
1263 1520 1464 1590 σκηνῆς
1487 1521 1604 1573 ἐθέ-

86 1603 155 1655 λοι
180 1604 376 1667 καλεῖν,
404 1605 510 1656 εἴτε
532 1605 833 1674 Σολομῶνα,
870 1608 1057 1677 καινῆς
1097 1606 1189 1660 καὶ
1213 1607 1343 1661 πολὺ
1369 1608 1604 1679 κρείττο-

1988 438 2216 501 Paulino
2247 444 2520 514 Tyriorum
2546 438 2777 510 episcopo
2805 438 2967 490 dicte.

1777 537 1945 591 Amici
1978 546 2034 592 et
2062 535 2371 591 sacerdotes
2403 531 2519 595 Dei,
2562 530 2655 598 qui
2693 542 2843 583 sacra
2869 525 3048 580 tunica
3080 524 3241 578 talari

1710 628 1904 687 induti.
1954 636 2007 678 et
2063 624 2263 679 ctelesti
2290 622 2477 692 gloria:
2514 633 2713 673 corona
2748 616 3005 682 decorati,
3030 615 3241 667 divina-

1709 730 1812 783 que
1841 715 2089 767 unctione
2109 712 2353 775 delibuti,
2383 720 2439 763 et
2461 708 2784 763 sacerdotali
2813 706 2981 759 sancti
3007 702 3239 771 Spiritus

1708 815 1855 859 veste
1882 805 2061 859 amicti
2097 801 2264 869 estis;
2290 814 2451 870 tuque
2478 817 2512 855 ο
2532 801 2656 855 novi
2684 814 2749 853 ac
2784 798 2952 851 sancti
2974 794 3067 849 Dei
3098 805 3236 849 tem-

1711 883 1780 962 pli
1821 894 1982 957 decus
2009 892 2264 946 eximium
2291 931 2309 957 ,
2337 892 2428 970 qui
2460 890 2615 952 senili
2658 889 2871 958 quidem
2909 885 3183 956 prudentia
3205 898 3234 935 a
3340 958 3345 959 γ

1710 987 1817 1040 Deo
1846 986 2124 1040 decoratus
2149 999 2226 1047 es,
2252 982 2505 1053 juvenilis
2535 992 2714 1036 autem
2762 996 2827 1035 ac
2853 982 3041 1034 vividae.
3068 978 3238 1033 virtu-

1711 1079 1778 1131 tis
1807 1076 2059 1146 praeclara
2092 1074 2337 1129 facinora
2363 1073 2612 1135 edidisti;
2653 1072 2740 1124 cui
2778 1072 2891 1140 ipse
2933 1069 3240 1123 universum

1708 1170 1958 1222 mundum
2006 1168 2284 1221 continens
2344 1165 2508 1227 Deus,
2541 1166 2681 1217 hanc
2725 1164 2778 1216 iu
2818 1162 2979 1216 terris
3028 1162 3240 1216 domum

1704 1257 1919 1311 Christo
1949 1256 2107 1310 unico
2153 1270 2219 1309 ac
2275 1253 2633 1323 primogenita
2662 1266 2763 1305 suo
2793 1246 2988 1313 Verbo,
3021 1260 3245 1304 sancta-

1702 1360 1807 1416 que
1828 1360 1890 1400 ac
1913 1344 2107 1399 divina:
2124 1343 2244 1413 ejus
2274 1354 2483 1410 sponsa:
2509 1348 2823 1392 construere
2866 1353 2934 1392 ac
2958 1353 3237 1405 renovare,

1703 1436 1924 1490 eximiav
1951 1434 2180 1504 quadam
2232 1429 2585 1500 pmrogativa
2617 1428 2925 1495 concessit;
2960 1428 3120 1497 372
3146 1441 3241 1481 seu

1706 1526 1831 1596 quis
1883 1534 1936 1580 te
1980 1538 2174 1578 novum
2220 1520 2542 1577 Beseleelem
2586 1518 2753 1573 divini
2783 1518 3131 1573 architectum
3160 1526 3242 1570 ta-

1706 1615 1981 1672 bernaculi
2013 1627 2208 1669 vocare
2251 1610 2516 1675 voluerit;
2546 1624 2643 1662 seu
2696 1608 3060 1673 Salomonem,
3090 1621 3247 1661 novas

85 1710 161 1754 ιος
201 1694 544 1765 Ἰερουσαλὴμ
577 1694 827 1763 βασιλέα,
862 1698 969 1748 εἴτε
1001 1697 1093 1749 καὶ
1123 1696 1239 1750 νέον
1284 1697 1600 1767 Ζοροϐάϐελ,

1704 1724 1766 1761 ac
1797 1706 1966 1761 multo
1988 1702 2380 1778 prastantioris
2419 1699 2715 1754 Jerusalem
2782 1712 2960 1766 regem
2984 1715 2998 1749 :
3023 1713 3117 1751 seu
3154 1698 3241 1751 de-

85 1784 170 1851 τὴν
198 1782 326 1836 πολῦ
357 1785 634 1855 κρείττονα
662 1782 816 1848 δόξαν
851 1786 948 1854 τῆς
979 1786 1242 1857 προτέρας
1272 1786 1349 1857 τῷ
1382 1786 1486 1857 νεῷ
1511 1787 1600 1840 τοῦ

1705 1800 1866 1866 nique
1913 1772 2107 1851 novum
2158 1772 2488 1856 torobabel;
2525 1791 2721 1858 quippe
2762 1789 2856 1855 qui
2917 1785 3236 1854 temploDei

85 1871 202 1924 Θεοῦ
228 1873 565 1944 περιτιθέντα
588 1892 599 1905 ·
633 1875 765 1928 ἀλλὰ
791 1876 883 1927 καὶ
910 1877 1083 1945 ὑμεῖς,
1113 1872 1157 1928 ὦ
1183 1876 1279 1944 τῆς
1302 1879 1449 1946 ἱερᾶς
1477 1878 1606 1945 ἀγέ-

84 1961 167 2031 λης
186 1963 412 2033 Χριστοῦ
443 1963 746 2035 θρέμματα,
767 1967 934 2033 λόγων
963 1968 1178 2034 ἀγαθῶν
1200 1967 1367 2031 ἑστία,
1399 1985 1605 2040 σωφρο-

87 2050 236 2119 σύνης
292 2053 684 2125 παιδευτήριον,
750 2058 841 2109 καὶ
908 2056 1212 2120 θεοσεᾶείας
1268 2057 1459 2127 σεμνὸν
1511 2056 1605 2109 καὶ

84 2140 309 2205 Oscos-6‘s;
332 2144 685 2216 ἀκροατήριον
724 2147 832 2217 (96)
853 2164 866 2177 '
903 2147 1066 2200 πάλαι
1105 2149 1202 2217 μὲν
1232 2151 1361 2219 ἡμῖν
1388 2148 1484 2211 τὰς
1509 2164 1606 2201 πα-

86 2235 315 2303 ραδόξους
344 2238 683 2308 θευσημείας,
715 2238 807 2290 καὶ
838 2238 941 2291 τῶν
969 2219 1059 2290 τοῦ
1088 2237 1289 2307 Κυρίου
1316 2237 1604 2307 θαυμάτων

85 2323 167 2385 τὰς
202 2326 279 2387 είς
322 2326 643 2397 ἀνθρώπους
678 2327 1006 2398 εὐεργεσίας,
1044 2327 1130 2380 διὰ
1170 2327 1325 2379 θείων
1358 2329 1598 2396 ἀναγνωο

88 2414 287 2481 σμάτων
330 2417 463 2487 ἀκοῇ
494 2417 963 2488 παραδεχομένοις,
998 2416 1194 2486 ὕμνους
1232 2418 1311 2479 είς
1337 2416 1467 2469 Θεὸν
1511 2418 1602 2469 καὶ

87 2504 207 2571 ᾠδὰς
240 2506 576 2575 ἀναπέμπειν
613 2508 758 2577 ἐξῆν,
785 2508 957 2576 λέγειν
998 2507 1394 2577 παιδευομένοις
1416 2525 1431 2538 ·
1478 2525 1497 2559 ι
1542 2508 1602 2561 '0

88 2595 218 2659 Θεὸς,
245 2598 302 2649 έν
346 2600 455 2659 τοῖς
502 2597 634 2650 ὠσὶν
680 2599 832 2668 ἡμῶν
882 2599 1219 2668 ἠκούσαμεν·
1272 2599 1321 2651 oi
1368 2597 1601 2669 πατέρες

88 2685 223 2753 ἡμῶν
273 2688 592 2757 ἀνήγγειλαν
634 2690 760 2759 ἡμῖν
815 2688 971 2761 ἔργον
1015 2690 1043 2741 ὃ
1082 2689 1318 2760 εἰργάσω
1380 2690 1438 2742 ὲν
1483 2691 1600 2751 ταῖς

90 2773 295 2842 ἡμέραις
316 2778 510 2839 αὐτῶν,
548 2780 604 2829 ὲν
634 2780 859 2849 ἡμέραις
884 2780 1146 2849 ἀρχαίαις.
1182 2798 1200 2829 ι
1242 2778 1397 2830 Ἀλλά
1422 2776 1515 2830 νῦν
1535 2794 1598 2845 γε

88 2862 238 2914 οὐκέτ’
276 2867 465 2929 ἀκοαῖς
510 2868 628 2921 οὐδὲ
659 2868 826 2937 λόγων
867 2872 1070 2939 φήμαις
1106 2870 1196 2921 τὸν
1229 2868 1480 2939 βραχίονα
1511 2868 1601 2921 τὸν

92 2951 286 3021 ὑψηλὸν,
315 2956 411 3024 τήν
442 2974 498 3008 τε
536 2958 778 3027 οὐράνιον
810 2958 980 3023 δεξιάν
1032 2958 1123 3010 τοῦ
1168 2956 1473 3025 παναγάθου
1506 2956 1599 3008 καὶ

1702 1890 1861 1957 longe
1910 1886 2173 1955 majorem
2199 1898 2361 1952 quam
2392 1892 2551 1937 antea
2583 1880 2925 1947 Splendorem
2954 1878 3232 1946 adjeceris.

1702 1977 1809 2030 Vos
1842 1988 2051 2045 quoque
2096 1989 2131 2027 ο
2170 1988 2299 2041 grex
2347 1972 2545 2026 Christi
2572 1983 2747 2031 sacer,
2771 1968 3097 2036 optimorum
3122 1982 3238 2021 ser-

1662 2094 1665 2101 ·
1702 2078 1917 2118 monum
1948 2061 2296 2123 domicilium,
2324 2058 2600 2112 modestia
2626 2056 2831 2121 schola,
2868 2070 3030 2124 grave
3053 2070 3117 2110 ac
3142 2072 3233 2110 re-

1702 2157 1945 2224 ligiosum
1996 2152 2216 2223 pietatis
2266 2149 2627 2212 auditorium;
2656 2145 2967 2216 jamdudum
3017 2148 3244 2215 quidem.
3304 2188 3307 2189 ν

1701 2262 1798 2300 nos
1828 2244 1919 2313 qui
1948 2242 2202 2312 stupenda
2248 2240 2341 2295 Dei
2361 2237 2622 2307 prodigia,
2644 2244 2701 2292 et
2726 2236 3093 2290 admirabilem
3124 2236 3234 2289 Do-

1700 2337 1828 2389 mini
1852 2349 1977 2404 erga
2006 2333 2252 2387 homines
2293 2329 2694 2384 beneficentiam
2732 2340 2799 2380 ex
2834 2326 3029 2380 divinis
3066 2340 3235 2379 sacras

1699 2426 1991 2493 Scriptura:
2013 2421 2334 2477 lectionibus
2356 2416 3052 2487 frequenteraudiebamus,
3078 2415 3235 2485 bym-

1700 2532 1797 2571 nos
1823 2524 1877 2571 et
1906 2514 2116 2570 cantica
2152 2512 2206 2565 in
2239 2511 2335 2566 Dei
2365 2510 2575 2572 laudem
2607 2507 2891 2563 concinere
2918 2504 3235 2571 assuefacti,

1699 2609 1783 2663 his
1806 2606 1983 2662 verbis
2028 2606 2105 2659 uti
2152 2612 2509 2672 poteramus;
2549 2598 2983 2669 «Deus,auribus
3023 2597 3232 2650 nostris

1698 2697 2042 2751 audivimus:
2078 2703 2257 2763 patres
2330 2690 2499 2745 nostri
2557 2688 3012 2741 tui-nuntiaverunt
3076 2686 3234 2741 nobis

1697 2800 1831 2856 npus
1861 2785 2002 2854 quod
2031 2792 2287 2851 operatus
2315 2793 2373 2833 es
2416 2778 2471 2831 in
2498 2777 2690 2831 diebus
2722 2778 2933 2839 eorum,
2956 2775 3015 2829 in
3044 2774 3243 2829 diebus

1697 2878 1932 2943 antiquis
1951 2876 2017 2930 “.
2042 2893 2062 2926 ι
2094 2874 2244 2927 Nunc
2270 2886 2400 2925 vero
2428 2884 2548 2923 cum
2584 2882 2692 2921 non
2746 2867 2930 2921 auditu
2966 2866 3100 2928 solo,
3134 2880 3235 2921 nec

1705 2968 1880 3021 verbis
1911 2980 1974 3019 ac
2005 2952 2149 3018 fama
2167 2967 2343 3023 tenus,
2376 2960 2467 3014 Dei
2492 2958 2679 3027 optimi
2721 2956 2940 3011 maximi
2974 2957 3113 3024 regis
3140 2970 3233 3007 ιιορ

91 3041 449 3118 παμᾷασιλὲως
482 3045 636 3113 ἡμῶν
681 3046 814 3099 Θεοῦ
857 3047 1385 3117 παραλαμόάνουσιν,
1424 3046 1600 3116 ἔργοις

1701 3054 1797 3107 stri
1843 3054 2120 3107 brachium
2144 3049 2414 3105 excelsum
2438 3058 2492 3103 et
2524 3047 2797 3101 caelestem
2828 3046 3072 3101 dextram
3102 3059 3231 3114 per—

90 3123 143 3187 8‘,
179 3129 247 3189 ὡς
277 3130 403 3193 ἔπος
436 3134 622 3197 εἰπεῖν,
659 3120 963 3197 καὶάὑτοῖς
1002 3136 1293 3205 ὀφθαλμοῖς
1330 3135 1396 3187 τά
1436 3135 1600 3187 πάλαι

94 3217 253 3287 μνήμῃ
281 3220 679 3289 παραδεδομένα
702 3225 862 3276 πιστά
882 3227 972 3277 καὶ
995 3225 1161 3294 ἀληθῆ
1184 3225 1597 3295 καθορωμένοις,

92 3303 314 3373 δεύτερον
376 3306 539 3377 ὕμνον
606 3312 865 3364 ἐπινίκιον
924 3312 1181 3382 πάρεστιν
1248 3313 1597 3381 ἀναμέλπειν,

92 3395 307 3465 ἐναργῶς
331 3415 388 3449 τε
417 3400 709 3467 ἀναφωνεῖν
735 3402 827 3452 κα)¹
863 3401 1035 3468 λέγειν
1055 3418 1067 3430 ·
1102 3420 1119 3451 t
1156 3402 1418 3471 Καθάπερ
1437 3401 1597 3469 ἠκού-

95 3502 256 3554 σαμεν,
284 3488 452 3550 οὕτως
490 3489 580 3541 καὶ
610 3490 835 3557 εἴδομεν,
874 3490 931 3541 ἐν
962 3490 1111 3541 πόλει
1135 3490 1335 3558 Κυρίου
1373 3490 1479 3541 τῶν
1508 3489 1599 3541 δυ-

92 3576 295 3642 νάμεων,
324 3581 380 3631 ὲν
424 3579 570 3630 πόλει
608 3578 699 3631 τοῦ
735 3578 866 3633 Θεοῦ
892 3580 1063 3647 ἡμῶν.
1112 3598 1129 3629 ι
1167 3579 1301 3648 Ποία
1332 3580 1388 3631 δὲ
1429 3578 1599 3642 πόλει,

94 3664 119 3733 ἢ
144 3668 255 3736 τῇδε
282 3672 345 3739 τῇ
386 3672 640 3735 νεοπαγεῖ
668 3670 758 3721 καὶ
786 3654 1107 3736 θεοτεύκτῳς
1139 3670 1259 3737 ἥτις
1287 3670 1432 3721 ἐστὶν
1482 3669 1599 3720 Ἐκ-

93 3758 259 3825 κλησία
286 3758 419 3811 Θεοῦ
446 3759 641 3824 ζῶντος
658 3799 672 3821 ,
703 3758 886 3821 στύλος
922 3760 1013 3811 καὶ
1040 3758 1314 3827 ἑδραίωμα
1339 3758 1438 3827 τῆς
1466 3758 1597 3827 ἀλη-

92 3848 239 3911 θείας·
262 3852 386 3921 περὶ
407 3848 471 3922 ἦς
503 3853 594 3903 καὶ
618 3850 741 3903 ἄλλο
766 3869 816 3902 τι
842 3852 977 3902 θεῖον
996 3850 1168 3916 λόγιον
1189 3843 1289 3901 ὧδέ
1313 3866 1425 3912 mu;
1440 3850 1599 3917 εὐαγ-

92 3938 360 4005 γελίζεται·
404 3960 423 3991 ι
458 3940 817 4009 Δεδοξασμένα
845 3939 1071 4009 ἐλαλήθη
1096 3940 1218 4009 περὶ
1253 3938 1365 4001 σοῦ,
1388 3940 1421 4008 ἡ
1448 3922 1598 4001 πόλις

92 4027 166 4079 τοῦ
197 4030 353 4082 Θεοῦ·
397 4050 414 4081 ι
456 4032 539 4098 ἐφ’
575 4032 641 4099 ἣν
677 4029 766 4081 τοῦ
812 4029 1116 4095 παναγάθου
1145 4030 1598 4098 συγκροτήσαντος

92 4118 212 4185 ἡμᾶς
242 4120 373 4172 Θεοῦ
404 4120 489 4173 διά
520 4119 735 4188 τῆςντοῦ
784 4117 1112 4185 Μονογενοῦς
1157 4117 1317 4169 αὑτοῦ
1360 4118 1596 4186 χάριτος,

92 4207 177 4257 τῶν
243 4210 688 4280 ἀνακεκλημένων
748 4210 971 4270 ἕκαστος
1030 4208 1258 4277 ὑμνείτω
1326 4210 1600 4278 μονονουχὶ

94 4292 205 4357 βοῶν
227 4301 316 4350 καὶ
335 4299 526 4366 λέγων’
564 4319 582 4350 ι
619 4300 933 4368 Εὐφράνθην
960 4301 1050 4351 ἐπὶ
1073 4301 1184 4361 τοῖς
1210 4298 1453 4369 είρηκόσι
1487 4316 1596 4368 μοι,

94 4384 155 4443 εἰς
192 4381 327 4438 οἷκον
370 4389 573 4457 Κυρίου
624 4390 1012 4459 πορευσόμεθα.
1067 4408 1086 4440 ι
1134 4390 1273 4442 Καί·
1327 4408 1349 4440 t
1402 4390 1592 4460 Κύριε,

95 4472 316 4542 mimica
355 4478 679 4547 εὐπρέπειαν
710 4480 854 4532 οἴκου
904 4494 1014 4544 σου,
1049 4482 1141 4532 καὶ
1181 4481 1341 4532 τόπον
1393 4480 1597 4548 σκηνώ-

96 4575 233 4625 ματος
255 4565 407 4635 δόξης
437 4585 548 4621 σου.
592 4588 611 4620 ι
644 4571 752 4623 Καὶ
795 4570 866 4641 μὴ
911 4572 1065 4641 μόνον
1103 4589 1163 4638 γε
1193 4576 1220 4625 ὁ
1248 4572 1428 4635 καθεῖς
1463 4573 1590 4643 (97),

1700 3144 1986 3213 ripiamus;
2018 3143 2113 3196 sed
2140 3141 2313 3208 reipsa
2345 3139 2672 3206 nostrisque,
2705 3145 2765 3190 ut
2802 3136 2876 3190 ita
2899 3137 3231 3202 dicam,ocu~

1700 3233 1785 3295 lis,
1820 3247 2007 3287 eorum
2040 3246 2161 3301 qua:
2199 3229 2327 3285 olim
2358 3229 2573 3295 scriptis
2593 3227 2800 3297 prodita
2826 3234 2955 3281 sunt
2978 3227 3136 3279 fidem
3164 3238 3238 3277 ac-

1698 3322 1973 3375 veritatcm
2022 3332 2327 3380 cernamus,
2378 3317 2605 3371 alterum
2646 3316 2802 3371 nobis
2851 3314 3235 3383 triumphalem

1700 3413 1953 3481 hymnum
1983 3424 2177 3464 canere
2204 3420 2364 3475 atque
2393 3409 2446 3461 in
2484 3409 2599 3462 haec
2640 3400 2806 3463 verbi
2829 3408 3029 3461 diserte
3050 3405 3229 3460 excla-

1697 3518 1843 3555 mare
1868 3503 1993 3555 licet
2020 3519 2035 3554 :
2066 3520 2087 3552 ι
2113 3502 2265 3555 Sicut
2293 3500 2690 3570 audivimus,sic
2708 3507 2764 3552 et
2784 3499 3036 3563 vidimus,
3069 3498 3119 3549 in
3144 3498 3227 3549 ci-

1696 3593 1855 3644 vitate
1890 3592 2093 3643 Domini
2125 3590 2413 3654 virtutum,
2454 3591 2506 3642 in
2542 3589 2761 3642 civitate
2805 3587 2898 3640 Dei
2932 3591 3097 3640 nostri
3113 3585 3179 3637 ⁸⁸.
3201 3603 3243 3636 κ

1696 3680 1948 3743 Quaenam
1970 3692 2099 3731 vero
2123 3679 2211 3730 illa
2237 3670 2561 3739 civitas'est,
2589 3677 2689 3729 nisi
2719 3677 2833 3729 haec
2874 3690 3064 3728 recens
3084 3684 3227 3727 stru-

1694 3779 1781 3821 cta
1826 3777 1881 3820 et
1908 3782 1938 3819 a
1984 3769 2093 3821 Deo
2140 3768 2389 3821 condita:
2418 3766 2653 3820 Ecclesia
2694 3766 2900 3819 scilicet
2932 3762 3027 3816 Dci
3092 3764 3221 3826 vivi,

1694 3857 1938 3910 columna
1964 3866 2019 3909 et
2045 3856 2438 3908 firmamentum
2474 3854 2737 3906 veritatis.
2775 3851 2849 3905 De
2879 3866 2979 3918 qua
2996 3859 3051 3904 et
3078 3851 3249 3904 aliud“

1695 3945 1958 4013 quoddam
1991 3944 2081 3996 Dei
2107 3943 2384 3996 oraculum
2416 3942 2487 3993 ita
2538 3942 2849 4008 pronuntiat
2879 3956 2893 3990 :
2932 3959 2951 3989 ι
2978 3939 3223 3995 Gloriosa

1694 4035 1832 4087 dicta
1862 4042 1980 4086 sunt
2006 4018 2165 4092 dele.
2189 4031 2378 4083 civitas
2405 4029 2497 4082 Dei
2518 4029 2583 4081 “.
2608 4048 2628 4080 ι
2653 4029 2709 4082 In
2740 4044 2898 4097 quam
2935 4044 3056 4082 cum
3087 4027 3237 4082 Deus

1694 4124 1925 4189 Optimus
1978 4122 2242 4173 maximus
2291 4119 2463 4186 gratia
2522 4133 2584 4171 ac
2652 4118 2912 4171 beneficio
2963 4119 3230 4184 unigeniti

1696 4212 1815 4266 Filii
1848 4212 1927 4264 sui
1959 4226 2053 4263 nos
2076 4210 2499 4277 congregaverit,
2537 4210 2899 4278 unusquisque
2919 4226 3102 4263 eorum
3133 4211 3223 4276 qui

1698 4302 1969 4355 convocati
2014 4308 2139 4353 sunt
2177 4308 2335 4352 canat
2383 4309 2545 4365 atque
2588 4299 2852 4351 exclamet
2884 4300 2967 4351 his
2995 4300 3179 4352 verbis
3204 4315 3243 4353 :--

1704 4412 1721 4442 ι
1745 4392 1975 4445 Lanatus
2006 4405 2121 4442 sum
2163 4388 2216 4440 in
2247 4389 2329 4440 his
2366 4402 2483 4453 quae
2513 4387 2653 4440 dicta
2704 4399 2829 4440 sunt
2861 4389 3016 4450 mihi,
3055 4388 3107 4439 in
3136 4390 3227 4441 do-

1698 4498 1839 4535 mum
1901 4481 2107 4534 Domini
2158 4479 2356 4532 lbitnus
2376 4478 2442 4529 ".
2479 4496 2499 4529 ι
2555 4476 2623 4530 Et
2681 4493 2909 4531 rursus:
2943 4476 3231 4539 «Domine,

1696 4572 1857 4625 dilexi
1904 4570 2149 4623 decorem
2196 4568 2384 4621 domus
2416 4574 2537 4628 tuae,
2575 4574 2629 4618 et
2653 4565 2830 4618 locum
2884 4564 3226 4617 habitationis

145 4705 334 4760 "Psal.
370 4725 523 4775 mn,
551 4711 605 4764 2.
669 4712 711 4743 ⁸⁸
740 4712 876 4766 Psal.
904 4729 1067 4776 xcv",
1104 4714 1155 4767 9.
1220 4713 1263 4744 "
1286 4713 1420 4766 Psal.
1446 4730 1657 4780 Lxxxu,
1706 4714 1769 4767 5..
1830 4713 1876 4743 “
1912 4711 2051 4765 Psal.
2077 4724 2218 4772 οιιι»
2251 4709 2317 4763 ίι.

98 4858 146 4908 ad
190 4859 637 4915 immortalitatem
693 4880 792 4916 una
835 4880 952 4917 cum
1000 4880 1063 4918 eo
1111 4868 1467 4919 excitaremur
1530 4882 1603 4921 ex.
1692 4868 1880 4923 borum
1915 4882 2127 4923 sensum
2158 4883 2276 4921 esse
2302 4867 2586 4926 existimo;
2628 4864 2793 4919 Deum
2835 4863 3035 4917 scilicet
3073 4861 3226 4916 hanc

98 4937 253 5004 morte.
271 4948 311 5004 -ι
340 4929 641 5004 Ferrandus
668 4934 921 5004 diaconus
948 4937 1000 4986 in
1026 4937 1251 5002 epistola
1281 4936 1346 4989 ad
1373 4937 1596 5004 Fulgen-

98 4996 335 5074 tium.De
373 4999 635 5074 _baptismo
668 4999 943 5074 _xEthi0pis
996 5015 1013 5052 :
1061 4996 1092 5074 :1
1140 5004 1279 5055 Hora
1342 4996 1591 5070 exOplata

98 5066 271 5138 cunctis
321 5066 629 5138 advenerat,
667 5067 717 5138 in
766 5066 873 5133 qua
923 5070 1143 5135 populus
1195 5066 1586 5138 acquisitionis,

1688 4940 1935 4990 eximiam
1979 4939 2380 5003 prterogativam
2405 4935 2626 4987 Paulino
2658 4934 3006 5003 concessisse,
3035 4937 3093 4980 ut
3149 4947 3226 4983 a3-

1688 5008 1809 5059 dent
1859 5007 1911 5058 in
1957 5000 2115 5057 terris
2160 5005 2373 5056 Christo
2414 5013 2468 5055 et
2511 5003 2762 5054 Ecclesiae
2818 5000 3107 5051 fabricaret
3160 5016 3225 5049 ac

1688 5082 1993 5143 renovaret.
2042 5072 2297 5124 Eumdem
2338 5085 2547 5137 quoque
2593 5084 2809 5123 sensum
2868 5077 3085 5119 secutus
3138 5078 3224 5119 est

100 5128 403 5199 Redemptori
441 5148 537 5185 suo
576 5148 671 5199 per
695 5128 1011 5200 baptismum
1031 5128 1390 5205 consepultus,
1425 5128 1588 5192 vitam
1685 5136 1968 5194 Musculus‘.
2026 5180 2029 5185 .

100 5209 295 5275 yelerem
346 5210 566 5271 poneret
628 5209 683 5253 et
725 5218 910 5255 novam
966 5208 1372 5260 resurrectionis
1428 5207 1595 5260 ﬁdem-

100 5280 346 5321 Innm'atus
370 5278 688 5320 assumeret.
724 5285 744 5317 ›

154 5334 247 5409 (95)
267 5338 453 5403 Γέρας
478 5335 774 5409 ἐξαίρετον
792 5338 1118 5409 δεδώρηται.
1145 5341 1583 5409 Christophorso-

102 5418 180 5472 uus
204 5407 303 5459 hac
334 5409 494 5458 verba
547 5406 617 5456 ita
648 5407 871 5471 accepit,
905 5406 1051 5472 quasi
1095 5424 1283 5462 sensus
1322 5406 1394 5462 sit
1418 5412 1584 5461 aedem

102 5470 219 5546 illam
244 5489 272 5525 a
302 5470 864 5546 Paulinojabricatanl
889 5470 1007 5527 esse
1031 5476 1192 5545 γέρας
1221 5477 1487 5546 ἐξαίρετον
1511 5477 1587 5546 τῷ

102 5538 282 5618 λοιπῷ
291 5544 385 5597 καὶ
407 5545 477 5613 τῇ
501 5540 806 5610 Ἐκκλησίᾳ-
828 5541 933 5603 Exn
945 5538 1067 5598 vero
1089 5538 1246 5599 alium
1261 5538 1457 5599 horum
1472 5538 1589 5598 ver:

1757 5210 1869 5277 (96)
1896 5205 2174 5271 Θεοσεϐὲς
2197 5204 2596 5277 ἀκροατήριον.
2612 5203 2733 5277 _Non
2758 5201 2881 5255 dubi
2890 5200 3085 5277 lo_quin
3110 5200 3214 5253 Eu-

1688 5270 1869 5330 sebius
1928 5276 2207 5337 scripserit
2236 5270 2566 5337 θεοπρεπὲς.
2610 5270 2847 5336 Ineptum
2876 5271 3019 5322 enim
3070 5280 3213 5324 esset

1690 5290 1869 5330 scmus
1928 5290 2207 5337 scrlplcrlt
2255 5290 2385 5324 υεοπ
2422 5290 2566 5332 επες.
2610 5290 2847 5336 Ineptum

1690 5348 1883 5407 dicere,
1914 5341 2214 5401 θεοσεϐείας
2235 5290 2477 5401 θεοσεὲὲς
2497 5340 2868 5407 ἀκροατήριονἶ

1762 5402 1881 5482 (97)
1909 5411 1959 5461 '0
2018 5408 2241 5482 καθεῖς..
2269 5408 2339 5459 Ba
2348 5411 2507 5482 rba‘ra
2544 5402 2641 5458 vox
2674 5402 2787 5482 pro
2828 5402 2909 5482 είς
2962 5405 3206 5482 ἕκαστος.

1692 5474 1984 5546 Ωιιόιιειιιη
2014 5491 2116 5528 non
2159 5476 2620 5546 animadvertisset
2671 5474 2953 5543 Ilusculus,
2992 5477 3210 5544 ineptis-

1690 5544 1834 5601 sime
1855 5546 2011 5599 vertit
2040 5562 2060 5595 ι
2096 5546 2181 5607 qui
2211 5544 2371 5597 sedet.
