3952 6338
712 366 816 423 855

1404 353 1672 413 EUSEBII
1705 354 2177 411 CESARIENSIS
2211 356 2360 413 OPP.
2400 356 2578 411 PARS
2694 386 2762 398 —
2799 354 3189 411 HISTORICA.

3765 342 3853 397 856

712 479 906 534 milites
928 472 1211 541 durissima
1237 484 1461 541 quaeque
1486 478 1801 525 constanter
1822 468 2135 525 sustinendo
2175 470 2258 527 de-

2359 471 2452 524 xai.
2480 469 2558 540 τῷ
2599 468 2868 547 σύμπαντι
2897 466 3106 539 οὐρανῷ
3139 484 3199 519 τε
3229 467 3325 521 καὶ
3350 469 3539 539 κόσμῳ
3570 467 3859 538 προήγαγεν.

711 570 1068 631 claraverant;
1096 571 1313 631 repente
1357 575 1641 629 apparens,
1676 570 1898 614 cunctos
1919 560 2131 629 quidem
2167 562 2260 615 ini-

710 660 875 712 micos
896 656 1179 723 hostesque
1201 650 1397 707 delevit
1424 657 1479 704 et
1512 651 1578 703 ad
1601 650 1826 703 nihilum
1858 650 2082 719 redegit,
2124 651 2259 705 adeo

710 757 768 801 ut
818 761 883 800 ne
922 734 1177 799 nominati
1231 741 1446 811 quidem
1476 755 1715 809 unquam
1756 738 1922 795 fuisse
1950 740 2255 794 videantur.

709 836 916 889 Amicos
937 847 1063 888 vero
1077 840 1131 886 et
1150 830 1444 885 familiares
1460 844 1604 894 suos,
1629 829 1768 898 apud
1788 841 1974 883 omnes
1987 843 2091 882 non
2116 844 2259 883 mor-

710 925 843 978 tales
869 922 1239 988 modo,verum
1282 920 1445 975 etiam
1465 919 1713 975 ctelestes
1758 928 2070 988 potestates,
2092 918 2257 974 solem

708 1028 931 1083 quoque,
949 1012 1126 1066 lunam
1150 1027 1213 1066 ac
1250 1010 1453 1079 reliqua
1471 1010 1668 1075 sidera,
1698 1009 2002 1078 coelumque
2028 1024 2092 1064 ac
2114 1012 2261 1062 mun.

708 1107 832 1157 dum
856 1104 1158 1158 universum
1178 1140 1195 1166 ,
1222 1116 1382 1173 supra
1410 1113 1621 1175 omnem
1651 1099 1874 1168 gloriam
1894 1099 2091 1155 evexit.
2113 1100 2259 1154 Adeo

711 1200 760 1242 ut
774 1192 938 1260 ,quod
964 1202 1230 1259 nunquam
1247 1198 1403 1243 antea
1418 1190 1737 1256 contigerat,
1750 1190 1943 1244 summi
1965 1190 2257 1257 imperato-

712 1294 797 1336 res
814 1280 971 1350 375
986 1280 1202 1335 honoris
1215 1280 1357 1333 illius
1382 1294 1537 1347 quem
1568 1279 1659 1334 Dei
1672 1279 1929 1334 beneﬁcio
1944 1288 2260 1345 acceperunt

712 1367 809 1422 sibi
840 1366 1058 1432 conscii,
1082 1366 1194 1435 jam
1213 1367 1265 1420 in
1284 1376 1611 1421 mortuorum
1645 1366 2046 1423 simulacrorum
2070 1367 2257 1421 faciem

714 1466 1028 1525 conspuant,
1061 1466 1116 1509 et
1148 1456 1408 1525 profanos
1436 1458 1732 1511 daemonum
1766 1458 1904 1511 ritus
1926 1458 2258 1524 conculcent,

714 1562 776 1601 ac
801 1555 1062 1602 vetustum
1084 1561 1321 1600 errorem
1343 1561 1374 1599 a
1396 1543 1687 1613 majoribus
1712 1547 1962 1623 traditum
1982 1547 2256 1613 irrideant,

668 1658 683 1665 κ
714 1651 873 1689 unum
895 1650 1024 1690 vero
1055 1650 1118 1690 ac
1157 1636 1330 1690 solum
1362 1638 1528 1691 Deum
1555 1651 1677 1689 cum
1700 1650 1827 1705 erga
1859 1649 2047 1691 omnes
2076 1646 2184 1689 tum
2206 1638 2257 1691 in

713 1724 912 1793 seipsos
939 1725 1166 1778 maxime
1189 1725 1487 1780 beneﬁcum
1535 1732 1829 1795 agnoscant
1857 1742 1871 1789 ;
1906 1735 1962 1779 et
1987 1724 2255 1780 Christum

714 1808 805 1863 Dei
833 1806 1026 1862 Filium
1077 1811 1449 1864 universorum
1490 1825 1669 1879 regem
1707 1825 1827 1867 esse
1856 1812 2208 1882 proﬁteantur
2239 1830 2255 1878 ;
2288 1798 2328 1851 Β

712 1911 833 1951 eum
870 1898 1205 1952 Servatorem
1242 1900 1293 1952 in
1320 1899 1510 1955 edictis
1534 1901 1647 1955 suis
1674 1901 1965 1969 praedicent
1995 1919 2010 1968 ;
2040 1901 2258 1972 ejusque

713 2003 798 2042 res
833 1988 1086 2056 praeclare
1108 1998 1289 2056 gestas
1319 1999 1372 2045 et
1396 1991 1651 2047 victorias
1673 1993 1738 2046 de
1769 1991 1947 2061 impiis
1966 2003 2171 2062 partas,
2205 1994 2255 2047 in

712 2077 881 2157 media
914 2077 1043 2132 urbe
1070 2093 1188 2146 quae
1241 2078 1481 2133 omnium
1536 2088 1649 2134 toto
1701 2081 1831 2135 orbe
1864 2081 2144 2147 civitatum
2171 2099 2259 2137 re-

710 2168 829 2233 gina
874 2177 971 2232 est,
1008 2170 1276 2238 regalibus
1315 2171 1562 2239 apicibus
1594 2170 1661 2225 ad
1688 2181 1999 2241 perpetuam
2028 2175 2258 2241 posteri-

698 2257 833 2311 tatis
863 2260 1176 2320 memoriam
1217 2261 1587 2327 praescribant.
1613 2262 1765 2317 Adeo
1793 2271 1850 2318 ut
1876 2261 2133 2319 Servator
2160 2280 2257 2319 no-
2281 2321 2287 2327 ,

710 2360 817 2402 ater
836 2346 991 2403 Iesus
1023 2350 1292 2416 Christus,
1336 2354 1481 2407 solus
1508 2368 1574 2407 ex
1608 2354 1859 2409 omnibus
1883 2356 1973 2425 qui
2014 2357 2083 2411 ab
2112 2357 2254 2412 omni

708 2455 820 2495 aevo
868 2457 1103 2511 unquam
1138 2445 1484 2511 exstiterunt,
1516 2449 1583 2503 ab
1630 2449 1760 2516 ipsis
1807 2449 1953 2505 orbis
1990 2458 2255 2504 terrarum

709 2531 927 2583 summis
957 2531 1289 2600 principibus
1317 2548 1422 2588 non
1451 2545 1509 2588 ut
1536 2551 1627 2590 rex
1653 2538 1890 2605 vulgaris
1922 2554 1987 2593 ex
2024 2539 2256 2593 homini-

712 2633 804 2671 nus
825 2620 993 2674 factus
1018 2623 1358 2689 praedicetur,
1388 2623 1479 2675 sed
1509 2634 1764 2694 tanquam
1794 2628 1989 2681 summi
2016 2629 2253 2684 omnium

709 2703 800 2758 Dei
848 2707 1103 2762 naturalis
1138 2707 1329 2771 Filius,
1360 2725 1423 2763 ac
1457 2725 1553 2778 per
1584 2726 1643 2765 se
1678 2711 1819 2767 Deus
1844 2714 2096 2769 adoretur
2124 2732 2140 2769 :
2176 2728 2257 2770 at—

711 2809 812 2865 que
837 2794 888 2847 id
917 2794 1038 2861 jure
1087 2798 1299 2851 merito.
1332 2799 1462 2863 Quis
1497 2801 1638 2853 enim
1673 2816 1738 2855 ex
1769 2804 2130 2874 omnibusqui
2158 2822 2257 2881 un-

714 2898 867 2950 quam
917 2884 1132 2937 fuerunt
1163 2887 1397 2953 regibus,
1444 2888 1509 2939 ad
1544 2897 1751 2941 tantum
1806 2891 2026 2945 virtutis
2057 2907 2119 2946 ac
2165 2909 2258 2961 po-

711 2977 889 3026 tentia:
939 2974 1150 3028 culmen
1190 2985 1410 3031 evectus
1448 2988 1551 3043 est,
1577 2990 1637 3033 ut
1664 2981 1908 3036 omnium
1949 2985 2255 3039 mortalium

715 3078 870 3117 aures
898 3073 1055 3132 atque
1084 3066 1290 3135 linguas
1321 3069 1680 3137 appellatione
1706 3072 1787 3125 sui
1816 3074 2050 3129 nominis
2074 3076 2257 3145 imple-

713 3153 843 3206 ret?
877 3153 1004 3219 Quis
1045 3168 1111 3208 ex
1155 3156 1368 3224 regibus
1411 3157 1556 3226 leges
1601 3160 1736 3214 adeo
1760 3160 1874 3231 pias
1899 3177 1963 3217 ac
1988 3165 2255 3220 modestas

711 3243 1009 3306 constituit,
1041 3252 1205 3311 utque
1236 3246 1305 3298 ab
1326 3244 1527 3300 ultimis
1552 3249 1667 3302 oris
1695 3249 1761 3303 ad
1794 3258 2065 3307 extremos
2087 3269 2256 3322 usque

714 3341 979 3386 terrarum
1013 3332 1147 3387 ﬁnes
1172 3337 1384 3389 cunctis
1419 3336 1725 3392 hominibus
1754 3340 2105 3397 audientibus
2129 3360 2252 3414 per-

714 3430 871 3489 petuo
903 3422 1223 3491 legerentur,
1272 3424 1548 3489 obtinuit?
1589 3426 1722 3493 Quis
1756 3427 1987 3485 ferarum
2020 3437 2254 3504 gentium

714 3510 942 3566 nnmites
971 3520 1025 3566 et
1046 3512 1305 3567 barbaros
1342 3528 1520 3569 mores
1556 3514 1855 3575 mitissimis
1879 3531 2039 3591 atque
2068 3526 2256 3579 huma-

712 3601 945 3657 nissimis
996 3602 1201 3670 legibus
1257 3606 1595 3674 abrogavit?
1637 3608 1770 3675 Quis
1816 3620 1892 3665 tot
1937 3614 2251 3670 saeculorum

712 3691 885 3758 spatio
926 3692 992 3746 ab
1038 3693 1287 3749 omnibus
1340 3695 1708 3767 impugnatus,
1737 3701 1845 3756 vim
1891 3717 1955 3757 ac
2003 3706 2250 3761 virtutem

711 3782 939 3836 humana
978 3784 1231 3853 majorem
1281 3790 1537 3856 ostendit,
1576 3792 1710 3846 adeo
1738 3802 1796 3846 ut
1824 3794 1874 3847 in
1911 3794 2027 3849 dies
2048 3794 2253 3850 calore-

712 3880 845 3938 seat,
878 3874 1130 3943 omnique
1175 3877 1405 3931 subinde
1456 3895 1570 3934 :evo
1597 3882 1907 3937 adolescere
1951 3884 2192 3939 videatur
2229 3886 2252 3937 ?

709 3962 837 4026 Quis
864 3973 1205 4033 gentemquae
1223 3983 1290 4023 ne
1316 3970 1500 4025 auditu
1530 3972 1747 4041 quidem
1779 3975 2009 4028 antehac
2039 3978 2249 4043 cognita

713 4052 902 4114 fuerat,
936 4069 1038 4108 non
1097 4057 1148 4109 in
1181 4059 1416 4114 obscuro
1472 4062 1651 4131 aliquo
1690 4074 1848 4118 terrae
1900 4066 2114 4134 angulo,
2159 4068 2252 4119 sed

662 4168 665 4171 η
714 4156 805 4204 per
836 4156 1045 4194 omnem
1090 4144 1181 4210 qui
1217 4149 1316 4202 sub
1366 4149 1505 4204 ctelo
1544 4161 1627 4205 est.
1670 4160 1935 4205 terrarum
1994 4153 2251 4206 ambitum

713 4229 1029 4282 constituit?
1058 4231 1186 4295 Quis
1213 4237 1409 4291 milites
1438 4254 1564 4295 suos
1591 4241 1808 4309 pietatis
1844 4242 2013 4294 armis
2041 4242 2113 4294 ita
2142 4258 2254 4295 mu-

2357 559 2496 612 ῶστε
2526 558 2656 630 ἤδη,
2684 558 2712 611 ὃ
2730 558 2860 628 μηδὲ
2893 557 3075 612 ἄλλοτέ
3109 574 3215 621 πω,
3246 558 3371 620 τοὺς
3398 558 3614 611 πάντων
3642 556 3865 609 ἀνωτάτω

2360 649 2626 719 βασιλέας,
2656 647 2723 721 ἦς
2753 648 3029 718 λελόγχασι
3067 649 3195 719 παρ’
3237 647 3397 700 αὐτοῦ
3441 648 3607 718 τιμῆς
3636 646 3866 717 συνῃσθηι

2360 742 2567 817 μένους.
2596 730 2800 813 νεκρῶν
2834 741 2929 811 μὲν
2959 738 3187 792 εἰδώλων
3214 738 3541 792 καταπτύειν
3570 738 3863 807 προσώποις,

2356 833 2545 884 πατεῖν
2569 831 2613 883 δ’
2639 830 2850 900 ἄθεσμα
2865 829 3127 899 δαιμόνων
3150 827 3363 898 θέσμια,
3385 828 3477 881 καὶ
3496 826 3729 888 παλαιᾶς
3754 825 3876 913 ἀπό

2356 935 2453 989 της
2484 917 2955 989 πατροπαραδότου
2991 916 3337 984 κατεγγελᾷν,
3371 916 3465 968 ἕνα
3492 916 3549 967 δὲ
3580 915 3739 985 μόνον
3769 916 3893 985 θεὸν,

2354 1009 2446 1061 τὸν
2477 1008 2647 1061 κοινὸν
2675 1007 2924 1060 ἁπάντων
2945 1006 3037 1058 καὶ
3058 1000 3259 1057 ἑαυτῶν
3278 1005 3563 1076 εὐεργέτην
3589 1005 3877 1076 γνωρίζεινμ

2356 1099 2584 1169 Χριστόν
2617 1114 2677 1149 τε
2717 1096 2808 1150 τοῦ
2850 1095 2983 1148 Θεοῦ
3015 1094 3183 1147 Παῖδα
3231 1095 3574 1166 παμϐασιλέα
3610 1096 3720 1148 τῶν
3765 1095 3867 1147 ὅλων

2355 1186 2652 1258 ὁμολογεῖν,
2683 1184 2906 1254 Σωτῆρά
2930 1200 2988 1235 τε
3012 1183 3172 1235 αὐτὸν
3199 1184 3254 1236 ἐν
3284 1184 3503 1254 στήλαις
3528 1183 3865 1253 ἀναγορεύειν,

2358 1277 2719 1346 ἀνεξαλείπτῳ
2763 1276 2949 1345 μνήμῃ
2977 1275 3045 1327 τὰ
3081 1273 3466 1346 κατορθώματα
3502 1276 3596 1326 καὶ
3622 1274 3723 1336 τὰς
3760 1274 3871 1327 κατά

2355 1367 2462 1418 τῶν
2487 1364 2694 1417 ἀσεϐῶν
2726 1364 2887 1416 αὐτοῦ
2925 1363 3097 1425 νίκας,
3135 1362 3270 1433 μέσῃ
3298 1367 3361 1433 τῇ
3396 1362 3751 1434 βασιλευούσῃ
3787 1364 3870 1416 τῶν

2356 1455 2449 1507 ἐπὶ
2480 1456 2580 1524 γῆς
2605 1453 2752 1506 πόλει
2782 1453 3073 1523 βασιλικοῖς
3104 1453 3435 1523 χαρακτῆρσι
3462 1454 3536 1523 (5)
3568 1454 3871 1523 προσεγγρά-
3899 1486 3913 1501 .

2359 1559 2553 1611 φοντας
2572 1559 2585 1573 ο
2617 1542 2753 1595 ὥστε
2790 1542 2945 1611 μόνον
2980 1540 3085 1595 τῶν
3115 1540 3173 1605 ἐξ
3202 1540 3391 1604 αἰῶνος
3435 1542 3639 1612 Ἰησοῦν
3669 1542 3870 1614 Χριστὺν

2356 1631 2445 1682 τὸν
2470 1630 2621 1700 ἡμῶν
2646 1630 2888 1700 Σωτῆρα,
2915 1629 3007 1682 καὶ
3034 1628 3168 1698 πρὸς
3187 1627 3362 1681 αὐτῶν
3388 1628 3493 1681 τῶν
3520 1630 3611 1681 ἐπὶ
3639 1629 3747 1698 γῆς
3768 1632 3872 1683 ἀνω-

2356 1721 2521 1782 τάτω,
2567 1720 2664 1789 οὐχ
2693 1715 2779 1773 οἷα
2811 1720 2984 1773 κοινὸν
3012 1718 3072 1783 ἐξ
3099 1717 3392 1789 ἀνθρώπων
3419 1718 3635 1787 βασιλέα
3682 1721 3871 1789 γενόμεο

2355 1826 2442 1862 νον
2472 1808 2871 1880 ὁμολογεῖσθαι,
2910 1809 3024 1862 ἀλλ’
3048 1804 3136 1861 οἷα
3165 1808 3258 1861 τοῦ
3301 1810 3524 1862 καθόλου
3567 1811 3698 1864 Θεοῦ
3732 1812 3872 1865 nam

2355 1900 2570 1968 γνήσιον
2617 1900 2709 1951 καὶ
2746 1899 2997 1951 αὐτόθεον
3040 1899 3114 1971 (6)
3152 1902 3587 1970 προσκυνεῖσθαι,
3636 1903 3732 1955 καὶ
3760 1904 3871 1959 εικό-

2354 2006 2479 2051 τως.
2510 1990 2603 2051 Τίς
2643 1989 2751 2059 γὰρ
2782 1988 2888 2043 τῶν
2932 1989 3148 2041 πώποτε
3183 1990 3441 2059 βασιλέων
3483 1992 3733 2045 τοσοῦτον
3772 1996 3871 2063 ἀρε-

2353 2076 2452 2145 τῆς
2484 2077 2779 2144 ἠνέγκατο,
2812 2076 2905 2143 ὡς,
2933 2077 3146 2132 πάντων
3175 2078 3283 2133 τῶν
3329 2079 3421 2132 ἐπὶ
3458 2080 3561 2149 γῆς
3601 2080 3871 2151 ἀνθρώπων

2352 2167 2520 2239 ἀκοὴν
2558 2169 2649 2221 καὶ
2693 2167 2933 2235 γλῶτταν
2968 2169 3240 2240 ἐμπλῆσαι
3284 2170 3383 2239 τῆς
3422 2171 3587 2224 αὑτοῦ
3636 2188 3873 2241 προσηγο-

2354 2258 2475 2331 ρίας
2514 2257 2624 2327 (7);
2680 2258 2774 2321 Τίς
2820 2258 3064 2327 βασιλεὺς
3105 2259 3298 2329 νόμους
3354 2261 3595 2325 εὐσεϐεῖς
3628 2263 3761 2315 οὕτω
3800 2264 3873 2316 ut

2355 2348 2632 2419 σώφρονας
2658 2349 3059 2421 διαταξάμενος,
3093 2348 3199 2404 ἀπὸ
3240 2352 3489 2423 περάτων
3538 2354 3641 2422 γῆς
3684 2355 3774 2407 καὶ
3812 2356 3873 2415 εις

2353 2440 2496 2508 ἄκρα
2536 2440 2633 2509 τῆς
2660 2440 2785 2510 ὅλης
2815 2442 3151 2510 οἰκουμένης,
3200 2445 3280 2505 εἰς
3320 2446 3553 2515 ἐπήκοον
3584 2445 3779 2499 ἅπασιν
3804 2446 3871 2499 ἀν-

2353 2526 2586 2598 θρώποις
2642 2530 3097 2597 ἀναγινώσκεσθαι
3147 2534 3381 2603 διαρκῶς
3433 2535 3763 2605 ἐκράτυνεν;
3799 2536 3873 2598 Τις

2354 2620 2641 2689 ἀνημέρων
2688 2621 2853 2674 ἐθνῶν
2906 2622 3000 2691 ἐθη
3056 2622 3315 2697 βάρϐαρα
3350 2627 3443 2679 καὶ
3493 2628 3739 2699 ἀνήμερα
3768 2631 3873 2688 τοῖς

2351 2710 2576 2780 ἡμέροις
2620 2711 2778 2762 αὐτοῦ
2826 2714 2917 2764 κα)⁵
2958 2712 3480 2783 φιλανθρωποτάταις
3524 2717 3787 2787 παρέλυσε
3814 2718 3873 2769 νόν

2358 2816 2509 2869 μοις;
2546 2800 2641 2863 Τις
2672 2800 2860 2854 αἰῶσιν
2891 2800 3030 2863 ὅλοις
3071 2802 3175 2854 ὑπὸ
3218 2802 3432 2856 πάντων
3480 2805 3873 2876 πολεμούμενος.

2353 2887 2451 2958 τὴν
2493 2888 2631 2960 ὑπὲρ
2668 2888 2948 2958 ἄνθρωπον
2994 2889 3190 2960 ἀρετὴν
3240 2891 3571 2957 ἐπεδείξατο,
3616 2892 3691 2954 ὡς
3722 2892 3875 2947 ἀνθεῖν

2354 2976 2621 3047 ὁσημέραι
2645 2978 2737 3029 καὶ
2768 2978 2973 3042 νεάζειν
2998 2978 3087 3032 διὰ
3110 2980 3306 3043 παντὸς
3334 2980 3427 3032 τοῦ
3455 2982 3602 3050 βίου;
3637 2981 3728 3047 Τίς
3752 2981 3875 3045 Eho,

2355 3066 2417 3119 τὸ
2450 3067 2569 3136 μηδ’
2602 3067 2860 3121 ἀκουσθέν
2894 3068 2951 3133 ἐξ
2994 3069 3204 3133 αἰῶνος,
3238 3071 3336 3123 οὐκ
3372 3072 3430 3124 ἐν
3461 3072 3634 3143 γωνίᾳ
3668 3090 3755 3125 ποι
3792 3072 3874 3139 γῆς

2358 3155 2595 3225 λεληθὸς,
2628 3156 2760 3210 ἀλλά
2790 3157 2907 3211 καθ’
2944 3158 3070 3229 ὅλης
3099 3161 3197 3231 τῆς
3217 3161 3305 3230 ὑφ’
3336 3161 3470 3232 ἡλίῳ
3504 3162 3778 3234 ἱδρύσατιη
3800 3163 3875 3225 Τίς

2358 3248 2632 3313 εὐσεϐείας
2664 3252 2843 3315 ὅπλοις
2886 3252 3054 3318 οὕτως
3086 3254 3353 3326 ἐφράξατο
3380 3258 3507 3320 τοὺς
3546 3256 3875 3328 στρατιώτας.

2356 3339 2431 3402 ὼς
2462 3339 2761 3411 ἀδάμαντος
2785 3342 2880 3406 τὰς
2904 3344 3079 3414 ψυχὰς
3107 3345 3525 3416 κραταιοτέρους
3555 3348 3612 3398 ἐν
3633 3348 3744 3408 τοῖς
3765 3345 3877 3416 πρὸς

2355 3431 2479 3494 τοὺς
2511 3433 2825 3497 ἀντιπάλους
2868 3435 3040 3502 ἀγῶσι
3070 3436 3471 3505 διαφαίνεσθαις
3508 3438 3603 3499 Τίς
3643 3424 3877 3505 βασιλέων

2352 3522 2432 3585 εἰς
2465 3522 2712 3576 τοσοῦτον
2744 3528 2949 3596 κρατεῖ,
2984 3526 3077 3577 καὶ
3123 3530 3413 3597 στρατηγεῖ
3451 3544 3513 3594 γε
3554 3526 3692 3596 μετὰ
3734 3525 3876 3578 θάνα-

2352 3630 2463 3676 τον,
2494 3615 2585 3667 καὶ
2616 3616 2860 3685 τρόπαια·
2876 3619 2994 3671 κατ’
3019 3616 3223 3688 ἐχθρῶν
3266 3618 3465 3687 ῖστησι,
3492 3617 3583 3669 καὶ
3612 3618 3783 3669 πάντα
3808 3615 3879 3667 τός

2354 3722 2453 3756 πον
2478 3706 2570 3757 καὶ
2600 3705 2779 3777 χώραν
2810 3708 2903 3759 καὶ
2931 3706 3099 3771 πόλιν,
3140 3707 3362 3761 Ἐλλάδα
3390 3725 3451 3761 τε
3481 3709 3573 3760 καὶ
3605 3707 3877 3777 βάρϐαρον.

2358 3794 2645 3864 βασιλικῶν
2700 3795 2859 3848 οἴκων
2919 3796 3078 3847 αὐτοῦ
3140 3796 3351 3868 πληροῖ,
3406 3796 3497 3848 καὶ
3550 3795 3709 3846 θείων
3758 3791 3879 3845 ναῶν

2355 3884 2723 3956 ἀφιερώμαοσν
2750 3886 2821 3954 (8)
2844 3903 2857 3949 ;
2883 3881 2984 3938 Οἷα
3020 3886 3143 3938 τάδε
3172 3885 3241 3937 τὰ
3279 3883 3431 3937 τοῦδε
3470 3884 3564 3936 τοῦ
3604 3882 3710 3935 νεὼ
3744 3897 3877 3951 περι-

2355 3974 2522 4043 καλλῆ
2560 3975 2885 4043 κοσμήματά
2924 3992 2984 4026 τε
3034 3975 3126 4026 καὶ
3162 3974 3481 4043 ἀναθήματα
3504 3989 3517 4002 ·
3562 3971 3597 4025 ἃ
3633 3971 3730 4023 καὶ
3764 3971 3880 4023 αὐτὸ

2355 4062 2525 4131 σεμνά
2552 4065 2647 4133 μὲν
2671 4066 2745 4137 ῶς
2776 4065 2985 4134 ἀληθῶς
3018 4066 3109 4117 καὶ
3138 4060 3698 4131 μεγάλα,ὲκπλήξεώς
3725 4077 3783 4113 τε
3804 4060 3877 4113 καὶ

2355 4154 2623 4223 θαύματος
2655 4153 2797 4216 ἀξια,
2830 4156 2922 4205 καὶ
2949 4149 3034 4205 οἷα
3054 4154 3152 4221 τῆς
3176 4152 3267 4204 τοῦ
3292 4153 3539 4221 Σωτῆρος
3568 4149 3725 4219 ἡμῶν
3754 4150 3879 4218 βασι⁴

2352 4244 2501 4304 λείας
2542 4242 2742 4310 ἐναργῆ
2777 4241 3035 4310 δείγματα
3069 4241 3163 4311 (9),
3205 4242 3285 4292 ὅτι
3317 4241 3409 4291 καὶ
3450 4239 3545 4291 νῦν
3588 4238 3750 4300 αὐτὸς
3779 4234 3879 4290 εἶπ’.

783 4385 875 4466 (5)⁸
908 4388 1271 4470 Βασςιλιέοῖς,
1295 4391 1680 4470 χαρακτῆρσι.
1744 4392 2258 4460 Christopborsonus

2364 4394 2504 4470 quod
2534 4395 2744 4461 quidem
2779 4407 2881 4444 non
2918 4393 3139 4458 faceret,
3165 4391 3207 4444 si
3240 4391 3304 4445 de
3338 4391 3468 4459 ipsis
3498 4400 3649 4444 antea
3692 4390 3879 4445 loeutus

718 4476 736 4505 ι
776 4455 1084 4521 majnsculis
1113 4455 1564 4512 li'tlerisrvertit:

783 4525 855 4593 (6)
900 4524 1008 4596 Kal
1062 4526 1365 4577 αὑτόθεον.
1415 4527 1693 4581 Notandus
1735 4537 1818 4582 est.
1871 4528 1923 4581 in
1956 4529 2147 4596 primis
2174 4530 2260 4581 hic

716 4596 899 4655 locus,
954 4595 1005 4646 in
1075 4609 1178 4659 quo
1249 4596 1511 4648 Eusebius
1565 4597 1836 4649 Christum
1892 4595 2049 4649 vocat.
2100 4598 2259 4648 αὐτό-

713 4664 854 4725 θεον,
885 4663 935 4715 id
962 4672 1045 4715 est
1102 4677 1193 4729 per
1222 4678 1279 4716 se
1310 4679 1372 4715 ac
1401 4678 1524 4715 vere
1553 4664 1741 4716 Deum.
1773 4666 1869 4717 Hic
1902 4667 2043 4716 enim
2074 4667 2261 4717 unicus

662 4781 667 4787 .
718 4734 897 4791 locus,
934 4747 1053 4785 meo
1094 4731 1308 4799 quidem
1343 4731 1578 4795 judicio.
1614 4733 1808 4784 sullicit
1836 4733 1898 4782 ad
1932 4734 2259 4797 repellendas

714 4815 899 4854 omnes
948 4801 1242 4851 calumnias
1293 4814 1511 4861 eorum,
1540 4802 1630 4867 qui
1688 4800 1974 4853 Eusebium
2022 4810 2258 4853 nostrum

716 4870 1179 4936 Arianidogmatis
1225 4868 1344 4920 labe
1385 4869 1667 4935 aspersum
1699 4870 1864 4924 fuisse
1895 4868 2252 4936 crediderunt.

718 4938 806 4990 Sic
833 4935 1003 4991 etiam
1026 4937 1162 4989 infra
1196 4937 1441 4990 nominat
1479 4938 1579 4987 hac
1608 4951 1729 5003 pag.
1761 4939 1853 4991 τοῦ
1884 4935 2262 5005 παμϐασιλέως

715 5007 808 5057 καὶ
850 5005 1240 5075 πανηγεμόνος,
1287 5006 1381 5057 καὶ
1418 5005 1581 5057 αὐτοῦ
1624 5005 1755 5059 Θεοῦ
1794 5008 1971 5073 λόγου.
2022 5006 2113 5056 Est
2164 5021 2259 5055 au-

720 5088 819 5127 tem
866 5080 974 5128 haec
1020 5074 1218 5127 locutio
1267 5076 1562 5129 l’tbtonica.
1622 5075 1753 5127 Nam
1800 5088 1857 5128 ut
1905 5074 2057 5126 l‘lato
2104 5075 2259 5125 αὐτο-

718 5143 912 5211 αγαθόν
962 5153 1117 5196 vocat
1175 5153 1317 5209 quod
1384 5154 1466 5195 est
1522 5159 1645 5198 vere
1670 5160 1733 5196 ac
1788 5162 1882 5212 per
1929 5160 1989 5197 se
2045 5144 2258 5199 bonum.

719 5218 793 5331 ge
824 5213 1080 5266 Eusebius
1107 5212 1357 5263 αὐτόθεΟν
1387 5213 1519 5284 dixit
1561 5216 1649 5280 qui
1682 5223 1764 5267 est
1799 5230 1922 5269 vere
1968 5227 2031 5265 ac
2079 5226 2173 5279 per
2204 5225 2261 5263 se

763 5297 875 5331 eus.

763 5297 875 5333 CllS.

785 5350 857 5415 (7)
892 5348 1001 5415 Τῆς
1042 5352 1224 5405 αὐτοῦ
1259 5353 1675 5419 προσηγορίας.
1703 5350 2127 5406 Christianorum
2162 5365 2258 5402 no—

722 5429 837 5467 men
872 5420 1132 5488 intelligit,
1165 5438 1259 5488 per
1299 5438 1485 5471 onmcs
1530 5422 1723 5489 tlilitllle
1756 5434 1942 5488 gentes
1984 5423 2175 5489 fusum
2198 5433 2259 5469 ac

725 5496 1066 5553 propagatum
1094 5507 1105 5552 ;
1135 5506 1233 5544 nec
1254 5492 1423 5541 solum
1451 5488 1725 5552 Romanis,
1758 5494 1850 5544 sed
1881 5492 2038 5542 etiam
2071 5488 2261 5540 barba-

730 5551 1112 5626 'i5_.,°"ia'uitun‘..
1141 5559 1289 5622 Quod
1316 5559 1359 5609 si
1391 5560 1509 5625 quis
1540 5551 1938 5626 ipsutnChristi
1970 5560 2263 5626 nomenin-

731 5618 965 5696 telligcrc
992 5618 1423 5696 mann—emtideni
1453 5618 1904 5696 non'magnopere
1928 5624 2255 5693 repugnabo,

734 5686 886 5748 paulo
918 5700 1033 5753 post
1064 5694 1203 5745 enim
1231 5686 1451 5759 'subjicit
1492 5686 1752 5751 Eusebius
1780 5686 1857 5751 Ide
1899 5686 2253 5762 Chrislianis;

2364 4464 2569 4514 fuisset.

2433 4530 2507 4597 (8)
2539 4530 2716 4581 Θείων
2754 4527 2913 4580 ναῶν
2951 4529 3361 4596 ἀφιερώμασιν.
3391 4528 3660 4583 Muscnlus
3702 4532 3877 4583 vertit:

2368 4617 2385 4647 ι
2426 4600 2727 4650 Dtvinorum
2766 4597 3074 4663 templorum
3114 4600 3625 4651 Conseorationihtts.
3667 4619 3686 4651 ι
3744 4599 3878 4653 Chri-

2361 4667 2746 4731 slophorsonus
2788 4680 2913 4716 vero
2958 4665 3387 4732 interpretatur:
3443 4684 3463 4716 ι
3511 4668 3716 4721 Divinis
3763 4681 3879 4719 tem-

2362 4735 2465 4802 plis
2493 4746 2711 4801 auguste
2738 4736 3087 4805 consecratis.
3116 4753 3135 4783 ι
3167 4735 3386 4805 Videtur
3413 4746 3585 4788 tamen
3612 4753 3717 4791 vox
3748 4738 3878 4805 ἀφιὲν

2364 4819 2539 4872 ρωμα,
2556 4817 2655 4874 non
2673 4804 3133 4874 consecrationem
3157 4804 3469 4870 templorum
3488 4808 3704 4874 design:
3718 4823 3791 4863 re.
3804 4808 3879 4857 sed

2361 4874 2535 4937 ponus
2548 4872 2680 4921 dona
2693 4873 2763 4942 ria
2779 4885 2895 4942 quin
2912 4873 3014 4923 Deo
3024 4887 3274 4942 conserra
3284 4883 3425 4942 ntur.
3443 4872 3716 4942 quueEon
3728 4875 3863 4942 firma

2366 4951 2449 4990 tur
2474 4940 2819 5001 sequentibus
2841 4937 3051 4992 Eusebii
3077 4943 3268 4993 verbis.
3295 4940 3383 4994 Sic
3408 4937 3549 4996 enim
3574 4946 3789 4996 subdit:
3812 4938 3879 4993 οἷα

2359 5008 2481 5081 τᾷδε
2513 5006 2581 5058 τά
2620 5007 2711 5081 τρῦ
2747 5006 2849 5081 νεῲ
2878 5009 3165 5077 περικαλλῆ
3201 5012 3522 5081 κοσμήματά
3552 5030 3609 5065 τε
3640 5014 3740 5065 καὶ
3771 5014 3879 5064 ἀνα-

2363 5074 2593 5143 θήματα.
2623 5077 2778 5127 Certe
2810 5079 2850 5127 si
2876 5074 3327 5142 consecrationem
3356 5074 3705 5135 intellexisset
3740 5083 3879 5134 Euse-

2362 5147 2572 5216 sebins,
2605 5144 2897 5216 ἀφιέρωσιν
2946 5147 3203 5213 dixisset,
3239 5160 3295 5202 ut
3350 5166 3509 5216 supra
3559 5153 3607 5200 in
3667 5148 3784 5215 cap.
3836 5150 3877 5200 ἒ).

2363 5212 2525 5265 Porro
2562 5212 2889 5268 coddfFuk.
2936 5224 2991 5267 et
3034 5216 3155 5268 Sav.
3191 5212 3305 5269 uno
3347 5212 3510 5270 vei-ho
3563 5221 3650 5272 hic
3692 5212 3880 5269 auctio-

2362 5296 2446 5334 res
2484 5295 2623 5334 sunt.
2651 5285 2741 5357 Sic
2769 5283 2907 5336 enim
2933 5284 3146 5338 habent:
3180 5288 3272 5339 καὶ
3301 5287 3458 5340 θείων
3484 5287 3624 5341 ναῶν
3658 5287 3877 5357 ἀφιερὼ-

2363 5367 2520 5431 μαισκιν
2530 5356 2761 5431 ..κοσμεὶ

2426 5421 2495 5495 (9)
2520 5421 2784 5495 Σωτῆρος
2806 5422 2967 5495 ἡμῶν
2984 5424 3294 5495 βασιλείας
3313 5427 3607 5495 δείγματα.
3632 5429 3695 5481 In
3719 5425 3879 5480 codice

2362 5488 2524 5555 Regio
2558 5494 2621 5543 ad
2659 5492 2793 5564 latus
2823 5488 2973 5554 Iiojus
3004 5494 3153 5547 lineae
3196 5488 3547 5562 apposita-est
3582 5496 3877 5564 huiusmodi

2362 5569 2481 5609 nota
2512 5576 2609 5627 ωρ.
2642 5560 2705 5611 de
2732 5575 2832 5626 qua
2862 5572 2979 5614 nota
3015 5560 3481 5618 almnde’dixitnus
3508 5566 3559 5617 in
3586 5560 3877 5619 adnotatio-

2359 5628 2516 5696 nibus
2548 5631 2611 5678 ad
2662 5628 2696 5678 l.
2730 5643 2765 5680 ι.
2802 5629 2854 5680 In
2886 5645 3000 5696 cap.
3033 5630 3096 5684 16
3120 5671 3134 5693 ,
3164 5634 3257 5687 lib.
3284 5649 3336 5685 tv
3358 5673 3373 5693 ,
3416 5634 3665 5687 eamdem
3717 5642 3879 5687 notata

2360 5694 2517 5750 habet
2562 5696 2757 5765 Regius
2815 5694 2978 5754 codex
3026 5702 3090 5754 ad
3143 5703 3228 5757 illa
3274 5702 3437 5757 verba
3486 5703 3691 5757 Justini
3733 5714 3877 5771 appo-
