3952 6338
90 332 185 386 857

1080 326 1423 385 HISTORIA}
1467 326 2027 384 ECCLESIASTICE
2060 326 2191 384 LIB.
2225 325 2295 381 Χ.

3162 328 3266 387 858

91 444 176 499 καὶ
197 442 732 515 E73~It§9noav,u616<
759 433 1051 496 ἐνετείλατο
1074 442 1167 496 καὶ
1187 441 1527 512 ἐκτίσθησαν.
1555 441 1622 493 Τί

1725 443 1877 508 nivit,
1899 453 1956 496 ut
1975 445 2025 496 in
2052 442 2547 497 concertationibus
2565 441 2829 497 adversus
2848 422 3265 513 hostes,quovis

92 536 190 605 γὰρ
220 535 317 587 καὶ
348 526 535 604 ἔμελλε
576 531 669 584 τοῦ
714 531 1095 601 παμϐασιλέως
1130 533 1222 585 καὶ
1255 533 1627 603 πανηγεμόνος

94 628 177 679 καὶ
201 626 365 678 αὐτοῦ
391 624 520 679 Θεοῦ
544 624 711 692 Λόγου
742 623 1087 694 ἐνστήσεσθαι
1111 623 1189 693 τῷ
1215 623 1438 693 νεύματι
1459 640 1473 687 ;
1499 624 1629 692 Σχο-

94 718 180 787 λῆς
203 734 266 769 τε
292 717 459 783 λόγων
488 714 595 785 (l0)
624 714 823 776 οἰκείας
860 715 939 776 εἰς
965 713 1163 785 ἀκριϐῆ
1191 713 1418 784 θεωρίαν
1446 731 1505 766 τε
1537 714 1629 767 καὶ

94 806 375 877 ἑρμηνείαν
407 804 661 873 τυγχάνει
681 804 906 874 δεόμενα
924 820 938 833 ·
970 803 1030 856 οὐ
1064 802 1168 873 μὴν
1199 804 1296 856 ὅσα
1323 805 1414 856 καὶ
1449 799 1535 856 οἶα
1560 803 1627 855 τὰ

94 898 181 966 τῆς
201 895 309 948 τῶν
342 895 718 964 πεπονηκότων
743 894 1042 965 προθυμίας
1064 894 1307 965 κέκριται
1330 897 1456 965 παρ’
1480 894 1628 964 αὐτῷ

93 987 163 1057 τῷ
198 985 608 1056 θεολογουμένῳ,
645 986 734 1039 τδν
759 986 993 1056 ἔμψυχον
1040 988 1257 1041 πάντων
1294 986 1449 1056 ἡμῶν
1491 986 1626 1039 καθ-

94 1078 281 1150 ορῶντι
304 1078 448 1139 ναὸν,
478 1078 572 1130 καὶ
607 1075 697 1129 τδν
737 1080 801 1129 ὲκ
839 1076 1049 1139 ζώντων
1086 1078 1245 1130 λίθων
1288 1078 1380 1130 καὶ
1412 1076 1629 1147 βεϐηκό-

95 1165 334 1239 novi“)
370 1165 515 1223 οἷκον
552 1167 919 1232 ὲποπτεύοντι,
960 1164 1017 1221 εὖ
1057 1169 1149 1222 καὶ
1190 1169 1443 1239 ἀσφαλῶς
1487 1168 1629 1237 ἱδρυ-

97 1260 244 1331 μένον
274 1260 365 1312 ἐπὶ
403 1259 480 1330 τῷ
521 1258 751 1329 θεμελίῳ
798 1257 905 1310 τῶν
944 1257 1248 1311 ἀποστόλων
1287 1258 1379 1313 καὶ
1422 1275 1627 1328 προφη-

92 1349 210 1413 τῶν,
240 1349 389 1412 ὄντος
409 1348 795 1418 ἀκρογωνιαίου
823 1347 967 1401 λίθου
986 1347 1143 1401 αὑτοῦ
1178 1348 1347 1419 Ἰησοῦ
1372 1347 1624 1419 Χριστοῦ,
1688 1410 1691 1415 ι

93 1438 147 1490 ὃν
172 1424 569 1509 ἀπεδοκίμασαν
603 1438 700 1507 μὲν
728 1437 824 1507 οὐχ
856 1439 903 1490 οἱ
931 1437 1029 1507 τῆς
1059 1438 1288 1501 παλαιᾶς
1316 1439 1407 1491 καὶ
1438 1438 1627 1509 μηκέτ’

93 1524 247 1596 οὗσης
289 1525 499 1594 ὲκείνης
533 1524 719 1595 μόνον,
751 1524 885 1579 ἀλλὰ
923 1526 1015 1599 καὶ
1056 1525 1154 1594 τῆς
1194 1527 1355 1579 εἰσέτι
1395 1526 1487 1578 νῦν
1520 1525 1627 1579 τῶν

95 1615 291 1669 πολλῶν
317 1615 613 1687 ἀνθρώπων
634 1617 934 1687 οίκοδομῆς,
972 1619 1129 1671 κακοὶ
1151 1618 1334 1671 κακῶν
1360 1618 1509 1680 ὄντες
1533 1610 1629 1687 ἀρ-

94 1706 401 1775 χιτέκτονες,
432 1706 727 1776 δοκιμάσας
752 1706 808 1758 δὲ
837 1708 864 1758 ὁ
895 1707 1077 1778 Πατὴρ
1106 1708 1198 1760 καὶ
1224 1709 1343 1761 τότε
1380 1708 1474 1761 καὶ
1509 1707 1624 1770 νῦν,

95 1796 167 1858 είς
198 1796 431 1867 κεφαλὴν
455 1796 660 1863 γωνίας.
680 1796 840 1865 τῆσδε
867 1797 962 1867 τῆς
995 1797 1174 1866 κοινῆς
1209 1799 1361 1868 ἡμῶν
1402 1794 1627 1869 Ἐκκλη-

96 1886 206 1947 aia;
257 1885 521 1956 ἱδρύσατο.
567 1876 762 1938 Τοῦτον
797 1885 859 1955 δὴ
899 1881 991 1939 οὖν
1030 1887 1119 1938 τὸν
1163 1887 1220 1951 ἐξ
1264 1886 1416 1957 ἡμῶν
1454 1888 1628 1939 αὐτῶν

85 1959 540 2044 ’ἐπεσκευασμένον
558 1975 752 2038 ζῶντος
773 1974 903 2026 Θεοῦ
926 1975 1097 2037 ζῶντα
1124 1977 1244 2027 ναὸν
1272 1977 1351 2046 (τὸ
1379 1977 1627 2045 μέγιστον

94 2063 179 2115 καὶ
209 2062 391 2131 ἀληθεί
424 2062 563 2133 λόγῳ
601 2062 707 2132 (12)
737 2062 1031 2133 θεοπρεπὲς
1062 2062 1248 2133 ἱερεῖόν
1278 2081 1437 2133 φημι,
1470 2058 1531 2116 οὗ
1559 2064 1627 2117 τὰ

92 2152 343 2206 ἐνδοτάτω
385 2153 547 2205 ἄδυτα
595 2156 704 2216 τοῖς
749 2152 956 2217 πολλοῖς
989 2153 1268 2223 ἀθεώρητα
1320 2155 1411 2206 καὶ
1459 2154 1626 2216 ὅντως

94 2240 213 2308 ἅγια
252 2242 343 2292 καὶ
374 2240 480 2292 τῶν
513 2240 679 2306 ἁγίων
714 2238 885 2310 ἅγια)
918 2238 998 2303 τίς
1028 2239 1092 2292 ἂν
1118 2240 1453 2302 ἐποπτεύσας
1485 2240 1625 2303 ἐξει-

92 2334 204 2383 πεὲν
232 2331 547 2402 τολμήσειε;
576 2330 658 2392 τίς
678 2330 733 2382 δὲ
755 2328 853 2389 κᾶν
877 2330 1124 2398 εἰσκύψαι
1152 2330 1446 2401 περιϐόλων
1468 2330 1625 2400 ιερῶν

92 2423 212 2480 εἴσω
241 2417 477 2485 δυνατὸς,
521 2422 602 2474 ὃτι
639 2420 720 2490 ’μὴ
773 2418 929 2491 μόνος
953 2425 980 2475 ὀ
1016 2423 1183 2492 μέγας
1219 2421 1323 2473 τῶν
1363 2422 1496 2473 ὅλων
1527 2423 1625 2491 ἁρ-

66 2512 313 2581 Δχιερειὺς,
367 2505 411 2579 ᾧ
450 2511 593 2581 μόνῳ
640 2510 792 2580 θέμις
841 2511 1019 2581 πάσης
1066 2510 1283 2581 λογικῆς
1326 2510 1502 2580 ψυχῆς
1555 2510 1624 2562 τὰ

92 2598 363 2671 ἀπόρρητα
402 2600 806 2671 διερευνᾶσθαι;
851 2600 998 2670 Τάχα
1044 2600 1099 2652 δὲ
1138 2600 1231 2652 καὶ
1274 2599 1412 2669 ἄλλῳ
1444 2600 1623 2652 δευτε-

96 2685 261 2756 ρεύειν
292 2685 427 2757 μετὰ
455 2686 638 2739 τοῦτον
669 2686 747 2738 ένὶ
783 2686 925 2757 μόνῳ
950 2687 1057 2739 τῶν
1090 2687 1215 2739 ἴσων
1242 2688 1455 2755 ἐφικτὸν
1489 2687 1616 2757 (15),

92 2774 215 2844 τῷδε
247 2774 323 2845 τῷ
363 2773 753 2847 προκαθημένῳ
778 2773 935 2844 τῆσδε
964 2774 1063 2844 τῆς
1096 2777 1349 2846 στρατιᾶς
1375 2776 1617 2846 ἡγεμόνι,

91 2863 145 2917 δν
167 2864 323 2929 αὐτὸς
346 2868 373 2919 ό
404 2865 750 2937 πρῶτος’καὶ
787 2866 953 2936 μέγας
990 2866 1267 2937 ἀρχιερεὺς
1305 2868 1621 2937 δευτερείοις

91 2954 191 3006 τῶν
392 2956 600 3025 ίερείων
645 2956 894 3027 τιμήσας,
946 2956 1171 3026 ποιμένα
1218 2959 1313 3028 τῆς
1358 2947 1619 3033 ὑμετέρας

1727 533 2009 587 adamante
2053 532 2322 586 ﬁrmiores
2356 532 2563 586 animos
2603 534 2940 586 ostenderent
2968 534 2993 586 τ
3013 533 3142 599 Quis
3169 552 3266 588 un-

1726 639 1885 690 quam
1927 638 2024 678 rex
2062 637 2232 690 usque
2270 623 2406 675 adeo
2442 632 2561 689 post
2608 620 2808 674 obitum
2844 621 3046 675 viribus
3079 622 3263 685 valuit,

1724 712 2229 776 cxcrcitus‘duxit;
2271 720 2467 778 troptea
2522 712 2780 763 adversus
2832 712 3007 764 hostes
3056 713 3263 779 erexit;

1726 802 1902 854 omnia
1952 801 2183 869 denique
2232 799 2376 862 loca,
2424 800 2709 867 regiones,
2764 800 2924 852 urbes
2973 810 3080 852 tum
3126 801 3267 868 apud

1725 888 1939 949 Gnaeos
1969 896 2078 939 tum
2108 885 2246 953 apud
2281 883 2565 949 Barbaros,
2590 883 2854 950 regalibus
2885 884 2995 937 suis
3028 884 3262 952 palatiis,

1725 989 1781 1033 et
1805 978 2106 1032 divinorum
2133 968 2451 1044 templo'rum
2480 973 2701 1027 fabricis
2722 975 3047 1028 consecratis
3080 976 3267 1043 imple-

1726 1069 1805 1121 vit
1824 1068 1850 1121 Ἰ
1883 1065 2188 1133 Cuiusmodi
2215 1075 2341 1119 sunt
2364 1066 2476 1118 lucc
2499 1063 2685 1131 templi
2722 1063 2878 1133 hujus
2910 1064 3266 1132 pulcherrima

1724 1168 2037 1212 ornamenta
2070 1165 2231 1225 atque
2256 1156 2502 1208 donaria.
2540 1153 2667 1219 Qua:
2712 1155 2824 1222 ipsa
2856 1156 3068 1222 quidem
3094 1148 3187 1222 per
3209 1169 3269 1210 se

1726 1258 1951 1315 augusta
1976 1243 2215 1314 profecto
2243 1251 2365 1298 sunt
2391 1258 2453 1297 ac
2468 1242 2775 1309 magniﬁca,
2795 1254 2849 1295 et
2870 1252 3085 1321 stupore
3107 1254 3270 1313 atque

1724 1336 2079 1391 admiratione
2119 1336 2296 1403 digna.
2340 1333 2543 1405 Quippe
2588 1347 2706 1400 qua:
2753 1334 2899 1400 regni
2971 1333 3271 1388 Servatoris

1726 1426 1893 1479 nostri
1943 1424 2153 1479 illustre
2178 1420 2445 1492 specimen
2481 1421 2794 1475 exhibeant.
2826 1422 3100 1490 Siquidem
3130 1440 3271 1479 nunc

1724 1515 1886 1585 376
1915 1528 2163 1583 quoques
2185 1514 2298 1582 ipse
2328 1513 2527 1566 dixitet
2556 1510 2694 1563 facta
2722 1521 2880 1575 sunt;
2909 1513 3023 1579 ipse
3050 1515 3271 1567 manda-

1725 1607 1803 1658 vit
1823 1616 1876 1658 et
1903 1605 2113 1658 condita
2139 1613 2262 1657 sunt
2281 1603 2349 1654 ".
2391 1622 2411 1655 ι
2445 1601 2582 1668 Quid
2640 1604 2780 1656 enim
2837 1604 3095 1657 obsistere
3119 1614 3269 1672 pole-

1726 1704 1811 1748 rat
1841 1695 1991 1747 nntni
2024 1708 2088 1747 ac
2112 1693 2367 1746 voluntati
2405 1691 2563 1745 Verbi
2596 1693 2833 1746 omnium
2865 1695 3003 1760 regis
3035 1709 3097 1746 ac
3127 1697 3271 1761 prin-

1660 1763 1699 1817 Β
1726 1786 1859 1853 cipis
1888 1800 1950 1839 ac
1972 1802 2069 1856 per
2090 1800 2149 1838 se
2168 1786 2266 1838 Dei
2288 1785 2313 1837 ?
2331 1784 2409 1837 Ad
2437 1786 2539 1838 hoc
2559 1800 2684 1838 vero
2727 1794 2787 1838 ιιι
2818 1798 3064 1838 accurate
3088 1786 3267 1839 consi-

1722 1877 1899 1929 derari
1937 1876 2145 1944 singula
2178 1877 2481 1945 exponique
2520 1876 2761 1944 possint,
2802 1875 3075 1943 peculiare
3098 1878 3268 1929 otium

1724 1976 1774 2019 et
1801 1966 2073 2034 propriam
2112 1968 2411 2019 orationem
2440 1966 2774 2019 desiderant.
2800 1968 2904 2019 Sed
2928 1976 2981 2018 et
3013 1965 3265 2034 peettliari

1722 2056 1835 2107 otio
1855 2069 1987 2122 opus
2010 2054 2192 2118 fuerit,
2216 2063 2273 2106 ut
2299 2054 2624 2122 explicemus
2651 2068 2770 2120 qua:
2796 2062 2847 2106 et
2869 2062 3071 2121 quanta
3104 2054 3271 2105 exstié

1726 2145 1792 2197 tit
1840 2144 2095 2197 alacritas
2135 2158 2319 2197 eorum
2358 2144 2449 2212 qui
2484 2145 2536 2195 in
2566 2145 2667 2196 hoc
2704 2158 2869 2210 opere
2915 2144 3263 2207 laborarunt;

1722 2235 2014 2302 quantique
2064 2234 2217 2302 pretii
2270 2248 2332 2287 ac
2380 2233 2630 2301 ponderis
2665 2234 2750 2285 illa
2792 2234 2863 2285 sit
2909 2236 3049 2298 apud
3094 2233 3262 2301 ipsum

1722 2339 1879 2392 quem
1910 2322 2245 2377 celebramus
2271 2323 2455 2385 Deum,
2486 2323 2578 2393 qui
2617 2324 2849 2375 animata
2881 2323 3118 2374 omnium
3169 2338 3266 2375 no-

1722 2425 1890 2467 strum
1919 2414 2133 2481 inspicit
2166 2414 2387 2481 templa;
2416 2424 2470 2466 et
2517 2416 2731 2484 domum
2763 2428 2825 2465 ex
2858 2413 2991 2466 vivis
3017 2414 3265 2466 ﬁrmatis—

1719 2518 1825 2571 que
1852 2504 2111 2571 lapidibus
2133 2512 2385 2556 structam
2411 2503 2723 2571 perlustrat,
2741 2518 2901 2570 super
2919 2502 3265 2556 fundamento

1719 2596 2076 2662 apostolorum
2099 2603 2152 2646 et
2178 2594 2552 2663 prophetarum
2570 2595 2733 2661 probe
2769 2607 2830 2646 ac
2852 2594 3073 2645 ﬁrmiter
3098 2595 3265 2647 stabi-

1718 2686 1865 2738 litam
1894 2708 1905 2740 :
1937 2685 2089 2751 cujus
2107 2684 2373 2750 angularis
2404 2683 2541 2752 lapis
2564 2695 2644 2737 est
2675 2684 2785 2751 ipse
2807 2683 2961 2738 Jesus
2992 2684 3259 2749 Christus,

1718 2793 1875 2845 quem
1930 2778 2285 2844 reprobarunt
2325 2776 2539 2843 quidem
2588 2791 2692 2827 non
2740 2778 2937 2829 veteris
2970 2775 3110 2830 illius
3144 2793 3264 2846 quae

1719 2882 1860 2919 nunc
1888 2881 2005 2921 esse
2049 2868 2223 2931 desiit,
2254 2882 2439 2919 verum
2481 2867 2640 2919 etiam
2679 2867 2797 2936 ejus
2822 2884 2939 2935 qua:
2967 2883 3107 2921 nunc
3147 2883 3264 2923 cor-

1718 2958 1864 3010 nitur
1908 2955 2199 3009 multorum
2237 2957 2507 3009 hominum
2537 2958 2750 3012 fabrica:
2782 2960 3092 3023 architecti,
3138 2960 3262 3012 mali

92 3041 262 3096 ἐπιθέον
307 3046 561 3115 ποίμνης,
598 3044 788 3115 κλήρῳ
826 3047 918 3098 καὶ
954 3046 1125 3117 κρίσει
1156 3048 1247 3099 τοῦ
1289 3048 1495 3118 Πατρὸς
1528 3048 1617 3100 τὸν

1725 3048 1929 3100 scilicet
1963 3048 2219 3101 malorum
2247 3063 2464 3115 operum
2496 3046 2653 3101 fabri.
2681 3048 2785 3102 Sed
2811 3061 2963 3117 pater
2988 3059 3041 3102 et
3064 3049 3189 3102 olim
3212 3060 3267 3103 ot

94 3131 340 3201 ὑμέτερον
372 3132 599 3203 λαχόντα
629 3133 772 3197 λαδν,
806 3134 880 3196 ὡς
910 3134 974 3185 ἂν
1011 3134 1343 3205 θεραπευτὴν
1372 3138 1461 3189 καὶ
1488 3137 1621 3188 ὑπο-

93 3221 259 3290 φήτην
286 3222 439 3284 αὐτὸς
469 3222 657 3275 ἑαυτοῦ
686 3224 1029 3288 κατετάξατο,
1062 3227 1149 3277 τὸν
1181 3227 1296 3278 νέον
1338 3226 1561 3296 Ἀαρὼν,
1590 3226 1623 3295 ἢ

92 3313 424 3380 Μελχισεδὲκ,
473 3314 890 3383 ἀφωμοιωμένον
937 3315 1012 3384 τῷ
1045 3315 1156 3384 Υίῷ
1197 3317 1289 3369 τοῦ
1322 3319 1474 3381 Θεοῦ,
1530 3318 1625 3387 μέμ

92 3401 240 3454 νον*ῐά
277 3418 336 3453 τε
365 3403 455 3454 καὶ
496 3403 628 3471 πρὸς
657 3402 814 3455 αὑτοῦ
846 3403 1169 3475 τηρούμενον
1194 3406 1272 3466 είς
1298 3406 1355 3457 τὸ
1384 3405 1623 3476 διηνεκὲς

91 3496 199 3553 ταῖς
234 3496 431 3555 κοιναῖς
476 3494 724 3545 ἁπάντων
764 3495 915 3563 ὑμῶν
953 3494 1149 3563 εὐχαῖς.
1201 3495 1380 3563 Τούτῳ
1427 3495 1489 3564 δὴ
1528 3491 1621 3547 οὖν

93 3581 283 3645 ἐξέστω
317 3582 453 3651 μόνῳ
486 3582 620 3651 μετὰ
654 3583 743 3634 τὸν
791 3583 1000 3654 πρῶτον
1030 3586 1119 3662 καὶ
1157 3584 1402 3652 μέγιστον
1444 3586 1624 3654 ἀρχιε-

95 3673 205 3742 ρέα,
229 3672 277 3723 εί
309 3672 378 3742 μὴ
412 3671 479 3724 τὰ
510 3671 715 3742 πρῶτα,
742 3672 808 3724 τὰ
838 3672 1056 3742 δεύτερα
1081 3670 1209 3739 γοῦν
1237 3673 1380 3741 ὅμως
1408 3674 1537 3742 ὁρᾷν
1561 3692 1621 3728 τε

94 3762 175 3813 καὶ
220 3763 529 3815 ἐπισκοπεῖν
562 3763 661 3830 τῆς
689 3762 944 3815 ἐνδοτάτω
974 3763 1078 3815 τῶν
1123 3764 1394 3832 ὑμετέρων
1437 3760 1621 3831 ψυχῶν

94 3850 333 3920 θεωρίας,
376 3852 534 3922 πείρᾳ
568 3853 660 3921 μὲν
687 3852 777 3903 καὶ
809 3852 994 3921 χρόνου
1028 3852 1184 3920 μήκει
1214 3851 1436 3903 ἕκαστον
1470 3853 1623 3921 ἀκρι-

94 3938 193 4001 ϐῶς
233 3940 533 4009 ἐξητακότι,
566 3940 760 4010 σπουδῇ
806 3958 863 3992 τε
909 3944 973 4010 τῇ
1020 3939 1179 3992 αὑτοῦ
1218 3940 1310 3991 καὶ
1340 3939 1617 4010 ἐπιμελείᾳ

92 4029 207 4090 τοὺς
234 4028 435 4093 πάντας
460 4031 600 4099 ὑμᾶς
626 4031 682 4082 ὲν
706 4031 890 4100 κόσμῳ
927 4032 1018 4082 καὶ
1047 4030 1186 4099 λόγῳ
1222 4028 1298 4100 τῷ
1323 4030 1440 4083 κατ’
1465 4031 1618 4083 εὐσέ-

156 4119 203 4151 "
230 4120 369 4175 Psal.
396 4137 565 4185 xxxu,
599 4122 651 4176 9.

94 4210 241 4263 sitam
274 4230 288 4263 :
326 4214 430 4265 εἴτε
466 4212 571 4284 γὰρ
611 4212 683 4283 μὴ
722 4213 953 4283 ἐντυχὼν
994 4214 1105 4276 τοῖς
1149 4211 1241 4265 τοῦ
1279 4212 1508 4281 Χριστοῦ
1545 4211 1622 4265 δι-

94 4277 343 4343 δάγμασι,
367 4293 469 4337 etc.

270 4297 343 4341 σι,
367 4293 469 4337 CIC.

94 4297 540 4417 οαῖιιῗῧσιὲθόῗίῆς
576 4367 639 4403 τε
666 4351 876 4419 λόγων.
912 4351 1258 4405 Scribendnm
1306 4361 1435 4418 pulo
1477 4366 1619 4419 σχο-

94 4408 201 4469 λῆς
225 4415 293 4466 δὲ
315 4368 525 4469 λένων.
569 4419 698 4469 Nam
732 4436 849 4469 cum
892 4432 1047 4469 antea
1084 4425 1412 4469 praecesserit
1455 4434 1617 4469 parti-

97 4483 204 4560 cuia
232 4482 351 4551 μέν,
378 4482 462 4539 tibi
494 4487 742 4560 dicitur__&
766 4490 858 4540 καὶ
876 4490 1011 4542 αὐτὰ
1043 4482 1210 4560 σεμνὰ
1244 4490 1360 4559 μέν,
1384 4482 1513 4560 etc.,
1534 4505 1619 4541 se-

96 4557 272 4613 quitur
299 4568 431 4606 nunc
458 4557 651 4627 gemula
688 4557 827 4611 illius
866 4560 1121 4627 particula
1152 4558 1207 4609 δέ
1231 4557 1253 4623 ,⁷
1278 4559 1420 4627 quod
1452 4561 1617 4612 inter-

98 4628 267 4681 pretes
292 4633 393 4670 non
422 4623 687 4675 viderunt.

153 4685 195 4752 (1
302 4688 403 4739 Kal
429 4690 787 4765 βεϐηκότων.
815 4694 1081 4765 Musonius
1114 4696 1269 4748 vertit
1295 4714 1307 4748 :
1342 4712 1360 4745 ι
1394 4697 1616 4765 Domum

96 4768 154 4804 et
180 4762 314 4828 vivis
339 4766 391 4807 et
415 4762 781 4814 crescentibus
801 4763 1073 4828 lapidibus
1105 4773 1386 4816 structam.
1424 4784 1445 4814 ι
1473 4764 1620 4815 Chri-

98 4822 669 4900 stopltorsnnusautem
702 4822 1119 4900 interpretatur:
1152 4852 1171 4881 ι
1206 4833 1278 4884 Ex
1314 4836 1447 4885 vivis
1478 4834 1620 4885 ince-

98 4892 445 4969 dentibusqne
554 4902 690 4945 terra
719 4892 1001 4962 lapidibus.
1038 4920 1054 4949 ι
1087 4902 1194 4969 Ego
1227 4920 1245 4950 ι
1274 4906 1336 4953 ex
1354 4902 1499 4953 wivis
1526 4902 1621 4953 ﬁr—

100 4958 303 5037 tuisque
342 4958 601 5037 lapidibus
630 4979 649 5009 ι
677 4958 883 5037 vertere
930 4970 1110 5023 malui.
1129 4958 1325 5037 VNeque
1352 4972 1492 5025 enim
1540 4971 1621 5021 in—

101 5025 273 5104 telligo
299 5029 558 5104 quomodo
580 5034 742 5093 probe
766 5032 977 5086 fundata
1005 5037 1073 5087 sit
1106 5025 1314 5099 domus,
1349 5040 1391 5089 si
1422 5039 1622 5104 lapides

103 5095 365 5172 incedunt.
388 5094 588 5172 Pa‘tleﬂ‘l
616 5111 717 5148 vox
741 5103 990 5172 occurrit,
1020 5104 1153 5156 infra
1185 5094 1311 5172 pag.
1334 5094 1622 5168 586.’ξῶν-

887 5170 1101 5200 Ριρηυρῗ-
1162 5170 1274 5200 -.ηαξ
1320 5173 1345 5200 ,ί
1355 5192 1370 5200 ,.
1381 5174 1461 5200 ...β

102 5178 191 5225 τας
232 5162 326 5213 καὶ⁸
385 5160 677 5241 βεϐηκότας
716 5167 807 5217 xui.
850 5160 1101 5237 εὐπαγεῖς
1162 5160 1281 5224 id);
1320 5160 1513 5242 ψυχῶν
1541 5175 1618 5225 λι-

100 5232 236 5309 θους.
272 5230 384 5309 §etl
413 5233 577 5309 ituris
608 5233 773 5309 lector
802 5242 940 5300 quod
973 5243 1214 5293 maluerit
1234 5243 1411 5309 eliget.
1442 5243 1623 5309 Neque

100 5301 233 5352 enim
265 5298 729 5363 Christophorsoni
762 5298 1246 5368 interpretationem
1282 5298 1368 5361 hic
1401 5298 1619 5361 damno.

99 5369 242 5445 Quod
266 5382 387 5419 vero
409 5369 521 5445 haec
544 5370 699 5445 verba
718 5366 794 5436 τῷ
813 5366 1284 5445 θεολογουμένῳίάο
1304 5376 1516 5429 Christo
1538 5393 1622 5430 ac-

100 5440 255 5511 cepit,
284 5435 775 5511 omnino-probare
807 5454 908 5489 tton
938 5435 1183 5511 possunt:
1199 5444 1329 5495 Nam
1359 5445 1622 5497 Eusebius

100 5501 247 5579 paulo
277 5515 393 5570 post
419 5502 550 5579 dicit
576 5501 842 5579 Christum
869 5501 986 5559 esse
1005 5510 1156 5579 illius
1185 5514 1359 5579 templi
1390 5512 1619 5576 lapidem

100 5569 413 5643 angularem.
433 5571 595 5646 Igitur
603 5569 765 5646 peutn
777 5571 988 5646 Patrem
1004 5577 1089 5629 hic
1108 5569 1366 5646 intelligit,
1387 5569 1474 5646 qui
1495 5589 1621 5629 tem-

102 5637 446 5708 pli'iuspector
461 5637 556 5693 sit.
578 5637 923 5703 Hieronymus
942 5643 991 5694 in
1013 5657 1167 5705 caput
1187 5663 1221 5699 ιι
1264 5637 1440 5706 Etrusci
1464 5645 1621 5705 βεϐη-

1726 3139 1777 3190 in
1808 3139 2082 3205 prmsentia
2113 3137 2411 3205 probatum,
2442 3146 2600 3205 caput
2626 3138 2803 3206 anguli
2837 3140 2995 3207 hujus
3025 3141 3261 3191 omnium

1719 3236 1959 3279 nostrum
1986 3227 2280 3281 communis
2324 3226 2575 3280 Ecclesia:
2618 3229 2913 3281 constituit.
2960 3228 3072 3282 lloc
3108 3230 3266 3297 igitur

1716 3332 1781 3368 ex
1806 3317 1961 3370 nobis
1984 3318 2113 3386 ipsis
2146 3327 2507 3372 constructum
2540 3320 2767 3373 viventis
2794 3320 2883 3372 Dei
2918 3320 3093 3373 vivum
3126 3330 3262 3373 tem-

1716 3405 1859 3470 plum
1897 3406 2213 3475 (ntaximum
2265 3407 2394 3460 illud
2439 3424 2500 3462 ac
2543 3424 2668 3475 vere
2701 3409 3049 3476 Deo-dignum
3084 3426 3265 3464 sacra-

1720 3498 1856 3548 rium
1890 3497 2147 3565 intelligo,
2176 3498 2327 3566 cujus
2357 3500 2539 3551 inlima
2568 3502 2723 3568 adyta
2756 3514 2784 3551 a
2806 3509 3089 3567 conspectu
3120 3502 3261 3566 vulgi

1721 3595 1922 3643 remota
1969 3594 2109 3650 sunt,
2142 3601 2203 3645 ac
2238 3598 2361 3637 vero
2398 3596 2580 3638 sancta
2603 3597 2652 3638 et
2701 3586 2898 3640 Sancta
2932 3590 3259 3655 sanctorum)

1718 3675 1837 3741 quis
1898 3688 2020 3726 cum
2050 3675 2473 3742 introspexerit,
2508 3673 2700 3728 efferre
2744 3691 2978 3743 unquam
3028 3678 3264 3731 audeat?

1720 3764 1831 3814 Imo
1857 3763 1981 3829 quis
2007 3765 2197 3831 estqui
2242 3764 2294 3815 in
2329 3778 2539 3817 sacrum
2581 3764 2697 3829 ejus
2736 3779 3052 3832 conceptum
3098 3775 3262 3844 pene-

1720 3862 1861 3901 trare
1883 3849 2048 3903 oculis
2074 3850 2264 3917 possit,
2296 3852 2394 3903 nisi
2428 3852 2515 3903 ille
2553 3853 2812 3903 maximus
2859 3853 3094 3902 omnium
3120 3850 3261 3904 Pon-

1724 3938 1873 3999 tifex,
1902 3940 1984 3992 cui
2010 3938 2204 4005 solijus
2227 3938 2411 4008 fasque
2435 3953 2516 3992 est
2539 3941 2819 4006 cujuslibet
2844 3942 3034 3992 animae
3056 3943 3267 3995 ratione

1724 4029 1959 4098 ptmdita:
1997 4044 2189 4083 arcana
2213 4029 2440 4084 scrutari
2464 4030 2489 4082 ?
2512 4033 2588 4083 Ac
2622 4030 2847 4084 fortasse
2881 4030 2930 4083 id
2956 4031 3115 4082 etiam
3142 4032 3262 4085 ιιιιί-

1726 4211 1887 4274 κότας
1936 4208 2114 4272 λίθους
2156 4207 2243 4261 ita‘
2272 4209 2465 4261 vertit:
2517 4225 2535 4257 ι
2564 4206 2745 4273 Neque
2790 4208 3257 4276 enimpntandum

1724 4294 1807 4334 est
1836 4284 1996 4333 Deum
2025 4294 2154 4330 auro
2186 4289 2233 4329 et
2257 4280 2479 4343 gemmis
2513 4280 2894 4330 aedificaturum
2933 4275 3255 4344 Jerusalem,

1724 4362 1777 4401 et
1817 4365 1920 4401 non
1958 4348 2101 4405 .vivis
2143 4348 2403 4413 lapidibus
2437 4348 2527 4414 qui
2579 4362 2719 4399 nunc
2764 4348 3052 4400 volvuntur
3095 4360 3260 4415 super

391 4407 531 4485 γωῆ
569 4419 698 4473 Nam
732 4407 849 4473 cum
892 4432 1048 4473 antea
1084 4407 1412 4486 prateess'erit
1455 4407 1617 4487 pa'r'tt-
1655 4407 1693 4458 ί)
1725 4429 1943 4471 terram.
1980 4436 1997 4466 ›

1792 4487 1899 4558 (l2)
1941 4483 2347 4558 Ἆληθεῖλάγῳ.
2368 4483 2505 4536 Idem
2528 4493 2609 4536 est
2643 4499 2707 4535 ac
2734 4482 2958 4558 ἀληθεῖκ.
2991 4481 3255 4558 hiusculus

1721 4552 1896 4611 tamen
1940 4566 2001 4607 et
2040 4554 2548 4618 ChristOphorsonus
2578 4571 2596 4602 ι
2638 4566 2765 4605 vero
2808 4552 2897 4605 Dei
2926 4555 3088 4603 verho
3117 4570 3135 4601 ι
3170 4552 3255 4603 in-

1722 4626 2001 4692 terpretati
2038 4632 2180 4687 sunt,
2210 4624 2348 4691 quod
2373 4637 2488 4675 meo
2514 4624 2727 4690 quidem
2756 4622 2957 4688 judicio
2981 4621 3251 4686 ineptissi-

1720 4711 1862 4747 tntttn
1899 4703 2002 4744 est.

1790 4762 1900 4833 (l3)
1947 4758 2071 4833 'Erl
2103 4761 2269 4829 μόνῳ
2302 4757 2421 4811 τῶν
2465 4760 2613 4833 [om
2648 4756 2919 4833 ﬁgpugfdr.
2965 4752 3091 4833 Post
3139 4755 3253 4807 hac

1721 4824 2206 4885 verba-asteriscus
2239 4840 2455 4880 natatur
2482 4832 2533 4880 in
2564 4829 2744 4897 codice
2773 4824 2988 4897 et
3016 4824 3079 4897 aﬁd
3108 4838 3249 4897 mar-

1719 4902 1897 4968 ginem
1938 4899 2225 4969 ascriptum
2271 4908 2395 4969 est,
2434 4898 2526 4949 καί
2572 4896 2725 4969 τοῦτο
2765 4890 2993 4969 ἀσεϐές..
3024 4890 3253 4969 anino

1720 4964 2034 5022 scholiastes
2061 4966 2149 5027 qui
2201 4969 2298 5018 hoc
2326 4968 2560 5017 SChOIiOlI
2595 4964 2870 5028 ascripsit,
2914 4964 3247 5013 existimasse

1721 5041 1930 5089 videtur
1952 5074 1967 5096 ,
2002 5033 2283 5086 Eusebium
2316 5034 2401 5084 hic
2444 5033 2583 5095 loqui
2632 5034 2697 5082 de
2735 5028 2986 5081 Christo:
3021 5042 3139 5077 cum
3171 5037 3251 5077 t9-

1721 5121 1840 5158 men
1873 5108 1938 5155 de
1964 5103 2183 5153 Paulino
2214 5102 2455 5167 loquatur
2483 5099 2761 5167 Tyriorum
2787 5097 3064 5167 episcopo,
3091 5110 3249 5167 quem

1720 5178 1796 5224 ait
1830 5171 2115 5223 secundmn
2155 5182 2183 5217 a
2214 5164 2626 5219 Cbristoloéum
2651 5164 2896 5217 obtinere
2919 5164 2970 5213 in
3006 5166 3251 5228 regendis

1722 5240 1983 5295 ﬁdelibus.
2009 5236 2117 5287 lloc
2140 5250 2263 5286 vero
2294 5238 2574 5299 impietatis
2597 5232 2751 5298 argui
2778 5242 3103 5299 nonpotest,
3128 5245 3249 5284 eum

1720 5308 2019 5376 pontiﬁces
2047 5318 2232 5376 omnes
2275 5297 2553 5376 imaginem
2594 5298 2788 5376 Christi
2822 5297 3079 5361 referant,
3105 5300 3248 5376 ejus-

1720 5366 1823 5444 que
1869 5378 1917 5425 iu
1956 5371 2376 5444 administranda
2418 5369 2652 5444 Ecclesia
2699 5368 2881 5444 vice°n_
2906 5376 3121 5444 gerant.
3149 5366 3249 5444 _Fa-

1722 5431 1933 5497 t'eudnut
1964 5447 2045 5489 est
2091 5448 2289 5496 tamen,
2340 5436 2622 5487 Eusebium
2670 5434 2828 5485 nimis
2867 5431 2955 5485 hic
3001 5437 3250 5491 tribuisse

1718 5514 1957 5570 Paulino,
1990 5507 2113 5555 dum
2149 5506 2195 5555 ci
2224 5504 2291 5555 τὰ
2312 5500 2424 5567 ἶσα,
2456 5502 2525 5553 τὰ
2550 5500 2843 5570 δευτερεῖα,
2884 5509 3134 5570 tanquam
3175 5523 3250 5558 ag.

1716 5581 1860 5645 quali
1890 5568 2177 5639 et'collega:
2210 5572 2432 5637 Christi,
2455 5568 2716 5636 ascribit,
2748 5570 2872 5622 dum
2902 5568 3231 5628 ﬂcluhisode-

1718 5651 1877 5701 chum
1911 5651 2082 5696 vocat.
