3954 6346
716 250 817 307 871

718 372 857 424 Deus
899 376 1022 426 tuus
1066 386 1083 424 :

715 461 873 530 383
913 462 964 513 in
997 462 1365 516 misericordia
1399 478 1589 531 magna
1628 464 1926 519 miserebor
1954 466 2053 521 tui.
2092 462 2145 519 In
2177 466 2256 519 ira

718 550 814 602 levi
840 551 1006 604 averti
1038 552 1229 605 faciem
1250 566 1423 605 meam
1465 552 1561 605 abs
1598 564 1689 620 te;
1726 562 1779 607 et
1810 558 1860 607 in
1892 555 2254 609 misericordia

714 652 907 696 :etcrna
935 644 1229 697 miserebor
1252 645 1323 697 tui
1348 685 1363 707 ,
1382 645 1514 697 dixit
1538 646 1861 714 Redemptor
1890 648 2149 703 Dominus
2167 648 2252 705 "z

710 730 974 800 Exsurge,
1028 747 1274 798 exsurge,
1336 748 1454 800 qua:
1492 734 1675 789 bibisti
1739 739 1805 792 de
1839 752 1997 790 manu
2046 738 2255 792 Domini

710 824 934 878 calicem
970 824 1171 879 furoris
1204 824 1345 893 ejus.
1372 825 1607 881 Calicem
1659 829 1799 882 enim
1850 831 2043 894 ruinae,
2090 846 2258 899 pocuo

709 913 821 969 lum
856 916 1058 971 furoris
1093 918 1194 970 mei
1241 919 1448 971 ebibisti
1482 927 1643 988 atque
1684 921 2011 975 exbansisli:
2053 931 2108 975 et
2138 936 2253 974 non

708 1015 827 1059 erat
854 1008 949 1073 qui
977 1007 1348 1061 consolaretur
1376 1017 1425 1061 te
1454 1010 1505 1062 in
1537 1011 1787 1065 omnibus
1812 1011 1938 1065 ﬁliis
1979 1014 2087 1066 luis
2121 1027 2255 1081 quos

708 1096 970 1165 genuisti:
1008 1112 1106 1150 nec
1129 1108 1245 1151 erat
1269 1100 1356 1167 qui
1384 1100 1810 1167 apprehenderet
1838 1116 2053 1154 manum
2086 1111 2249 1156 luant.

696 1188 848 1267 Ecce
894 1190 990 1244 tuli
1034 1192 1303 1246 de'manu
1362 1204 1451 1248 tua
1496 1195 1718 1249 calicem
1766 1196 1953 1259 ruina,
2001 1197 2249 1264 poculum

705 1278 908 1336 furoris
939 1284 1063 1337 mei.
1103 1282 1208 1339 Nec
1241 1286 1460 1357 adjicies
1500 1286 1639 1339 ultra
1678 1296 1735 1339 ut
1782 1287 1933 1341 bibas
1962 1287 2148 1341 illum:
2189 1290 2251 1341 Et

705 1372 844 1425 dabo
882 1373 1027 1427 illum
1078 1374 1128 1427 in
1170 1391 1368 1441 manus
1394 1391 1577 1429 eorum
1614 1378 1703 1444 qui
1746 1387 1796 1430 te
1826 1378 2081 1446 injustitia
2125 1379 2249 1433 affe-

703 1472 896 1515 cerunt
933 1480 997 1518 ac
1043 1466 1443 1533 depresserunt.
1487 1466 1755 1535 Exsurge,
1798 1482 2047 1537 exsurge,
2092 1469 2250 1523 imlue

682 1554 1100 1619 fortitudinem,
1152 1556 1314 1607 indue
1357 1556 1575 1621 gloriam
1602 1565 1775 1609 luam.
1820 1556 2024 1611 Excute
2064 1559 2250 1627 pulve-

700 1660 815 1699 rem
855 1658 908 1699 et
949 1662 1126 1715 surge.
1174 1645 1346 1708 Sede,
1402 1646 1545 1698 solve
1596 1647 1871 1699 vinculum
1912 1649 2030 1702 colli
2077 1650 2243 1704 tui”.

1413 252 1679 319 EUSEBII
1712 253 2192 311 CESARIENSIS
2226 255 2378 316 OPP.
2418 258 2598 316 PARS
2633 260 2674 315 Ι.
2713 290 2784 304 --
2818 262 3211 321 HISTORICA.

1138 368 1346 425 Modico
1413 378 1650 440 tempore
1714 372 1970 442 dereliqui
2020 348 2127 440 te;
2214 390 2237 429 c

2365 376 2690 434 ὲδιδάσκετο.
2720 379 2910 452 Θαῦμα
2938 384 3035 452 μὲν
3063 379 3154 436 οὖν
3182 384 3431 454 μέγιστον
3461 385 3621 441 τοῦτο
3644 389 3741 441 καὶ
3766 391 3873 461 πέρα

3797 275 3919 331 872“

2358 467 2536 538 πάσης
2581 470 2920 541 ἐκπλήξεως,
2966 474 3199 544 μάλιστα
3244 480 3355 541 τοῖς
3400 478 3492 531 ἐπὶ
3527 478 3661 549 μόνῃ
3698 484 3761 550 τῇ
3794 484 3871 535 τῶν

2356 560 2554 627 ἔξωθεν
2591 565 2858 636 φαντασίᾳ
2880 566 2970 619 τὸν
3002 568 3125 621 νοῦν
3162 570 3570 641 προσανέχουσι.
3609 571 3871 641 Θαυμάτων

2353 651 2412 703 δὲ
2454 652 2868 726 θαυμασιώτερα
2908 658 2978 711 τά
3016 676 3076 711 τε
3123 659 3443 731 ἀρχέτυπα,
3472 663 3567 715 καὶ
3607 661 3801 717 τούτων
3823 668 3871 719 τὰ

2356 745 2683 813 πρωτότυπα
2709 745 2871 816 νοητὰ
2899 748 2991 800 καὶ
3018 748 3290 820 θεοπρεπῆ
3330 752 3770 823 παραδείγματα,
3798 757 3870 827 τῆς

2354 833 2535 886 ἐνθέου
2578 835 2719 903 φημὶ
2764 835 2857 887 καὶ
2894 834 3114 908 λογικῆς
3138 840 3196 891 ὲν
3223 840 3419 911 ψυχαῖς
3448 844 3731 915 οἰκοδομῆς
3764 847 3868 899 ἀνσ-

2350 921 2631 992 νεὼματα·
2666 924 2731 993 ἢν
2762 924 2921 987 αὐτὸς
2956 926 2983 976 ό
3010 927 3238 994 Θεόπαις
3271 935 3390 985 κατ’
3422 933 3605 987 εἰκόνα
3627 934 3723 1005 τὴν
3745 937 3869 999 abab;

2352 1008 2516 1063 αυτοῦ
2558 1012 2959 1083 δημιουργήσας
2981 1054 2996 1078 ,
3032 1017 3199 1088 πάντη
3234 1036 3293 1071 τε
3333 1020 3424 1073 καὶ
3452 1020 3591 1074 κατά
3635 1022 3799 1075 πάντα
3825 1025 3869 1075 e

2353 1097 2645 1151 θεοείκελον
2670 1099 2869 1171 δεδωρη
2880 1102 3051 1169 μένος,
3090 1104 3361 1177 ἄφθαρτον
3390 1108 3570 1178 φύσιν,
3596 1110 3866 1181 ἀσώματον,

2349 1188 2591 1259 λογικὴν,
2627 1191 2803 1260 πάσης
2834 1191 3064 1259 γαῦδους
3098 1194 3226 1267 ὕλης
3253 1188 3553 1270 ἀλλοτρίαν,
3583 1200 3868 1273 αὐτονοερὰν

2349 1283 2536 1335 οὐσίαν
2563 1283 2673 1354 (5‘2)
2694 1324 2709 1348 ,
2740 1283 2884 1348 ἅπαξ
2908 1286 2967 1338 τὸ
2998 1288 3208 1357 πρῶτον
3237 1291 3301 1343 ἐκ
3330 1291 3423 1344 τοῦ
3452 1292 3533 1363 μὴ
3564 1292 3713 1356 ὄντος
3737 1298 3801 1357 είς
3824 1296 3867 1347 τδ

2314 1420 2317 1425 _
2349 1369 2486 1427 εἶναι
2524 1376 2944 1445 συστησάμενος,
2970 1377 3181 1448 νύμφην
3216 1382 3373 1449 ἁγίαν
3392 1421 3407 1445 ,
3439 1384 3531 1435 καὶ
3556 1384 3689 1437 νεὼν
3718 1386 3865 1437 πανα-

2349 1482 2469 1535 ρον,
2518 1464 2690 1534 ἑαυτῷ
2723 1483 2779 1517 τε
2815 1466 2906 1517 καὶ
2946 1466 3021 1536 τῷ
3048 1464 3217 1537 Πατρὶ
3261 1472 3683 1543 κατειργάσατο.’
3710 1478 3768 1528 '0
3798 1480 3865 1528 καὶ

2348 1553 2535 1622 σαφῶς
2557 1556 2716 1617 αὐτὸς
2738 1555 3007 1626 ὁμολογῶν
3031 1558 3305 1641 ἐκφαίνει,
3328 1562 3499 1630 λέγων
3525 1580 3539 1592 ·
3568 1583 3591 1614 ‹
3615 1565 3865 1636 Ἐνοικήσω

2348 1646 2406 1697 ὲν
2435 1646 2615 1708 αὐτοῖς
2640 1648 2730 1699 καὶ
2753 1648 3199 1718 ὲμπεριπατήσω,
3225 1651 3317 1703 καὶ
3338 1651 3529 1723 ἔσομαι
3553 1656 3727 1708 αὐτῶν
3745 1657 3862 1719 Θεὸς,

698 1738 901 1792 Attolle
931 1740 1349 1805 circumquaque
1377 1739 1561 1792 oculos
1604 1751 1744 1802 tuos,
1774 1750 1827 1793 et
1855 1741 1973 1794 vide
2014 1757 2237 1809 congre-

2354 1734 2447 1786 καὶ
2480 1734 2632 1787 αὐτοὶ
2674 1708 3015 1806 ἔσονταί-μοι
3060 1708 3202 1799 λαόςξ
3231 1756 3249 1787 ι
3301 1708 3675 1814 Καίτοιαύτη
3718 1708 3860 1814 μὲνξ

700 1834 854 1895 gatos
902 1828 1040 1880 lilios
1092 1836 1227 1880 tuos.
1274 1827 1409 1881 Ecce
1457 1830 1764 1897 congregati
1818 1839 1941 1884 sunt
1982 1841 2038 1884 et
2083 1846 2236 1887 vene-

698 1927 827 1969 runt
862 1917 928 1968 ad
970 1928 1039 1969 le.
1078 1916 1210 1971 Vivo
1245 1933 1363 1987 ego,
1406 1920 1536 1972 dicit
1572 1920 1862 1975 Dominus:
1908 1922 2029 1988 quia
2073 1925 2247 1976 omni-

701 2012 802 2061 bus
840 2008 924 2060 his
968 2009 1111 2060 velut
1142 2021 1459 2064 ornamento
1500 2011 1766 2073 vestieris,
1806 2022 1855 2064 et
1883 2013 2247 2069 circumdabis

701 2099 795 2151 tibi
830 2114 923 2153 eos
966 2100 1117 2167 quasi
1167 2111 1421 2155 ornatum
1457 2118 1670 2171 sponsa.
1719 2103 1853 2169 Quia
1898 2106 2108 2159 deserta
2157 2102 2245 2161 tua

697 2199 751 2241 ct
797 2204 920 2257 qua:
960 2201 1211 2259 corrupta
1239 2184 1392 2246 erant
1423 2208 1484 2245 ac
1527 2194 1797 2261 prolapsa,
1840 2211 1981 2249 nunc
2016 2206 2243 2265 angusta

698 2292 857 2333 erunt
889 2282 1079 2335 incolis
1106 2286 1246 2349 tuis;
1293 2294 1346 2337 et
1378 2282 1532 2351 longe
1570 2284 1695 2336 ﬁent
1738 2288 1833 2338 abs
1860 2295 1920 2345 te
1952 2287 2041 2353 qui
2086 2287 2246 2339 devo-

694 2374 893 2427 r'abant
924 2384 994 2427 te.
1043 2376 1229 2427 Dicent
1266 2378 1408 2429 enim
1440 2376 1494 2427 in
1531 2390 1688 2429 aures
1721 2384 1842 2429 tuas
1876 2378 1969 2429 lilii
2000 2378 2073 2430 tui
2108 2394 2241 2446 quos

697 2464 1321 2533 perdidistizAngnstus
1368 2476 1447 2519 est
1489 2466 1616 2519 mibi
1669 2467 1848 2532 locus;
1898 2470 2059 2523 facito
2112 2472 2240 2523 mibi

649 2546 654 2551 ’
698 2553 871 2608 locum
904 2564 965 2607 ut
1010 2555 1327 2609 inhabilem.
1376 2557 1440 2609 Et
1486 2558 1628 2611 dices
1672 2558 1723 2610 in
1758 2561 1919 2612 corde
1950 2569 2072 2613 tuo:
2112 2561 2243 2626 Quis

694 2641 826 2697 istos
874 2637 1057 2710 genuit
1100 2644 1267 2696 mihi"?
1309 2645 1416 2712 Ego
1458 2646 1587 2700 orba
1618 2654 1670 2699 et
1695 2648 1880 2700 vidua.
1926 2649 2034 2703 llos
2067 2663 2243 2706 autem

695 2735 817 2801 quis
856 2735 1109 2788 educavit
1148 2736 1318 2787 mihi?
1368 2736 1475 2801 Ego
1515 2738 1765 2790 derelicta
1814 2754 1930 2793 sum
1981 2742 2126 2800 sola:
2177 2742 2240 2796 lli

696 2837 827 2875 vero
873 2826 1093 2877 ubinam
1140 2836 1295 2877 erant
1337 2826 1510 2879 mihi?
1543 2845 1561 2876 ι
1615 2826 1735 2881 [hec
1784 2828 1947 2883 Isaias
1986 2832 2243 2885 vaticina-

697 2920 782 2965 tus
813 2914 982 2966 est":
1023 2915 1133 2965 haec
1162 2915 1210 2966 in
1234 2917 1400 2967 sacris
1426 2915 1790 2972 Voluminibus
1806 2921 1871 2972 de
1900 2921 2053 2974 nobis
2078 2923 2243 2975 multo

696 3012 823 3057 ante
854 3006 1162 3071 praescripta
1202 3016 1374 3057 erant.
1416 3004 1676 3059 Cancrum
1721 3012 2005 3078 oportebat
2042 2998 2105 3064 ut
2143 3016 2240 3067 ho-

695 3112 818 3150 rum
867 3097 1152 3149 verborum
1206 3096 1484 3149 veritatem
1538 3098 1698 3150 rebus
1756 3101 1883 3167 ipsis
1925 3104 2239 3170 completam

696 3186 912 3238 tandem
945 3185 1335 3252 acciperemus.
1368 3183 1631 3247 Quoniam
1662 3186 1822 3253 igitur
1849 3204 2075 3255 sponsus
2105 3191 2241 3244 Ver-

694 3276 821 3330 bum
856 3277 945 3329 Dei
988 3279 1099 3329 hare
1128 3289 1340 3343 sponsa:
1370 3291 1501 3339 suae,
1528 3288 1884 3333 sacrosancta:
1909 3281 2113 3335 scilicet
2143 3284 2243 3337 Ec-

695 3367 894 3429 clesiae,
945 3367 1260 3436 prolocutus
1302 3372 1496 3434 fuerat,
1534 3377 1679 3421 recte
1718 3377 1882 3437 atque
1925 3371 2112 3426 ordine
2144 3388 2241 3426 no-

694 3462 808 3509 ater
856 3456 953 3510 iste
1009 3473 1217 3525 sponsae
1261 3460 1523 3523 chlitor,
1570 3459 1709 3511 hanc
1758 3462 2021 3512 desertam
2058 3455 2120 3513 et'
2148 3476 2241 3513 va-

694 3559 877 3607 cuam,
913 3556 966 3598 ct
1006 3556 1252 3615 tanquam
1291 3551 1520 3602 cadaver
1554 3549 1701 3603 humi
1737 3551 2028 3616 jacentem,
2060 3552 2239 3605 omni-

654 3646 657 3649 ‘
695 3651 801 3703 que
840 3636 1071 3689 humana
1106 3651 1199 3701 spe
1230 3637 1563 3703 destitutam,
1596 3641 1966 3694 communibus
1999 3642 2235 3695 omnium

692 3736 934 3779 vestrum
994 3724 1273 3794 precibus,
1326 3742 1516 3781 manus
1564 3730 1613 3783 ei
1668 3740 1873 3785 vestras
1919 3732 2233 3800 porrigens,

692 3816 788 3869 Del
822 3816 1019 3869 summi
1067 3815 1303 3867 omnium
1338 3815 1495 3882 Regis
1524 3828 1678 3883 nutu,
1720 3830 1774 3872 et
1820 3824 2063 3888 praesenti
2110 3821 2233 3875 Jesu

690 3906 891 3961 Christi
929 3906 1167 3974 potentia
1208 3906 1389 3960 erexit
1433 3914 1594 3975 alque
1622 3911 1894 3964 excitavit.
1935 3911 2234 3966 Excitatam

691 4010 822 4051 vero
853 3998 919 4049 ad
964 4012 1086 4049 eum
1120 3998 1335 4049 modum
1368 3997 1647 4051 constituit
1672 4014 1737 4052 ac
1766 4003 2048 4069 disposuit,
2074 4017 2232 4071 quem

692 4101 757 4139 ex
808 4104 1081 4141 sacrorum
1132 4088 1476 4143 oraculorum
1539 4087 1899 4157 descriptione
1945 4094 2229 4147 didicerat.

692 4176 790 4229 Est
835 4175 1046 4243 quidem
1088 4177 1191 4231 hoc
1239 4191 1371 4246 opus
1411 4174 1750 4243 miraculum,
1787 4191 1839 4233 et
1874 4183 2017 4234 omni
2063 4183 2235 4235 admi-

693 4265 903 4320 ratione
937 4266 1127 4331 majus,
1174 4268 1239 4321 iis
1264 4267 1564 4337 praesertim
1595 4267 1682 4335 qui
1725 4268 1791 4320 ad
1830 4272 1998 4323 solam
2049 4288 2229 4326 rerum

2351 1824 2530 1877 τελεία
2562 1827 2653 1878 καὶ
2682 1826 3058 1898 κεκαθαρμένη
3093 1827 3235 1898 ψυχὴ
3254 1856 3292 1891 ,ο
3316 1830 3549 1900 ἀρχῆθεν
3580 1832 3717 1885 οὕτω
3743 1850 3863 1901 γεγε-

2352 1918 2553 1987 νημένη
2581 1958 2595 1980 ,
2652 1917 2735 1970 οἶα
2785 1919 2874 1970 τὸν
2923 1918 3168 1990 οὐράνιον
3214 1921 3365 1987 λόγον
3415 1920 3861 1993 ἀγαλματοφορεῖν.

2354 2007 2521 2062 ’Ἀλλά
2556 2007 2663 2079 γὰρ
2694 2008 2869 2079 φθόνῳ
2896 2009 2988 2062 καὶ
3022 2009 3165 2082 ζήλῳ
3205 2011 3297 2063 τοῦ
3328 2010 3683 2082 φιλοπονήρου
3707 2015 3860 2083 δαίμο-

2351 2102 2458 2165 νος,
2488 2102 2784 2181 φιλόπαθὴς
2803 2103 3269 2181 καλνφιλοπόνηρος
3302 2102 3359 2168 ἐξ
3384 2102 3719 2168 αὐτεξουσὶου
3745 2106 3861 2175 αἱρέ-

2352 2209 2487 2254 σεως
2523 2179 2815 2265 γενομένη,
2841 2179 3363 2263 ’ὑπαναχωρήσαντος
3405 2192 3574 2261 αὐτῆς
3603 2190 3691 2244 τοῦ
3719 2193 3857 2253 Θείαι,

2350 2282 2427 2344 ὡς
2449 2282 2515 2335 ἂν
2544 2282 2637 2352 ἐρη
2647 2299 2743 2353 μος
2765 2278 3085 2352 ὶιιροστάτιιδυζ
3113 2271 3375 2344 εὐάλωτος
3395 2282 3486 2335 καὶ
3511 2282 3591 2345 είς
3606 2281 3859 2349 ἐπιϐουλὴν

2350 2372 2576 2443 εὐχερὴς
2592 2376 2699 2435 τοῖς
2718 2374 2780 2425 ὲκ
2802 2373 3007 2445 μακροῦ
3027 2371 3303 2439 διαφθονου
3310 2372 3485 2442 μένοις
3496 2371 3857 2443 ἀπελήλεγκται

2350 2462 2481 2532 (55),
2493 2466 2611 2525 ταῖς
2630 2480 2687 2515 τε
2707 2463 2812 2515 τῶν
2828 2462 3067 2531 ἀοράτων
3084 2461 3288 2534 ἐχθρῶν
3307 2462 3398 2516 καὶ
3411 2461 3614 2533 νοητῶν

2348 2552 2619 2605 ἑλεπόλεσι
2649 2552 2741 2604 καὶ
2785 2535 3492 2623 μηχαναῖςὶκαταὸληθεῖσα,
3520 2552 3713 2621 πτῶμα
3743 2550 3856 2617 ἐξαί-

2350 2660 2475 2695 σιον·
2495 2643 2939 2702 καταπέπτωκεν,
2969 2644 3047 2705 είς
3074 2642 3194 2694 ὅσον
3230 2642 3337 2694 οὐδ’
3358 2642 3450 2693 ἐπὶ
3482 2642 3612 2711 λίθῳ
3633 2641 3768 2695 λίθον
3781 2642 3856 2711 τῆς

2349 2736 2547 2804 ἀρετῆς
2573 2734 2779 2786 ἑστῶτα
2803 2735 2858 2785 ὲν
2885 2734 3017 2801 αὐτῇ
3044 2732 3329 2801 διαμεῖναι,
3363 2731 3489 2801 ὅλην
3508 2730 3566 2783 δὲ
3593 2732 3752 2783 διόλου
3777 2748 3855 2800 χα-

2352 2828 2450 2895 μαὶ
2482 2826 2689 2878 κεῖσθαι
2739 2824 2954 2895 νεκρὰν,
2984 2823 3087 2874 τῶν
3110 2824 3234 2893 περὶ
3255 2821 3384 2875 Θεοῦ
3414 2820 3654 2890 φυσικῶν
3675 2821 3855 2874 ἐννοιῶν

2348 2917 2576 2985 πάμπαν
2595 2917 2866 2983 ἀπεστερη
2874 2912 3057 2981 μένην.
3080 2911 3430 2964 Πεπτωκυῖαν
3454 2910 3517 2980 δὴ
3542 2910 3731 2979 ταύτην
3751 2910 3853 2963 ad

2346 3022 2444 3075 νην
2471 3004 2567 3074 τὴν
2600 3006 2718 3056 κατ’
2748 3003 2924 3056 εἰκόνα
2949 3002 3079 3055 Θεοῦ
3118 3003 3658 3066 κατασκευασθεῖσαν,
3690 3003 3851 3073 ὲλυμήυ

2343 3112 2468 3149 νατο
2494 3096 2591 3165 οὐχ
2618 3088 2681 3158 ’ὗς
2707 3088 2855 3157 οὗτος
2880 3096 2907 3146 ό
2935 3096 2996 3146 ὲκ
3022 3094 3222 3165 δρυμοῦ
3252 3093 3343 3146 τοῦ
3369 3096 3494 3165 παρ’
3517 3096 3644 3164 ἡμῖν
3670 3093 3849 3165 ὁρατοῦ,

2340 3184 2476 3237 ἀλλά
2508 3201 2590 3245 τις
2620 3184 2933 3253 φθοροποιὸς
2958 3184 3189 3263 δαίμων,
3234 3183 3325 3235 καὶ
3364 3180 3527 3253 θῆρες
3554 3182 3724 3255 ἄγριοι
3758 3199 3851 3250 νοη-

2338 3276 2421 3327 τοί
2446 3292 2458 3305 '
2503 3274 2551 3326 οἳ
2591 3274 2824 3337 καὶτοῖς
2866 3274 3086 3327 πάθεσιν
3122 3268 3209 3326 οἷα
3252 3275 3749 3344 πεπυρακτωμένοις
3774 3272 3851 3341 τῆς

2341 3365 2488 3432 σφῶν
2516 3366 2709 3428 κακίας
2738 3366 2943 3435 βέλεσιν
2967 3366 3074 3433 (δι)
3101 3367 3265 3436 αὐτὴν
3290 3352 3670 3435 ὲξυφάψαντες.
3695 3360 3849 3419 ἐνεπύ-

2342 3472 2495 3525 ρισαν
2536 3458 2593 3507 ἐν
2637 3457 2769 3526 πυρὶ
2800 3457 2859 3509 τὸ
2885 3457 3023 3509 θεῖον
3050 3457 3213 3519 ὅντως
3240 3457 3585 3529 ἀγιαστήριον
3610 3458 3698 3511 τοῦ
3722 3456 3849 3516 Θεοῦ,

2336 3550 2418 3609 είς
2443 3546 2539 3617 τὴν
2562 3549 2663 3618 γῆν
2689 3564 2745 3600 τε
2772 3548 3106 3618 ὲ6ε6ήλωσαν
3134 3549 3193 3601 τὸ
3221 3550 3477 3618 σκήνωμα
3508 3547 3601 3601 τοῦ
3629 3548 3848 3618 ὀνόματος

2336 3638 2525 3690 αὑτοῦ·
2560 3634 2675 3690 εἶτα
2710 3639 2884 3707 πολλῷ
2912 3639 2987 3709 τῷ
3015 3638 3362 3709 προσχώματι
3402 3639 3501 3707 τῆν
3538 3638 3716 3692 ἀθλίαν
3746 3653 3847 3691 κατα

2336 3729 2649 3799 ορύξαντες,
2674 3732 2751 3793 είς
2781 3729 3091 3782 ἀνέλπιστον
3120 3730 3673 3802 πάσηςπεριέτρεψαν
3704 3744 3845 3795 σωτη-

2338 3820 2475 3890 ρίας.
2516 3820 2651 3872 Ἀλλ’
2682 3822 2774 3888 ὅγε
2804 3819 3047 3889 κηδεμὼν
3079 3821 3247 3891 αὐτῆς
3276 3823 3476 3891 Λόγος,
3518 3824 3546 3874 ὁ
3584 3818 3845 3889 θεοφεγγὴς

2335 3912 2430 3963 καὶ
2458 3912 2739 3981 σωτήριος,
2770 3910 2866 3979 τὴν
2896 3910 3011 3962 κατ’
3046 3911 3200 3976 ἀξίαν
3243 3912 3394 3982 δίκην
3424 3913 3532 3966 τῶν
3556 3909 3843 3982 ἁμαρτημά-

2332 4018 2445 4054 των
2470 4000 2825 4069 ὑποσχοῦσαν,
2860 3997 3011 4063 αὖθις
3042 4002 3347 4073 ὲξυπαρχῆς
3379 4000 3724 4072 ἀνελάμϐανε,
3756 4000 3843 4051 Ila.

2333 4090 2459 4160 τρδς
2488 4089 2797 4157 παναγάθου
2828 4090 3196 4163 φιλανθρωπία
3237 4092 3570 4163 πειθόμενος.
3610 4088 3769 4151 Δύτάς
3790 4088 3841 4157 δὴ

2331 4177 2422 4235 οὖν
2454 4181 2670 4252 πρώτας
2714 4181 2810 4244 τὰς
2845 4182 2949 4235 τῶν
2993 4184 3246 4237 ἀνωτάτω
3278 4183 3657 4253 βασιλευόντων
3694 4180 3839 4249 ψυχὰς

2334 4272 2717 4342 προελόμενος,
2760 4272 2865 4327 τῶν
2906 4275 3002 4344 μὲν
3038 4275 3307 4328 δυσσεὸὦν
3333 4276 3425 4327 καὶ¹
3456 4273 3699 4343 ὀλεθρίων
3728 4271 3839 4324 πάν·

691 4356 1015 4410 exleriorum
1061 4358 1293 4423 speciem
1328 4358 1629 4411 attendunt.
1672 4354 1930 4412 Omnibus
1968 4375 2095 4414 vero
2122 4363 2227 4416 mi-

2341 4377 2437 4413 των
2462 4401 2475 4425 ,
2507 4360 2683 4413 αὐτῶν
2711 4378 2768 4413 τε
2798 4362 2903 4415 τῶν
2933 4362 3115 4416 δεινῶν
3148 4363 3242 4415 καὶ
3274 4359 3539 4431 θεομισῶν
3579 4361 3836 4431 τυράννων,

692 4446 893 4502 raculis
930 4446 1251 4501 mirabiliora
1287 4450 1450 4521 384
1492 4458 1614 4505 sunt
1656 4449 1983 4517 archetypa,
2018 4461 2071 4504 ει
2112 4454 2225 4520 ιιι-ί-

692 4540 890 4593 mitivm
932 4551 1114 4590 eorum
1164 4539 1458 4609 imagines,
1498 4540 1761 4612 spiritalia
1808 4538 2023 4607 Deoque
2071 4542 2228 4611 digna

758 4677 807 4709 ”
839 4675 940 4729 lsa.
974 4688 1083 4737 uv,
1121 4673 1232 4731 4-8.

760 4806 1276 4877 (52)ηΑὐτονοερὰν
1300 4812 1531 4867 οὐσίαν.
1566 4814 1656 4869 Sic
1680 4813 1907 4867 animam
1940 4813 2225 4871 humanam

693 4876 844 4933 voeal
874 4876 1153 4949 Eusebius.
1186 4882 1324 4949 quod
1362 4883 1430 4933 sit
1462 4898 1554 4949 per
1578 4900 1635 4938 se
1674 4894 1728 4937 et
1755 4894 1943 4936 natura
1998 4899 2092 4936 sua
2144 4886 2227 4937 in-

693 4948 951 5024 lelligellst
1016 4945 1475 5024 Sic_phi_losopbi'
1518 4954 1707 5024 νοεράς
1775 4952 1959 5024 οὐσίας
2023 4963 2225 5024 vocant

694 5015 1016 5091 substantias
1034 5016 1345 5091 “spiritales,
1372 5034 1502 5085 quas
1534 5015 1689 5091 vulgo
1724 5015 2105 5091 intelligentias
2133 5037 2223 5073 vo-

694 5100 893 5139 ramus.
924 5087 992 5136 At
1026 5084 1539 5159 Cbristophorsonus
1566 5084 1751 5159 νοὲράν
1818 5084 1956 5145 idem
2020 5092 2223 5159 putavit

694 5169 807 5207 esse
842 5168 906 5207 ac
962 5155 1185 5223 νοητήν,
1242 5158 1385 5222 gravi
1442 5155 1786 5214 errorefSic
1824 5162 1965 5215 enim
2020 5155 2220 5212 vertit:

699 5242 715 5271 ι
745 5225 1107 5299 substantiam
1133 5224 1242 5299 sola
1280 5223 1861 5299 mentis__intelligentiae
1882 5230 2221 5299 cognitamiei

695 5292 953 5368 tribuens.
968 5294 1151 5368 ratqui
1175 5306 1422 5368 magnum
1443 5292 1725 5368 discrimEn
1756 5311 1837 5351 est
1860 5292 1999 5352 intér
2012 5298 2220 5368 νοητόν,

694 5362 743 5431 id
777 5370 878 5421 est,
910 5362 1261 5430 intelligibile,
1283 5371 1337 5431 et
1357 5362 1700 5431 voepév,quod
1728 5376 1807 5421 est
1838 5362 2217 5423 intellectuale.

695 5430 822 5480 Nam
841 5431 1110 5503 pliimmra
1160 5430 1309 5503 verbi
1339 5430 1533 5500 gratia,
1571 5443 1623 5483 et
1654 5435 1951 5503 hujusmodi
2009 5435 2221 5489 intelle-

694 5508 806 5575 ειυς.
835 5498 1103 5567 ﬁgmenta,
1137 5500 1315 5575 νοητάΔ
1346 5498 1815 5575 ἧιιιιιειεεᾱ-νοέρά
1863 5520 2217 5575 nequaquam.

695 5562 897 5642 Baden?
911 5583 1023 5642 vox
1040 5562 1278 5624 occurrit
1304 5570 1463 5623 intra.
1490 5562 1774 5642 Nebridius
1809 5576 1861 5628 in
1899 5562 2123 5642 epistola
2150 5575 2213 5629 7|

696 5634 762 5684 ad
808 5634 1157 5702 Augustinum
1226 5650 1511 5707 utrumque
1580 5640 1778 5708 optime
1843 5634 2090 5699 dislinxit
2136 5645 2221 5700 bis

2330 4452 2430 4521 τὴν
2454 4452 2769 4524 οίκουμένην
2800 4454 3009 4507 ἃπασαν
3037 4454 3101 4505 δι’
3125 4452 3300 4506 αὐτῶν
3326 4452 3434 4504 τῶν
3456 4450 3835 4521 θεοφιλεστάτων

2334 4542 2665 4613 ἐκαθήρατο,
2707 4540 2823 4597 εἶτα
2865 4546 2920 4599 δὲ
2963 4546 3087 4607 τοὺς
3127 4540 3273 4612 αὑτῷ
3314 4541 3612 4613 γνωρίμους
3648 4544 3833 4615 ἄνδρας,

1306 4678 1351 4712 ’⁸
1380 4678 1481 4734 lsa.
1519 4696 1593 4745 ιι,
1629 4679 1829 4747 Ποὲὄς
1856 4695 1963 4745 ιιι,
2004 4682 2119 4735 {-2.
2186 4685 2233 4716 "
2267 4684 2367 4739 lsa.
2396 4699 2539 4748 xux,
2568 4683 2749 4742 18ιὲ1.

2330 4823 2531 4877 verbis.
2578 4822 2762 4876 Potest
2814 4821 2954 4875 enim
2999 4820 3437 4888 quemadmodum
3491 4819 3828 4878 intellectualis

2332 4894 2539 4947 animus
2566 4893 2631 4945 ad
2666 4889 3013 4959 intelligibilia
3046 4903 3142 4943 sua
3173 4892 3393 4945 videnda
3424 4907 3458 4947 a
3488 4908 3643 4949 sensu
3668 4894 3827 4949 admo-

2330 4970 2508 5021 netur,
2532 4972 2637 5015 CIC.

2398 5030 2509 5097 (33)
2557 5029 3077 5100 Διαφθονουιιᾴνοις
3132 5027 3584 5100 ἀπελήλετκται.
3647 5031 3730 5084 Sic
3755 5027 3822 5100 _i_n

2328 5096 3027 5171 podd,’uedi¢;eohet_'ua_z.
3060 5096 3317 5171 scribitur
3351 5096 3449 5169 pro
3480 5102 3620 5171 vulg.
3656 5096 3822 5171 ἀπολέ-

2325 5166 2557 5225 λειπται.
2593 5168 2739 5232 Quod
2772 5165 2903 5218 Rob.
2960 5166 3260 5234 Stephanus
3296 5165 3663 5225 ad'notaveFat.
3690 5167 3823 5221 Eam-

2319 5238 2436 5356 delm
2470 5250 2681 5306 quoque
2716 5236 3035 5303 scripturam
3061 5233 3239 5293 habet
3265 5243 3437 5294 codex
3482 5233 3613 5293 Fuk.
3643 5249 3695 5293 et
3742 5236 3821 5289 Sa-

2318 5316 2369 5356 vi
2398 5342 2412 5355 .

2386 5375 2495 5453 (ξίὀ)
2510 5372 3128 5453 Πεξυρακτωμέιςοις...
3440 5375 3682 5453 lntelligit
3707 5369 3818 5453 mal:

2318 5440 2503 5515 Icelos,
2535 5454 2589 5515 et
2615 5440 2913 5515 hujuslnodi
2940 5440 3291 5515 incendiaria
3322 5447 3471 5515 tela,
3505 5455 3565 5500 ut
3610 5440 3820 5515 inquit!!!

2315 5505 2497 5564 Amm.
2538 5505 2897 5566 Narcisllinus.
2924 5512 3119 5570 Alludit
3159 5514 3334 5570 autem
3389 5505 3468 5570 σθ’
3486 5506 3665 5570 locum
3682 5505 3816 5565 "Pauli

2318 5581 2566 5651 apostoli,
2606 5580 2695 5647 qui
2723 5580 2934 5638 Satauze
2988 5585 3170 5641 tribuit
3211 5586 3315 5642 tela
3360 5583 3600 5643 ardentia
3646 5580 3815 5651 quibus

2317 5649 2557 5704 homines
2579 5660 2869 5719 oppugnat.
