  <div class='ocr_page' id='page_1' title='image "/cluster/home/n/w/nwhite01/storage/ocr_20150623/20/pst.000005712052/447.png"; bbox 0 0 3954 6346; ppageno 0'>
   <div class='ocr_carea' id='block_1_1' title="bbox 751 316 858 376">
    <p class='ocr_par' dir='ltr' id='par_1_1' title="bbox 751 316 858 376">
     <span class='ocr_line' id='line_1_1' title="bbox 751 316 858 376; baseline 0.009 -1"><span class='ocrx_word' id='word_1_1' title='bbox 751 316 858 376; x_wconf 72' lang='grc'><strong>879</strong></span> 
     </span>
    </p>
   </div>
   <div class='ocr_carea' id='block_1_2' title="bbox 1444 251 2310 366">
    <p class='ocr_par' dir='ltr' id='par_1_2' title="bbox 1444 297 2310 366">
     <span class='ocr_line' id='line_1_2' title="bbox 1444 297 2310 366; baseline -0.01 -4"><span class='ocrx_word' id='word_1_2' title='bbox 1444 306 1712 366; x_wconf 80' lang='lat' dir='ltr'><strong>EUSEBII</strong></span> <span class='ocrx_word' id='word_1_3' title='bbox 1745 297 2216 359; x_wconf 64' lang='lat' dir='ltr'><strong>CESARIENSIS</strong></span> <span class='ocrx_word' id='word_1_4' title='bbox 2252 298 2310 355; x_wconf 90' lang='lat' dir='ltr'><strong>Ol</strong></span> 
     </span>
    </p>
   </div>
   <div class='ocr_carea' id='block_1_3' title="bbox 2408 251 3907 366">
    <p class='ocr_par' dir='ltr' id='par_1_3' title="bbox 2442 251 3907 352">
     <span class='ocr_line' id='line_1_3' title="bbox 2442 251 3907 352; baseline -0.003 0"><span class='ocrx_word' id='word_1_5' title='bbox 2442 296 2621 352; x_wconf 82' lang='lat' dir='ltr'><strong>PARS</strong></span> <span class='ocrx_word' id='word_1_6' title='bbox 2655 296 2697 352; x_wconf 83' lang='grc' dir='ltr'>ι.</span> <span class='ocrx_word' id='word_1_7' title='bbox 2735 328 2803 336; x_wconf 86' lang='grc'><strong><em>--</em></strong></span> <span class='ocrx_word' id='word_1_8' title='bbox 2840 251 3223 352; x_wconf 67' lang='grc' dir='ltr'>ΠιετοιιιεᾸ.</span> <span class='ocrx_word' id='word_1_9' title='bbox 3833 293 3907 347; x_wconf 72' lang='grc' dir='ltr'><strong>εει</strong></span> 
     </span>
    </p>
   </div>
   <div class='ocr_carea' id='block_1_4' title="bbox 753 407 2310 497">
    <p class='ocr_par' dir='ltr' id='par_1_4' title="bbox 753 415 2293 497">
     <span class='ocr_line' id='line_1_4' title="bbox 753 415 2293 497; baseline -0.012 -8"><span class='ocrx_word' id='word_1_10' title='bbox 753 436 958 497; x_wconf 69' lang='lat' dir='ltr'><strong>divise,</strong></span> <span class='ocrx_word' id='word_1_11' title='bbox 987 439 1044 486; x_wconf 88' lang='lat' dir='ltr'><strong>et</strong></span> <span class='ocrx_word' id='word_1_12' title='bbox 1080 429 1308 497; x_wconf 74' lang='lat' dir='ltr'><strong>singulis</strong></span> <span class='ocrx_word' id='word_1_13' title='bbox 1344 425 1642 480; x_wconf 73' lang='lat' dir='ltr'><strong>insidentes</strong></span> <span class='ocrx_word' id='word_1_14' title='bbox 1670 428 2052 491; x_wconf 81' lang='lat' dir='ltr'><strong>apparuerunt.</strong></span> <span class='ocrx_word' id='word_1_15' title='bbox 2091 415 2293 472; x_wconf 74' lang='lat' dir='ltr'><strong>Verum</strong></span> 
     </span>
    </p>
   </div>
   <div class='ocr_carea' id='block_1_5' title="bbox 2408 407 3912 497">
    <p class='ocr_par' dir='ltr' id='par_1_5' title="bbox 2408 407 3912 486">
     <span class='ocr_line' id='line_1_5' title="bbox 2408 407 3912 486; baseline -0.021 0"><span class='ocrx_word' id='word_1_16' title='bbox 2408 414 2547 486; x_wconf 71' lang='grc' dir='ltr'><strong>ἡμῶν</strong></span> <span class='ocrx_word' id='word_1_17' title='bbox 2595 413 2691 478; x_wconf 66' lang='grc' dir='ltr'><strong>τὰς</strong></span> <span class='ocrx_word' id='word_1_18' title='bbox 2733 414 2964 484; x_wconf 80' lang='grc' dir='ltr'><strong>ἀνομίας</strong></span> <span class='ocrx_word' id='word_1_19' title='bbox 3006 413 3190 483; x_wconf 73' lang='grc' dir='ltr'>ἡμῶν·</span> <span class='ocrx_word' id='word_1_20' title='bbox 3233 411 3412 473; x_wconf 81' lang='grc' dir='ltr'>καθὼς</span> <span class='ocrx_word' id='word_1_21' title='bbox 3468 407 3724 480; x_wconf 75' lang='grc' dir='ltr'>οἱκτείρει</span> <span class='ocrx_word' id='word_1_22' title='bbox 3771 409 3912 477; x_wconf 67' lang='grc' dir='ltr'>πατὴρ</span> 
     </span>
    </p>
   </div>
   <div class='ocr_carea' id='block_1_6' title="bbox 752 508 2296 594">
    <p class='ocr_par' dir='ltr' id='par_1_6' title="bbox 752 508 2296 594">
     <span class='ocr_line' id='line_1_6' title="bbox 752 508 2296 594; baseline -0.013 -14"><span class='ocrx_word' id='word_1_23' title='bbox 752 528 809 581; x_wconf 92' lang='lat' dir='ltr'><strong>in</strong></span> <span class='ocrx_word' id='word_1_24' title='bbox 854 527 972 594; x_wconf 86' lang='lat' dir='ltr'><strong>ipso</strong></span> <span class='ocrx_word' id='word_1_25' title='bbox 1007 523 1226 592; x_wconf 76' lang='lat' dir='ltr'><strong>quidem</strong></span> <span class='ocrx_word' id='word_1_26' title='bbox 1263 517 1506 574; x_wconf 90' lang='lat' dir='ltr'><strong>omnium</strong></span> <span class='ocrx_word' id='word_1_27' title='bbox 1551 513 1793 582; x_wconf 81' lang='lat' dir='ltr'><strong>principe</strong></span> <span class='ocrx_word' id='word_1_28' title='bbox 1832 527 1896 565; x_wconf 91' lang='lat' dir='ltr'><strong>ac</strong></span> <span class='ocrx_word' id='word_1_29' title='bbox 1923 508 2176 580; x_wconf 65' lang='lat' dir='ltr'><strong>praeside,</strong></span> <span class='ocrx_word' id='word_1_30' title='bbox 2212 516 2296 561; x_wconf 88' lang='lat' dir='ltr'><strong>to-</strong></span> 
     </span>
    </p>
   </div>
   <div class='ocr_carea' id='block_1_7' title="bbox 757 597 2299 681">
    <p class='ocr_par' dir='ltr' id='par_1_7' title="bbox 757 597 2299 681">
     <span class='ocr_line' id='line_1_7' title="bbox 757 597 2299 681; baseline -0.014 -10"><span class='ocrx_word' id='word_1_31' title='bbox 757 627 867 681; x_wconf 72' lang='lat' dir='ltr'><strong>tas,</strong></span> <span class='ocrx_word' id='word_1_32' title='bbox 906 623 968 669; x_wconf 93' lang='lat' dir='ltr'><strong>ut</strong></span> <span class='ocrx_word' id='word_1_33' title='bbox 1005 610 1303 667; x_wconf 80' lang='lat' dir='ltr'><strong>verisimile</strong></span> <span class='ocrx_word' id='word_1_34' title='bbox 1328 614 1432 671; x_wconf 87' lang='lat' dir='ltr'><strong>est,</strong></span> <span class='ocrx_word' id='word_1_35' title='bbox 1466 605 1664 658; x_wconf 82' lang='lat' dir='ltr'><strong>insi-let</strong></span> <span class='ocrx_word' id='word_1_36' title='bbox 1693 601 1956 658; x_wconf 77' lang='lat' dir='ltr'><strong>Christus.</strong></span> <span class='ocrx_word' id='word_1_37' title='bbox 1989 597 2045 650; x_wconf 87' lang='lat' dir='ltr'><strong>lu</strong></span> <span class='ocrx_word' id='word_1_38' title='bbox 2075 600 2141 652; x_wconf 93' lang='lat' dir='ltr'><strong>iis</strong></span> <span class='ocrx_word' id='word_1_39' title='bbox 2171 611 2299 650; x_wconf 85' lang='lat' dir='ltr'><strong>vero</strong></span> 
     </span>
    </p>
   </div>
   <div class='ocr_carea' id='block_1_8' title="bbox 757 683 2302 779">
    <p class='ocr_par' dir='ltr' id='par_1_8' title="bbox 757 683 2302 779">
     <span class='ocr_line' id='line_1_8' title="bbox 757 683 2302 779; baseline -0.014 -16"><span class='ocrx_word' id='word_1_40' title='bbox 757 711 850 779; x_wconf 85' lang='lat' dir='ltr'><strong>qui</strong></span> <span class='ocrx_word' id='word_1_41' title='bbox 887 708 1183 762; x_wconf 83' lang='lat' dir='ltr'><strong>secundum</strong></span> <span class='ocrx_word' id='word_1_42' title='bbox 1211 701 1494 772; x_wconf 72' lang='lat' dir='ltr'><strong>dignitatis</strong></span> <span class='ocrx_word' id='word_1_43' title='bbox 1524 683 1702 753; x_wconf 77' lang='lat' dir='ltr'><strong>locum</strong></span> <span class='ocrx_word' id='word_1_44' title='bbox 1737 696 2003 759; x_wconf 89' lang='lat' dir='ltr'><strong>obtinent,</strong></span> <span class='ocrx_word' id='word_1_45' title='bbox 2034 701 2302 762; x_wconf 84' lang='lat' dir='ltr'><strong>quatenus</strong></span> 
     </span>
    </p>
   </div>
   <div class='ocr_carea' id='block_1_9' title="bbox 758 780 2304 871">
    <p class='ocr_par' dir='ltr' id='par_1_9' title="bbox 758 780 2304 871">
     <span class='ocr_line' id='line_1_9' title="bbox 758 780 2304 871; baseline -0.014 -18"><span class='ocrx_word' id='word_1_46' title='bbox 758 803 988 871; x_wconf 90' lang='lat' dir='ltr'><strong>quisque</strong></span> <span class='ocrx_word' id='word_1_47' title='bbox 1034 797 1316 866; x_wconf 81' lang='lat' dir='ltr'><strong>dispertita</strong></span> <span class='ocrx_word' id='word_1_48' title='bbox 1356 791 1574 846; x_wconf 83' lang='lat' dir='ltr'><strong>virtutis</strong></span> <span class='ocrx_word' id='word_1_49' title='bbox 1616 787 1816 842; x_wconf 77' lang='lat' dir='ltr'><strong>Christi</strong></span> <span class='ocrx_word' id='word_1_50' title='bbox 1855 784 2135 850; x_wconf 77' lang='lat' dir='ltr'><strong>sanctique</strong></span> <span class='ocrx_word' id='word_1_51' title='bbox 2180 780 2304 848; x_wconf 86' lang='lat' dir='ltr'><strong>Spi-</strong></span> 
     </span>
    </p>
   </div>
   <div class='ocr_carea' id='block_1_10' title="bbox 760 878 2306 956">
    <p class='ocr_par' dir='ltr' id='par_1_10' title="bbox 760 878 2306 956">
     <span class='ocr_line' id='line_1_10' title="bbox 760 878 2306 956; baseline -0.018 -7"><span class='ocrx_word' id='word_1_52' title='bbox 760 898 898 949; x_wconf 83' lang='lat' dir='ltr'><strong>ritus</strong></span> <span class='ocrx_word' id='word_1_53' title='bbox 935 894 1077 946; x_wconf 84' lang='lat' dir='ltr'><strong>dona</strong></span> <span class='ocrx_word' id='word_1_54' title='bbox 1121 902 1319 956; x_wconf 78' lang='lat' dir='ltr'><strong>capere</strong></span> <span class='ocrx_word' id='word_1_55' title='bbox 1356 890 1553 953; x_wconf 85' lang='lat' dir='ltr'><strong>potest.</strong></span> <span class='ocrx_word' id='word_1_56' title='bbox 1598 878 1869 934; x_wconf 89' lang='lat' dir='ltr'><strong>Subsellia</strong></span> <span class='ocrx_word' id='word_1_57' title='bbox 1902 888 2115 943; x_wconf 90' lang='lat' dir='ltr'><strong>quoque</strong></span> <span class='ocrx_word' id='word_1_58' title='bbox 2143 885 2306 939; x_wconf 79' lang='lat' dir='ltr'><strong>ange-</strong></span> 
     </span>
    </p>
   </div>
   <div class='ocr_carea' id='block_1_11' title="bbox 760 961 2308 1048">
    <p class='ocr_par' dir='ltr' id='par_1_11' title="bbox 760 961 2308 1048">
     <span class='ocr_line' id='line_1_11' title="bbox 760 961 2308 1048; baseline -0.018 -7"><span class='ocrx_word' id='word_1_59' title='bbox 760 988 935 1040; x_wconf 86' lang='lat' dir='ltr'><strong>lorum</strong></span> <span class='ocrx_word' id='word_1_60' title='bbox 964 994 1091 1038; x_wconf 86' lang='lat' dir='ltr'><strong>sunt</strong></span> <span class='ocrx_word' id='word_1_61' title='bbox 1128 977 1484 1048; x_wconf 88' lang='lat' dir='ltr'><strong>quorumdam</strong></span> <span class='ocrx_word' id='word_1_62' title='bbox 1517 973 1732 1035; x_wconf 67' lang='lat' dir='ltr'><strong>animai,</strong></span> <span class='ocrx_word' id='word_1_63' title='bbox 1767 981 1991 1037; x_wconf 88' lang='lat' dir='ltr'><strong>quorum</strong></span> <span class='ocrx_word' id='word_1_64' title='bbox 2038 961 2308 1017; x_wconf 81' lang='lat' dir='ltr'><strong>in‘stitutio</strong></span> 
     </span>
    </p>
   </div>
   <div class='ocr_carea' id='block_1_12' title="bbox 762 1060 2310 1133">
    <p class='ocr_par' dir='ltr' id='par_1_12' title="bbox 762 1060 2310 1133">
     <span class='ocr_line' id='line_1_12' title="bbox 762 1060 2310 1133; baseline -0.016 0"><span class='ocrx_word' id='word_1_65' title='bbox 762 1091 819 1133; x_wconf 90' lang='lat' dir='ltr'><strong>et</strong></span> <span class='ocrx_word' id='word_1_66' title='bbox 873 1074 1120 1131; x_wconf 90' lang='lat' dir='ltr'><strong>custodia</strong></span> <span class='ocrx_word' id='word_1_67' title='bbox 1174 1071 1283 1124; x_wconf 85' lang='lat' dir='ltr'><strong>illis</strong></span> <span class='ocrx_word' id='word_1_68' title='bbox 1323 1065 1643 1122; x_wconf 82' lang='lat' dir='ltr'><strong>demandata</strong></span> <span class='ocrx_word' id='word_1_69' title='bbox 1685 1068 1786 1114; x_wconf 87' lang='lat' dir='ltr'><strong>est.</strong></span> <span class='ocrx_word' id='word_1_70' title='bbox 1837 1060 2135 1128; x_wconf 78' lang='lat' dir='ltr'><strong>Augustum</strong></span> <span class='ocrx_word' id='word_1_71' title='bbox 2178 1068 2310 1108; x_wconf 84' lang='lat' dir='ltr'><strong>vero</strong></span> 
     </span>
    </p>
   </div>
   <div class='ocr_carea' id='block_1_13' title="bbox 762 1147 2307 1239">
    <p class='ocr_par' dir='ltr' id='par_1_13' title="bbox 762 1147 2307 1239">
     <span class='ocr_line' id='line_1_13' title="bbox 762 1147 2307 1239; baseline -0.018 -15"><span class='ocrx_word' id='word_1_72' title='bbox 762 1179 1130 1239; x_wconf 82' lang='lat' dir='ltr'><strong>magnumque</strong></span> <span class='ocrx_word' id='word_1_73' title='bbox 1158 1172 1218 1217; x_wconf 90' lang='lat' dir='ltr'><strong>et</strong></span> <span class='ocrx_word' id='word_1_74' title='bbox 1247 1161 1464 1215; x_wconf 89' lang='lat' dir='ltr'><strong>unicum</strong></span> <span class='ocrx_word' id='word_1_75' title='bbox 1507 1156 1679 1210; x_wconf 91' lang='lat' dir='ltr'><strong>altare</strong></span> <span class='ocrx_word' id='word_1_76' title='bbox 1710 1151 1981 1239; x_wconf 85' lang='lat' dir='ltr'><strong>quodnam</strong></span> <span class='ocrx_word' id='word_1_77' title='bbox 2017 1147 2160 1239; x_wconf 79' lang='lat' dir='ltr'><strong>aliud</strong></span> <span class='ocrx_word' id='word_1_78' title='bbox 2205 1152 2307 1207; x_wconf 89' lang='lat' dir='ltr'><strong>est,</strong></span> 
     </span>
    </p>
   </div>
   <div class='ocr_carea' id='block_1_14' title="bbox 767 1233 2314 1328">
    <p class='ocr_par' dir='ltr' id='par_1_14' title="bbox 767 1233 2314 1328">
     <span class='ocr_line' id='line_1_14' title="bbox 767 1233 2314 1328; baseline -0.019 -16"><span class='ocrx_word' id='word_1_79' title='bbox 767 1233 929 1328; x_wconf 60' lang='lat' dir='ltr'><strong>quam</strong></span> <span class='ocrx_word' id='word_1_80' title='bbox 969 1233 1165 1308; x_wconf 88' lang='lat' dir='ltr'><strong>summi</strong></span> <span class='ocrx_word' id='word_1_81' title='bbox 1224 1249 1466 1304; x_wconf 91' lang='lat' dir='ltr'><strong>omnium</strong></span> <span class='ocrx_word' id='word_1_82' title='bbox 1511 1238 1804 1298; x_wconf 80' lang='lat' dir='ltr'><strong>sacerdotis</strong></span> <span class='ocrx_word' id='word_1_83' title='bbox 1842 1233 2127 1304; x_wconf 87' lang='lat' dir='ltr'><strong>purissima</strong></span> <span class='ocrx_word' id='word_1_84' title='bbox 2159 1244 2314 1284; x_wconf 90' lang='lat' dir='ltr'><strong>mens</strong></span> 
     </span>
    </p>
   </div>
   <div class='ocr_carea' id='block_1_15' title="bbox 763 1321 2309 1418">
    <p class='ocr_par' dir='ltr' id='par_1_15' title="bbox 763 1321 2309 1418">
     <span class='ocr_line' id='line_1_15' title="bbox 763 1321 2309 1418; baseline -0.022 -14"><span class='ocrx_word' id='word_1_85' title='bbox 763 1321 1095 1418; x_wconf 77' lang='lat' dir='ltr'><strong>prorsusque</strong></span> <span class='ocrx_word' id='word_1_86' title='bbox 1130 1343 1392 1396; x_wconf 89' lang='lat' dir='ltr'><strong>Sanctum</strong></span> <span class='ocrx_word' id='word_1_87' title='bbox 1411 1344 1720 1390; x_wconf 87' lang='lat' dir='ltr'><strong>sanctorum</strong></span> <span class='ocrx_word' id='word_1_88' title='bbox 1749 1328 1774 1380; x_wconf 68' lang='grc' dir='ltr'><em>ἲ</em></span> <span class='ocrx_word' id='word_1_89' title='bbox 1812 1325 1912 1380; x_wconf 87' lang='lat' dir='ltr'><strong>Cui</strong></span> <span class='ocrx_word' id='word_1_90' title='bbox 1948 1323 2137 1377; x_wconf 79' lang='lat' dir='ltr'><strong>dexter</strong></span> <span class='ocrx_word' id='word_1_91' title='bbox 2175 1321 2309 1373; x_wconf 89' lang='lat' dir='ltr'><strong>assi-</strong></span> 
     </span>
    </p>
   </div>
   <div class='ocr_carea' id='block_1_16' title="bbox 767 1409 2315 1494">
    <p class='ocr_par' dir='ltr' id='par_1_16' title="bbox 767 1409 2315 1494">
     <span class='ocr_line' id='line_1_16' title="bbox 767 1409 2315 1494; baseline -0.021 0"><span class='ocrx_word' id='word_1_92' title='bbox 767 1409 919 1494; x_wconf 73' lang='lat' dir='ltr'><strong>stens</strong></span> <span class='ocrx_word' id='word_1_93' title='bbox 960 1409 1230 1489; x_wconf 71' lang='lat' dir='ltr'><strong>maximus</strong></span> <span class='ocrx_word' id='word_1_94' title='bbox 1260 1429 1354 1483; x_wconf 91' lang='lat' dir='ltr'><strong>ille</strong></span> <span class='ocrx_word' id='word_1_95' title='bbox 1397 1424 1639 1480; x_wconf 85' lang='lat' dir='ltr'><strong>omnium</strong></span> <span class='ocrx_word' id='word_1_96' title='bbox 1689 1418 1968 1480; x_wconf 79' lang='lat' dir='ltr'><strong>Pontifex,</strong></span> <span class='ocrx_word' id='word_1_97' title='bbox 2006 1415 2121 1482; x_wconf 90' lang='lat' dir='ltr'><strong>ipse</strong></span> <span class='ocrx_word' id='word_1_98' title='bbox 2165 1409 2315 1465; x_wconf 84' lang='lat' dir='ltr'><strong>scili-</strong></span> 
     </span>
    </p>
   </div>
   <div class='ocr_carea' id='block_1_17' title="bbox 765 1498 2315 1590">
    <p class='ocr_par' dir='ltr' id='par_1_17' title="bbox 765 1498 2315 1590">
     <span class='ocr_line' id='line_1_17' title="bbox 765 1498 2315 1590; baseline -0.023 -5"><span class='ocrx_word' id='word_1_99' title='bbox 765 1540 856 1584; x_wconf 86' lang='lat' dir='ltr'><strong>cet</strong></span> <span class='ocrx_word' id='word_1_100' title='bbox 903 1528 1060 1582; x_wconf 67' lang='lat' dir='ltr'><strong>Iesus</strong></span> <span class='ocrx_word' id='word_1_101' title='bbox 1083 1521 1389 1590; x_wconf 81' lang='lat' dir='ltr'><strong>unigenitus</strong></span> <span class='ocrx_word' id='word_1_102' title='bbox 1440 1516 1534 1571; x_wconf 87' lang='lat' dir='ltr'><strong>Dei</strong></span> <span class='ocrx_word' id='word_1_103' title='bbox 1576 1512 1769 1572; x_wconf 79' lang='lat' dir='ltr'><strong>Filius,</strong></span> <span class='ocrx_word' id='word_1_104' title='bbox 1826 1504 2202 1560; x_wconf 91' lang='lat' dir='ltr'><strong>suavissimum</strong></span> <span class='ocrx_word' id='word_1_105' title='bbox 2247 1498 2315 1551; x_wconf 91' lang='lat' dir='ltr'><strong>ab</strong></span> 
     </span>
    </p>
   </div>
   <div class='ocr_carea' id='block_1_18' title="bbox 2397 500 3911 574">
    <p class='ocr_par' dir='ltr' id='par_1_18' title="bbox 2397 500 3911 574">
     <span class='ocr_line' id='line_1_18' title="bbox 2397 500 3911 574; baseline 0.005 -18"><span class='ocrx_word' id='word_1_106' title='bbox 2397 506 2544 567; x_wconf 75' lang='grc' dir='ltr'>υἱοὺς</span> <span class='ocrx_word' id='word_1_107' title='bbox 2597 503 2785 566; x_wconf 72' lang='grc' dir='ltr'>αὑτοῦ,</span> <span class='ocrx_word' id='word_1_108' title='bbox 2830 503 3136 574; x_wconf 80' lang='grc' dir='ltr'>ᾠκτείρησε</span> <span class='ocrx_word' id='word_1_109' title='bbox 3182 502 3383 572; x_wconf 79' lang='grc' dir='ltr'>Κύριος</span> <span class='ocrx_word' id='word_1_110' title='bbox 3427 503 3556 564; x_wconf 80' lang='grc' dir='ltr'>τοὺς</span> <span class='ocrx_word' id='word_1_111' title='bbox 3596 500 3911 569; x_wconf 69' lang='grc' dir='ltr'>φώωμένως</span> 
     </span>
    </p>
   </div>
   <div class='ocr_carea' id='block_1_19' title="bbox 2397 587 3916 661">
    <p class='ocr_par' dir='ltr' id='par_1_19' title="bbox 2397 587 3916 661">
     <span class='ocr_line' id='line_1_19' title="bbox 2397 587 3916 661; baseline -0.005 -12"><span class='ocrx_word' id='word_1_112' title='bbox 2397 596 2576 649; x_wconf 86' lang='grc' dir='ltr'>αὐτόν.</span> <span class='ocrx_word' id='word_1_113' title='bbox 2601 615 2621 645; x_wconf 78' lang='grc' dir='ltr'><strong>ι</strong></span> <span class='ocrx_word' id='word_1_114' title='bbox 2651 595 2837 648; x_wconf 82' lang='grc' dir='ltr'>Ταῦτα</span> <span class='ocrx_word' id='word_1_115' title='bbox 2878 597 2972 648; x_wconf 77' lang='grc' dir='ltr'>καὶ</span> <span class='ocrx_word' id='word_1_116' title='bbox 3011 594 3108 650; x_wconf 75' lang='grc' dir='ltr'>νῦν</span> <span class='ocrx_word' id='word_1_117' title='bbox 3152 595 3246 649; x_wconf 79' lang='grc' dir='ltr'><strong>καὶ</strong></span> <span class='ocrx_word' id='word_1_118' title='bbox 3278 587 3371 657; x_wconf 63' lang='grc' dir='ltr'>εἰς’</span> <span class='ocrx_word' id='word_1_119' title='bbox 3389 593 3518 656; x_wconf 83' lang='grc' dir='ltr'>τοὺς</span> <span class='ocrx_word' id='word_1_120' title='bbox 3555 590 3682 661; x_wconf 75' lang='grc' dir='ltr'><strong>ἑξῆς</strong></span> <span class='ocrx_word' id='word_1_121' title='bbox 3717 589 3916 652; x_wconf 66' lang='grc' dir='ltr'>ἅπαντας</span> 
     </span>
    </p>
   </div>
   <div class='ocr_carea' id='block_1_20' title="bbox 2400 677 3916 762">
    <p class='ocr_par' dir='ltr' id='par_1_20' title="bbox 2400 677 3916 762">
     <span class='ocr_line' id='line_1_20' title="bbox 2400 677 3916 762; baseline -0.003 -19"><span class='ocrx_word' id='word_1_122' title='bbox 2400 677 2620 760; x_wconf 81' lang='grc' dir='ltr'>χρόνους</span> <span class='ocrx_word' id='word_1_123' title='bbox 2642 693 2764 754; x_wconf 85' lang='grc' dir='ltr'>ταῖς</span> <span class='ocrx_word' id='word_1_124' title='bbox 2794 692 3033 762; x_wconf 80' lang='grc' dir='ltr'><strong>μνήμαις</strong></span> <span class='ocrx_word' id='word_1_125' title='bbox 3052 690 3558 761; x_wconf 80' lang='grc' dir='ltr'><strong>ἀναζωπυροῦντες,</strong></span> <span class='ocrx_word' id='word_1_126' title='bbox 3584 688 3726 758; x_wconf 82' lang='grc' dir='ltr'>ἀτὰρ</span> <span class='ocrx_word' id='word_1_127' title='bbox 3749 688 3916 755; x_wconf 73' lang='grc' dir='ltr'>καὶτῆς</span> 
     </span>
    </p>
   </div>
   <div class='ocr_carea' id='block_1_21' title="bbox 2403 777 3916 852">
    <p class='ocr_par' dir='ltr' id='par_1_21' title="bbox 2403 777 3916 852">
     <span class='ocr_line' id='line_1_21' title="bbox 2403 777 3916 852; baseline -0.003 -20"><span class='ocrx_word' id='word_1_128' title='bbox 2403 781 2679 852; x_wconf 81' lang='grc' dir='ltr'><strong>παρούσης</strong></span> <span class='ocrx_word' id='word_1_129' title='bbox 2717 782 3072 851; x_wconf 80' lang='grc' dir='ltr'><strong>πανηγύρεως</strong></span> <span class='ocrx_word' id='word_1_130' title='bbox 3112 782 3207 835; x_wconf 73' lang='grc' dir='ltr'>καὶ</span> <span class='ocrx_word' id='word_1_131' title='bbox 3247 782 3348 850; x_wconf 81' lang='grc' dir='ltr'>τῆς</span> <span class='ocrx_word' id='word_1_132' title='bbox 3377 780 3610 850; x_wconf 71' lang='grc' dir='ltr'>φαιδρᾶς</span> <span class='ocrx_word' id='word_1_133' title='bbox 3639 777 3829 847; x_wconf 78' lang='grc' dir='ltr'><strong>ταύτης</strong></span> <span class='ocrx_word' id='word_1_134' title='bbox 3850 781 3916 829; x_wconf 65' lang='grc' dir='ltr'>καὶ</span> 
     </span>
    </p>
   </div>
   <div class='ocr_carea' id='block_1_22' title="bbox 2403 870 3912 945">
    <p class='ocr_par' dir='ltr' id='par_1_22' title="bbox 2403 870 3912 945">
     <span class='ocr_line' id='line_1_22' title="bbox 2403 870 3912 945; baseline 0.005 -21"><span class='ocrx_word' id='word_1_135' title='bbox 2403 872 2786 944; x_wconf 84' lang='grc' dir='ltr'><strong>λαμπροτάτης</strong></span> <span class='ocrx_word' id='word_1_136' title='bbox 2813 875 3022 945; x_wconf 76' lang='grc' dir='ltr'>ἡμέρας</span> <span class='ocrx_word' id='word_1_137' title='bbox 3047 874 3137 927; x_wconf 77' lang='grc' dir='ltr'><strong>τὸν</strong></span> <span class='ocrx_word' id='word_1_138' title='bbox 3161 875 3331 927; x_wconf 74' lang='grc' dir='ltr'>αἴτιον</span> <span class='ocrx_word' id='word_1_139' title='bbox 3361 874 3457 927; x_wconf 82' lang='grc' dir='ltr'><strong>καὶ</strong></span> <span class='ocrx_word' id='word_1_140' title='bbox 3495 870 3912 942; x_wconf 69' lang='grc' dir='ltr'>πανηγυριάρχην.</span> 
     </span>
    </p>
   </div>
   <div class='ocr_carea' id='block_1_23' title="bbox 2405 961 3915 1036">
    <p class='ocr_par' dir='ltr' id='par_1_23' title="bbox 2405 961 3915 1036">
     <span class='ocr_line' id='line_1_23' title="bbox 2405 961 3915 1036; baseline -0.002 -20"><span class='ocrx_word' id='word_1_141' title='bbox 2405 963 2621 1034; x_wconf 82' lang='grc' dir='ltr'><strong>νύκτωρ</strong></span> <span class='ocrx_word' id='word_1_142' title='bbox 2647 966 2739 1017; x_wconf 81' lang='grc' dir='ltr'><strong>καί</strong></span> <span class='ocrx_word' id='word_1_143' title='bbox 2769 965 3099 1036; x_wconf 79' lang='grc' dir='ltr'>μεθημέραν,</span> <span class='ocrx_word' id='word_1_144' title='bbox 3127 964 3214 1017; x_wconf 85' lang='grc' dir='ltr'>διὰ</span> <span class='ocrx_word' id='word_1_145' title='bbox 3239 965 3418 1035; x_wconf 83' lang='grc' dir='ltr'>πάσης</span> <span class='ocrx_word' id='word_1_146' title='bbox 3441 963 3590 1034; x_wconf 80' lang='grc' dir='ltr'>ὧρας</span> <span class='ocrx_word' id='word_1_147' title='bbox 3615 962 3710 1015; x_wconf 83' lang='grc' dir='ltr'><strong>καί</strong></span> <span class='ocrx_word' id='word_1_148' title='bbox 3727 961 3788 1013; x_wconf 86' lang='grc' dir='ltr'>δι’</span> <span class='ocrx_word' id='word_1_149' title='bbox 3806 962 3915 1028; x_wconf 74' lang='grc' dir='ltr'>ὅλης,</span> 
     </span>
    </p>
   </div>
   <div class='ocr_carea' id='block_1_24' title="bbox 2407 1050 3918 1132">
    <p class='ocr_par' dir='ltr' id='par_1_24' title="bbox 2407 1050 3918 1132">
     <span class='ocr_line' id='line_1_24' title="bbox 2407 1050 3918 1132; baseline -0.001 -26"><span class='ocrx_word' id='word_1_150' title='bbox 2407 1050 2483 1117; x_wconf 84' lang='grc' dir='ltr'>ὡς</span> <span class='ocrx_word' id='word_1_151' title='bbox 2507 1055 2698 1116; x_wconf 75' lang='grc' dir='ltr'>εἰπεῖν,</span> <span class='ocrx_word' id='word_1_152' title='bbox 2724 1056 3008 1132; x_wconf 19' lang='grc' dir='ltr'>’ἀναπνοῆς</span> <span class='ocrx_word' id='word_1_153' title='bbox 3036 1059 3094 1109; x_wconf 70' lang='grc' dir='ltr'>ὲν</span> <span class='ocrx_word' id='word_1_154' title='bbox 3121 1056 3196 1127; x_wconf 83' lang='grc' dir='ltr'>νῷ</span> <span class='ocrx_word' id='word_1_155' title='bbox 3232 1055 3621 1129; x_wconf 79' lang='grc' dir='ltr'><strong>προορώμενοι,</strong></span> <span class='ocrx_word' id='word_1_156' title='bbox 3655 1054 3918 1124; x_wconf 73' lang='grc' dir='ltr'><strong>στέργοντες</strong></span> 
     </span>
    </p>
   </div>
   <div class='ocr_carea' id='block_1_25' title="bbox 2409 1143 3916 1219">
    <p class='ocr_par' dir='ltr' id='par_1_25' title="bbox 2409 1143 3916 1219">
     <span class='ocr_line' id='line_1_25' title="bbox 2409 1143 3916 1219; baseline 0.004 -23"><span class='ocrx_word' id='word_1_157' title='bbox 2409 1146 2505 1197; x_wconf 77' lang='grc' dir='ltr'>καὶ</span> <span class='ocrx_word' id='word_1_158' title='bbox 2525 1144 2771 1208; x_wconf 77' lang='grc' dir='ltr'>σέϐοντες</span> <span class='ocrx_word' id='word_1_159' title='bbox 2791 1146 2966 1216; x_wconf 75' lang='grc' dir='ltr'>ψυχῆς</span> <span class='ocrx_word' id='word_1_160' title='bbox 2991 1147 3086 1219; x_wconf 79' lang='grc' dir='ltr'><strong>ὅλῃ</strong></span> <span class='ocrx_word' id='word_1_161' title='bbox 3111 1147 3354 1217; x_wconf 80' lang='grc' dir='ltr'><strong>δυνάμει,</strong></span> <span class='ocrx_word' id='word_1_162' title='bbox 3378 1148 3473 1199; x_wconf 73' lang='grc' dir='ltr'><strong>καὶ</strong></span> <span class='ocrx_word' id='word_1_163' title='bbox 3499 1144 3596 1198; x_wconf 82' lang='grc' dir='ltr'>νῦν</span> <span class='ocrx_word' id='word_1_164' title='bbox 3619 1143 3916 1204; x_wconf 72' lang='grc' dir='ltr'><strong>ἀναστάντες,</strong></span> 
     </span>
    </p>
   </div>
   <div class='ocr_carea' id='block_1_26' title="bbox 2416 1231 3921 1305">
    <p class='ocr_par' dir='ltr' id='par_1_26' title="bbox 2416 1231 3921 1305">
     <span class='ocr_line' id='line_1_26' title="bbox 2416 1231 3921 1305; baseline -0.001 -20"><span class='ocrx_word' id='word_1_165' title='bbox 2416 1232 2624 1303; x_wconf 79' lang='grc' dir='ltr'><strong>μεγάλῃ</strong></span> <span class='ocrx_word' id='word_1_166' title='bbox 2652 1233 2939 1296; x_wconf 81' lang='grc' dir='ltr'><strong>διαθέσεως</strong></span> <span class='ocrx_word' id='word_1_167' title='bbox 2964 1238 3112 1305; x_wconf 81' lang='grc' dir='ltr'>φωνῇ</span> <span class='ocrx_word' id='word_1_168' title='bbox 3141 1235 3631 1304; x_wconf 83' lang='grc' dir='ltr'>καθικετεύσωμεν,</span> <span class='ocrx_word' id='word_1_169' title='bbox 3658 1231 3734 1295; x_wconf 80' lang='grc' dir='ltr'><strong>ὡς</strong></span> <span class='ocrx_word' id='word_1_170' title='bbox 3757 1232 3815 1284; x_wconf 81' lang='grc' dir='ltr'><strong>ἂν</strong></span> <span class='ocrx_word' id='word_1_171' title='bbox 3848 1231 3921 1283; x_wconf 65' lang='grc' dir='ltr'>ὑπὸ</span> 
     </span>
    </p>
   </div>
   <div class='ocr_carea' id='block_1_27' title="bbox 2410 1324 3920 1396">
    <p class='ocr_par' dir='ltr' id='par_1_27' title="bbox 2410 1324 3920 1396">
     <span class='ocr_line' id='line_1_27' title="bbox 2410 1324 3920 1396; baseline -0.002 -19"><span class='ocrx_word' id='word_1_172' title='bbox 2410 1324 2509 1394; x_wconf 83' lang='grc' dir='ltr'><strong>τὴν</strong></span> <span class='ocrx_word' id='word_1_173' title='bbox 2534 1324 2701 1378; x_wconf 80' lang='grc' dir='ltr'>αὑτοῦ</span> <span class='ocrx_word' id='word_1_174' title='bbox 2734 1326 2968 1396; x_wconf 80' lang='grc' dir='ltr'>μάνδραν</span> <span class='ocrx_word' id='word_1_175' title='bbox 2992 1329 3072 1389; x_wconf 87' lang='grc' dir='ltr'>εἰς</span> <span class='ocrx_word' id='word_1_176' title='bbox 3104 1327 3252 1389; x_wconf 79' lang='grc' dir='ltr'>τέλος</span> <span class='ocrx_word' id='word_1_177' title='bbox 3274 1328 3423 1396; x_wconf 78' lang='grc' dir='ltr'><strong>ἡμᾶς</strong></span> <span class='ocrx_word' id='word_1_178' title='bbox 3460 1324 3749 1387; x_wconf 76' lang='grc' dir='ltr'>σκεπάζων</span> <span class='ocrx_word' id='word_1_179' title='bbox 3776 1324 3920 1377; x_wconf 64' lang='grc' dir='ltr'>διασώ-</span> 
     </span>
    </p>
   </div>
   <div class='ocr_carea' id='block_1_28' title="bbox 2416 1414 3919 1487">
    <p class='ocr_par' dir='ltr' id='par_1_28' title="bbox 2416 1414 3919 1487">
     <span class='ocr_line' id='line_1_28' title="bbox 2416 1414 3919 1487; baseline -0.002 -19"><span class='ocrx_word' id='word_1_180' title='bbox 2416 1415 2583 1479; x_wconf 81' lang='grc' dir='ltr'>ζοιτο,</span> <span class='ocrx_word' id='word_1_181' title='bbox 2627 1414 2724 1483; x_wconf 82' lang='grc' dir='ltr'>τὴν</span> <span class='ocrx_word' id='word_1_182' title='bbox 2761 1417 2890 1486; x_wconf 83' lang='grc' dir='ltr'>παρ’</span> <span class='ocrx_word' id='word_1_183' title='bbox 2920 1415 3084 1468; x_wconf 74' lang='grc' dir='ltr'>αὐτοῦ</span> <span class='ocrx_word' id='word_1_184' title='bbox 3125 1415 3399 1486; x_wconf 76' lang='grc' dir='ltr'>βραϐεύων</span> <span class='ocrx_word' id='word_1_185' title='bbox 3445 1416 3663 1487; x_wconf 66' lang='grc' dir='ltr'>ἀρραγῆ</span> <span class='ocrx_word' id='word_1_186' title='bbox 3709 1416 3795 1468; x_wconf 79' lang='grc' dir='ltr'><strong>καὶ</strong></span> <span class='ocrx_word' id='word_1_187' title='bbox 3820 1416 3919 1467; x_wconf 67' lang='grc' dir='ltr'>ἄσει-</span> 
     </span>
    </p>
   </div>
   <div class='ocr_carea' id='block_1_29' title="bbox 2417 1504 3919 1577">
    <p class='ocr_par' dir='ltr' id='par_1_29' title="bbox 2417 1504 3919 1577">
     <span class='ocr_line' id='line_1_29' title="bbox 2417 1504 3919 1577; baseline -0.001 -19"><span class='ocrx_word' id='word_1_188' title='bbox 2417 1522 2537 1558; x_wconf 78' lang='grc' dir='ltr'>στον</span> <span class='ocrx_word' id='word_1_189' title='bbox 2573 1504 2794 1558; x_wconf 77' lang='grc' dir='ltr'>αἰωνίαν</span> <span class='ocrx_word' id='word_1_190' title='bbox 2827 1508 3066 1576; x_wconf 80' lang='grc' dir='ltr'>εἰρήνην,</span> <span class='ocrx_word' id='word_1_191' title='bbox 3096 1507 3153 1557; x_wconf 82' lang='grc' dir='ltr'>ὲν</span> <span class='ocrx_word' id='word_1_192' title='bbox 3185 1506 3402 1577; x_wconf 84' lang='grc' dir='ltr'>Χριστῷ</span> <span class='ocrx_word' id='word_1_193' title='bbox 3438 1506 3611 1576; x_wconf 78' lang='grc' dir='ltr'>Ἰησοῦ</span> <span class='ocrx_word' id='word_1_194' title='bbox 3757 1505 3919 1574; x_wconf 78' lang='grc' dir='ltr'>Σωτῆρι</span> 
     </span>
    </p>
   </div>
   <div class='ocr_carea' id='block_1_30' title="bbox 727 1587 2310 1676">
    <p class='ocr_par' dir='ltr' id='par_1_30' title="bbox 727 1587 2310 1676">
     <span class='ocr_line' id='line_1_30' title="bbox 727 1587 2310 1676; baseline -0.02 -1"><span class='ocrx_word' id='word_1_195' title='bbox 727 1635 729 1637; x_wconf 82' lang='lat'>‘</span> <span class='ocrx_word' id='word_1_196' title='bbox 767 1620 1018 1676; x_wconf 90' lang='lat' dir='ltr'><strong>omnibus</strong></span> <span class='ocrx_word' id='word_1_197' title='bbox 1063 1587 1295 1669; x_wconf 70' lang='lat' dir='ltr'><strong>sumtum</strong></span> <span class='ocrx_word' id='word_1_198' title='bbox 1346 1619 1404 1663; x_wconf 91' lang='lat' dir='ltr'><strong>et</strong></span> <span class='ocrx_word' id='word_1_199' title='bbox 1458 1609 1732 1661; x_wconf 90' lang='lat' dir='ltr'><strong>incruenta</strong></span> <span class='ocrx_word' id='word_1_200' title='bbox 1771 1615 1836 1652; x_wconf 88' lang='lat' dir='ltr'><strong>ac</strong></span> <span class='ocrx_word' id='word_1_201' title='bbox 1883 1593 2147 1665; x_wconf 78' lang='lat' dir='ltr'><strong>spiritalia</strong></span> <span class='ocrx_word' id='word_1_202' title='bbox 2193 1605 2310 1660; x_wconf 88' lang='lat' dir='ltr'><strong>pre-</strong></span> 
     </span>
    </p>
   </div>
   <div class='ocr_carea' id='block_1_31' title="bbox 2408 1587 3921 1676">
    <p class='ocr_par' dir='ltr' id='par_1_31' title="bbox 2413 1587 3921 1667">
     <span class='ocr_line' id='line_1_31' title="bbox 2413 1587 3921 1667; baseline 0.002 -22"><span class='ocrx_word' id='word_1_203' title='bbox 2413 1593 2592 1665; x_wconf 86' lang='grc' dir='ltr'>ἡμῶν,</span> <span class='ocrx_word' id='word_1_204' title='bbox 2615 1594 2680 1645; x_wconf 84' lang='grc' dir='ltr'>δι’</span> <span class='ocrx_word' id='word_1_205' title='bbox 2704 1587 2763 1645; x_wconf 75' lang='grc' dir='ltr'>οὗ</span> <span class='ocrx_word' id='word_1_206' title='bbox 2790 1595 2937 1663; x_wconf 78' lang='grc' dir='ltr'>αὐτῷ</span> <span class='ocrx_word' id='word_1_207' title='bbox 2964 1598 2998 1665; x_wconf 80' lang='grc' dir='ltr'>ἡ</span> <span class='ocrx_word' id='word_1_208' title='bbox 3023 1596 3147 1658; x_wconf 81' lang='grc' dir='ltr'>δόξα</span> <span class='ocrx_word' id='word_1_209' title='bbox 3178 1599 3257 1658; x_wconf 84' lang='grc' dir='ltr'><strong>είς</strong></span> <span class='ocrx_word' id='word_1_210' title='bbox 3287 1597 3412 1659; x_wconf 76' lang='grc' dir='ltr'>τοὺς</span> <span class='ocrx_word' id='word_1_211' title='bbox 3433 1596 3749 1667; x_wconf 81' lang='grc' dir='ltr'>σύμπαντας</span> <span class='ocrx_word' id='word_1_212' title='bbox 3768 1597 3921 1659; x_wconf 66' lang='grc' dir='ltr'>αἰῶνος</span> 
     </span>
    </p>
   </div>
   <div class='ocr_carea' id='block_1_32' title="bbox 767 1683 2310 1764">
    <p class='ocr_par' dir='ltr' id='par_1_32' title="bbox 767 1683 2310 1764">
     <span class='ocr_line' id='line_1_32' title="bbox 767 1683 2310 1764; baseline -0.018 -1"><span class='ocrx_word' id='word_1_213' title='bbox 767 1723 891 1762; x_wconf 88' lang='lat' dir='ltr'><strong>cum</strong></span> <span class='ocrx_word' id='word_1_214' title='bbox 932 1703 1232 1764; x_wconf 82' lang='lat' dir='ltr'><strong>sacrificia,</strong></span> <span class='ocrx_word' id='word_1_215' title='bbox 1291 1696 1450 1752; x_wconf 81' lang='lat' dir='ltr'><strong>hilari</strong></span> <span class='ocrx_word' id='word_1_216' title='bbox 1503 1693 1652 1747; x_wconf 80' lang='lat' dir='ltr'><strong>vultu</strong></span> <span class='ocrx_word' id='word_1_217' title='bbox 1698 1700 1754 1743; x_wconf 91' lang='lat' dir='ltr'><strong>et</strong></span> <span class='ocrx_word' id='word_1_218' title='bbox 1807 1687 2015 1755; x_wconf 90' lang='lat' dir='ltr'><strong>supinis</strong></span> <span class='ocrx_word' id='word_1_219' title='bbox 2072 1683 2310 1736; x_wconf 74' lang='lat' dir='ltr'><strong>manibus</strong></span> 
     </span>
    </p>
   </div>
   <div class='ocr_carea' id='block_1_33' title="bbox 2408 1683 3012 1764">
    <p class='ocr_par' dir='ltr' id='par_1_33' title="bbox 2417 1683 3012 1755">
     <span class='ocr_line' id='line_1_33' title="bbox 2417 1683 3012 1755; baseline 0.005 -19"><span class='ocrx_word' id='word_1_220' title='bbox 2417 1684 2526 1738; x_wconf 81' lang='grc' dir='ltr'>τῶν</span> <span class='ocrx_word' id='word_1_221' title='bbox 2553 1684 2780 1738; x_wconf 83' lang='grc' dir='ltr'>αίώνων.</span> <span class='ocrx_word' id='word_1_222' title='bbox 2819 1683 3012 1755; x_wconf 75' lang='grc' dir='ltr'>Ἀμήν.</span> 
     </span>
    </p>
   </div>
   <div class='ocr_carea' id='block_1_34' title="bbox 767 1775 3933 1866">
    <p class='ocr_par' dir='ltr' id='par_1_34' title="bbox 767 1775 3933 1866">
     <span class='ocr_line' id='line_1_34' title="bbox 767 1775 3933 1866; baseline -0.008 -13"><span class='ocrx_word' id='word_1_223' title='bbox 767 1791 1312 1866; x_wconf 73' lang='lat' dir='ltr'><strong>suscipiens,cmlesti</strong></span> <span class='ocrx_word' id='word_1_224' title='bbox 1340 1787 1488 1842; x_wconf 84' lang='lat' dir='ltr'><strong>Patri</strong></span> <span class='ocrx_word' id='word_1_225' title='bbox 1519 1794 1574 1840; x_wconf 90' lang='lat' dir='ltr'><strong>et</strong></span> <span class='ocrx_word' id='word_1_226' title='bbox 1631 1782 2001 1836; x_wconf 87' lang='lat' dir='ltr'><strong>universorum</strong></span> <span class='ocrx_word' id='word_1_227' title='bbox 2075 1775 2184 1828; x_wconf 91' lang='lat' dir='ltr'><strong>Deo</strong></span> <span class='ocrx_word' id='word_1_228' title='bbox 2247 1775 2560 1828; x_wconf 86' lang='lat' dir='ltr'><strong>transmittit</strong></span> <span class='ocrx_word' id='word_1_229' title='bbox 2610 1792 2625 1830; x_wconf 92' lang='lat'><strong>:</strong></span> <span class='ocrx_word' id='word_1_230' title='bbox 2660 1777 2863 1844; x_wconf 89' lang='lat' dir='ltr'><strong>primus</strong></span> <span class='ocrx_word' id='word_1_231' title='bbox 2905 1777 3019 1844; x_wconf 89' lang='lat' dir='ltr'><strong>ipse</strong></span> <span class='ocrx_word' id='word_1_232' title='bbox 3062 1793 3183 1832; x_wconf 86' lang='lat' dir='ltr'><strong>eum</strong></span> <span class='ocrx_word' id='word_1_233' title='bbox 3234 1779 3502 1842; x_wconf 87' lang='lat' dir='ltr'><strong>adorans,</strong></span> <span class='ocrx_word' id='word_1_234' title='bbox 3549 1780 3793 1848; x_wconf 87' lang='lat' dir='ltr'><strong>solusque</strong></span> <span class='ocrx_word' id='word_1_235' title='bbox 3833 1794 3933 1838; x_wconf 31' lang='lat' dir='ltr'><strong>con:</strong></span> 
     </span>
    </p>
   </div>
   <div class='ocr_carea' id='block_1_35' title="bbox 767 1865 3922 1957">
    <p class='ocr_par' dir='ltr' id='par_1_35' title="bbox 767 1865 3922 1957">
     <span class='ocr_line' id='line_1_35' title="bbox 767 1865 3922 1957; baseline -0.007 -16"><span class='ocrx_word' id='word_1_236' title='bbox 767 1865 1045 1957; x_wconf 83' lang='lat' dir='ltr'><strong>gruentem</strong></span> <span class='ocrx_word' id='word_1_237' title='bbox 1085 1893 1322 1953; x_wconf 76' lang='lat' dir='ltr'><strong>paterna:</strong></span> <span class='ocrx_word' id='word_1_238' title='bbox 1397 1875 1663 1945; x_wconf 88' lang='lat' dir='ltr'><strong>majestati</strong></span> <span class='ocrx_word' id='word_1_239' title='bbox 1722 1874 1982 1926; x_wconf 88' lang='lat' dir='ltr'><strong>honorem</strong></span> <span class='ocrx_word' id='word_1_240' title='bbox 2034 1865 2340 1920; x_wconf 84' lang='lat' dir='ltr'><strong>exhibens:</strong></span> <span class='ocrx_word' id='word_1_241' title='bbox 2385 1865 2581 1918; x_wconf 87' lang='lat' dir='ltr'><strong>deinde</strong></span> <span class='ocrx_word' id='word_1_242' title='bbox 2638 1881 2768 1919; x_wconf 85' lang='lat' dir='ltr'><strong>vero</strong></span> <span class='ocrx_word' id='word_1_243' title='bbox 2807 1866 3136 1933; x_wconf 87' lang='lat' dir='ltr'><strong>obsecrans,</strong></span> <span class='ocrx_word' id='word_1_244' title='bbox 3188 1879 3247 1921; x_wconf 91' lang='lat' dir='ltr'><strong>ut</strong></span> <span class='ocrx_word' id='word_1_245' title='bbox 3291 1869 3338 1922; x_wconf 88' lang='lat' dir='ltr'><strong>is</strong></span> <span class='ocrx_word' id='word_1_246' title='bbox 3385 1871 3653 1938; x_wconf 92' lang='lat' dir='ltr'><strong>propitius</strong></span> <span class='ocrx_word' id='word_1_247' title='bbox 3721 1872 3922 1924; x_wconf 78' lang='lat' dir='ltr'><strong>omnibus</strong></span> 
     </span>
    </p>
   </div>
   <div class='ocr_carea' id='block_1_36' title="bbox 766 1957 3921 2039">
    <p class='ocr_par' dir='ltr' id='par_1_36' title="bbox 766 1957 3921 2039">
     <span class='ocr_line' id='line_1_36' title="bbox 766 1957 3921 2039; baseline -0.007 -6"><span class='ocrx_word' id='word_1_248' title='bbox 766 1979 925 2033; x_wconf 86' lang='lat' dir='ltr'><strong>nobis</strong></span> <span class='ocrx_word' id='word_1_249' title='bbox 981 1990 1046 2029; x_wconf 90' lang='lat' dir='ltr'><strong>ac</strong></span> <span class='ocrx_word' id='word_1_250' title='bbox 1097 1974 1360 2039; x_wconf 84' lang='lat' dir='ltr'><strong>benignus</strong></span> <span class='ocrx_word' id='word_1_251' title='bbox 1415 1975 1670 2037; x_wconf 86' lang='lat' dir='ltr'><strong>perpetuo</strong></span> <span class='ocrx_word' id='word_1_252' title='bbox 1725 1976 1846 2017; x_wconf 90' lang='lat' dir='ltr'><strong>esse</strong></span> <span class='ocrx_word' id='word_1_253' title='bbox 1890 1959 2039 2012; x_wconf 81' lang='lat' dir='ltr'><strong>velit.</strong></span> <span class='ocrx_word' id='word_1_254' title='bbox 2103 1957 2409 2023; x_wconf 67' lang='lat' dir='ltr'><strong>llnjusmocli</strong></span> <span class='ocrx_word' id='word_1_255' title='bbox 2473 1959 2634 2029; x_wconf 77' lang='lat'><strong>387</strong></span> <span class='ocrx_word' id='word_1_256' title='bbox 2702 1968 2786 2014; x_wconf 84' lang='lat' dir='ltr'><strong>est</strong></span> <span class='ocrx_word' id='word_1_257' title='bbox 2851 1976 3100 2030; x_wconf 81' lang='lat' dir='ltr'><strong>magnum</strong></span> <span class='ocrx_word' id='word_1_258' title='bbox 3150 1960 3286 2016; x_wconf 92' lang='lat' dir='ltr'><strong>illud</strong></span> <span class='ocrx_word' id='word_1_259' title='bbox 3359 1964 3640 2031; x_wconf 87' lang='lat' dir='ltr'><strong>templum,</strong></span> <span class='ocrx_word' id='word_1_260' title='bbox 3688 1964 3814 2032; x_wconf 90' lang='lat' dir='ltr'><strong>quod</strong></span> <span class='ocrx_word' id='word_1_261' title='bbox 3857 1977 3921 2028; x_wconf 58' lang='lat' dir='ltr'><strong>per</strong></span> 
     </span>
    </p>
   </div>
   <div class='ocr_carea' id='block_1_37' title="bbox 766 2048 3917 2124">
    <p class='ocr_par' dir='ltr' id='par_1_37' title="bbox 766 2048 3917 2124">
     <span class='ocr_line' id='line_1_37' title="bbox 766 2048 3917 2124; baseline -0.007 -1"><span class='ocrx_word' id='word_1_262' title='bbox 766 2070 1073 2123; x_wconf 82' lang='lat' dir='ltr'><strong>universum</strong></span> <span class='ocrx_word' id='word_1_263' title='bbox 1106 2075 1369 2119; x_wconf 87' lang='lat' dir='ltr'><strong>terrarum</strong></span> <span class='ocrx_word' id='word_1_264' title='bbox 1396 2060 1580 2114; x_wconf 86' lang='lat' dir='ltr'><strong>orbem</strong></span> <span class='ocrx_word' id='word_1_265' title='bbox 1604 2066 1827 2124; x_wconf 86' lang='lat' dir='ltr'><strong>magnus</strong></span> <span class='ocrx_word' id='word_1_266' title='bbox 1852 2052 1943 2106; x_wconf 93' lang='lat' dir='ltr'><strong>ille</strong></span> <span class='ocrx_word' id='word_1_267' title='bbox 1975 2050 2156 2103; x_wconf 91' lang='lat' dir='ltr'><strong>mundi</strong></span> <span class='ocrx_word' id='word_1_268' title='bbox 2182 2048 2359 2116; x_wconf 85' lang='lat' dir='ltr'><strong>upifex</strong></span> <span class='ocrx_word' id='word_1_269' title='bbox 2397 2048 2626 2104; x_wconf 81' lang='lat' dir='ltr'><strong>Verbum</strong></span> <span class='ocrx_word' id='word_1_270' title='bbox 2699 2053 2792 2106; x_wconf 90' lang='lat' dir='ltr'><strong>Dei</strong></span> <span class='ocrx_word' id='word_1_271' title='bbox 2853 2053 3172 2120; x_wconf 88' lang='lat' dir='ltr'><strong>constituit;</strong></span> <span class='ocrx_word' id='word_1_272' title='bbox 3239 2053 3487 2122; x_wconf 85' lang='lat' dir='ltr'><strong>hancque</strong></span> <span class='ocrx_word' id='word_1_273' title='bbox 3555 2053 3917 2107; x_wconf 75' lang='lat' dir='ltr'><strong>intellectualem</strong></span> 
     </span>
    </p>
   </div>
   <div class='ocr_carea' id='block_1_38' title="bbox 766 2142 3920 2230">
    <p class='ocr_par' dir='ltr' id='par_1_38' title="bbox 766 2142 3920 2230">
     <span class='ocr_line' id='line_1_38' title="bbox 766 2142 3920 2230; baseline -0.008 -13"><span class='ocrx_word' id='word_1_274' title='bbox 766 2163 1051 2230; x_wconf 75' lang='lat' dir='ltr'><strong>imaginem</strong></span> <span class='ocrx_word' id='word_1_275' title='bbox 1074 2174 1259 2214; x_wconf 85' lang='lat' dir='ltr'><strong>eorum</strong></span> <span class='ocrx_word' id='word_1_276' title='bbox 1287 2170 1406 2226; x_wconf 75' lang='lat' dir='ltr'><strong>qua:</strong></span> <span class='ocrx_word' id='word_1_277' title='bbox 1429 2154 1565 2207; x_wconf 90' lang='lat' dir='ltr'><strong>ultra</strong></span> <span class='ocrx_word' id='word_1_278' title='bbox 1592 2150 1737 2218; x_wconf 88' lang='lat' dir='ltr'><strong>ipsos</strong></span> <span class='ocrx_word' id='word_1_279' title='bbox 1767 2145 1892 2200; x_wconf 69' lang='lat' dir='ltr'><strong>coeli</strong></span> <span class='ocrx_word' id='word_1_280' title='bbox 1934 2143 2167 2197; x_wconf 90' lang='lat' dir='ltr'><strong>fornices</strong></span> <span class='ocrx_word' id='word_1_281' title='bbox 2208 2143 2378 2211; x_wconf 89' lang='lat' dir='ltr'><strong>posita</strong></span> <span class='ocrx_word' id='word_1_282' title='bbox 2442 2153 2586 2203; x_wconf 89' lang='lat' dir='ltr'><strong>sunt,</strong></span> <span class='ocrx_word' id='word_1_283' title='bbox 2616 2152 2619 2154; x_wconf 83' lang='lat'>&#39;</span> <span class='ocrx_word' id='word_1_284' title='bbox 2652 2142 2766 2212; x_wconf 90' lang='lat' dir='ltr'><strong>ipse</strong></span> <span class='ocrx_word' id='word_1_285' title='bbox 2833 2145 2886 2198; x_wconf 91' lang='lat' dir='ltr'><strong>in</strong></span> <span class='ocrx_word' id='word_1_286' title='bbox 2921 2145 3083 2199; x_wconf 85' lang='lat' dir='ltr'><strong>terris</strong></span> <span class='ocrx_word' id='word_1_287' title='bbox 3111 2144 3291 2199; x_wconf 90' lang='lat' dir='ltr'><strong>denuo</strong></span> <span class='ocrx_word' id='word_1_288' title='bbox 3345 2143 3573 2213; x_wconf 81' lang='lat' dir='ltr'><strong>perfecit</strong></span> <span class='ocrx_word' id='word_1_289' title='bbox 3601 2162 3618 2197; x_wconf 90' lang='lat'>:</span> <span class='ocrx_word' id='word_1_290' title='bbox 3647 2151 3704 2196; x_wconf 92' lang='lat' dir='ltr'><strong>ut</strong></span> <span class='ocrx_word' id='word_1_291' title='bbox 3730 2145 3792 2197; x_wconf 89' lang='lat' dir='ltr'><strong>ab</strong></span> <span class='ocrx_word' id='word_1_292' title='bbox 3815 2142 3920 2194; x_wconf 84' lang='lat' dir='ltr'><strong>omni</strong></span> 
     </span>
    </p>
   </div>
   <div class='ocr_carea' id='block_1_39' title="bbox 767 2237 3921 2308">
    <p class='ocr_par' dir='ltr' id='par_1_39' title="bbox 767 2237 3921 2308">
     <span class='ocr_line' id='line_1_39' title="bbox 767 2237 3921 2308; baseline -0.006 1"><span class='ocrx_word' id='word_1_293' title='bbox 767 2262 1015 2308; x_wconf 88' lang='lat' dir='ltr'><strong>creatura</strong></span> <span class='ocrx_word' id='word_1_294' title='bbox 1041 2259 1098 2304; x_wconf 93' lang='lat' dir='ltr'><strong>et</strong></span> <span class='ocrx_word' id='word_1_295' title='bbox 1130 2251 1200 2303; x_wconf 91' lang='lat' dir='ltr'><strong>ab</strong></span> <span class='ocrx_word' id='word_1_296' title='bbox 1225 2245 1588 2300; x_wconf 89' lang='lat' dir='ltr'><strong>animantibus</strong></span> <span class='ocrx_word' id='word_1_297' title='bbox 1651 2241 1863 2295; x_wconf 87' lang='lat' dir='ltr'><strong>ratione</strong></span> <span class='ocrx_word' id='word_1_298' title='bbox 1931 2238 2192 2306; x_wconf 71' lang='lat' dir='ltr'><strong>praeditis,</strong></span> <span class='ocrx_word' id='word_1_299' title='bbox 2251 2237 2407 2289; x_wconf 88' lang='lat' dir='ltr'><strong>Pater</strong></span> <span class='ocrx_word' id='word_1_300' title='bbox 2442 2237 2611 2306; x_wconf 81' lang='lat' dir='ltr'><strong>ipsius</strong></span> <span class='ocrx_word' id='word_1_301' title='bbox 2661 2238 2844 2293; x_wconf 90' lang='lat' dir='ltr'><strong>debito</strong></span> <span class='ocrx_word' id='word_1_302' title='bbox 2899 2239 3102 2294; x_wconf 87' lang='lat' dir='ltr'><strong>honore</strong></span> <span class='ocrx_word' id='word_1_303' title='bbox 3159 2238 3414 2306; x_wconf 88' lang='lat' dir='ltr'><strong>cultuque</strong></span> <span class='ocrx_word' id='word_1_304' title='bbox 3462 2239 3778 2292; x_wconf 75' lang='lat' dir='ltr'><strong>adiceretur.</strong></span> <span class='ocrx_word' id='word_1_305' title='bbox 3817 2238 3921 2290; x_wconf 72' lang='lat' dir='ltr'><strong>Illam</strong></span> 
     </span>
    </p>
   </div>
   <div class='ocr_carea' id='block_1_40' title="bbox 766 2326 3924 2411">
    <p class='ocr_par' dir='ltr' id='par_1_40' title="bbox 766 2326 3924 2411">
     <span class='ocr_line' id='line_1_40' title="bbox 766 2326 3924 2411; baseline -0.006 -12"><span class='ocrx_word' id='word_1_306' title='bbox 766 2361 897 2399; x_wconf 84' lang='lat' dir='ltr'><strong>vero</strong></span> <span class='ocrx_word' id='word_1_307' title='bbox 923 2341 1355 2411; x_wconf 73' lang='lat' dir='ltr'><strong>supercmlestem</strong></span> <span class='ocrx_word' id='word_1_308' title='bbox 1391 2336 1661 2404; x_wconf 80' lang='lat' dir='ltr'><strong>regionem</strong></span> <span class='ocrx_word' id='word_1_309' title='bbox 1687 2343 1742 2387; x_wconf 93' lang='lat' dir='ltr'><strong>et</strong></span> <span class='ocrx_word' id='word_1_310' title='bbox 1777 2348 1841 2386; x_wconf 91' lang='lat' dir='ltr'><strong>ea</strong></span> <span class='ocrx_word' id='word_1_311' title='bbox 1884 2347 2003 2400; x_wconf 79' lang='lat' dir='ltr'><strong>qua:</strong></span> <span class='ocrx_word' id='word_1_312' title='bbox 2032 2329 2138 2382; x_wconf 90' lang='lat' dir='ltr'><strong>illic</strong></span> <span class='ocrx_word' id='word_1_313' title='bbox 2176 2339 2302 2382; x_wconf 90' lang='lat' dir='ltr'><strong>sunt</strong></span> <span class='ocrx_word' id='word_1_314' title='bbox 2338 2328 2666 2398; x_wconf 83' lang='lat' dir='ltr'><strong>exemplaria</strong></span> <span class='ocrx_word' id='word_1_315' title='bbox 2693 2331 2884 2383; x_wconf 90' lang='lat' dir='ltr'><strong>horum</strong></span> <span class='ocrx_word' id='word_1_316' title='bbox 2916 2346 3036 2398; x_wconf 67' lang='lat' dir='ltr'><strong>qum</strong></span> <span class='ocrx_word' id='word_1_317' title='bbox 3063 2329 3162 2384; x_wconf 84' lang='lat' dir='ltr'><strong>hic</strong></span> <span class='ocrx_word' id='word_1_318' title='bbox 3221 2326 3533 2384; x_wconf 89' lang='lat' dir='ltr'><strong>cernimus:</strong></span> <span class='ocrx_word' id='word_1_319' title='bbox 3567 2343 3832 2399; x_wconf 85' lang='lat' dir='ltr'><strong>supernam</strong></span> <span class='ocrx_word' id='word_1_320' title='bbox 3881 2330 3924 2380; x_wconf 84' lang='lat' dir='ltr'><strong>il-</strong></span> 
     </span>
    </p>
   </div>
   <div class='ocr_carea' id='block_1_41' title="bbox 762 2421 3920 2494">
    <p class='ocr_par' dir='ltr' id='par_1_41' title="bbox 762 2421 3920 2494">
     <span class='ocr_line' id='line_1_41' title="bbox 762 2421 3920 2494; baseline -0.007 -2"><span class='ocrx_word' id='word_1_321' title='bbox 762 2443 871 2492; x_wconf 89' lang='lat' dir='ltr'><strong>lam</strong></span> <span class='ocrx_word' id='word_1_322' title='bbox 902 2433 1255 2494; x_wconf 78' lang='lat' dir='ltr'><strong>Hierusalem,</strong></span> <span class='ocrx_word' id='word_1_323' title='bbox 1290 2429 1566 2483; x_wconf 73' lang='lat' dir='ltr'><strong>cmlestem</strong></span> <span class='ocrx_word' id='word_1_324' title='bbox 1605 2436 1838 2480; x_wconf 87' lang='lat' dir='ltr'><strong>montem</strong></span> <span class='ocrx_word' id='word_1_325' title='bbox 1880 2425 2034 2486; x_wconf 83' lang='lat' dir='ltr'><strong>Sion,</strong></span> <span class='ocrx_word' id='word_1_326' title='bbox 2070 2432 2125 2477; x_wconf 90' lang='lat' dir='ltr'><strong>et</strong></span> <span class='ocrx_word' id='word_1_327' title='bbox 2153 2421 2297 2491; x_wconf 80' lang='lat' dir='ltr'><strong>ultra</strong></span> <span class='ocrx_word' id='word_1_328' title='bbox 2336 2422 2593 2474; x_wconf 91' lang='lat' dir='ltr'><strong>mundum</strong></span> <span class='ocrx_word' id='word_1_329' title='bbox 2627 2422 2856 2489; x_wconf 88' lang='lat' dir='ltr'><strong>positam</strong></span> <span class='ocrx_word' id='word_1_330' title='bbox 2919 2422 3190 2475; x_wconf 87' lang='lat' dir='ltr'><strong>civitatem</strong></span> <span class='ocrx_word' id='word_1_331' title='bbox 3235 2421 3328 2474; x_wconf 89' lang='lat' dir='ltr'><strong>Dei</strong></span> <span class='ocrx_word' id='word_1_332' title='bbox 3388 2422 3647 2490; x_wconf 84' lang='lat' dir='ltr'><strong>viventis,</strong></span> <span class='ocrx_word' id='word_1_333' title='bbox 3680 2422 3731 2473; x_wconf 95' lang='lat' dir='ltr'><strong>in</strong></span> <span class='ocrx_word' id='word_1_334' title='bbox 3758 2421 3920 2489; x_wconf 86' lang='lat' dir='ltr'><strong>quain-</strong></span> 
     </span>
    </p>
   </div>
   <div class='ocr_carea' id='block_1_42' title="bbox 769 2512 3921 2590">
    <p class='ocr_par' dir='ltr' id='par_1_42' title="bbox 769 2512 3921 2590">
     <span class='ocr_line' id='line_1_42' title="bbox 769 2512 3921 2590; baseline -0.007 -8"><span class='ocrx_word' id='word_1_335' title='bbox 769 2525 1132 2582; x_wconf 88' lang='lat' dir='ltr'><strong>numerabiles</strong></span> <span class='ocrx_word' id='word_1_336' title='bbox 1186 2521 1500 2590; x_wconf 80' lang='lat' dir='ltr'><strong>angelorum</strong></span> <span class='ocrx_word' id='word_1_337' title='bbox 1529 2520 1707 2581; x_wconf 91' lang='lat' dir='ltr'><strong>chori,</strong></span> <span class='ocrx_word' id='word_1_338' title='bbox 1758 2527 1813 2569; x_wconf 92' lang='lat' dir='ltr'><strong>et</strong></span> <span class='ocrx_word' id='word_1_339' title='bbox 1837 2514 2075 2568; x_wconf 84' lang='lat' dir='ltr'><strong>Ecclesia</strong></span> <span class='ocrx_word' id='word_1_340' title='bbox 2112 2513 2584 2581; x_wconf 85' lang='lat' dir='ltr'><strong>primogenitorum</strong></span> <span class='ocrx_word' id='word_1_341' title='bbox 2602 2512 2692 2580; x_wconf 91' lang='lat' dir='ltr'><strong>qui</strong></span> <span class='ocrx_word' id='word_1_342' title='bbox 2717 2513 2770 2565; x_wconf 94' lang='lat' dir='ltr'><strong>in</strong></span> <span class='ocrx_word' id='word_1_343' title='bbox 2806 2512 2928 2566; x_wconf 92' lang='lat' dir='ltr'><strong>albo</strong></span> <span class='ocrx_word' id='word_1_344' title='bbox 2965 2512 3259 2566; x_wconf 76' lang='lat' dir='ltr'><strong>cmleslium</strong></span> <span class='ocrx_word' id='word_1_345' title='bbox 3309 2512 3508 2566; x_wconf 84' lang='lat' dir='ltr'><strong>civium</strong></span> <span class='ocrx_word' id='word_1_346' title='bbox 3558 2512 3797 2580; x_wconf 88' lang='lat' dir='ltr'><strong>descripti</strong></span> <span class='ocrx_word' id='word_1_347' title='bbox 3819 2520 3921 2572; x_wconf 73' lang='lat' dir='ltr'><strong>sunt,</strong></span> 
     </span>
    </p>
   </div>
   <div class='ocr_carea' id='block_1_43' title="bbox 769 2603 3922 2674">
    <p class='ocr_par' dir='ltr' id='par_1_43' title="bbox 769 2603 3922 2674">
     <span class='ocr_line' id='line_1_43' title="bbox 769 2603 3922 2674; baseline -0.004 -6"><span class='ocrx_word' id='word_1_348' title='bbox 769 2618 1096 2670; x_wconf 90' lang='lat' dir='ltr'><strong>conditorem</strong></span> <span class='ocrx_word' id='word_1_349' title='bbox 1121 2628 1274 2666; x_wconf 91' lang='lat' dir='ltr'><strong>suum</strong></span> <span class='ocrx_word' id='word_1_350' title='bbox 1300 2626 1361 2664; x_wconf 92' lang='lat' dir='ltr'><strong>ac</strong></span> <span class='ocrx_word' id='word_1_351' title='bbox 1392 2624 1656 2663; x_wconf 89' lang='lat' dir='ltr'><strong>summum</strong></span> <span class='ocrx_word' id='word_1_352' title='bbox 1681 2608 1919 2660; x_wconf 90' lang='lat' dir='ltr'><strong>omnium</strong></span> <span class='ocrx_word' id='word_1_353' title='bbox 1971 2607 2162 2658; x_wconf 87' lang='lat' dir='ltr'><strong>ducem</strong></span> <span class='ocrx_word' id='word_1_354' title='bbox 2224 2605 2433 2673; x_wconf 81' lang='lat' dir='ltr'><strong>hymnis</strong></span> <span class='ocrx_word' id='word_1_355' title='bbox 2460 2603 2776 2672; x_wconf 67' lang='lat' dir='ltr'><strong>Quibusdam</strong></span> <span class='ocrx_word' id='word_1_356' title='bbox 2835 2605 3294 2673; x_wconf 73' lang='lat' dir='ltr'><strong>ineXplicabilibus</strong></span> <span class='ocrx_word' id='word_1_357' title='bbox 3354 2621 3490 2674; x_wconf 84' lang='lat' dir='ltr'><strong>quos</strong></span> <span class='ocrx_word' id='word_1_358' title='bbox 3550 2617 3648 2660; x_wconf 77' lang='lat' dir='ltr'><strong>nec</strong></span> <span class='ocrx_word' id='word_1_359' title='bbox 3679 2605 3922 2671; x_wconf 76' lang='lat' dir='ltr'><strong>intelligen-</strong></span> 
     </span>
    </p>
   </div>
   <div class='ocr_carea' id='block_1_44' title="bbox 770 2695 3924 2771">
    <p class='ocr_par' dir='ltr' id='par_1_44' title="bbox 770 2695 3924 2771">
     <span class='ocr_line' id='line_1_44' title="bbox 770 2695 3924 2771; baseline -0.003 -14"><span class='ocrx_word' id='word_1_360' title='bbox 770 2707 847 2758; x_wconf 87' lang='lat' dir='ltr'><strong>tia</strong></span> <span class='ocrx_word' id='word_1_361' title='bbox 884 2705 1096 2771; x_wconf 87' lang='lat' dir='ltr'><strong>assequi</strong></span> <span class='ocrx_word' id='word_1_362' title='bbox 1147 2716 1446 2770; x_wconf 84' lang='lat' dir='ltr'><strong>possumus,</strong></span> <span class='ocrx_word' id='word_1_363' title='bbox 1480 2708 1839 2752; x_wconf 86' lang='lat' dir='ltr'><strong>venerantur:</strong></span> <span class='ocrx_word' id='word_1_364' title='bbox 1874 2695 2049 2748; x_wconf 89' lang='lat' dir='ltr'><strong>nullus</strong></span> <span class='ocrx_word' id='word_1_365' title='bbox 2103 2695 2404 2747; x_wconf 81' lang='lat' dir='ltr'><strong>mortaiium</strong></span> <span class='ocrx_word' id='word_1_366' title='bbox 2463 2709 2561 2762; x_wconf 91' lang='lat' dir='ltr'><strong>pro</strong></span> <span class='ocrx_word' id='word_1_367' title='bbox 2589 2696 2849 2763; x_wconf 80' lang='lat' dir='ltr'><strong>dignitate</strong></span> <span class='ocrx_word' id='word_1_368' title='bbox 2907 2695 3184 2749; x_wconf 87' lang='lat' dir='ltr'><strong>celebrare</strong></span> <span class='ocrx_word' id='word_1_369' title='bbox 3211 2695 3506 2751; x_wconf 79' lang='lat' dir='ltr'><strong>suffecerit.</strong></span> <span class='ocrx_word' id='word_1_370' title='bbox 3568 2697 3770 2750; x_wconf 85' lang='lat' dir='ltr'><strong>Etenim</strong></span> <span class='ocrx_word' id='word_1_371' title='bbox 3802 2714 3821 2767; x_wconf 74' lang='grc' dir='ltr'><strong>ι</strong></span> <span class='ocrx_word' id='word_1_372' title='bbox 3856 2708 3924 2746; x_wconf 56' lang='lat' dir='ltr'><strong>nec</strong></span> 
     </span>
    </p>
   </div>
   <div class='ocr_carea' id='block_1_45' title="bbox 774 2761 3922 2857">
    <p class='ocr_par' dir='ltr' id='par_1_45' title="bbox 774 2761 3922 2857">
     <span class='ocr_line' id='line_1_45' title="bbox 774 2761 3922 2857; baseline -0.003 -10"><span class='ocrx_word' id='word_1_373' title='bbox 774 2796 960 2848; x_wconf 89' lang='lat' dir='ltr'><strong>oculus</strong></span> <span class='ocrx_word' id='word_1_374' title='bbox 986 2794 1136 2853; x_wconf 81' lang='lat' dir='ltr'><strong>vidit,</strong></span> <span class='ocrx_word' id='word_1_375' title='bbox 1167 2805 1267 2843; x_wconf 90' lang='lat' dir='ltr'><strong>nec</strong></span> <span class='ocrx_word' id='word_1_376' title='bbox 1294 2792 1442 2841; x_wconf 90' lang='lat' dir='ltr'><strong>auris</strong></span> <span class='ocrx_word' id='word_1_377' title='bbox 1474 2788 1695 2847; x_wconf 83' lang='lat' dir='ltr'><strong>audivit,</strong></span> <span class='ocrx_word' id='word_1_378' title='bbox 1722 2800 1822 2838; x_wconf 89' lang='lat' dir='ltr'><strong>nec</strong></span> <span class='ocrx_word' id='word_1_379' title='bbox 1885 2786 1939 2837; x_wconf 91' lang='lat' dir='ltr'><strong>in</strong></span> <span class='ocrx_word' id='word_1_380' title='bbox 2003 2799 2096 2836; x_wconf 90' lang='lat' dir='ltr'><strong>cor</strong></span> <span class='ocrx_word' id='word_1_381' title='bbox 2141 2785 2371 2838; x_wconf 86' lang='lat' dir='ltr'><strong>hominis</strong></span> <span class='ocrx_word' id='word_1_382' title='bbox 2411 2761 2768 2838; x_wconf 53' lang='lat' dir='ltr'><strong>ascendeiunt</strong></span> <span class='ocrx_word' id='word_1_383' title='bbox 2817 2801 2882 2838; x_wconf 88' lang='lat' dir='ltr'><strong>ea</strong></span> <span class='ocrx_word' id='word_1_384' title='bbox 2927 2801 3045 2853; x_wconf 79' lang='lat' dir='ltr'><strong>qua:</strong></span> <span class='ocrx_word' id='word_1_385' title='bbox 3084 2788 3220 2839; x_wconf 88' lang='lat' dir='ltr'><strong>Deus</strong></span> <span class='ocrx_word' id='word_1_386' title='bbox 3264 2787 3585 2857; x_wconf 70' lang='lat' dir='ltr'><strong>prmparavit</strong></span> <span class='ocrx_word' id='word_1_387' title='bbox 3641 2761 3922 2855; x_wconf 77' lang='lat' dir='ltr'><strong>diligentibus</strong></span> 
     </span>
    </p>
   </div>
   <div class='ocr_carea' id='block_1_46' title="bbox 775 2874 3923 2947">
    <p class='ocr_par' dir='ltr' id='par_1_46' title="bbox 775 2874 3923 2947">
     <span class='ocr_line' id='line_1_46' title="bbox 775 2874 3923 2947; baseline -0.004 -9"><span class='ocrx_word' id='word_1_388' title='bbox 775 2900 834 2938; x_wconf 82' lang='lat' dir='ltr'><strong>se</strong></span> <span class='ocrx_word' id='word_1_389' title='bbox 859 2887 924 2937; x_wconf 82' lang='lat'><strong>”.</strong></span> <span class='ocrx_word' id='word_1_390' title='bbox 954 2902 974 2934; x_wconf 72' lang='grc' dir='ltr'><strong>ι</strong></span> <span class='ocrx_word' id='word_1_391' title='bbox 1005 2883 1236 2946; x_wconf 86' lang='lat' dir='ltr'><strong>Quarum</strong></span> <span class='ocrx_word' id='word_1_392' title='bbox 1277 2879 1489 2947; x_wconf 86' lang='lat' dir='ltr'><strong>quidem</strong></span> <span class='ocrx_word' id='word_1_393' title='bbox 1536 2892 1711 2930; x_wconf 92' lang='lat' dir='ltr'><strong>rerum</strong></span> <span class='ocrx_word' id='word_1_394' title='bbox 1735 2875 1844 2942; x_wconf 90' lang='lat' dir='ltr'><strong>jam</strong></span> <span class='ocrx_word' id='word_1_395' title='bbox 1873 2875 2047 2941; x_wconf 87' lang='lat' dir='ltr'><strong>aliqua</strong></span> <span class='ocrx_word' id='word_1_396' title='bbox 2079 2890 2144 2927; x_wconf 85' lang='lat' dir='ltr'><strong>ex</strong></span> <span class='ocrx_word' id='word_1_397' title='bbox 2175 2885 2324 2942; x_wconf 83' lang='lat' dir='ltr'><strong>parte</strong></span> <span class='ocrx_word' id='word_1_398' title='bbox 2364 2874 2456 2928; x_wconf 86' lang='lat' dir='ltr'><strong>Dei</strong></span> <span class='ocrx_word' id='word_1_399' title='bbox 2479 2875 2735 2928; x_wconf 76' lang='lat' dir='ltr'><strong>beneficio</strong></span> <span class='ocrx_word' id='word_1_400' title='bbox 2766 2884 3037 2943; x_wconf 90' lang='lat' dir='ltr'><strong>compotes</strong></span> <span class='ocrx_word' id='word_1_401' title='bbox 3069 2876 3232 2946; x_wconf 42' lang='lat' dir='ltr'><strong>facti,‘</strong></span> <span class='ocrx_word' id='word_1_402' title='bbox 3253 2878 3355 2930; x_wconf 88' lang='lat' dir='ltr'><strong>viri</strong></span> <span class='ocrx_word' id='word_1_403' title='bbox 3413 2893 3534 2931; x_wconf 89' lang='lat' dir='ltr'><strong>cum</strong></span> <span class='ocrx_word' id='word_1_404' title='bbox 3592 2876 3868 2929; x_wconf 79' lang='lat' dir='ltr'><strong>mulieribus</strong></span> <span class='ocrx_word' id='word_1_405' title='bbox 3887 2882 3923 2925; x_wconf 86' lang='lat' dir='ltr'><strong>et</strong></span> 
     </span>
    </p>
   </div>
   <div class='ocr_carea' id='block_1_47' title="bbox 777 2951 3920 3044">
    <p class='ocr_par' dir='ltr' id='par_1_47' title="bbox 777 2951 3920 3044">
     <span class='ocr_line' id='line_1_47' title="bbox 777 2951 3920 3044; baseline -0.003 -17"><span class='ocrx_word' id='word_1_406' title='bbox 777 2976 989 3044; x_wconf 84' lang='lat' dir='ltr'><strong>pueris;</strong></span> <span class='ocrx_word' id='word_1_407' title='bbox 1019 2971 1214 3024; x_wconf 91' lang='lat' dir='ltr'><strong>summi</strong></span> <span class='ocrx_word' id='word_1_408' title='bbox 1248 2970 1448 3036; x_wconf 88' lang='lat' dir='ltr'><strong>pariter</strong></span> <span class='ocrx_word' id='word_1_409' title='bbox 1497 2966 1905 3034; x_wconf 71' lang='lat' dir='ltr'><strong>slquejnlimi;</strong></span> <span class='ocrx_word' id='word_1_410' title='bbox 1937 2951 2122 3020; x_wconf 82' lang='lat' dir='ltr'><strong>omnes</strong></span> <span class='ocrx_word' id='word_1_411' title='bbox 2183 2965 2341 3019; x_wconf 84' lang='lat' dir='ltr'><strong>simul</strong></span> <span class='ocrx_word' id='word_1_412' title='bbox 2380 2981 2484 3019; x_wconf 92' lang='lat' dir='ltr'><strong>uno</strong></span> <span class='ocrx_word' id='word_1_413' title='bbox 2528 2965 2720 3033; x_wconf 89' lang='lat' dir='ltr'><strong>spiritu</strong></span> <span class='ocrx_word' id='word_1_414' title='bbox 2789 2982 2999 3034; x_wconf 85' lang='lat' dir='ltr'><strong>unoque</strong></span> <span class='ocrx_word' id='word_1_415' title='bbox 3062 2967 3360 3020; x_wconf 87' lang='lat' dir='ltr'><strong>animorum</strong></span> <span class='ocrx_word' id='word_1_416' title='bbox 3409 2982 3672 3022; x_wconf 88' lang='lat' dir='ltr'><strong>consensu</strong></span> <span class='ocrx_word' id='word_1_417' title='bbox 3714 2976 3920 3020; x_wconf 77' lang='lat' dir='ltr'><strong>tantorum</strong></span> 
     </span>
    </p>
   </div>
   <div class='ocr_carea' id='block_1_48' title="bbox 779 3038 3918 3127">
    <p class='ocr_par' dir='ltr' id='par_1_48' title="bbox 779 3038 3918 3127">
     <span class='ocr_line' id='line_1_48' title="bbox 779 3038 3918 3127; baseline -0.005 -7"><span class='ocrx_word' id='word_1_418' title='bbox 779 3065 935 3120; x_wconf 84' lang='lat' dir='ltr'><strong>nobis</strong></span> <span class='ocrx_word' id='word_1_419' title='bbox 963 3067 1220 3115; x_wconf 90' lang='lat' dir='ltr'><strong>bonorum</strong></span> <span class='ocrx_word' id='word_1_420' title='bbox 1249 3068 1523 3110; x_wconf 88' lang='lat' dir='ltr'><strong>auctorem</strong></span> <span class='ocrx_word' id='word_1_421' title='bbox 1547 3056 1794 3109; x_wconf 79' lang='lat' dir='ltr'><strong>conﬁteri</strong></span> <span class='ocrx_word' id='word_1_422' title='bbox 1854 3071 1917 3109; x_wconf 89' lang='lat' dir='ltr'><strong>ac</strong></span> <span class='ocrx_word' id='word_1_423' title='bbox 1984 3057 2259 3109; x_wconf 83' lang='lat' dir='ltr'><strong>celebrare</strong></span> <span class='ocrx_word' id='word_1_424' title='bbox 2310 3071 2577 3124; x_wconf 90' lang='lat' dir='ltr'><strong>nunquam</strong></span> <span class='ocrx_word' id='word_1_425' title='bbox 2642 3057 2950 3110; x_wconf 86' lang='lat' dir='ltr'><strong>desinamus</strong></span> <span class='ocrx_word' id='word_1_426' title='bbox 2982 3076 2997 3109; x_wconf 93' lang='lat'>:</span> <span class='ocrx_word' id='word_1_427' title='bbox 3035 3075 3054 3106; x_wconf 84' lang='lat' dir='ltr'><strong>r</strong></span> <span class='ocrx_word' id='word_1_428' title='bbox 3091 3056 3191 3122; x_wconf 95' lang='lat' dir='ltr'><strong>Qui</strong></span> <span class='ocrx_word' id='word_1_429' title='bbox 3233 3058 3550 3127; x_wconf 78' lang='lat' dir='ltr'><strong>propitiatur</strong></span> <span class='ocrx_word' id='word_1_430' title='bbox 3597 3038 3821 3112; x_wconf 77' lang='lat' dir='ltr'><strong>omnibus</strong></span> <span class='ocrx_word' id='word_1_431' title='bbox 3850 3059 3918 3107; x_wconf 71' lang='lat' dir='ltr'><strong>iui-</strong></span> 
     </span>
    </p>
   </div>
   <div class='ocr_carea' id='block_1_49' title="bbox 779 3146 3918 3224">
    <p class='ocr_par' dir='ltr' id='par_1_49' title="bbox 779 3146 3918 3224">
     <span class='ocr_line' id='line_1_49' title="bbox 779 3146 3918 3224; baseline -0.002 -17"><span class='ocrx_word' id='word_1_432' title='bbox 779 3154 1075 3224; x_wconf 80' lang='lat' dir='ltr'><strong>quitatibus</strong></span> <span class='ocrx_word' id='word_1_433' title='bbox 1129 3151 1357 3213; x_wconf 85' lang='lat' dir='ltr'><strong>nostris;</strong></span> <span class='ocrx_word' id='word_1_434' title='bbox 1403 3148 1493 3214; x_wconf 91' lang='lat' dir='ltr'><strong>qui</strong></span> <span class='ocrx_word' id='word_1_435' title='bbox 1549 3155 1704 3200; x_wconf 84' lang='lat' dir='ltr'><strong>sanat</strong></span> <span class='ocrx_word' id='word_1_436' title='bbox 1740 3160 1927 3200; x_wconf 84' lang='lat' dir='ltr'><strong>omnes</strong></span> <span class='ocrx_word' id='word_1_437' title='bbox 1976 3146 2312 3200; x_wconf 82' lang='lat' dir='ltr'><strong>infirmitates</strong></span> <span class='ocrx_word' id='word_1_438' title='bbox 2352 3157 2596 3211; x_wconf 85' lang='lat' dir='ltr'><strong>nostras;</strong></span> <span class='ocrx_word' id='word_1_439' title='bbox 2622 3149 2712 3215; x_wconf 89' lang='lat' dir='ltr'><strong>qui</strong></span> <span class='ocrx_word' id='word_1_440' title='bbox 2741 3148 2954 3201; x_wconf 87' lang='lat' dir='ltr'><strong>redimit</strong></span> <span class='ocrx_word' id='word_1_441' title='bbox 2981 3148 3049 3201; x_wconf 89' lang='lat' dir='ltr'><strong>ab</strong></span> <span class='ocrx_word' id='word_1_442' title='bbox 3077 3149 3296 3202; x_wconf 76' lang='lat' dir='ltr'><strong>interitu</strong></span> <span class='ocrx_word' id='word_1_443' title='bbox 3334 3150 3502 3202; x_wconf 87' lang='lat' dir='ltr'><strong>vitam</strong></span> <span class='ocrx_word' id='word_1_444' title='bbox 3562 3160 3812 3210; x_wconf 89' lang='lat' dir='ltr'><strong>nostram;</strong></span> <span class='ocrx_word' id='word_1_445' title='bbox 3859 3149 3918 3213; x_wconf 65' lang='lat' dir='ltr'><strong>qui</strong></span> 
     </span>
    </p>
   </div>
   <div class='ocr_carea' id='block_1_50' title="bbox 780 3239 3919 3310">
    <p class='ocr_par' dir='ltr' id='par_1_50' title="bbox 780 3239 3919 3310">
     <span class='ocr_line' id='line_1_50' title="bbox 780 3239 3919 3310; baseline -0.004 -9"><span class='ocrx_word' id='word_1_446' title='bbox 780 3256 1000 3301; x_wconf 78' lang='lat' dir='ltr'><strong>coronat</strong></span> <span class='ocrx_word' id='word_1_447' title='bbox 1033 3259 1129 3297; x_wconf 91' lang='lat' dir='ltr'><strong>nos</strong></span> <span class='ocrx_word' id='word_1_448' title='bbox 1150 3244 1202 3295; x_wconf 88' lang='lat' dir='ltr'><strong>in</strong></span> <span class='ocrx_word' id='word_1_449' title='bbox 1236 3240 1602 3294; x_wconf 89' lang='lat' dir='ltr'><strong>misericordia</strong></span> <span class='ocrx_word' id='word_1_450' title='bbox 1632 3248 1686 3292; x_wconf 92' lang='lat' dir='ltr'><strong>et</strong></span> <span class='ocrx_word' id='word_1_451' title='bbox 1716 3240 2180 3305; x_wconf 86' lang='lat' dir='ltr'><strong>miserationibus;</strong></span> <span class='ocrx_word' id='word_1_452' title='bbox 2213 3241 2299 3308; x_wconf 87' lang='lat' dir='ltr'><strong>qui</strong></span> <span class='ocrx_word' id='word_1_453' title='bbox 2341 3241 2518 3309; x_wconf 83' lang='lat' dir='ltr'><strong>explet</strong></span> <span class='ocrx_word' id='word_1_454' title='bbox 2581 3241 2632 3293; x_wconf 92' lang='lat' dir='ltr'><strong>in</strong></span> <span class='ocrx_word' id='word_1_455' title='bbox 2693 3241 2848 3294; x_wconf 87' lang='lat' dir='ltr'><strong>bouis</strong></span> <span class='ocrx_word' id='word_1_456' title='bbox 2897 3241 3238 3310; x_wconf 79' lang='lat' dir='ltr'><strong>cupiditatem</strong></span> <span class='ocrx_word' id='word_1_457' title='bbox 3275 3251 3536 3295; x_wconf 88' lang='lat' dir='ltr'><strong>nostram.</strong></span> <span class='ocrx_word' id='word_1_458' title='bbox 3568 3239 3698 3305; x_wconf 87' lang='lat' dir='ltr'><strong>Quia</strong></span> <span class='ocrx_word' id='word_1_459' title='bbox 3754 3256 3839 3291; x_wconf 79' lang='lat' dir='ltr'><strong>non</strong></span> <span class='ocrx_word' id='word_1_460' title='bbox 3864 3253 3919 3290; x_wconf 78' lang='lat' dir='ltr'><strong>se-</strong></span> 
     </span>
    </p>
   </div>
   <div class='ocr_carea' id='block_1_51' title="bbox 781 3331 3918 3403">
    <p class='ocr_par' dir='ltr' id='par_1_51' title="bbox 781 3331 3918 3403">
     <span class='ocr_line' id='line_1_51' title="bbox 781 3331 3918 3403; baseline -0.004 -11"><span class='ocrx_word' id='word_1_461' title='bbox 781 3340 1010 3392; x_wconf 81' lang='lat' dir='ltr'><strong>cundum</strong></span> <span class='ocrx_word' id='word_1_462' title='bbox 1035 3343 1248 3403; x_wconf 87' lang='lat' dir='ltr'><strong>peccata</strong></span> <span class='ocrx_word' id='word_1_463' title='bbox 1268 3343 1446 3385; x_wconf 87' lang='lat' dir='ltr'><strong>nostra</strong></span> <span class='ocrx_word' id='word_1_464' title='bbox 1482 3331 1609 3385; x_wconf 88' lang='lat' dir='ltr'><strong>fecit</strong></span> <span class='ocrx_word' id='word_1_465' title='bbox 1671 3332 1848 3395; x_wconf 90' lang='lat' dir='ltr'><strong>nobis,</strong></span> <span class='ocrx_word' id='word_1_466' title='bbox 1905 3347 2077 3399; x_wconf 90' lang='lat' dir='ltr'><strong>neque</strong></span> <span class='ocrx_word' id='word_1_467' title='bbox 2129 3335 2416 3386; x_wconf 90' lang='lat' dir='ltr'><strong>secundum</strong></span> <span class='ocrx_word' id='word_1_468' title='bbox 2456 3333 2762 3401; x_wconf 89' lang='lat' dir='ltr'><strong>iniquitates</strong></span> <span class='ocrx_word' id='word_1_469' title='bbox 2799 3343 3012 3387; x_wconf 89' lang='lat' dir='ltr'><strong>nostras</strong></span> <span class='ocrx_word' id='word_1_470' title='bbox 3044 3335 3291 3388; x_wconf 90' lang='lat' dir='ltr'><strong>retribuit</strong></span> <span class='ocrx_word' id='word_1_471' title='bbox 3328 3335 3503 3387; x_wconf 90' lang='lat' dir='ltr'><strong>nobis.</strong></span> <span class='ocrx_word' id='word_1_472' title='bbox 3560 3334 3692 3399; x_wconf 84' lang='lat' dir='ltr'><strong>Quia</strong></span> <span class='ocrx_word' id='word_1_473' title='bbox 3722 3343 3918 3400; x_wconf 82' lang='lat' dir='ltr'><strong>quantum</strong></span> 
     </span>
    </p>
   </div>
   <div class='ocr_carea' id='block_1_52' title="bbox 780 3422 3919 3491">
    <p class='ocr_par' dir='ltr' id='par_1_52' title="bbox 780 3422 3919 3491">
     <span class='ocr_line' id='line_1_52' title="bbox 780 3422 3919 3491; baseline -0.004 -8"><span class='ocrx_word' id='word_1_474' title='bbox 780 3433 944 3483; x_wconf 85' lang='lat' dir='ltr'><strong>distat</strong></span> <span class='ocrx_word' id='word_1_475' title='bbox 1001 3438 1151 3479; x_wconf 89' lang='lat' dir='ltr'><strong>ortus</strong></span> <span class='ocrx_word' id='word_1_476' title='bbox 1217 3426 1285 3478; x_wconf 90' lang='lat' dir='ltr'><strong>ab</strong></span> <span class='ocrx_word' id='word_1_477' title='bbox 1325 3423 1625 3484; x_wconf 88' lang='lat' dir='ltr'><strong>occidente,</strong></span> <span class='ocrx_word' id='word_1_478' title='bbox 1699 3422 1854 3489; x_wconf 86' lang='lat' dir='ltr'><strong>iunge</strong></span> <span class='ocrx_word' id='word_1_479' title='bbox 1900 3422 2029 3476; x_wconf 88' lang='lat' dir='ltr'><strong>fecit</strong></span> <span class='ocrx_word' id='word_1_480' title='bbox 2068 3438 2097 3475; x_wconf 92' lang='lat' dir='ltr'><strong>a</strong></span> <span class='ocrx_word' id='word_1_481' title='bbox 2144 3423 2295 3476; x_wconf 86' lang='lat' dir='ltr'><strong>nobis</strong></span> <span class='ocrx_word' id='word_1_482' title='bbox 2356 3423 2665 3491; x_wconf 86' lang='lat' dir='ltr'><strong>iniquitates</strong></span> <span class='ocrx_word' id='word_1_483' title='bbox 2717 3435 2949 3478; x_wconf 86' lang='lat' dir='ltr'><strong>nostras.</strong></span> <span class='ocrx_word' id='word_1_484' title='bbox 2999 3425 3456 3490; x_wconf 88' lang='lat' dir='ltr'><strong>Quemadmodum</strong></span> <span class='ocrx_word' id='word_1_485' title='bbox 3507 3426 3777 3478; x_wconf 87' lang='lat' dir='ltr'><strong>miseretur</strong></span> <span class='ocrx_word' id='word_1_486' title='bbox 3814 3433 3919 3489; x_wconf 67' lang='lat' dir='ltr'><strong>pater</strong></span> 
     </span>
    </p>
   </div>
   <div class='ocr_carea' id='block_1_53' title="bbox 777 3513 3918 3584">
    <p class='ocr_par' dir='ltr' id='par_1_53' title="bbox 777 3513 3918 3584">
     <span class='ocr_line' id='line_1_53' title="bbox 777 3513 3918 3584; baseline -0.003 -12"><span class='ocrx_word' id='word_1_487' title='bbox 777 3521 1009 3572; x_wconf 80' lang='lat' dir='ltr'><strong>ﬁliorum</strong></span> <span class='ocrx_word' id='word_1_488' title='bbox 1038 3531 1276 3577; x_wconf 84' lang='lat' dir='ltr'><strong>suorum,</strong></span> <span class='ocrx_word' id='word_1_489' title='bbox 1318 3515 1573 3568; x_wconf 89' lang='lat' dir='ltr'><strong>misertus</strong></span> <span class='ocrx_word' id='word_1_490' title='bbox 1610 3521 1695 3567; x_wconf 88' lang='lat' dir='ltr'><strong>est</strong></span> <span class='ocrx_word' id='word_1_491' title='bbox 1727 3513 1981 3567; x_wconf 90' lang='lat' dir='ltr'><strong>Dominus</strong></span> <span class='ocrx_word' id='word_1_492' title='bbox 2019 3513 2316 3567; x_wconf 88' lang='lat' dir='ltr'><strong>timentium</strong></span> <span class='ocrx_word' id='word_1_493' title='bbox 2356 3529 2412 3567; x_wconf 89' lang='lat' dir='ltr'><strong>se</strong></span> <span class='ocrx_word' id='word_1_494' title='bbox 2433 3515 2499 3565; x_wconf 74' lang='grc'><strong>³³.</strong></span> <span class='ocrx_word' id='word_1_495' title='bbox 2533 3534 2551 3564; x_wconf 73' lang='grc' dir='ltr'><strong>ι</strong></span> <span class='ocrx_word' id='word_1_496' title='bbox 2597 3515 2718 3569; x_wconf 67' lang='lat' dir='ltr'><strong>llaac</strong></span> <span class='ocrx_word' id='word_1_497' title='bbox 2741 3527 2794 3568; x_wconf 90' lang='lat' dir='ltr'><strong>et</strong></span> <span class='ocrx_word' id='word_1_498' title='bbox 2828 3517 2879 3569; x_wconf 91' lang='lat' dir='ltr'><strong>in</strong></span> <span class='ocrx_word' id='word_1_499' title='bbox 2906 3519 3187 3584; x_wconf 68' lang='lat' dir='ltr'><strong>pra‘sentia</strong></span> <span class='ocrx_word' id='word_1_500' title='bbox 3213 3527 3267 3570; x_wconf 90' lang='lat' dir='ltr'><strong>et</strong></span> <span class='ocrx_word' id='word_1_501' title='bbox 3299 3518 3506 3571; x_wconf 85' lang='lat' dir='ltr'><strong>cunctis</strong></span> <span class='ocrx_word' id='word_1_502' title='bbox 3543 3517 3780 3583; x_wconf 89' lang='lat' dir='ltr'><strong>deinceps</strong></span> <span class='ocrx_word' id='word_1_503' title='bbox 3826 3523 3918 3564; x_wconf 85' lang='lat' dir='ltr'><strong>tem-</strong></span> 
     </span>
    </p>
   </div>
   <div class='ocr_carea' id='block_1_54' title="bbox 776 3603 3918 3680">
    <p class='ocr_par' dir='ltr' id='par_1_54' title="bbox 776 3603 3918 3680">
     <span class='ocr_line' id='line_1_54' title="bbox 776 3603 3918 3680; baseline -0.004 -15"><span class='ocrx_word' id='word_1_504' title='bbox 776 3612 999 3680; x_wconf 91' lang='lat' dir='ltr'><strong>poribus</strong></span> <span class='ocrx_word' id='word_1_505' title='bbox 1035 3609 1289 3663; x_wconf 90' lang='lat' dir='ltr'><strong>memoria</strong></span> <span class='ocrx_word' id='word_1_506' title='bbox 1340 3607 1671 3672; x_wconf 88' lang='lat' dir='ltr'><strong>recolentes,</strong></span> <span class='ocrx_word' id='word_1_507' title='bbox 1733 3606 2000 3674; x_wconf 87' lang='lat' dir='ltr'><strong>Deumque</strong></span> <span class='ocrx_word' id='word_1_508' title='bbox 2044 3608 2322 3673; x_wconf 68' lang='lat' dir='ltr'><strong>prtrsentis</strong></span> <span class='ocrx_word' id='word_1_509' title='bbox 2362 3607 2516 3674; x_wconf 84' lang='lat' dir='ltr'><strong>hujus</strong></span> <span class='ocrx_word' id='word_1_510' title='bbox 2582 3609 2898 3661; x_wconf 85' lang='lat' dir='ltr'><strong>festivitatis</strong></span> <span class='ocrx_word' id='word_1_511' title='bbox 2943 3617 2996 3662; x_wconf 91' lang='lat' dir='ltr'><strong>et</strong></span> <span class='ocrx_word' id='word_1_512' title='bbox 3033 3608 3325 3678; x_wconf 75' lang='lat' dir='ltr'><strong>splendidae</strong></span> <span class='ocrx_word' id='word_1_513' title='bbox 3391 3609 3550 3676; x_wconf 83' lang='lat' dir='ltr'><strong>hujus</strong></span> <span class='ocrx_word' id='word_1_514' title='bbox 3582 3621 3646 3662; x_wconf 89' lang='lat' dir='ltr'><strong>ac</strong></span> <span class='ocrx_word' id='word_1_515' title='bbox 3691 3603 3918 3658; x_wconf 61' lang='lat' dir='ltr'><strong>latissima</strong></span> 
     </span>
    </p>
   </div>
   <div class='ocr_carea' id='block_1_55' title="bbox 778 3693 3917 3766">
    <p class='ocr_par' dir='ltr' id='par_1_55' title="bbox 778 3693 3917 3766">
     <span class='ocr_line' id='line_1_55' title="bbox 778 3693 3917 3766; baseline -0.002 -12"><span class='ocrx_word' id='word_1_516' title='bbox 778 3703 913 3756; x_wconf 89' lang='lat' dir='ltr'><strong>lucis</strong></span> <span class='ocrx_word' id='word_1_517' title='bbox 981 3709 1250 3754; x_wconf 88' lang='lat' dir='ltr'><strong>auctorem</strong></span> <span class='ocrx_word' id='word_1_518' title='bbox 1292 3713 1356 3751; x_wconf 88' lang='lat' dir='ltr'><strong>ac</strong></span> <span class='ocrx_word' id='word_1_519' title='bbox 1414 3698 1693 3765; x_wconf 70' lang='lat' dir='ltr'><strong>praesidem</strong></span> <span class='ocrx_word' id='word_1_520' title='bbox 1742 3698 1831 3749; x_wconf 92' lang='lat' dir='ltr'><strong>diu</strong></span> <span class='ocrx_word' id='word_1_521' title='bbox 1866 3706 2131 3766; x_wconf 86' lang='lat' dir='ltr'><strong>noctuque</strong></span> <span class='ocrx_word' id='word_1_522' title='bbox 2164 3697 2388 3766; x_wconf 87' lang='lat' dir='ltr'><strong>singulis</strong></span> <span class='ocrx_word' id='word_1_523' title='bbox 2430 3699 2596 3761; x_wconf 90' lang='lat' dir='ltr'><strong>horis,</strong></span> <span class='ocrx_word' id='word_1_524' title='bbox 2626 3709 2678 3752; x_wconf 90' lang='lat' dir='ltr'><strong>et</strong></span> <span class='ocrx_word' id='word_1_525' title='bbox 2714 3701 2987 3763; x_wconf 89' lang='lat' dir='ltr'><strong>omnibus,</strong></span> <span class='ocrx_word' id='word_1_526' title='bbox 3020 3709 3075 3752; x_wconf 93' lang='lat' dir='ltr'><strong>ut</strong></span> <span class='ocrx_word' id='word_1_527' title='bbox 3123 3701 3191 3752; x_wconf 88' lang='lat' dir='ltr'><strong>ita</strong></span> <span class='ocrx_word' id='word_1_528' title='bbox 3240 3699 3440 3762; x_wconf 88' lang='lat' dir='ltr'><strong>dicam,</strong></span> <span class='ocrx_word' id='word_1_529' title='bbox 3469 3696 3745 3751; x_wconf 90' lang='lat' dir='ltr'><strong>momentis</strong></span> <span class='ocrx_word' id='word_1_530' title='bbox 3776 3693 3917 3761; x_wconf 71' lang='lat' dir='ltr'><strong>quibus</strong></span> 
     </span>
    </p>
   </div>
   <div class='ocr_carea' id='block_1_56' title="bbox 712 3787 3916 3860">
    <p class='ocr_par' dir='ltr' id='par_1_56' title="bbox 712 3787 3916 3860">
     <span class='ocr_line' id='line_1_56' title="bbox 712 3787 3916 3860; baseline -0.004 -15"><span class='ocrx_word' id='word_1_531' title='bbox 712 3835 719 3837; x_wconf 91' lang='lat'><strong>..</strong></span> <span class='ocrx_word' id='word_1_532' title='bbox 777 3793 1022 3860; x_wconf 87' lang='lat' dir='ltr'><strong>spiritum</strong></span> <span class='ocrx_word' id='word_1_533' title='bbox 1089 3790 1351 3852; x_wconf 90' lang='lat' dir='ltr'><strong>ducimus,</strong></span> <span class='ocrx_word' id='word_1_534' title='bbox 1384 3797 1509 3841; x_wconf 89' lang='lat' dir='ltr'><strong>ante</strong></span> <span class='ocrx_word' id='word_1_535' title='bbox 1566 3787 1752 3841; x_wconf 90' lang='lat' dir='ltr'><strong>oculos</strong></span> <span class='ocrx_word' id='word_1_536' title='bbox 1783 3788 1979 3840; x_wconf 91' lang='lat' dir='ltr'><strong>mentis</strong></span> <span class='ocrx_word' id='word_1_537' title='bbox 2040 3788 2195 3842; x_wconf 89' lang='lat' dir='ltr'><strong>nobis</strong></span> <span class='ocrx_word' id='word_1_538' title='bbox 2259 3799 2646 3856; x_wconf 89' lang='lat' dir='ltr'><strong>proponenles,</strong></span> <span class='ocrx_word' id='word_1_539' title='bbox 2678 3791 2805 3842; x_wconf 90' lang='lat' dir='ltr'><strong>totis</strong></span> <span class='ocrx_word' id='word_1_540' title='bbox 2832 3790 2994 3842; x_wconf 82' lang='lat' dir='ltr'><strong>animi</strong></span> <span class='ocrx_word' id='word_1_541' title='bbox 3029 3790 3233 3843; x_wconf 88' lang='lat' dir='ltr'><strong>viribus</strong></span> <span class='ocrx_word' id='word_1_542' title='bbox 3261 3803 3382 3841; x_wconf 89' lang='lat' dir='ltr'><strong>eum</strong></span> <span class='ocrx_word' id='word_1_543' title='bbox 3418 3789 3699 3856; x_wconf 83' lang='lat' dir='ltr'><strong>diligamus</strong></span> <span class='ocrx_word' id='word_1_544' title='bbox 3725 3801 3779 3837; x_wconf 87' lang='lat' dir='ltr'><strong>ac</strong></span> <span class='ocrx_word' id='word_1_545' title='bbox 3805 3797 3916 3835; x_wconf 80' lang='lat' dir='ltr'><strong>rene-</strong></span> 
     </span>
    </p>
   </div>
   <div class='ocr_carea' id='block_1_57' title="bbox 765 3877 2310 3960">
    <p class='ocr_par' dir='ltr' id='par_1_57' title="bbox 765 3878 2308 3960">
     <span class='ocr_line' id='line_1_57' title="bbox 765 3878 2308 3960; baseline -0.003 -26"><span class='ocrx_word' id='word_1_546' title='bbox 765 3898 984 3960; x_wconf 42' lang='lat' dir='ltr'><strong>.t&#39;emur.</strong></span> <span class='ocrx_word' id='word_1_547' title='bbox 1041 3880 1266 3948; x_wconf 86' lang='lat' dir='ltr'><strong>Jamque</strong></span> <span class='ocrx_word' id='word_1_548' title='bbox 1310 3888 1682 3947; x_wconf 78' lang='lat' dir='ltr'><strong>exsurgentes,</strong></span> <span class='ocrx_word' id='word_1_549' title='bbox 1707 3878 2111 3930; x_wconf 86' lang='lat' dir='ltr'><strong>contentissima</strong></span> <span class='ocrx_word' id='word_1_550' title='bbox 2157 3889 2308 3931; x_wconf 88' lang='lat' dir='ltr'><strong>nostr</strong></span> 
     </span>
    </p>
   </div>
   <div class='ocr_carea' id='block_1_58' title="bbox 2408 3877 3913 3960">
    <p class='ocr_par' dir='ltr' id='par_1_58' title="bbox 2408 3877 3913 3940">
     <span class='ocr_line' id='line_1_58' title="bbox 2408 3877 3913 3940; baseline -0.003 -11"><span class='ocrx_word' id='word_1_551' title='bbox 2408 3877 2587 3932; x_wconf 74' lang='lat' dir='ltr'><strong>[fectus</strong></span> <span class='ocrx_word' id='word_1_552' title='bbox 2615 3893 2743 3932; x_wconf 84' lang='lat' dir='ltr'><strong>voce</strong></span> <span class='ocrx_word' id='word_1_553' title='bbox 2788 3895 2906 3932; x_wconf 89' lang='lat' dir='ltr'><strong>eum</strong></span> <span class='ocrx_word' id='word_1_554' title='bbox 2954 3881 3314 3940; x_wconf 84' lang='lat' dir='ltr'><strong>Obsecremus,</strong></span> <span class='ocrx_word' id='word_1_555' title='bbox 3362 3887 3420 3929; x_wconf 90' lang='lat' dir='ltr'><strong>ut</strong></span> <span class='ocrx_word' id='word_1_556' title='bbox 3479 3893 3576 3930; x_wconf 90' lang='lat' dir='ltr'><strong>nos</strong></span> <span class='ocrx_word' id='word_1_557' title='bbox 3624 3878 3752 3929; x_wconf 89' lang='lat' dir='ltr'><strong>intra</strong></span> <span class='ocrx_word' id='word_1_558' title='bbox 3807 3884 3913 3938; x_wconf 70' lang='lat' dir='ltr'><strong>septa</strong></span> 
     </span>
    </p>
   </div>
   <div class='ocr_carea' id='block_1_59' title="bbox 777 3971 3913 4040">
    <p class='ocr_par' dir='ltr' id='par_1_59' title="bbox 777 3971 3913 4040">
     <span class='ocr_line' id='line_1_59' title="bbox 777 3971 3913 4040; baseline -0.004 -14"><span class='ocrx_word' id='word_1_559' title='bbox 777 3975 934 4027; x_wconf 89' lang='lat' dir='ltr'><strong>ovilis</strong></span> <span class='ocrx_word' id='word_1_560' title='bbox 956 3974 1036 4027; x_wconf 90' lang='lat' dir='ltr'><strong>sui</strong></span> <span class='ocrx_word' id='word_1_561' title='bbox 1070 3973 1204 4025; x_wconf 89' lang='lat' dir='ltr'><strong>tueri</strong></span> <span class='ocrx_word' id='word_1_562' title='bbox 1233 3982 1488 4040; x_wconf 89' lang='lat' dir='ltr'><strong>perpetuo</strong></span> <span class='ocrx_word' id='word_1_563' title='bbox 1516 3987 1580 4025; x_wconf 89' lang='lat' dir='ltr'><strong>ac</strong></span> <span class='ocrx_word' id='word_1_564' title='bbox 1630 3986 1850 4025; x_wconf 87' lang='lat' dir='ltr'><strong>servare</strong></span> <span class='ocrx_word' id='word_1_565' title='bbox 1897 3971 2048 4035; x_wconf 89' lang='lat' dir='ltr'><strong>velit,</strong></span> <span class='ocrx_word' id='word_1_566' title='bbox 2102 3987 2393 4040; x_wconf 89' lang='lat' dir='ltr'><strong>pacemque</strong></span> <span class='ocrx_word' id='word_1_567' title='bbox 2429 3973 2594 4040; x_wconf 80' lang='lat'><strong>388</strong></span> <span class='ocrx_word' id='word_1_568' title='bbox 2632 3987 2784 4025; x_wconf 91' lang='lat' dir='ltr'><strong>suam</strong></span> <span class='ocrx_word' id='word_1_569' title='bbox 2831 3972 3188 4026; x_wconf 86' lang='lat' dir='ltr'><strong>inviolabilem</strong></span> <span class='ocrx_word' id='word_1_570' title='bbox 3230 3972 3382 4026; x_wconf 90' lang='lat' dir='ltr'><strong>nobis</strong></span> <span class='ocrx_word' id='word_1_571' title='bbox 3407 3982 3568 4039; x_wconf 88' lang='lat' dir='ltr'><strong>atque</strong></span> <span class='ocrx_word' id='word_1_572' title='bbox 3600 3971 3913 4024; x_wconf 74' lang='lat' dir='ltr'><strong>inconcussam</strong></span> 
     </span>
    </p>
   </div>
   <div class='ocr_carea' id='block_1_60' title="bbox 779 4062 3593 4132">
    <p class='ocr_par' dir='ltr' id='par_1_60' title="bbox 779 4062 3593 4132">
     <span class='ocr_line' id='line_1_60' title="bbox 779 4062 3593 4132; baseline 0 -17"><span class='ocrx_word' id='word_1_573' title='bbox 779 4074 987 4130; x_wconf 60' lang='lat' dir='ltr'><strong>prastet</strong></span> <span class='ocrx_word' id='word_1_574' title='bbox 1013 4063 1066 4116; x_wconf 89' lang='lat' dir='ltr'><strong>in</strong></span> <span class='ocrx_word' id='word_1_575' title='bbox 1094 4062 1307 4116; x_wconf 86' lang='lat' dir='ltr'><strong>Christo</strong></span> <span class='ocrx_word' id='word_1_576' title='bbox 1326 4062 1450 4116; x_wconf 83' lang='lat' dir='ltr'><strong>Jesu</strong></span> <span class='ocrx_word' id='word_1_577' title='bbox 1485 4063 1773 4116; x_wconf 85' lang='lat' dir='ltr'><strong>Servatore</strong></span> <span class='ocrx_word' id='word_1_578' title='bbox 1799 4070 1984 4116; x_wconf 92' lang='lat' dir='ltr'><strong>nostro</strong></span> <span class='ocrx_word' id='word_1_579' title='bbox 2007 4103 2022 4126; x_wconf 88' lang='lat'><strong>,</strong></span> <span class='ocrx_word' id='word_1_580' title='bbox 2052 4077 2145 4130; x_wconf 86' lang='lat' dir='ltr'><strong>per</strong></span> <span class='ocrx_word' id='word_1_581' title='bbox 2170 4078 2329 4130; x_wconf 85' lang='lat' dir='ltr'><strong>quem</strong></span> <span class='ocrx_word' id='word_1_582' title='bbox 2367 4064 2415 4116; x_wconf 89' lang='lat' dir='ltr'><strong>ei</strong></span> <span class='ocrx_word' id='word_1_583' title='bbox 2445 4069 2515 4117; x_wconf 87' lang='lat' dir='ltr'><strong>sit</strong></span> <span class='ocrx_word' id='word_1_584' title='bbox 2543 4065 2708 4132; x_wconf 83' lang='lat' dir='ltr'><strong>gloria</strong></span> <span class='ocrx_word' id='word_1_585' title='bbox 2741 4066 2790 4116; x_wconf 92' lang='lat' dir='ltr'><strong>in</strong></span> <span class='ocrx_word' id='word_1_586' title='bbox 2827 4063 3016 4117; x_wconf 63' lang='lat' dir='ltr'><strong>saecula</strong></span> <span class='ocrx_word' id='word_1_587' title='bbox 3045 4063 3380 4116; x_wconf 66' lang='lat' dir='ltr'><strong>smculorutn.</strong></span> <span class='ocrx_word' id='word_1_588' title='bbox 3402 4063 3593 4116; x_wconf 89' lang='lat' dir='ltr'><strong>Amen.</strong></span> 
     </span>
    </p>
   </div>
   <div class='ocr_carea' id='block_1_61' title="bbox 1383 4201 1715 4261">
    <p class='ocr_par' dir='ltr' id='par_1_61' title="bbox 1383 4201 1715 4261">
     <span class='ocr_line' id='line_1_61' title="bbox 1383 4201 1715 4261; baseline 0.018 -7"><span class='ocrx_word' id='word_1_589' title='bbox 1383 4201 1608 4256; x_wconf 84' lang='lat' dir='ltr'><strong>CAPUT</strong></span> <span class='ocrx_word' id='word_1_590' title='bbox 1655 4204 1715 4261; x_wconf 83' lang='lat' dir='ltr'><strong>V.</strong></span> 
     </span>
    </p>
   </div>
   <div class='ocr_carea' id='block_1_62' title="bbox 1122 4287 1966 4358">
    <p class='ocr_par' dir='ltr' id='par_1_62' title="bbox 1122 4287 1966 4358">
     <span class='ocr_line' id='line_1_62' title="bbox 1122 4287 1966 4358; baseline 0.009 -19"><span class='ocrx_word' id='word_1_591' title='bbox 1122 4287 1370 4354; x_wconf 72' lang='lat' dir='ltr'><strong>Exempla</strong></span> <span class='ocrx_word' id='word_1_592' title='bbox 1398 4291 1565 4358; x_wconf 83' lang='lat' dir='ltr'><strong>legum</strong></span> <span class='ocrx_word' id='word_1_593' title='bbox 1597 4292 1966 4358; x_wconf 73' lang='lat' dir='ltr'><strong>impetialium.</strong></span> 
     </span>
    </p>
   </div>
   <div class='ocr_carea' id='block_1_63' title="bbox 850 4376 2314 4445">
    <p class='ocr_par' dir='ltr' id='par_1_63' title="bbox 850 4376 2314 4445">
     <span class='ocr_line' id='line_1_63' title="bbox 850 4376 2314 4445; baseline 0.004 -17"><span class='ocrx_word' id='word_1_594' title='bbox 850 4376 998 4428; x_wconf 78' lang='lat' dir='ltr'><strong>Nunc</strong></span> <span class='ocrx_word' id='word_1_595' title='bbox 1037 4390 1163 4427; x_wconf 88' lang='lat' dir='ltr'><strong>vero</strong></span> <span class='ocrx_word' id='word_1_596' title='bbox 1191 4377 1430 4443; x_wconf 83' lang='lat' dir='ltr'><strong>exempla</strong></span> <span class='ocrx_word' id='word_1_597' title='bbox 1474 4379 1824 4445; x_wconf 80' lang='lat' dir='ltr'><strong>imperialium</strong></span> <span class='ocrx_word' id='word_1_598' title='bbox 1872 4381 2314 4434; x_wconf 89' lang='lat' dir='ltr'><strong>constitutionum</strong></span> 
     </span>
    </p>
   </div>
   <div class='ocr_carea' id='block_1_64' title="bbox 780 4462 2315 4537">
    <p class='ocr_par' dir='ltr' id='par_1_64' title="bbox 780 4462 2315 4537">
     <span class='ocr_line' id='line_1_64' title="bbox 780 4462 2315 4537; baseline 0.004 -21"><span class='ocrx_word' id='word_1_599' title='bbox 780 4462 1113 4521; x_wconf 70' lang='lat' dir='ltr'><strong>Constantini</strong></span> <span class='ocrx_word' id='word_1_600' title='bbox 1145 4480 1207 4518; x_wconf 86' lang='lat' dir='ltr'><strong>ac</strong></span> <span class='ocrx_word' id='word_1_601' title='bbox 1229 4466 1414 4517; x_wconf 86' lang='lat' dir='ltr'><strong>Licinii</strong></span> <span class='ocrx_word' id='word_1_602' title='bbox 1441 4483 1505 4518; x_wconf 91' lang='lat' dir='ltr'><strong>cx</strong></span> <span class='ocrx_word' id='word_1_603' title='bbox 1531 4468 1767 4520; x_wconf 70' lang='lat' dir='ltr'><strong>liomana</strong></span> <span class='ocrx_word' id='word_1_604' title='bbox 1797 4469 1972 4537; x_wconf 84' lang='lat' dir='ltr'><strong>lingua</strong></span> <span class='ocrx_word' id='word_1_605' title='bbox 2002 4471 2053 4521; x_wconf 75' lang='lat' dir='ltr'><strong>in</strong></span> <span class='ocrx_word' id='word_1_606' title='bbox 2074 4469 2315 4523; x_wconf 71' lang='lat' dir='ltr'><strong>Grazcam</strong></span> 
     </span>
    </p>
   </div>
   <div class='ocr_carea' id='block_1_65' title="bbox 781 4557 1664 4623">
    <p class='ocr_par' dir='ltr' id='par_1_65' title="bbox 781 4557 1664 4623">
     <span class='ocr_line' id='line_1_65' title="bbox 781 4557 1664 4623; baseline -0.005 -11"><span class='ocrx_word' id='word_1_607' title='bbox 781 4574 1034 4612; x_wconf 82' lang='lat' dir='ltr'><strong>conversa</strong></span> <span class='ocrx_word' id='word_1_608' title='bbox 1057 4557 1305 4622; x_wconf 81' lang='lat' dir='ltr'><strong>deinceps</strong></span> <span class='ocrx_word' id='word_1_609' title='bbox 1332 4557 1664 4623; x_wconf 81' lang='lat' dir='ltr'><strong>adjiciamus.</strong></span> 
     </span>
    </p>
   </div>
   <div class='ocr_carea' id='block_1_66' title="bbox 780 4647 2318 4718">
    <p class='ocr_par' dir='ltr' id='par_1_66' title="bbox 780 4647 2318 4718">
     <span class='ocr_line' id='line_1_66' title="bbox 780 4647 2318 4718; baseline -0.004 -16"><span class='ocrx_word' id='word_1_610' title='bbox 780 4649 1088 4718; x_wconf 66' lang='lat' dir='ltr'><strong>Exemplum</strong></span> <span class='ocrx_word' id='word_1_611' title='bbox 1112 4647 1506 4718; x_wconf 64' lang='lat' dir='ltr'><strong>constitutionis</strong></span> <span class='ocrx_word' id='word_1_612' title='bbox 1533 4648 1900 4718; x_wconf 73' lang='lat' dir='ltr'><strong>imperatorum</strong></span> <span class='ocrx_word' id='word_1_613' title='bbox 1926 4647 2250 4698; x_wconf 73' lang='lat' dir='ltr'><strong>Constantini</strong></span> <span class='ocrx_word' id='word_1_614' title='bbox 2271 4655 2318 4698; x_wconf 80' lang='lat' dir='ltr'><strong>et</strong></span> 
     </span>
    </p>
   </div>
   <div class='ocr_carea' id='block_1_67' title="bbox 1449 4714 1651 4765">
    <p class='ocr_par' dir='ltr' id='par_1_67' title="bbox 1449 4714 1651 4765">
     <span class='ocr_line' id='line_1_67' title="bbox 1449 4714 1651 4765; baseline 0.005 -1"><span class='ocrx_word' id='word_1_615' title='bbox 1449 4714 1651 4765; x_wconf 75' lang='lat' dir='ltr'><strong>Licinii.</strong></span> 
     </span>
    </p>
   </div>
   <div class='ocr_carea' id='block_1_68' title="bbox 852 4806 2317 4874">
    <p class='ocr_par' dir='ltr' id='par_1_68' title="bbox 852 4806 2317 4874">
     <span class='ocr_line' id='line_1_68' title="bbox 852 4806 2317 4874; baseline -0.001 -12"><span class='ocrx_word' id='word_1_616' title='bbox 852 4809 1195 4864; x_wconf 77' lang='lat' dir='ltr'><strong>damdudum</strong></span> <span class='ocrx_word' id='word_1_617' title='bbox 1217 4807 1455 4874; x_wconf 90' lang='lat' dir='ltr'><strong>quidem,</strong></span> <span class='ocrx_word' id='word_1_618' title='bbox 1489 4821 1610 4858; x_wconf 91' lang='lat' dir='ltr'><strong>cum</strong></span> <span class='ocrx_word' id='word_1_619' title='bbox 1643 4806 2186 4866; x_wconf 83' lang='lat' dir='ltr'><strong>animadverteremus</strong></span> <span class='ocrx_word' id='word_1_620' title='bbox 2215 4823 2317 4860; x_wconf 91' lang='lat' dir='ltr'><strong>non</strong></span> 
     </span>
    </p>
   </div>
   <div class='ocr_carea' id='block_1_69' title="bbox 778 4883 2318 4963">
    <p class='ocr_par' dir='ltr' id='par_1_69' title="bbox 778 4883 2318 4963">
     <span class='ocr_line' id='line_1_69' title="bbox 778 4883 2318 4963; baseline -0.003 -5"><span class='ocrx_word' id='word_1_621' title='bbox 778 4919 894 4958; x_wconf 89' lang='lat' dir='ltr'><strong>esse</strong></span> <span class='ocrx_word' id='word_1_622' title='bbox 930 4902 1277 4956; x_wconf 80' lang='lat' dir='ltr'><strong>cohibendum</strong></span> <span class='ocrx_word' id='word_1_623' title='bbox 1325 4883 1594 4963; x_wconf 75' lang='lat' dir='ltr'><strong>religionis</strong></span> <span class='ocrx_word' id='word_1_624' title='bbox 1639 4894 1963 4962; x_wconf 81' lang='lat' dir='ltr'><strong>libertatem,</strong></span> <span class='ocrx_word' id='word_1_625' title='bbox 2004 4899 2095 4950; x_wconf 90' lang='lat' dir='ltr'><strong>sed</strong></span> <span class='ocrx_word' id='word_1_626' title='bbox 2130 4901 2318 4953; x_wconf 79' lang='lat' dir='ltr'><strong>unius-</strong></span> 
     </span>
    </p>
   </div>
   <div class='ocr_carea' id='block_1_70' title="bbox 779 4987 2317 5062">
    <p class='ocr_par' dir='ltr' id='par_1_70' title="bbox 779 4987 2317 5062">
     <span class='ocr_line' id='line_1_70' title="bbox 779 4987 2317 5062; baseline -0.004 -16"><span class='ocrx_word' id='word_1_627' title='bbox 779 4996 1031 5062; x_wconf 79' lang='lat' dir='ltr'><strong>cujusque</strong></span> <span class='ocrx_word' id='word_1_628' title='bbox 1055 4991 1277 5044; x_wconf 88' lang='lat' dir='ltr'><strong>arbitrio</strong></span> <span class='ocrx_word' id='word_1_629' title='bbox 1308 5005 1370 5040; x_wconf 90' lang='lat' dir='ltr'><strong>ac</strong></span> <span class='ocrx_word' id='word_1_630' title='bbox 1397 4988 1657 5041; x_wconf 87' lang='lat' dir='ltr'><strong>voluntati</strong></span> <span class='ocrx_word' id='word_1_631' title='bbox 1692 4987 2124 5053; x_wconf 79' lang='lat' dir='ltr'><strong>permittendum,</strong></span> <span class='ocrx_word' id='word_1_632' title='bbox 2155 4995 2211 5037; x_wconf 90' lang='lat' dir='ltr'><strong>ut</strong></span> <span class='ocrx_word' id='word_1_633' title='bbox 2253 5003 2317 5040; x_wconf 90' lang='lat' dir='ltr'><strong>ex</strong></span> 
     </span>
    </p>
   </div>
   <div class='ocr_carea' id='block_1_71' title="bbox 778 5077 2316 5144">
    <p class='ocr_par' dir='ltr' id='par_1_71' title="bbox 778 5077 2316 5144">
     <span class='ocr_line' id='line_1_71' title="bbox 778 5077 2316 5144; baseline -0.007 -6"><span class='ocrx_word' id='word_1_634' title='bbox 778 5089 939 5139; x_wconf 89' lang='lat' dir='ltr'><strong>animi</strong></span> <span class='ocrx_word' id='word_1_635' title='bbox 960 5086 1039 5140; x_wconf 85' lang='lat' dir='ltr'><strong>sui</strong></span> <span class='ocrx_word' id='word_1_636' title='bbox 1062 5083 1326 5137; x_wconf 86' lang='lat' dir='ltr'><strong>sententia</strong></span> <span class='ocrx_word' id='word_1_637' title='bbox 1356 5083 1515 5133; x_wconf 88' lang='lat' dir='ltr'><strong>rebus</strong></span> <span class='ocrx_word' id='word_1_638' title='bbox 1535 5080 1727 5131; x_wconf 90' lang='lat' dir='ltr'><strong>divinis</strong></span> <span class='ocrx_word' id='word_1_639' title='bbox 1751 5092 1966 5144; x_wconf 87' lang='lat' dir='ltr'><strong>operam</strong></span> <span class='ocrx_word' id='word_1_640' title='bbox 1995 5077 2167 5139; x_wconf 88' lang='lat' dir='ltr'><strong>daret,</strong></span> <span class='ocrx_word' id='word_1_641' title='bbox 2192 5092 2316 5129; x_wconf 87' lang='lat' dir='ltr'><strong>san-</strong></span> 
     </span>
    </p>
   </div>
   <div class='ocr_carea' id='block_1_72' title="bbox 779 5169 2315 5231">
    <p class='ocr_par' dir='ltr' id='par_1_72' title="bbox 779 5169 2315 5231">
     <span class='ocr_line' id='line_1_72' title="bbox 779 5169 2315 5231; baseline -0.008 0"><span class='ocrx_word' id='word_1_642' title='bbox 779 5181 951 5231; x_wconf 88' lang='lat' dir='ltr'><strong>ximus</strong></span> <span class='ocrx_word' id='word_1_643' title='bbox 980 5187 1038 5229; x_wconf 70' lang='lat' dir='ltr'><strong>ut</strong></span> <span class='ocrx_word' id='word_1_644' title='bbox 1067 5187 1176 5230; x_wconf 93' lang='lat' dir='ltr'><strong>tum</strong></span> <span class='ocrx_word' id='word_1_645' title='bbox 1200 5174 1379 5228; x_wconf 64' lang='lat' dir='ltr'><strong>caeteri</strong></span> <span class='ocrx_word' id='word_1_646' title='bbox 1424 5187 1608 5224; x_wconf 88' lang='lat' dir='ltr'><strong>omnes</strong></span> <span class='ocrx_word' id='word_1_647' title='bbox 1651 5179 1760 5222; x_wconf 90' lang='lat' dir='ltr'><strong>tum</strong></span> <span class='ocrx_word' id='word_1_648' title='bbox 1802 5169 2116 5231; x_wconf 85' lang='lat' dir='ltr'><strong>Christiani,</strong></span> <span class='ocrx_word' id='word_1_649' title='bbox 2157 5179 2315 5221; x_wconf 68' lang='lat' dir='ltr'><strong>secta:</strong></span> 
     </span>
    </p>
   </div>
   <div class='ocr_carea' id='block_1_73' title="bbox 779 5260 2315 5336">
    <p class='ocr_par' dir='ltr' id='par_1_73' title="bbox 779 5260 2315 5336">
     <span class='ocr_line' id='line_1_73' title="bbox 779 5260 2315 5336; baseline -0.005 -18"><span class='ocrx_word' id='word_1_650' title='bbox 779 5283 840 5321; x_wconf 90' lang='lat' dir='ltr'><strong>ac</strong></span> <span class='ocrx_word' id='word_1_651' title='bbox 863 5269 1132 5336; x_wconf 87' lang='lat' dir='ltr'><strong>religionis</strong></span> <span class='ocrx_word' id='word_1_652' title='bbox 1155 5282 1268 5320; x_wconf 77' lang='lat' dir='ltr'><strong>sua:</strong></span> <span class='ocrx_word' id='word_1_653' title='bbox 1302 5265 1454 5317; x_wconf 87' lang='lat' dir='ltr'><strong>[idem</strong></span> <span class='ocrx_word' id='word_1_654' title='bbox 1493 5272 1651 5331; x_wconf 90' lang='lat' dir='ltr'><strong>atque</strong></span> <span class='ocrx_word' id='word_1_655' title='bbox 1678 5261 2076 5314; x_wconf 85' lang='lat' dir='ltr'><strong>observantiam</strong></span> <span class='ocrx_word' id='word_1_656' title='bbox 2116 5260 2315 5312; x_wconf 90' lang='lat' dir='ltr'><strong>retine-</strong></span> 
     </span>
    </p>
   </div>
   <div class='ocr_carea' id='block_1_74' title="bbox 779 5349 2314 5426">
    <p class='ocr_par' dir='ltr' id='par_1_74' title="bbox 779 5349 2314 5426">
     <span class='ocr_line' id='line_1_74' title="bbox 779 5349 2314 5426; baseline -0.005 -16"><span class='ocrx_word' id='word_1_657' title='bbox 779 5368 912 5410; x_wconf 86' lang='lat' dir='ltr'><strong>rent.</strong></span> <span class='ocrx_word' id='word_1_658' title='bbox 942 5361 1046 5412; x_wconf 88' lang='lat' dir='ltr'><strong>Sed</strong></span> <span class='ocrx_word' id='word_1_659' title='bbox 1072 5357 1324 5426; x_wconf 89' lang='lat' dir='ltr'><strong>quoniam</strong></span> <span class='ocrx_word' id='word_1_660' title='bbox 1348 5357 1401 5408; x_wconf 88' lang='lat' dir='ltr'><strong>in</strong></span> <span class='ocrx_word' id='word_1_661' title='bbox 1431 5369 1495 5408; x_wconf 92' lang='lat' dir='ltr'><strong>eo</strong></span> <span class='ocrx_word' id='word_1_662' title='bbox 1525 5353 1785 5420; x_wconf 89' lang='lat' dir='ltr'><strong>rescripto</strong></span> <span class='ocrx_word' id='word_1_663' title='bbox 1814 5366 1918 5419; x_wconf 90' lang='lat' dir='ltr'><strong>quo</strong></span> <span class='ocrx_word' id='word_1_664' title='bbox 1952 5351 2063 5403; x_wconf 69' lang='lat' dir='ltr'><strong>haac</strong></span> <span class='ocrx_word' id='word_1_665' title='bbox 2091 5349 2314 5402; x_wconf 82' lang='lat' dir='ltr'><strong>facultas</strong></span> 
     </span>
    </p>
   </div>
   <div class='ocr_carea' id='block_1_75' title="bbox 781 5440 2314 5511">
    <p class='ocr_par' dir='ltr' id='par_1_75' title="bbox 781 5440 2314 5511">
     <span class='ocr_line' id='line_1_75' title="bbox 781 5440 2314 5511; baseline -0.002 -15"><span class='ocrx_word' id='word_1_666' title='bbox 781 5447 881 5501; x_wconf 88' lang='lat' dir='ltr'><strong>illis</strong></span> <span class='ocrx_word' id='word_1_667' title='bbox 901 5464 1160 5502; x_wconf 90' lang='lat' dir='ltr'><strong>concessa</strong></span> <span class='ocrx_word' id='word_1_668' title='bbox 1190 5448 1383 5511; x_wconf 90' lang='lat' dir='ltr'><strong>fuerat,</strong></span> <span class='ocrx_word' id='word_1_669' title='bbox 1413 5445 1591 5498; x_wconf 66' lang='lat' dir='ltr'><strong>multa:</strong></span> <span class='ocrx_word' id='word_1_670' title='bbox 1616 5458 1678 5496; x_wconf 91' lang='lat' dir='ltr'><strong>ac</strong></span> <span class='ocrx_word' id='word_1_671' title='bbox 1699 5443 1920 5496; x_wconf 69' lang='lat' dir='ltr'><strong>diversa:</strong></span> <span class='ocrx_word' id='word_1_672' title='bbox 1940 5451 2098 5494; x_wconf 60' lang='lat' dir='ltr'><strong>sectas</strong></span> <span class='ocrx_word' id='word_1_673' title='bbox 2117 5440 2314 5493; x_wconf 90' lang='lat' dir='ltr'><strong>diserte</strong></span> 
     </span>
    </p>
   </div>
   <div class='ocr_carea' id='block_1_76' title="bbox 783 5531 2314 5601">
    <p class='ocr_par' dir='ltr' id='par_1_76' title="bbox 783 5531 2314 5601">
     <span class='ocr_line' id='line_1_76' title="bbox 783 5531 2314 5601; baseline 0.001 -16"><span class='ocrx_word' id='word_1_674' title='bbox 783 5548 843 5587; x_wconf 90' lang='lat' dir='ltr'><strong>ac</strong></span> <span class='ocrx_word' id='word_1_675' title='bbox 872 5539 1176 5590; x_wconf 87' lang='lat' dir='ltr'><strong>nominatim</strong></span> <span class='ocrx_word' id='word_1_676' title='bbox 1216 5537 1404 5590; x_wconf 64' lang='lat' dir='ltr'><strong>additae</strong></span> <span class='ocrx_word' id='word_1_677' title='bbox 1443 5536 1775 5598; x_wconf 86' lang='lat' dir='ltr'><strong>videbantur,</strong></span> <span class='ocrx_word' id='word_1_678' title='bbox 1800 5532 2014 5601; x_wconf 89' lang='lat' dir='ltr'><strong>quidam</strong></span> <span class='ocrx_word' id='word_1_679' title='bbox 2037 5545 2220 5586; x_wconf 89' lang='lat' dir='ltr'><strong>eorum</strong></span> <span class='ocrx_word' id='word_1_680' title='bbox 2247 5531 2314 5586; x_wconf 92' lang='lat' dir='ltr'><strong>ob</strong></span> 
     </span>
    </p>
   </div>
   <div class='ocr_carea' id='block_1_77' title="bbox 849 5695 1837 5761">
    <p class='ocr_par' dir='ltr' id='par_1_77' title="bbox 849 5695 1837 5761">
     <span class='ocr_line' id='line_1_77' title="bbox 849 5695 1837 5761; baseline 0 -15"><span class='ocrx_word' id='word_1_681' title='bbox 849 5695 892 5725; x_wconf 80' lang='lat'><strong>&quot;</strong></span> <span class='ocrx_word' id='word_1_682' title='bbox 920 5697 934 5746; x_wconf 94' lang='grc' dir='ltr'><strong>Ι</strong></span> <span class='ocrx_word' id='word_1_683' title='bbox 965 5699 1085 5750; x_wconf 86' lang='lat' dir='ltr'><strong>Cor.</strong></span> <span class='ocrx_word' id='word_1_684' title='bbox 1119 5713 1177 5761; x_wconf 81' lang='lat' dir='ltr'><strong>ll,</strong></span> <span class='ocrx_word' id='word_1_685' title='bbox 1206 5698 1258 5751; x_wconf 85' lang='lat'><strong>9.</strong></span> <span class='ocrx_word' id='word_1_686' title='bbox 1331 5700 1374 5729; x_wconf 84' lang='lat'><strong>&quot;</strong></span> <span class='ocrx_word' id='word_1_687' title='bbox 1405 5696 1545 5752; x_wconf 81' lang='lat' dir='ltr'><strong>Psal.</strong></span> <span class='ocrx_word' id='word_1_688' title='bbox 1567 5712 1661 5760; x_wconf 85' lang='lat' dir='ltr'><strong>cu,</strong></span> <span class='ocrx_word' id='word_1_689' title='bbox 1689 5697 1724 5750; x_wconf 86' lang='lat'><strong>&#39;5</strong></span> <span class='ocrx_word' id='word_1_690' title='bbox 1757 5695 1837 5748; x_wconf 75' lang='lat'><strong>13.</strong></span> 
     </span>
    </p>
   </div>
   <div class='ocr_carea' id='block_1_78' title="bbox 2949 4204 3459 4256">
    <p class='ocr_par' dir='ltr' id='par_1_78' title="bbox 2949 4204 3459 4256">
     <span class='ocr_line' id='line_1_78' title="bbox 2949 4204 3459 4256; baseline -0.004 0"><span class='ocrx_word' id='word_1_691' title='bbox 2949 4204 3338 4256; x_wconf 82' lang='grc' dir='ltr'><strong>ΚΕΦΑΛΑΙΟΝ</strong></span> <span class='ocrx_word' id='word_1_692' title='bbox 3384 4205 3459 4255; x_wconf 89' lang='grc' dir='ltr'><strong>Ε’.</strong></span> 
     </span>
    </p>
   </div>
   <div class='ocr_carea' id='block_1_79' title="bbox 2434 4288 3906 4363">
    <p class='ocr_par' dir='ltr' id='par_1_79' title="bbox 2434 4288 3906 4363">
     <span class='ocr_line' id='line_1_79' title="bbox 2434 4288 3906 4363; baseline -0.01 -15"><span class='ocrx_word' id='word_1_693' title='bbox 2434 4297 2771 4363; x_wconf 66' lang='grc' dir='ltr'>Ἀντίῃοαφα</span> <span class='ocrx_word' id='word_1_694' title='bbox 2799 4293 3136 4357; x_wconf 76' lang='grc' dir='ltr'>βασιλικῶν</span> <span class='ocrx_word' id='word_1_695' title='bbox 3161 4293 3357 4358; x_wconf 81' lang='grc' dir='ltr'>νόμων</span> <span class='ocrx_word' id='word_1_696' title='bbox 3379 4291 3518 4358; x_wconf 80' lang='lat' dir='ltr'><strong>(Nic.</strong></span> <span class='ocrx_word' id='word_1_697' title='bbox 3548 4290 3621 4343; x_wconf 84' lang='grc' dir='ltr'><strong>Η.</strong></span> <span class='ocrx_word' id='word_1_698' title='bbox 3651 4289 3712 4342; x_wconf 83' lang='grc' dir='ltr'><strong>Ε.</strong></span> <span class='ocrx_word' id='word_1_699' title='bbox 3733 4305 3814 4351; x_wconf 84' lang='lat' dir='ltr'><strong>vlt,</strong></span> <span class='ocrx_word' id='word_1_700' title='bbox 3833 4288 3906 4338; x_wconf 66' lang='lat' dir='ltr'><strong>lii.</strong></span> 
     </span>
    </p>
   </div>
   <div class='ocr_carea' id='block_1_80' title="bbox 2413 4381 3906 4455">
    <p class='ocr_par' dir='ltr' id='par_1_80' title="bbox 2413 4381 3906 4455">
     <span class='ocr_line' id='line_1_80' title="bbox 2413 4381 3906 4455; baseline -0.007 -17"><span class='ocrx_word' id='word_1_701' title='bbox 2413 4446 2418 4452; x_wconf 36' lang='lat'><strong>,</strong></span> <span class='ocrx_word' id='word_1_702' title='bbox 2485 4389 2617 4455; x_wconf 81' lang='grc' dir='ltr'>Φέρε</span> <span class='ocrx_word' id='word_1_703' title='bbox 2669 4387 2731 4454; x_wconf 85' lang='grc' dir='ltr'>δὴ</span> <span class='ocrx_word' id='word_1_704' title='bbox 2789 4385 2974 4437; x_wconf 79' lang='grc' dir='ltr'>λοιπὸν</span> <span class='ocrx_word' id='word_1_705' title='bbox 3029 4385 3120 4434; x_wconf 80' lang='grc' dir='ltr'><strong>καὶ</strong></span> <span class='ocrx_word' id='word_1_706' title='bbox 3178 4382 3286 4433; x_wconf 84' lang='grc' dir='ltr'>τῶν</span> <span class='ocrx_word' id='word_1_707' title='bbox 3341 4381 3632 4450; x_wconf 83' lang='grc' dir='ltr'>βασιλικῶν</span> <span class='ocrx_word' id='word_1_708' title='bbox 3681 4381 3906 4443; x_wconf 69' lang='grc' dir='ltr'>διατάξεων</span> 
     </span>
    </p>
   </div>
   <div class='ocr_carea' id='block_1_81' title="bbox 2418 4472 3906 4543">
    <p class='ocr_par' dir='ltr' id='par_1_81' title="bbox 2418 4472 3906 4543">
     <span class='ocr_line' id='line_1_81' title="bbox 2418 4472 3906 4543; baseline -0.003 -19"><span class='ocrx_word' id='word_1_709' title='bbox 2418 4476 2820 4524; x_wconf 82' lang='grc' dir='ltr'>Κωνσταντίνου</span> <span class='ocrx_word' id='word_1_710' title='bbox 2865 4475 2956 4524; x_wconf 78' lang='grc' dir='ltr'>καὶ</span> <span class='ocrx_word' id='word_1_711' title='bbox 2999 4473 3265 4524; x_wconf 80' lang='grc' dir='ltr'>Λικιννίου</span> <span class='ocrx_word' id='word_1_712' title='bbox 3296 4472 3394 4534; x_wconf 79' lang='grc' dir='ltr'>τὰς</span> <span class='ocrx_word' id='word_1_713' title='bbox 3439 4476 3502 4525; x_wconf 84' lang='grc' dir='ltr'>ὲκ</span> <span class='ocrx_word' id='word_1_714' title='bbox 3545 4474 3646 4543; x_wconf 84' lang='grc' dir='ltr'><strong>τῆς</strong></span> <span class='ocrx_word' id='word_1_715' title='bbox 3687 4473 3906 4543; x_wconf 62' lang='grc' dir='ltr'>Ῥωμαίων</span> 
     </span>
    </p>
   </div>
   <div class='ocr_carea' id='block_1_82' title="bbox 2417 4563 3779 4635">
    <p class='ocr_par' dir='ltr' id='par_1_82' title="bbox 2417 4563 3779 4635">
     <span class='ocr_line' id='line_1_82' title="bbox 2417 4563 3779 4635; baseline 0.007 -25"><span class='ocrx_word' id='word_1_716' title='bbox 2417 4563 2597 4629; x_wconf 69' lang='grc' dir='ltr'>φωνῆς</span> <span class='ocrx_word' id='word_1_717' title='bbox 2633 4563 3061 4632; x_wconf 77' lang='grc' dir='ltr'>μεταληφθείσας</span> <span class='ocrx_word' id='word_1_718' title='bbox 3095 4563 3383 4631; x_wconf 79' lang='grc' dir='ltr'>ἑρμηνείας</span> <span class='ocrx_word' id='word_1_719' title='bbox 3407 4565 3779 4635; x_wconf 77' lang='grc' dir='ltr'>παραθώμεθα.</span> 
     </span>
    </p>
   </div>
   <div class='ocr_carea' id='block_1_83' title="bbox 2433 4651 3902 4734">
    <p class='ocr_par' dir='ltr' id='par_1_83' title="bbox 2433 4651 3902 4734">
     <span class='ocr_line' id='line_1_83' title="bbox 2433 4651 3902 4734; baseline 0.002 -32"><span class='ocrx_word' id='word_1_720' title='bbox 2433 4653 2806 4717; x_wconf 61' lang='grc' dir='ltr'>Ἀντίτριιρον</span> <span class='ocrx_word' id='word_1_721' title='bbox 2833 4651 3169 4734; x_wconf 51' lang='grc' dir='ltr'><strong>ἱβ’ίιίιίλικῶιν·</strong></span> <span class='ocrx_word' id='word_1_722' title='bbox 3197 4652 3529 4734; x_wconf 40' lang='grc' dir='ltr'>διατάξεως</span> <span class='ocrx_word' id='word_1_723' title='bbox 3537 4657 3607 4708; x_wconf 84' lang='grc' dir='ltr'>ἐκ</span> <span class='ocrx_word' id='word_1_724' title='bbox 3644 4654 3902 4725; x_wconf 53' lang='grc' dir='ltr'>Ῥωμαῖκῆς</span> 
     </span>
    </p>
   </div>
   <div class='ocr_carea' id='block_1_84' title="bbox 2780 4725 3616 4788">
    <p class='ocr_par' dir='ltr' id='par_1_84' title="bbox 2780 4725 3616 4788">
     <span class='ocr_line' id='line_1_84' title="bbox 2780 4725 3616 4788; baseline 0.011 -18"><span class='ocrx_word' id='word_1_725' title='bbox 2780 4725 3061 4788; x_wconf 73' lang='grc' dir='ltr'>γλώσσης</span> <span class='ocrx_word' id='word_1_726' title='bbox 3087 4725 3572 4788; x_wconf 66' lang='grc' dir='ltr'>μεταληφθεισῶγ</span> <span class='ocrx_word' id='word_1_727' title='bbox 3598 4764 3616 4778; x_wconf 88' lang='grc'><em>.</em></span> 
     </span>
    </p>
   </div>
   <div class='ocr_carea' id='block_1_85' title="bbox 2554 4809 3900 4890">
    <p class='ocr_par' dir='ltr' id='par_1_85' title="bbox 2554 4809 3900 4890">
     <span class='ocr_line' id='line_1_85' title="bbox 2554 4809 3900 4890; baseline 0.009 -32"><span class='ocrx_word' id='word_1_728' title='bbox 2554 4809 2686 4878; x_wconf 85' lang='grc' dir='ltr'>Ἤδη</span> <span class='ocrx_word' id='word_1_729' title='bbox 2727 4811 2822 4876; x_wconf 77' lang='grc' dir='ltr'><strong>μὲν</strong></span> <span class='ocrx_word' id='word_1_730' title='bbox 2851 4810 3016 4861; x_wconf 78' lang='grc' dir='ltr'>πάλαι</span> <span class='ocrx_word' id='word_1_731' title='bbox 3044 4811 3363 4874; x_wconf 78' lang='grc' dir='ltr'>σκοποῦντες</span> <span class='ocrx_word' id='word_1_732' title='bbox 3385 4815 3485 4885; x_wconf 82' lang='grc' dir='ltr'>τὴν</span> <span class='ocrx_word' id='word_1_733' title='bbox 3527 4817 3809 4890; x_wconf 68' lang='grc' dir='ltr'>ἐλευθερίαν</span> <span class='ocrx_word' id='word_1_734' title='bbox 3836 4815 3900 4881; x_wconf 70' lang='grc' dir='ltr'><strong>τῆς</strong></span> 
     </span>
    </p>
   </div>
   <div class='ocr_carea' id='block_1_86' title="bbox 2421 4899 3898 4975">
    <p class='ocr_par' dir='ltr' id='par_1_86' title="bbox 2421 4899 3898 4975">
     <span class='ocr_line' id='line_1_86' title="bbox 2421 4899 3898 4975; baseline 0.017 -31"><span class='ocrx_word' id='word_1_735' title='bbox 2421 4899 2712 4967; x_wconf 77' lang='grc' dir='ltr'>θρησκείας</span> <span class='ocrx_word' id='word_1_736' title='bbox 2739 4900 2836 4950; x_wconf 70' lang='grc' dir='ltr'><strong>οὐκ</strong></span> <span class='ocrx_word' id='word_1_737' title='bbox 2863 4902 3128 4975; x_wconf 53' lang='grc' dir='ltr'>ἀρητέαν</span> <span class='ocrx_word' id='word_1_738' title='bbox 3159 4899 3314 4967; x_wconf 83' lang='grc' dir='ltr'>εἶναι,</span> <span class='ocrx_word' id='word_1_739' title='bbox 3347 4906 3460 4957; x_wconf 83' lang='grc' dir='ltr'>ἀλλ’</span> <span class='ocrx_word' id='word_1_740' title='bbox 3489 4909 3608 4970; x_wconf 79' lang='grc' dir='ltr'>ἑνὸς</span> <span class='ocrx_word' id='word_1_741' title='bbox 3638 4912 3833 4962; x_wconf 76' lang='grc' dir='ltr'>ἑκάστου</span> 
     </span>
    </p>
   </div>
   <div class='ocr_carea' id='block_1_87' title="bbox 2419 4987 3896 5058">
    <p class='ocr_par' dir='ltr' id='par_1_87' title="bbox 2419 4987 3896 5058">
     <span class='ocr_line' id='line_1_87' title="bbox 2419 4987 3896 5058; baseline 0.006 -20"><span class='ocrx_word' id='word_1_742' title='bbox 2419 4988 2620 5055; x_wconf 73' lang='grc' dir='ltr'>διανοίᾳ</span> <span class='ocrx_word' id='word_1_743' title='bbox 2667 4987 2757 5039; x_wconf 69' lang='grc' dir='ltr'>καὶ</span> <span class='ocrx_word' id='word_1_744' title='bbox 2803 4988 3047 5058; x_wconf 78' lang='grc' dir='ltr'>βουλήσει</span> <span class='ocrx_word' id='word_1_745' title='bbox 3094 4990 3337 5052; x_wconf 80' lang='grc' dir='ltr'>ἐξουσίαν</span> <span class='ocrx_word' id='word_1_746' title='bbox 3382 4994 3559 5049; x_wconf 83' lang='grc' dir='ltr'>δοτέον</span> <span class='ocrx_word' id='word_1_747' title='bbox 3594 4997 3686 5049; x_wconf 79' lang='grc' dir='ltr'>τοῦ</span> <span class='ocrx_word' id='word_1_748' title='bbox 3725 4996 3780 5048; x_wconf 80' lang='grc' dir='ltr'>τὰ</span> <span class='ocrx_word' id='word_1_749' title='bbox 3820 4992 3896 5041; x_wconf 64' lang='grc' dir='ltr'>θεῖα</span> 
     </span>
    </p>
   </div>
   <div class='ocr_carea' id='block_1_88' title="bbox 2420 5077 3895 5158">
    <p class='ocr_par' dir='ltr' id='par_1_88' title="bbox 2420 5077 3895 5158">
     <span class='ocr_line' id='line_1_88' title="bbox 2420 5077 3895 5158; baseline 0.008 -32"><span class='ocrx_word' id='word_1_750' title='bbox 2420 5078 2714 5145; x_wconf 82' lang='grc' dir='ltr'>πράγματα</span> <span class='ocrx_word' id='word_1_751' title='bbox 2740 5077 2989 5147; x_wconf 72' lang='grc' dir='ltr'>τημελεῖν</span> <span class='ocrx_word' id='word_1_752' title='bbox 3013 5081 3148 5131; x_wconf 76' lang='grc' dir='ltr'>κατὰ</span> <span class='ocrx_word' id='word_1_753' title='bbox 3172 5082 3266 5152; x_wconf 83' lang='grc' dir='ltr'><strong>τὴν</strong></span> <span class='ocrx_word' id='word_1_754' title='bbox 3287 5085 3448 5137; x_wconf 79' lang='grc' dir='ltr'>αὑτοῦ</span> <span class='ocrx_word' id='word_1_755' title='bbox 3470 5089 3783 5158; x_wconf 78' lang='grc' dir='ltr'>προαίρεσιν,</span> <span class='ocrx_word' id='word_1_756' title='bbox 3807 5083 3895 5131; x_wconf 63' lang='grc' dir='ltr'><strong>ἐκεῖ·</strong></span> 
     </span>
    </p>
   </div>
   <div class='ocr_carea' id='block_1_89' title="bbox 2422 5166 3894 5246">
    <p class='ocr_par' dir='ltr' id='par_1_89' title="bbox 2422 5166 3894 5246">
     <span class='ocr_line' id='line_1_89' title="bbox 2422 5166 3894 5246; baseline 0.004 -33"><span class='ocrx_word' id='word_1_757' title='bbox 2422 5182 2542 5217; x_wconf 85' lang='grc' dir='ltr'>στον</span> <span class='ocrx_word' id='word_1_758' title='bbox 2576 5166 2983 5236; x_wconf 70' lang='grc' dir='ltr'>κεκελεύκειμεν</span> <span class='ocrx_word' id='word_1_759' title='bbox 3004 5208 3017 5232; x_wconf 92' lang='grc'><strong>,</strong></span> <span class='ocrx_word' id='word_1_760' title='bbox 3053 5173 3162 5232; x_wconf 85' lang='grc' dir='ltr'>τοῖς</span> <span class='ocrx_word' id='word_1_761' title='bbox 3205 5190 3263 5223; x_wconf 90' lang='grc' dir='ltr'><strong>τε</strong></span> <span class='ocrx_word' id='word_1_762' title='bbox 3292 5176 3656 5244; x_wconf 73' lang='grc' dir='ltr'>Χριπιανοῖς,</span> <span class='ocrx_word' id='word_1_763' title='bbox 3685 5178 3770 5246; x_wconf 84' lang='grc' dir='ltr'>τῆς</span> <span class='ocrx_word' id='word_1_764' title='bbox 3790 5170 3894 5238; x_wconf 70' lang='grc' dir='ltr'>αἱρέ-</span> 
     </span>
    </p>
   </div>
   <div class='ocr_carea' id='block_1_90' title="bbox 2421 5261 3893 5341">
    <p class='ocr_par' dir='ltr' id='par_1_90' title="bbox 2421 5261 3893 5341">
     <span class='ocr_line' id='line_1_90' title="bbox 2421 5261 3893 5341; baseline 0.011 -32"><span class='ocrx_word' id='word_1_765' title='bbox 2421 5276 2557 5321; x_wconf 82' lang='grc' dir='ltr'>σεως</span> <span class='ocrx_word' id='word_1_766' title='bbox 2589 5261 2680 5312; x_wconf 78' lang='grc' dir='ltr'><strong>καὶ</strong></span> <span class='ocrx_word' id='word_1_767' title='bbox 2717 5263 2813 5330; x_wconf 76' lang='grc' dir='ltr'>τῆς</span> <span class='ocrx_word' id='word_1_768' title='bbox 2844 5262 3131 5332; x_wconf 79' lang='grc' dir='ltr'>θρησκείας</span> <span class='ocrx_word' id='word_1_769' title='bbox 3162 5267 3256 5336; x_wconf 80' lang='grc' dir='ltr'><strong>τῆς</strong></span> <span class='ocrx_word' id='word_1_770' title='bbox 3286 5270 3487 5323; x_wconf 76' lang='grc' dir='ltr'>ἑαυτῶν</span> <span class='ocrx_word' id='word_1_771' title='bbox 3514 5272 3612 5341; x_wconf 74' lang='grc' dir='ltr'>τὴν</span> <span class='ocrx_word' id='word_1_772' title='bbox 3647 5273 3801 5323; x_wconf 78' lang='grc' dir='ltr'>πίστιν</span> <span class='ocrx_word' id='word_1_773' title='bbox 3829 5283 3893 5330; x_wconf 65' lang='grc' dir='ltr'><strong>φ’)-</strong></span> 
     </span>
    </p>
   </div>
   <div class='ocr_carea' id='block_1_91' title="bbox 2419 5349 3893 5432">
    <p class='ocr_par' dir='ltr' id='par_1_91' title="bbox 2419 5349 3893 5432">
     <span class='ocr_line' id='line_1_91' title="bbox 2419 5349 3893 5432; baseline 0.011 -32"><span class='ocrx_word' id='word_1_774' title='bbox 2419 5349 2644 5405; x_wconf 83' lang='grc' dir='ltr'>λάττειν.</span> <span class='ocrx_word' id='word_1_775' title='bbox 2690 5353 2822 5403; x_wconf 80' lang='grc' dir='ltr'><strong>Ἀλλ’</strong></span> <span class='ocrx_word' id='word_1_776' title='bbox 2847 5353 3027 5424; x_wconf 80' lang='grc' dir='ltr'>ἐπειδὴ</span> <span class='ocrx_word' id='word_1_777' title='bbox 3054 5356 3238 5409; x_wconf 76' lang='grc' dir='ltr'>πολλαὶ</span> <span class='ocrx_word' id='word_1_778' title='bbox 3260 5361 3351 5411; x_wconf 77' lang='grc' dir='ltr'><strong>καὶ</strong></span> <span class='ocrx_word' id='word_1_779' title='bbox 3378 5361 3618 5431; x_wconf 77' lang='grc' dir='ltr'>διάφοροι</span> <span class='ocrx_word' id='word_1_780' title='bbox 3642 5360 3838 5432; x_wconf 74' lang='grc' dir='ltr'>αἱρέσεις</span> <span class='ocrx_word' id='word_1_781' title='bbox 3856 5355 3893 5402; x_wconf 69' lang='grc' dir='ltr'><strong>ἐν</strong></span> 
     </span>
    </p>
   </div>
   <div class='ocr_carea' id='block_1_92' title="bbox 2419 5441 3889 5522">
    <p class='ocr_par' dir='ltr' id='par_1_92' title="bbox 2419 5441 3889 5522">
     <span class='ocr_line' id='line_1_92' title="bbox 2419 5441 3889 5522; baseline 0.014 -33"><span class='ocrx_word' id='word_1_782' title='bbox 2419 5441 2599 5513; x_wconf 73' lang='grc' dir='ltr'>ἐκείνῃ</span> <span class='ocrx_word' id='word_1_783' title='bbox 2646 5445 2710 5511; x_wconf 84' lang='grc' dir='ltr'>τῇ</span> <span class='ocrx_word' id='word_1_784' title='bbox 2766 5444 3101 5514; x_wconf 79' lang='grc' dir='ltr'>ἀντιγραφῇ,</span> <span class='ocrx_word' id='word_1_785' title='bbox 3152 5449 3209 5500; x_wconf 84' lang='grc' dir='ltr'>ὲν</span> <span class='ocrx_word' id='word_1_786' title='bbox 3350 5455 3460 5515; x_wconf 84' lang='grc' dir='ltr'>τοῖς</span> <span class='ocrx_word' id='word_1_787' title='bbox 3504 5455 3684 5514; x_wconf 81' lang='grc' dir='ltr'>αὐτοῖς</span> <span class='ocrx_word' id='word_1_788' title='bbox 3719 5460 3889 5513; x_wconf 62' lang='grc' dir='ltr'>συνεῖεν</span> 
     </span>
    </p>
   </div>
   <div class='ocr_carea' id='block_1_93' title="bbox 2422 5531 3933 5616">
    <p class='ocr_par' dir='ltr' id='par_1_93' title="bbox 2422 5531 3933 5616">
     <span class='ocr_line' id='line_1_93' title="bbox 2422 5531 3933 5616; baseline 0.009 -35"><span class='ocrx_word' id='word_1_789' title='bbox 2422 5531 2555 5602; x_wconf 81' lang='grc' dir='ltr'><strong>ρὴθη</strong></span> <span class='ocrx_word' id='word_1_790' title='bbox 2587 5535 2618 5602; x_wconf 87' lang='grc' dir='ltr'><strong>ἡ</strong></span> <span class='ocrx_word' id='word_1_791' title='bbox 2660 5534 2878 5603; x_wconf 75' lang='grc' dir='ltr'>τοιαύτη</span> <span class='ocrx_word' id='word_1_792' title='bbox 2906 5535 3140 5606; x_wconf 75' lang='grc' dir='ltr'>ἐξουσία,</span> <span class='ocrx_word' id='word_1_793' title='bbox 3176 5540 3386 5597; x_wconf 81' lang='grc' dir='ltr'>ἐδόκουν</span> <span class='ocrx_word' id='word_1_794' title='bbox 3424 5540 3802 5616; x_wconf 77' lang='grc' dir='ltr'>προστεθείσθαι</span> <span class='ocrx_word' id='word_1_795' title='bbox 3825 5550 3888 5608; x_wconf 62' lang='lat' dir='ltr'><strong>63f</strong></span> <span class='ocrx_word' id='word_1_796' title='bbox 3932 5579 3933 5584; x_wconf 61' lang='grc' dir='ltr'>η</span> 
     </span>
    </p>
   </div>
  </div>
