3952 6338
552 301 657 357 895

1250 300 1517 356 EUSEBll
1554 295 2029 354 CASSABIENSIS
2066 293 2215 357 OPP.
2260 290 2435 352 PARS
2470 290 2514 351 Ι.
2548 320 2621 333 -
2657 290 3041 352 HISTORICA.

557 429 755 476 nostra
798 421 851 475 in
902 421 1007 477 boc
1054 420 1332 475 laetissimo
1352 428 1495 473 statu
1529 419 1666 473 etin
1700 406 2009 487 huiusmodi
2036 418 2115 474 fe-

2227 414 2356 481 ἢμᾶς
2389 414 2448 465 ὲν
2493 412 2798 485 εὐφροσύνῃ
2828 412 2921 465 καὶ
2955 406 3319 481 πανηγύρεσιν
3368 405 3619 460 ἐτελεῖτο.
3652 404 3766 471 οὐκ

558 513 887 568 stivitatibus
929 522 1110 567 erant.
1157 513 1263 567 Sed
1309 513 1525 566 virtutis
1560 512 1808 566 inimicus
1838 525 1893 566 et
1942 511 2111 568 malo—

561 620 679 659 rum
733 606 972 660 omnium
1028 603 1456 659 studiosissimus
1499 601 1756 658 daemonis
1803 604 1960 667 livor,
2009 602 2113 657 hoc

560 697 930 763 spectaculum
978 695 1070 749 diu
1133 694 1279 749 ferre
1336 710 1442 748 non
1494 696 1685 767 potuit.
1744 694 1926 764 Neque
1982 696 2111 748 item

556 789 716 859 395
738 787 977 842 Licinius
1005 787 1073 839 iis
1096 784 1489 838 calamitatibus
1518 801 1635 854 qua:
1670 786 1995 854 supradictis
2020 794 2104 853 ty:

558 879 751 930 rannis
776 875 1113 935 acciderant,
1138 872 1336 924 erudiri
1364 874 1535 939 potuit
1569 882 1627 926 ut
1656 881 1870 941 saperet
1903 888 1964 929 ac
2000 886 2115 925 mo-

558 970 711 1022 deste
731 974 931 1033 ageret.
959 964 1057 1027 Qui
1084 977 1337 1031 prospero
1361 964 1567 1031 imperii
1587 965 1668 1019 sui
1697 972 1865 1029 statu,
1888 965 2110 1017 secundi

558 1070 681 1128 post
717 1055 1130 1111 ConStantinum
1162 1054 1451 1107 maximum
1475 1054 1576 1108 loci
1603 1055 1894 1123 dignitate,
1920 1065 1975 1108 et
2002 1053 2115 1109 alli-

559 1151 727 1202 nitate
758 1146 1079 1215 auguStique
1110 1147 1324 1213 generis
1359 1144 1736 1213 conjunctione
1771 1141 2112 1210 honoratus,

560 1254 591 1291 a
621 1239 878 1297 bonorum
922 1236 1137 1306 quidem
1185 1236 1486 1289 imitatione
1517 1236 1776 1297 descivit,
1820 1236 2114 1305 impiorum

470 1370 473 1371 ν
560 1343 693 1381 vero
747 1338 1096 1393 tyrannorum
1147 1342 1343 1394 pravos
1398 1336 1563 1393 atque
1608 1326 1887 1393 improbos
1935 1342 2115 1380 mores

560 1418 836 1471 armulatns
864 1430 963 1473 est.
994 1420 1061 1472 Et
1082 1432 1309 1487 quorum
1340 1415 1702 1470 miserabilem
1753 1410 1876 1467 vita:
1912 1416 2114 1468 exitum

560 1510 674 1564 suis
702 1515 815 1577 ipse
846 1509 1016 1564 oculis
1052 1518 1439 1578 conspexerat,
1483 1520 1672 1579 eorum
1704 1505 1931 1559 consilia
1962 1507 2114 1572 sequi

562 1600 771 1664 maluit,
801 1615 961 1667 quam
992 1601 1044 1653 in
1074 1598 1443 1654 benevolentia
1468 1606 1629 1666 atque
1652 1596 1891 1648 amicitia
1923 1597 2116 1663 Optimi

2211 498 2279 575 ἦν
2305 503 2363 555 δὲ
2394 503 2502 573 ἄρα
2530 502 2610 573 τῷ
2642 502 2920 574 μισοκάλῳ
2963 501 3175 571 φθόνει),
3205 498 3285 568 τῷ
3324 513 3386 550 τε
3427 495 3767 604 φιλοπνήιτιο

2212 778 2389 848 τάρχη
2415 776 2483 828 τὰ
2506 781 2617 840 τοῖς
2655 774 2887 847 πρόσθεν
2916 771 3299 845 δεδηλωμένοις
3323 770 3602 841 τυράννοις
3632 784 3768 836 συμο

2215 866 2485 936 ϐεϐηκότα
2504 884 2518 896 ·
2554 867 2613 930 ὃς
2644 863 2704 919 εὖ
2745 865 3049 935 φερομένης
3081 863 3179 933 τῆς
3210 860 3384 931 ἀρχῆς
3409 857 3580 928 αὐτῷ,
3612 855 3767 927 βασι-

2216 957 2349 1020 λέως
2378 957 2609 1027 μεγάλου
2642 956 3050 1009 Κωνσταντίνου
3074 952 3392 1023 δευτερείων
3419 948 3617 1019 τιμῆς,
3648 949 3767 999 ἐπ-

2215 1046 2487 1118 γαμϐρίας
2512 1063 2572 1097 τε
2594 1047 2687 1099 καὶ
2716 1045 3031 1113 συγγενείας
3050 1043 3151 1113 τῆς

2219 1139 2502 1212 μιμήσεως
2526 1138 2625 1207 μὲν
2659 1136 2759 1205 τῆς
2790 1136 2899 1190 τῶν
2930 1134 3117 1189 ’καλῶν
3133 1131 3564 1202 amity-ithaca,
3588 1128 3689 1198 τῆς
3712 1126 3773 1181 δέ

2215 1230 2323 1289 τῶν
2357 1229 2569 1283 ἀσεϐῶν
2606 1228 2879 1297 τυράννων
2916 1226 3213 1297 μοχθηρίας
3246 1222 3438 1294 ἐζήλου
3472 1222 3576 1292 τὴν
3611 1236 3772 1273 καιο-

2213 1321 2463 1392 τροπίαν,
2499 1319 2593 1372 καί
2628 1311 2703 1371 ὧν
2730 1316 2824 1369 τοῦ
2865 1316 2979 1386 βίου
3017 1317 3115 1388 τὴν
3162 1314 3541 1385 καταστροφὴν
3563 1311 3772 1381 ἐπεῖδεν

2216 1413 2398 1475 αὐτοῖς
2425 1409 2743 1480 ὀφθαλμοῖς,
2777 1408 2979 1461 τούτων
2999 1407 3225 1479 ἕπεσθαι
3251 1409 3320 1476 τῇ
3338 1405 3533 1476 γνώμῃ
3554 1404 3771 1476 μᾶλλον,

2216 1492 2479 1575 ἢτῇποῦ
2537 1502 2842 1571 κρείττονος
2893 1498 3128 1552 διαθέσει
3174 1498 3431 1567 ἐμμένειν
3466 1497 3562 1549 καὶ
3605 1494 3771 1565 φιλίᾳ,

2218 1600 2418 1667 ᾑρεῖτο.
2440 1592 2820 1663 Διαφθονηθείς
2843 1592 2907 1660 τέ
2923 1608 3004 1643 τοι
3026 1590 3102 1659 τῷ
3123 1589 3513 1659 πνευερτέτῃ’
3544 1588 3774 1658 was?”

561 1675 815 1758 principis
840 1699 1105 1758 perstare.
1132 1689 1340 1741 Etenim
1366 1687 1584 1739 invidiae
1604 1671 1835 1740 stimulis
1859 1687 2117 1739 adversus

2227 1688 2422 1757 δυσαγῆ
2439 1687 2531 1738 καὶ
2546 1684 2845 1737 δεινότατον
2876 1683 3009 1753 πρὸς
3028 1681 3187 1733 αὐτὸν
3212 1679 3454 1748 ἐκφέρει,
3476 1681 3541 1732 οὐ
3566 1680 3775 1749 9M

558 1780 698 1835 bene
727 1780 791 1833 de
811 1792 869 1831 se
888 1778 1135 1831 meritum
1161 1775 1434 1836 incitatus,
1465 1774 1842 1844 gravissimum
1872 1779 1929 1825 et
1958 1770 2110 1833 nefa-

2227 1751 2394 1847 νόμων
2411 1751 2756 1844 φεισάμενος,
2789 1773 2886 1843 οὐχ
2910 1751 3279 1842 όργαυμοσιῶν,
3316 1768 3415 1837 οὐχ
3442 1762 3691 1837 αἵματος,
3711 1767 3774 1820 οὐ

561 1871 698 1922 rium
731 1872 779 1922 ei
812 1869 1006 1922 bellum
1031 1867 1225 1931 itttttlit,
1282 1882 1387 1919 non
1424 1878 1632 1921 natura:
1660 1849 1925 1920 reveritus
1962 1865 2107 1932 jura,

560 1976 667 2013 non
700 1958 985 2021 ftederum,
1026 1971 1132 2009 non
1159 1955 1529 2023 jurisjurandi,
1580 1971 1678 2009 nec
1729 1955 2111 2024 consanguini-

564 2050 688 2109 tatis
741 2062 964 2101 memor.
1023 2045 1155 2099 Nam
1216 2045 1604 2099 Constantinus
1657 2048 1870 2115 quidem
1930 2054 2114 2115 utpote

560 2134 979 2208 benignisSimus
1014 2140 1285 2221 princeps,
1316 2154 1421 2207 quo
1450 2134 1677 2193 sinc’eraa
1725 2139 2114 2193 benevolentia:

562 2234 924 2289 certissimum
983 2236 1051 2287 ei‘
1088 2242 1461 2301 argumentum
1509 2232 1681 2295 daret,
1726 2230 1987 2284 allinitate
2015 2245 2113 2284 sua

562 2342 684 2383 eum
730 2328 979 2397 dignatus
1025 2327 1240 2391 fuerat;
1308 2339 1409 2378 nec
1454 2323 1693 2377 illustres
1748 2324 1959 2377 sororis
2003 2337 2113 2376 suae

564 2421 777 2489 nuptias
835 2418 1010 2473 eidem
1063 2420 1420 2485 denegaverat
1466 2434 1480 2467 :
1525 2428 1709 2467 verum
1768 2414 1954 2481 stirpis
2006 2429 2117 2470 suae

564 2513 911 2573 nobilitatem,
938 2521 994 2564 et
1019 2507 1343 2577 imperatorii
1364 2508 1474 2575 jam
1504 2506 1630 2559 inde
1651 2522 1681 2557 a
1709 2505 1928 2571 proavis
1948 2497 2113 2571 gerie-

564 2604 640 2658 ris
668 2602 1005 2670 splendorem
1035 2616 1158 2654 cum
1190 2615 1255 2652 eo
1293 2598 1806 2660 communicaverat,
1843 2598 2115 2674 totiusque

563 2694 711 2747 orbis
740 2690 966 2746 Romani
994 2689 1273 2756 imperium
1324 2702 1444 2740 cum
1490 2686 1601 2750 illo,
1655 2696 1839 2754 utpote
1881 2684 2037 2740 alIine
2065 2697 2118 2739 et

564 2782 716 2853 regni
742 2788 990 2835 consorte
1014 2779 1449 2848 participaverat.
1484 2778 1593 2832 Nec
1632 2780 1892 2833 minorem
1917 2779 1967 2831 ei
1992 2793 2115 2845 por-

570 2875 765 2927 tionem
796 2872 999 2940 imperii
1036 2870 1264 2927 Romani
1293 2869 1579 2941 regendam
1610 2867 2119 2935 gubernandamque

567 2974 931 3019 concesserat.
963 2962 1199 3015 Licinius
1222 2975 1353 3013 vero
1379 2973 1597 3028 prorsus
1628 2960 1904 3012 contraria
1935 2958 2117 3011 omnia

568 3056 795 3125 agebat;
826 3054 1001 3109 omnis
1025 3052 1240 3121 generis
1289 3051 1510 3104 fraudes
1555 3049 1813 3102 adversus
1850 3048 2117 3115 potiorem

569 3148 811 3217 quotidie
843 3142 1277 3203 comminiscens,
1311 3149 1639 3207 cunctasque
1663 3138 1945 3191 insidiandi
1979 3145 2123 3191 artes

568 3238 900 3305 excogitans,
919 3245 977 3288 ut
1004 3234 1142 3287 bene
1172 3231 1426 3284 meritum
1468 3229 1623 3282 malis
1650 3226 2123 3283 remuneraretur.

570 3328 646 3381 Ac
692 3325 957 3394 principio
997 3322 1214 3389 quidem
1243 3319 1467 3386 insidias
1495 3327 1674 3386 tegere
1697 3318 1919 3371 studens
1941 3355 1958 3380 ,
1990 3319 2127 3371 ami-

572 3432 691 3471 cum
714 3431 773 3468 sc
797 3428 918 3467 esse
943 3410 1229 3464 simulabat
1257 3426 1271 3461 :
1303 3417 1361 3461 et
1390 3407 1577 3461 fraude
1599 3423 1663 3460 ac
1690 3407 1828 3461 dolis
1856 3407 2126 3462 Constan—

576 3507 744 3559 tinum
780 3514 921 3569 saepe
949 3510 1240 3568 appetens,
1273 3498 1429 3551 facile
1469 3514 1529 3551 se
1570 3500 1675 3551 voti
1712 3500 1793 3553 sui
1826 3508 2127 3567 compotem

576 3597 693 3652 fore
713 3595 984 3663 sperabat.
1006 3593 1112 3645 Sed
1149 3590 1292 3643 enim
1323 3591 1676 3645 Constantino
1702 3593 1924 3653 amicus,
1956 3602 2011 3647 et
2044 3602 2127 3645 tu-

580 3702 662 3742 tor
689 3694 983 3753 custosqne
1011 3692 1129 3738 erat
1158 3684 1300 3737 Deus
1333 3700 1349 3736 :
1379 3683 1469 3751 qui
1500 3684 1725 3737 insidias
1763 3686 1901 3738 clam
1945 3697 1997 3739 et
2036 3701 2129 3740 oc-

578 3780 721 3833 culte
747 3778 845 3846 ipsi
874 3784 1211 3843 comparatas
1259 3774 1312 3827 in
1360 3773 1537 3828 lucem
1572 3776 1851 3843 proferens
1881 3777 2129 3832 confuta-

576 3864 688 3925 bat.
733 3870 962 3924 Tantam
1007 3870 1115 3921 vim
1148 3867 1309 3921 habet
1347 3882 1536 3934 magna
1585 3868 1674 3921 illa
1710 3869 1920 3938 pietatis
1950 3884 2128 3922 arma-

581 3974 720 4029 tura,
754 3972 865 4016 tum
895 3964 961 4015 ad
990 3961 1380 4032 propulsandos
1421 3963 1689 4024 inimicos,
1751 3972 1862 4015 tum
1896 3964 1962 4019 ad
2008 3978 2132 4031 pro-

580 4056 710 4121 pria:
738 4054 927 4107 salutis
956 4053 1440 4107 conservationem.
1470 4050 1587 4115 Qua
1617 4052 1833 4118 quidem
1859 4063 2130 4105 armatura

582 4144 817 4197 munitus
854 4147 1145 4211 imperator
1176 4153 1357 4197 noster
1384 4145 1492 4198 Deo
1530 4144 1887 4198 charissimus
1911 4184 1926 4207 ,
1956 4145 2134 4197 multi-

585 4234 749 4301 plices
773 4233 962 4286 nefarii
984 4234 1219 4286 hominis
1241 4234 1464 4288 insidias
1486 4234 1688 4303 effugit.
1716 4236 1878 4304 Igitur
1899 4234 2136 4289 Licinius

584 4342 705 4380 cum
738 4325 972 4379 occultas
1004 4327 1225 4381 insidias
1256 4344 1357 4381 non
1392 4344 1457 4381 ex
1480 4338 1602 4381 voto
1631 4328 1731 4382 sibi
1757 4330 1950 4382 cedere
1983 4329 2135 4382 vide-

2219 1868 2497 1940 συνθηκῶν
2547 1867 2764 1937 μνήμην
2812 1866 2869 1916 ἐν
2918 1862 3125 1933 διανοίᾳ
3173 1858 3373 1913 λαϐὼν.
3428 1859 3490 1910 ’0
3542 1858 3644 1927 μὲν
3671 1859 3776 1929 γὰρ

2219 1959 2365 2029 αὐτῷ
2426 1954 2514 2010 οἷα
2553 1955 2861 2025 πανάγαθος
2923 1954 3205 2024 βασιλεὺς,
3259 1949 3470 2012 εὐνοίας
3528 1948 3778 2019 παρέχων

2220 2050 2449 2121 ἀληθοῦς
2483 2047 2757 2119 σύμϐολα,¹
2798 2045 3117 2115 συγγενείας
3156 2043 3256 2114 τῆς
3300 2040 3436 2113 πρὸς
3483 2038 3648 2093 αὐτὸν
3681 2040 3779 2091 οὐκ

2219 2142 2496 2212 ἐφθόνησε,
2528 2141 2718 2210 γάμων
2741 2156 2801 2191 τε
2817 2137 3080 2209 λαμπρῶν
3112 2134 3343 2205 ἀδελφῆς
3371 2132 3657 2204 μετουσίαν
3681 2129 3778 2181 οὐκ

2219 2234 2591 2304 ἀπηρνήσατο,
2620 2230 2753 2284 ἀλλὰ
2772 2232 2864 2283 καὶ
2889 2229 2987 2299 τῆς
3010 2230 3076 2281 ἐκ
3093 2227 3339 2297 πατέρων
3353 2223 3632 2291 εὐγενείας
3649 2221 3776 2291 (75).

2224 2323 2495 2394 βασιλικοῦ
2528 2340 2589 2374 τε
2645 2319 2908 2375 ἀνέκαθεν
2958 2319 3183 2389 αἵματος
3241 2314 3497 2369 κοινωνὸν
3534 2311 3779 2382 γενέσθαι

2220 2404 2439 2484 ἠξίωσε,
2472 2413 2573 2483 τῆς
2602 2428 2662 2464 τε
2710 2411 2851 2463 κατὰ
2882 2411 3099 2463 πάντων
3134 2405 3425 2460 ἀπολαύειν
3455 2403 3661 2476 ἀρχῆς,
3691 2397 3779 2452 οἷα

2222 2506 2452 2575 κηδεστῇ
2485 2503 2578 2556 καὶ
2612 2501 2927 2571 συμϐασιλεῖ
2958 2502 3181 2569 παρεῖχε
3223 2497 3321 2567 τὴν
3351 2496 3603 2561 ἐξουσίαν
3623 2534 3639 2556 ,
3680 2492 3781 2547 οὐκ

2222 2598 2439 2653 ἔλαττον
2494 2594 2657 2664 μέρος
2698 2592 2806 2645 τῶν
2854 2592 2959 2644 ὑπὸ
3003 2590 3313 2659 Ῥωμαίους
3358 2584 3530 2638 ἐθνῶν
3581 2584 3781 2636 otiae:

2223 2690 2371 2758 αὐτῷ
2396 2688 2490 2744 καὶ
2515 2686 2732 2739 διοικεῖν
2760 2682 3169 2752 κεχαρισμένος.
3200 2680 3260 2730 '0
3289 2678 3333 2729 δ’
3366 2675 3624 2745 ἔμπαλιν,
3653 2672 3779 2724 τού-

2223 2798 2334 2842 τοις
2367 2779 2621 2831 τάναντία
2649 2775 3015 2847 διεπράττετο,
3065 2769 3314 2830 παντοίας
3353 2766 3623 2835 ὁσημέραι
3642 2763 3783 2816 κατα

2223 2869 2318 2921 τοῦ
2360 2869 2663 2938 κρείττονος
2698 2864 2941 2935 μηχανὰς
2986 2858 3432 2928 ἐπιτεχνώμενος,
3480 2855 3680 2913 πάντας
3722 2867 3783 2905 τι

2225 2956 2454 3009 ἐπινοῶν
2472 2953 2760 3023 ἐπιϐουλῆς
2784 2951 3039 3021 τρόπους,
3062 2949 3138 3010 ὡς
3165 2946 3231 2999 ἂν
3256 2944 3445 3005 κακοῖς
3462 2943 3555 2994 τὸν
3574 2939 3785 3011 εὐεργὲ⁸

2150 3095 2193 3152 C
2223 3064 2327 3119 την
2353 3046 2662 3115 ἀμείψαιτο.
2687 3043 2777 3100 .Τά
2823 3042 2921 3112 μὲν
2953 3037 3044 3094 οὖν
3076 3038 3264 3109 πρῶτα
3304 3034 3640 3104 πειρώμενος
3684 3030 3784 3101 τὴν

2435 3138 2447 3152 .
2512 3139 2524 3152 .
2689 3136 2701 3149 .
2954 3133 3019 3152 n-
3048 3151 3055 3152 ,
3087 3127 3212 3152 λη,
3238 3130 3609 3152 ------,--τ,.
3651 3126 3783 3152 τη..

2228 3138 2494 3209 συσκευὴν
2508 3136 2885 3207 ἐπικρύπτειν,
2909 3133 3059 3203 φίλος
3080 3127 3218 3183 εἶναι
3235 3130 3631 3201 προσεποιεῖτο,
3648 3126 3786 3191 ῖέλῳ

2226 3250 2286 3287 τε
2340 3232 2433 3283 καὶ
2485 3229 2665 3298 ἀπάτῃ
2719 3226 3031 3288 πλειστάκις
3079 3221 3422 3291 ἐπιθέμενος,
3486 3219 3659 3287 ῥᾷστα
3719 3216 3788 3267 ἂν

2226 3322 2408 3391 τυχεῖν
2438 3317 2530 3372 τοῦ
2565 3315 3006 3387 προσδοκωμένου
3026 3313 3239 3383 ἡλπισε.
3270 3308 3363 3379 Τῷ
3383 3309 3442 3361 δὲ
3472 3309 3580 3377 ἄρα
3608 3306 3788 3368 sea:

2226 3406 2295 3482 ἦν
2329 3409 2507 3479 φίλος,
2556 3406 2807 3478 κηδεμών
2841 3423 2903 3458 τε
2940 3405 3039 3457 καὶ
3076 3401 3265 3471 φύλαξ,
3311 3401 3369 3463 ὃς
3416 3398 3566 3468 αὐτῷ
3598 3398 3697 3461 τὰς
3729 3400 3787 3448 ἐν

2229 3503 2523 3573 ἀπορρήτῳ
2568 3501 2662 3553 καὶ
2692 3500 2870 3551 σκότει
2924 3494 3317 3575 μηχανωμένας
3364 3491 3653 3553 ἐπιϐουλὰς
3708 3491 3790 3549 εἰς

2232 3595 2345 3666 φῶς
2387 3595 2534 3662 ἄγων
2577 3592 2847 3664 διήλεγχε.
2873 3589 3135 3643 Τοσοῦτον
3166 3586 3365 3667 ἀρετῆς
3390 3584 3454 3636 τὸ
3499 3582 3641 3652 μέγα
3691 3581 3787 3649 τῆς

2232 3687 2535 3749 θεοσεϐείας
2585 3686 2747 3738 ὅπλον
2798 3683 2931 3754 (74),
2977 3682 3113 3753 πρὸς
3151 3680 3362 3748 ἄμυναν
3406 3676 3507 3745 μὲν
3555 3672 3787 3743 ἐχθρῶν,

2231 3780 2432 3842 οἰκείας
2460 3779 2516 3829 δὲ
2532 3776 2775 3846 φυλακὴν
2799 3774 3071 3845 σωτηρίας
3094 3770 3284 3840 ἱσχύει’
3309 3762 3355 3839 ᾧ
3378 3767 3443 3835 δὴ
3472 3761 3792 3831 πεφραγμέ-

2231 3891 2317 3934 νος
2348 3875 2376 3925 ό
2408 3871 2813 3939 θεοφιλέστατος
2850 3866 3007 3937 ἡμῶν
3044 3862 3289 3934 βασιλεὺς
3312 3900 3328 3923 ,
3363 3857 3465 3919 τὰς
3522 3854 3619 3906 τοῦ
3659 3854 3787 3905 δυσ-

2232 3964 2444 4034 ωνύμου
2468 3961 2832 4022 πολυπλόκως
2882 3955 3167 4017 ἐπιϐουλὰς
3194 3951 3579 4019 διεδίδρασκεν.
3630 3943 3692 4034 ’ρ
3731 3942 3789 3995 ἃ

2234 4030 2596 4125 τὴνλαθραίαν
2620 4048 2883 4117 συσκευὴν
2898 4048 2971 4109 ὡς
2990 4043 3233 4114 οὐδαμῶς
3256 4038 3402 4107 ἐώρα
3412 4034 3551 4088 κατὰ
3565 4030 3789 4125 γνώμην

2234 4122 2380 4212 αὐτῷ
2422 4122 2705 4213 χωροῦσαν
2724 4178 2740 4201 ,
2784 4134 2876 4188 τοῦ
2910 4134 3041 4187 Θεοῦ
3073 4134 3244 4185 πάντα
3270 4125 3421 4179 δόλον
3458 4139 3519 4173 τε
3550 4122 3645 4213 κα]-
3691 4123 3787 4189 ρᾳ-

2235 4209 2611 4300 διουργίαν-τῷ
2647 4226 2881 4294 θεοφιλεῖ
2915 4223 3120 4293 βασιλεῖ
3144 4216 3443 4284 κατάφωρα
3488 4209 3786 4272 ποιοῦντος,

2237 4323 2411 4377 οὐκέθ’
2440 4317 2547 4381 οἷός
2589 4337 2649 4387 τε
2680 4317 2756 4369 ὢν
2789 4309 3236 4385 ἐπικρύπτεσθαι,
3265 4302 3516 4373 προφανῆ
3559 4301 3791 4370 πόλεμον

586 4431 687 4484 ret,
718 4426 900 4487 utpote
927 4416 1035 4470 Deo
1062 4428 1286 4470 cunctas
1316 4418 1479 4484 ipsius
1504 4419 1721 4473 fraudes
1741 4436 1804 4474 ac
1830 4420 1981 4473 dolos
2005 4419 2124 4472 eba-

2239 4414 2468 4479 αἴρεται.
2491 4407 2691 4476 Ὀμόσε
2706 4406 2839 4474 δῆτα
2854 4397 3242 4463 Κωνσταντίνῳ
3257 4391 3384 4444 πολε
3392 4394 3511 4460 μεῖν
3520 4390 3789 4458 διαγνοὺς,

586 4513 804 4566 rissimo
832 4508 1055 4578 principi
1090 4512 1388 4577 detegente,
1444 4512 1611 4561 latere
1658 4526 1718 4565 se
1766 4511 1997 4578 amplius
2028 4526 2124 4564 non

2242 4501 2447 4573 ﬁﬁn’m‘.
2469 4502 2607 4552 κατὰ
2635 4498 2729 4551 τοῦ
2753 4497 2888 4567 Θεοῦ
2914 4494 3021 4546 τῶν
3050 4491 3204 4551 ὅλων,
3230 4486 3289 4538 ὃν
3319 4484 3588 4553 ὴπίστατο
3614 4482 3793 4535 σέϐειν

589 4617 746 4671 posse
780 4601 1127 4671 perspiciens,
1154 4599 1347 4651 bellum
1385 4599 1557 4665 palam
1596 4612 1791 4654 movet.
1824 4604 1990 4655 Porro
2014 4616 2124 4653 (ξυιυ

2241 4593 2422 4654 αὐτὸν,
2442 4588 2869 4660 παρατάττεσθαι
2894 4584 3132 4653 ὡρμᾶτο.
3149 4576 3395 4631 Κᾶπειτα
3409 4576 3533 4635 τοὺς
3546 4573 3794 4643 summa

587 4692 941 4751 Constantino
970 4689 1166 4744 bellum
1199 4688 1397 4741 inferre
1426 4689 1735 4753 statuisset,
1776 4692 1933 4744 simul
1976 4692 2124 4761 39G

2243 4684 2529 4747 θεοσεϐεῖς,
2566 4682 2730 4752 μηδὲν
2756 4680 2875 4749 μηδ’
2899 4676 3032 4735 ὅλως
3067 4669 3279 4761 πώποτε
3302 4665 3399 4736 τὴν
3431 4666 3601 4737 ἀρχὴν
3630 4663 3793 4717 αὐτοῦ

588 4789 749 4839 etiam
791 4786 1050 4837 adversus
1087 4794 1350 4834 summum
1399 4779 1638 4831 onmium
1692 4780 1852 4831 Deum
1898 4799 2055 4848 niuem
2113 4802 2124 4834 :

2244 4776 2482 4845 λυπηρὸν
2510 4772 2875 4840 διαθεμένους,
2913 4765 3094 4834 ἡρέμα
3140 4760 3279 4821 τέως.
3328 4760 3422 4810 καὶ
3475 4759 3653 4845 ήςῐυχῆ
3697 4774 3797 4809 πο-

590 4878 943 4934 Constantino
981 4874 1081 4926 coli
1125 4883 1467 4940 cognoverat,
1499 4870 1728 4935 proeliari
1757 4870 2008 4921 instituit.
2047 4872 2119 4922 De

2245 4869 2478 4937 λιορκεῖν
2511 4863 2815 4915 ἐπεϐάλετοο
2846 4857 2938 4909 καὶ
2971 4854 3111 4905 τοῦτ’
3135 4852 3387 4921 ἔπραττε,
3414 4851 3603 4914 δεινῶς
3638 4850 3794 4903 ἀϐλε-

591 4969 718 5031 hinc
743 4968 975 5021 cultores
999 4962 1163 5017 divini
1190 4962 1426 5015 numinis
1464 4960 1562 5012 sub
1586 4960 1793 5011 ditiune
1822 4973 1914 5009 sua
1950 4960 2146 5025 degen-

593 5070 696 5119 tes.
728 5062 815 5129 qui
838 5058 977 5113 nulla
1008 5068 1240 5126 unquam
1267 5051 1460 5118 injuria
1484 5060 1574 5113 aut
1597 5050 1835 5103 molestia
1863 5049 2143 5113 imperium

595 5152 761 5218 ipsius
813 5148 1124 5214 affecerant,
1166 5145 1364 5199 sensim
1401 5157 1464 5194 ac
1512 5141 1673 5194 tacite
1706 5153 2019 5209 oppugnare
2052 5152 2142 5206 ag-

2247 4962 2398 5010 πτεῖν
2434 4956 2538 5007 ὑπὸ
2561 4957 2658 5023 τῆς
2684 4949 2921 5021 ἐμφύτου
2964 4945 3156 5006 κακίας
3188 4944 3619 5013 ἠναγκασμένος.
3670 4940 3795 4992 051’

2248 5045 2340 5099 οὖν
2374 5048 2468 5117 τὴν
2505 5047 2722 5115 μνήμην
2748 5039 2854 5090 τῶν
2882 5037 2984 5107 πρὸ
3040 5035 3198 5107 αὐτοῦ
3226 5034 3579 5106 Χριστιανοὺς
3612 5033 3797 5085 ἐκδιωη

2252 5135 2453 5202 ξάντων
2498 5136 2602 5205 πρὸ
2636 5127 2923 5199 ὀφθαλμῶν
2966 5126 3131 5191 ἔθετο,
3182 5126 3287 5178 οὐδ’
3315 5119 3390 5179 ὧν
3428 5126 3589 5187 αὐτὸς
3605 5122 3799 5191 ὀλετὴρ

2251 5294 2458 5351 ὅπλοκ.
2514 5292 2848 5361 Nicephorus
2914 5286 3379 5361 vocem_&psrﬁg.
3433 5285 3634 5361 quippe
3679 5296 3800 5360 qua:

2254 5382 2470 5419 sensum
2514 5352 2771 5419 turbaret,
2802 5358 3076 5423 expunxit.
3114 5352 3513 5410 Exstat'tamen
3546 5356 3600 5404 in
3621 5352 3797 5423 omni-

2255 5439 2353 5488 bus
2384 5436 2583 5485 nostris
2612 5421 2912 5499 codicibus,
2961 5437 3011 5479 et
3064 5430 3213 5499 apud
3256 5424 3530 5499 Gelasium
3575 5421 3801 5499 ςξιίαις

2259 5522 2405 5557 nunt.
2440 5502 2621 5567 itaque
2664 5488 2944 5549 videndum
2995 5512 3058 5567 an
3083 5488 3216 5567 ilegi
3239 5495 3422 5567 possit
3456 5488 3708 5567 τοσοῦτον
3725 5488 3805 5567 ’τὸ

2264 5574 2397 5643 μέγα
2426 5558 2732 5643 θεοέεϐείας
2770 5558 3201 5643 ἀρετῆςηᾷῖλονῖ-
3236 5558 3325 5643 Si}:
3371 5562 3634 5643 Eusebia-5
3656 5558 3804 5643 infra

2268 5625 2319 5695 in
2345 5625 2451 5693 iine
2486 5640 2638 5701 hujus
2666 5625 2783 5687 libri
2810 5625 3117 5695 ’θεοσεϐείας
3147 5632 3344 5702 ἀρετήν
3374 5631 3525 5695 dicit,
3563 5639 3618 5682 ct
3654 5628 3708 5680 iu
3742 5625 3805 5677 li-

2274 5716 2407 5769 bt'Ot
2446 5710 2518 5763 De
2553 5710 2651 5761 rita
2688 5703 3033 5770 Constantini,
3066 5707 3232 5757 tutuo.

668 5312 776 5381 (Ἶῦ)
809 5313 922 5379 Τῆς
936 5313 1003 5365 ἐκ
1024 5310 1287 5379 πατέρων
1311 5307 1629 5381 εὐγενείας.
1659 5302 1977 5381 Συγγενείας
2006 5296 2145 5381 vulg.

600 5370 913 5444 Λιῐιριὴειόὲ
940 5370 1526 5445 επηεηιισῖἰοιιριιιιιηίε
1568 5378 1631 5429 ad
1665 5370 1955 5445 marginem
1994 5370 2147 5445 clodi—

602 5453 678 5501 t'is
705 5439 937 5505 Turnebi
973 5452 1204 5519 ascripta
1238 5462 1319 5503 est
1354 5439 1648 5515 εὐγενείας.
1682 5439 1806 5519 Erai
1839 5444 1977 5496 enim
2000 5439 2152 5519 .Con-

604 5521 870 5572 stantibus
902 5512 1239 5575 nobilissimo
1276 5512 1471 5587 genere
1498 5516 1890 5581 natus,quippe
1924 5512 2014 5576 qui
2046 5512 2154 5560 ori—

606 5588 776 5649 ginem
814 5591 995 5657 stirpis
1034 5606 1142 5644 sua:
1186 5591 1251 5643 ad
1291 5590 1568 5644 Claudium
1639 5589 2012 5652 imperatorem
2070 5592 2154 5629 rc—

610 5664 789 5707 terrct.
1350 5664 1351 5667 ‘

681 5725 791 5794 (Ἠ)
840 5728 1128 5779 Τοσοῦτον
1172 5724 1390 5795 ἀρετῆς
1418 5726 1477 5779 τὰ
1513 5725 1661 5796 μέγα
1697 5721 1801 5791 τῆς
1832 5718 2165 5787 θεοσεϐείας
