3954 6346
1104 279 1454 337 HISTORUE
1495 278 2050 337 Εοοιεειλδτιωε
2087 277 2212 334 LIB.
2258 277 2324 332 Χ.
2379 360 2386 365 ”

130 399 295 472 mm
322 415 380 451 τε
407 399 503 452 καὶ
529 395 841 460 ἐκολάζοντο
869 398 1282 469 ἀπροφασίστως
1300 403 1410 462 τοῖς
1442 399 1655 468 μιαιφό-

1762 409 1814 454 et
1843 410 2094 468 supremo
2127 397 2341 452 Nemini
2379 397 2616 452 debitum
2643 397 2839 453 cultum
2877 397 3174 456 exhiberet.
3207 399 3317 457 Ne-

131 509 222 555 νοις
245 489 457 559 ὁμοίως,
486 491 535 542 οἱ
559 489 722 559 μηδὲν
739 489 1195 560 ἠδικηκότες-κήδη
1217 489 1274 541 δέ
1299 506 1438 552 τινες
1477 506 1660 541 καινο-

130 569 268 653 τέραν
308 581 571 650 ὑπέμενον
601 579 874 650 τελευτὴν,
905 579 1046 647 ξίφει
1078 580 1139 632 τὸ
1177 579 1332 649 σῶμα
1374 580 1453 641 εἰς
1492 577 1662 631 πολλὰ

127 675 359 743 τμήματα
379 670 1003 742 κατακρεουργούμενοι,
1037 671 1130 724 καὶ
1175 669 1310 740 μετὰ
1342 669 1439 740 τὴν
1478 670 1658 739 ἀπηνῆ

129 763 306 834 ταύτην
341 751 839 833 καὶ’φρικτοτάτην
884 762 1030 818 θέαν.
1078 763 1190 824 τοῖς
1239 761 1337 830 τῆς
1389 760 1660 829 θαλάσσης

133 855 302 924 βυθοτς,
333 853 503 922 ἰχθύσι
536 853 667 923 βορὰ
705 853 1065 924 ῥιπτούμενοι.
1099 853 1269 921 Φυγαὶ
1301 853 1366 924 δὴ
1391 848 1545 915 αὖθις
1570 852 1660 904 ἐπὶ

129 945 310 1006 τούτοις
334 943 438 995 τῶν
484 943 745 996 θεοσεϐὦν
787 943 1026 1011 ἐγίνοντο
1057 941 1264 1014 ἀνδρῶν
1284 959 1297 972 ο
1354 943 1448 994 καὶ
1500 940 1660 994 πάλιν

131 1034 286 1104 ἀγροὶ,
323 1033 414 1086 καὶ
456 1032 614 1086 πάλιν
653 1034 905 1104 ὲρημίαι,
948 1035 1112 1088 νάπαι
1151 1051 1210 1085 τε
1256 1033 1348 1085 καὶ
1385 1031 1490 1104 ὅρη
1535 1032 1658 1093 τοὺς

131 1123 336 1194 Χριστοῦ
395 1122 727 1194 θεράποντας
778 1124 1115 1193 ὑπεδέχοντο.
1169 1126 1320 1178 Ἐπεὶ
1370 1125 1426 1178 δὲ
1487 1123 1659 1177 ταῦτα

130 1215 290 1269 τοῦτον
319 1215 620 1286 προύχώρει
647 1216 722 1286 τῷ
737 1216 980 1269 δυσσεϐεῖ
1001 1217 1088 1268 τὸν
1114 1217 1330 1284 τρόπον,
1353 1217 1534 1270 λοιπὸν
1569 1217 1660 1268 καὶ

130 1307 204 1358 τὸν
239 1306 369 1358 κατὰ
414 1306 627 1358 πάντων
676 1308 948 1360 ἀνακινεῖν
981 1307 1237 1376 διωγμὸν,
1276 1309 1367 1359 ἐπὶ
1422 1307 1658 1360 διάνοιαν

130 1398 369 1451 ἐϐάλλετο.
415 1397 664 1469 Ἑκράτει
691 1417 748 1452 τε
777 1398 1001 1470 γνώμης
1025 1400 1117 1452 καὶ
1146 1399 1294 1451 οὐδὲν
1327 1398 1572 1468 ἐμποδὼν
1591 1395 1658 1480 ἦν

129 1487 255 1558 αὐτῷ
290 1489 359 1559 μὴ
405 1490 524 1559 οὐχὶ
573 1490 630 1541 ἐν
675 1490 819 1562 ἔργῳ
863 1494 1078 1562 χωρεῖν,
1136 1494 1183 1544 εί
1224 1491 1296 1562 μὴ
1342 1491 1566 1560 τάχιστα
1599 1489 1660 1542 τὸ

132 1579 293 1650 μέλλον
313 1580 524 1633 ἔσεσθαι
544 1582 827 1654 προλαϐὼν
856 1584 883 1634 ὁ
905 1583 1013 1635 τῶν
1045 1584 1258 1636 οίκείων
1281 1583 1465 1653 ψυχῶν
1494 1581 1661 1651 ὑπέρ-

132 1690 275 1742 μαχος
315 1674 473 1737 Θεὸς,
503 1675 577 1738 ὡς
607 1677 664 1727 ἐν
688 1675 857 1746 ’βαθεῖ
895 1676 1068 1746 σκότῳ
1096 1677 1188 1729 καὶ
1214 1675 1367 1728 νυκτὶ
1422 1674 1658 1741 ζοφωδε-

1763 504 1866 558 que
1885 491 2035 543 enim
2077 489 2352 543 orationes
2377 503 2474 556 pro
2505 504 2564 543 se
2612 490 2726 544 ﬁeri
2760 490 3105 560 opinabatur,
3141 493 3316 547 scele-

1760 596 1879 633 rum
1926 578 2130 632 scilicet
2175 580 2514 633 conscientia
2559 568 2771 645 in'eam
2808 583 3113 650 opinionem
3145 585 3316 638 addu-

1760 679 1898 725 ctus.
1925 669 2028 724 Sed
2051 685 2147 723 nos
2165 685 2264 738 pro
2287 672 2613 740 imperatore
2630 674 2721 728 Dei
2745 675 3112 729 amantissimo
3133 678 3315 734 omnia

1761 762 1961 824 facere,
1992 777 2055 816 ac
2083 762 2318 815 divinum
2344 780 2541 818 numen
2558 764 2791 833 placare,
2818 766 2917 819 sibi
2946 778 3311 834 persuaserat.

1760 852 1930 918 Quam
1962 852 2032 906 ob
2065 867 2285 908 causam
2314 856 2572 922 impetum
2621 870 2834 908 omnem
2888 856 3085 910 fili-oris
3125 860 3209 912 sui
3260 859 3312 914 in

1760 957 1857 996 nos
1883 943 2171 996 convertit.
2207 943 2442 999 Proinde
2471 945 2728 1013 presides
2756 954 3021 1015 quotquot
3059 949 3316 1020 principis
3406 1017 3409 1019 _

1759 1033 1988 1100 gratiam
2023 1033 2350 1100 captabant,
2390 1050 2512 1089 cum
2563 1036 2951 1093 scelestissitno
2996 1049 3220 1107 tyranno
3262 1042 3317 1096 id

1758 1123 1970 1191 placere
2001 1125 2385 1195 intelligerent,
2415 1127 2701 1196 episcopos
2727 1129 2923 1197 partim
2955 1131 3145 1184 iisdem
3193 1132 3317 1200 qui-

1759 1216 1861 1269 bus
1891 1215 2162 1270 maleﬁcos
2205 1218 2452 1272 homines
2499 1219 2677 1287 pmnis
2721 1220 3017 1276 identidem
3063 1223 3317 1292 subjicie—

1756 1310 1907 1362 bant.
1970 1305 2154 1376 Itaque
2211 1308 2319 1362 viri
2372 1310 2462 1378 qui
2525 1309 2660 1364 nihil
2715 1311 2844 1363 mali
2894 1313 3316 1376 commiserant,

1760 1398 1962 1467 absque
1997 1399 2102 1452 ulla
2151 1414 2314 1453 causa
2367 1397 2795 1468 abducebantur,
2859 1410 2915 1455 et
2957 1403 3317 1469 puniebantur

1758 1491 1982 1559 perinde
2028 1504 2094 1543 ac
2124 1490 2324 1548 sicarii.
2362 1490 2591 1557 Quidam
2637 1505 2766 1544 vero
2818 1507 3016 1546 novum
3053 1494 3317 1561 quoddam

1759 1583 1948 1635 mortis
1985 1596 2154 1650 genus
2185 1581 2541 1648 pertulerunt,
2562 1584 2797 1651 corpore
2819 1584 2874 1641 in
2907 1585 3108 1640 multas
3137 1595 3318 1656 partes

1759 1670 2030 1727 frustatim
2073 1672 2318 1738 concise;
2353 1681 2412 1726 et
2450 1658 2584 1742 post
2609 1682 2764 1728 atrox
2809 1676 3114 1743 huiusmodi
3157 1687 3320 1745 atque

295 1735 743 1836 maripa—péyav
764 1766 972 1838 ἀθρόως
994 1735 1086 1820 καὶ
1115 1768 1333 1836 σωτῆρα
1352 1735 1463 1827 τοῖς
1491 1735 1654 1817 πᾶσιν

1759 1762 2086 1816 horrendum
2113 1735 2506 1829 spectaculum,
2544 1764 2711 1840 θα
2770 1735 3106 1833 υιηρίεοὶὺυε
3136 1735 3318 1822 cibum

129 1852 491 1924 ὲξέλαμψε,τδν
517 1857 680 1909 αὑτοῦ
708 1857 1438 1928 θεράπονταΚωνσταντῖνον
1467 1854 1654 1925 ’ὕψηλῷ

130 1942 337 2013 βραχίονι
367 1947 458 1999 ὲπὶ
478 1948 544 2001 τὰ
575 1947 699 2018 τῇδε
721 1947 1150 2019 χειραγωγήσας.

1760 1844 2124 1924 pnehcrentin
2146 1855 2464 1910 altissimum
2493 1873 2643 1911 mare
2671 1847 2918 1925 proiecti.
2943 1858 3190 1914 Posthac
3218 1859 3320 1929 igi-

1761 1955 1848 1998 tur
1868 1946 1957 1999 Dei
1981 1945 2213 1999 cultores
2233 1945 2412 2015 fugam
2441 1947 2580 2000 inire
2596 1949 2774 2002 denuo
2800 1959 3103 2018 cmperunt.
3120 1950 3316 2004 lterum

128 2034 247 2103 agri,
273 2036 455 2090 iterum
471 2039 810 2104 solitudines,
831 2042 1020 2092 iterum
1042 2048 1254 2094 montes
1277 2054 1340 2093 ac
1355 2038 1500 2093 silva:
1525 2037 1756 2091 famulos
1772 2037 1974 2091 Christi
1999 2050 2301 2102 suscepere.
2323 2037 2450 2102 Quae
2469 2052 2591 2090 cum
2619 2039 2683 2092 ad
2700 2041 2840 2093 hunc
2860 2041 3074 2094 modum
3106 2041 3318 2110 impiis-

129 2126 244 2180 βίοιο
265 2136 485 2197 tyranno
501 2129 871 2190 succederent,
889 2130 1143 2199 deinceps
1161 2130 1590 2197 persecutionem
1619 2129 1880 2182 adversus
1906 2141 2096 2181 omnes
2116 2126 2452 2180 Christianos
2469 2128 2642 2181 excita
2653 2145 2709 2194 re
2735 2130 2788 2182 in
2812 2131 3050 2183 animum
3076 2131 3310 2186 induxit.

127 2213 193 2267 Ac
209 2217 376 2282 procul
390 2217 558 2270 dubio
581 2219 694 2271 voxiv
715 2219 796 2272 sui
825 2235 1044 2288 compos
1062 2222 1384 2282 exstitisset,
1405 2235 1501 2274 nec
1517 2221 1563 2274 ei
1591 2220 1883 2288 quidquam
1902 2219 2204 2273 obstitisset
2224 2220 2512 2286 quominus
2528 2235 2638 2273 rem
2661 2221 2729 2276 ad
2749 2223 2951 2276 exitum
2976 2223 3316 2290 perduceret;

132 2303 762 2359 nisilaninlorumsuorum
779 2320 1140 2377 propugnator
1163 2310 1321 2371 Deus,
1343 2310 1393 2362 id
1414 2315 1555 2377 quod
1571 2309 1804 2362 futurum
1817 2317 1934 2361 erat
1949 2309 2230 2362 celerrime
2242 2310 2599 2376 praeveniens,
2618 2310 3031 2365 Constantinum
3056 2311 3317 2368 famulum

130 2408 281 2458 Suum,
294 2404 545 2465 tanquam
562 2398 897 2466 splendidum
913 2403 1179 2470 quoddam
1194 2416 1257 2456 ac
1273 2402 1506 2456 salutare
1525 2401 1844 2471 lucisjubar,
1862 2402 1912 2454 in
1932 2401 2196 2469 profunda
2208 2402 2436 2472 caligine
2446 2413 2501 2457 et
2517 2404 2568 2458 in
2589 2404 2969 2459 obscurissima
2983 2414 3139 2458 nocte
3149 2385 3320 2459 omni-

127 2483 212 2538 bus
232 2497 442 2555 repente
467 2489 809 2557 ostendisset,
829 2491 1182 2562 eumdemqne
1201 2493 1252 2546 in
1279 2493 1502 2548 brachio
1522 2493 1736 2548 excelso
1761 2494 1827 2547 ad
1845 2493 1941 2547 has
1965 2501 2144 2562 partes
2163 2494 2320 2564 quasi
2345 2509 2506 2548 manu
2531 2494 2935 2565 apprehensum,
2955 2493 3316 2564 perduxisset.

625 2626 1016 2704 ΚΕΦᾼΛΑΙΟΝ
1051 2629 1128 2684 Θν.

2366 2631 2592 2688 CAPUT
2629 2630 2722 2684 IX.

129 2736 382 2812 Περί-τῆς
400 2738 575 2812 νίκης
595 2741 1049 2812 Κωσταντινου
1071 2746 1166 2798 καί
1197 2745 1314 2798 τῶν
1343 2747 1444 2800 ὑπ’
1472 2746 1655 2801 αὐτοῦ

1761 2744 1838 2801 De
1857 2747 2078 2801 victoria
2106 2746 2478 2809 Constantini,
2507 2753 2558 2798 et
2587 2746 2651 2798 de
2685 2744 2832 2796 bonis
2864 2758 2981 2812 qna:
3014 2743 3218 2796 cunctis
3257 2742 3318 2796 in

188 2804 300 2871 τοῖς
314 2807 428 2861 ὑπὸ
447 2804 563 2875 τὴν
615 2809 912 2883 Ῥωμαίων
965 2813 1252 2878 ἐξουσίαν
1268 2817 1655 2886 ὑπαρξάντων

184 2875 308 2943 (Nic.
341 2877 413 2931 Η.
448 2876 515 2932 Ε.
548 2893 645 2943 vn,
671 2880 759 2940 45,
782 2881 892 2952 46).

1864 2818 1984 2871 orbe
2022 2817 2265 2870 Romano
2284 2804 2586 2886 degentibus
2605 2831 2698 2884 per
2720 2829 2838 2866 eum
2865 2804 3210 2882 contigerunt.

182 2926 352 3038 ’λόύτῳ
389 2969 490 3040 μὲν
542 2926 645 3023 οὖν⁷
674 2926 780 3042 (ὃέ)
821 2926 1023 3026 ἄνωθεν
1067 2973 1124 3041 ἐξ
1172 2975 1401 3047 οὐρανοῦ
1448 2976 1655 3050 καρπον

1827 2965 1893 3020 Et
1915 2926 2042 3024 huic
2067 2967 2285 3036 quidem
2320 2966 2602 3020 victoriam
2637 2980 2702 3018 ac
2729 2964 3058 3034 triumphum
3097 2964 3163 3018 de
3211 2963 3316 3018 im-
3399 3017 3404 3024 ,

126 3057 372 3123 εὐσεϐείας
400 3061 638 3127 ἐπάξιον,
668 3063 735 3116 τὰ
759 3064 990 3135 τρόπαια
1019 3066 1118 3136 τῆς
1149 3069 1288 3121 κατὰ
1316 3068 1423 3120 τῶν
1450 3067 1658 3121 ἀσεϐῶν

127 3149 326 3232 παρεῖχε
367 3151 550 3219 νίκης·
581 3152 671 3204 τὸν
702 3152 748 3221 δ’
770 3153 1064 3225 ἀλιτήριον,
1093 3157 1289 3221 αὐτοῖς
1318 3157 1657 3228 ,συμϐούλοις

128 3237 272 3289 ἅπασι
298 3239 389 3291 καὶ
422 3239 613 3306 φίλοις,
640 3241 744 3293 ὑπὸ
762 3244 871 3304 τοῖς
899 3240 1304 3302 Κωνσταντίνου
1327 3247 1453 3297 ποσὶ
1474 3246 1656 3317 πρηνῆ

126 3326 405 3381 κατέϐαλεν.
449 3331 534 3390 Ὠς
556 3330 664 3400 γὰρ
688 3332 766 3392 εἰς
785 3331 986 3402 ἔσχατα
1027 3335 1220 3404 μανίας
1247 3335 1314 3410 τὰ
1355 3338 1471 3387 κατ’
1495 3336 1655 3388 αὐτὸν

124 3415 342 3483 ἧλαυνεν,
367 3419 543 3470 οὐκέτ’
565 3421 787 3473 ἀνεκτὸν
817 3417 952 3474 εἶναι
966 3423 1318 3492 λογισάμενος
1352 3425 1606 3494 βασιλεὺς
1626 3428 1656 3478 ὀ

124 3509 186 3576 τῷ
200 3508 308 3579 Θεῷ
322 3510 492 3578 φίλος,
507 3510 596 3562 τὸν
620 3510 868 3580 σώφρονα
895 3514 1216 3581 συναγαγὼν
1237 3514 1493 3584 λογισμὸν
1519 3516 1652 3583 (84),

125 3602 199 3652 καὶ
232 3601 316 3654 τὺν
362 3603 586 3673 στερρὸν
638 3601 732 3654 τοῦ
781 3603 986 3656 δικαίου
1025 3605 1222 3675 τρόπον
1277 3605 1653 3676 φιλανθρωπίᾳ.

125 3693 486 3763 κερασάμενος.
533 3693 764 3763 ἄσμενος
797 3695 1068 3764 ἐπαμῦναι
1100 3695 1268 3764 κρίνει
1295 3698 1408 3757 τοῖς
1439 3696 1542 3747 ὑπὸ
1578 3696 1654 3766 τῷ

123 3782 336 3852 τυράννῳ
375 3782 922 3854 ταλαιπωρουμένοις,
948 3783 1041 3855 καὶ
1081 3784 1140 3834 τό
1183 3799 1246 3849 γε
1279 3782 1524 3834 πλεῖστον
1561 3785 1654 3834 ἁν-

125 3872 324 3943 θρὼπων
358 3875 534 3943 γένος,
577 3875 792 3945 βραχεῖς
830 3873 1108 3942 λυμεῶνας
1145 3871 1386 3925 ἐκποδὼν
1430 3872 1654 3941 ποιησά-

126 3982 279 4033 μενος,
314 3966 690 4020 ἀνασώσασθαι
726 3967 978 4036 ὁρμᾶται.
1010 3965 1162 4037 Μόνῃ
1190 3965 1297 4035 γὰρ
1330 3963 1474 4031 αὐτῷ
1509 3981 1652 4032 χρω-

128 4060 248 4126 μένῳ
273 4060 639 4130 φιλανθρωπίᾳ
660 4059 747 4112 τὸν
781 4057 905 4129 πρὸ“
917 4058 1101 4110 τούτου
1125 4053 1453 4126 χρόνον,”καὶ
1484 4057 1571 4108 τὸν
1589 4056 1650 4107 οὐ

127 4151 430 4220 συμπαθείας
466 4151 622 4214 ἄξιον
674 4149 926 4213 ὲλεοῦντι,
979 4149 1056 4221 τῷ
1111 4150 1207 4219 μὲν
1250 4149 1397 4200 οὐδὲν
1444 4147 1652 4214 ἐγίνετο

125 4239 276 4305 πλέον,
312 4243 411 4312 τῆς
443 4241 639 4304 κακίας
680 4242 781 4294 οὐκ
819 4239 1294 4309 ἀπαλλαττομένῳ,
1339 4237 1552 4301 αὔξοντι
1594 4236 1651 4288 δὲ

1757 3057 1880 3127 piis,
1907 3065 2164 3128 tanquam
2204 3059 2482 3127 praemium
2510 3057 2628 3138 ejus
2661 3057 2847 3127 pietati
2890 3057 3128 3111 debitum
3157 3055 3319 3140 cteli-

1759 3159 1850 3203 tus
1876 3149 2105 3219 largitus
2131 3159 2216 3204 est
2241 3150 2400 3203 Deus.
2433 3149 2586 3202 Illum
2614 3134 2742 3203 vero
2765 3147 3030 3202 nefarium
3062 3161 3168 3202 una
3192 3134 3315 3202 cum

1755 3245 2004 3299 omnibus
2073 3243 2402 3298 consiliariis
2447 3243 2614 3312 ipsius
2672 3253 2728 3296 et
2789 3241 3012 3307 amicis,
3086 3241 3316 3309 pedibus

1755 3332 2095 3390 Constantini
2139 3349 2366 3404 pronum
2412 3334 2725 3389 substravit.
2761 3332 2893 3386 Nam
2941 3346 3064 3386 cum
3109 3330 3199 3385 ille
3245 3330 3314 3383 ad

1755 3441 2019 3481 summam
2052 3435 2427 3495 prorumperet
2465 3426 2734 3479 insaniam
2763 3467 2778 3491 ,
2830 3438 2936 3477 non
2972 3422 3204 3490 amplius
3253 3419 3309 3473 id

1755 3517 2035 3570 ferendum
2066 3503 2216 3570 ratus
2260 3516 2368 3571 Deo
2417 3517 2615 3571 charus
2643 3515 2958 3581 imperator,
3010 3510 3310 3564 modestam

1754 3622 1818 3660 ac
1861 3607 2103 3660 sobriam
2139 3608 2192 3660 in
2228 3621 2287 3661 se
2328 3607 2591 3675 colligens
2629 3614 2900 3666 mentem,
2958 3609 3014 3655 et
3064 3614 3308 3657 severum

1748 3695 1972 3764 iustitiae
1999 3697 2239 3766 vigorem
2266 3696 2552 3749 clementia
2579 3704 2908 3762 temperans,
2925 3691 3108 3744 libenti
3125 3689 3310 3742 animo

1752 3799 1906 3851 opem
1936 3785 2080 3836 ferre
2109 3783 2296 3836 statuit
2318 3783 2383 3835 iis
2411 3783 2502 3849 qui
2526 3797 2557 3834 a
2585 3790 2816 3850 tyranno
2837 3779 3305 3847 opprimebantur,

1751 3885 1806 3926 et
1835 3871 2302 3945 paucis-pestibus
2325 3884 2356 3923 e
2390 3871 2569 3923 medio
2594 3869 2850 3930 sublatis,
2879 3866 3308 3921 innumerabiles

1753 3973 1918 4027 prope
1949 3960 2196 4012 homines
2222 3972 2464 4012 servare.
2503 3956 2637 4010 Cum
2672 3956 2816 4009 enim
2861 3964 3022 4008 antea
3047 3954 3162 4010 sola
3197 3955 3309 4010 cle-

1755 4051 1953 4102 mentia
1979 4064 2108 4103 usus
2131 4047 2345 4118 fuisset,
2391 4056 2445 4100 et
2470 4046 2742 4100 hominem
2776 4045 2922 4106 nulla
2961 4046 3310 4102 miseratione

1753 4140 1974 4206 dignum
2005 4145 2150 4192 esset
2185 4138 2471 4194 miseratus
2509 4151 2523 4187 ε
2557 4137 2608 4191 ei
2640 4137 2857 4206 quidem
2903 4136 3037 4190 nihil
3080 4135 3307 4206 profuit,

1751 4230 1949 4297 quippe
1973 4229 2066 4298 qui
2091 4245 2120 4281 a
2142 4229 2372 4298 pri5tiua
2404 4230 2748 4300 improbitate
2783 4243 3122 4298 nequaquam
3141 4230 3310 4284 desti—

127 4330 294 4395 μᾶλλον
321 4333 415 4403 τὴν
449 4332 592 4386 κατὰ
615 4333 720 4385 τῶν
747 4332 1072 4402 ὑποχειρίων
1096 4328 1261 4382 ἐθνῶν
1283 4327 1496 4387 λύτταν,
1539 4327 1651 4386 τοῖς

1756 4320 1902 4384 terit,
1944 4319 2072 4388 quin
2107 4319 2284 4388 potius
2312 4321 2516 4375 rabiem
2557 4321 2818 4374 adversus
2845 4319 3091 4374 subditos
3131 4319 3306 4374 inten-

125 4419 171 4470 δὲ
198 4425 537 4494 κακουμένοις
573 4423 718 4487 οὔτις
769 4424 1010 4476 ἐλείπετο
1038 4420 1308 4490 σωτηρίας
1339 4416 1514 4478 ἐλπὶς,
1549 4414 1653 4466 ὑπὸ

1756 4411 1917 4462 derit.
1952 4409 2237 4479 Oppressis
2268 4427 2402 4465 vero
2435 4412 2582 4464 nulla
2618 4410 2730 4480 jam
2761 4423 2887 4483 spes
2907 4410 3096 4464 salutis
3115 4422 3304 4475 super-

125 4505 254 4577 δεινῷ
288 4510 459 4580 θηρίῳ
485 4512 996 4581 καταπονουμένοις.
1027 4510 1120 4562 Διὸ
1159 4509 1222 4577 δὴ
1256 4506 1334 4576 τῷ
1375 4502 1655 4574 φιλαγάθῳ

1756 4510 1903 4565 erat,
1936 4516 2072 4570 quos
2109 4501 2360 4557 immanis
2388 4504 2476 4555 illa
2512 4502 2685 4556 bellua
2715 4501 3093 4556 crudelissime
3137 4511 3303 4549 vexa-

129 4597 261 4667 μίξας
279 4601 336 4652 τὸ
361 4603 717 4673 μ;σοπόνηρον
736 4606 765 4655 ὁ
790 4603 895 4654 τῶν
918 4601 1140 4677 ἀγαθῶν,
1162 4599 1393 4669 ἀρωγὸς,
1412 4597 1656 4677 προεισιν

128 4688 221 4756 ἅμα
249 4691 394 4743 παιδὶ
425 4693 656 4761 Κρίσπῳ
694 4692 898 4760 βασιλεῖ
933 4675 1442 4763 φιλανθρωτσπάτῳ,
1481 4675 1655 4754 σωτήο

128 4796 220 4847 ριον
246 4780 417 4842 δεξιὰν
444 4781 614 4833 ἆπασι
646 4785 757 4844 τοῖς
784 4782 1172 4851 ἀπολλυμένοις
1223 4779 1465 4839 ἐκτείνας
1488 4795 1501 4807 ο
1554 4772 1653 4828 εἷθ’

125 4864 198 4921 οἷα
235 4870 558 4940 παμϐασιλεί
595 4872 732 4939 Θεῷ,
773 4874 906 4926 Θεοῦ
947 4873 1104 4925 nam
1144 4872 1354 4941 Σωτῆρι
1401 4868 1653 4921 ἁπάντων

126 4960 315 5029 ποδηγῷ
334 4953 438 5012 καί
456 4961 724 5032 συμμάχῳ
746 4963 1037 5033 χρώμενοι,
1059 4964 1236 5033 πατὴρ
1258 4964 1372 5031 ἃμα
1400 4961 1494 5013 καὶ
1517 4960 1650 5022 υίὸς,

127 5051 263 5120 ἄμφω
284 5051 464 5121 κύκλῳ
491 5051 749 5115 διελόντες
778 5055 876 5122 τὴν
917 5054 1061 5106 κατὰ
1097 5053 1203 5105 τῶν
1237 5052 1503 5120 θεομισῶν
1543 5067 1650 5102 πα-

1755 4594 1865 4647 bat.
1888 4593 2156 4658 Quocirca
2182 4593 2444 4647 bonorum
2487 4603 2854 4663 propugnator
2898 4587 3299 4648 Constantinus,

1754 4688 1926 4738 amori
1989 4687 2208 4739 virtutis
2254 4686 2488 4740 miscens
2536 4687 2718 4739 odium
2772 4680 3152 4751 improbitatis,
3196 4693 3300 4730 una

1752 4792 1873 4830 cum
1895 4775 2003 4828 lilio
2022 4776 2212 4845 Crispo
2232 4776 2656 4830 clementissimo
2675 4776 2888 4842 Caesare
2902 4767 3296 4837 expeditionem

1750 4868 2033 4936 suscepit,
2077 4869 2373 4921 salutarem
2408 4869 2654 4920 dextram
2705 4865 2916 4918 cunctis
2950 4858 3298 4929 pereuntibus

1749 4959 2048 5032 porrigens.
2072 4958 2245 5010 Ambo
2261 4958 2444 5025 igitur,
2460 4965 2611 5023 pater
2625 4955 2956 5032 videlicetae
2976 4949 3135 5009 ﬁlius,
3157 4958 3302 4997 sum-

1749 5066 1837 5102 mo
1856 5031 2093 5103 omnium
2123 5063 2253 5117 rege
2277 5064 2338 5100 ac
2357 5047 2652 5101 Servatore
2677 5044 2766 5096 Dei
2783 5031 2917 5094 Filio
2934 5055 2996 5092 ac
3015 5039 3143 5101 Deo,
3161 5039 3297 5092 duce
3378 5103 3382 5106 _

127 5142 320 5211 ράταξιν
372 5141 556 5212 ὀᾳδίαν
592 5142 690 5211 τὴν
732 5144 887 5211 νίκην
923 5145 1305 5212 ἀποφέρονται,
1356 5141 1466 5194 τῶν
1505 5141 1649 5193 κατὰ

1756 5139 2230 5209 399etadjutore
2265 5137 2403 5200 fulti,
2430 5137 2543 5189 acie
2567 5136 2704 5186 inter
2732 5130 2966 5187 sedivisa
2991 5128 3188 5194 Deique
3202 5130 3299 5183 bo-

185 5305 283 5374 (83)
312 5305 496 5369 Τούτῳ
521 5301 636 5369 μὲν
658 5293 790 5364 οὖν.
838 5304 918 5374 Ab
944 5305 1024 5356 his
1068 5306 1242 5357 verbis
1277 5312 1438 5369 caput
1464 5365 1466 5367 ς
1497 5303 1539 5374 θ
1565 5304 1650 5353 in-

129 5375 472 5426 choavirnus:
541 5387 701 5437 quam
760 5373 1124 5436 cnnjecturain
1191 5384 1429 5424 nostram
1494 5373 1650 5435 plane

128 5442 423 5495 conﬁrmant
479 5439 825 5492 vetustissim.
864 5439 1019 5491 coild.
1065 5441 1365 5492 Mazarinus
1392 5449 1447 5490 et
1473 5439 1650 5491 Fuke-

129 5514 304 5564 tiauns.
329 5510 385 5562 In
416 5510 611 5579 quibus
633 5508 796 5558 etiam
833 5508 932 5579 hoc
959 5509 1254 5573 capitulum
1279 5519 1531 5562 octavum
1561 5509 1642 5558 di-

128 5585 270 5637 citur.
300 5578 524 5633 restent
550 5592 708 5645 supra
751 5578 949 5645 notavi.

185 5625 1013 5719 (iil'Wé'Mrard’r
1065 5625 1399 5715 λυτιπιιδγμ
1431 5641 1488 5697 Id
1535 5652 1640 5724 αι,

1764 5323 1783 5354 ι
1821 5304 2115 5356 modestam
2142 5300 2192 5350 in
2233 5312 2291 5351 se
2321 5289 2924 5366 colligenslmentemlh
2971 5286 3193 5366 Plirasis
3213 5298 3299 5366 est

1760 5374 2080 5426 Ensebiana.
2123 5369 2213 5420 Sic
2258 5367 2402 5434 enim
2450 5356 2808 5434 loquitur_in_
2833 5357 2928 5406 lib.
2965 5371 3043 5434 III.
3080 5356 3156 5408 De
3190 5359 3298 5410 vita

1759 5424 2103 5497 Constantini,
2129 5449 2247 5496 cap.
2288 5432 2322 5484 5
2348 5444 2401 5484 et
2429 5424 2548 5496 cap.
2584 5429 2669 5479 11.
2698 5427 2767 5476 At
2788 5424 3001 5497 Langus
3030 5424 3298 5492 interpres

1749 5507 2032 5576 Nicephori
2057 5494 2216 5576 vertit
2248 5518 2268 5550 ‹
2291 5494 2623 5553 moderatam
2645 5494 2973 5556 contrabeus
3001 5506 3290 5561 nuculeum

1747 5571 1892 5645 quod
1913 5590 2017 5643 non
2048 5571 2240 5640 probo.
