  <div class='ocr_page' id='page_1' title='image "/cluster/home/n/w/nwhite01/storage/ocr_20150623/20/pst.000005712052/465.png"; bbox 0 0 3954 6346; ppageno 0'>
   <div class='ocr_carea' id='block_1_1' title="bbox 675 186 799 269">
    <p class='ocr_par' dir='ltr' id='par_1_1' title="bbox 675 186 799 269">
     <span class='ocr_line' id='line_1_1' title="bbox 675 186 799 269; baseline 0.016 -2"><span class='ocrx_word' id='word_1_1' title='bbox 675 186 799 269; x_wconf 75' lang='grc' dir='ltr'><strong>ὀιε</strong></span> 
     </span>
    </p>
   </div>
   <div class='ocr_carea' id='block_1_2' title="bbox 1388 183 3860 272">
    <p class='ocr_par' dir='ltr' id='par_1_2' title="bbox 1388 183 3860 272">
     <span class='ocr_line' id='line_1_2' title="bbox 1388 183 3860 272; baseline -0.002 -2"><span class='ocrx_word' id='word_1_2' title='bbox 1388 213 1656 272; x_wconf 72' lang='lat' dir='ltr'><strong>EUSEBII</strong></span> <span class='ocrx_word' id='word_1_3' title='bbox 1690 204 2345 270; x_wconf 45' lang='lat' dir='ltr'><strong>CESAMENSIS&#39;OPP.</strong></span> <span class='ocrx_word' id='word_1_4' title='bbox 2385 211 2562 268; x_wconf 79' lang='lat' dir='ltr'><strong>PARS</strong></span> <span class='ocrx_word' id='word_1_5' title='bbox 2598 211 2639 266; x_wconf 86' lang='grc'>1.</span> <span class='ocrx_word' id='word_1_6' title='bbox 2677 183 2747 256; x_wconf 74' lang='lat'><strong>:-</strong></span> <span class='ocrx_word' id='word_1_7' title='bbox 2782 208 3166 267; x_wconf 77' lang='lat' dir='ltr'><strong>HlSTORlCA.</strong></span> <span class='ocrx_word' id='word_1_8' title='bbox 3211 185 3217 196; x_wconf 21' lang='grc' dir='ltr'>λ</span> <span class='ocrx_word' id='word_1_9' title='bbox 3780 209 3860 264; x_wconf 76' lang='grc'><strong>916</strong></span> 
     </span>
    </p>
   </div>
   <div class='ocr_carea' id='block_1_3' title="bbox 695 319 2239 397">
    <p class='ocr_par' dir='ltr' id='par_1_3' title="bbox 695 324 2238 396">
     <span class='ocr_line' id='line_1_3' title="bbox 695 324 2238 396; baseline 0 -16"><span class='ocrx_word' id='word_1_10' title='bbox 695 326 1088 394; x_wconf 73' lang='lat' dir='ltr'><strong>exprimentes;</strong></span> <span class='ocrx_word' id='word_1_11' title='bbox 1118 324 1334 394; x_wconf 85' lang='lat' dir='ltr'><strong>quidam</strong></span> <span class='ocrx_word' id='word_1_12' title='bbox 1370 326 1423 379; x_wconf 90' lang='lat' dir='ltr'><strong>in</strong></span> <span class='ocrx_word' id='word_1_13' title='bbox 1459 326 1649 396; x_wconf 90' lang='lat' dir='ltr'><strong>ligneis</strong></span> <span class='ocrx_word' id='word_1_14' title='bbox 1679 337 1771 381; x_wconf 87' lang='lat' dir='ltr'><strong>aut</strong></span> <span class='ocrx_word' id='word_1_15' title='bbox 1797 326 2021 395; x_wconf 79' lang='lat' dir='ltr'><strong>lapideis</strong></span> <span class='ocrx_word' id='word_1_16' title='bbox 2043 325 2238 382; x_wconf 87' lang='lat' dir='ltr'><strong>tabulis</strong></span> 
     </span>
    </p>
   </div>
   <div class='ocr_carea' id='block_1_4' title="bbox 2344 319 3862 397">
    <p class='ocr_par' dir='ltr' id='par_1_4' title="bbox 2344 319 3862 397">
     <span class='ocr_line' id='line_1_4' title="bbox 2344 319 3862 397; baseline -0.003 -19"><span class='ocrx_word' id='word_1_17' title='bbox 2344 326 2706 397; x_wconf 83' lang='grc' dir='ltr'>παραδιδόναι.</span> <span class='ocrx_word' id='word_1_18' title='bbox 2728 325 2807 380; x_wconf 84' lang='grc' dir='ltr'>Τὰ</span> <span class='ocrx_word' id='word_1_19' title='bbox 2821 326 2864 378; x_wconf 75' lang='grc' dir='ltr'>δ’</span> <span class='ocrx_word' id='word_1_20' title='bbox 2878 321 2947 396; x_wconf 81' lang='grc' dir='ltr'>ἦν</span> <span class='ocrx_word' id='word_1_21' title='bbox 2963 326 3068 396; x_wconf 80' lang='grc' dir='ltr'>ἄρα</span> <span class='ocrx_word' id='word_1_22' title='bbox 3095 323 3272 377; x_wconf 89' lang='grc' dir='ltr'>πάντα</span> <span class='ocrx_word' id='word_1_23' title='bbox 3294 319 3484 391; x_wconf 76' lang='grc' dir='ltr'>θνητά,</span> <span class='ocrx_word' id='word_1_24' title='bbox 3511 321 3693 392; x_wconf 79' lang='grc' dir='ltr'>χρόνου</span> <span class='ocrx_word' id='word_1_25' title='bbox 3724 323 3862 390; x_wconf 75' lang='grc' dir='ltr'>μήκει</span> 
     </span>
    </p>
   </div>
   <div class='ocr_carea' id='block_1_5' title="bbox 698 416 2231 486">
    <p class='ocr_par' dir='ltr' id='par_1_5' title="bbox 698 416 2231 486">
     <span class='ocr_line' id='line_1_5' title="bbox 698 416 2231 486; baseline 0 -18"><span class='ocrx_word' id='word_1_26' title='bbox 698 417 915 471; x_wconf 70' lang='lat' dir='ltr'><strong>litteras</strong></span> <span class='ocrx_word' id='word_1_27' title='bbox 941 418 1100 470; x_wconf 79' lang='lat' dir='ltr'><strong>altius</strong></span> <span class='ocrx_word' id='word_1_28' title='bbox 1124 416 1444 480; x_wconf 79' lang='lat' dir='ltr'><strong>incidentes,</strong></span> <span class='ocrx_word' id='word_1_29' title='bbox 1484 432 1667 471; x_wconf 82' lang='lat' dir='ltr'><strong>eorum</strong></span> <span class='ocrx_word' id='word_1_30' title='bbox 1691 431 1822 486; x_wconf 86' lang='lat' dir='ltr'><strong>quos</strong></span> <span class='ocrx_word' id='word_1_31' title='bbox 1847 418 2095 471; x_wconf 97' lang='lat' dir='ltr'><strong>colebant</strong></span> <span class='ocrx_word' id='word_1_32' title='bbox 2122 419 2231 469; x_wconf 79' lang='lat' dir='ltr'><strong>vir—</strong></span> 
     </span>
    </p>
   </div>
   <div class='ocr_carea' id='block_1_6' title="bbox 697 506 2235 571">
    <p class='ocr_par' dir='ltr' id='par_1_6' title="bbox 697 506 2235 571">
     <span class='ocr_line' id='line_1_6' title="bbox 697 506 2235 571; baseline 0.002 -15"><span class='ocrx_word' id='word_1_33' title='bbox 697 515 864 558; x_wconf 89' lang='lat' dir='ltr'><strong>tutem</strong></span> <span class='ocrx_word' id='word_1_34' title='bbox 898 507 965 558; x_wconf 86' lang='lat' dir='ltr'><strong>ad</strong></span> <span class='ocrx_word' id='word_1_35' title='bbox 1003 513 1259 559; x_wconf 74' lang='lat' dir='ltr'><strong>aeternam</strong></span> <span class='ocrx_word' id='word_1_36' title='bbox 1307 506 1634 571; x_wconf 84' lang='lat' dir='ltr'><strong>posteritatis</strong></span> <span class='ocrx_word' id='word_1_37' title='bbox 1676 507 1985 559; x_wconf 82' lang='lat' dir='ltr'><strong>memoriam</strong></span> <span class='ocrx_word' id='word_1_38' title='bbox 2042 521 2235 560; x_wconf 82' lang='lat' dir='ltr'><strong>conse-</strong></span> 
     </span>
    </p>
   </div>
   <div class='ocr_carea' id='block_1_7' title="bbox 695 595 2237 660">
    <p class='ocr_par' dir='ltr' id='par_1_7' title="bbox 695 595 2237 660">
     <span class='ocr_line' id='line_1_7' title="bbox 695 595 2237 660; baseline 0.001 -10"><span class='ocrx_word' id='word_1_39' title='bbox 695 611 851 650; x_wconf 85' lang='lat' dir='ltr'><strong>crare</strong></span> <span class='ocrx_word' id='word_1_40' title='bbox 894 596 1260 650; x_wconf 86' lang='lat' dir='ltr'><strong>instituerunt.</strong></span> <span class='ocrx_word' id='word_1_41' title='bbox 1295 596 1489 649; x_wconf 80' lang='lat' dir='ltr'><strong>Verum</strong></span> <span class='ocrx_word' id='word_1_42' title='bbox 1551 596 1663 650; x_wconf 70' lang='lat' dir='ltr'><strong>haec</strong></span> <span class='ocrx_word' id='word_1_43' title='bbox 1706 595 1882 650; x_wconf 91' lang='lat' dir='ltr'><strong>omnia</strong></span> <span class='ocrx_word' id='word_1_44' title='bbox 1930 596 2153 660; x_wconf 86' lang='lat' dir='ltr'><strong>caduca,</strong></span> <span class='ocrx_word' id='word_1_45' title='bbox 2184 606 2237 651; x_wconf 87' lang='lat' dir='ltr'><strong>et</strong></span> 
     </span>
    </p>
   </div>
   <div class='ocr_carea' id='block_1_8' title="bbox 695 686 2241 756">
    <p class='ocr_par' dir='ltr' id='par_1_8' title="bbox 695 686 2241 756">
     <span class='ocr_line' id='line_1_8' title="bbox 695 686 2241 756; baseline -0.001 -16"><span class='ocrx_word' id='word_1_46' title='bbox 695 688 953 754; x_wconf 86' lang='lat' dir='ltr'><strong>temporis</strong></span> <span class='ocrx_word' id='word_1_47' title='bbox 975 686 1365 756; x_wconf 84' lang='lat' dir='ltr'><strong>longinquitate</strong></span> <span class='ocrx_word' id='word_1_48' title='bbox 1393 687 1668 754; x_wconf 84' lang='lat' dir='ltr'><strong>pereuntia</strong></span> <span class='ocrx_word' id='word_1_49' title='bbox 1694 728 1708 752; x_wconf 93' lang='lat'><strong>,</strong></span> <span class='ocrx_word' id='word_1_50' title='bbox 1741 694 1921 754; x_wconf 89' lang='lat' dir='ltr'><strong>utpote</strong></span> <span class='ocrx_word' id='word_1_51' title='bbox 1948 701 2067 754; x_wconf 83' lang='lat' dir='ltr'><strong>quae</strong></span> <span class='ocrx_word' id='word_1_52' title='bbox 2093 701 2241 740; x_wconf 83' lang='lat' dir='ltr'><strong>mor-</strong></span> 
     </span>
    </p>
   </div>
   <div class='ocr_carea' id='block_1_9' title="bbox 695 775 2236 846">
    <p class='ocr_par' dir='ltr' id='par_1_9' title="bbox 695 775 2236 846">
     <span class='ocr_line' id='line_1_9' title="bbox 695 775 2236 846; baseline -0.001 -16"><span class='ocrx_word' id='word_1_53' title='bbox 695 777 880 830; x_wconf 87' lang='lat' dir='ltr'><strong>talium</strong></span> <span class='ocrx_word' id='word_1_54' title='bbox 917 792 1209 846; x_wconf 88' lang='lat' dir='ltr'><strong>corporum</strong></span> <span class='ocrx_word' id='word_1_55' title='bbox 1258 777 1504 844; x_wconf 79' lang='lat' dir='ltr'><strong>ﬁguram,</strong></span> <span class='ocrx_word' id='word_1_56' title='bbox 1551 793 1656 830; x_wconf 93' lang='lat' dir='ltr'><strong>non</strong></span> <span class='ocrx_word' id='word_1_57' title='bbox 1707 775 2018 829; x_wconf 83' lang='lat' dir='ltr'><strong>immortalis</strong></span> <span class='ocrx_word' id='word_1_58' title='bbox 2068 775 2236 830; x_wconf 88' lang='lat' dir='ltr'><strong>animi</strong></span> 
     </span>
    </p>
   </div>
   <div class='ocr_carea' id='block_1_10' title="bbox 696 863 2236 929">
    <p class='ocr_par' dir='ltr' id='par_1_10' title="bbox 696 863 2236 929">
     <span class='ocr_line' id='line_1_10' title="bbox 696 863 2236 929; baseline 0.001 -11"><span class='ocrx_word' id='word_1_59' title='bbox 696 864 927 920; x_wconf 77' lang='lat' dir='ltr'><strong>formum</strong></span> <span class='ocrx_word' id='word_1_60' title='bbox 958 868 1344 929; x_wconf 74' lang='lat' dir='ltr'><strong>exprimerent;</strong></span> <span class='ocrx_word' id='word_1_61' title='bbox 1369 866 1493 920; x_wconf 65' lang='lat' dir='ltr'><strong>Haec</strong></span> <span class='ocrx_word' id='word_1_62' title='bbox 1529 877 1702 920; x_wconf 74' lang='lat' dir='ltr'><strong>tanien</strong></span> <span class='ocrx_word' id='word_1_63' title='bbox 1729 863 1967 919; x_wconf 81' lang='lat' dir='ltr'><strong>suﬂicere</strong></span> <span class='ocrx_word' id='word_1_64' title='bbox 1993 867 2054 920; x_wconf 87' lang='lat' dir='ltr'><strong>iis</strong></span> <span class='ocrx_word' id='word_1_65' title='bbox 2087 867 2236 919; x_wconf 88' lang='lat' dir='ltr'><strong>vide-</strong></span> 
     </span>
    </p>
   </div>
   <div class='ocr_carea' id='block_1_11' title="bbox 694 956 2236 1026">
    <p class='ocr_par' dir='ltr' id='par_1_11' title="bbox 694 956 2236 1026">
     <span class='ocr_line' id='line_1_11' title="bbox 694 956 2236 1026; baseline 0.001 -15"><span class='ocrx_word' id='word_1_66' title='bbox 694 958 913 1022; x_wconf 80' lang='lat' dir='ltr'><strong>bantur,</strong></span> <span class='ocrx_word' id='word_1_67' title='bbox 937 958 1026 1026; x_wconf 90' lang='lat' dir='ltr'><strong>qui</strong></span> <span class='ocrx_word' id='word_1_68' title='bbox 1067 967 1188 1026; x_wconf 89' lang='lat' dir='ltr'><strong>post</strong></span> <span class='ocrx_word' id='word_1_69' title='bbox 1220 956 1376 1026; x_wconf 79' lang='lat' dir='ltr'><strong>hujus</strong></span> <span class='ocrx_word' id='word_1_70' title='bbox 1397 957 1634 1011; x_wconf 83' lang='lat' dir='ltr'><strong>mortalis</strong></span> <span class='ocrx_word' id='word_1_71' title='bbox 1658 961 1775 1012; x_wconf 67' lang='lat' dir='ltr'><strong>vita</strong></span> <span class='ocrx_word' id='word_1_72' title='bbox 1812 958 2011 1012; x_wconf 76' lang='lat' dir='ltr'><strong>exitum</strong></span> <span class='ocrx_word' id='word_1_73' title='bbox 2044 959 2236 1012; x_wconf 86' lang='lat' dir='ltr'><strong>nullius</strong></span> 
     </span>
    </p>
   </div>
   <div class='ocr_carea' id='block_1_12' title="bbox 697 1044 2234 1114">
    <p class='ocr_par' dir='ltr' id='par_1_12' title="bbox 697 1044 2234 1114">
     <span class='ocr_line' id='line_1_12' title="bbox 697 1044 2234 1114; baseline 0.002 -16"><span class='ocrx_word' id='word_1_74' title='bbox 697 1060 848 1112; x_wconf 93' lang='lat' dir='ltr'><strong>spem</strong></span> <span class='ocrx_word' id='word_1_75' title='bbox 897 1044 1018 1100; x_wconf 88' lang='lat' dir='ltr'><strong>boni</strong></span> <span class='ocrx_word' id='word_1_76' title='bbox 1063 1046 1244 1099; x_wconf 91' lang='lat' dir='ltr'><strong>animo</strong></span> <span class='ocrx_word' id='word_1_77' title='bbox 1290 1055 1664 1114; x_wconf 85' lang='lat' dir='ltr'><strong>conceperant.</strong></span> <span class='ocrx_word' id='word_1_78' title='bbox 1715 1046 1850 1100; x_wconf 89' lang='lat' dir='ltr'><strong>Deus</strong></span> <span class='ocrx_word' id='word_1_79' title='bbox 1876 1062 2021 1112; x_wconf 90' lang='lat' dir='ltr'><strong>vero,</strong></span> <span class='ocrx_word' id='word_1_80' title='bbox 2073 1048 2234 1113; x_wconf 83' lang='lat' dir='ltr'><strong>Deus,</strong></span> 
     </span>
    </p>
   </div>
   <div class='ocr_carea' id='block_1_13' title="bbox 698 1136 2238 1208">
    <p class='ocr_par' dir='ltr' id='par_1_13' title="bbox 698 1136 2238 1208">
     <span class='ocr_line' id='line_1_13' title="bbox 698 1136 2238 1208; baseline 0.003 -21"><span class='ocrx_word' id='word_1_81' title='bbox 698 1136 941 1204; x_wconf 90' lang='lat' dir='ltr'><strong>inquam,</strong></span> <span class='ocrx_word' id='word_1_82' title='bbox 981 1136 1280 1190; x_wconf 90' lang='lat' dir='ltr'><strong>communis</strong></span> <span class='ocrx_word' id='word_1_83' title='bbox 1327 1136 1565 1190; x_wconf 90' lang='lat' dir='ltr'><strong>omnium</strong></span> <span class='ocrx_word' id='word_1_84' title='bbox 1620 1152 1794 1190; x_wconf 89' lang='lat' dir='ltr'><strong>rerum</strong></span> <span class='ocrx_word' id='word_1_85' title='bbox 1849 1138 2120 1202; x_wconf 90' lang='lat' dir='ltr'><strong>Servator,</strong></span> <span class='ocrx_word' id='word_1_86' title='bbox 2146 1141 2238 1208; x_wconf 89' lang='lat' dir='ltr'><strong>qui</strong></span> 
     </span>
    </p>
   </div>
   <div class='ocr_carea' id='block_1_14' title="bbox 699 1225 2238 1298">
    <p class='ocr_par' dir='ltr' id='par_1_14' title="bbox 699 1225 2238 1298">
     <span class='ocr_line' id='line_1_14' title="bbox 699 1225 2238 1298; baseline 0.004 -20"><span class='ocrx_word' id='word_1_87' title='bbox 699 1227 916 1292; x_wconf 89' lang='lat' dir='ltr'><strong>pietatis</strong></span> <span class='ocrx_word' id='word_1_88' title='bbox 964 1227 1300 1280; x_wconf 85' lang='lat' dir='ltr'><strong>amatoribus</strong></span> <span class='ocrx_word' id='word_1_89' title='bbox 1334 1225 1532 1293; x_wconf 87' lang='lat' dir='ltr'><strong>majora</strong></span> <span class='ocrx_word' id='word_1_90' title='bbox 1563 1244 1719 1295; x_wconf 85' lang='lat' dir='ltr'><strong>quam</strong></span> <span class='ocrx_word' id='word_1_91' title='bbox 1763 1244 1880 1296; x_wconf 76' lang='lat' dir='ltr'><strong>qua:</strong></span> <span class='ocrx_word' id='word_1_92' title='bbox 1914 1230 2238 1298; x_wconf 78' lang='lat' dir='ltr'><strong>cogitatione</strong></span> 
     </span>
    </p>
   </div>
   <div class='ocr_carea' id='block_1_15' title="bbox 697 1317 2240 1388">
    <p class='ocr_par' dir='ltr' id='par_1_15' title="bbox 697 1317 2240 1388">
     <span class='ocr_line' id='line_1_15' title="bbox 697 1317 2240 1388; baseline 0.003 -19"><span class='ocrx_word' id='word_1_93' title='bbox 697 1317 978 1370; x_wconf 82' lang='lat' dir='ltr'><strong>hominum</strong></span> <span class='ocrx_word' id='word_1_94' title='bbox 1023 1317 1401 1387; x_wconf 83' lang='lat' dir='ltr'><strong>comprehendi</strong></span> <span class='ocrx_word' id='word_1_95' title='bbox 1435 1319 1660 1385; x_wconf 85' lang='lat' dir='ltr'><strong>possint,</strong></span> <span class='ocrx_word' id='word_1_96' title='bbox 1688 1320 1826 1388; x_wconf 92' lang='lat' dir='ltr'><strong>apud</strong></span> <span class='ocrx_word' id='word_1_97' title='bbox 1855 1335 1920 1373; x_wconf 85' lang='lat' dir='ltr'><strong>se</strong></span> <span class='ocrx_word' id='word_1_98' title='bbox 1950 1322 2240 1375; x_wconf 87' lang='lat' dir='ltr'><strong>recondidit</strong></span> 
     </span>
    </p>
   </div>
   <div class='ocr_carea' id='block_1_16' title="bbox 698 1407 2239 1479">
    <p class='ocr_par' dir='ltr' id='par_1_16' title="bbox 698 1407 2239 1479">
     <span class='ocr_line' id='line_1_16' title="bbox 698 1407 2239 1479; baseline 0.003 -17"><span class='ocrx_word' id='word_1_99' title='bbox 698 1409 864 1470; x_wconf 87' lang='lat' dir='ltr'><strong>bona,</strong></span> <span class='ocrx_word' id='word_1_100' title='bbox 897 1409 1162 1476; x_wconf 84' lang='lat' dir='ltr'><strong>primitias</strong></span> <span class='ocrx_word' id='word_1_101' title='bbox 1200 1407 1501 1462; x_wconf 80' lang='lat' dir='ltr'><strong>futurorum</strong></span> <span class='ocrx_word' id='word_1_102' title='bbox 1540 1411 1878 1479; x_wconf 64' lang='lat' dir='ltr'><strong>praemiorum</strong></span> <span class='ocrx_word' id='word_1_103' title='bbox 1909 1412 1960 1463; x_wconf 91' lang='lat' dir='ltr'><strong>in</strong></span> <span class='ocrx_word' id='word_1_104' title='bbox 1994 1421 2239 1466; x_wconf 82' lang='lat' dir='ltr'><strong>anteces-</strong></span> 
     </span>
    </p>
   </div>
   <div class='ocr_carea' id='block_1_17' title="bbox 698 1498 2238 1569">
    <p class='ocr_par' dir='ltr' id='par_1_17' title="bbox 698 1498 2238 1569">
     <span class='ocr_line' id='line_1_17' title="bbox 698 1498 2238 1569; baseline 0.005 -19"><span class='ocrx_word' id='word_1_105' title='bbox 698 1513 817 1551; x_wconf 90' lang='lat' dir='ltr'><strong>sum</strong></span> <span class='ocrx_word' id='word_1_106' title='bbox 845 1500 998 1567; x_wconf 88' lang='lat' dir='ltr'><strong>quasi</strong></span> <span class='ocrx_word' id='word_1_107' title='bbox 1038 1498 1229 1569; x_wconf 86' lang='lat' dir='ltr'><strong>pignus</strong></span> <span class='ocrx_word' id='word_1_108' title='bbox 1256 1501 1346 1553; x_wconf 91' lang='lat' dir='ltr'><strong>dat</strong></span> <span class='ocrx_word' id='word_1_109' title='bbox 1375 1501 1425 1554; x_wconf 91' lang='lat' dir='ltr'><strong>in</strong></span> <span class='ocrx_word' id='word_1_110' title='bbox 1457 1500 1557 1555; x_wconf 89' lang='lat' dir='ltr'><strong>hoc</strong></span> <span class='ocrx_word' id='word_1_111' title='bbox 1595 1501 1822 1566; x_wconf 63' lang='lat' dir='ltr'><strong>seculo;</strong></span> <span class='ocrx_word' id='word_1_112' title='bbox 1860 1502 2238 1557; x_wconf 85' lang='lat' dir='ltr'><strong>immortalium</strong></span> 
     </span>
    </p>
   </div>
   <div class='ocr_carea' id='block_1_18' title="bbox 699 1591 2241 1661">
    <p class='ocr_par' dir='ltr' id='par_1_18' title="bbox 699 1591 2241 1661">
     <span class='ocr_line' id='line_1_18' title="bbox 699 1591 2241 1661; baseline 0.004 -21"><span class='ocrx_word' id='word_1_113' title='bbox 699 1604 882 1641; x_wconf 87' lang='lat' dir='ltr'><strong>rerum</strong></span> <span class='ocrx_word' id='word_1_114' title='bbox 914 1605 1061 1658; x_wconf 88' lang='lat' dir='ltr'><strong>spem</strong></span> <span class='ocrx_word' id='word_1_115' title='bbox 1108 1591 1422 1645; x_wconf 87' lang='lat' dir='ltr'><strong>mortalibus</strong></span> <span class='ocrx_word' id='word_1_116' title='bbox 1449 1591 1617 1646; x_wconf 89' lang='lat' dir='ltr'><strong>oculis</strong></span> <span class='ocrx_word' id='word_1_117' title='bbox 1646 1591 2040 1661; x_wconf 87' lang='lat' dir='ltr'><strong>quodammodo</strong></span> <span class='ocrx_word' id='word_1_118' title='bbox 2089 1595 2241 1647; x_wconf 83' lang='lat' dir='ltr'><strong>exhi-</strong></span> 
     </span>
    </p>
   </div>
   <div class='ocr_carea' id='block_1_19' title="bbox 696 1770 2238 1842">
    <p class='ocr_par' dir='ltr' id='par_1_19' title="bbox 696 1770 2238 1842">
     <span class='ocr_line' id='line_1_19' title="bbox 696 1770 2238 1842; baseline 0.005 -22"><span class='ocrx_word' id='word_1_119' title='bbox 696 1770 912 1822; x_wconf 85' lang='lat' dir='ltr'><strong>oracula</strong></span> <span class='ocrx_word' id='word_1_120' title='bbox 940 1786 1060 1840; x_wconf 67' lang='lat' dir='ltr'><strong>quae</strong></span> <span class='ocrx_word' id='word_1_121' title='bbox 1088 1773 1302 1841; x_wconf 86' lang='lat' dir='ltr'><strong>scriptis</strong></span> <span class='ocrx_word' id='word_1_122' title='bbox 1341 1774 1590 1827; x_wconf 86' lang='lat' dir='ltr'><strong>mandata</strong></span> <span class='ocrx_word' id='word_1_123' title='bbox 1629 1782 1771 1837; x_wconf 87' lang='lat' dir='ltr'><strong>sunt,</strong></span> <span class='ocrx_word' id='word_1_124' title='bbox 1824 1787 2004 1842; x_wconf 87' lang='lat' dir='ltr'><strong>aperte</strong></span> <span class='ocrx_word' id='word_1_125' title='bbox 2049 1778 2238 1842; x_wconf 70' lang='lat' dir='ltr'><strong>praedi-</strong></span> 
     </span>
    </p>
   </div>
   <div class='ocr_carea' id='block_1_20' title="bbox 2337 411 3861 484">
    <p class='ocr_par' dir='ltr' id='par_1_20' title="bbox 2337 411 3861 484">
     <span class='ocr_line' id='line_1_20' title="bbox 2337 411 3861 484; baseline -0.002 -19"><span class='ocrx_word' id='word_1_126' title='bbox 2337 411 2712 482; x_wconf 81' lang='grc' dir='ltr'><strong>δαπανώμενα,</strong></span> <span class='ocrx_word' id='word_1_127' title='bbox 2740 413 2990 484; x_wconf 76' lang='grc' dir='ltr'><strong>φθαρτῶν</strong></span> <span class='ocrx_word' id='word_1_128' title='bbox 3040 413 3134 464; x_wconf 75' lang='grc' dir='ltr'>ἅτε</span> <span class='ocrx_word' id='word_1_129' title='bbox 3176 411 3441 480; x_wconf 83' lang='grc' dir='ltr'>σωμάτων</span> <span class='ocrx_word' id='word_1_130' title='bbox 3487 411 3789 480; x_wconf 75' lang='grc' dir='ltr'>ἰνδάλματα,</span> <span class='ocrx_word' id='word_1_131' title='bbox 3813 412 3861 462; x_wconf 71' lang='grc' dir='ltr'>οὐ</span> 
     </span>
    </p>
   </div>
   <div class='ocr_carea' id='block_1_21' title="bbox 2341 495 3859 574">
    <p class='ocr_par' dir='ltr' id='par_1_21' title="bbox 2341 495 3859 574">
     <span class='ocr_line' id='line_1_21' title="bbox 2341 495 3859 574; baseline -0.002 -19"><span class='ocrx_word' id='word_1_132' title='bbox 2341 503 2445 574; x_wconf 79' lang='grc' dir='ltr'>μὴν</span> <span class='ocrx_word' id='word_1_133' title='bbox 2485 495 2748 556; x_wconf 86' lang='grc' dir='ltr'>ἀθανάτου</span> <span class='ocrx_word' id='word_1_134' title='bbox 2787 504 2962 573; x_wconf 80' lang='grc' dir='ltr'>ψυχῆς</span> <span class='ocrx_word' id='word_1_135' title='bbox 3007 501 3384 558; x_wconf 84' lang='grc' dir='ltr'>ἀποτυποῦντα</span> <span class='ocrx_word' id='word_1_136' title='bbox 3424 502 3584 563; x_wconf 80' lang='grc' dir='ltr'><strong>ἰδέας.</strong></span> <span class='ocrx_word' id='word_1_137' title='bbox 3624 503 3797 569; x_wconf 78' lang='grc' dir='ltr'>ὀμ-ως</span> <span class='ocrx_word' id='word_1_138' title='bbox 3827 501 3859 552; x_wconf 79' lang='grc' dir='ltr'>δ’</span> 
     </span>
    </p>
   </div>
   <div class='ocr_carea' id='block_1_22' title="bbox 2335 590 3923 664">
    <p class='ocr_par' dir='ltr' id='par_1_22' title="bbox 2335 590 3923 664">
     <span class='ocr_line' id='line_1_22' title="bbox 2335 590 3923 664; baseline 0 -18"><span class='ocrx_word' id='word_1_139' title='bbox 2335 590 2428 646; x_wconf 78' lang='grc' dir='ltr'>οὖν</span> <span class='ocrx_word' id='word_1_140' title='bbox 2460 595 2726 664; x_wconf 84' lang='grc' dir='ltr'><strong>ἀπαρκεῖν</strong></span> <span class='ocrx_word' id='word_1_141' title='bbox 2758 593 2928 646; x_wconf 76' lang='grc' dir='ltr'>ἐδόκει</span> <span class='ocrx_word' id='word_1_142' title='bbox 2968 593 3138 646; x_wconf 84' lang='grc' dir='ltr'>ταῦτα</span> <span class='ocrx_word' id='word_1_143' title='bbox 3176 596 3286 655; x_wconf 77' lang='grc' dir='ltr'>τοῖς</span> <span class='ocrx_word' id='word_1_144' title='bbox 3329 592 3495 662; x_wconf 83' lang='grc' dir='ltr'>μηδὲν</span> <span class='ocrx_word' id='word_1_145' title='bbox 3534 591 3714 660; x_wconf 75' lang='grc' dir='ltr'>ἕτερον</span> <span class='ocrx_word' id='word_1_146' title='bbox 3747 592 3863 659; x_wconf 75' lang='grc' dir='ltr'><strong>μετά</strong></span> <span class='ocrx_word' id='word_1_147' title='bbox 3922 590 3923 646; x_wconf 67' lang='grc' dir='ltr'>ξ</span> 
     </span>
    </p>
   </div>
   <div class='ocr_carea' id='block_1_23' title="bbox 2337 669 3923 755">
    <p class='ocr_par' dir='ltr' id='par_1_23' title="bbox 2337 669 3923 755">
     <span class='ocr_line' id='line_1_23' title="bbox 2337 669 3923 755; baseline -0.003 -19"><span class='ocrx_word' id='word_1_148' title='bbox 2337 685 2434 755; x_wconf 84' lang='grc' dir='ltr'>τὴν</span> <span class='ocrx_word' id='word_1_149' title='bbox 2459 685 2551 737; x_wconf 85' lang='grc' dir='ltr'>τοῦ</span> <span class='ocrx_word' id='word_1_150' title='bbox 2585 683 2776 754; x_wconf 79' lang='grc' dir='ltr'><strong>θνητοῦ</strong></span> <span class='ocrx_word' id='word_1_151' title='bbox 2823 685 2938 754; x_wconf 85' lang='grc' dir='ltr'>βίου</span> <span class='ocrx_word' id='word_1_152' title='bbox 2974 684 3350 754; x_wconf 80' lang='grc' dir='ltr'>καταστροφὴν</span> <span class='ocrx_word' id='word_1_153' title='bbox 3378 686 3436 735; x_wconf 84' lang='grc' dir='ltr'>ὲν</span> <span class='ocrx_word' id='word_1_154' title='bbox 3467 681 3682 750; x_wconf 82' lang='grc' dir='ltr'><strong>ἀγαθῶν</strong></span> <span class='ocrx_word' id='word_1_155' title='bbox 3708 681 3860 733; x_wconf 73' lang='grc' dir='ltr'>ἐλπίσι</span> <span class='ocrx_word' id='word_1_156' title='bbox 3922 669 3923 722; x_wconf 73' lang='grc' dir='ltr'>Ῐ</span> 
     </span>
    </p>
   </div>
   <div class='ocr_carea' id='block_1_24' title="bbox 2335 771 3923 846">
    <p class='ocr_par' dir='ltr' id='par_1_24' title="bbox 2335 771 3923 846">
     <span class='ocr_line' id='line_1_24' title="bbox 2335 771 3923 846; baseline -0.003 -19"><span class='ocrx_word' id='word_1_157' title='bbox 2335 775 2653 846; x_wconf 70' lang='grc' dir='ltr'><strong>τιθεμένοις.</strong></span> <span class='ocrx_word' id='word_1_158' title='bbox 2686 776 2816 838; x_wconf 82' lang='grc' dir='ltr'>Θεὸς</span> <span class='ocrx_word' id='word_1_159' title='bbox 2843 776 2888 828; x_wconf 90' lang='grc' dir='ltr'>δ’</span> <span class='ocrx_word' id='word_1_160' title='bbox 2920 776 3047 844; x_wconf 81' lang='grc' dir='ltr'>ἀρα,</span> <span class='ocrx_word' id='word_1_161' title='bbox 3067 775 3195 838; x_wconf 82' lang='grc' dir='ltr'><strong>Θεὸς</strong></span> <span class='ocrx_word' id='word_1_162' title='bbox 3219 775 3248 826; x_wconf 81' lang='grc' dir='ltr'><strong>ὁ</strong></span> <span class='ocrx_word' id='word_1_163' title='bbox 3280 775 3456 837; x_wconf 85' lang='grc' dir='ltr'>κοινὸς</span> <span class='ocrx_word' id='word_1_164' title='bbox 3483 774 3592 826; x_wconf 91' lang='grc' dir='ltr'><strong>τῶν</strong></span> <span class='ocrx_word' id='word_1_165' title='bbox 3621 773 3752 825; x_wconf 84' lang='grc' dir='ltr'>ὅλων</span> <span class='ocrx_word' id='word_1_166' title='bbox 3778 788 3862 824; x_wconf 85' lang='grc' dir='ltr'>σω-</span> <span class='ocrx_word' id='word_1_167' title='bbox 3922 771 3923 790; x_wconf 65' lang='lat'><strong>‘</strong></span> 
     </span>
    </p>
   </div>
   <div class='ocr_carea' id='block_1_25' title="bbox 2335 865 3923 948">
    <p class='ocr_par' dir='ltr' id='par_1_25' title="bbox 2335 865 3923 948">
     <span class='ocr_line' id='line_1_25' title="bbox 2335 865 3923 948; baseline 0.001 -30"><span class='ocrx_word' id='word_1_168' title='bbox 2335 866 2462 938; x_wconf 84' lang='grc' dir='ltr'>τὴρ,</span> <span class='ocrx_word' id='word_1_169' title='bbox 2493 866 2711 948; x_wconf 69' lang='grc' dir='ltr'>μείζονα</span> <span class='ocrx_word' id='word_1_170' title='bbox 2751 866 2784 937; x_wconf 81' lang='grc' dir='ltr'>ἢ</span> <span class='ocrx_word' id='word_1_171' title='bbox 2823 866 2963 919; x_wconf 89' lang='grc' dir='ltr'><strong>κατά</strong></span> <span class='ocrx_word' id='word_1_172' title='bbox 3003 866 3226 936; x_wconf 87' lang='grc' dir='ltr'>θνητοὺς</span> <span class='ocrx_word' id='word_1_173' title='bbox 3263 865 3554 936; x_wconf 87' lang='grc' dir='ltr'>λογισμοὺς</span> <span class='ocrx_word' id='word_1_174' title='bbox 3581 866 3692 926; x_wconf 70' lang='grc' dir='ltr'>τοῖς</span> <span class='ocrx_word' id='word_1_175' title='bbox 3733 865 3861 915; x_wconf 85' lang='grc' dir='ltr'>εὑσε·</span> <span class='ocrx_word' id='word_1_176' title='bbox 3922 897 3923 920; x_wconf 56' lang='grc' dir='ltr'><strong>ι</strong></span> 
     </span>
    </p>
   </div>
   <div class='ocr_carea' id='block_1_26' title="bbox 2338 955 3923 1030">
    <p class='ocr_par' dir='ltr' id='par_1_26' title="bbox 2338 955 3923 1030">
     <span class='ocr_line' id='line_1_26' title="bbox 2338 955 3923 1030; baseline 0 -21"><span class='ocrx_word' id='word_1_177' title='bbox 2338 957 2489 1021; x_wconf 89' lang='grc' dir='ltr'>ϐείας</span> <span class='ocrx_word' id='word_1_178' title='bbox 2523 959 2776 1028; x_wconf 77' lang='grc' dir='ltr'><strong>ἐρασταῖς</strong></span> <span class='ocrx_word' id='word_1_179' title='bbox 2821 957 3000 1025; x_wconf 85' lang='grc' dir='ltr'>ἀγαθὰ</span> <span class='ocrx_word' id='word_1_180' title='bbox 3045 959 3172 1030; x_wconf 88' lang='grc' dir='ltr'>παρ’</span> <span class='ocrx_word' id='word_1_181' title='bbox 3215 957 3390 1028; x_wconf 80' lang='grc' dir='ltr'>ἑαυτῷ</span> <span class='ocrx_word' id='word_1_182' title='bbox 3435 955 3860 1027; x_wconf 73' lang='grc' dir='ltr'>ταμιευσάμενος,</span> <span class='ocrx_word' id='word_1_183' title='bbox 3922 989 3923 1002; x_wconf 61' lang='grc' dir='ltr'><strong>ι</strong></span> 
     </span>
    </p>
   </div>
   <div class='ocr_carea' id='block_1_27' title="bbox 2336 1047 3861 1120">
    <p class='ocr_par' dir='ltr' id='par_1_27' title="bbox 2336 1047 3861 1120">
     <span class='ocr_line' id='line_1_27' title="bbox 2336 1047 3861 1120; baseline -0.003 -17"><span class='ocrx_word' id='word_1_184' title='bbox 2336 1050 2405 1103; x_wconf 82' lang='grc' dir='ltr'>τὰ</span> <span class='ocrx_word' id='word_1_185' title='bbox 2439 1047 2742 1120; x_wconf 83' lang='grc' dir='ltr'><strong>πρωτόλεια</strong></span> <span class='ocrx_word' id='word_1_186' title='bbox 2771 1048 2878 1101; x_wconf 90' lang='grc' dir='ltr'><strong>τῶν</strong></span> <span class='ocrx_word' id='word_1_187' title='bbox 2911 1048 3154 1102; x_wconf 81' lang='grc' dir='ltr'><strong>ἐπάθλων</strong></span> <span class='ocrx_word' id='word_1_188' title='bbox 3182 1049 3387 1102; x_wconf 80' lang='grc' dir='ltr'>ἐνθένδε</span> <span class='ocrx_word' id='word_1_189' title='bbox 3417 1047 3861 1119; x_wconf 75' lang='grc' dir='ltr'>πρωρῤαϐωνίζεο</span> 
     </span>
    </p>
   </div>
   <div class='ocr_carea' id='block_1_28' title="bbox 2337 1137 3860 1210">
    <p class='ocr_par' dir='ltr' id='par_1_28' title="bbox 2337 1137 3860 1210">
     <span class='ocr_line' id='line_1_28' title="bbox 2337 1137 3860 1210; baseline -0.001 -17"><span class='ocrx_word' id='word_1_190' title='bbox 2337 1158 2444 1204; x_wconf 89' lang='grc' dir='ltr'>ται,</span> <span class='ocrx_word' id='word_1_191' title='bbox 2492 1139 2702 1209; x_wconf 80' lang='grc' dir='ltr'><strong>θνητοῖς</strong></span> <span class='ocrx_word' id='word_1_192' title='bbox 2747 1137 3040 1207; x_wconf 76' lang='grc' dir='ltr'><strong>ὀφθαλμοῖς</strong></span> <span class='ocrx_word' id='word_1_193' title='bbox 3079 1140 3419 1210; x_wconf 88' lang='grc' dir='ltr'>ἀμωσγέπως</span> <span class='ocrx_word' id='word_1_194' title='bbox 3465 1139 3564 1202; x_wconf 81' lang='grc' dir='ltr'><strong>τὰς</strong></span> <span class='ocrx_word' id='word_1_195' title='bbox 3595 1137 3860 1200; x_wconf 71' lang='grc' dir='ltr'><strong>ἀθανάτους</strong></span> 
     </span>
    </p>
   </div>
   <div class='ocr_carea' id='block_1_29' title="bbox 2340 1227 3923 1299">
    <p class='ocr_par' dir='ltr' id='par_1_29' title="bbox 2340 1227 3923 1299">
     <span class='ocr_line' id='line_1_29' title="bbox 2340 1227 3923 1299; baseline -0.001 -18"><span class='ocrx_word' id='word_1_196' title='bbox 2340 1227 2694 1297; x_wconf 78' lang='grc' dir='ltr'><strong>πιστούμενος</strong></span> <span class='ocrx_word' id='word_1_197' title='bbox 2738 1227 2975 1289; x_wconf 73' lang='grc' dir='ltr'>ἐλπίδας.</span> <span class='ocrx_word' id='word_1_198' title='bbox 3011 1228 3234 1280; x_wconf 77' lang='grc' dir='ltr'>Παλαιοὶ</span> <span class='ocrx_word' id='word_1_199' title='bbox 3278 1228 3446 1280; x_wconf 82' lang='grc' dir='ltr'>ταῦτα</span> <span class='ocrx_word' id='word_1_200' title='bbox 3491 1229 3723 1299; x_wconf 82' lang='grc' dir='ltr'>χρησμοὶ</span> <span class='ocrx_word' id='word_1_201' title='bbox 3748 1245 3861 1296; x_wconf 81' lang='grc' dir='ltr'>προ-</span> <span class='ocrx_word' id='word_1_202' title='bbox 3922 1243 3923 1248; x_wconf 81' lang='lat'>‘</span> 
     </span>
    </p>
   </div>
   <div class='ocr_carea' id='block_1_30' title="bbox 2339 1316 3861 1388">
    <p class='ocr_par' dir='ltr' id='par_1_30' title="bbox 2339 1316 3861 1388">
     <span class='ocr_line' id='line_1_30' title="bbox 2339 1316 3861 1388; baseline 0.001 -19"><span class='ocrx_word' id='word_1_203' title='bbox 2339 1317 2522 1387; x_wconf 83' lang='grc' dir='ltr'>φητῶν</span> <span class='ocrx_word' id='word_1_204' title='bbox 2555 1319 2734 1388; x_wconf 77' lang='grc' dir='ltr'>γραφῇ</span> <span class='ocrx_word' id='word_1_205' title='bbox 2779 1316 3168 1387; x_wconf 65' lang='grc' dir='ltr'>παραδοθέντες</span> <span class='ocrx_word' id='word_1_206' title='bbox 3217 1317 3549 1385; x_wconf 70' lang='grc' dir='ltr'>θεσπίζουσι,</span> <span class='ocrx_word' id='word_1_207' title='bbox 3581 1318 3747 1371; x_wconf 84' lang='grc' dir='ltr'>ταῦτα</span> <span class='ocrx_word' id='word_1_208' title='bbox 3776 1317 3861 1386; x_wconf 71' lang='grc' dir='ltr'>βίοι</span> 
     </span>
    </p>
   </div>
   <div class='ocr_carea' id='block_1_31' title="bbox 2339 1406 3862 1479">
    <p class='ocr_par' dir='ltr' id='par_1_31' title="bbox 2339 1406 3862 1479">
     <span class='ocr_line' id='line_1_31' title="bbox 2339 1406 3862 1479; baseline 0 -19"><span class='ocrx_word' id='word_1_209' title='bbox 2339 1406 2601 1474; x_wconf 80' lang='grc' dir='ltr'>θεοφιλῶν</span> <span class='ocrx_word' id='word_1_210' title='bbox 2638 1406 2866 1477; x_wconf 85' lang='grc' dir='ltr'>ἀνδρῶν,</span> <span class='ocrx_word' id='word_1_211' title='bbox 2909 1408 3186 1469; x_wconf 77' lang='grc' dir='ltr'>παντοίαις</span> <span class='ocrx_word' id='word_1_212' title='bbox 3229 1409 3448 1478; x_wconf 84' lang='grc' dir='ltr'>ἀρεταῖς</span> <span class='ocrx_word' id='word_1_213' title='bbox 3475 1408 3740 1479; x_wconf 79' lang='grc' dir='ltr'>πρόπαλαι</span> <span class='ocrx_word' id='word_1_214' title='bbox 3767 1409 3862 1465; x_wconf 72' lang='lat' dir='ltr'><strong>5m-</strong></span> 
     </span>
    </p>
   </div>
   <div class='ocr_carea' id='block_1_32' title="bbox 2337 1498 3860 1569">
    <p class='ocr_par' dir='ltr' id='par_1_32' title="bbox 2337 1498 3860 1569">
     <span class='ocr_line' id='line_1_32' title="bbox 2337 1498 3860 1569; baseline 0 -19"><span class='ocrx_word' id='word_1_215' title='bbox 2337 1498 2681 1568; x_wconf 71' lang='grc' dir='ltr'>λαμψάντων,</span> <span class='ocrx_word' id='word_1_216' title='bbox 2725 1500 2835 1556; x_wconf 83' lang='grc' dir='ltr'>τοῖς</span> <span class='ocrx_word' id='word_1_217' title='bbox 2871 1498 3137 1567; x_wconf 60' lang='grc' dir='ltr'>ὀψιγόνοις</span> <span class='ocrx_word' id='word_1_218' title='bbox 3172 1499 3642 1568; x_wconf 84' lang='grc' dir='ltr'>μνημονευόμενοι,</span> <span class='ocrx_word' id='word_1_219' title='bbox 3681 1500 3860 1569; x_wconf 85' lang='grc' dir='ltr'>μαρτύ-</span> 
     </span>
    </p>
   </div>
   <div class='ocr_carea' id='block_1_33' title="bbox 2345 1586 3861 1661">
    <p class='ocr_par' dir='ltr' id='par_1_33' title="bbox 2345 1586 3861 1661">
     <span class='ocr_line' id='line_1_33' title="bbox 2345 1586 3861 1661; baseline 0.001 -18"><span class='ocrx_word' id='word_1_220' title='bbox 2345 1609 2543 1661; x_wconf 88' lang='grc' dir='ltr'>ρονται,</span> <span class='ocrx_word' id='word_1_221' title='bbox 2578 1587 2750 1642; x_wconf 54' lang='lat' dir='ltr'><strong>mixta.</strong></span> <span class='ocrx_word' id='word_1_222' title='bbox 2780 1590 2872 1643; x_wconf 77' lang='grc' dir='ltr'>καὶ</span> <span class='ocrx_word' id='word_1_223' title='bbox 2897 1591 2924 1641; x_wconf 83' lang='grc' dir='ltr'><strong>ό</strong></span> <span class='ocrx_word' id='word_1_224' title='bbox 2961 1589 3081 1642; x_wconf 82' lang='grc' dir='ltr'>καθ’</span> <span class='ocrx_word' id='word_1_225' title='bbox 3113 1591 3256 1660; x_wconf 80' lang='grc' dir='ltr'>ἡμᾶς</span> <span class='ocrx_word' id='word_1_226' title='bbox 3283 1590 3452 1661; x_wconf 84' lang='grc' dir='ltr'>ἀληθῆ</span> <span class='ocrx_word' id='word_1_227' title='bbox 3483 1586 3619 1644; x_wconf 79' lang='grc' dir='ltr'>εἶναι</span> <span class='ocrx_word' id='word_1_228' title='bbox 3647 1592 3861 1661; x_wconf 73' lang='grc' dir='ltr'>διήλεγξε</span> 
     </span>
    </p>
   </div>
   <div class='ocr_carea' id='block_1_34' title="bbox 591 1665 2239 1753">
    <p class='ocr_par' dir='ltr' id='par_1_34' title="bbox 591 1678 2235 1752">
     <span class='ocr_line' id='line_1_34' title="bbox 591 1678 2235 1752; baseline 0.003 -19"><span class='ocrx_word' id='word_1_229' title='bbox 591 1731 594 1733; x_wconf 71' lang='grc'><strong>,</strong></span> <span class='ocrx_word' id='word_1_230' title='bbox 697 1678 834 1732; x_wconf 88' lang='lat' dir='ltr'><strong>bens</strong></span> <span class='ocrx_word' id='word_1_231' title='bbox 866 1695 930 1734; x_wconf 83' lang='lat' dir='ltr'><strong>ac</strong></span> <span class='ocrx_word' id='word_1_232' title='bbox 974 1692 1382 1748; x_wconf 68' lang='lat' dir='ltr'><strong>repmsentans.</strong></span> <span class='ocrx_word' id='word_1_233' title='bbox 1443 1681 1556 1736; x_wconf 83' lang='lat' dir='ltr'><strong>Hoc</strong></span> <span class='ocrx_word' id='word_1_234' title='bbox 1605 1691 1812 1737; x_wconf 90' lang='lat' dir='ltr'><strong>vetusta</strong></span> <span class='ocrx_word' id='word_1_235' title='bbox 1858 1683 2235 1752; x_wconf 86' lang='lat' dir='ltr'><strong>prophetarum</strong></span> 
     </span>
    </p>
   </div>
   <div class='ocr_carea' id='block_1_35' title="bbox 2344 1665 3864 1753">
    <p class='ocr_par' dir='ltr' id='par_1_35' title="bbox 2344 1681 3864 1753">
     <span class='ocr_line' id='line_1_35' title="bbox 2344 1681 3864 1753; baseline -0.001 -18"><span class='ocrx_word' id='word_1_236' title='bbox 2344 1683 2547 1753; x_wconf 84' lang='grc' dir='ltr'>χρόνος,</span> <span class='ocrx_word' id='word_1_237' title='bbox 2594 1683 2711 1735; x_wconf 82' lang='grc' dir='ltr'>καθ’</span> <span class='ocrx_word' id='word_1_238' title='bbox 2745 1682 2804 1735; x_wconf 81' lang='grc' dir='ltr'>ὃν</span> <span class='ocrx_word' id='word_1_239' title='bbox 2843 1685 3242 1745; x_wconf 79' lang='grc' dir='ltr'>Κωνσταντῖνος</span> <span class='ocrx_word' id='word_1_240' title='bbox 3277 1682 3393 1752; x_wconf 83' lang='grc' dir='ltr'>Θεῷ</span> <span class='ocrx_word' id='word_1_241' title='bbox 3439 1681 3516 1752; x_wconf 83' lang='grc' dir='ltr'>τῷ</span> <span class='ocrx_word' id='word_1_242' title='bbox 3567 1683 3864 1753; x_wconf 66' lang='grc' dir='ltr'>παμϐασιλεῖ</span> 
     </span>
    </p>
   </div>
   <div class='ocr_carea' id='block_1_36' title="bbox 2347 1771 3861 1843">
    <p class='ocr_par' dir='ltr' id='par_1_36' title="bbox 2347 1771 3861 1843">
     <span class='ocr_line' id='line_1_36' title="bbox 2347 1771 3861 1843; baseline 0 -19"><span class='ocrx_word' id='word_1_243' title='bbox 2347 1774 2504 1842; x_wconf 83' lang='grc' dir='ltr'>μόνος</span> <span class='ocrx_word' id='word_1_244' title='bbox 2547 1773 2654 1824; x_wconf 89' lang='grc' dir='ltr'><strong>τῶν</strong></span> <span class='ocrx_word' id='word_1_245' title='bbox 2699 1773 2914 1825; x_wconf 85' lang='grc' dir='ltr'>πώποτε</span> <span class='ocrx_word' id='word_1_246' title='bbox 2954 1774 3052 1843; x_wconf 82' lang='grc' dir='ltr'>τῆς</span> <span class='ocrx_word' id='word_1_247' title='bbox 3098 1772 3380 1842; x_wconf 85' lang='grc' dir='ltr'>Ῥωμαίων</span> <span class='ocrx_word' id='word_1_248' title='bbox 3426 1771 3600 1843; x_wconf 80' lang='grc' dir='ltr'>ἀρχῆς</span> <span class='ocrx_word' id='word_1_249' title='bbox 3651 1773 3861 1841; x_wconf 86' lang='grc' dir='ltr'>καθηγη-</span> 
     </span>
    </p>
   </div>
   <div class='ocr_carea' id='block_1_37' title="bbox 694 1858 2239 1937">
    <p class='ocr_par' dir='ltr' id='par_1_37' title="bbox 694 1858 2237 1937">
     <span class='ocr_line' id='line_1_37' title="bbox 694 1858 2237 1937; baseline 0.006 -28"><span class='ocrx_word' id='word_1_250' title='bbox 694 1868 846 1910; x_wconf 88' lang='lat' dir='ltr'><strong>cunt.</strong></span> <span class='ocrx_word' id='word_1_251' title='bbox 887 1858 997 1914; x_wconf 81' lang='lat' dir='ltr'><strong>Hoc</strong></span> <span class='ocrx_word' id='word_1_252' title='bbox 1029 1861 1148 1915; x_wconf 72' lang='lat' dir='ltr'><strong>vita:</strong></span> <span class='ocrx_word' id='word_1_253' title='bbox 1191 1863 1300 1915; x_wconf 88' lang='lat' dir='ltr'><strong>Deo</strong></span> <span class='ocrx_word' id='word_1_254' title='bbox 1346 1864 1655 1937; x_wconf 31' lang='lat' dir='ltr'><strong>cltarorum.</strong></span> <span class='ocrx_word' id='word_1_255' title='bbox 1684 1863 1920 1916; x_wconf 89' lang='lat' dir='ltr'><strong>virorum</strong></span> <span class='ocrx_word' id='word_1_256' title='bbox 1951 1865 2040 1932; x_wconf 90' lang='lat' dir='ltr'><strong>qui</strong></span> <span class='ocrx_word' id='word_1_257' title='bbox 2075 1865 2237 1919; x_wconf 88' lang='lat' dir='ltr'><strong>variis</strong></span> 
     </span>
    </p>
   </div>
   <div class='ocr_carea' id='block_1_38' title="bbox 2344 1858 3861 1937">
    <p class='ocr_par' dir='ltr' id='par_1_38' title="bbox 2344 1863 3861 1935">
     <span class='ocr_line' id='line_1_38' title="bbox 2344 1863 3861 1935; baseline -0.001 -18"><span class='ocrx_word' id='word_1_258' title='bbox 2344 1866 2593 1935; x_wconf 88' lang='grc' dir='ltr'>σαμένων</span> <span class='ocrx_word' id='word_1_259' title='bbox 2641 1863 2874 1932; x_wconf 86' lang='grc' dir='ltr'>γεγονὼς</span> <span class='ocrx_word' id='word_1_260' title='bbox 2921 1863 3091 1932; x_wconf 82' lang='grc' dir='ltr'>φίλος,</span> <span class='ocrx_word' id='word_1_261' title='bbox 3151 1863 3375 1935; x_wconf 74' lang='grc' dir='ltr'>ἐναργὲς</span> <span class='ocrx_word' id='word_1_262' title='bbox 3425 1863 3627 1918; x_wconf 73' lang='grc' dir='ltr'>ἅπασιν</span> <span class='ocrx_word' id='word_1_263' title='bbox 3684 1863 3861 1932; x_wconf 83' lang='grc' dir='ltr'>ἀνθρὼ-</span> 
     </span>
    </p>
   </div>
   <div class='ocr_carea' id='block_1_39' title="bbox 691 1940 2239 2026">
    <p class='ocr_par' dir='ltr' id='par_1_39' title="bbox 691 1940 2237 2023">
     <span class='ocr_line' id='line_1_39' title="bbox 691 1940 2237 2023; baseline 0.006 -24"><span class='ocrx_word' id='word_1_264' title='bbox 691 1947 984 2006; x_wconf 79' lang='lat' dir='ltr'><strong>virtutibus</strong></span> <span class='ocrx_word' id='word_1_265' title='bbox 1025 1951 1369 2017; x_wconf 78' lang='lat' dir='ltr'><strong>refulserunt,</strong></span> <span class='ocrx_word' id='word_1_266' title='bbox 1396 1940 1734 2023; x_wconf 79' lang='lat' dir='ltr'><strong>posterorum</strong></span> <span class='ocrx_word' id='word_1_267' title='bbox 1761 1955 2016 2008; x_wconf 88' lang='lat' dir='ltr'><strong>memoria</strong></span> <span class='ocrx_word' id='word_1_268' title='bbox 2045 1956 2237 2008; x_wconf 82' lang='lat' dir='ltr'><strong>etiarn-</strong></span> 
     </span>
    </p>
   </div>
   <div class='ocr_carea' id='block_1_40' title="bbox 2344 1940 3578 2026">
    <p class='ocr_par' dir='ltr' id='par_1_40' title="bbox 2344 1953 3578 2026">
     <span class='ocr_line' id='line_1_40' title="bbox 2344 1953 3578 2026; baseline 0 -18"><span class='ocrx_word' id='word_1_269' title='bbox 2344 1973 2460 2020; x_wconf 87' lang='grc' dir='ltr'>ποις</span> <span class='ocrx_word' id='word_1_270' title='bbox 2499 1955 2843 2026; x_wconf 84' lang='grc' dir='ltr'>παράδειγμα</span> <span class='ocrx_word' id='word_1_271' title='bbox 2871 1953 3152 2018; x_wconf 83' lang='grc' dir='ltr'>θεοσεϐοῦς</span> <span class='ocrx_word' id='word_1_272' title='bbox 3180 1955 3412 2025; x_wconf 80' lang='grc' dir='ltr'>κατέστη</span> <span class='ocrx_word' id='word_1_273' title='bbox 3441 1954 3578 2024; x_wconf 78' lang='grc' dir='ltr'>βίου.</span> 
     </span>
    </p>
   </div>
   <div class='ocr_carea' id='block_1_41' title="bbox 693 2032 3857 2117">
    <p class='ocr_par' dir='ltr' id='par_1_41' title="bbox 693 2032 3857 2117">
     <span class='ocr_line' id='line_1_41' title="bbox 693 2032 3857 2117; baseline 0.002 -23"><span class='ocrx_word' id='word_1_274' title='bbox 693 2058 822 2096; x_wconf 83' lang='lat' dir='ltr'><strong>uum</strong></span> <span class='ocrx_word' id='word_1_275' title='bbox 862 2032 1143 2102; x_wconf 73' lang='lat' dir='ltr'><strong>celebrata:</strong></span> <span class='ocrx_word' id='word_1_276' title='bbox 1188 2049 1524 2103; x_wconf 83' lang='lat' dir='ltr'><strong>conﬁrmant.</strong></span> <span class='ocrx_word' id='word_1_277' title='bbox 1573 2048 1685 2104; x_wconf 83' lang='lat' dir='ltr'><strong>Hoc</strong></span> <span class='ocrx_word' id='word_1_278' title='bbox 1732 2049 1903 2117; x_wconf 87' lang='lat' dir='ltr'><strong>ipsum</strong></span> <span class='ocrx_word' id='word_1_279' title='bbox 1963 2050 2136 2104; x_wconf 63' lang='lat' dir='ltr'><strong>artatis</strong></span> <span class='ocrx_word' id='word_1_280' title='bbox 2195 2057 2390 2104; x_wconf 72' lang='lat' dir='ltr'><strong>nostra:</strong></span> <span class='ocrx_word' id='word_1_281' title='bbox 2457 2050 2761 2105; x_wconf 88' lang='lat' dir='ltr'><strong>testimonio</strong></span> <span class='ocrx_word' id='word_1_282' title='bbox 2806 2050 3144 2104; x_wconf 88' lang='lat' dir='ltr'><strong>verissimum</strong></span> <span class='ocrx_word' id='word_1_283' title='bbox 3200 2064 3320 2103; x_wconf 82' lang='lat' dir='ltr'><strong>esse</strong></span> <span class='ocrx_word' id='word_1_284' title='bbox 3371 2049 3730 2113; x_wconf 84' lang='lat' dir='ltr'><strong>convincitur,</strong></span> <span class='ocrx_word' id='word_1_285' title='bbox 3761 2063 3857 2101; x_wconf 84' lang='lat' dir='ltr'><strong>cum</strong></span> 
     </span>
    </p>
   </div>
   <div class='ocr_carea' id='block_1_42' title="bbox 691 2133 3923 2212">
    <p class='ocr_par' dir='ltr' id='par_1_42' title="bbox 691 2133 3923 2212">
     <span class='ocr_line' id='line_1_42' title="bbox 691 2133 3923 2212; baseline 0.002 -24"><span class='ocrx_word' id='word_1_286' title='bbox 691 2133 1069 2195; x_wconf 73' lang='lat' dir='ltr'><strong>Constantinus</strong></span> <span class='ocrx_word' id='word_1_287' title='bbox 1114 2141 1259 2196; x_wconf 86' lang='lat' dir='ltr'><strong>solus</strong></span> <span class='ocrx_word' id='word_1_288' title='bbox 1308 2143 1547 2196; x_wconf 90' lang='lat' dir='ltr'><strong>omnium</strong></span> <span class='ocrx_word' id='word_1_289' title='bbox 1607 2144 1695 2212; x_wconf 89' lang='lat' dir='ltr'><strong>qui</strong></span> <span class='ocrx_word' id='word_1_290' title='bbox 1739 2142 1981 2197; x_wconf 80' lang='lat' dir='ltr'><strong>Romano</strong></span> <span class='ocrx_word' id='word_1_291' title='bbox 2013 2157 2246 2211; x_wconf 88' lang='lat' dir='ltr'><strong>unquam</strong></span> <span class='ocrx_word' id='word_1_292' title='bbox 2291 2143 2516 2212; x_wconf 91' lang='lat' dir='ltr'><strong>imperio</strong></span> <span class='ocrx_word' id='word_1_293' title='bbox 2567 2143 2912 2212; x_wconf 82' lang='lat' dir='ltr'><strong>praefuerunt,</strong></span> <span class='ocrx_word' id='word_1_294' title='bbox 2970 2157 3180 2196; x_wconf 90' lang='lat' dir='ltr'><strong>summo</strong></span> <span class='ocrx_word' id='word_1_295' title='bbox 3223 2142 3464 2196; x_wconf 90' lang='lat' dir='ltr'><strong>omnium</strong></span> <span class='ocrx_word' id='word_1_296' title='bbox 3498 2141 3606 2212; x_wconf 86' lang='lat' dir='ltr'><strong>regi</strong></span> <span class='ocrx_word' id='word_1_297' title='bbox 3646 2140 3750 2195; x_wconf 86' lang='lat' dir='ltr'><strong>Deo</strong></span> <span class='ocrx_word' id='word_1_298' title='bbox 3789 2156 3859 2194; x_wconf 69' lang='grc' dir='ltr'>ιε·</span> <span class='ocrx_word' id='word_1_299' title='bbox 3922 2169 3923 2178; x_wconf 61' lang='grc' dir='ltr'><strong>ι</strong></span> 
     </span>
    </p>
   </div>
   <div class='ocr_carea' id='block_1_43' title="bbox 689 2227 3384 2302">
    <p class='ocr_par' dir='ltr' id='par_1_43' title="bbox 689 2227 3384 2302">
     <span class='ocr_line' id='line_1_43' title="bbox 689 2227 3384 2302; baseline 0 -21"><span class='ocrx_word' id='word_1_300' title='bbox 689 2230 1066 2298; x_wconf 79' lang='lat' dir='ltr'><strong>ceptus,quasi</strong></span> <span class='ocrx_word' id='word_1_301' title='bbox 1085 2229 1290 2284; x_wconf 88' lang='lat' dir='ltr'><strong>illustre</strong></span> <span class='ocrx_word' id='word_1_302' title='bbox 1305 2231 1586 2299; x_wconf 72' lang='lat' dir='ltr'><strong>quoddam</strong></span> <span class='ocrx_word' id='word_1_303' title='bbox 1616 2230 1876 2302; x_wconf 61' lang='lat' dir='ltr'><strong>religiosae</strong></span> <span class='ocrx_word' id='word_1_304' title='bbox 1907 2232 2029 2285; x_wconf 71' lang='lat' dir='ltr'><strong>vitae</strong></span> <span class='ocrx_word' id='word_1_305' title='bbox 2056 2231 2356 2299; x_wconf 75' lang='lat' dir='ltr'><strong>exemplum</strong></span> <span class='ocrx_word' id='word_1_306' title='bbox 2380 2232 2589 2286; x_wconf 90' lang='lat' dir='ltr'><strong>cunctis</strong></span> <span class='ocrx_word' id='word_1_307' title='bbox 2618 2227 2924 2285; x_wconf 83' lang='lat' dir='ltr'><strong>hominibus</strong></span> <span class='ocrx_word' id='word_1_308' title='bbox 2948 2239 3032 2282; x_wconf 89' lang='lat' dir='ltr'><strong>est</strong></span> <span class='ocrx_word' id='word_1_309' title='bbox 3058 2232 3384 2298; x_wconf 90' lang='lat' dir='ltr'><strong>propositus.</strong></span> 
     </span>
    </p>
   </div>
   <div class='ocr_carea' id='block_1_44' title="bbox 1281 2321 1624 2378">
    <p class='ocr_par' dir='ltr' id='par_1_44' title="bbox 1281 2321 1624 2378">
     <span class='ocr_line' id='line_1_44' title="bbox 1281 2321 1624 2378; baseline 0 -2"><span class='ocrx_word' id='word_1_310' title='bbox 1281 2321 1505 2378; x_wconf 79' lang='lat' dir='ltr'><strong>CAPUT</strong></span> <span class='ocrx_word' id='word_1_311' title='bbox 1540 2323 1624 2376; x_wconf 81' lang='lat' dir='ltr'><strong>IV.</strong></span> 
     </span>
    </p>
   </div>
   <div class='ocr_carea' id='block_1_45' title="bbox 867 2398 2025 2476">
    <p class='ocr_par' dir='ltr' id='par_1_45' title="bbox 867 2398 2025 2476">
     <span class='ocr_line' id='line_1_45' title="bbox 867 2398 2025 2476; baseline 0.002 -12"><span class='ocrx_word' id='word_1_312' title='bbox 867 2411 1020 2476; x_wconf 67' lang='lat' dir='ltr'><strong>Quod</strong></span> <span class='ocrx_word' id='word_1_313' title='bbox 1061 2412 1198 2466; x_wconf 72' lang='lat' dir='ltr'><strong>Dens</strong></span> <span class='ocrx_word' id='word_1_314' title='bbox 1241 2411 1643 2466; x_wconf 75' lang='lat' dir='ltr'><strong>Constantinum</strong></span> <span class='ocrx_word' id='word_1_315' title='bbox 1680 2398 2025 2468; x_wconf 75' lang='lat' dir='ltr'><strong>honoruvcrit.</strong></span> 
     </span>
    </p>
   </div>
   <div class='ocr_carea' id='block_1_46' title="bbox 763 2501 2239 2574">
    <p class='ocr_par' dir='ltr' id='par_1_46' title="bbox 763 2501 2239 2574">
     <span class='ocr_line' id='line_1_46' title="bbox 763 2501 2239 2574; baseline 0.001 -18"><span class='ocrx_word' id='word_1_316' title='bbox 763 2501 872 2556; x_wconf 76' lang='lat' dir='ltr'><strong>Hoc</strong></span> <span class='ocrx_word' id='word_1_317' title='bbox 897 2503 1126 2569; x_wconf 85' lang='lat' dir='ltr'><strong>denique</strong></span> <span class='ocrx_word' id='word_1_318' title='bbox 1161 2502 1299 2556; x_wconf 84' lang='lat' dir='ltr'><strong>Deus</strong></span> <span class='ocrx_word' id='word_1_319' title='bbox 1340 2503 1455 2574; x_wconf 89' lang='lat' dir='ltr'><strong>ipse</strong></span> <span class='ocrx_word' id='word_1_320' title='bbox 1484 2518 1641 2574; x_wconf 88' lang='lat' dir='ltr'><strong>quem</strong></span> <span class='ocrx_word' id='word_1_321' title='bbox 1668 2515 1956 2560; x_wconf 82' lang='lat' dir='ltr'><strong>veneratus</strong></span> <span class='ocrx_word' id='word_1_322' title='bbox 1985 2515 2067 2559; x_wconf 86' lang='lat' dir='ltr'><strong>est</strong></span> <span class='ocrx_word' id='word_1_323' title='bbox 2099 2504 2239 2560; x_wconf 82' lang='lat' dir='ltr'><strong>Con-</strong></span> 
     </span>
    </p>
   </div>
   <div class='ocr_carea' id='block_1_47' title="bbox 690 2592 2238 2664">
    <p class='ocr_par' dir='ltr' id='par_1_47' title="bbox 690 2592 2238 2664">
     <span class='ocr_line' id='line_1_47' title="bbox 690 2592 2238 2664; baseline 0.002 -19"><span class='ocrx_word' id='word_1_324' title='bbox 690 2592 990 2656; x_wconf 79' lang='lat' dir='ltr'><strong>stantinus,</strong></span> <span class='ocrx_word' id='word_1_325' title='bbox 1021 2592 1257 2646; x_wconf 82' lang='lat' dir='ltr'><strong>evidenti</strong></span> <span class='ocrx_word' id='word_1_326' title='bbox 1285 2592 1543 2663; x_wconf 69' lang='lat' dir='ltr'><strong>sulfragio</strong></span> <span class='ocrx_word' id='word_1_327' title='bbox 1567 2598 1933 2664; x_wconf 80' lang='lat' dir='ltr'><strong>comprobavit</strong></span> <span class='ocrx_word' id='word_1_328' title='bbox 1962 2620 1973 2651; x_wconf 88' lang='lat'><strong>:</strong></span> <span class='ocrx_word' id='word_1_329' title='bbox 2008 2601 2132 2650; x_wconf 90' lang='lat' dir='ltr'><strong>dum</strong></span> <span class='ocrx_word' id='word_1_330' title='bbox 2163 2598 2238 2650; x_wconf 91' lang='lat' dir='ltr'><strong>illi</strong></span> 
     </span>
    </p>
   </div>
   <div class='ocr_carea' id='block_1_48' title="bbox 696 2683 2236 2758">
    <p class='ocr_par' dir='ltr' id='par_1_48' title="bbox 696 2683 2236 2758">
     <span class='ocr_line' id='line_1_48' title="bbox 696 2683 2236 2758; baseline 0.005 -24"><span class='ocrx_word' id='word_1_331' title='bbox 696 2698 804 2734; x_wconf 87' lang='lat' dir='ltr'><strong>non</strong></span> <span class='ocrx_word' id='word_1_332' title='bbox 840 2683 998 2734; x_wconf 87' lang='lat' dir='ltr'><strong>modo</strong></span> <span class='ocrx_word' id='word_1_333' title='bbox 1025 2683 1076 2735; x_wconf 92' lang='lat' dir='ltr'><strong>in</strong></span> <span class='ocrx_word' id='word_1_334' title='bbox 1104 2685 1348 2748; x_wconf 80' lang='lat' dir='ltr'><strong>exordio,</strong></span> <span class='ocrx_word' id='word_1_335' title='bbox 1375 2686 1468 2739; x_wconf 85' lang='lat' dir='ltr'><strong>sed</strong></span> <span class='ocrx_word' id='word_1_336' title='bbox 1501 2688 1662 2740; x_wconf 90' lang='lat' dir='ltr'><strong>etiam</strong></span> <span class='ocrx_word' id='word_1_337' title='bbox 1700 2689 1750 2740; x_wconf 93' lang='lat' dir='ltr'><strong>in</strong></span> <span class='ocrx_word' id='word_1_338' title='bbox 1784 2704 2068 2758; x_wconf 85' lang='lat' dir='ltr'><strong>progressu</strong></span> <span class='ocrx_word' id='word_1_339' title='bbox 2101 2698 2154 2743; x_wconf 93' lang='lat' dir='ltr'><strong>et</strong></span> <span class='ocrx_word' id='word_1_340' title='bbox 2183 2691 2236 2741; x_wconf 94' lang='lat' dir='ltr'><strong>in</strong></span> 
     </span>
    </p>
   </div>
   <div class='ocr_carea' id='block_1_49' title="bbox 697 2773 2236 2848">
    <p class='ocr_par' dir='ltr' id='par_1_49' title="bbox 697 2773 2236 2848">
     <span class='ocr_line' id='line_1_49' title="bbox 697 2773 2236 2848; baseline 0.006 -24"><span class='ocrx_word' id='word_1_341' title='bbox 697 2773 804 2825; x_wconf 72' lang='lat' dir='ltr'><strong>Ine</strong></span> <span class='ocrx_word' id='word_1_342' title='bbox 837 2773 1046 2839; x_wconf 89' lang='lat' dir='ltr'><strong>imperii</strong></span> <span class='ocrx_word' id='word_1_343' title='bbox 1078 2788 1289 2840; x_wconf 89' lang='lat' dir='ltr'><strong>semper</strong></span> <span class='ocrx_word' id='word_1_344' title='bbox 1327 2777 1589 2845; x_wconf 85' lang='lat' dir='ltr'><strong>propitius</strong></span> <span class='ocrx_word' id='word_1_345' title='bbox 1631 2779 1993 2848; x_wconf 72' lang='lat' dir='ltr'><strong>benignusque</strong></span> <span class='ocrx_word' id='word_1_346' title='bbox 2046 2781 2236 2844; x_wconf 83' lang='lat' dir='ltr'><strong>adfuit,</strong></span> 
     </span>
    </p>
   </div>
   <div class='ocr_carea' id='block_1_50' title="bbox 697 2863 2238 2934">
    <p class='ocr_par' dir='ltr' id='par_1_50' title="bbox 697 2863 2238 2934">
     <span class='ocr_line' id='line_1_50' title="bbox 697 2863 2238 2934; baseline 0.006 -20"><span class='ocrx_word' id='word_1_347' title='bbox 697 2863 892 2930; x_wconf 89' lang='lat' dir='ltr'><strong>quippe</strong></span> <span class='ocrx_word' id='word_1_348' title='bbox 912 2877 1069 2930; x_wconf 85' lang='lat' dir='ltr'><strong>quem</strong></span> <span class='ocrx_word' id='word_1_349' title='bbox 1103 2863 1339 2918; x_wconf 87' lang='lat' dir='ltr'><strong>humano</strong></span> <span class='ocrx_word' id='word_1_350' title='bbox 1371 2867 1550 2934; x_wconf 89' lang='lat' dir='ltr'><strong>generi</strong></span> <span class='ocrx_word' id='word_1_351' title='bbox 1575 2868 1640 2919; x_wconf 90' lang='lat' dir='ltr'><strong>ad</strong></span> <span class='ocrx_word' id='word_1_352' title='bbox 1671 2869 1834 2921; x_wconf 83' lang='lat' dir='ltr'><strong>divini</strong></span> <span class='ocrx_word' id='word_1_353' title='bbox 1866 2870 2040 2923; x_wconf 88' lang='lat' dir='ltr'><strong>cultus</strong></span> <span class='ocrx_word' id='word_1_354' title='bbox 2071 2870 2238 2923; x_wconf 81' lang='lat' dir='ltr'><strong>infor-</strong></span> 
     </span>
    </p>
   </div>
   <div class='ocr_carea' id='block_1_51' title="bbox 699 2952 2237 3019">
    <p class='ocr_par' dir='ltr' id='par_1_51' title="bbox 699 2952 2237 3019">
     <span class='ocr_line' id='line_1_51' title="bbox 699 2952 2237 3019; baseline 0.005 -15"><span class='ocrx_word' id='word_1_355' title='bbox 699 2952 993 3005; x_wconf 84' lang='lat' dir='ltr'><strong>mationem</strong></span> <span class='ocrx_word' id='word_1_356' title='bbox 1027 2963 1392 3019; x_wconf 87' lang='lat' dir='ltr'><strong>proposuerat.</strong></span> <span class='ocrx_word' id='word_1_357' title='bbox 1435 2954 1583 3010; x_wconf 81' lang='lat' dir='ltr'><strong>Hunc</strong></span> <span class='ocrx_word' id='word_1_358' title='bbox 1613 2968 1759 3010; x_wconf 90' lang='lat' dir='ltr'><strong>certe</strong></span> <span class='ocrx_word' id='word_1_359' title='bbox 1781 2974 1943 3011; x_wconf 83' lang='lat' dir='ltr'><strong>unum</strong></span> <span class='ocrx_word' id='word_1_360' title='bbox 1971 2974 2038 3012; x_wconf 77' lang='lat' dir='ltr'><strong>ex</strong></span> <span class='ocrx_word' id='word_1_361' title='bbox 2067 2961 2237 3012; x_wconf 88' lang='lat' dir='ltr'><strong>omni-</strong></span> 
     </span>
    </p>
   </div>
   <div class='ocr_carea' id='block_1_52' title="bbox 699 3046 2240 3118">
    <p class='ocr_par' dir='ltr' id='par_1_52' title="bbox 699 3046 2240 3118">
     <span class='ocr_line' id='line_1_52' title="bbox 699 3046 2240 3118; baseline 0.003 -21"><span class='ocrx_word' id='word_1_362' title='bbox 699 3046 803 3097; x_wconf 83' lang='lat' dir='ltr'><strong>bus</strong></span> <span class='ocrx_word' id='word_1_363' title='bbox 830 3059 966 3111; x_wconf 87' lang='lat' dir='ltr'><strong>quos</strong></span> <span class='ocrx_word' id='word_1_364' title='bbox 1009 3059 1240 3110; x_wconf 85' lang='lat' dir='ltr'><strong>unquam</strong></span> <span class='ocrx_word' id='word_1_365' title='bbox 1271 3046 1544 3100; x_wconf 87' lang='lat' dir='ltr'><strong>auditione</strong></span> <span class='ocrx_word' id='word_1_366' title='bbox 1574 3049 1877 3116; x_wconf 88' lang='lat' dir='ltr'><strong>accepimus</strong></span> <span class='ocrx_word' id='word_1_367' title='bbox 1903 3049 2240 3118; x_wconf 87' lang='lat' dir='ltr'><strong>imperatori-</strong></span> 
     </span>
    </p>
   </div>
   <div class='ocr_carea' id='block_1_53' title="bbox 700 3133 2242 3207">
    <p class='ocr_par' dir='ltr' id='par_1_53' title="bbox 700 3133 2242 3207">
     <span class='ocr_line' id='line_1_53' title="bbox 700 3133 2242 3207; baseline 0.005 -21"><span class='ocrx_word' id='word_1_368' title='bbox 700 3136 822 3199; x_wconf 89' lang='lat' dir='ltr'><strong>bus,</strong></span> <span class='ocrx_word' id='word_1_369' title='bbox 855 3135 999 3187; x_wconf 78' lang='lat' dir='ltr'><strong>velut</strong></span> <span class='ocrx_word' id='word_1_370' title='bbox 1049 3133 1403 3191; x_wconf 87' lang='lat' dir='ltr'><strong>clarissimum</strong></span> <span class='ocrx_word' id='word_1_371' title='bbox 1440 3137 1708 3205; x_wconf 89' lang='lat' dir='ltr'><strong>quoddam</strong></span> <span class='ocrx_word' id='word_1_372' title='bbox 1758 3140 1940 3207; x_wconf 85' lang='lat' dir='ltr'><strong>jubar,</strong></span> <span class='ocrx_word' id='word_1_373' title='bbox 1995 3149 2049 3193; x_wconf 94' lang='lat' dir='ltr'><strong>et</strong></span> <span class='ocrx_word' id='word_1_374' title='bbox 2098 3140 2242 3193; x_wconf 89' lang='lat' dir='ltr'><strong>velut</strong></span> 
     </span>
    </p>
   </div>
   <div class='ocr_carea' id='block_1_54' title="bbox 697 3223 2242 3296">
    <p class='ocr_par' dir='ltr' id='par_1_54' title="bbox 697 3223 2242 3296">
     <span class='ocr_line' id='line_1_54' title="bbox 697 3223 2242 3296; baseline 0.006 -21"><span class='ocrx_word' id='word_1_375' title='bbox 697 3223 987 3291; x_wconf 83' lang='lat' dir='ltr'><strong>quemdam</strong></span> <span class='ocrx_word' id='word_1_376' title='bbox 1019 3239 1157 3279; x_wconf 68' lang='lat' dir='ltr'><strong>verae</strong></span> <span class='ocrx_word' id='word_1_377' title='bbox 1193 3224 1463 3294; x_wconf 84' lang='lat' dir='ltr'><strong>religionis</strong></span> <span class='ocrx_word' id='word_1_378' title='bbox 1494 3242 1792 3296; x_wconf 84' lang='lat' dir='ltr'><strong>pr:econem</strong></span> <span class='ocrx_word' id='word_1_379' title='bbox 1847 3231 2075 3283; x_wconf 76' lang='lat' dir='ltr'><strong>maxima</strong></span> <span class='ocrx_word' id='word_1_380' title='bbox 2113 3245 2242 3285; x_wconf 90' lang='lat' dir='ltr'><strong>voce</strong></span> 
     </span>
    </p>
   </div>
   <div class='ocr_carea' id='block_1_55' title="bbox 698 3316 2238 3390">
    <p class='ocr_par' dir='ltr' id='par_1_55' title="bbox 698 3316 2238 3390">
     <span class='ocr_line' id='line_1_55' title="bbox 698 3316 2238 3390; baseline 0.005 -22"><span class='ocrx_word' id='word_1_381' title='bbox 698 3316 1100 3382; x_wconf 84' lang='lat' dir='ltr'><strong>inclamantem,</strong></span> <span class='ocrx_word' id='word_1_382' title='bbox 1132 3318 1425 3373; x_wconf 86' lang='lat' dir='ltr'><strong>innumeris</strong></span> <span class='ocrx_word' id='word_1_383' title='bbox 1459 3317 1511 3372; x_wconf 91' lang='lat' dir='ltr'><strong>in</strong></span> <span class='ocrx_word' id='word_1_384' title='bbox 1558 3333 1681 3373; x_wconf 90' lang='lat' dir='ltr'><strong>eum</strong></span> <span class='ocrx_word' id='word_1_385' title='bbox 1738 3322 2008 3390; x_wconf 81' lang='lat' dir='ltr'><strong>congestis</strong></span> <span class='ocrx_word' id='word_1_386' title='bbox 2066 3323 2238 3386; x_wconf 88' lang='lat' dir='ltr'><strong>bonis,</strong></span> 
     </span>
    </p>
   </div>
   <div class='ocr_carea' id='block_1_56' title="bbox 698 3411 1015 3478">
    <p class='ocr_par' dir='ltr' id='par_1_56' title="bbox 698 3411 1015 3478">
     <span class='ocr_line' id='line_1_56' title="bbox 698 3411 1015 3478; baseline -0.003 -15"><span class='ocrx_word' id='word_1_387' title='bbox 698 3411 1015 3478; x_wconf 81' lang='lat' dir='ltr'><strong>designavit.</strong></span> 
     </span>
    </p>
   </div>
   <div class='ocr_carea' id='block_1_57' title="bbox 1204 3501 1725 3573">
    <p class='ocr_par' dir='ltr' id='par_1_57' title="bbox 1204 3501 1725 3573">
     <span class='ocr_line' id='line_1_57' title="bbox 1204 3501 1725 3573; baseline 0 -16"><span class='ocrx_word' id='word_1_388' title='bbox 1204 3501 1366 3573; x_wconf 53' lang='lat' dir='ltr'><strong>nos</strong></span> <span class='ocrx_word' id='word_1_389' title='bbox 1402 3502 1623 3559; x_wconf 83' lang='lat' dir='ltr'><strong>CAPUT</strong></span> <span class='ocrx_word' id='word_1_390' title='bbox 1666 3503 1725 3557; x_wconf 89' lang='lat' dir='ltr'><strong>v.</strong></span> 
     </span>
    </p>
   </div>
   <div class='ocr_carea' id='block_1_58' title="bbox 697 3575 2239 3666">
    <p class='ocr_par' dir='ltr' id='par_1_58' title="bbox 697 3575 2239 3666">
     <span class='ocr_line' id='line_1_58' title="bbox 697 3575 2239 3666; baseline 0.003 -20"><span class='ocrx_word' id='word_1_391' title='bbox 697 3593 850 3658; x_wconf 73' lang='lat' dir='ltr'><strong>Quod</strong></span> <span class='ocrx_word' id='word_1_392' title='bbox 879 3609 986 3647; x_wconf 80' lang='lat' dir='ltr'><strong>xxx</strong></span> <span class='ocrx_word' id='word_1_393' title='bbox 1016 3593 1219 3663; x_wconf 77' lang='lat' dir='ltr'><strong>quidem</strong></span> <span class='ocrx_word' id='word_1_394' title='bbox 1265 3595 1417 3646; x_wconf 77' lang='lat' dir='ltr'><strong>anm’a</strong></span> <span class='ocrx_word' id='word_1_395' title='bbox 1449 3575 1719 3661; x_wconf 70' lang='lat' dir='ltr'><strong>regriavit;</strong></span> <span class='ocrx_word' id='word_1_396' title='bbox 1749 3595 1877 3649; x_wconf 72' lang='lat' dir='ltr'><strong>vixit</strong></span> <span class='ocrx_word' id='word_1_397' title='bbox 1913 3605 2084 3650; x_wconf 82' lang='lat' dir='ltr'><strong>autem</strong></span> <span class='ocrx_word' id='word_1_398' title='bbox 2126 3595 2239 3666; x_wconf 78' lang='lat' dir='ltr'><strong>plus</strong></span> 
     </span>
    </p>
   </div>
   <div class='ocr_carea' id='block_1_59' title="bbox 1322 3679 1595 3732">
    <p class='ocr_par' dir='ltr' id='par_1_59' title="bbox 1322 3679 1595 3732">
     <span class='ocr_line' id='line_1_59' title="bbox 1322 3679 1595 3732; baseline 0.015 -18"><span class='ocrx_word' id='word_1_399' title='bbox 1322 3679 1478 3732; x_wconf 79' lang='lat' dir='ltr'><strong>quam</strong></span> <span class='ocrx_word' id='word_1_400' title='bbox 1508 3680 1595 3718; x_wconf 73' lang='grc' dir='ltr'>ιι.</span> 
     </span>
    </p>
   </div>
   <div class='ocr_carea' id='block_1_60' title="bbox 765 3751 2238 3823">
    <p class='ocr_par' dir='ltr' id='par_1_60' title="bbox 765 3751 2238 3823">
     <span class='ocr_line' id='line_1_60' title="bbox 765 3751 2238 3823; baseline 0.003 -20"><span class='ocrx_word' id='word_1_401' title='bbox 765 3751 842 3804; x_wconf 82' lang='lat' dir='ltr'><strong>Ae</strong></span> <span class='ocrx_word' id='word_1_402' title='bbox 875 3761 1080 3820; x_wconf 86' lang='lat' dir='ltr'><strong>tempus</strong></span> <span class='ocrx_word' id='word_1_403' title='bbox 1120 3753 1334 3821; x_wconf 87' lang='lat' dir='ltr'><strong>quidem</strong></span> <span class='ocrx_word' id='word_1_404' title='bbox 1384 3753 1597 3820; x_wconf 90' lang='lat' dir='ltr'><strong>imperii</strong></span> <span class='ocrx_word' id='word_1_405' title='bbox 1628 3753 1813 3823; x_wconf 86' lang='lat' dir='ltr'><strong>ipsius,</strong></span> <span class='ocrx_word' id='word_1_406' title='bbox 1841 3756 2012 3810; x_wconf 89' lang='lat' dir='ltr'><strong>tribus</strong></span> <span class='ocrx_word' id='word_1_407' title='bbox 2045 3755 2238 3809; x_wconf 91' lang='lat' dir='ltr'><strong>denum</strong></span> 
     </span>
    </p>
   </div>
   <div class='ocr_carea' id='block_1_61' title="bbox 693 3845 2240 3916">
    <p class='ocr_par' dir='ltr' id='par_1_61' title="bbox 693 3845 2240 3916">
     <span class='ocr_line' id='line_1_61' title="bbox 693 3845 2240 3916; baseline 0.003 -22"><span class='ocrx_word' id='word_1_408' title='bbox 693 3857 951 3894; x_wconf 72' lang='lat' dir='ltr'><strong>annorum</strong></span> <span class='ocrx_word' id='word_1_409' title='bbox 1005 3845 1220 3898; x_wconf 85' lang='lat' dir='ltr'><strong>circulis</strong></span> <span class='ocrx_word' id='word_1_410' title='bbox 1261 3847 1521 3903; x_wconf 87' lang='lat' dir='ltr'><strong>absolutis</strong></span> <span class='ocrx_word' id='word_1_411' title='bbox 1568 3857 1625 3902; x_wconf 91' lang='lat' dir='ltr'><strong>et</strong></span> <span class='ocrx_word' id='word_1_412' title='bbox 1672 3848 1950 3916; x_wconf 88' lang='lat' dir='ltr'><strong>aliquanto</strong></span> <span class='ocrx_word' id='word_1_413' title='bbox 2011 3847 2240 3915; x_wconf 75' lang='lat' dir='ltr'><strong>amplius</strong></span> 
     </span>
    </p>
   </div>
   <div class='ocr_carea' id='block_1_62' title="bbox 697 3931 2240 4004">
    <p class='ocr_par' dir='ltr' id='par_1_62' title="bbox 697 3931 2240 4004">
     <span class='ocr_line' id='line_1_62' title="bbox 697 3931 2240 4004; baseline 0.004 -23"><span class='ocrx_word' id='word_1_414' title='bbox 697 3931 1014 3995; x_wconf 88' lang='lat' dir='ltr'><strong>honoravit;</strong></span> <span class='ocrx_word' id='word_1_415' title='bbox 1050 3934 1213 3987; x_wconf 77' lang='lat' dir='ltr'><strong>totius</strong></span> <span class='ocrx_word' id='word_1_416' title='bbox 1261 3944 1438 3989; x_wconf 90' lang='lat' dir='ltr'><strong>autem</strong></span> <span class='ocrx_word' id='word_1_417' title='bbox 1485 3938 1606 3990; x_wconf 76' lang='lat' dir='ltr'><strong>vita:</strong></span> <span class='ocrx_word' id='word_1_418' title='bbox 1643 3947 1854 4004; x_wconf 88' lang='lat' dir='ltr'><strong>tempus</strong></span> <span class='ocrx_word' id='word_1_419' title='bbox 1907 3951 2066 4004; x_wconf 90' lang='lat' dir='ltr'><strong>quam</strong></span> <span class='ocrx_word' id='word_1_420' title='bbox 2100 3937 2240 3988; x_wconf 89' lang='lat' dir='ltr'><strong>inter</strong></span> 
     </span>
    </p>
   </div>
   <div class='ocr_carea' id='block_1_63' title="bbox 698 4024 2233 4100">
    <p class='ocr_par' dir='ltr' id='par_1_63' title="bbox 698 4024 2233 4100">
     <span class='ocr_line' id='line_1_63' title="bbox 698 4024 2233 4100; baseline 0.004 -28"><span class='ocrx_word' id='word_1_421' title='bbox 698 4024 1147 4087; x_wconf 78' lang='lat' dir='ltr'><strong>hominesduxit,</strong></span> <span class='ocrx_word' id='word_1_422' title='bbox 1165 4027 1322 4091; x_wconf 88' lang='lat' dir='ltr'><strong>duplo</strong></span> <span class='ocrx_word' id='word_1_423' title='bbox 1355 4029 1560 4097; x_wconf 80' lang='lat' dir='ltr'><strong>majore</strong></span> <span class='ocrx_word' id='word_1_424' title='bbox 1583 4029 1764 4097; x_wconf 89' lang='lat' dir='ltr'><strong>spatio</strong></span> <span class='ocrx_word' id='word_1_425' title='bbox 1786 4026 2233 4100; x_wconf 81' lang='lat' dir='ltr'><strong>eireumscripsit.</strong></span> 
     </span>
    </p>
   </div>
   <div class='ocr_carea' id='block_1_64' title="bbox 697 4110 2240 4185">
    <p class='ocr_par' dir='ltr' id='par_1_64' title="bbox 697 4110 2240 4185">
     <span class='ocr_line' id='line_1_64' title="bbox 697 4110 2240 4185; baseline 0.003 -24"><span class='ocrx_word' id='word_1_426' title='bbox 697 4110 868 4163; x_wconf 85' lang='lat' dir='ltr'><strong>Porro</strong></span> <span class='ocrx_word' id='word_1_427' title='bbox 900 4126 1020 4163; x_wconf 89' lang='lat' dir='ltr'><strong>cum</strong></span> <span class='ocrx_word' id='word_1_428' title='bbox 1066 4115 1308 4167; x_wconf 88' lang='lat' dir='ltr'><strong>eumdem</strong></span> <span class='ocrx_word' id='word_1_429' title='bbox 1364 4117 1508 4168; x_wconf 86' lang='lat' dir='ltr'><strong>velut</strong></span> <span class='ocrx_word' id='word_1_430' title='bbox 1579 4117 1865 4185; x_wconf 84' lang='lat' dir='ltr'><strong>imaginem</strong></span> <span class='ocrx_word' id='word_1_431' title='bbox 1917 4114 2240 4167; x_wconf 72' lang='lat' dir='ltr'><strong>monarchiae</strong></span> 
     </span>
    </p>
   </div>
   <div class='ocr_carea' id='block_1_65' title="bbox 699 4205 2237 4272">
    <p class='ocr_par' dir='ltr' id='par_1_65' title="bbox 699 4205 2237 4272">
     <span class='ocr_line' id='line_1_65' title="bbox 699 4205 2237 4272; baseline -0.001 -15"><span class='ocrx_word' id='word_1_432' title='bbox 699 4218 805 4257; x_wconf 75' lang='lat' dir='ltr'><strong>sum</strong></span> <span class='ocrx_word' id='word_1_433' title='bbox 856 4217 1153 4271; x_wconf 81' lang='lat' dir='ltr'><strong>proponere</strong></span> <span class='ocrx_word' id='word_1_434' title='bbox 1184 4205 1362 4268; x_wconf 84' lang='lat' dir='ltr'><strong>vellet,</strong></span> <span class='ocrx_word' id='word_1_435' title='bbox 1398 4208 1654 4260; x_wconf 85' lang='lat' dir='ltr'><strong>victorem</strong></span> <span class='ocrx_word' id='word_1_436' title='bbox 1691 4221 1811 4258; x_wconf 90' lang='lat' dir='ltr'><strong>eum</strong></span> <span class='ocrx_word' id='word_1_437' title='bbox 1844 4205 2018 4257; x_wconf 91' lang='lat' dir='ltr'><strong>omnis</strong></span> <span class='ocrx_word' id='word_1_438' title='bbox 2055 4213 2237 4272; x_wconf 81' lang='lat' dir='ltr'><strong>tyran-</strong></span> 
     </span>
    </p>
   </div>
   <div class='ocr_carea' id='block_1_66' title="bbox 699 4286 2241 4360">
    <p class='ocr_par' dir='ltr' id='par_1_66' title="bbox 699 4286 2241 4360">
     <span class='ocr_line' id='line_1_66' title="bbox 699 4286 2241 4360; baseline 0.004 -22"><span class='ocrx_word' id='word_1_439' title='bbox 699 4288 799 4339; x_wconf 81' lang='lat' dir='ltr'><strong>uici</strong></span> <span class='ocrx_word' id='word_1_440' title='bbox 847 4286 1058 4354; x_wconf 80' lang='lat' dir='ltr'><strong>generis</strong></span> <span class='ocrx_word' id='word_1_441' title='bbox 1102 4291 1368 4354; x_wconf 76' lang='lat' dir='ltr'><strong>przestitit,</strong></span> <span class='ocrx_word' id='word_1_442' title='bbox 1399 4302 1451 4346; x_wconf 89' lang='lat' dir='ltr'><strong>et</strong></span> <span class='ocrx_word' id='word_1_443' title='bbox 1480 4293 1766 4360; x_wconf 89' lang='lat' dir='ltr'><strong>impiorum</strong></span> <span class='ocrx_word' id='word_1_444' title='bbox 1819 4293 2091 4359; x_wconf 78' lang='lat' dir='ltr'><strong>gigantum</strong></span> <span class='ocrx_word' id='word_1_445' title='bbox 2145 4306 2241 4344; x_wconf 83' lang='lat' dir='ltr'><strong>cx-</strong></span> 
     </span>
    </p>
   </div>
   <div class='ocr_carea' id='block_1_67' title="bbox 699 4379 2236 4449">
    <p class='ocr_par' dir='ltr' id='par_1_67' title="bbox 699 4379 2236 4449">
     <span class='ocr_line' id='line_1_67' title="bbox 699 4379 2236 4449; baseline 0.001 -17"><span class='ocrx_word' id='word_1_446' title='bbox 699 4381 1146 4446; x_wconf 37' lang='lat' dir='ltr'><strong>stinctorem,»qui</strong></span> <span class='ocrx_word' id='word_1_447' title='bbox 1176 4379 1471 4449; x_wconf 70' lang='lat' dir='ltr'><strong>desperata:</strong></span> <span class='ocrx_word' id='word_1_448' title='bbox 1511 4385 1704 4436; x_wconf 92' lang='lat' dir='ltr'><strong>mentis</strong></span> <span class='ocrx_word' id='word_1_449' title='bbox 1737 4385 1958 4436; x_wconf 81' lang='lat' dir='ltr'><strong>audacia</strong></span> <span class='ocrx_word' id='word_1_450' title='bbox 2001 4382 2236 4449; x_wconf 90' lang='lat' dir='ltr'><strong>impulsi,</strong></span> 
     </span>
    </p>
   </div>
   <div class='ocr_carea' id='block_1_68' title="bbox 699 4469 2242 4540">
    <p class='ocr_par' dir='ltr' id='par_1_68' title="bbox 699 4469 2242 4540">
     <span class='ocr_line' id='line_1_68' title="bbox 699 4469 2242 4540; baseline -0.001 -16"><span class='ocrx_word' id='word_1_451' title='bbox 699 4481 885 4525; x_wconf 85' lang='lat' dir='ltr'><strong>contra</strong></span> <span class='ocrx_word' id='word_1_452' title='bbox 933 4469 1103 4537; x_wconf 89' lang='lat' dir='ltr'><strong>ipsum</strong></span> <span class='ocrx_word' id='word_1_453' title='bbox 1143 4471 1306 4524; x_wconf 89' lang='lat' dir='ltr'><strong>Deum</strong></span> <span class='ocrx_word' id='word_1_454' title='bbox 1340 4488 1604 4525; x_wconf 89' lang='lat' dir='ltr'><strong>surnmnm</strong></span> <span class='ocrx_word' id='word_1_455' title='bbox 1649 4475 1884 4526; x_wconf 90' lang='lat' dir='ltr'><strong>omnium</strong></span> <span class='ocrx_word' id='word_1_456' title='bbox 1932 4487 2108 4540; x_wconf 83' lang='lat' dir='ltr'><strong>regem</strong></span> <span class='ocrx_word' id='word_1_457' title='bbox 2146 4473 2242 4523; x_wconf 91' lang='lat' dir='ltr'><strong>im-</strong></span> 
     </span>
    </p>
   </div>
   <div class='ocr_carea' id='block_1_69' title="bbox 700 4650 2242 4718">
    <p class='ocr_par' dir='ltr' id='par_1_69' title="bbox 700 4650 2242 4718">
     <span class='ocr_line' id='line_1_69' title="bbox 700 4650 2242 4718; baseline -0.001 -14"><span class='ocrx_word' id='word_1_458' title='bbox 700 4653 913 4706; x_wconf 85' lang='lat' dir='ltr'><strong>schedis</strong></span> <span class='ocrx_word' id='word_1_459' title='bbox 967 4652 1303 4706; x_wconf 70' lang='lat' dir='ltr'><strong>bibliotheca:</strong></span> <span class='ocrx_word' id='word_1_460' title='bbox 1363 4650 1559 4717; x_wconf 62' lang='lat' dir='ltr'><strong>Regina.</strong></span> <span class='ocrx_word' id='word_1_461' title='bbox 1621 4650 1848 4703; x_wconf 88' lang='lat' dir='ltr'><strong>Savilius</strong></span> <span class='ocrx_word' id='word_1_462' title='bbox 1906 4666 2116 4718; x_wconf 89' lang='lat' dir='ltr'><strong>quoque</strong></span> <span class='ocrx_word' id='word_1_463' title='bbox 2177 4652 2242 4702; x_wconf 91' lang='lat' dir='ltr'><strong>ad</strong></span> 
     </span>
    </p>
   </div>
   <div class='ocr_carea' id='block_1_70' title="bbox 699 4720 2241 4787">
    <p class='ocr_par' dir='ltr' id='par_1_70' title="bbox 699 4720 2241 4787">
     <span class='ocr_line' id='line_1_70' title="bbox 699 4720 2241 4787; baseline -0.001 -14"><span class='ocrx_word' id='word_1_464' title='bbox 699 4737 847 4773; x_wconf 87' lang='lat' dir='ltr'><strong>eram</strong></span> <span class='ocrx_word' id='word_1_465' title='bbox 901 4723 981 4774; x_wconf 91' lang='lat' dir='ltr'><strong>sui</strong></span> <span class='ocrx_word' id='word_1_466' title='bbox 1027 4722 1230 4775; x_wconf 89' lang='lat' dir='ltr'><strong>codicis</strong></span> <span class='ocrx_word' id='word_1_467' title='bbox 1265 4729 1413 4773; x_wconf 88' lang='lat' dir='ltr'><strong>notat</strong></span> <span class='ocrx_word' id='word_1_468' title='bbox 1473 4720 1544 4771; x_wconf 87' lang='lat' dir='ltr'><strong>ita</strong></span> <span class='ocrx_word' id='word_1_469' title='bbox 1597 4721 1696 4772; x_wconf 88' lang='lat' dir='ltr'><strong>sibi</strong></span> <span class='ocrx_word' id='word_1_470' title='bbox 1729 4720 2003 4787; x_wconf 87' lang='lat' dir='ltr'><strong>legendum</strong></span> <span class='ocrx_word' id='word_1_471' title='bbox 2053 4720 2241 4773; x_wconf 90' lang='lat' dir='ltr'><strong>videri.</strong></span> 
     </span>
    </p>
   </div>
   <div class='ocr_carea' id='block_1_71' title="bbox 702 4789 2243 4860">
    <p class='ocr_par' dir='ltr' id='par_1_71' title="bbox 702 4789 2243 4860">
     <span class='ocr_line' id='line_1_71' title="bbox 702 4789 2243 4860; baseline -0.001 -18"><span class='ocrx_word' id='word_1_472' title='bbox 702 4794 769 4860; x_wconf 77' lang='grc' dir='ltr'>ᾼι</span> <span class='ocrx_word' id='word_1_473' title='bbox 801 4791 850 4842; x_wconf 88' lang='lat' dir='ltr'><strong>in</strong></span> <span class='ocrx_word' id='word_1_474' title='bbox 876 4791 1051 4844; x_wconf 70' lang='lat' dir='ltr'><strong>Met-mi</strong></span> <span class='ocrx_word' id='word_1_475' title='bbox 1082 4789 1219 4844; x_wconf 80' lang='lat' dir='ltr'><strong>libro</strong></span> <span class='ocrx_word' id='word_1_476' title='bbox 1253 4790 1338 4860; x_wconf 84' lang='lat' dir='ltr'><strong>ad</strong></span> <span class='ocrx_word' id='word_1_477' title='bbox 1374 4789 1666 4858; x_wconf 86' lang='lat' dir='ltr'><strong>marginem</strong></span> <span class='ocrx_word' id='word_1_478' title='bbox 1703 4790 2014 4843; x_wconf 86' lang='lat' dir='ltr'><strong>emendatur</strong></span> <span class='ocrx_word' id='word_1_479' title='bbox 2042 4789 2243 4840; x_wconf 80' lang='grc' dir='ltr'>ὑπέϐα-</span> 
     </span>
    </p>
   </div>
   <div class='ocr_carea' id='block_1_72' title="bbox 702 4859 1407 4927">
    <p class='ocr_par' dir='ltr' id='par_1_72' title="bbox 702 4859 1407 4927">
     <span class='ocr_line' id='line_1_72' title="bbox 702 4859 1407 4927; baseline 0.001 -17"><span class='ocrx_word' id='word_1_480' title='bbox 702 4859 811 4923; x_wconf 84' lang='grc' dir='ltr'>λον,</span> <span class='ocrx_word' id='word_1_481' title='bbox 842 4862 982 4925; x_wconf 84' lang='lat' dir='ltr'><strong>qnod</strong></span> <span class='ocrx_word' id='word_1_482' title='bbox 1019 4861 1188 4927; x_wconf 88' lang='lat' dir='ltr'><strong>magis</strong></span> <span class='ocrx_word' id='word_1_483' title='bbox 1213 4859 1407 4924; x_wconf 82' lang='lat' dir='ltr'><strong>placet.</strong></span> 
     </span>
    </p>
   </div>
   <div class='ocr_carea' id='block_1_73' title="bbox 771 4924 2251 4997">
    <p class='ocr_par' dir='ltr' id='par_1_73' title="bbox 771 4924 2251 4997">
     <span class='ocr_line' id='line_1_73' title="bbox 771 4924 2251 4997; baseline -0.004 -15"><span class='ocrx_word' id='word_1_484' title='bbox 771 4924 878 4997; x_wconf 77' lang='grc'><strong>(15)</strong></span> <span class='ocrx_word' id='word_1_485' title='bbox 909 4924 1341 4993; x_wconf 54' lang='grc' dir='ltr'>Αὐτοῖδεξιῶς</span> <span class='ocrx_word' id='word_1_486' title='bbox 1376 4925 1701 4993; x_wconf 81' lang='grc' dir='ltr'>παραστάς.</span> <span class='ocrx_word' id='word_1_487' title='bbox 1734 4924 1874 4995; x_wconf 82' lang='lat' dir='ltr'><strong>Lego</strong></span> <span class='ocrx_word' id='word_1_488' title='bbox 1915 4925 2059 4994; x_wconf 79' lang='grc' dir='ltr'><strong>αὐτῷ</strong></span> <span class='ocrx_word' id='word_1_489' title='bbox 2086 4926 2251 4991; x_wconf 78' lang='grc' dir='ltr'>δεξιὸς</span> 
     </span>
    </p>
   </div>
   <div class='ocr_carea' id='block_1_74' title="bbox 704 4997 2250 5068">
    <p class='ocr_par' dir='ltr' id='par_1_74' title="bbox 704 4997 2250 5068">
     <span class='ocr_line' id='line_1_74' title="bbox 704 4997 2250 5068; baseline -0.001 -20"><span class='ocrx_word' id='word_1_490' title='bbox 704 5001 999 5068; x_wconf 81' lang='grc' dir='ltr'>παραστάς.</span> <span class='ocrx_word' id='word_1_491' title='bbox 1052 4999 1116 5052; x_wconf 84' lang='grc' dir='ltr'><strong>Ει</strong></span> <span class='ocrx_word' id='word_1_492' title='bbox 1161 4998 1316 5068; x_wconf 86' lang='lat' dir='ltr'><strong>paulo</strong></span> <span class='ocrx_word' id='word_1_493' title='bbox 1359 5007 1481 5067; x_wconf 88' lang='lat' dir='ltr'><strong>post</strong></span> <span class='ocrx_word' id='word_1_494' title='bbox 1533 4998 1871 5050; x_wconf 89' lang='lat' dir='ltr'><strong>scribendum</strong></span> <span class='ocrx_word' id='word_1_495' title='bbox 1918 4997 2123 5049; x_wconf 80' lang='lat' dir='ltr'><strong>videtur</strong></span> <span class='ocrx_word' id='word_1_496' title='bbox 2173 4999 2250 5058; x_wconf 79' lang='grc' dir='ltr'><strong>είς</strong></span> 
     </span>
    </p>
   </div>
   <div class='ocr_carea' id='block_1_75' title="bbox 702 5068 1060 5120">
    <p class='ocr_par' dir='ltr' id='par_1_75' title="bbox 702 5068 1060 5120">
     <span class='ocr_line' id='line_1_75' title="bbox 702 5068 1060 5120; baseline 0.006 -2"><span class='ocrx_word' id='word_1_497' title='bbox 702 5068 1060 5120; x_wconf 80' lang='grc' dir='ltr'>διδασκαλίαν.</span> 
     </span>
    </p>
   </div>
   <div class='ocr_carea' id='block_1_76' title="bbox 776 5134 2250 5206">
    <p class='ocr_par' dir='ltr' id='par_1_76' title="bbox 776 5134 2250 5206">
     <span class='ocr_line' id='line_1_76' title="bbox 776 5134 2250 5206; baseline -0.003 -16"><span class='ocrx_word' id='word_1_498' title='bbox 776 5140 882 5206; x_wconf 27' lang='grc' dir='ltr'>χιι)</span> <span class='ocrx_word' id='word_1_499' title='bbox 914 5139 1024 5190; x_wconf 78' lang='grc' dir='ltr'><strong>Καὶ</strong></span> <span class='ocrx_word' id='word_1_500' title='bbox 1059 5137 1302 5206; x_wconf 74' lang='grc' dir='ltr'>προσέτι</span> <span class='ocrx_word' id='word_1_501' title='bbox 1327 5135 1503 5201; x_wconf 76' lang='grc' dir='ltr'>λῷον.</span> <span class='ocrx_word' id='word_1_502' title='bbox 1541 5134 1684 5187; x_wconf 82' lang='lat' dir='ltr'><strong>Nova</strong></span> <span class='ocrx_word' id='word_1_503' title='bbox 1719 5144 1773 5187; x_wconf 91' lang='lat' dir='ltr'><strong>et</strong></span> <span class='ocrx_word' id='word_1_504' title='bbox 1798 5135 2045 5206; x_wconf 86' lang='lat' dir='ltr'><strong>inusitata</strong></span> <span class='ocrx_word' id='word_1_505' title='bbox 2103 5135 2250 5186; x_wconf 87' lang='lat' dir='ltr'><strong>locu-</strong></span> 
     </span>
    </p>
   </div>
   <div class='ocr_carea' id='block_1_77' title="bbox 708 5205 2252 5277">
    <p class='ocr_par' dir='ltr' id='par_1_77' title="bbox 708 5205 2252 5277">
     <span class='ocr_line' id='line_1_77' title="bbox 708 5205 2252 5277; baseline -0.001 -21"><span class='ocrx_word' id='word_1_506' title='bbox 708 5205 795 5277; x_wconf 83' lang='lat' dir='ltr'><strong>tio:</strong></span> <span class='ocrx_word' id='word_1_507' title='bbox 839 5209 972 5277; x_wconf 80' lang='grc' dir='ltr'>λῷον</span> <span class='ocrx_word' id='word_1_508' title='bbox 992 5225 1086 5275; x_wconf 89' lang='lat' dir='ltr'><strong>pro</strong></span> <span class='ocrx_word' id='word_1_509' title='bbox 1102 5205 1173 5261; x_wconf 85' lang='lat' dir='ltr'><strong>eo</strong></span> <span class='ocrx_word' id='word_1_510' title='bbox 1202 5207 1343 5276; x_wconf 93' lang='lat' dir='ltr'><strong>quod</strong></span> <span class='ocrx_word' id='word_1_511' title='bbox 1373 5207 1464 5258; x_wconf 80' lang='lat' dir='ltr'><strong>alii</strong></span> <span class='ocrx_word' id='word_1_512' title='bbox 1491 5206 1732 5277; x_wconf 87' lang='lat' dir='ltr'><strong>dicerent</strong></span> <span class='ocrx_word' id='word_1_513' title='bbox 1761 5205 1939 5259; x_wconf 85' lang='grc' dir='ltr'>πλέον.</span> <span class='ocrx_word' id='word_1_514' title='bbox 1971 5206 2060 5260; x_wconf 84' lang='lat' dir='ltr'><strong>Ait</strong></span> <span class='ocrx_word' id='word_1_515' title='bbox 2087 5205 2252 5277; x_wconf 66' lang='lat' dir='ltr'><strong>Euse-</strong></span> 
     </span>
    </p>
   </div>
   <div class='ocr_carea' id='block_1_78' title="bbox 707 5275 2251 5344">
    <p class='ocr_par' dir='ltr' id='par_1_78' title="bbox 707 5275 2251 5344">
     <span class='ocr_line' id='line_1_78' title="bbox 707 5275 2251 5344; baseline 0 -20"><span class='ocrx_word' id='word_1_516' title='bbox 707 5275 820 5327; x_wconf 85' lang='lat' dir='ltr'><strong>bius</strong></span> <span class='ocrx_word' id='word_1_517' title='bbox 848 5275 1254 5331; x_wconf 68' lang='lat' dir='ltr'><strong>Cotistantinum</strong></span> <span class='ocrx_word' id='word_1_518' title='bbox 1281 5277 1574 5344; x_wconf 87' lang='lat' dir='ltr'><strong>imperasse</strong></span> <span class='ocrx_word' id='word_1_519' title='bbox 1604 5276 1818 5344; x_wconf 85' lang='lat' dir='ltr'><strong>triginta</strong></span> <span class='ocrx_word' id='word_1_520' title='bbox 1845 5292 2010 5327; x_wconf 89' lang='lat' dir='ltr'><strong>annos</strong></span> <span class='ocrx_word' id='word_1_521' title='bbox 2034 5275 2251 5335; x_wconf 89' lang='lat' dir='ltr'><strong>solidos,</strong></span> 
     </span>
    </p>
   </div>
   <div class='ocr_carea' id='block_1_79' title="bbox 706 5345 2256 5415">
    <p class='ocr_par' dir='ltr' id='par_1_79' title="bbox 706 5345 2256 5415">
     <span class='ocr_line' id='line_1_79' title="bbox 706 5345 2256 5415; baseline 0.002 -23"><span class='ocrx_word' id='word_1_522' title='bbox 706 5354 770 5415; x_wconf 77' lang='lat' dir='ltr'><strong>et</strong></span> <span class='ocrx_word' id='word_1_523' title='bbox 796 5345 1064 5410; x_wconf 81' lang='lat' dir='ltr'><strong>aliquanto</strong></span> <span class='ocrx_word' id='word_1_524' title='bbox 1095 5347 1345 5415; x_wconf 89' lang='lat' dir='ltr'><strong>amplius.</strong></span> <span class='ocrx_word' id='word_1_525' title='bbox 1380 5347 1530 5412; x_wconf 87' lang='lat' dir='ltr'><strong>Quod</strong></span> <span class='ocrx_word' id='word_1_526' title='bbox 1559 5362 1740 5398; x_wconf 85' lang='lat' dir='ltr'><strong>verum</strong></span> <span class='ocrx_word' id='word_1_527' title='bbox 1764 5357 1866 5399; x_wconf 80' lang='lat' dir='ltr'><strong>est.</strong></span> <span class='ocrx_word' id='word_1_528' title='bbox 1894 5346 2024 5398; x_wconf 84' lang='lat' dir='ltr'><strong>Nam</strong></span> <span class='ocrx_word' id='word_1_529' title='bbox 2063 5353 2256 5412; x_wconf 73' lang='lat' dir='ltr'><strong>praeter</strong></span> 
     </span>
    </p>
   </div>
   <div class='ocr_carea' id='block_1_80' title="bbox 711 5412 2237 5493">
    <p class='ocr_par' dir='ltr' id='par_1_80' title="bbox 711 5412 2237 5493">
     <span class='ocr_line' id='line_1_80' title="bbox 711 5412 2237 5493; baseline 0.001 -30"><span class='ocrx_word' id='word_1_530' title='bbox 711 5412 940 5493; x_wconf 44' lang='lat' dir='ltr'><strong>H‘iginta.</strong></span> <span class='ocrx_word' id='word_1_531' title='bbox 986 5412 1587 5493; x_wconf 55' lang='lat' dir='ltr'><strong>annos,&#39;_decem_fere</strong></span> <span class='ocrx_word' id='word_1_532' title='bbox 1648 5416 1920 5493; x_wconf 72' lang='lat' dir='ltr'><strong>mensibus</strong></span> <span class='ocrx_word' id='word_1_533' title='bbox 1978 5415 2237 5493; x_wconf 76' lang='lat' dir='ltr'><strong>regnavit.</strong></span> 
     </span>
    </p>
   </div>
   <div class='ocr_carea' id='block_1_81' title="bbox 713 5475 2240 5552">
    <p class='ocr_par' dir='ltr' id='par_1_81' title="bbox 713 5475 2240 5552">
     <span class='ocr_line' id='line_1_81' title="bbox 713 5475 2240 5552; baseline 0.003 -23"><span class='ocrx_word' id='word_1_534' title='bbox 713 5475 895 5552; x_wconf 69' lang='lat' dir='ltr'><strong>Porro</strong></span> <span class='ocrx_word' id='word_1_535' title='bbox 931 5485 1082 5552; x_wconf 83' lang='lat' dir='ltr'><strong>initio</strong></span> <span class='ocrx_word' id='word_1_536' title='bbox 1140 5475 1296 5550; x_wconf 79' lang='lat' dir='ltr'><strong>hujus</strong></span> <span class='ocrx_word' id='word_1_537' title='bbox 1341 5486 1542 5551; x_wconf 89' lang='lat' dir='ltr'><strong>periodi</strong></span> <span class='ocrx_word' id='word_1_538' title='bbox 1603 5483 1940 5538; x_wconf 86' lang='lat' dir='ltr'><strong>scribendum</strong></span> <span class='ocrx_word' id='word_1_539' title='bbox 1973 5475 2063 5537; x_wconf 57' lang='lat' dir='ltr'><strong>esi</strong></span> <span class='ocrx_word' id='word_1_540' title='bbox 2118 5482 2240 5552; x_wconf 83' lang='grc' dir='ltr'>χρό-</span> 
     </span>
    </p>
   </div>
   <div class='ocr_carea' id='block_1_82' title="bbox 711 5549 2234 5624">
    <p class='ocr_par' dir='ltr' id='par_1_82' title="bbox 711 5549 2234 5624">
     <span class='ocr_line' id='line_1_82' title="bbox 711 5549 2234 5624; baseline 0.004 -26"><span class='ocrx_word' id='word_1_541' title='bbox 711 5559 796 5594; x_wconf 80' lang='grc' dir='ltr'><strong>νον</strong></span> <span class='ocrx_word' id='word_1_542' title='bbox 848 5549 941 5601; x_wconf 73' lang='grc' dir='ltr'>ιιὶν</span> <span class='ocrx_word' id='word_1_543' title='bbox 977 5549 1278 5618; x_wconf 77' lang='grc' dir='ltr'>βασιλείας,</span> <span class='ocrx_word' id='word_1_544' title='bbox 1335 5549 1436 5610; x_wconf 85' lang='lat' dir='ltr'><strong>non</strong></span> <span class='ocrx_word' id='word_1_545' title='bbox 1466 5565 1523 5607; x_wconf 90' lang='lat' dir='ltr'><strong>ut</strong></span> <span class='ocrx_word' id='word_1_546' title='bbox 1580 5554 1734 5621; x_wconf 88' lang='lat' dir='ltr'><strong>vulgo</strong></span> <span class='ocrx_word' id='word_1_547' title='bbox 1770 5553 1956 5621; x_wconf 80' lang='lat' dir='ltr'><strong>legitur</strong></span> <span class='ocrx_word' id='word_1_548' title='bbox 2013 5549 2234 5624; x_wconf 75' lang='grc' dir='ltr'>χρόνων.</span> 
     </span>
    </p>
   </div>
   <div class='ocr_carea' id='block_1_83' title="bbox 2855 2321 3367 2374">
    <p class='ocr_par' dir='ltr' id='par_1_83' title="bbox 2855 2321 3367 2374">
     <span class='ocr_line' id='line_1_83' title="bbox 2855 2321 3367 2374; baseline 0 -1"><span class='ocrx_word' id='word_1_549' title='bbox 2855 2321 3246 2373; x_wconf 69' lang='grc' dir='ltr'><strong>ΚΕΦΑΛΑΙΟΝ</strong></span> <span class='ocrx_word' id='word_1_550' title='bbox 3296 2321 3367 2374; x_wconf 88' lang='grc' dir='ltr'><strong>Δ’.</strong></span> 
     </span>
    </p>
   </div>
   <div class='ocr_carea' id='block_1_84' title="bbox 2528 2409 3686 2479">
    <p class='ocr_par' dir='ltr' id='par_1_84' title="bbox 2528 2409 3686 2479">
     <span class='ocr_line' id='line_1_84' title="bbox 2528 2409 3686 2479; baseline 0 -15"><span class='ocrx_word' id='word_1_551' title='bbox 2528 2413 2654 2464; x_wconf 84' lang='grc' dir='ltr'>Ὀτι</span> <span class='ocrx_word' id='word_1_552' title='bbox 2682 2414 2713 2463; x_wconf 85' lang='grc' dir='ltr'><strong>ό</strong></span> <span class='ocrx_word' id='word_1_553' title='bbox 2745 2410 2887 2475; x_wconf 82' lang='grc' dir='ltr'>Θεὸς</span> <span class='ocrx_word' id='word_1_554' title='bbox 2916 2410 3363 2464; x_wconf 74' lang='grc' dir='ltr'>Κωνσταντῖνον</span> <span class='ocrx_word' id='word_1_555' title='bbox 3389 2409 3686 2479; x_wconf 80' lang='grc' dir='ltr'>ἐτίμησεν.</span> 
     </span>
    </p>
   </div>
   <div class='ocr_carea' id='block_1_85' title="bbox 2403 2501 3858 2570">
    <p class='ocr_par' dir='ltr' id='par_1_85' title="bbox 2403 2501 3858 2570">
     <span class='ocr_line' id='line_1_85' title="bbox 2403 2501 3858 2570; baseline -0.003 -15"><span class='ocrx_word' id='word_1_556' title='bbox 2403 2502 2586 2555; x_wconf 82' lang='grc' dir='ltr'>Ταῦτα</span> <span class='ocrx_word' id='word_1_557' title='bbox 2615 2502 2671 2554; x_wconf 86' lang='grc' dir='ltr'>δὲ</span> <span class='ocrx_word' id='word_1_558' title='bbox 2703 2502 2795 2554; x_wconf 78' lang='grc' dir='ltr'>καὶ</span> <span class='ocrx_word' id='word_1_559' title='bbox 2819 2502 2948 2563; x_wconf 83' lang='grc' dir='ltr'>Θεὸς</span> <span class='ocrx_word' id='word_1_560' title='bbox 2974 2501 3130 2563; x_wconf 78' lang='grc' dir='ltr'>αὐτὸς</span> <span class='ocrx_word' id='word_1_561' title='bbox 3161 2501 3218 2552; x_wconf 83' lang='grc' dir='ltr'>ὃν</span> <span class='ocrx_word' id='word_1_562' title='bbox 3239 2503 3639 2564; x_wconf 79' lang='grc' dir='ltr'>Κωνσταντίνος</span> <span class='ocrx_word' id='word_1_563' title='bbox 3677 2501 3858 2570; x_wconf 72' lang='grc' dir='ltr'>ἐγέραι-</span> 
     </span>
    </p>
   </div>
   <div class='ocr_carea' id='block_1_86' title="bbox 2337 2588 3858 2664">
    <p class='ocr_par' dir='ltr' id='par_1_86' title="bbox 2337 2588 3858 2664">
     <span class='ocr_line' id='line_1_86' title="bbox 2337 2588 3858 2664; baseline -0.003 -20"><span class='ocrx_word' id='word_1_564' title='bbox 2337 2610 2447 2664; x_wconf 85' lang='grc' dir='ltr'>ρεν,</span> <span class='ocrx_word' id='word_1_565' title='bbox 2471 2590 2754 2660; x_wconf 79' lang='grc' dir='ltr'>ἀρχομένῳ</span> <span class='ocrx_word' id='word_1_566' title='bbox 2779 2590 2868 2642; x_wconf 85' lang='grc' dir='ltr'>καὶ</span> <span class='ocrx_word' id='word_1_567' title='bbox 2896 2588 3199 2658; x_wconf 80' lang='grc' dir='ltr'>μεσάζοντι,</span> <span class='ocrx_word' id='word_1_568' title='bbox 3214 2589 3307 2640; x_wconf 77' lang='grc' dir='ltr'>καὶ</span> <span class='ocrx_word' id='word_1_569' title='bbox 3335 2590 3648 2642; x_wconf 81' lang='grc' dir='ltr'>τελευτῶντι</span> <span class='ocrx_word' id='word_1_570' title='bbox 3670 2592 3763 2659; x_wconf 81' lang='grc' dir='ltr'>τῆς</span> <span class='ocrx_word' id='word_1_571' title='bbox 3784 2590 3858 2659; x_wconf 81' lang='grc' dir='ltr'><strong>βα-</strong></span> 
     </span>
    </p>
   </div>
   <div class='ocr_carea' id='block_1_87' title="bbox 2343 2678 3857 2750">
    <p class='ocr_par' dir='ltr' id='par_1_87' title="bbox 2343 2678 3857 2750">
     <span class='ocr_line' id='line_1_87' title="bbox 2343 2678 3857 2750; baseline 0 -17"><span class='ocrx_word' id='word_1_572' title='bbox 2343 2682 2543 2742; x_wconf 83' lang='grc' dir='ltr'>σιλείας</span> <span class='ocrx_word' id='word_1_573' title='bbox 2565 2680 2726 2731; x_wconf 83' lang='grc' dir='ltr'>αὑτοῦ</span> <span class='ocrx_word' id='word_1_574' title='bbox 2746 2678 2930 2741; x_wconf 83' lang='grc' dir='ltr'>δεξιῶς</span> <span class='ocrx_word' id='word_1_575' title='bbox 2949 2679 3231 2748; x_wconf 79' lang='grc' dir='ltr'>παραστὰς</span> <span class='ocrx_word' id='word_1_576' title='bbox 3259 2679 3391 2749; x_wconf 75' lang='grc'>(13),</span> <span class='ocrx_word' id='word_1_577' title='bbox 3422 2680 3670 2750; x_wconf 70' lang='grc' dir='ltr'>ἐναργέσι</span> 
     </span>
    </p>
   </div>
   <div class='ocr_carea' id='block_1_88' title="bbox 2340 2767 3856 2837">
    <p class='ocr_par' dir='ltr' id='par_1_88' title="bbox 2340 2767 3856 2837">
     <span class='ocr_line' id='line_1_88' title="bbox 2340 2767 3856 2837; baseline -0.004 -13"><span class='ocrx_word' id='word_1_578' title='bbox 2340 2769 2694 2832; x_wconf 77' lang='grc' dir='ltr'>ἐπιστώσατο,</span> <span class='ocrx_word' id='word_1_579' title='bbox 2723 2767 3064 2820; x_wconf 80' lang='grc' dir='ltr'>διδασκαλίαν</span> <span class='ocrx_word' id='word_1_580' title='bbox 3087 2767 3366 2831; x_wconf 75' lang='grc' dir='ltr'>θεοσεϐοῦς</span> <span class='ocrx_word' id='word_1_581' title='bbox 3391 2769 3767 2837; x_wconf 79' lang='grc' dir='ltr'>ὑτωδείγματος</span> <span class='ocrx_word' id='word_1_582' title='bbox 3785 2770 3856 2819; x_wconf 79' lang='grc' dir='ltr'>τὸν</span> 
     </span>
    </p>
   </div>
   <div class='ocr_carea' id='block_1_89' title="bbox 2337 2855 3857 2931">
    <p class='ocr_par' dir='ltr' id='par_1_89' title="bbox 2337 2855 3857 2931">
     <span class='ocr_line' id='line_1_89' title="bbox 2337 2855 3857 2931; baseline -0.005 -16"><span class='ocrx_word' id='word_1_583' title='bbox 2337 2862 2506 2931; x_wconf 79' lang='grc' dir='ltr'>ἄνδρα</span> <span class='ocrx_word' id='word_1_584' title='bbox 2543 2859 2621 2930; x_wconf 81' lang='grc' dir='ltr'>τῷ</span> <span class='ocrx_word' id='word_1_585' title='bbox 2670 2858 2847 2929; x_wconf 80' lang='grc' dir='ltr'>θνητῷ</span> <span class='ocrx_word' id='word_1_586' title='bbox 2882 2859 3029 2926; x_wconf 83' lang='grc' dir='ltr'>γένει</span> <span class='ocrx_word' id='word_1_587' title='bbox 3075 2857 3528 2930; x_wconf 80' lang='grc' dir='ltr'>προϐεϐλημένος.</span> <span class='ocrx_word' id='word_1_588' title='bbox 3573 2859 3738 2912; x_wconf 76' lang='grc' dir='ltr'>Μόνον</span> <span class='ocrx_word' id='word_1_589' title='bbox 3785 2855 3857 2910; x_wconf 80' lang='grc' dir='ltr'>οὖν</span> 
     </span>
    </p>
   </div>
   <div class='ocr_carea' id='block_1_90' title="bbox 2338 2949 3854 3020">
    <p class='ocr_par' dir='ltr' id='par_1_90' title="bbox 2338 2949 3854 3020">
     <span class='ocr_line' id='line_1_90' title="bbox 2338 2949 3854 3020; baseline -0.001 -17"><span class='ocrx_word' id='word_1_590' title='bbox 2338 2953 2499 3004; x_wconf 85' lang='grc' dir='ltr'>αὐτὸν</span> <span class='ocrx_word' id='word_1_591' title='bbox 2525 2950 2632 3003; x_wconf 91' lang='grc' dir='ltr'><strong>τῶν</strong></span> <span class='ocrx_word' id='word_1_592' title='bbox 2668 2949 2728 3014; x_wconf 75' lang='grc' dir='ltr'>ἐξ</span> <span class='ocrx_word' id='word_1_593' title='bbox 2756 2949 2946 3013; x_wconf 86' lang='grc' dir='ltr'>αίῶνος</span> <span class='ocrx_word' id='word_1_594' title='bbox 2971 2952 3103 3020; x_wconf 84' lang='grc' dir='ltr'>ἀκοῇ</span> <span class='ocrx_word' id='word_1_595' title='bbox 3140 2949 3434 3020; x_wconf 85' lang='grc' dir='ltr'>βοηθέντων</span> <span class='ocrx_word' id='word_1_596' title='bbox 3460 2949 3854 3019; x_wconf 76' lang='grc' dir='ltr'>αὐτοκρατόρων,</span> 
     </span>
    </p>
   </div>
   <div class='ocr_carea' id='block_1_91' title="bbox 2345 3039 3856 3113">
    <p class='ocr_par' dir='ltr' id='par_1_91' title="bbox 2345 3039 3856 3113">
     <span class='ocr_line' id='line_1_91' title="bbox 2345 3039 3856 3113; baseline -0.003 -17"><span class='ocrx_word' id='word_1_597' title='bbox 2345 3040 2453 3097; x_wconf 76' lang='grc' dir='ltr'>οἷόν</span> <span class='ocrx_word' id='word_1_598' title='bbox 2485 3061 2603 3097; x_wconf 91' lang='grc' dir='ltr'>τινα</span> <span class='ocrx_word' id='word_1_599' title='bbox 2645 3043 2893 3113; x_wconf 85' lang='grc' dir='ltr'>μέγιστον</span> <span class='ocrx_word' id='word_1_600' title='bbox 2925 3044 3182 3113; x_wconf 84' lang='grc' dir='ltr'>φωστῆρα</span> <span class='ocrx_word' id='word_1_601' title='bbox 3210 3042 3300 3094; x_wconf 78' lang='grc' dir='ltr'>καὶ</span> <span class='ocrx_word' id='word_1_602' title='bbox 3319 3042 3548 3113; x_wconf 54' lang='grc' dir='ltr'>,κήρυκα</span> <span class='ocrx_word' id='word_1_603' title='bbox 3575 3039 3856 3110; x_wconf 75' lang='grc' dir='ltr'>μεγαλοφω-</span> 
     </span>
    </p>
   </div>
   <div class='ocr_carea' id='block_1_92' title="bbox 2347 3130 3856 3205">
    <p class='ocr_par' dir='ltr' id='par_1_92' title="bbox 2347 3130 3856 3205">
     <span class='ocr_line' id='line_1_92' title="bbox 2347 3130 3856 3205; baseline -0.004 -17"><span class='ocrx_word' id='word_1_604' title='bbox 2347 3137 2562 3188; x_wconf 88' lang='grc' dir='ltr'>νότατον</span> <span class='ocrx_word' id='word_1_605' title='bbox 2593 3135 2689 3205; x_wconf 80' lang='grc' dir='ltr'>τῆς</span> <span class='ocrx_word' id='word_1_606' title='bbox 2723 3134 2988 3198; x_wconf 80' lang='grc' dir='ltr'>ἀπλανοῦς</span> <span class='ocrx_word' id='word_1_607' title='bbox 3026 3133 3348 3195; x_wconf 87' lang='grc' dir='ltr'>θεοσεϐείας,</span> <span class='ocrx_word' id='word_1_608' title='bbox 3378 3132 3465 3184; x_wconf 80' lang='grc' dir='ltr'>διὰ</span> <span class='ocrx_word' id='word_1_609' title='bbox 3493 3132 3747 3185; x_wconf 86' lang='grc' dir='ltr'>παντοίων</span> <span class='ocrx_word' id='word_1_610' title='bbox 3770 3130 3856 3182; x_wconf 81' lang='grc' dir='ltr'><strong>τῶν</strong></span> 
     </span>
    </p>
   </div>
   <div class='ocr_carea' id='block_1_93' title="bbox 2348 3224 3663 3299">
    <p class='ocr_par' dir='ltr' id='par_1_93' title="bbox 2348 3224 3663 3299">
     <span class='ocr_line' id='line_1_93' title="bbox 2348 3224 3663 3299; baseline -0.002 -19"><span class='ocrx_word' id='word_1_611' title='bbox 2348 3230 2424 3291; x_wconf 83' lang='grc' dir='ltr'><strong>είς</strong></span> <span class='ocrx_word' id='word_1_612' title='bbox 2455 3228 2614 3281; x_wconf 84' lang='grc' dir='ltr'>αὐτὸν</span> <span class='ocrx_word' id='word_1_613' title='bbox 2640 3243 2906 3299; x_wconf 81' lang='grc' dir='ltr'>κεχορηγη</span> <span class='ocrx_word' id='word_1_614' title='bbox 2916 3228 3088 3298; x_wconf 87' lang='grc' dir='ltr'>μένων</span> <span class='ocrx_word' id='word_1_615' title='bbox 3112 3224 3325 3293; x_wconf 82' lang='grc' dir='ltr'>ἀγαθῶν</span> <span class='ocrx_word' id='word_1_616' title='bbox 3348 3224 3663 3291; x_wconf 78' lang='grc' dir='ltr'>ἐνεδείξατο.</span> 
     </span>
    </p>
   </div>
   <div class='ocr_carea' id='block_1_94' title="bbox 2845 3488 3364 3547">
    <p class='ocr_par' dir='ltr' id='par_1_94' title="bbox 2845 3488 3364 3547">
     <span class='ocr_line' id='line_1_94' title="bbox 2845 3488 3364 3547; baseline -0.004 0"><span class='ocrx_word' id='word_1_617' title='bbox 2845 3490 2847 3492; x_wconf 51' lang='grc'><em>’</em></span> <span class='ocrx_word' id='word_1_618' title='bbox 2869 3488 3251 3547; x_wconf 77' lang='grc' dir='ltr'><strong>ΚΕΦΑΛΑΙΟΝ</strong></span> <span class='ocrx_word' id='word_1_619' title='bbox 3293 3495 3364 3546; x_wconf 86' lang='grc' dir='ltr'><strong>Ε’.</strong></span> 
     </span>
    </p>
   </div>
   <div class='ocr_carea' id='block_1_95' title="bbox 2351 3580 3853 3652">
    <p class='ocr_par' dir='ltr' id='par_1_95' title="bbox 2351 3580 3853 3652">
     <span class='ocr_line' id='line_1_95' title="bbox 2351 3580 3853 3652; baseline -0.001 -12"><span class='ocrx_word' id='word_1_620' title='bbox 2351 3588 2477 3641; x_wconf 77' lang='grc' dir='ltr'>Ὀτι</span> <span class='ocrx_word' id='word_1_621' title='bbox 2507 3588 2859 3641; x_wconf 73' lang='grc' dir='ltr'>ἐϐασίλευσε</span> <span class='ocrx_word' id='word_1_622' title='bbox 2876 3586 2993 3652; x_wconf 77' lang='grc' dir='ltr'><strong>μὲν</strong></span> <span class='ocrx_word' id='word_1_623' title='bbox 3019 3585 3168 3652; x_wconf 84' lang='grc' dir='ltr'>ὑπὲρ</span> <span class='ocrx_word' id='word_1_624' title='bbox 3192 3585 3263 3637; x_wconf 86' lang='grc' dir='ltr'>τὰ</span> <span class='ocrx_word' id='word_1_625' title='bbox 3286 3589 3337 3637; x_wconf 73' lang='grc' dir='ltr'><strong>,ι’</strong></span> <span class='ocrx_word' id='word_1_626' title='bbox 3360 3585 3466 3651; x_wconf 84' lang='grc' dir='ltr'>ἐτη</span> <span class='ocrx_word' id='word_1_627' title='bbox 3481 3580 3853 3651; x_wconf 77' lang='grc' dir='ltr'>μοναρχήσας.</span> 
     </span>
    </p>
   </div>
   <div class='ocr_carea' id='block_1_96' title="bbox 2673 3655 3554 3724">
    <p class='ocr_par' dir='ltr' id='par_1_96' title="bbox 2673 3655 3554 3724">
     <span class='ocr_line' id='line_1_96' title="bbox 2673 3655 3554 3724; baseline -0.008 -14"><span class='ocrx_word' id='word_1_628' title='bbox 2673 3655 2844 3724; x_wconf 65' lang='grc' dir='ltr'>ἔζησε</span> <span class='ocrx_word' id='word_1_629' title='bbox 2870 3655 2936 3709; x_wconf 81' lang='grc' dir='ltr'>δὲ</span> <span class='ocrx_word' id='word_1_630' title='bbox 2965 3655 3114 3724; x_wconf 83' lang='grc' dir='ltr'>ὑπὲρ</span> <span class='ocrx_word' id='word_1_631' title='bbox 3152 3655 3224 3707; x_wconf 83' lang='grc' dir='ltr'>τὰ</span> <span class='ocrx_word' id='word_1_632' title='bbox 3246 3655 3554 3723; x_wconf 58' lang='grc' dir='ltr'>ἐξήκοντα.</span> 
     </span>
    </p>
   </div>
   <div class='ocr_carea' id='block_1_97' title="bbox 2418 3737 3856 3816">
    <p class='ocr_par' dir='ltr' id='par_1_97' title="bbox 2418 3737 3856 3816">
     <span class='ocr_line' id='line_1_97' title="bbox 2418 3737 3856 3816; baseline -0.01 -15"><span class='ocrx_word' id='word_1_633' title='bbox 2418 3749 2635 3816; x_wconf 83' lang='grc' dir='ltr'>Χρόνων</span> <span class='ocrx_word' id='word_1_634' title='bbox 2679 3747 2776 3803; x_wconf 73' lang='grc' dir='ltr'>μὲν</span> <span class='ocrx_word' id='word_1_635' title='bbox 2827 3745 3116 3816; x_wconf 83' lang='grc' dir='ltr'>βασιλείας,</span> <span class='ocrx_word' id='word_1_636' title='bbox 3164 3743 3308 3813; x_wconf 67' lang='grc' dir='ltr'><strong>τρισ)⁸</strong></span> <span class='ocrx_word' id='word_1_637' title='bbox 3346 3741 3577 3792; x_wconf 81' lang='grc' dir='ltr'>δεκάδων</span> <span class='ocrx_word' id='word_1_638' title='bbox 3629 3737 3856 3807; x_wconf 71' lang='grc' dir='ltr'>περιῶοις</span> 
     </span>
    </p>
   </div>
   <div class='ocr_carea' id='block_1_98' title="bbox 2345 3827 3853 3908">
    <p class='ocr_par' dir='ltr' id='par_1_98' title="bbox 2345 3827 3853 3908">
     <span class='ocr_line' id='line_1_98' title="bbox 2345 3827 3853 3908; baseline -0.009 -17"><span class='ocrx_word' id='word_1_639' title='bbox 2345 3840 2591 3902; x_wconf 84' lang='grc' dir='ltr'>τελείαις,</span> <span class='ocrx_word' id='word_1_640' title='bbox 2625 3838 2720 3892; x_wconf 62' lang='grc' dir='ltr'>καὶ</span> <span class='ocrx_word' id='word_1_641' title='bbox 2748 3837 2970 3908; x_wconf 83' lang='grc' dir='ltr'>προσέτι</span> <span class='ocrx_word' id='word_1_642' title='bbox 3017 3836 3152 3905; x_wconf 83' lang='grc' dir='ltr'>λῷον</span> <span class='ocrx_word' id='word_1_643' title='bbox 3180 3834 3291 3902; x_wconf 75' lang='grc' dir='ltr'><strong>(Η)</strong></span> <span class='ocrx_word' id='word_1_644' title='bbox 3332 3839 3587 3901; x_wconf 84' lang='grc' dir='ltr'>τιμήσας,</span> <span class='ocrx_word' id='word_1_645' title='bbox 3614 3829 3794 3882; x_wconf 86' lang='grc' dir='ltr'>τούτων</span> <span class='ocrx_word' id='word_1_646' title='bbox 3812 3827 3853 3876; x_wconf 73' lang='grc' dir='ltr'>δὲ</span> 
     </span>
    </p>
   </div>
   <div class='ocr_carea' id='block_1_99' title="bbox 2346 3919 3856 3995">
    <p class='ocr_par' dir='ltr' id='par_1_99' title="bbox 2346 3919 3856 3995">
     <span class='ocr_line' id='line_1_99' title="bbox 2346 3919 3856 3995; baseline -0.01 -13"><span class='ocrx_word' id='word_1_647' title='bbox 2346 3931 2616 3983; x_wconf 78' lang='grc' dir='ltr'>διπλάσιον</span> <span class='ocrx_word' id='word_1_648' title='bbox 2645 3929 2738 3981; x_wconf 80' lang='grc' dir='ltr'><strong>τοῦ</strong></span> <span class='ocrx_word' id='word_1_649' title='bbox 2772 3928 2970 3988; x_wconf 80' lang='grc' dir='ltr'>παντὸς</span> <span class='ocrx_word' id='word_1_650' title='bbox 3017 3926 3131 3995; x_wconf 83' lang='grc' dir='ltr'>βίου</span> <span class='ocrx_word' id='word_1_651' title='bbox 3168 3925 3264 3992; x_wconf 85' lang='grc' dir='ltr'>τὴν</span> <span class='ocrx_word' id='word_1_652' title='bbox 3307 3925 3363 3973; x_wconf 83' lang='grc' dir='ltr'>ὲν</span> <span class='ocrx_word' id='word_1_653' title='bbox 3395 3919 3694 3990; x_wconf 85' lang='grc' dir='ltr'>ἀνθρώποις</span> <span class='ocrx_word' id='word_1_654' title='bbox 3740 3934 3856 3983; x_wconf 75' lang='grc' dir='ltr'>περι-</span> 
     </span>
    </p>
   </div>
   <div class='ocr_carea' id='block_1_100' title="bbox 2346 4007 3854 4092">
    <p class='ocr_par' dir='ltr' id='par_1_100' title="bbox 2346 4007 3854 4092">
     <span class='ocr_line' id='line_1_100' title="bbox 2346 4007 3854 4092; baseline -0.011 -19"><span class='ocrx_word' id='word_1_655' title='bbox 2346 4023 2530 4092; x_wconf 87' lang='grc' dir='ltr'>ορίσας</span> <span class='ocrx_word' id='word_1_656' title='bbox 2558 4019 2728 4089; x_wconf 82' lang='grc' dir='ltr'>ζωήν·</span> <span class='ocrx_word' id='word_1_657' title='bbox 2767 4019 2864 4086; x_wconf 83' lang='grc' dir='ltr'>τῆς</span> <span class='ocrx_word' id='word_1_658' title='bbox 2889 4018 2932 4068; x_wconf 90' lang='grc' dir='ltr'>δ’</span> <span class='ocrx_word' id='word_1_659' title='bbox 2971 4014 3132 4067; x_wconf 80' lang='grc' dir='ltr'>αὐτοῦ</span> <span class='ocrx_word' id='word_1_660' title='bbox 3176 4011 3504 4081; x_wconf 83' lang='grc' dir='ltr'>μοναρχικῆς</span> <span class='ocrx_word' id='word_1_661' title='bbox 3530 4009 3762 4071; x_wconf 80' lang='grc' dir='ltr'>ἐξουσίας</span> <span class='ocrx_word' id='word_1_662' title='bbox 3780 4007 3854 4075; x_wconf 72' lang='grc' dir='ltr'>τὴν</span> 
     </span>
    </p>
   </div>
   <div class='ocr_carea' id='block_1_101' title="bbox 2348 4099 3853 4176">
    <p class='ocr_par' dir='ltr' id='par_1_101' title="bbox 2348 4099 3853 4176">
     <span class='ocr_line' id='line_1_101' title="bbox 2348 4099 3853 4176; baseline -0.01 -13"><span class='ocrx_word' id='word_1_663' title='bbox 2348 4115 2527 4165; x_wconf 81' lang='grc' dir='ltr'>εἰκόνα</span> <span class='ocrx_word' id='word_1_664' title='bbox 2558 4111 2698 4172; x_wconf 84' lang='grc' dir='ltr'>δοὺς,</span> <span class='ocrx_word' id='word_1_665' title='bbox 2740 4107 2958 4176; x_wconf 84' lang='grc' dir='ltr'>νικητὴν</span> <span class='ocrx_word' id='word_1_666' title='bbox 3003 4101 3247 4166; x_wconf 79' lang='grc' dir='ltr'>ἀπέδειξε</span> <span class='ocrx_word' id='word_1_667' title='bbox 3275 4101 3386 4171; x_wconf 82' lang='grc'><strong>(15)</strong></span> <span class='ocrx_word' id='word_1_668' title='bbox 3431 4099 3628 4163; x_wconf 82' lang='grc' dir='ltr'>παντὸς</span> <span class='ocrx_word' id='word_1_669' title='bbox 3656 4114 3853 4168; x_wconf 76' lang='grc' dir='ltr'>τυραννι-</span> 
     </span>
    </p>
   </div>
   <div class='ocr_carea' id='block_1_102' title="bbox 2348 4190 3852 4267">
    <p class='ocr_par' dir='ltr' id='par_1_102' title="bbox 2348 4190 3852 4267">
     <span class='ocr_line' id='line_1_102' title="bbox 2348 4190 3852 4267; baseline -0.015 -13"><span class='ocrx_word' id='word_1_670' title='bbox 2348 4201 2443 4254; x_wconf 79' lang='grc' dir='ltr'>κοῦ</span> <span class='ocrx_word' id='word_1_671' title='bbox 2470 4202 2672 4267; x_wconf 82' lang='grc' dir='ltr'>γένους,</span> <span class='ocrx_word' id='word_1_672' title='bbox 2701 4198 2977 4265; x_wconf 83' lang='grc' dir='ltr'>θεομάχων</span> <span class='ocrx_word' id='word_1_673' title='bbox 3007 4198 3051 4246; x_wconf 82' lang='grc' dir='ltr'>τ’</span> <span class='ocrx_word' id='word_1_674' title='bbox 3075 4195 3298 4262; x_wconf 81' lang='grc' dir='ltr'>ὀλετῆρα</span> <span class='ocrx_word' id='word_1_675' title='bbox 3327 4191 3615 4258; x_wconf 81' lang='grc' dir='ltr'>γιγάντων,</span> <span class='ocrx_word' id='word_1_676' title='bbox 3643 4191 3688 4243; x_wconf 80' lang='grc' dir='ltr'>οἶ</span> <span class='ocrx_word' id='word_1_677' title='bbox 3715 4190 3852 4258; x_wconf 77' lang='grc' dir='ltr'>ψυχῆς</span> 
     </span>
    </p>
   </div>
   <div class='ocr_carea' id='block_1_103' title="bbox 2348 4282 3852 4360">
    <p class='ocr_par' dir='ltr' id='par_1_103' title="bbox 2348 4282 3852 4360">
     <span class='ocr_line' id='line_1_103' title="bbox 2348 4282 3852 4360; baseline -0.01 -16"><span class='ocrx_word' id='word_1_678' title='bbox 2348 4292 2574 4360; x_wconf 76' lang='grc' dir='ltr'>ἀπονοίᾳ</span> <span class='ocrx_word' id='word_1_679' title='bbox 2593 4291 2725 4359; x_wconf 85' lang='grc' dir='ltr'>πρὸς</span> <span class='ocrx_word' id='word_1_680' title='bbox 2747 4289 2902 4339; x_wconf 79' lang='grc' dir='ltr'>αὐτὸν</span> <span class='ocrx_word' id='word_1_681' title='bbox 2920 4289 3117 4356; x_wconf 78' lang='grc' dir='ltr'>ἡραντο</span> <span class='ocrx_word' id='word_1_682' title='bbox 3147 4285 3238 4336; x_wconf 83' lang='grc' dir='ltr'>τὸν</span> <span class='ocrx_word' id='word_1_683' title='bbox 3264 4282 3608 4351; x_wconf 83' lang='grc' dir='ltr'>παμϐασιλέα</span> <span class='ocrx_word' id='word_1_684' title='bbox 3632 4284 3730 4336; x_wconf 90' lang='grc' dir='ltr'><strong>τῶν</strong></span> <span class='ocrx_word' id='word_1_685' title='bbox 3749 4283 3852 4334; x_wconf 83' lang='grc' dir='ltr'>ὅλων</span> 
     </span>
    </p>
   </div>
   <div class='ocr_carea' id='block_1_104' title="bbox 2345 4374 3853 4445">
    <p class='ocr_par' dir='ltr' id='par_1_104' title="bbox 2345 4374 3853 4445">
     <span class='ocr_line' id='line_1_104' title="bbox 2345 4374 3853 4445; baseline -0.009 -11"><span class='ocrx_word' id='word_1_686' title='bbox 2345 4380 2654 4441; x_wconf 75' lang='grc' dir='ltr'>δυσσεϐείας</span> <span class='ocrx_word' id='word_1_687' title='bbox 2698 4377 2852 4430; x_wconf 84' lang='grc' dir='ltr'>ὅπλα.</span> <span class='ocrx_word' id='word_1_688' title='bbox 2912 4377 3047 4428; x_wconf 82' lang='grc' dir='ltr'>’Δλλ’</span> <span class='ocrx_word' id='word_1_689' title='bbox 3081 4378 3127 4427; x_wconf 91' lang='grc' dir='ltr'>οἱ</span> <span class='ocrx_word' id='word_1_690' title='bbox 3179 4377 3272 4445; x_wconf 81' lang='grc' dir='ltr'>μὲν</span> <span class='ocrx_word' id='word_1_691' title='bbox 3314 4374 3435 4427; x_wconf 87' lang='grc' dir='ltr'>ὅσον</span> <span class='ocrx_word' id='word_1_692' title='bbox 3481 4376 3653 4427; x_wconf 76' lang='grc' dir='ltr'>εἰπεῖν</span> <span class='ocrx_word' id='word_1_693' title='bbox 3685 4374 3853 4444; x_wconf 79' lang='grc' dir='ltr'><strong>(16)ὲν</strong></span> 
     </span>
    </p>
   </div>
   <div class='ocr_carea' id='block_1_105' title="bbox 2350 4465 3852 4542">
    <p class='ocr_par' dir='ltr' id='par_1_105' title="bbox 2350 4465 3852 4542">
     <span class='ocr_line' id='line_1_105' title="bbox 2350 4465 3852 4542; baseline -0.013 -14"><span class='ocrx_word' id='word_1_694' title='bbox 2350 4473 2539 4542; x_wconf 85' lang='grc' dir='ltr'>βραχεῖ</span> <span class='ocrx_word' id='word_1_695' title='bbox 2567 4471 2843 4538; x_wconf 80' lang='grc' dir='ltr'>φανέντες,</span> <span class='ocrx_word' id='word_1_696' title='bbox 2875 4468 2989 4537; x_wconf 81' lang='grc' dir='ltr'>ἅμα</span> <span class='ocrx_word' id='word_1_697' title='bbox 3025 4485 3083 4519; x_wconf 88' lang='grc' dir='ltr'><strong>τε</strong></span> <span class='ocrx_word' id='word_1_698' title='bbox 3131 4469 3222 4520; x_wconf 87' lang='grc' dir='ltr'><strong>καί</strong></span> <span class='ocrx_word' id='word_1_699' title='bbox 3261 4465 3588 4538; x_wconf 86' lang='grc' dir='ltr'>ἀπέσϐησαν,</span> <span class='ocrx_word' id='word_1_700' title='bbox 3623 4467 3708 4521; x_wconf 78' lang='grc' dir='ltr'>τὸν</span> <span class='ocrx_word' id='word_1_701' title='bbox 3730 4466 3768 4520; x_wconf 85' lang='grc' dir='ltr'>δ’</span> <span class='ocrx_word' id='word_1_702' title='bbox 3788 4466 3852 4517; x_wconf 75' lang='grc' dir='ltr'><strong>αὐ-</strong></span> 
     </span>
    </p>
   </div>
   <div class='ocr_carea' id='block_1_106' title="bbox 2422 4650 3848 4723">
    <p class='ocr_par' dir='ltr' id='par_1_106' title="bbox 2422 4650 3848 4723">
     <span class='ocr_line' id='line_1_106' title="bbox 2422 4650 3848 4723; baseline -0.023 1"><span class='ocrx_word' id='word_1_703' title='bbox 2422 4652 2531 4723; x_wconf 64' lang='grc' dir='ltr'>(ίδ)</span> <span class='ocrx_word' id='word_1_704' title='bbox 2585 4650 2772 4723; x_wconf 68' lang='grc' dir='ltr'><strong>Ῡυῖεο,</strong></span> <span class='ocrx_word' id='word_1_705' title='bbox 2817 4650 3060 4723; x_wconf 60' lang='grc' dir='ltr'><strong>,νοητὴν</strong></span> <span class='ocrx_word' id='word_1_706' title='bbox 3100 4651 3424 4723; x_wconf 35' lang='grc' dir='ltr'>,ἀξζέὂειξε</span> <span class='ocrx_word' id='word_1_707' title='bbox 3489 4652 3678 4706; x_wconf 89' lang='lat' dir='ltr'><strong>Scribo</strong></span> <span class='ocrx_word' id='word_1_708' title='bbox 3730 4667 3848 4718; x_wconf 75' lang='grc' dir='ltr'>νικη.</span> 
     </span>
    </p>
   </div>
   <div class='ocr_carea' id='block_1_107' title="bbox 2351 4720 3849 4793">
    <p class='ocr_par' dir='ltr' id='par_1_107' title="bbox 2351 4720 3849 4793">
     <span class='ocr_line' id='line_1_107' title="bbox 2351 4720 3849 4793; baseline -0.003 -19"><span class='ocrx_word' id='word_1_709' title='bbox 2351 4720 2467 4793; x_wconf 82' lang='grc' dir='ltr'>τήν,</span> <span class='ocrx_word' id='word_1_710' title='bbox 2505 4720 2567 4793; x_wconf 71' lang='lat' dir='ltr'><strong>ut</strong></span> <span class='ocrx_word' id='word_1_711' title='bbox 2587 4721 2638 4773; x_wconf 90' lang='lat' dir='ltr'><strong>in</strong></span> <span class='ocrx_word' id='word_1_712' title='bbox 2669 4720 2903 4793; x_wconf 80' lang='lat' dir='ltr'><strong>margine</strong></span> <span class='ocrx_word' id='word_1_713' title='bbox 2947 4720 3143 4773; x_wconf 90' lang='lat' dir='ltr'><strong>codicis</strong></span> <span class='ocrx_word' id='word_1_714' title='bbox 3173 4722 3418 4775; x_wconf 64' lang='lat' dir='ltr'><strong>Moramini</strong></span> <span class='ocrx_word' id='word_1_715' title='bbox 3443 4725 3765 4775; x_wconf 79' lang='lat' dir='ltr'><strong>emendatum</strong></span> <span class='ocrx_word' id='word_1_716' title='bbox 3792 4723 3849 4770; x_wconf 88' lang='lat' dir='ltr'><strong>in-</strong></span> 
     </span>
    </p>
   </div>
   <div class='ocr_carea' id='block_1_108' title="bbox 2357 4789 3849 4859">
    <p class='ocr_par' dir='ltr' id='par_1_108' title="bbox 2357 4789 3849 4859">
     <span class='ocr_line' id='line_1_108' title="bbox 2357 4789 3849 4859; baseline 0 -19"><span class='ocrx_word' id='word_1_717' title='bbox 2357 4789 2497 4844; x_wconf 85' lang='lat' dir='ltr'><strong>veni.</strong></span> <span class='ocrx_word' id='word_1_718' title='bbox 2525 4790 2705 4859; x_wconf 77' lang='lat' dir='ltr'><strong>Quam</strong></span> <span class='ocrx_word' id='word_1_719' title='bbox 2743 4789 3020 4859; x_wconf 82' lang='lat' dir='ltr'><strong>lectionem</strong></span> <span class='ocrx_word' id='word_1_720' title='bbox 3072 4801 3284 4844; x_wconf 89' lang='lat' dir='ltr'><strong>secutus</strong></span> <span class='ocrx_word' id='word_1_721' title='bbox 3319 4801 3401 4844; x_wconf 77' lang='lat' dir='ltr'><strong>est</strong></span> <span class='ocrx_word' id='word_1_722' title='bbox 3451 4793 3849 4859; x_wconf 71' lang='lat' dir='ltr'><strong>Cliristopliorso-</strong></span> 
     </span>
    </p>
   </div>
   <div class='ocr_carea' id='block_1_109' title="bbox 2357 4857 3848 4925">
    <p class='ocr_par' dir='ltr' id='par_1_109' title="bbox 2357 4857 3848 4925">
     <span class='ocr_line' id='line_1_109' title="bbox 2357 4857 3848 4925; baseline -0.001 -14"><span class='ocrx_word' id='word_1_723' title='bbox 2357 4875 2477 4913; x_wconf 90' lang='lat' dir='ltr'><strong>nus.</strong></span> <span class='ocrx_word' id='word_1_724' title='bbox 2510 4857 2665 4910; x_wconf 87' lang='lat' dir='ltr'><strong>Certe</strong></span> <span class='ocrx_word' id='word_1_725' title='bbox 2693 4857 2742 4908; x_wconf 92' lang='lat' dir='ltr'><strong>in</strong></span> <span class='ocrx_word' id='word_1_726' title='bbox 2775 4858 3040 4911; x_wconf 83' lang='lat' dir='ltr'><strong>veteribus</strong></span> <span class='ocrx_word' id='word_1_727' title='bbox 3073 4861 3302 4925; x_wconf 80' lang='lat' dir='ltr'><strong>scliedis,</strong></span> <span class='ocrx_word' id='word_1_728' title='bbox 3333 4870 3386 4914; x_wconf 88' lang='lat' dir='ltr'><strong>et</strong></span> <span class='ocrx_word' id='word_1_729' title='bbox 3425 4862 3479 4915; x_wconf 90' lang='lat' dir='ltr'><strong>in</strong></span> <span class='ocrx_word' id='word_1_730' title='bbox 3516 4857 3683 4916; x_wconf 40' lang='lat' dir='ltr'><strong>codd.‘</strong></span> <span class='ocrx_word' id='word_1_731' title='bbox 3729 4857 3848 4911; x_wconf 75' lang='lat' dir='ltr'><strong>Savi-</strong></span> 
     </span>
    </p>
   </div>
   <div class='ocr_carea' id='block_1_110' title="bbox 2358 4925 3280 4997">
    <p class='ocr_par' dir='ltr' id='par_1_110' title="bbox 2358 4925 3280 4997">
     <span class='ocr_line' id='line_1_110' title="bbox 2358 4925 3280 4997; baseline 0.001 -16"><span class='ocrx_word' id='word_1_732' title='bbox 2358 4929 2499 4981; x_wconf 86' lang='lat' dir='ltr'><strong>liano</strong></span> <span class='ocrx_word' id='word_1_733' title='bbox 2517 4942 2578 4979; x_wconf 89' lang='lat' dir='ltr'><strong>ac</strong></span> <span class='ocrx_word' id='word_1_734' title='bbox 2603 4925 2803 4978; x_wconf 85' lang='lat' dir='ltr'><strong>Fuketii</strong></span> <span class='ocrx_word' id='word_1_735' title='bbox 2823 4929 3046 4997; x_wconf 84' lang='grc' dir='ltr'>νικητήν</span> <span class='ocrx_word' id='word_1_736' title='bbox 3071 4930 3280 4997; x_wconf 88' lang='lat' dir='ltr'><strong>legitur.</strong></span> 
     </span>
    </p>
   </div>
   <div class='ocr_carea' id='block_1_111' title="bbox 2429 4997 3849 5065">
    <p class='ocr_par' dir='ltr' id='par_1_111' title="bbox 2429 4997 3849 5065">
     <span class='ocr_line' id='line_1_111' title="bbox 2429 4997 3849 5065; baseline 0.001 -19"><span class='ocrx_word' id='word_1_737' title='bbox 2429 4997 2537 5064; x_wconf 65' lang='lat'><strong>(16)</strong></span> <span class='ocrx_word' id='word_1_738' title='bbox 2570 4997 2747 5048; x_wconf 78' lang='grc' dir='ltr'>Ὅσον</span> <span class='ocrx_word' id='word_1_739' title='bbox 2767 4997 2970 5048; x_wconf 78' lang='grc' dir='ltr'>εἰπεῖν.</span> <span class='ocrx_word' id='word_1_740' title='bbox 2993 4997 3503 5065; x_wconf 83' lang='lat' dir='ltr'><strong>Christophorsonus</strong></span> <span class='ocrx_word' id='word_1_741' title='bbox 3523 5001 3703 5061; x_wconf 88' lang='lat' dir='ltr'><strong>vertit,</strong></span> <span class='ocrx_word' id='word_1_742' title='bbox 3731 5009 3849 5063; x_wconf 73' lang='lat' dir='ltr'><strong>prope</strong></span> 
     </span>
    </p>
   </div>
   <div class='ocr_carea' id='block_1_112' title="bbox 2357 5067 3849 5136">
    <p class='ocr_par' dir='ltr' id='par_1_112' title="bbox 2357 5067 3849 5136">
     <span class='ocr_line' id='line_1_112' title="bbox 2357 5067 3849 5136; baseline 0.001 -16"><span class='ocrx_word' id='word_1_743' title='bbox 2357 5069 2595 5127; x_wconf 71' lang='lat' dir='ltr'><strong>dixerim,</strong></span> <span class='ocrx_word' id='word_1_744' title='bbox 2629 5067 2777 5134; x_wconf 87' lang='lat' dir='ltr'><strong>quasi</strong></span> <span class='ocrx_word' id='word_1_745' title='bbox 2803 5068 3060 5136; x_wconf 81' lang='lat' dir='ltr'><strong>scriptum</strong></span> <span class='ocrx_word' id='word_1_746' title='bbox 3097 5079 3239 5121; x_wconf 91' lang='lat' dir='ltr'><strong>esset</strong></span> <span class='ocrx_word' id='word_1_747' title='bbox 3269 5069 3342 5131; x_wconf 83' lang='grc' dir='ltr'>ὡς</span> <span class='ocrx_word' id='word_1_748' title='bbox 3383 5072 3574 5122; x_wconf 86' lang='grc' dir='ltr'>εἰπεῖν.</span> <span class='ocrx_word' id='word_1_749' title='bbox 3629 5070 3730 5136; x_wconf 80' lang='lat' dir='ltr'><strong>Ego</strong></span> <span class='ocrx_word' id='word_1_750' title='bbox 3750 5077 3849 5136; x_wconf 47' lang='lat' dir='ltr'><strong>vero</strong></span> 
     </span>
    </p>
   </div>
   <div class='ocr_carea' id='block_1_113' title="bbox 2357 5133 3845 5202">
    <p class='ocr_par' dir='ltr' id='par_1_113' title="bbox 2357 5133 3845 5202">
     <span class='ocr_line' id='line_1_113' title="bbox 2357 5133 3845 5202; baseline -0.005 -12"><span class='ocrx_word' id='word_1_751' title='bbox 2357 5155 2460 5191; x_wconf 90' lang='lat' dir='ltr'><strong>non</strong></span> <span class='ocrx_word' id='word_1_752' title='bbox 2492 5133 2673 5190; x_wconf 87' lang='lat' dir='ltr'><strong>dubito</strong></span> <span class='ocrx_word' id='word_1_753' title='bbox 2725 5134 2851 5202; x_wconf 90' lang='lat' dir='ltr'><strong>quin</strong></span> <span class='ocrx_word' id='word_1_754' title='bbox 2885 5136 3024 5188; x_wconf 90' lang='lat' dir='ltr'><strong>aliud</strong></span> <span class='ocrx_word' id='word_1_755' title='bbox 3064 5137 3382 5192; x_wconf 79' lang='lat' dir='ltr'><strong>intellexerit</strong></span> <span class='ocrx_word' id='word_1_756' title='bbox 3427 5133 3705 5192; x_wconf 84' lang='lat' dir='ltr'><strong>Eusebius.</strong></span> <span class='ocrx_word' id='word_1_757' title='bbox 3748 5133 3845 5185; x_wconf 76' lang='lat' dir='ltr'><strong>Nam</strong></span> 
     </span>
    </p>
   </div>
   <div class='ocr_carea' id='block_1_114' title="bbox 2359 5205 3847 5276">
    <p class='ocr_par' dir='ltr' id='par_1_114' title="bbox 2359 5205 3847 5276">
     <span class='ocr_line' id='line_1_114' title="bbox 2359 5205 3847 5276; baseline -0.001 -18"><span class='ocrx_word' id='word_1_758' title='bbox 2359 5226 2478 5263; x_wconf 87' lang='lat' dir='ltr'><strong>cum</strong></span> <span class='ocrx_word' id='word_1_759' title='bbox 2532 5218 2788 5276; x_wconf 80' lang='lat' dir='ltr'><strong>tyrannos</strong></span> <span class='ocrx_word' id='word_1_760' title='bbox 2832 5206 2976 5258; x_wconf 89' lang='lat' dir='ltr'><strong>brevi</strong></span> <span class='ocrx_word' id='word_1_761' title='bbox 3030 5208 3310 5260; x_wconf 90' lang='lat' dir='ltr'><strong>admodum</strong></span> <span class='ocrx_word' id='word_1_762' title='bbox 3371 5218 3613 5276; x_wconf 90' lang='lat' dir='ltr'><strong>tempore</strong></span> <span class='ocrx_word' id='word_1_763' title='bbox 3660 5205 3847 5276; x_wconf 54' lang='lat' dir='ltr'><strong>viguisse</strong></span> 
     </span>
    </p>
   </div>
   <div class='ocr_carea' id='block_1_115' title="bbox 2362 5276 3847 5345">
    <p class='ocr_par' dir='ltr' id='par_1_115' title="bbox 2362 5276 3847 5345">
     <span class='ocr_line' id='line_1_115' title="bbox 2362 5276 3847 5345; baseline -0.002 -15"><span class='ocrx_word' id='word_1_764' title='bbox 2362 5278 2518 5330; x_wconf 88' lang='lat' dir='ltr'><strong>vellet</strong></span> <span class='ocrx_word' id='word_1_765' title='bbox 2548 5277 2850 5336; x_wconf 80' lang='lat' dir='ltr'><strong>ostendere,</strong></span> <span class='ocrx_word' id='word_1_766' title='bbox 2896 5276 2970 5328; x_wconf 89' lang='lat' dir='ltr'><strong>ait</strong></span> <span class='ocrx_word' id='word_1_767' title='bbox 3012 5290 3103 5329; x_wconf 85' lang='lat' dir='ltr'><strong>eos</strong></span> <span class='ocrx_word' id='word_1_768' title='bbox 3145 5278 3368 5332; x_wconf 86' lang='lat' dir='ltr'><strong>breviori</strong></span> <span class='ocrx_word' id='word_1_769' title='bbox 3420 5281 3674 5345; x_wconf 84' lang='lat' dir='ltr'><strong>temporis</strong></span> <span class='ocrx_word' id='word_1_770' title='bbox 3713 5281 3847 5340; x_wconf 68' lang='lat' dir='ltr'><strong>spallo</strong></span> 
     </span>
    </p>
   </div>
   <div class='ocr_carea' id='block_1_116' title="bbox 2351 5345 3829 5417">
    <p class='ocr_par' dir='ltr' id='par_1_116' title="bbox 2351 5345 3829 5417">
     <span class='ocr_line' id='line_1_116' title="bbox 2351 5345 3829 5417; baseline 0.003 -21"><span class='ocrx_word' id='word_1_771' title='bbox 2351 5364 2506 5417; x_wconf 80' lang='lat' dir='ltr'><strong>quant</strong></span> <span class='ocrx_word' id='word_1_772' title='bbox 2527 5347 2682 5417; x_wconf 22' lang='lat' dir='ltr'><strong>Aquod</strong></span> <span class='ocrx_word' id='word_1_773' title='bbox 2714 5346 2779 5396; x_wconf 86' lang='lat' dir='ltr'><strong>ad</strong></span> <span class='ocrx_word' id='word_1_774' title='bbox 2809 5345 3132 5417; x_wconf 75' lang='lat' dir='ltr'><strong>loquendum</strong></span> <span class='ocrx_word' id='word_1_775' title='bbox 3186 5349 3498 5417; x_wconf 85' lang='lat' dir='ltr'><strong>requiritur,</strong></span> <span class='ocrx_word' id='word_1_776' title='bbox 3555 5349 3694 5417; x_wconf 72' lang='lat' dir='ltr'><strong>visos</strong></span> <span class='ocrx_word' id='word_1_777' title='bbox 3739 5352 3829 5394; x_wconf 67' lang='lat'><strong>89&gt;“</strong></span> 
     </span>
    </p>
   </div>
   <div class='ocr_carea' id='block_1_117' title="bbox 2351 5414 3828 5492">
    <p class='ocr_par' dir='ltr' id='par_1_117' title="bbox 2351 5414 3828 5492">
     <span class='ocr_line' id='line_1_117' title="bbox 2351 5414 3828 5492; baseline -0.009 -22"><span class='ocrx_word' id='word_1_778' title='bbox 2351 5414 2486 5492; x_wconf 59' lang='lat' dir='ltr'><strong>litem</strong></span> <span class='ocrx_word' id='word_1_779' title='bbox 2518 5415 2752 5492; x_wconf 81' lang='lat' dir='ltr'><strong>fere_es_t,</strong></span> <span class='ocrx_word' id='word_1_780' title='bbox 2787 5415 2923 5492; x_wconf 53' lang='grc' dir='ltr'>(μιοΔ</span> <span class='ocrx_word' id='word_1_781' title='bbox 2947 5416 3114 5492; x_wconf 65' lang='lat' dir='ltr'><strong>Grzeci</strong></span> <span class='ocrx_word' id='word_1_782' title='bbox 3141 5417 3336 5492; x_wconf 77' lang='lat' dir='ltr'><strong>dicunt,</strong></span> <span class='ocrx_word' id='word_1_783' title='bbox 3375 5416 3534 5485; x_wconf 85' lang='grc' dir='ltr'>λόγου</span> <span class='ocrx_word' id='word_1_784' title='bbox 3566 5414 3760 5476; x_wconf 79' lang='grc' dir='ltr'>θάττον,</span> <span class='ocrx_word' id='word_1_785' title='bbox 3781 5424 3828 5477; x_wconf 69' lang='grc' dir='ltr'>ει</span> 
     </span>
    </p>
   </div>
   <div class='ocr_carea' id='block_1_118' title="bbox 2352 5485 3316 5555">
    <p class='ocr_par' dir='ltr' id='par_1_118' title="bbox 2352 5485 3316 5555">
     <span class='ocr_line' id='line_1_118' title="bbox 2352 5485 3316 5555; baseline 0 -11"><span class='ocrx_word' id='word_1_786' title='bbox 2352 5506 2446 5544; x_wconf 84' lang='lat' dir='ltr'><strong>nus</strong></span> <span class='ocrx_word' id='word_1_787' title='bbox 2472 5485 2772 5555; x_wconf 66' lang='lat' dir='ltr'><strong>hyperbole:</strong></span> <span class='ocrx_word' id='word_1_788' title='bbox 2803 5485 3004 5540; x_wconf 75' lang='lat' dir='ltr'><strong>Graecis</strong></span> <span class='ocrx_word' id='word_1_789' title='bbox 3038 5485 3316 5544; x_wconf 81' lang='lat' dir='ltr'><strong>familiare.</strong></span> 
     </span>
    </p>
   </div>
  </div>
