3976 6342
677 266 784 325 933

1371 269 1638 326 EUSEBH
1675 270 2157 328 CESARIENSIS
2185 270 2235 328 ΟΣ

2333 310 2336 324 .
2379 269 2568 327 PARS
2596 272 2639 326 Ι.
2677 301 2756 317 --
2783 267 3171 335 Πιετοιιιολ.
3777 259 3854 316 934
3938 357 3939 362 γ

681 385 818 440 rium
858 387 960 439 hoc
993 399 1127 454 epos
1153 384 1269 440 fore
1297 386 1530 454 confido,
1559 402 1665 453 quo
1696 388 2096 457 generosissimi
2119 388 2222 441 im-

2333 386 2497 440 iOéuw
2521 387 2816 458 τυράννων,
2844 387 3052 440 ἀόκνων
3103 361 3392 453 εὐτυχῆσαι
3431 379 3793 450 συγγραφέων.
3816 380 3852 432 ιζ
3938 363 3939 384 ¹

681 477 942 544 peratoris
993 492 1080 532 res
1133 485 1328 546 gestae,
1379 492 1588 531 summa
1629 479 1863 532 omnium
1918 477 2230 546 imperatori

684 570 788 622 Deo
827 577 1098 637 acceptae,
1157 569 1706 637 comprehenduntur.
1762 568 2046 636 Quomodo
2089 569 2235 623 enim

683 669 835 728 turpe
859 674 962 713 non
986 659 1168 722 fuerit,
1195 659 1423 714 Neronis
1448 660 1666 727 quidem
1699 669 1754 714 et
1777 661 2006 714 aliorum
2048 660 2235 728 impio-

683 767 799 805 rum
823 763 1172 823 tyrannorum
1203 752 1293 819 qui
1321 751 1477 820 longe
1521 753 1608 806 Illo
1652 753 1955 808 deteriores
1995 753 2233 816 fuerunt,
2277 821 2284 828 ‘

682 846 952 899 memoriae
989 861 1093 899 non
1148 846 1385 898 defuisse
1436 845 1876 914 diligentissimos
1920 846 2234 913 scriptores,

681 937 770 1003 qui
812 936 948 988 mala
977 944 1291 1003 argumenta
1334 937 1563 1006 eleganti
1601 950 1849 991 sermone
1888 945 2237 1000 exornantes,

685 1025 984 1080 numerosis
1032 1025 1380 1080 historiarum
1417 1026 1775 1080 voluminibus
1826 1027 2236 1081 condiderunt:

686 1129 783 1167 nos
816 1129 943 1169 vero
971 1115 1152 1178 silere,
1171 1117 1368 1185 quibus
1397 1118 1535 1170 Deus
1570 1116 1833 1183 ejusmodi
1860 1117 2238 1185 imperatorem

685 1205 896 1271 qualem
925 1207 1067 1260 nulla
1099 1223 1334 1274 unquam
1357 1217 1488 1259 atas
1515 1207 1648 1260 vidit
1687 1208 1944 1268 nancisci,
1967 1215 2021 1261 et
2045 1209 2097 1260 in
2128 1207 2243 1274 ejus

686 1307 1051 1364 conspectum,
1067 1299 1308 1351 notitiam
1323 1312 1385 1351 ac
1397 1297 1719 1365 colloquium
1736 1297 2016 1366 pervenire
2027 1311 2244 1352 conces-

667 1381 779 1442 sit?
802 1388 1158 1454 Quamobrem
1191 1388 1236 1442 si
1273 1387 1519 1456 cuiquam
1547 1388 1730 1451 alteri,
1764 1388 1920 1442 nobis
1943 1398 2090 1442 certe
2107 1404 2244 1458 prc-

685 1480 840 1548 cipue
869 1479 1142 1543 convenit,
1165 1488 1221 1532 ut
1254 1487 1330 1532 tot
1361 1494 1423 1532 ac
1441 1487 1589 1532 tanta
1613 1493 1730 1546 qua:
1755 1478 2057 1532 audivimus
2078 1479 2238 1541 bona,

687 1573 750 1622 iis
779 1571 1102 1634 nuntiemus,
1151 1585 1383 1637 quorum
1442 1578 1648 1623 mentes
1700 1570 1962 1622 bonorum
2017 1583 2240 1642 operum

684 1656 932 1724 exemplo
955 1660 1019 1709 ad
1047 1671 1281 1710 amorem
1305 1657 1395 1710 Dei
1423 1659 1749 1711 excitantur.
1776 1655 1986 1726 Quippe
2007 1658 2093 1711 alii
2123 1658 2243 1726 qni-

685 1750 803 1799 dem
833 1749 994 1800 vitam
1016 1746 1290 1802 hominum
1332 1748 1550 1802 minime
1582 1750 1844 1819 gravium,
1871 1759 1926 1803 et
1949 1765 2034 1803 res
2060 1757 2238 1816 gestas

687 1838 750 1890 ad
786 1853 990 1890 morum
1026 1839 1453 1893 emendationem
1485 1855 1708 1908 prorsus
1736 1839 1977 1906 inutiles,
2005 1849 2096 1893 aut
2120 1855 2237 1909 gra-

686 1927 789 1986 tia.
843 1936 934 1978 aut
971 1927 1092 1980 odio
1147 1916 1522 1995 quorumdam,
1571 1938 1664 1982 aut
1709 1931 1774 1982 ad
1816 1931 2076 1984 doctrina:
2125 1946 2236 1985 sum

680 2017 1091 2069 ostentationem
1121 2019 1361 2072 scribere
1383 2016 1646 2085 aggressi,
1677 2018 2110 2088 turpissimarum
2140 2019 2235 2072 ﬂa-

680 2108 928 2171 gitiorum
953 2109 1316 2161 narrationem
1349 2109 1634 2179 magniﬁco
1665 2111 1951 2164 verborum
1975 2119 2233 2180 apparatu

678 2199 830 2254 aliter
856 2215 1016 2269 quam
1046 2201 1223 2255 decuit
1270 2201 1708 2270 amplificarunt,
1744 2203 1809 2256 iis
1851 2203 1942 2270 qui
1973 2203 2230 2272 singulari

677 2293 768 2347 Dei
793 2293 1056 2348 beneficio.
1077 2292 1335 2345 malorum
1362 2303 1610 2361 expertes
1634 2293 1862 2357 fuerant,
1879 2296 2229 2369 pessimorum

673 2399 894 2454 operum
916 2393 968 2437 et
1003 2399 1122 2452 qua:
1163 2384 1433 2438 oblivione
1460 2400 1524 2438 ac
1555 2385 1787 2438 tenebris
1815 2386 2008 2439 involvi
2033 2386 2230 2441 debue-

677 2485 816 2541 rant,
843 2478 1126 2542 magistros
1151 2491 1208 2528 se
1229 2476 1544 2545 prabentes.
1577 2477 1659 2530 -At
1695 2477 1848 2531 nobis
1886 2461 2064 2532 oratio
2108 2480 2228 2546 qui-

2332 478 2395 549 δὴ
2447 477 2662 545 φαύλων
2712 476 2991 541 ὑποθέσεις
3041 475 3329 549 δραμάτων
3385 472 3652 545 ιρμηνείᾳ
3705 472 3851 540 κομι-ιι

2334 569 2782 633 καλλωπίσαντες,
2806 566 3138 632 πολυὸίϐλοις
3159 566 3423 637 ἀνέθηκαν
3452 563 3853 634 ἱστορίαις,ηῴ

2332 658 2389 710 δὲ
2421 659 2768 729 σιω-πᾷν,,οὒς
2795 659 2925 722 Θεὸς
2961 659 3128 722 αὐτὸς
3154 656 3388 726 τοσούτῳ
3414 653 3746 724 ωγκυρῆσαι
3779 651 3852 720 βα-

2335 750 2493 812 σιλεῖ,
2519 746 2629 804 οἷον
2643 753 2672 803 ὁ
2693 751 2911 821 σύμπας
2932 752 3029 820 οὐχ
3059 750 3336 820 ἱστόρησεν
3365 746 3498 802 αἰὼν
3519 744 3651 815 (30).
3675 745 3748 806 εις
3761 742 3853 812 δψιν

2335 858 2394 894 τε
2423 841 2518 894 καὶ
2532 841 2728 909 γνῶσιν
2749 841 2934 906 αὑτοῦ,
2971 842 3066 895 καὶ
3087 839 3300 910 ὁμιλίαν
3328 837 3498 895 ὲλθεῐν
3521 835 3854 904 κατηξίωστνς

2337 931 2428 983 Διὸ
2447 933 2708 1002 προσήκοι
2734 931 2841 1002 (31)
2874 931 2940 985 ἂν
2968 931 3023 984 ετ
3048 948 3187 984 τισιν
3209 929 3405 993 ἄλλοις,
3423 927 3857 997 καὶιὴμ-ἳναὺτοῖς.

2336 1020 2553 1089 ἀγαθῶν
2564 1021 2799 1090 ⁸ἄφθονον
2846 1021 3011 1093 ἀκοὴν
3038 1021 3322 1092 κηρύττειν
3369 1019 3591 1083 ἅπασιν,
3617 1012 3697 1081 οἷς
3719 1019 3750 1088 η
3774 1017 3859 1069 τῶν

2339 1112 2517 1166 καλῶν
2543 1113 2772 1183 μίμησις
2808 1114 2944 1185 πρὸς
2984 1113 3078 1165 τὸν
3114 1112 3254 1166 θεῖον
3301 1111 3477 1183 ἔρωτα
3517 1109 3863 1180 διεγείρει-τὸν

2339 1204 2520 1258 τώθον.
2551 1205 2615 1257 Oi
2638 1205 2734 1274 μὲν
2761 1204 2868 1274 γὰρ
2899 1203 3006 1274 (32)
3039 1203 3182 1272 βίους
3207 1201 3413 1272 ἀνδρῶν
3447 1202 3510 1254 οὐ
3545 1199 3764 1271 σεμνῶν,
3787 1201 3862 1250 καὶ

2339 1295 2565 1366 πράξεις
2589 1296 2725 1367 πρὸς
2747 1295 2893 1364 ⁴Ιίθῶν
2934 1280 3209 1368 βελτίωξᾷ
3234 1291 3584 1358 ἀλυσιτελεῖς,
3613 1292 3783 1363 χάριτι
3807 1294 3860 1359 τῇ

2338 1389 2474 1457 πρός
2501 1399 2650 1462 τινας
2673 1387 2709 1456 ἢ
2739 1386 3021 1457 ἀπεχθείᾳ,
3049 1386 3185 1459 τάχα
3213 1385 3270 1438 δέ
3293 1401 3393 1438 που
3417 1386 3511 1437 καὶ
3535 1383 3670 1454 πρὸς
3697 1383 3863 1446 ἐπίδει-

2339 1477 2420 1545 ξιν
2478 1479 2576 1549 τῆς
2642 1495 2792 1546 σφων
2851 1476 3026 1529 αὐτῶν
3079 1476 3407 1540 παιδεύσεως
3465 1475 3861 1544 συναγαγόντες.

2338 1566 2535 1638 κόμπῳ
2591 1566 2847 1639 ῥημάτων
2892 1564 3232 1633 εὐγλωττίας,
3283 1565 3522 1636 αἰσχρῶν
3556 1563 3864 1636 πραγμάτων

2339 1659 2639 1729 ὑφηγήσεις
2664 1645 2766 1710 οὒκ
2801 1658 2880 1720 εἰς
2900 1656 3018 1709 δέον
3045 1655 3508 1726 ἑξετραγῴδησαν,
3551 1658 3664 1718 τοῖς
3691 1655 3761 1725 μὴ
3791 1671 3856 1721 με·

2337 1751 2556 1816 τασχεῖν
2605 1747 2712 1800 τῶν
2741 1747 2926 1800 κακῶν
2972 1747 3111 1800 κατὰ
3147 1746 3278 1800 Θεὸν
3311 1748 3690 1816 εὐτυχήσασιν,
3718 1745 3865 1813 εργων

2335 1841 2435 1892 οὐκ
2487 1839 2726 1909 ἀγαθῶν,
2759 1839 2893 1892 ἀλλά
2911 1838 3044 1910 λήθῃ
3072 1840 3166 1892 και
3190 1839 3363 1902 σκότῳ
3389 1837 3690 1892 σιωπᾶσθαι
3729 1835 3865 1898 ἀξίων

2335 1929 2637 1983 διδάσκαλοι
2663 1930 3042 1992 καταστάντες.
3085 1929 3236 1998 Ἐμοὶ
3253 1930 3308 1981 δὲ
3336 1932 3365 1982 ό
3390 1929 3486 1999 μὲν
3514 1927 3616 1996 τῆς
3644 1927 3864 1998 φράσεως

2335 2021 2509 2091 λόγος,
2553 2024 2602 2076 εί
2646 2022 2899 2092 καὶπρὸς
2933 2022 2995 2076 τὸ
3038 2021 3259 2092 μέγεθος
3287 2022 3386 2090 τῆς
3421 2021 3530 2074 τῶν
3555 2017 3866 2089 δηλουμένων

2333 2115 2623 2184 ἐμφάσεως
2642 2105 2930 2180 ἐξασθενεῖ,
2960 2114 3297 2185 φαιδρύνοιτο
3323 2111 3452 2181 γοῦν
3478 2113 3630 2180 ὅμως
3647 2109 3739 2162 καὶ
3761 2109 3862 2177 ψιλῇ

2332 2210 2403 2278 τῇ
2426 2207 2534 2259 τῶν
2560 2205 2778 2274 ἀγαθῶν
2804 2206 3049 2277 πράξεων
3064 2205 3369 2276 ἀπαγγελίᾳ
3397 2204 3528 2274 (55)’
3557 2205 3590 2272 ἡ
3616 2202 3674 2254 δέ
3694 2218 3755 2267 γε
3776 2199 3864 2250 τῶν

2335 2283 2595 2366 θεοφιλῶν
2614 2298 2960 2367 διηγημάτων
3001 2297 3301 2368 ὑπόμνησις
3325 2295 3423 2348 οὐκ
3454 2294 3727 2360 ἀνόνητον,
3755 2289 3863 2343 ἀλ»

2332 2387 2428 2439 καὶ
2453 2387 2655 2457 σφόδρα
2682 2387 2919 2457 βιωφελῆ
2951 2390 3061 2452 τοῖς
3103 2387 3204 2458 τὴν
3240 2384 3414 2457 ψυχὴν
3454 2379 3513 2437 εὖ
3551 2397 3852 2453 παρεσκευα

2335 2478 2550 2548 σμένοις
2585 2480 2852 2548 ποριεῖται
2879 2478 2979 2547 τὴν
3009 2477 3260 2544 ἔντευξιν.

673 2571 794 2622 dem
822 2570 932 2637 ipsa
972 2569 1215 2638 quamvis
1256 2568 1488 2636 suscepti
1547 2570 1727 2635 operis
1790 2569 2145 2638 magnitudini
2199 2584 2423 2639 prorsus
2461 2571 2636 2638 impar
2663 2572 2766 2637 sit,
2795 2571 2907 2626 sola
2950 2581 3127 2626 tamen
3163 2566 3646 2640 pulcherrimorum
3687 2562 3858 2618 facino-

676 2675 792 2712 rum
837 2659 1143 2712 narratione
1183 2659 1437 2713 illustrari
1479 2674 1635 2727 posse
1684 2660 1909 2713 videtur.
1949 2659 2070 2728 Ipsa
2116 2677 2244 2716 vero
2279 2677 2502 2732 operum
2535 2666 2648 2718 Deo.
2689 2670 3030 2730 acceptorum
3071 2656 3532 2721 commemoratio,
3595 2655 3660 2709 iis
3709 2655 3864 2722 utique

675 2750 766 2816 qui
797 2751 1030 2804 animum
1060 2759 1201 2804 recte
1228 2760 1592 2820 comparatum
1616 2750 1940 2818 habuerint,
1972 2766 2077 2806 non
2099 2753 2340 2808 inutilem
2359 2757 2453 2810 sed
2493 2756 2547 2809 in
2595 2754 2782 2824 primis
2805 2751 3130 2806 fructuosam
3169 2748 3462 2803 lectionem
3483 2747 3764 2816 praebitura
3779 2757 3863 2800 est.

1281 2924 1505 2980 CAPUT
1543 2926 1636 2981 XI.

681 3034 833 3099 Quod
856 3035 966 3088 sola
981 3034 1309 3090 Constantini
1331 3048 1473 3118 gesta
1491 3055 1605 3104 qua!
1619 3040 1694 3118 ad
1709 3040 1951 3108 pietatem
1971 3042 2233 3108 pertinent

1235 3116 1550 3160 narraturus
1584 3116 1671 3161 sit.

749 3210 930 3289 Itaque
997 3214 1385 3282 quamplurima
1421 3216 1524 3270 alia
1565 3233 1683 3287 quae
1721 3221 1786 3274 de
1841 3221 1942 3275 hoc
1993 3220 2235 3290 principe

681 3290 884 3354 narrari
921 3295 1141 3370 possunt
1175 3320 1187 3353 :
1227 3304 1506 3360 conﬂictus
1554 3316 1608 3360 et
1649 3309 1855 3377 pmlia,
1886 3310 2049 3364 fortia
2096 3309 2230 3364 faci-

679 3406 811 3444 nora
856 3400 1013 3460 atque
1045 3394 1336 3460 victorias,
1373 3404 1569 3466 trepaea
1599 3413 1661 3450 ac
1697 3400 1998 3467 triumphos
2029 3400 2096 3452 de
2134 3399 2234 3453 ho-

680 3483 848 3536 stibus
880 3494 1090 3553 partos,
1135 3495 1188 3540 et
1210 3497 1340 3556 qua:
1367 3498 1622 3556 praeterea
1655 3490 1720 3544 ad
1753 3491 2082 3561 singulorum
2127 3492 2232 3546 uti-

682 3572 887 3625 litatcm
924 3576 990 3628 ab
1017 3590 1082 3629 eo
1110 3578 1394 3630 constituta
1427 3589 1584 3644 sunt;
1627 3580 1768 3650 leges
1791 3584 1855 3635 ad
1897 3583 2229 3636 subditorum

677 3660 839 3733 412
869 3673 925 3718 et
949 3666 1247 3734 reipublicae
1276 3670 1610 3723 commodum
1640 3671 1813 3736 latas;
1842 3671 1975 3726 alios
1997 3672 2230 3742 denique

679 3757 933 3824 plurimos
962 3751 1545 3827 principatus'laborcs
1574 3764 1640 3818 ab
1685 3779 1752 3818 eo
1779 3765 2102 3829 exantlatos,
2139 3766 2229 3836 qui

679 3847 731 3899 in
767 3848 1002 3902 omnium
1036 3864 1132 3904 ore
1165 3865 1227 3905 ac
1263 3854 1517 3907 memoria
1566 3864 1869 3920 versantur,
1905 3865 2232 3924 prmtereun‘

681 3939 773 4004 dos
802 3938 927 3991 mihi
959 3955 1100 3994 nunc
1142 3956 1261 3995 esse
1281 3939 1529 3997 'arbilror
1561 3947 1796 4012 :quippe
1829 3924 2230 4000 cum-instituti

677 4029 855 4093 operis
891 4042 1260 4096 argumentum
1294 4033 1579 4087 admoneat
1627 4050 1731 4098 me,
1771 4044 1828 4088 ut
1869 4049 1931 4088 ea
1973 4037 2085 4090 sola
2111 4051 2231 4106 qua:

682 4118 745 4170 ad
775 4117 864 4169 Dei
903 4119 1101 4171 cultum
1134 4123 1421 4187 pertinent,
1460 4124 1683 4179 dicendo
1706 4140 1766 4178 ac
1795 4126 2086 4180 scribendo
2112 4143 2230 4195 per—

682 4223 890 4274 sequar.
921 4207 1179 4262 Caeterum
1231 4229 1349 4265 cum
1392 4217 1502 4269 tunc
1548 4216 1659 4283 ipsa
1696 4232 1916 4270 numero
1943 4233 2079 4286 pene
2109 4220 2232 4270 inli-

684 4298 791 4349 uila
822 4297 929 4348 sint
952 4336 968 4362 ,
995 4310 1060 4348 ex
1097 4298 1159 4350 iis
1191 4314 1306 4366 quae
1329 4305 1392 4355 ad
1423 4305 1666 4357 notitiam
1707 4316 1942 4359 nostram
1975 4322 2227 4374 pervene—
2259 4278 2305 4334 ο

685 4387 1290 4454 runt,0pporlunissima
1312 4408 1534 4460 qumque
1549 4397 1806 4449 duntaxat
1831 4436 1846 4458 ,
1887 4407 1940 4448 et
1980 4407 2224 4463 postero-

685 4495 799 4530 rum
854 4481 1109 4532 memoria
1161 4479 1468 4547 dignissima
1522 4488 1789 4556 seligens,
1839 4503 1994 4554 quam
2041 4497 2225 4554 potero

685 4572 994 4624 brevissime
1033 4586 1292 4637 exponam
1317 4574 1616 4651 :.siqttidem
1646 4589 1849 4646 tempus
1888 4581 2058 4645 ipsum
2089 4582 2227 4632 hanc

683 4661 932 4730 deinceps
979 4661 1246 4714 licentiam
1297 4663 1448 4716 nobis
1501 4666 1779 4729 concedit,
1829 4677 1884 4719 ut
1932 4669 2226 4721 beatissimi

751 4818 1002 4892 (50mm;
1037 4819 1365 4892 iqrdpnasr_
1387 4819 1546 4872 αἰών.
1583 4820 1638 4874 In
1671 4822 1860 4876 codice
1895 4822 2061 4892 Regio
2089 4825 2227 4877 scri-

685 4887 822 4941 bitur
868 4889 964 4956 οὺχ
991 4889 1238 4958 ἱστόρησε
1274 4888 1476 4958 χρόνος.

753 4958 864 5028 (51)
898 4959 994 5012 Διὸ
1024 4957 1333 5028 προσήκοι.
1386 4961 1464 5028 Ali
1508 4957 1596 5028 liis
1662 4957 1839 5009 verbis
1884 4957 2109 5028 cap._il
2149 4957 2228 5008 in-

685 5025 876 5080 cheant
911 5029 1069 5080 codd.
1116 5027 1311 5092 llegius
1343 5039 1391 5077 et
1426 5025 1559 5079 Fuk.
1589 5035 1643 5080 et
1671 5028 1878 5079 scheda:
1905 5026 2098 5092 Regina.

751 5099 862 5164 (32)
894 5101 954 5150 Οὶ
983 5097 1098 5164 μὲν
1132 5097 1258 5164 γάρ.
1297 5098 1603 5164 Scriptores
1661 5096 1777 5148 illos
1828 5097 2087 5164 intelligit,
2132 5094 2222 5162 qui

687 5165 907 5220 Neronis
929 5179 984 5218 et
1016 5167 1238 5218 aliorqu
1295 5178 1639 5236 tyrannorum
1685 5180 1769 5218 res
1811 5175 1986 5233 gestas
2026 5180 2226 5216 memo-

689 5237 778 5286 riae
813 5236 1214 5297 mandaverunt,
1249 5240 1311 5290 de
1346 5236 1539 5303 quibus
1566 5237 1719 5304 paulo
1746 5247 1868 5288 ante
1893 5238 2100 5287 locutus
2126 5245 2226 5286 est.

691 5305 845 5374 [iecle
886 5321 1014 5374 ergo
1048 5308 1564 5373 Christopliorsouus
1605 5311 1762 5359 vertit
1791 5325 1804 5358 :
1848 5323 1968 5358 nam
1998 5306 2096 5364 illi,
2125 5314 2226 5356 etc.

690 5371 1103 5445 Portesius'vero
1131 5371 1508 5444 interpretatur
1533 5395 1545 5429 :
1575 5375 1713 5428 Nam
1737 5379 1827 5428 alii
1850 5376 2055 5445 quidem
2069 5415 2082 5438 ,
2099 5385 2203 5427 etc.
2216 5414 2231 5437 ,

689 5444 972 5513 quodiferri
1001 5457 1193 5513 potest.

757 5511 868 5584 (53)
926 5511 1101 5582 Vulg,
1179 5515 1522 5584 ἐπάιιιγελίᾳ.
1589 5513 1754 5582 Magis
1822 5516 1994 5582 placet
2060 5513 2222 5565 altera

690 5574 859 5651 lectio
887 5574 1051 5646 quani
1090 5574 1140 5634 iu
1183 5574 1445 5639 veteri-bus
1473 5574 1702 5638 'schedisv
1742 5574 1936 5651 inv'eui,
1984 5587 2224 5651 ἀπαγγε-

688 5643 790 5713 ita.
821 5648 889 5698 lla
912 5643 1055 5704 certe
1079 5656 1226 5706 codd.
1261 5654 1406 5708 θυι..
1426 5666 1478 5708 et
1508 5653 1709 5709 Savilit.

2855 2925 3243 2983 ΚΕΦΔΔΔΙΟΝ
3272 2927 3371 2978 IA'.

2335 3045 2657 3113 Ὅττμονας
2679 3043 2750 3097 τὰ
2769 3063 2784 3079 ’
2806 3039 3259 3113 Κωνσζαντΐνοῃ
3295 3037 3412 3092 νῦν
3430 3036 3746 3105 ιστόρησεν
3763 3039 3848 3090 σεο

2858 3111 3050 3181 φιλεῖς
3091 3108 3354 3177 πράξεις.
3808 3182 3812 3185 1

2400 3226 2480 3278 Τὰ
2509 3227 2608 3298 μὲν
2626 3220 2719 3280 οὖν
2740 3226 2964 3280 πλεῖστα
2986 3225 3078 3280 καὶ
3099 3223 3346 3295 βασιλικὰ
3370 3223 3464 3277 τοῦ
3492 3223 3865 3297 τρισμακαρίου

2330 3319 2641 3391 διηγήματα
2680 3318 2813 3389 (54),
2844 3316 3115 3393 συμϐολάς
3147 3335 3206 3372 τε
3251 3317 3344 3370 καὶ
3382 3316 3709 3386 παρατάξεις
3735 3312 3868 3366 ποιλέ-

2334 3428 2469 3480 μων,
2507 3410 2785 3481 ἀριστείας
2816 3427 2874 3462 τε
2927 3410 3017 3463 καὶ
3058 3409 3231 3472 νίκας,
3261 3409 3353 3461 καὶ
3381 3407 3617 3481 τρόπαια
3646 3405 3710 3459 τά
3764 3404 3865 3457 κατ’

2332 3502 2558 3574 ἐχθρῶν,
2591 3500 2884 3574 θριάμὸους
2916 3519 2974 3554 τε
3009 3501 3235 3564 ὁπόσους
3267 3501 3459 3571 ἤγαγε,
3492 3501 3562 3553 τά
3584 3515 3643 3551 τε
3666 3497 3796 3568 πρὸς
3817 3493 3868 3544 τὸ

2332 3591 2607 3662 συμφέρον
2645 3591 2870 3645 ἑκάστου
2917 3591 3264 3662 διωρισμένα,
3312 3589 3489 3661 νόμων
3516 3606 3576 3642 τε
3598 3587 3865 3653 διατάξεις,

2328 3681 2395 3747 ἃς
2416 3685 2510 3737 ἐπὶ
2531 3681 2832 3752 λυσιτελείᾳ
2857 3677 2954 3753 τῆς
2981 3681 3088 3735 τῶν
3113 3682 3427 3753 ἀρχομένων
3453 3680 3722 3740 πολιτείας
3767 3693 3868 3729 συν-

2329 3775 2596 3839 ετάττετο,
2630 3775 2910 3837 πλείστους
2943 3775 2990 3825 τ’
3012 3773 3202 3835 ἄλλους
3243 3771 3531 3841 βασιλικῶν
3559 3770 3729 3822 ἄθλων
3746 3764 3869 3832 ἀγῶ-

2328 3885 2446 3930 νας,
2471 3869 2596 3929 τοὺς
2625 3867 2682 3919 δὲ
2720 3865 2870 3936 παρὰ
2895 3867 3007 3927 τοῖς
3026 3865 3157 3917 πᾶσι
3205 3857 3718 3934 μνημονεύομένους,
3747 3873 3871 3923 παρ-

2330 3960 2481 4030 ήσειν
2512 3976 2599 4028 μοι
2625 3957 2785 4020 δοκῶ,
2817 3955 2909 4008 τοῦ
2949 3956 3045 4024 τῆς
3083 3952 3442 4024 προκειμένης
3471 3953 3604 4020 ἡμῖν
3633 3964 3870 4018 πραγμα·

2329 4048 2476 4109 τείας
2505 4045 2704 4099 σκοποῦ
2734 4045 2868 4115 μόνα
2897 4045 2966 4096 τὰ
2998 4044 3133 4114 πρὸς
3159 4045 3247 4094 τὸν
3277 4040 3497 4108 θεοφιλῆ
3553 4038 3870 4090 συντείνοντα

2333 4139 2444 4208 βίον
2463 4139 2639 4205 λέγειν
2669 4153 2729 4188 τε
2760 4135 2854 4187 καὶ
2884 4135 3114 4201 γράφειν
3147 4131 3554 4192 ὑποϐάλλοντος.
3589 4129 3807 4197 Moerim
3833 4128 3869 4178 δ’

2333 4229 2471 4280 ὅσων
2497 4227 2661 4279 όντων
2677 4214 2779 4277 ’καὶ
2813 4223 3033 4288 τούτων,
3059 4221 3129 4273 τὰ
3156 4219 3488 4291 καιριώτατα
3520 4219 3743 4280 καὶτοῖς
3770 4217 3870 4287 μεθ’

2331 4319 2476 4386 ἡμᾶς
2526 4313 2988 4384 ἀξιομνημόνευτα
3035 4309 3141 4361 τῶν
3172 4311 3248 4370 είς
3297 4308 3442 4377 ἡμᾶς
3473 4305 3728 4359 ἐλθόντων
3760 4307 3872 4358 ἁνα-

2331 4401 2639 4470 λεξάμενος,
2671 4397 2873 4451 τούτων
2898 4396 3076 4450 αὐτῶν
3094 4397 3170 4458 ὡς
3201 4391 3308 4448 οἷόν
3335 4412 3392 4446 τε
3423 4394 3509 4448 διὰ
3541 4393 3870 4466 βραχυτάτων

2333 4492 2627 4560 ἐκθήσομαι
2657 4489 2754 4556 τὴν
2781 4474 3074 4556 ὑφήγησιν·
3127 4484 3220 4538 τοῦ
3254 4485 3443 4555 καιροῦ
3474 4485 3653 4538 λοιπὸν
3681 4487 3874 4554 ἐπιτρέ-

2333 4596 2522 4640 ποντος
2576 4575 2863 4638 ἀκωλύτως
2895 4575 3172 4638 παντοίαις
3201 4578 3401 4642 φωναῖς
3439 4577 3530 4629 τὸν
3554 4562 3633 4640 ὡς’
3670 4577 3872 4649 ἀληθῶς

2337 4667 2601 4738 μακάριον
2633 4667 2904 4735 ἁνυμνεῖν,
2940 4667 3020 4718 ὅτι
3057 4667 3129 4736 μὴ
3155 4665 3309 4718 τοῦτο
3344 4667 3599 4736 πράττειν
3625 4670 3756 4739 ἐξῆν
3783 4668 3873 4735 πρὸ

2405 4822 2514 4886 (34)
2556 4817 2662 4872 Τοῦ
2691 4822 3110 4888 τρισμακαρίου
3142 4821 3484 4891 διηγήματα.
3526 4824 3579 4878 In
3613 4825 3873 4878 veteribus

2334 4891 3007 4963 schedis_supe:scriptuut
3027 4901 3108 4944 est
3134 4895 3577 4963 στρατηγήματα,
3603 4898 3747 4961 quod
3780 4909 3871 4963 non

2335 4962 2523 5032 probo.
2551 4958 2680 5011 Nam
2710 4959 2967 5032 E_usebius
2989 4962 3096 5032 ilOC
3119 4958 3236 5016 loco
3272 4958 3492 5030 opponit
3519 4967 3589 5017 τὰ
3621 4958 3874 5032 ’βασιλικὰ

2331 5029 2637 5098 διηγήματα
2723 5029 3054 5104 Constantini
3080 5070 3095 5094 ,
3167 5035 3277 5096 τοῖς
3311 5029 3317 5030 ⁷
3346 5029 3640 5104 θεοφιλέσι
3695 5035 3873 5103 διηγή-

2333 5115 2487 5173 μασι,
2527 5110 2584 5150 ut
2611 5107 2755 5165 patet
2792 5113 2854 5173 ex
2893 5101 2992 5152 line
3037 5104 3324 5168 superioris
3353 5101 3563 5173 capitis.
3611 5105 3680 5157 Et
3716 5101 3875 5171 regios

2329 5169 2542 5241 quidem
2575 5179 2725 5241 actus
2772 5171 2930 5241 aitgse
2953 5173 3198 5225 consulto
3249 5169 3690 5241 praei-mittere.
3743 5169 3875 5238 Quos

2330 5238 2544 5309 quidem
2567 5237 2817 5290 bifariam
2837 5239 3046 5309 dividit,
3097 5243 3148 5294 in
3180 5237 3398 5296 bellicos
3445 5245 3656 5297 scilicet
3699 5237 3876 5309 etpa-

2331 5310 2429 5380 cis.
2456 5307 2612 5380 solos
2636 5322 2762 5361 vero
2789 5309 2887 5360 sibi
2921 5307 3172 5364 dicendos
3195 5314 3446 5380 proponit
3473 5323 3626 5367 actus
3653 5328 3774 5370 eos.
3797 5307 3873 5380 qui

2330 5378 2396 5428 ad
2453 5378 2764 5445 religionem
2807 5381 3091 5448 pertinent.
3143 5378 3309 5435 Porro
3346 5385 3397 5435 in
3427 5384 3647 5435 schedis
3700 5379 3873 5448 Regiis

2332 5457 2453 5522 post
2479 5451 2635 5500 verba
2688 5448 2778 5522 illa
2820 5446 3113 5517 θριάμϐους
3140 5469 3196 5502 τε
3238 5451 3466 5514 ὁπόσους
3514 5453 3723 5522 ἤγαγε,

2333 5514 2598 5590 adduntur
2635 5518 2717 5590 ad_
2749 5514 3062 5590 marginem,
3105 5522 3172 5572 τά
3214 5537 3271 5573 τε
3302 5523 3419 5574 κατ’
3476 5514 3718 5590 είρἧνήν
3747 5514 3875 5584 αὑτῴ

2334 5586 2466 5655 πρὸς
2508 5587 2606 5656 τὴν
2620 5585 2757 5661 Δτῶν
2809 5587 3004 5661 κοινῶν
3038 5589 3332 5661 διόρθωσιν,
3392 5585 3541 5660 πρός
3577 5585 3640 5641 τε
3662 5585 3674 5590 ⁷
3698 5589 3877 5656 συμφέ-

2338 5673 2448 5726 ρον,
2477 5662 2579 5710 etc.
2613 5656 2739 5721 Quae
2772 5659 2898 5711 mihi
2922 5656 3168 5713 videntur
3205 5673 3322 5714 esse.
3348 5656 3529 5728 probae
3554 5670 3726 5712 noue.
