3976 6342
167 234 274 292 925

1231 239 1318 295 DE
1355 240 1515 295 VITA
1549 235 2007 298 CONSTANm’I
2043 241 2169 299 LIB.
2207 243 2251 298 ῐ.

3253 248 3356 304 936

168 351 360 406 τούτου
387 351 463 422 τῷ
489 353 561 424 μὴ
590 355 902 425 μακαρίζειν
925 356 1028 425 ('55)
1051 357 1213 428 ἀνδρα
1229 359 1332 428 πρὸ
1351 358 1600 429 τελευτῆς
1628 359 1705 412 διὰ

1816 360 2071 429 principis
2099 359 2282 414 laudes
2301 359 2501 427 quovis
2529 359 2785 414 orationis
2805 374 2998 427 genere
3023 360 3192 417 libere
3217 377 3354 430 pra:-

169 444 339 515 τὸτῆς
361 446 454 499 τοῦ
480 446 593 515 βίου
619 449 820 518 τροπῆς
862 448 1050 520 ἄδηλον
1095 450 1481 520 παρηγγέλθαι.
1509 450 1709 520 Κεκλή-

171 532 286 587 σθω
332 534 388 587 δέ
437 536 566 598 Θεὸς
631 537 836 607 βοηθὸς,
890 538 1132 610 οὐράνιός
1175 556 1235 592 τε
1279 540 1534 611 συνεργὸς
1578 542 1707 610 ἡμῖν

169 623 441 693 ἐμπνείτω
467 626 648 693 Λόγος.
701 627 785 691 Ἐξ
814 629 978 698 αὐτῆς
1015 630 1058 683 δ’
1107 631 1207 700 ήδη
1253 631 1472 702 πρώτης
1498 633 1708 702 ήλικίας

167 713 262 766 τοῦ
288 714 473 786 ἀνδρὸς
500 709 600 768 ὧδέ
632 735 706 788 πη
731 720 828 788 τῆς
853 721 1063 790 γραφῆς
1083 721 1465 792 ἀπαρξώμεθα.

1813 451 2070 506 dicemus.
2097 449 2229 504 Nam
2273 459 2427 506 antea
2472 451 2681 520 quidem
2722 452 2772 505 id
2804 453 2977 508 facere
3015 469 3349 523 nequaquam

1813 541 2023 606 licebat,
2048 553 2328 613 propterea
2368 548 2507 614 quod
2547 546 2766 600 vetitum
2811 555 2893 600 est
2937 559 3002 600 ne
3033 560 3348 614 quemquam

1812 640 1940 710 ante
1966 634 2170 688 obitum
2221 637 2290 690 ob
2339 635 2574 690 incertas
2619 639 2741 692 vitae
2785 638 3098 691 mutationes
3136 637 3348 690 beatum

1811 727 2221 792 pronuntiemus
2245 731 2283 782 ι.
2318 727 2550 785 Proinde
2598 732 2761 786 Deum
2801 731 3092 800 adjutorem
3139 729 3349 790 invoco,

170 823 236 861 ac
279 811 500 865 caeleste
541 812 657 878 ejus
700 813 928 868 Verbum
978 830 1202 884 precor,
1267 825 1324 870 ut
1371 817 1424 870 in
1467 817 1572 872 hoc
1631 831 1790 886 opere
1821 819 2061 875 asuirare
2113 823 2246 877 mibi
2288 825 2436 880 velit.
2493 825 2685 880 Ordiar
2726 835 2898 880 autem
2930 840 2958 877 a
2998 825 3165 892 prima
3211 822 3350 876 illius

169 911 328 956 aetate
356 903 408 956 in
440 905 582 960 hunc
614 908 852 961 modum.

681 1021 1062 1074 ΚΕΦΔΛΑΙΟΝ
1090 1024 1187 1075 ιΒι.

171 1103 297 1157 ὀτι
328 1105 407 1171 ὡς
444 1107 697 1177 Memmio;
740 1111 810 1163 ἐν
845 1111 1042 1182 οῖκοιςῗ
1069 1111 1370 1178 τυράννων
1412 1111 1704 1182 ἀνετράφη

713 1182 880 1234 Kurd
891 1181 1171 1246 ταντῖνος.

235 1265 441 1320 Παλαιὰ
465 1268 574 1337 (56)
600 1269 814 1340 κατέχει
839 1272 1013 1341 φήμη,
1039 1271 1187 1325 δεινά
1216 1290 1336 1326 τινα
1365 1274 1494 1345 γένη
1520 1275 1707 1344 τυράν-

2402 1027 2626 1082 CAPUT
2668 1025 2780 1080 XII.
2803 1020 2815 1030 ’

1807 1117 1960 1182 Quod
2020 1117 2393 1172 Constantinus
2441 1122 2497 1172 in
2546 1132 2886 1188 tyrannorum
2937 1115 3165 1180 adibus,
3221 1115 3350 1168 sicut

2275 1188 2500 1257 Moyses,
2537 1195 2784 1241 educatus
2819 1191 2904 1239 sit.

1871 1276 2037 1330 Vetus
2091 1288 2280 1331 narrat
2323 1279 2541 1331 historia
2568 1287 2780 1346 gentem
2825 1275 3163 1330 Hebraeorum
3193 1291 3221 1326 λ
3255 1289 3352 1327 ειε-

167 1374 268 1410 νων
299 1359 390 1411 τὸν
443 1360 700 1432 Ἐϐραίων
747 1364 1112 1434 καταπονῆσαι
1158 1364 1311 1430 λεὼν,
1342 1365 1476 1418 Θεὸν
1505 1365 1567 1418 δὲ
1593 1369 1704 1430 τοῖς

1806 1368 2044 1421 vissimis
2078 1367 2207 1421 olim
2242 1368 2482 1437 tyrannis
2526 1381 2834 1435 oppressam
2854 1366 3037 1430 fuisse,
3061 1364 3354 1431 Deumqu-,

168 1451 645 1520 καταπονουμένοις
669 1454 864 1524 εὐμενῆ
890 1455 1286 1526 παραφανέντα,
1312 1457 1548 1510 Μωῦσὲα
1575 1475 1703 1528 προ-

166 1537 359 1606 φήτην,
391 1538 469 1591 ἔτι
497 1539 615 1592 τότε
653 1541 997 1611 νηπιάζοντα,
1042 1543 1223 1614 μέσοις
1253 1547 1432 1609 αὐτοῖς
1462 1563 1706 1616 τυραννι-

166 1629 274 1690 κοῖς
310 1629 474 1692 οἴκοις
509 1647 569 1682 τε
634 1634 728 1685 καὶ
761 1633 972 1696 κόλποις
1007 1635 1297 1704 τραφῆναι,
1330 1637 1424 1689 καὶ
1448 1637 1545 1706 τῆς
1574 1638 1701 1707 παρ’

165 1717 343 1780 αὐτοῖς
379 1724 660 1789 μετασχεῖν
688 1723 979 1793 προνοῆσαι
1023 1724 1230 1792 σοφίας.
1258 1727 1356 1788 ’Ὧς
1390 1727 1435 1779 δ’
1478 1726 1642 1778 ἐπιὼν
1675 1729 1704 1779 ὁ

164 1809 348 1878 χρόνος
370 1810 459 1862 τὸν
493 1811 590 1880 μὲν
618 1815 696 1875 είς
723 1813 917 1884 ἄνδρας
945 1814 1147 1877 ἐκάλει,
1173 1815 1293 1886 δίκη
1329 1817 1373 1868 δ’
1398 1820 1430 1887 ἡ
1456 1817 1564 1870 τῶν
1588 1818 1704 1870 ἀδι-

165 1903 436 1971 κουμένων
460 1905 668 1974 ἀρωγὸς
689 1907 813 1966 τοὺς
843 1906 1152 1969 ἀδικοῦντας
1181 1909 1384 1977 μετῄει,
1408 1909 1704 1979 τηνικαῦτα

163 1992 220 2056 ἐξ
248 1995 426 2046 αὐτῶν
450 1994 778 2065 τυραννικῶν
802 1993 1060 2064 δωμάτων
1092 1997 1362 2066 προελθὼν
1385 2000 1414 2050 ὁ
1443 1999 1536 2050 τοῦ
1570 1999 1702 2051 Θεοῦ

163 2084 473 2153 προφήτης,
506 2087 572 2153 τῇ
606 2082 698 2136 τοῦ
733 2085 1029 2154 κρείττονος
1061 2077 1353 2155 διηκονεῖτο
1387 2086 1567 2158 βουλῇ,
1597 2089 1702 2140 τῶν

167 2174 259 2241 μὲν
284 2174 734 2246 ἀναθρεψαμένων
757 2177 1025 2247 τυράννων
1081 2177 1257 2248 ἔργοις
1289 2179 1380 2230 καὶ
1411 2178 1583 2246 λόγοις
1611 2178 1704 2230 ἀλ-

162 2264 550 2335 λοτριούμενος,
590 2269 711 2329 τοὺς
756 2267 798 2318 δ’
844 2267 1029 2338 ἀληθεῖ
1064 2267 1202 2336 λόγῳ
1236 2268 1524 2338 σφετέρους
1551 2268 1702 2320 ἀδελ-

163 2356 292 2422 φούς
336 2372 394 2406 τε
441 2358 534 2409 καὶ
578 2359 852 2425 συγγενεῖς
885 2357 1192 2424 ἀποφαίνων
1239 2356 1575 2426 γνωρίμουςο
1607 2357 1702 2410 κά-

164 2461 321 2498 πειτα
365 2445 495 2509 Θεὸς
543 2447 700 2500 αὑτὸν
745 2447 1086 2517 καθηγεμόνα
1141 2445 1232 2500 τοῦ
1278 2446 1474 2510 παντὸς
1521 2446 1702 2511 ἔθνους

161 2537 397 2607 ἐγείρας,
433 2537 708 2608 Ἐϐραίους
736 2539 829 2608 μὲν
856 2538 954 2607 τῆς
982 2538 1084 2590 ὑπὸ
1109 2541 1218 2601 τοῖς
1242 2536 1451 2608 ἐχθροῖς
1481 2538 1701 2607 ἠλευθέ-

166 2645 255 2698 ρου
301 2627 557 2693 δουλείας,
580 2628 640 2681 τὺ
677 2629 733 2682 δὲ
760 2628 1068 2700 τυραννικὸν
1091 2629 1243 2696 γένος
1268 2629 1540 2698 θεηλάτοις
1575 2647 1701 2699 μετ-

161 2722 358 2792 ήρχετο
410 2721 476 2773 δι’
528 2721 703 2775 αὑτοῦ
765 2720 1150 2790 κολαστηρίοις.
1204 2722 1359 2792 Φήμη
1417 2721 1514 2791 μὲν
1565 2720 1702 2792 αὕτη

160 2814 386 2878 παλαιὰ,
434 2813 600 2883 μύθου
634 2814 731 2884 μὲν
765 2816 996 2884 σχήματι
1024 2815 1133 2876 τοῖς
1167 2812 1374 2876 πολλοῖς
1411 2813 1702 2884 παραδεδο-
1744 2836 1754 2848 ·

163 2905 321 2976 μένη,
364 2908 462 2968 τὰς
493 2907 704 2961 πάντων
735 2905 900 2968 ἀκοὰς
941 2905 1193 2976 ἐπλήρου,
1227 2907 1342 2958 νυνὶ
1377 2905 1432 2958 δὲ
1467 2908 1497 2958 ὁ
1544 2907 1704 2970 αὐτὸς

160 2996 252 3047 καὶ
294 2998 424 3064 ἡμῖν
464 2995 614 3058 Θεὸς,
662 2995 915 3064 μειζόνων
953 2994 985 3064 ἢ
1017 2995 1153 3048 κατά
1186 2995 1383 3064 μύθους
1418 2997 1704 3066 θαυμάτων

158 3085 488 3147 αύτοπτικάς
516 3085 662 3147 θέας,
693 3087 906 3154 νεαραῖς
931 3083 1080 3152 ὕψεσι
1109 3085 1286 3155 πάσης
1317 3087 1486 3157 ἀκοῆς
1515 3086 1705 3156 ἀληθε-

160 3175 356 3243 στέρας
389 3175 698 3245 δεδώρηται.
725 3175 981 3264 Τύραννοι
1014 3175 1108 3243 μὲν
1147 3177 1254 3244 γὰρ
1294 3180 1342 3228 οἱ
1389 3177 1508 3230 καθ’
1537 3180 1702 3248 ἡμᾶς,
1729 3209 1772 3264 C

156 3266 244 3317 τὸν
269 3265 365 3317 ἐπὶ
390 3265 602 3317 πάντων
624 3265 752 3317 Θεὸν
783 3262 1030 3332 πολεμεῖν
1055 3265 1388 3334 ὡρμημένοι,
1414 3267 1510 3337 τὴν
1537 3268 1700 3320 αὑτοῦ

159 3356 487 3409 κατεπόνουν
519 3353 854 3424 Ἐκκλησίαν,
879 3353 1036 3421 μέσος
1060 3354 1117 3406 δὲ
1136 3355 1338 3418 τούτοις
1368 3359 1700 3409 Κωνσταντῖ-

157 3463 266 3508 νος,
315 3447 344 3497 ὁ
392 3445 506 3514 μετ’
557 3443 730 3510 ὀλίγον
771 3443 1200 3512 τυραννοκτόνος,
1231 3449 1360 3508 παῖς
1403 3447 1525 3516 ἄρτι
1563 3449 1698 3513 νέος,

158 3537 383 3600 ἁπαλὸς,
412 3535 606 3604 ὼραῖός
625 3536 673 3586 τ’
699 3534 884 3596 ἄνθους
915 3533 1122 3608 ἰούλοις,
1155 3531 1241 3587 οἷά
1267 3553 1350 3597 τις
1375 3538 1535 3600 αὐτὸς
1559 3539 1700 3592 ἐκεῖ-

157 3644 245 3690 νος
282 3628 313 3678 ὁ
357 3623 450 3677 τοῦ
497 3623 630 3676 Θεοῦ
677 3622 946 3693 θεράπων,
994 3628 1337 3692 τυραννικαῖς
1379 3626 1702 3695 ἐφήδρευσεν

157 3717 364 3778 ἑστίαις
383 3733 396 3745 ·
428 3714 489 3767 ού
524 3714 628 3784 μὴν
659 3714 751 3766 καὶ
788 3713 1000 3784 τρόπων
1029 3713 1132 3765 τῶν
1163 3714 1318 3778 ἴσων,
1351 3715 1548 3786 καίπερ
1585 3717 1702 3780 νέος

156 3808 252 3871 ὣν,
273 3811 391 3869 τοῖς
430 3805 605 3867 ἀθέοις
642 3803 926 3858 ἐκοινώνει.
967 3797 1123 3855 Εἷλκε
1158 3804 1265 3874 γὰρ
1291 3804 1449 3857 αὑτὸν
1475 3803 1533 3869 ἐξ
1562 3809 1704 3859 ἐκεί-

156 3915 245 3951 νου
275 3897 392 3966 (57)
415 3896 540 3966 θείῳ
556 3895 826 3965 Πνεύματι
849 3894 1008 3963 φύσις
1037 3893 1210 3965 ἀγαθὴ
1237 3895 1370 3965 πρὸς
1390 3893 1480 3948 τὸν
1504 3897 1702 3967 εὐσεϐῆ

157 3991 248 4042 καὶ
280 3987 816 4057 Θεῷκεχαρισμένον
843 3985 984 4054 βίονο
1017 3985 1076 4036 οὑ
1125 3985 1227 4055 μὴν
1256 3985 1390 4038 ἀλλὰ
1421 3986 1516 4040 λαὶ
1548 3985 1704 4057 ζῆλος

154 4080 317 4149 ἐνῆγε
351 4079 633 4149 πατρικὸς,
655 4079 737 4129 ἐπ’
765 4077 976 4145 ἀγαθῶν
999 4078 1222 4147 μιμήσει
1251 4078 1342 4129 τὸν
1363 4077 1521 4130 παῖδα
1548 4096 1706 4149 προσ-

155 4167 510 4237 καλούμενος.
553 4168 739 4237 Πατὴρ
766 4161 968 4236 γὰρῆν
997 4165 1142 4235 αὐτῷ
1163 4206 1177 4230 ,
1202 4167 1283 4218 ὅτι
1322 4166 1383 4236 δὴ
1418 4169 1511 4220 καὶ
1559 4167 1704 4233 ἄξιον

154 4259 210 4306 ἐν
238 4257 420 4325 καιρῷ
451 4257 620 4327 τούτῳ
646 4259 742 4329 τὴν
769 4260 980 4328 μνήμην
1011 4256 1446 4328 ἀναζωπυρῆσαι,
1481 4275 1706 4329 περιφα-

152 4347 413 4409 νέστατος
439 4347 545 4400 τῶν
570 4349 688 4401 καθ’
715 4351 855 4419 ἡμᾶς
878 4349 1285 4420 αὐτοκρατόρων
1317 4351 1701 4412 Κωνστάντιος.

112 4465 114 4468 -
152 4429 224 4487 Οὖ
259 4436 394 4505 πέρι
436 4438 542 4504 (58)
570 4439 636 4491 τά
679 4440 756 4507 τῷ
793 4441 941 4492 παιδὶ⁵
983 4441 1211 4511 φέροντα
1255 4441 1472 4510 κόσμον,
1521 4440 1709 4512 βραχεῖ

1808 1474 1928 1513 cum
1958 1474 2243 1526 oppressos
2275 1459 2507 1526 benigno
2540 1473 2603 1510 ac
2630 1456 2866 1525 propitio
2903 1456 3045 1508 vultu
3089 1453 3350 1522 respexis-

1807 1559 1909 1613 set,
1952 1551 2251 1617 providisse
2293 1559 2350 1602 ut
2387 1549 2642 1617 propheta
2679 1547 2851 1602 Moses
2885 1547 2974 1615 qui
3026 1555 3135 1598 tum
3179 1545 3349 1598 adhuc

1809 1639 1987 1693 infans
2015 1648 2152 1702 erat,
2185 1639 2257 1692 in'
2277 1637 2466 1690 mediis
2497 1648 2841 1706 tyrannorum
2867 1635 3072 1688 uadibus
3095 1634 3215 1687 etin
3239 1633 3350 1697 ipso

1808 1745 1993 1784 eorum
2052 1729 2256 1798 gremio
2301 1729 2642 1788 educaretur,
2690 1739 3011 1792 oumemque
3057 1739 3171 1792 quae
3213 1721 3349 1792 apud

1810 1822 1928 1874 iilos
1963 1831 2082 1873 erat
2127 1816 2816 1889 sapientiamperdisceret.
2851 1815 3036 1870 Postea
3077 1830 3205 1868 vero
3229 1829 3347 1868 cum

1812 1913 1898 1966 ille
1933 1925 2214 1979 progressu
2247 1908 2498 1976 temporis
2523 1907 2588 1960 ad
2629 1906 2834 1958 virilem
2863 1906 3194 1973 pervenisset
3222 1912 3349 1969 aeta-

1812 2013 1938 2062 tem,
1964 2011 2017 2053 et
2045 1999 2224 2052 divina
2260 1997 2460 2064 iustitia
2495 2011 2611 2064 qua:
2628 1984 2902 2065 oppressis
2919 1995 3164 2064 Opitulari
3195 1993 3347 2056 solet,

1809 2105 1996 2158 pmnas
2047 2092 2114 2143 ab
2169 2088 2366 2155 iniquis
2419 2088 2658 2156 tyrannis
2710 2095 3060 2153 exposceret;
3091 2093 3214 2136 tunc
3254 2083 3348 2136 Dei

1808 2183 2068 2250 propheta
2123 2197 2186 2234 ex
2223 2180 2351 2249 ipsis
2381 2179 2678 2246 tyrannicis
2725 2178 2995 2247 profectus
3022 2177 3242 2240 aedibus,
3279 2175 3352 2228 di-

1806 2275 1944 2326 vinas
2007 2272 2271 2327 voluntati
2332 2271 2689 2325 ministeriqu
2749 2284 2902 2323 suum
2970 2267 3232 2321 exhibuit.
3285 2265 3351 2319 Et

1809 2365 1952 2432 ipsos
1982 2363 2198 2433 quidem
2236 2371 2495 2433 tyrannos
2539 2377 2568 2414 a
2625 2360 2818 2430 quibus
2861 2359 3038 2413 fuerat
3071 2356 3348 2420 educatus,

1810 2469 1868 2506 re
1897 2468 1962 2506 ac
1991 2429 2172 2506 verbig
2193 2461 2467 2508 aversatus
2488 2461 2591 2517 est,
2617 2465 2713 2506 eos
2744 2443 2868 2505 vero
2898 2449 2987 2518 qui
3027 2462 3211 2502 revera
3243 2447 3351 2512 τιατ

1810 2552 1920 2596 tres
1951 2551 2005 2596 et
2049 2541 2259 2608 cognati
2286 2551 2460 2606 erant,
2501 2536 2703 2594 amicos
2741 2554 2806 2593 ac
2849 2536 3142 2592 familiares
3169 2538 3347 2606 elegit.

1807 2633 2053 2688 Posthac
2084 2633 2224 2686 Deus
2245 2647 2364 2685 cum
2397 2632 2549 2684 illum
2587 2634 2746 2686 totius
2775 2631 2947 2701 gentis
2986 2631 3174 2684 ducem
3221 2644 3350 2684 con-

1808 2723 2094 2786 stituisset,
2115 2721 2367 2775 Hebrzeos
2389 2721 2606 2790 quidem
2637 2721 2984 2774 acerbissima
3005 2719 3147 2787 apud
3175 2720 3354 2772 hostes

1808 2815 2068 2869 servitute
2117 2813 2404 2867 liberavit:
2449 2823 2794 2882 tyrannorum
2826 2819 3003 2865 autem
3044 2826 3212 2880 genus
3244 2825 3353 2864 cm-

1818 2905 1946 2960 litus
1974 2905 2171 2959 inflixis
2200 2903 2473 2971 suppliciis
2505 2904 2622 2973 ejus
2659 2917 2820 2971 Opera
2858 2902 3001 2956 ultus
3032 2910 3134 2954 est.
3164 2897 3350 2962 Vetus,

1809 2997 2047 3066 inquam,
2075 2999 2188 3050 haec
2226 2996 2471 3058 historia,
2500 2995 2669 3049 instar
2701 2993 2891 3048 fabula:
2921 3007 2951 3046 a
2981 2992 3162 3046 multis
3203 3005 3354 3044 acce-

1809 3099 1921 3156 pta,
1949 3088 2187 3141 omnium
2226 3101 2386 3142 aures
2427 3087 2732 3162 mortalium
2763 3084 3022 3153 implevit.
3050 3082 3202 3136 Nunc
3225 3096 3353 3136 vero

1809 3179 1946 3231 idem
1970 3178 2123 3232 nobis
2151 3177 2290 3232 Deus
2319 3176 2521 3244 majora
2551 3176 2804 3229 omnibus
2830 3174 3030 3228 fabulis
3049 3171 3208 3243 513
3253 3172 3352 3222 mi-

1805 3271 1982 3323 racula
2008 3269 2135 3336 ipsis
2183 3270 2352 3323 oculis
2395 3277 2638 3335 spectare
2672 3266 2938 3321 conceSsit
2967 3281 2982 3330 ;
3014 3266 3154 3332 quod
3188 3276 3355 3332 genus

1799 3358 2084 3425 spectaculi
2114 3359 2252 3424 apud
2283 3371 2373 3410 eos
2413 3358 2501 3424 qui
2537 3370 2724 3410 recens
2773 3356 3037 3417 viderunt,
3068 3353 3213 3406 omni
3261 3367 3352 3404 auo

1799 3449 2001 3502 ditione
2032 3448 2134 3502 ﬁde
2160 3449 2375 3516 dignius
2405 3449 2648 3501 habetur.
2691 3446 2879 3500 Nostra
2909 3445 3049 3498 enim
3093 3453 3250 3497 aetate
3280 3453 3356 3512 ty-

1800 3539 1954 3591 ranni
1998 3539 2212 3605 quidem
2259 3538 2350 3604 qui
2412 3537 2666 3590 adversus
2717 3537 2879 3589 Deum
2934 3549 3196 3586 summum
3249 3550 3360 3586 om-

1801 3629 1944 3681 nium
1979 3643 2156 3696 regem
2219 3628 2413 3680 bellum
2455 3641 2670 3679 movere
2701 3625 3078 3685 instituerant,
3105 3622 3217 3687 ejus
3251 3621 3353 3675 Ec-

1801 3716 2016 3770 clesiam
2069 3716 2306 3786 graviter
2353 3722 2752 3782 oppresserunt.
2801 3711 3176 3765 Censtantinus
3207 3725 3353 3764 vero,

1801 3807 1888 3873 qui
1922 3814 2103 3872 postea
2151 3814 2496 3872 tyrannorum
2532 3801 2839 3855 interfector
2870 3799 2988 3862 fuit,
3021 3800 3144 3851 dum
3181 3799 3354 3852 adhuc

1802 3895 2112 3949 adolescens
2151 3903 2291 3947 esset
2342 3902 2396 3946 et
2439 3891 2657 3960 juvenili
2700 3890 2948 3955 lanugine
3003 3891 3263 3954 decorus,
3299 3892 3350 3944 in

1803 3987 1977 4040 medio
2009 3985 2241 4047 illorum,
2269 3993 2326 4036 ut
2350 3985 2618 4054 quondam
2650 3983 2734 4035 ille
2769 3983 2857 4035 Dei
2889 3981 3118 4036 famulus
3155 3981 3348 4046 Moses,

1805 4078 1856 4130 in
1890 4077 2020 4143 ipsis
2051 4083 2397 4144 tyrannorum
2438 4075 2640 4127 uadibus
2678 4073 2936 4127 subsedit.
2967 4071 3150 4140 Neque
3175 4082 3350 4126 tamen

1804 4168 2016 4221 eosdem
2045 4181 2166 4220 cum
2197 4164 2372 4232 impiis
2408 4180 2583 4217 mores
2605 4203 2620 4227 ,
2657 4165 2869 4216 tametsi
2901 4161 3181 4215 admodum
3222 4161 3351 4215 ado-

1805 4257 2031 4320 lescens,
2065 4262 2302 4308 sectatus
2331 4261 2432 4305 est.
2452 4251 2654 4319 Quippe
2682 4253 2791 4318 jam
2819 4251 2941 4305 inde
2967 4252 3031 4302 ab
3055 4250 3142 4302 illa
3173 4259 3348 4313 actate,

1805 4348 2016 4416 egregia
2070 4344 2270 4399 indoles
2318 4345 2494 4397 divino
2551 4343 2757 4411 Spiritu
2813 4342 3058 4410 impulsa,
3084 4340 3254 4407 ipsum
3284 4342 3349 4392 ad

1805 4443 1944 4507 piam
1979 4438 2189 4505 Deoque
2224 4445 2497 4503 acceptam
2524 4436 2683 4488 vitam
2716 4435 2992 4489 incitabat.
3036 4431 3137 4484 Sed
3172 4444 3227 4483 et
3254 4446 3350 4499 pa-

150 4523 295 4592 λόγῳ
323 4525 550 4578 διελθεῖν
575 4529 879 4597 ἀναγκαῖον.

1812 4533 1906 4586 tris
1932 4530 2202 4584 :emulatio
2249 4529 2495 4582 stimulos
2527 4527 2862 4591 admovebat,
2899 4541 3002 4595 qua
3041 4525 3104 4576 ad
3133 4521 3348 4575 virtutis

149 4624 203 4668 et
231 4618 505 4672 bonorum
560 4632 772 4677 actuum
818 4626 1167 4680 imitationem
1209 4626 1422 4693 juvenis
1482 4626 1891 4696 provocabatur.
1945 4624 2102 4677 Pater
2136 4625 2396 4692 siquidem
2440 4622 2637 4676 ei.fuit
2678 4621 2821 4691 (nam
2865 4629 2920 4671 et.
2955 4615 3106 4682 hujus
3156 4626 3350 4665 memO'

149 4708 286 4760 riam
367 4722 666 4777 opportune
705 4731 959 4770 renovare
1011 4735 1298 4787 congruum
1359 4721 1481 4788 est)
1536 4721 1918 4784 Constantius,
1989 4721 2370 4787 imperatorum
2440 4718 2604 4770 nostri
2661 4716 2919 4783 ten-poris
2968 4707 3347 4764 nobilissimus.

149 4796 224 4851 De
250 4813 367 4867 quo
398 4803 647 4855 nonnulla
676 4821 794 4873 qua;
822 4811 887 4862 ad
917 4809 1006 4862 lilii
1035 4813 1548 4866 commendationem
1578 4814 1862 4882 pertinent,
1889 4814 2122 4866 breviter
2145 4827 2175 4864 a
2207 4811 2360 4865 nobis
2402 4809 2714 4878 exponenda
2744 4815 2882 4859 sunt.

216 4915 232 4945 ¹
257 4913 436 4966 Eccli.
472 4928 545 4978 XI,
571 4915 659 4970 50.

217 5021 575 5108 (55)_T<i»nuiq
607 5030 955 5108 Ηακᾳρζζειν.
1007 5034 1248 5108 ln_tel_ligit
1282 5036 1452 5108 locum
1488 5037 1576 5108 qui
1610 5037 1704 5089 ha-

1882 5034 1991 5099 (57)
2027 5029 2204 5108 Εζλκε
2244 5030 2354 5108 γὰρ
2381 5030 2564 5108 αὐτὸν
2598 5029 2666 5092 ἐξ
2699 5028 2949 5108 ἐπείγουῖ
2981 5019 3348 5108 Citristoplinr-

143 5096 304 5177 betur
351 5092 410 5177 i9
455 5091 813 5177 Ecclesiastici
853 5118 900 5154 c.
931 5118 988 5164 ll,
1041 5105 1151 5172 Πρὸ
1175 5091 1283 5173 τῆς
1327 5091 1578 5174 τελευτῆς
1625 5108 1698 5177 μὴ

1809 5091 2050 5177 sonus'et
2075 5091 2344 5177 Portes'iu's
2383 5091 2674 5177 _has__voces
2721 5093 3033 5177 éE~éxeivoo
3092 5091 3348 5177 in'terpre;

149 5161 690 5249 μεέρι-ςξμηξέγα·
748 5237 767 5249 ,
852 5234 865 5249 ,
920 5159 1056 5249 η’--
1094 5159 1146 5249 ’,
1625 5159 1638 5176 ’
1687 5159 1698 5177 ’

1807 5173 1916 5249 tati
1936 5179 2098 5249 sunt,
2120 5171 2272 5234 quasi
2317 5169 2688 5220 subaudiretur
2715 5164 2822 5245 ⁸τοῦ
2867 5163 3094 5249 τρόπουἐ
3284 5161 3346 5226 ἐξ

214 5229 332 5311 (βό)
370 5229 624 5309 νυιείἨ
649 5234 886 5288 παλαιά.
915 5237 1078 5292 Codd.
1111 5241 1306 5308 Regius
1342 5248 1395 5294 et
1420 5241 1553 5297 Fuk.
1584 5243 1698 5296 sine

214 5301 382 5354 ticulo
428 5300 671 5354 scribunt
711 5303 912 5355 παλαιά
953 5309 1165 5355 κατένει
1212 5310 1384 5355 ωήατι-
1433 5320 1486 5355 et
1533 5310 1692 5355 sicin

1806 5240 2006 5290 ἐκείνου
2051 5229 2185 5288 idein
2217 5251 2336 5286 esse
2374 5250 2568 5288 censeo
2601 5249 2663 5287 ac
2697 5234 2813 5301 jam
2855 5229 2981 5292 tum,
3032 5231 3095 5278 ab
3131 5229 3345 5281 cotem-

1806 5324 1940 5355 nore.
1980 5306 2054 5355 Ita
2088 5318 2142 5355 et
2170 5304 2456 5355 Musculus.

1836 5324 1940 5358 ore.
1980 5306 2054 5356 Ita
2088 5318 2142 5356 et
2170 5304 2456 5356 Musculus.

1800 5325 1940 5374 pore.
1980 5325 2054 5356 Ιιὶὶ
2088 5325 2142 5356 ει
2170 5325 2456 5356 ωυδαυιιιδ.

1829 5375 1980 5444 _(58)
2019 5368 2309 5444 Vulg.,_A{t')
2345 5372 2496 5444 περί.
2532 5367 2890 5444 δοτίὺοηὰμιη
2912 5375 2991 5444 est
3024 5366 3348 5444 sine_dubio

1799 5431 2039 5511 ob‘népt,
2069 5431 2372 5511 quo-(irrident
2405 5431 2539 5511 valet
2584 5453 2647 5511 ac
2687 5437 2812 5511 napi
2837 5431 3123 5511 05.__Atq_u_e
3159 5437 3226 5511 ita
3265 5437 3345 5511 Ale-

1800 5515 1941 5577 gitur
1966 5504 2260 5577 'ig'scltedis
2296 5509 2494 5574 Regiis,
2533 5518 2584 5559 et
2620 5509 2668 5577 in
2697 5504 2880 5562 codice
2922 5505 3128 5561 Savilii.
3165 5504 3346 5559 Codex

1802 5574 1931 5634 Fuit.
1966 5574 2131 5647 οὗπερ
2167 5579 2348 5644 habet,
2394 5593 2496 5632 uon
2536 5576 2690 5631 male.

144 5301 382 5378 articulo
428 5299 671 5378 scribunt
711 5303 912 5378 παλαιά
953 5309 1165 5378 κατέχει
1193 5299 1384 5378 ⁸ἐρήμη,
1433 5320 1486 5362 et
1533 5310 1610 5362 sic
1642 5313 1692 5364 in

142 5371 367 5442 schedis
399 5370 599 5442 :__qu0_d
639 5373 851 5442 quidem
889 5379 1056 5442 magis
1085 5370 1302 5432 'redole't'
1338 5370 1693 5431 Eusebianum

142 5436 835 5520 sty.lu_m._lofo_x_.lego_6e‘tvd
878 5436 1158 5520 μὲνῖγένη.
1199 5445 1362 5520 Recte
1398 5458 1572 5520 autem
1606 5449 1693 5499 Sa-

142 5510 301 5563 vilius
321 5509 394 5587 ad
432 5509 641 5562 initium
671 5509 824 5576 hujus
855 5509 1043 5580 capitis
1071 5509 1340 5571 adnotavit
1362 5537 1371 5570 :
1393 5514 1509 5568 Huc
1536 5531 1694 5582 usque

140 5593 481 5650 prouentum.
