3954 6346
69 319 155 374 θιο

1102 298 1187 374 iii:
1221 320 1378 375 vm
1415 320 1868 390 CONSTANTINI
1904 321 2031 376 LIB.
2069 321 2113 378 ι.

3107 327 3210 380 950

57 431 360 503 ἀτιμότατα]
405 433 517 496 τοῖς
555 432 805 502 ἀνδράσιν
840 434 1165 505 ἀπέπεμπε,
1198 440 1289 490 καὶ
1316 438 1566 491 ταῦτόὐι

1685 440 1907 494 maritos
1934 440 2162 493 remisit.
2202 438 2382 506 Neque
2417 452 2544 491 vero
2575 438 2816 494 homines
2840 439 3099 493 obscuros
3126 452 3208 492 at-

69 522 288 591 ἀσήμοις,
325 522 431 573 οὐδ’
457 522 727 589 ἀφανέσιν,
757 523 867 574 ἀλλ’
892 525 1071 587 αὐτοῖς
1103 527 1441 595 ἐμπαροινῶν
1467 531 1575 590 τοῖς

68 613 123 665 τὰ
164 615 394 683 πρωτεῖα
440 612 538 680 τῆς
581 612 687 665 τῶν
725 613 1000 681 Ῥωμαίων
1044 616 1340 685 συγκλήτου
1388 617 1577 686 βουλῆς

70 702 345 770 κατέχουσι.
380 701 613 771 Μυρίαις
643 701 739 771 μὲν
791 699 883 755 οὖν
907 704 1211 775 ἐλευθέραις
1234 707 1474 773 γυναιξὶν
1502 709 1581 760 ἐν·

70 789 277 867 υῦρίζων
314 789 584 859 αἰσχρῶς,
638 791 734 843 οὐκ
778 786 918 861 εἶχεν
941 792 1085 855 ὅπως
1145 795 1435 865 ἐμπλήσειε
1482 798 1578 867 τὴν

68 880 250 947 ἀκρατῆ
278 880 367 931 καὶ
393 880 680 935 ἀκόλαστον
711 883 871 936 αὑτοῦ
908 883 1099 955 ψυχήν.
1138 889 1223 950 Ὠς
1250 890 1306 945 δὲ
1334 891 1424 943 καὶ
1450 894 1578 963 Χρι-

70 972 279 1030 πιαναίς
308 970 595 1040 ἐνεχείρει,
638 973 727 1024 καὶ
758 974 930 1026 οὐκέθ’
955 971 1062 1038 οἷός
1093 995 1149 1034 τε
1190 975 1258 1048 ἦν
1284 981 1394 1046 (85)
1422 985 1580 1035 εὐπο-

69 1058 168 1125 ρίαν
207 1059 313 1119 τοῖς
366 1059 582 1121 οἰκείοις
626 1062 1024 1132 ἐπιθυμήμασιν
1077 1069 1323 1122 ἐπινοεῖν.
1379 1073 1577 1125 θᾶττον

68 1140 175 1206 γοῦν
210 1142 305 1210 τὴν
348 1142 519 1217 ψυχὴν
561 1145 858 1225 θανατῶσαι
898 1152 1040 1221 (86),
1075 1156 1107 1224 ἢ
1142 1157 1204 1208 τὸ
1245 1158 1399 1228 σῶμα
1431 1160 1577 1229 αὐτῷ

66 1229 385 1300 παρεχώρουν
410 1232 518 1284 ἐπὶ·
535 1232 735 1304 φθορὰν
764 1230 939 1291 αὗται.

537 1325 923 1380 ΚΕΦΑΛΑΙΟΝ
959 1331 1075 1383 ΛΔθ.

69 1410 227 1478 Ὁιως
270 1411 309 1478 ή
344 1411 451 1466 τοῦ
483 1414 1318 1539 ἐπῲχέϊεῖῥέεάνρωφροσύνην
1356 1427 1576 1495 ἑαυτὴν

115 1569 219 1622 Μία
248 1569 375 1635 γοῦν
397 1589 481 1634 τις
508 1572 615 1625 τῶν
640 1575 820 1629 αὐτόθι
852 1579 1216 1649 συγκλητικῶν
1244 1584 1449 1654 ἀνδρῶν
1480 1587 1575 1655 τὴν

60 1658 270 1728 ἔπαρχον
294 1659 578 1715 διεπόντων
608 1664 869 1732 ἐξουσίαν,
904 1669 977 1731 ὡς
1003 1671 1321 1735 ἐπιστάντας
1344 1673 1419 1743 τῷ
1445 1674 1576 1745 οἴκῳ

1682 544 1784 597 que
1815 530 2102 598 ignobiles,
2140 530 2234 581 sed
2263 529 2405 596 ipsos
2436 530 2695 596 primores
2725 538 2944 583 senatus
2962 528 3204 591 Romani,

1676 632 1739 670 eo
1762 616 2107 670 contumelia:
2134 631 2329 682 genere
2356 615 2553 669 affecit.
2596 614 2855 669 Cancrum
2893 631 3010 669 cum
3054 618 3211 670 innuc

1678 722 1852 763 meras
1883 708 1992 761 fere
2018 708 2275 762 mulieres
2305 707 2562 776 ingenuas
2596 707 2733 760 ftede
2757 707 2996 770 violaret,
3024 708 3210 760 immo-

1676 802 1915 854 deratam
1949 806 2127 851 tamen
2156 799 2318 851 animi
2342 798 2426 850 sui
2452 797 2727 850 libidinem
2783 797 3079 850 nullatenus
3108 812 3205 864 po-

1679 899 1818 943 terat
1842 887 2075 954 cxplere.
2111 886 2215 941 Sed
2250 897 2528 957 postquam
2577 888 2825 941 mulieres
2876 888 3205 941 Christianas

1676 977 1967 1031 sollicitare
2003 977 2189 1043 οωρίι,
2225 976 2380 1029 nullis
2410 978 2621 1028 artibus
2648 976 2903 1040 perlicere
2931 976 3123 1041 potuit,
3149 985 3206 1027 ut

1676 1080 1856 1117 earum
1912 1078 2204 1131 congressu
2244 1062 2532 1116 frueretur.
2568 1063 2660 1116 Hae
2710 1078 2936 1131 namque
2974 1065 3205 1115 animam

1676 1153 1779 1205 leto
1808 1150 2066 1217 objicere,
2097 1164 2256 1215 quam
2295 1163 2489 1216 corpus
2526 1149 2574 1203 ei
2615 1149 2680 1204 ad
2711 1161 2956 1217 stuprum
2990 1148 3206 1215 permit-

1678 1248 1787 1292 tere
1822 1238 2105 1290 malebant.

2187 1323 2412 1379 CAPUT
2454 1322 2690 1377 XXXIV.

1679 1414 1955 1481 Quomodo
1987 1430 2120 1466 uxor
2155 1413 2409 1481 prn'fecti,
2451 1412 2717 1479 pudicitia:
2751 1417 3011 1468 servanda:
3052 1429 3209 1468 causa

2126 1492 2341 1535 mortem
2368 1482 2461 1534 sibi
2494 1483 2754 1532 conscivit.

1747 1575 1993 1641 Quzedatn
2019 1589 2084 1627 ex
2116 1574 2219 1637 his,
2245 1581 2402 1639 nupta
2437 1571 2689 1624 senatorii
2729 1571 2935 1623 ordinis
2965 1572 3081 1632 viro
3115 1571 3227 1641 qui

1677 1666 2047 1735 praafecturam
2076 1663 2507 1724 administrabat,
2544 1677 2664 1714 cum
2705 1660 2964 1713 satellites
3012 1662 3207 1727 quibus

58 1748 162 1809 τοὺς
190 1749 255 1800 τά
282 1750 499 1802 τοιαῦτα
525 1752 601 1822 τῷ
627 1751 867 1826 τυράννῴ
889 1757 1328 1828 διακονουμένους
1353 1762 1566 1815 ἐπύθετο

1683 1766 1941 1825 tyrannus
1980 1754 2278 1824 bujusmodi
2304 1748 2622 1820 ﬂagitiorum
2650 1750 2907 1803 ministris
2932 1751 3203 1810 utebatur,

60 1834 348 1909 (Χριστιανὴ
376 1837 419 1889 δ’
443 1835 529 1909 ἦν)
559 1842 648 1893 τόν
679 1844 724 1895 τ’
747 1844 912 1915 ἀνδρα
938 1846 1027 1898 τὸν
1049 1848 1217 1916 αὐτῆς
1240 1848 1396 1915 ἔγνω,
1427 1850 1574 1914 δέους

57 1926 225 1991 ἕνεκα,
254 1927 510 1993 λαϐόντας
547 1932 741 2001 αὐτὴν,
783 1937 1011 2003 ἀπάγειν
1053 1938 1297 1992 κελεῦσαι
1321 1980 1334 2005 ,
1374 1940 1575 2012 βραχὺν

56 2016 583 2091 ὐτωπαραιτησαμένη
631 2024 846 2091 χρόνον,
879 2026 953 2087 ὡς
986 2025 1051 2079 ἂν
1089 2028 1181 2081 τοῦ
1210 2029 1455 2099 σώματος
1484 2032 1573 2084 τὸν
1602 2066 1613 2079 .

56 2106 233 2177 συνήθη
283 2108 621 2179 περιδάλοιτο
658 2112 887 2181 κόσμον,
940 2115 1163 2170 εἴσεισιν
1204 2120 1295 2171 ἐπὶ
1342 2120 1435 2171 τοῦ
1480 2137 1575 2172 τα-

54 2197 186 2261 μείου
206 2214 219 2226 ·
267 2201 355 2251 καὶ¹
395 2199 721 2269 μονωθεῖσα,
753 2200 901 2270 ξίφος
929 2203 1020 2255 τοῦ
1065 2206 1283 2275 στέρνου
1316 2209 1569 2279 πήγνυσι,

46 2288 262 2343 θανοῦσά
295 2308 353 2343 τε
392 2290 725 2363 παραχρῆμα
747 2331 761 2359 ,
795 2292 885 2346 τὸν
924 2294 1019 2364 μὲν
1061 2298 1248 2367 νεκρὸν
1283 2302 1395 2360 τοῖς
1442 2317 1568 2369 προ-

50 2383 261 2446 αγωγοίς
291 2382 601 2435 καταλείπει
620 2422 634 2444 ,
670 2382 847 2453 ἔργοις
874 2384 917 2441 δ’
943 2384 1156 2455 ἀπάσης
1194 2388 1570 2459 γεγωνοτέροις

51 2472 229 2538 φωνῆς,
265 2473 345 2524 ὅτι
375 2473 532 2541 μόνον
562 2472 745 2543 χρῆμα
768 2474 1028 2544 ἀήττητόν
1054 2491 1112 2527 τε
1134 2476 1227 2527 καὶ
1252 2475 1567 2548 ἀνώλεθρον,

47 2561 75 2629 ή
120 2558 356 2631 βοωμένη
405 2562 553 2633 παρὰ
577 2564 914 2637 Χριστιανοίς
951 2567 1266 2637 σωφροσύνη
1310 2567 1568 2635 πέφυκεν,

46 2654 113 2714 είς
136 2653 333 2716 πάντας
360 2653 696 2723 ἀνθρώπους,
737 2656 859 2721 τούς
893 2674 949 2709 τε
989 2657 1081 2710 νῦν
1117 2658 1270 2720 ὂντας
1309 2675 1401 2711 και
1446 2660 1570 2722 τοὺς

48 2743 315 2809 μετέπειτα
369 2745 755 2815 γενησομένους
810 2745 1081 2818 ἐξέφηνεν.
1137 2749 1279 2818 Αὕτη
1336 2762 1433 2823 μεν
1479 2746 1567 2804 οὖν

46 2832 241 2906 τοιαύτη
274 2851 359 2898 τις
390 2836 563 2908 ὤφθη.

527 3011 911 3065 ΚΕΦΛΛΔΙΟΝ
945 3013 1064 3065 AE'.

110 3097 418 3166 Ἀναίρεσις
450 3100 638 3169 δήμου
678 3103 967 3170 Ῥωμαίων
993 3103 1109 3157 ὑπὸ
1136 3103 1487 3167 Μαξεντίου.

97 3189 262 3240 Τδνδέ
293 3193 547 3254 τοιούτοις
577 3193 940 3263 ἐπιτολμῶντα
970 3192 1167 3255 πάντες
1200 3195 1562 3265 ὑπεπτηχότες

39 3276 176 3345 δῆμοι
199 3282 293 3331 καὶ
316 3282 591 3351 ἄρχοντες,
625 3283 819 3346 ἔνδοξοί
841 3300 899 3334 τε
922 3284 1013 3335 καὶ
1036 3282 1229 3347 ἄδοξοι,
1255 3283 1398 3354 δεινῇ
1429 3302 1561 3338 κατ-

38 3369 299 3436 ετρύχοντο
351 3373 640 3439 τυραννίδι.
670 3374 777 3424 Καὶ
819 3374 923 3424 οὐδ’
961 3375 1305 3443 ἠρεμούντων
1336 3377 1428 3427 καὶ
1466 3374 1562 3445 τὴν

37 3455 213 3525 πικρὰν
254 3457 523 3525 φερόντων
565 3458 830 3520 δουλείαν,
878 3459 1156 3530 ἀπαλλαγή
1196 3479 1278 3523 τις
1323 3462 1468 3530 ὅμως
1496 3458 1562 3531 ἦν

34 3545 115 3613 τῆς
148 3545 237 3597 τοῦ
282 3548 543 3615 τυράννου
574 3546 814 3617 φονώσης
859 3547 1153 3617 ὠμότητος.
1214 3551 1333 3601 Ἐπὶ
1364 3556 1564 3621 σμικρᾷ

34 3634 144 3701 γοῦν
195 3636 296 3705 ήδη
363 3637 489 3688 ποτὲ
560 3638 849 3705 προφάσει,
918 3638 1008 3687 τὸν
1067 3638 1235 3706 δῆμον
1286 3641 1364 3699 εὶς
1411 3640 1564 3706 φόνον

35 3714 126 3790 ibi;
150 3729 285 3801 ἀμφ’
319 3728 477 3780 αὐτὸν
520 3727 831 3798 δορυφόροις
863 3727 1090 3792 ἐξεδίδου
1117 3745 1130 3756 ’
1169 3719 1271 3780 καὶ⁴
1299 3732 1564 3783 ἐκτείνετο

37 3820 181 3888 μυρία
211 3819 389 3889 πλήθη
432 3818 523 3870 τοῦ
568 3819 735 3888 δήμου
775 3817 1054 3887 Ῥωμαίων
1092 3821 1175 3869 ἐπ’
1202 3819 1363 3871 αὐτοῦ
1400 3823 1560 3888 μέσου

32 3886 110 3961 του
142 3886 387 3983 ἄστεως,
436 3910 493 3960 οὐ
529 3886 742 3961 Σκυθῶν
783 3909 815 3978 ἦ
866 3908 1185 3977 βαρϐάρων,
1234 3909 1345 3959 ἀλλ’
1389 3886 1562 3964 αὐτῶν

30 4001 119 4051 τῶν
148 3992 361 4059 οίκείών
389 4002 570 4072 δόρασι
604 4000 695 4053 καὶ
726 3999 1057 4061 πανοπλίαις.
1087 3999 1461 4067 Συγκλητικῶν
1494 4018 1556 4067 γε

32 4093 121 4161 μὴν
147 4093 304 4162 φόνος
340 4094 461 4168 ὅσος
494 4093 558 4145 δι’
584 4090 866 4160 ἐπιῦουλὴν
891 4092 1165 4159 ἐνηργεῖτο
1193 4090 1290 4157 τῆς
1331 4090 1555 4142 ἑκάστου

29 4186 339 4251 πριουσίας,
369 4174 475 4239 οὐδ’
506 4181 963 4254 ἐξαριθμήσασθαι
987 4181 1222 4243 δυνατὸν,
1250 4180 1429 4233 ἄλλοτε
1466 4183 1556 4233 ἆλ-

27 4272 126 4337 ὶαις
166 4276 571 4341 πεπλασμέναις
598 4277 793 4339 αἰτίαις
828 4275 1032 4344 μυρίων
1068 4273 1482 4343 ἀναιρουμένων.

1676 1861 1773 1915 pro
1834 1846 2036 1899 foribus
2084 1847 2269 1897 adesse
2319 1843 2686 1908 comperisset.
2738 1838 2897 1909 425
2934 1850 2988 1891 et
3031 1839 3203 1891 virum

1673 1951 1829 1991 suum
1854 1947 1998 1990 metu
2033 1937 2279 1988 adactum
2312 1935 2625 2002 permisisse
2654 1931 2759 1985 illis
2791 1943 2846 1983 ut
2875 1945 2931 1982 se
2978 1930 3206 1997 prehen-

1672 2040 1783 2077 sam
1836 2025 2162 2077 abducerent
2211 2024 2349 2091 (erat
2400 2032 2574 2075 autem
2640 2022 2829 2074 mulier
2879 2018 3221 2079 Christiana),

1670 2115 1833 2167 breve
1886 2113 2138 2179 temporis
2185 2113 2413 2179 spatium
2452 2112 2667 2164 concedi
2708 2111 2808 2164 sibi
2857 2109 3109 2178 ﬂagitavit
3140 2111 3205 2159 ad

1672 2216 1865 2269 corpus
1897 2200 2120 2254 solemni
2176 2198 2317 2252 cultu
2362 2200 2750 2252 exornandam.
2798 2197 2863 2249 Et
2907 2196 3206 2251 cubiculum

1674 2292 1930 2359 ingressa,
1964 2289 2127 2343 solam
2159 2302 2214 2341 se
2248 2287 2485 2340 relictam
2514 2287 2960 2355 videns,gladiunt
3002 2285 3204 2355 pectori

1671 2378 1930 2433 immersit
1974 2393 1989 2440 ;
2041 2377 2329 2444 statimque
2362 2376 2688 2439 exanimata,
2738 2376 2966 2427 cadaver
2990 2378 3203 2441 quidem

1670 2465 2075 2537 perdat-toribus
2123 2466 2359 2533 reliquit,
2398 2464 2529 2531 ipsis
2564 2478 2692 2518 vero
2716 2462 2873 2517 factis
2907 2477 3024 2530 quae
3056 2466 3203 2518 omni

1669 2571 1799 2610 voce
1844 2556 2043 2610 clarius
2095 2564 2368 2616 resonant,
2408 2553 2618 2607 cunctis
2666 2552 2757 2620 qui
2802 2566 2938 2605 nunc
2984 2562 3109 2605 sunt
3146 2561 3207 2607 οε.

1670 2649 1758 2718 qui
1784 2650 2005 2717 posthac
2031 2657 2187 2701 erunt
2216 2647 2526 2700 mortalibus
2552 2646 2862 2708 declaravit,
2889 2646 3198 2714 pudicitiam

1672 2752 1834 2806 penes
1864 2737 2005 2791 solos
2045 2736 2371 2791 christianos
2404 2736 2655 2788 invictam
2684 2745 2844 2805 atque
2868 2738 3203 2805 iuexpugna~

1669 2826 1848 2889 bilem,
1872 2841 1969 2880 nec
1996 2826 2153 2878 morti
2173 2825 2459 2879 obnoxiam
2485 2839 2623 2878 esse.
2655 2824 2829 2893 Atque
2852 2826 2960 2880 haec
2984 2827 3198 2894 quidem

1669 2915 1741 2972 ita
1780 2930 1835 2969 se
1857 2915 2043 2985 gessit.

2201 3009 2427 3064 CAPUT
2460 3007 2673 3065 XXXV.

1876 3098 2052 3153 Crede:
2081 3083 2257 3166 pom/li
2280 3098 2503 3151 Romani
2527 3100 2685 3166 jussu
2719 3098 2993 3153 Maxentii.

1738 3191 1868 3244 Eum
1902 3192 2063 3259 igitur
2097 3190 2163 3242 ad
2195 3190 2454 3258 ejusmodi
2489 3190 2725 3244 facinora
2759 3207 2880 3244 cum
2918 3192 3059 3244 omni
3106 3208 3202 3244 au-

1667 3285 1817 3337 dacia
1850 3290 2283 3351 prorumpentem
2307 3281 2483 3334 cuncti
2512 3281 2937 3345 reformidantes,
2965 3293 3066 3334 tam
3095 3286 3204 3349 ple-

1669 3374 1751 3426 bei
1776 3388 1935 3441 quam
1968 3371 2332 3437 magistratus,
2368 3378 2473 3422 tam
2518 3371 2722 3423 nobiles
2762 3386 2920 3437 quam
2965 3373 3199 3431 obscuri,

1668 3464 1987 3533 gravissima
2046 3463 2325 3531 tyrannide
2367 3464 2830 3529 Opprimebautur.
2872 3464 2945 3515 Ac
2991 3464 3201 3515 tametsi

1666 3556 1844 3621 quiete
1872 3562 2109 3621 agerent,
2144 3562 2198 3606 et
2226 3553 2629 3607 acerbissimam
2663 3555 2971 3606 servitutem
3000 3554 3202 3620 patien-

1668 3654 1745 3695 ter
1774 3644 2085 3707 tolcrareut,
2122 3660 2187 3697 ue
2226 3648 2303 3699 sic
2344 3656 2519 3699 tamen
2554 3647 2722 3695 vitare
2748 3652 2986 3709 poterant
3012 3656 3202 3693 crucu-

1667 3742 1772 3783 tam
1810 3733 2013 3799 tyranni
2054 3735 2415 3786 atrocitatem.
2468 3734 2703 3797 Denique
2749 3732 2974 3797 qundam
3013 3731 3096 3780 die
3127 3729 3200 3780 Ie-

1666 3822 1937 3872 vissimam
1974 3823 2041 3873 ob
2075 3836 2286 3874 causam
2324 3824 2571 3889 p0pulunt
2603 3821 2897 3871 Romanum
2930 3817 3200 3882 praetoria-

1666 3912 1748 3963 nis
1796 3912 2053 3964 militibus
2085 3914 2510 3964 obtruncandum
2559 3910 2779 3961 dedidit.
2810 3909 2981 3974 Atque
3015 3908 3085 3958 ita
3120 3908 3201 3957 in-

1663 4001 2011 4054 numerabilis
2042 4003 2324 4054 multitudo
2358 4000 2537 4069 populi
2568 4000 2813 4061 Romani,
2840 4015 2941 4052 non
2970 3998 3200 4067 Scytha-

1664 4107 1778 4143 rum
1810 4106 1869 4144 ac
1909 4092 2285 4154 barbarorum,
2317 4093 2407 4145 sed
2434 4091 2628 4143 civimn
2666 4106 2883 4143 suorum
2911 4090 3076 4143 hastis
3113 4105 3201 4142 ar-

1662 4182 1871 4246 misque
1900 4181 1948 4232 in
1981 4180 2150 4234 media
2186 4184 2312 4233 urbe
2349 4182 2615 4234 trucidata
2652 4191 2751 4234 est.
2791 4180 3012 4245 Quantae
3041 4196 3201 4247 porro

1659 4283 1966 4325 senatorum
1996 4273 2166 4325 caedes
2188 4273 2339 4325 facta:
2361 4273 2491 4333 sint,
2520 4283 2575 4324 ut
2606 4274 2657 4325 in
2694 4274 2829 4326 bona
2864 4274 3200 4340 uniuscujus-

28 4378 116 4425 que
156 4381 342 4418 eorum
379 4358 739 4433 invaderetur,
769 4369 1035 4420 numerari
1086 4368 1233 4421 nullo
1265 4368 1421 4421 modo
1466 4376 1672 4434 potest;
1704 4382 1822 4419 cum
1884 4367 2128 4435 quotidie
2181 4366 2396 4434 plurimi
2442 4366 2683 4420 conﬁctis
2724 4367 2901 4433 variis
2959 4366 3200 4420 crimini-

30 4450 112 4505 bus
132 4451 587 4509 interficerentur.

494 4546 881 4617 KE’bAAAlON
935 4552 1070 4616 Λςῑι.

55 4631 279 4699 Marcia:
322 4634 653 4698 Μαξεντίου
702 4639 848 4692 κατὰ
895 4640 1343 4692 Κωνσταντίνου
1362 4678 1375 4702 ,
1420 4637 1516 4690 καὶ

386 4705 583 4757 ἔνδεια
610 4707 838 4775 τροφῶν
866 4711 934 4759 ἐν
969 4707 1166 4775 Ῥώμῃ.

90 4788 147 4841 Ἦ
178 4790 234 4843 δὲ
270 4792 382 4844 τῶν
407 4794 589 4849 κακῶν
640 4796 714 4865 τῷ
756 4798 997 4867 τυράννῳ
1034 4800 1260 4865 κορωνὶς
1308 4798 1397 4850 ἐπὶ
1423 4814 1549 4866 γοη-

22 4878 149 4929 τείαν
194 4882 415 4950 ήλαυνε,
468 4892 726 4954 μαγικαῖς
742 4889 1000 4961 ἐπινοίαις
1028 4888 1145 4938 τοτέ
1180 4890 1277 4957 μὲν
1297 4891 1551 4956 γυναῖκας

23 4968 305 5037 ἐγκύμονας
338 4974 712 5043 ἀνασχίζοντος
730 5017 745 5040 ,
774 4980 898 5041 ’τοτὲ
928 4978 982 5037 δὲ
1016 4978 1241 5044 νεογνῶν
1277 4980 1551 5047 σπλάγχνα

19 5053 211 5124 βρεφῶν
249 5058 693 5131 διερευνωμένου,
725 5065 1035 5127 leave-dicre
1067 5069 1547 5135 κατασφάττοντος,

23 5207 294 5278 ἐνυϐρίζων
327 5210 708 5278 αἰσχροτάτως.
737 5224 843 5269 etc.
884 5176 937 5267 In
967 5215 1148 5267 codice
1184 5215 1319 5271 Fuk.
1361 5219 1551 5272 scribi-

2175 4538 2401 4595 CAPUT
2440 4538 2674 4592 XXXVI.

1727 4635 1951 4703 Magna:
1976 4644 2111 4687 artu
2137 4632 2410 4752 Maxengi,
2441 4643 2487 4684 et
2522 4632 2881 4684 alimentorum
2908 4630 3125 4696 penuria

2374 4718 2521 4752 anne.

2374 4718 2501 4754 omte
2508 4742 2521 4753 .

1724 4795 1963 4849 Tandem
1989 4803 2386 4863 verotyrannus
2414 4790 2704 4845 sceleribus
2726 4791 2836 4842 suis
2859 4789 3002 4855 quasi
3026 4790 3193 4854 quod-

1656 4892 1775 4943 dam
1829 4888 2123 4955 fastigium,
2165 4886 2382 4954 magicm
2407 4885 2539 4937 artis
2576 4883 2873 4950 praestigias
2918 4880 3188 4945 imposuit,

1656 4993 1801 5032 nunc
1845 4978 2095 5033 mulieres
2131 4976 2380 5044 gravidas
2426 4976 2723 5035 dissecans,
2753 4983 2893 5022 nunc
2928 4967 3187 5019 infantum

1655 5070 1842 5121 recens
1874 5066 1929 5119 in
1974 5064 2143 5117 lucem
2178 5064 2443 5117 editorum
2492 5062 2693 5114 rimans
2717 5060 2960 5111 viscera:
3010 5056 3190 5110 leones

1656 5216 1869 5279 οἰκείοις
1909 5214 2275 5283 ἀσελγήμασιν
2322 5215 2566 5265 ἐπινοεῖν.
2614 5209 2731 5262 Mox
2767 5208 2930 5261 codex
2976 5207 3103 5260 Fuk.
3137 5218 3191 5261 et

24 5287 98 5355 tut;
117 5275 523 5355 διαζευγνύςγέ
545 5297 624 5332 τοι
650 5283 757 5336 τῶν
777 5284 1094 5355 ἀνδρῶν’τὰς
1129 5288 1407 5350 γυναῖκας,
1439 5291 1550 5351 τοῖς

1668 5275 2248 5355 ἑανίιίιᾟειιιοιὉδττον
2281 5283 2386 5350 γὰρ
2417 5284 2531 5355 τήν,
2562 5290 2664 5355 etc.

20 5343 271 5413 ἀνδράσιν,
301 5343 411 5399 etc.
473 5343 496 5398 ί

1718 5355 1827 5422 (8(5)
1859 5354 1977 5422 Τὴν
1998 5343 2577 5422 ψυχὴνλθὰνὰτῶέξᾳι.
2609 5346 2954 5422 scribendum
2982 5343 3190 5422 videtur

78 5410 180 5488 (εξ)
203 5415 313 5468 Καὶ
362 5414 555 5488 οὐκέθ’
581 5410 704 5483 οἶός
733 5436 797 5473 τε
832 5423 929 5488 ἦν.
971 5421 1144 5475 Prima
1186 5435 1289 5475 vox
1320 5424 1543 5477 delenda

1668 5410 1873 5488 Ιανάτιρ.
1905 5410 2192 5488 Sicimina
2221 5420 2458 5488 loquitur
2490 5416 2747 5488 Eusebius
2788 5424 2973 5488 noster
3004 5414 3055 5488 in
3090 5414 3183 5488 ut».

20 5492 105 5555 est.
129 5484 227 5535 Sed
254 5485 539 5555 sequentia
569 5481 815 5553 corrupta
839 5481 959 5543 sunt
980 5507 1039 5543 ac
1070 5491 1267 5554 mutila,
1289 5507 1406 5555 quw
1429 5497 1543 5547 sine

1668 5508 1737 5544 'm
1770 5481 1854 5540 ttlii
1887 5490 1951 5539 de
1984 5486 2252 5555 Maximini
2284 5481 2492 5555 ﬂagitiis
2520 5488 2663 5555 agit:
2696 5484 2749 5535 αὶ
2782 5484 2837 5555 δὲ
2868 5483 2958 5555 ἐπὶ
2982 5481 3187 5555 φθορὰν

22 5552 316 5617 scriptorum
350 5552 596 5606 codicum
624 5552 863 5615 subsidio
887 5560 1096 5612 diﬂicile
1121 5560 1204 5610 est
1236 5552 1539 5613 restituere.

22 5616 178 5675 Potest
205 5630 387 5676 tamen
431 5620 531 5689 legi
550 5662 564 5685 ,
612 5623 785 5676 οὐκέθ’
817 5620 925 5689 οἶός
953 5646 1009 5681 τε
1040 5625 1105 5697 ἦν
1138 5627 1393 5695 εὐπορίαν
1423 5634 1532 5691 τοῖς

1642 5560 1940 5625 ἑλκόμεναι,
1969 5554 2157 5625 θᾶττον
2181 5554 2275 5625 τὴν
2304 5554 2479 5622 ψυχὴν
2514 5552 2742 5620 θανάτῳ,
2772 5552 2805 5623 ἢ
2846 5552 2906 5604 τὸ
2937 5553 3092 5622 σῶμα
3116 5554 3183 5624 τῇ
3244 5580 3249 5584 ο

1640 5612 1807 5698 φθορᾷ
1831 5612 2246 5692 παραδεδώκασῖξ
