3954 6346
664 330 760 398 951
1415 329 1635 385 USEBII
1672 331 2145 391 CESARIENSIS
2181 337 2216 388 0

2317 376 2329 390 .
2368 335 2547 393 PARS
2584 340 2625 394 Ι.
2664 370 2734 379 -
2772 338 3151 407 lllS'l’OBlCA.
3242 380 3246 385 ρ
3746 344 3837 401 ’952

664 463 874 515 quoque
903 446 1172 500 interdum
1200 449 1465 511 mactans,
1494 459 1550 502 et
1574 452 1813 518 quaedam
1832 452 2061 505 nefanda
2094 468 2214 521 per-

2320 457 2410 510 καί
2447 475 2596 521 τινας
2640 460 3027 530 ἀῤῥητοποιίας
3071 460 3160 512 ἐπὶ
3207 460 3473 531 atpova
3519 464 3835 531 προσκέησεις

662 553 825 606 agens
858 553 1008 593 sacra
1066 539 1133 591 ad
1164 539 1440 593 daemones
1472 543 1796 604 evocandos,
1824 553 1877 596 et
1914 542 1979 595 ad
2023 542 2219 596 bellum

663 631 803 697 quod
833 628 943 697 jam
982 628 1247 693 instabat,
1288 629 1682 697 depellendum.
1711 633 1803 685 llis
1832 634 1976 686 enim
2012 632 2221 688 artibus

663 719 943 771 victoriam
988 734 1045 772 se
1073 721 1394 787 adepturum
1438 724 1708 789 sperabat.
1758 723 1853 777 Hic
1887 723 2050 791 igitur
2091 724 2218 776 dum

661 807 844 869 Bonum
897 809 1232 880 tyrannidem
1287 822 1525 875 exercet,
1578 813 1662 865 vix
1719 813 1825 866 dici
1879 824 2055 881 potest
2086 823 2219 881 quot

663 900 986 979 quantisque
1020 899 1177 952 malis
1200 902 1442 953 subditos
1471 906 1799 969 oppresserit
1827 914 1989 971 atque
2020 905 2074 956 in
2100 909 2220 957 se‘r-

665 989 884 1042 vitutem
916 990 1185 1058 redegerit
1214 1006 1228 1042 :
1256 990 1388 1043 adeo
1410 999 1466 1043 ut
1493 993 1557 1044 ad
1582 1001 1877 1046 extremam
1895 993 2059 1068 426
2086 993 2217 1046 trusi

662 1079 769 1131 sint
803 1080 1188 1132 alimentorum
1240 1081 1537 1146 penuriam,
1570 1084 1786 1151 qualem
1824 1095 1982 1137 antea
2033 1084 2220 1146 Roma

664 1184 895 1236 unquam
930 1168 1116 1234 fuisse,
1169 1171 1316 1223 nulla
1352 1172 1629 1226 hominum
1670 1176 1845 1229 aetatis
1871 1186 2073 1231 nostra:
2104 1193 2215 1233 mea

662 1260 833 1321 moria
864 1262 1197 1314 recordatur.

1177 1352 1402 1407 CAPUT
1439 1354 1700 1409 XXXVII.

902 1439 1152 1495 Maxentii
1178 1446 1430 1496 exercitus
1458 1448 1513 1496 in
1539 1445 1703 1497 Italia
1733 1449 1983 1510 superati.

732 1530 812 1586 Ob
836 1531 961 1584 tliazc
990 1542 1181 1587 cuncta
1216 1534 1397 1589 dolore
1438 1551 1501 1589 ac
1534 1538 1889 1591 miseratione
1917 1547 2218 1593 commotus

662 1621 1066 1685 Constantinus,
1112 1626 1254 1678 omni
1300 1626 1494 1679 bellico
1547 1638 1807 1695 apparatu
1852 1629 2105 1683 adversus
2139 1639 2219 1699 ty-

662 1711 939 1768 rannidem
971 1712 1380 1770 seseinstruxit.
1406 1710 1651 1784 Cumque
1675 1734 1941 1771 summum
1975 1722 2215 1773 omnium

2319 548 2411 599 xui.
2454 550 2891 621 ἀποτροπιασμὸν
2937 549 3033 603 τοῦ
3062 549 3295 619 πολέμου
3326 551 3704 620 συνισταμένου
3725 568 3738 579 ·
3771 552 3837 605 διὰ

2318 638 2518 691 τούτων
2549 642 2653 711 γὰρ
2676 642 2775 711 τῆς
2806 642 2960 712 νίκης
2990 644 3283 712 κρατήσειν
3310 640 3551 711 ἡλπιζεν.
3586 641 3732 694 Οὕτω
3762 645 3835 711 μὲν

2318 726 2409 782 οῦν
2450 732 2541 783 ἐπὶ
2585 733 2796 802 Ῥώμης
2828 735 2855 785 ὁ
2890 732 3193 803 τυραννῶν,
3235 735 3333 785 οὐκ
3364 732 3508 791 ἐστιν
3547 735 3737 795 εἰπεῖν,
3769 730 3835 786 οἷα

2318 822 2457 892 δρῶν
2500 825 2623 886 τοὺς
2670 824 2936 892 ὑπηκόους
2979 823 3392 877 κατεδουλοῦτο’
3445 822 3571 875 ὥστ’
3614 824 3707 893 ήδη
3753 825 3835 877 τῶν

2318 911 2627 979 ἀναγκαίων
2673 914 2884 984 τροφῶν
2934 916 2989 966 ἐν
3035 915 3239 985 ἐσχάτῃ
3290 904 3478 965 σπάνεί
3538 913 3630 965 καὶ
3671 917 3834 984 ἀπορίᾳ

2320 1004 2669 1072 καταστῆναι,
2722 1006 2849 1075 ὅσην
2895 1005 2985 1056 ἐπὶ
3025 1003 3238 1074 Ῥώμης
3283 1006 3387 1057 οὐδ’
3426 1004 3612 1067 ἄλλοτὲ
3658 1022 3769 1059 ποτε
3799 1010 3833 1059 οἱ

2319 1094 2441 1157 καθ’
2472 1096 2617 1165 ἡμᾶς
2648 1095 2899 1166 γενέσθαι
2929 1095 3369 1165 μνημονεύουσιν.

2787 1359 3177 1413 ΚΕΦΑΛᾹΙΟΝ
3216 1361 3331 1413 AZ’.

2386 1441 2566 1504 Ἦττα
2598 1450 2668 1503 ἐν
2708 1450 2919 1515 Ἰταλίᾳ
2959 1451 3286 1513 Μαξεντίου
3329 1452 3777 1521 στρατευμάτων.

2351 1550 2357 1557 ’
2401 1540 2559 1592 Ἀλλά
2580 1541 2688 1611 γὰρ
2714 1539 2913 1591 τούτων
2936 1539 3183 1591 ἀπάντων
3211 1538 3385 1591 οἶκτον
3418 1539 3690 1592 ἀναλαΰὼν
3712 1540 3837 1591 Κωνε

2321 1634 2611 1693 σταντῖνος,
2655 1631 2852 1692 πάσαις
2893 1633 3262 1701 παρασκευαῖς
3306 1630 3566 1694 ὡπλίζετο
3611 1631 3739 1682 κατὰ.
3760 1629 3837 1698 τῆς

2318 1719 2641 1789 τυραννίδος.
2670 1719 3115 1788 Προστησάμενος
3140 1718 3269 1787 δῆτα
3292 1719 3478 1770 ἑαυτοῦ
3497 1719 3625 1771 Θεὸν
3661 1720 3742 1771 τὸν
3766 1718 3837 1770 ἐπὶ

663 1800 825 1860 Deum
860 1813 1139 1871 patronum
1184 1806 1283 1858 sibi
1319 1806 1654 1869 adscivisset,
1686 1806 2066 1877 Christumque
2099 1810 2215 1877 ejus

2317 1811 2549 1870 πάντων,
2585 1809 2802 1877 σωτῆρά
2845 1824 2901 1859 τε
2944 1809 3037 1859 xui.
3066 1808 3253 1877 βοηθὸν
3283 1809 3733 1878 ἀνακαλεσάμενος
3764 1808 3836 1865 τὸν

662 1892 853 1959 Filium
889 1903 1215 1948 servatorem
1254 1907 1411 1966 atque
1444 1897 1816 1953 auxiliatorem
1855 1900 2207 1963 invocasset;

662 1994 713 2036 et
748 1984 984 2037 victoriae
1014 1994 1293 2053 tropaaum,
1330 1988 1565 2042 salutare
1596 1991 1804 2044 scilicet
1834 1992 2043 2058 signum
2084 2003 2208 2046 ante

660 2079 856 2141 milites
884 2094 943 2135 ac
969 2081 1254 2151 stipatores
1287 2100 1412 2137 suos
1443 2088 1740 2150 statuisset,
1782 2104 1903 2139 cum
1936 2089 2080 2141 omni
2126 2104 2219 2142 ex-

658 2171 830 2230 ercitu
871 2186 1184 2240 progressus
1216 2184 1328 2243 est,
1351 2192 1413 2229 eo
1437 2178 1665 2231 consilio
1690 2188 1744 2230 ut
1778 2177 2035 2233 Romanis
2058 2181 2219 2233 liber-

662 2270 820 2323 tatem
844 2279 1000 2331 quam
1030 2280 1061 2319 a
1093 2266 1384 2333 majoribus
1416 2269 1527 2321 suis
1547 2280 1891 2338 acceperant,
1915 2272 2215 2328 interventu

660 2364 758 2411 suo
810 2351 1137 2416 restitueret.
1169 2352 1337 2406 Porro
1378 2370 1498 2408 cum
1534 2355 1838 2410 Maxentius
1886 2359 2215 2427 magicarnm

659 2442 852 2517 artium
884 2444 1170 2512 praestigiis
1200 2446 1373 2516 magis
1412 2463 1573 2522 quam
1604 2450 1943 2504 subditorum
1976 2453 2218 2504 benevo-

659 2531 818 2589 lentia
847 2535 1111 2600 coniisus,
1155 2552 1219 2590 ne
1262 2537 1475 2604 quidem
1502 2548 1653 2591 extra
1686 2541 1837 2593 urbis
1878 2550 2061 2608 portas
2093 2555 2216 2607 pro—

659 2625 804 2699 gredi
837 2626 1092 2693 auderet;
1119 2638 1309 2679 cuncta
1347 2643 1474 2680 vero
1507 2628 1559 2681 in
1592 2630 1819 2681 circuitu
1846 2631 1993 2681 urbis
2026 2628 2215 2686 Romae

659 2729 722 2770 ac
754 2718 911 2771 totius
941 2717 1101 2771 Italia:
1135 2718 1270 2783 loca,
1316 2720 1529 2786 Oppida,
1574 2720 1824 2787 regiones
1867 2735 2001 2787 quas
2038 2722 2215 2773 servi—

661 2805 787 2857 tutis
813 2804 942 2871 jugo
973 2821 1257 2874 oppressas
1287 2810 1525 2871 tenebat,
1561 2809 1936 2862 innumerabili
1973 2819 2217 2861 armato—

661 2910 777 2949 rum
810 2897 1144 2951 multitudine
1171 2908 1224 2951 et
1258 2899 1533 2965 dispositis
1566 2902 1631 2951 ad
1660 2901 2022 2952 insidiandum
2050 2916 2217 2953 exer-

663 2985 854 3042 citibus
904 2986 1138 3052 undique
1187 2990 1514 3042 muniisset:
1568 2990 1747 3042 divino
1797 2990 1967 3043 fretus
2016 2991 2217 3042 auxilio

662 3075 972 3141 imperator,
1008 3078 1256 3142 primam,
1290 3079 1580 3131 secundam
1632 3094 1693 3131 ac
1739 3079 1955 3129 tertiam
2005 3079 2213 3147 tyranni

664 3179 945 3231 aggressus
974 3166 1164 3228 aciem,
1193 3171 1403 3221 cunctis
1431 3170 1603 3235 primo
1628 3169 1809 3222 statim
1845 3170 2049 3238 impetu
2081 3169 2213 3229 fusis
2240 3139 2282 3201 Ο

662 3271 724 3321 ac
752 3256 971 3326 iugatis,
1001 3258 1052 3311 in
1088 3258 1342 3312 interiora
1376 3258 1540 3311 Italia:
1571 3262 1889 3328 penetravit.

1166 3334 1392 3404 CAPUT
1435 3350 1716 3405 xxxvm.
1906 3350 1909 3351 ί

915 3440 1171 3495 Maxentii
1204 3442 1445 3495 interitus
1472 3443 1522 3493 in
1554 3454 1707 3510 ponte
1738 3442 1956 3497 Tiberis.

731 3533 1077 3601 Tandemque
1106 3535 1171 3591 ad
1206 3534 1377 3602 ipsam
1406 3535 1591 3587 urbem
1623 3534 1846 3591 Romam
1883 3536 2100 3603 propius
2124 3552 2215 3593 ac-

660 3625 844 3685 cessit.
902 3624 1095 3675 Verum
1146 3639 1210 3676 ne
1256 3624 1414 3675 ttnius
1453 3625 1667 3693 tyranni
1720 3640 1883 3678 causa
1942 3626 2216 3681 Romanos

659 3730 847 3779 omnes
868 3728 1177 3783 oppugnare
1206 3729 1423 3767 necesse
1450 3715 1695 3775 haberet,
1724 3715 1864 3769 Deus
1888 3716 2031 3769 illum
2060 3719 2213 3784 quasi

659 3796 886 3865 vinculis
935 3807 1252 3873 quibusdam
1298 3805 1650 3858 constrictum
1696 3820 1857 3873 quam
1903 3808 2216 3875 longissime

662 3911 815 3959 extra
868 3899 1014 3953 urbis
1052 3907 1237 3964 portas
1269 3899 1569 3964 protraxit:
1600 3898 1869 3965 simulque
1901 3899 2076 3967 prisca
2124 3900 2211 3952 illa

658 3994 916 4058 adversus
946 3992 1137 4059 impios
1172 3992 1313 4044 edita
1370 3992 1647 4055 miracula,
1696 4006 1816 4057 quae
1858 3994 2029 4045 sacris
2061 3992 2212 4045 volu-

658 4086 890 4138 minibus
945 4084 1311 4144 continentur,
1342 4091 1396 4134 et
1430 4082 1625 4147 quibus
1668 4082 1814 4135 multi
1870 4084 2087 4150 quidem
2122 4099 2213 4151 pe-

660 4174 811 4230 rinde
842 4188 903 4223 ac
933 4172 1127 4225 fabulis
1169 4174 1322 4227 [idem
1355 4176 1633 4241 derogant,
1667 4189 1787 4226 cum
1835 4183 2010 4224 tamen
2046 4174 2212 4227 ﬁdeli-

660 4258 758 4324 bus
786 4259 887 4310 lide
914 4260 1069 4323 digna
1092 4260 1396 4323 vidcantur,
1421 4262 1628 4314 cunctis
1650 4272 1753 4313 tam
1785 4262 2030 4314 ﬁdelibus
2049 4277 2209 4328 quam

662 4346 961 4415 inﬁdelibus
990 4348 1077 4415 qui
1110 4349 1211 4401 hoc
1254 4352 1568 4405 miraculum
1607 4354 1748 4422 quod
1792 4351 1987 4405 dicturi
2026 4367 2212 4408 sumus

2318 1901 2547 1973 Χριστὸν
2577 1900 2760 1961 αὐτοῦ,
2785 1900 2844 1951 τό
2889 1916 2947 1951 τε
2977 1899 3250 1970 νικητικὸν
3287 1899 3564 1970 τρόπαιον,
3590 1900 3647 1951 τὸ
3671 1900 3727 1968 δὴ
3756 1917 3838 1951 σω-

2318 1994 2499 2064 τήριον
2525 1994 2764 2060 σημεῖον,
2793 1990 2897 2041 τῶν
2925 1991 3060 2059 ἀμφ’
3090 1990 3249 2041 αὑτὸν
3276 1990 3505 2041 ὁπλιτῶν
3532 2008 3589 2041 τε
3615 1991 3700 2042 xui.
3721 1989 3837 2058 δορυ-

2319 2076 2495 2154 φὸρων
2530 2081 2819 2153 προτάξας,
2851 2083 3033 2150 ἡγεῖτο
3068 2082 3423 2152 πανστρατιᾷ,
3484 2079 3758 2147 Ῥωμαίοις
3786 2077 3837 2127 τὰ

2317 2176 2410 2244 τῆς
2438 2177 2500 2226 ὲκ
2521 2174 2796 2243 προγόνων
2820 2171 3124 2242 ἐλευθερίας
3150 2170 3553 2240 προμνώμενος.
3578 2167 3836 2231 Μαξεντίου

2316 2264 2449 2332 δῆτα
2477 2263 2672 2331 μᾶλλον
2704 2265 2820 2324 ταῖς
2843 2262 2980 2313 κατά
3008 2260 3257 2330 γοητείαν
3280 2262 3565 2329 μηχαναῖς,
3600 2258 3630 2327 ἦ
3662 2260 3722 2325 τῇ
3752 2255 3837 2306 τῶν

2317 2356 2566 2425 ὑπηκόων
2598 2353 3011 2424 ὲπιθαῤῥοῦντος
3037 2352 3235 2420 εὐνοίᾳ,
3256 2350 3533 2422 προελθεῖν
3557 2350 3600 2401 δ’
3623 2349 3721 2400 οὐδ’
3741 2349 3837 2399 ὅσον

2318 2447 2497 2505 πυλῶν
2519 2446 2611 2497 τοῦ
2646 2447 2832 2507 ἄστεος
2862 2444 3271 2513 ὲπιτολμῶντος,
3306 2441 3534 2495 ὁπλιτῶν
3570 2439 3643 2507 τῷ
3678 2438 3837 2508 πλήθει

2317 2540 2407 2590 xui.
2446 2537 2823 2607 στρατοπέδων
2868 2536 3041 2606 λόχοις
3086 2534 3293 2609 μυρίοις
3350 2533 3525 2585 πάντα
3583 2532 3733 2583 τόπον
3763 2529 3838 2580 καὶ

2317 2635 2498 2702 χώραν
2531 2632 2622 2682 xui.
2648 2630 2821 2689 πόλιν,
2852 2629 2947 2696 ὅση
2986 2645 3067 2689 τις
3096 2627 3184 2678 ὑπ’
3217 2624 3362 2695 αὑτῷ
3388 2623 3689 2684 δεδούλωτο,
3726 2639 3840 2689 φρα-

2321 2723 2571 2792 ξαμένου,
2596 2723 2623 2771 ὁ
2658 2723 2755 2789 τῆς
2788 2723 2852 2771 ὲκ
2880 2717 3013 2770 Θεοῦ
3038 2716 3349 2785 συμμαχίας
3383 2714 3684 2784 ἀνημμένος
3716 2712 3841 2780 βασι-

2320 2816 2463 2876 λεὺς,
2494 2811 2659 2864 ἐπιὼν
2690 2811 2878 2882 πρώτῃ
2905 2812 2996 2862 xui.
3017 2809 3240 2877 δευτέρᾳ
3260 2808 3349 2858 καὶ
3368 2806 3525 2877 τρίτῃ
3554 2804 3644 2856 τοῦ
3674 2803 3840 2872 τυράν-

2319 2920 2406 2955 νου
2436 2903 2752 2973 παρατάξει,
2790 2898 2847 2953 εὖ
2886 2901 3029 2970 μάλα
3061 2917 3120 2951 τε
3159 2900 3336 2957 πάσας
3369 2896 3426 2959 ἐξ
3452 2896 3622 2962 αὐτῆς
3648 2892 3838 2963 πρώτης

2317 2994 2491 3061 ὁρμῆς
2523 2992 2940 3062 χειρωσάμενος,
2968 2988 3208 3059 πρόεισιν
3236 2988 3327 3039 ιὲπῆ⁵
3359 2985 3604 3038 πλεῖστον
3626 2984 3736 3034 ὅσον
3760 2983 3840 3051 τῆς

2332 3079 2550 3143 Ἰταλῶν
2572 3079 2773 3149 χώρας.
3055 3075 3066 3081 ’

2815 3343 3204 3396 ΚΕΦᾹΛΔῘΟΝ
3244 3342 3366 3393 AH'.

2314 3436 2646 3500 Μαξεντίου
2674 3436 2918 3505 θάνατος
2938 3437 3006 3489 ἐν
3022 3437 3244 3504 γεφύρᾳ
3266 3432 3529 3502 ποταμοῦ
3559 3424 3835 3498 Τιϐερίδος,

2390 3531 2524 3599 Ἤδη
2549 3530 2593 3582 δ’
2621 3530 2786 3598 αὐτῆς
2828 3528 3041 3598 Ῥώμης
3076 3528 3303 3597 ἄγχιστα
3328 3522 3413 3596 ἦν.
3436 3523 3549 3577 Εἶθ’
3584 3526 3652 3586 ὼς
3675 3522 3742 3593 μὴ
3761 3518 3837 3572 τοῦ

2314 3623 2574 3690 τυράννου
2618 3621 2773 3692 χάριν
2810 3622 3096 3689 Ῥωμαίοις
3136 3621 3386 3690 πολεμεῖν
3419 3612 3835 3684 ἐξαναγκάξοιτο.

2314 3711 2443 3774 Θεὸς
2476 3712 2634 3775 αὐτὸς
2655 3708 2740 3765 οἷα
2760 3712 2973 3782 δεσμοῖς
3002 3729 3111 3763 τισι
3139 3710 3512 3781 τὸνντύραννον
3542 3704 3838 3777 πορρωτάτω

2314 3802 2495 3855 πυλῶν
2528 3802 2761 3865 ὲξέλκει,
2800 3805 2892 3855 xui.
2924 3802 2990 3855 τὰ
3028 3802 3191 3854 πάλαι
3221 3801 3283 3870 δὴ
3315 3801 3433 3852 κατ’
3469 3796 3672 3850 ἀσεϐῶν
3699 3794 3765 3853 ώς
3792 3793 3837 3841 ἐν

2317 3893 2481 3961 μύθου
2514 3894 2655 3963 λόγῳ
2684 3893 2832 3961 παρὰ
2857 3896 2966 3953 τοῖς
2988 3892 3255 3953 πλείστοις
3280 3887 3663 3955 ἀπιστούμενα,
3699 3880 3839 3935 πιστά

2312 4001 2375 4051 γε
2413 3986 2517 4054 μὴν
2552 3987 2759 4045 πιστοῖς
2803 3981 2912 4051 (87)
2957 3985 3124 4051 ἱεραῖς
3181 3980 3379 4048 βίϐλοις
3431 3974 3835 4043 ὲστηλιτευμένα,

2314 4079 2500 4138 αὑταῖς
2534 4076 2803 4146 ὲνεργίαις
2825 4075 3045 4135 ἅπασιν,
3078 4072 3259 4132 ἀπλῶς
3284 4072 3475 4132 εἰπεῖν,
3510 4070 3709 4129 πιστοῖς
3742 4066 3838 4132 ἅμα

2314 4169 2406 4219 καὶ
2462 4167 2736 4227 ἀπίστοις,
2793 4164 3082 4231 ὀφθαλμοῖς
3129 4164 3196 4214 τὰ
3256 4162 3532 4230 παράδοξα.
3579 4158 3837 4226 θεωμένοις

2312 4256 2666 4308 ἐπιστώσατο.
2722 4255 2928 4322 Ὥσπερ
2960 4249 3050 4305 οῦν
3093 4254 3178 4303 ἐπ’
3212 4252 3370 4304 αὐτοῦ
3429 4267 3557 4303 ποτε
3592 4247 3835 4305 Μωῦσὲως

2316 4347 2407 4399 xui
2437 4345 2529 4397 τοῦ
2565 4342 2844 4405 θεοσεϐοῦς
2890 4342 3150 4410 Ἑὸραίων
3174 4343 3377 4407 γένους,
3412 4341 3624 4410 ἅρματα
3667 4334 3837 4406 Φαραὼ

661 4440 829 4501 oculis
854 4441 966 4492 suis
999 4452 1398 4506 spectaverunt,
1431 4446 1709 4497 verissima
1746 4460 1863 4497 esse
1894 4459 2058 4511 opere
2093 4444 2209 4509 ipso

2317 4438 2409 4487 xui.
2453 4436 2551 4503 τὴν
2597 4435 2822 4501 δύναμιν
2863 4429 3024 4483 αὑτοῦ
3074 4431 3290 4501 ἔρριψεν
3330 4431 3407 4491 εἱς
3440 4430 3723 4489 θάλασσαν,
3762 4425 3835 4479 xui

660 4529 1045 4594 comprobavit.
1063 4526 1195 4579 Nam
1217 4530 1663 4594 quemadmodum
1693 4531 1853 4583 Mosis
1871 4548 1932 4583 ac
1952 4533 2213 4599 religiosae

660 4622 929 4692 quondam
958 4618 1132 4687 gentis
1166 4618 1511 4673 Hebraeorum
1546 4621 1893 4689 temporibus,
1925 4620 2065 4677 Deus
2091 4636 2214 4673 cur-

659 4723 751 4773 rus
779 4719 828 4758 et
867 4705 1163 4759 exercitum
1199 4704 1493 4757 Pharaonis
1524 4706 1748 4771 projecit
1784 4708 1835 4758 in
1884 4722 2067 4769 mare;
2106 4710 2215 4761 lec-

660 4797 894 4861 tissimos
925 4796 1123 4847 milites
1170 4809 1235 4847 ex
1282 4810 1444 4848 curru
1484 4806 1781 4863 pugnantes
1812 4798 2054 4852 tristatas
2081 4799 2211 4851 sub-

660 4890 847 4953 mersit
882 4887 933 4937 in
991 4885 1123 4936 mari
1159 4884 1374 4949 Rubro,
1427 4894 1483 4937 et
1537 4885 1783 4939 ﬂuctibus
1842 4886 2091 4951 operuit;
2133 4887 2215 4940 sic

661 4978 815 5049 plane
858 4978 1019 5050 427
1052 4976 1384 5039 Maxentius,
1426 4976 1480 5029 et
1522 4977 1826 5043 quicunque
1874 4978 2017 5035 circa
2069 4976 2214 5028 illum

661 5081 812 5122 erant
842 5072 1037 5121 milites
1066 5082 1133 5121 ac
1168 5069 1474 5133 stipatores,
1510 5068 1682 5119 instar
1712 5066 1905 5132 lapidis
1936 5066 1987 5117 in
2016 5065 2219 5119 altissi-

663 5175 803 5211 mum
841 5161 1103 5229 gurgitem
1136 5160 1453 5215 ceciderunt
1490 5180 1503 5214 :
1538 5169 1666 5225 tunc
1696 5158 1943 5211 videlicet
1976 5173 2095 5209 cum
2133 5157 2213 5209 di-

666 5249 783 5309 vina
823 5252 1017 5311 virtute
1045 5248 1386 5304 Constantini
1432 5251 1679 5319 partibus
1711 5248 2002 5307 auxiliante
2034 5247 2085 5299 in
2124 5246 2206 5298 fu-

730 5398 838 5469 (87)
864 5401 1050 5457 Πιστά
1072 5418 1135 5471 γε
1160 5402 1287 5470 μὴν
1314 5401 1571 5468 πιστοῖς.
1601 5401 1725 5454 Post
1757 5400 1869 5454 haec
1897 5399 2060 5452 verba
2083 5398 2211 5450 dee-

663 5479 744 5519 rat
795 5473 843 5523 in
879 5475 1109 5525 editione
1143 5473 1399 5540 Stephani
1438 5475 1645 5539 integra
1693 5471 1856 5529 linea.
1898 5484 2059 5537 quam
2109 5482 2207 5540 nos

662 5548 733 5586 ex
762 5543 944 5595 codice
970 5541 1104 5594 Fuk.
1154 5536 1283 5594 Sav.
1317 5556 1379 5596 ac
1410 5536 1648 5594 Turnebi
1686 5536 2067 5607 supplevitnus.
2102 5536 2207 5588 Sed

665 5613 716 5677 et
767 5608 877 5660 sine
928 5612 1305 5677 manuscriptis
1362 5611 1656 5666 codicibus.
1714 5609 1869 5661 facile
1924 5609 2021 5660 fuit
2068 5608 2207 5677 hanc

667 5667 904 5730 lacunam
948 5667 1213 5746 supplere
1242 5694 1304 5733 ex
1361 5679 1451 5734 lib.
1496 5696 1548 5743 ix
1594 5678 1846 5739 Historia:
1894 5668 2243 5731 ecclesiastie'

668 5752 761 5803 ςι,
788 5758 902 5810 cap.
933 5745 985 5797 9.

2314 4525 2625 4584 ἐπιλέκτους
2648 4523 2915 4582 ἀναϐάτας
2934 4520 3220 4589 τριστάτας
3244 4520 3619 4572 κατεπόντισεν
3650 4522 3705 4570 ἐν
3731 4520 3833 4586 ὲρνο

2315 4614 2438 4684 θρᾷ,
2467 4612 2605 4664 κατά
2636 4611 2805 4661 ταῦτα
2836 4611 2897 4679 δὴ
2932 4611 3023 4664 καὶ
3054 4608 3365 4672 Μαξέντιος,
3397 4610 3513 4661 οἵτ’
3543 4611 3672 4679 ἀμφ’
3700 4608 3834 4660 αὐτὸν

2314 4709 2525 4759 ὁπλῖται
2552 4706 2643 4758 xui.
2672 4705 2977 4775 δορυφόροι,
3018 4704 3205 4756 ἔδυσαν
3234 4707 3312 4765 είς
3342 4704 3499 4773 βυθὸν
3536 4706 3663 4757 ώσει
3691 4704 3830 4763 λίθος,

2314 4798 2547 4865 ὁπηνίκα
2581 4796 2726 4849 νῶτα
2754 4795 2873 4857 δοὺς
2917 4798 2982 4865 τῇ
3015 4796 3076 4847 ὲκ
3108 4794 3239 4847 Θεοῦ
3272 4797 3406 4864 μετά
3456 4796 3832 4855 Κωνσταντίνου

2316 4888 2560 4955 δυνάμει,
2583 4886 2672 4937 τὸν
2697 4884 2801 4955 πρὸ
2822 4886 2918 4953 τῆς
2944 4884 3163 4955 πορείας
3190 4886 3323 4955 διῄει
3351 4889 3607 4957 ποταμὸν,
3627 4888 3682 4939 ὃν
3696 4885 3832 4945 αὐτὸς

2318 4977 2548 5043 σκάφεσι
2580 4975 2792 5040 ζεύξας,
2835 4976 2925 5027 xui.
2962 4972 3021 5028 εὖ
3063 4976 3202 5043 μάλα
3245 4978 3586 5049 γεφυρώσας,
3619 4976 3834 5048 μηχανὴν

2316 5064 2534 5133 ὀλέθρου
2556 5063 2673 5115 καθ’
2696 5063 2885 5116 ἑαυτοῦ
2910 5065 3257 5133 συνεπήξατο,
3288 5060 3386 5120 ὧδὲ
3411 5085 3485 5137 πη
3514 5069 3650 5122 ἑλεῖν
3664 5069 3746 5121 τὸν
3769 5065 3831 5134 τῷ

2318 5154 2434 5223 Θεῷ
2472 5154 2620 5222 φίλον
2658 5154 2901 5215 ἐλπίσας.
2942 5155 3097 5207 Ἀλλά
3126 5156 3260 5226 τῷδε
3298 5159 3395 5228 μὲν
3424 5159 3592 5227 δεξιὸς
3624 5159 3833 5231 παρῆνό

2316 5244 2477 5298 αὑτοῦ
2524 5245 2673 5309 Θεὸς,
2713 5246 2741 5297 ὁ
2778 5244 2821 5296 δ’
2857 5244 2966 5312 (88)
3000 5245 3146 5299 ἀθεεὶ
3182 5247 3277 5313 τὰς
3310 5251 3568 5321 κρυφίους
3615 5248 3832 5327 μηχανὰς

2382 5394 2494 5465 (88)
2528 5394 2707 5464 Vulg"
2747 5394 2810 5448 '0
2834 5394 2883 5447 δ’
2907 5393 3071 5463 ἄκευ.
3122 5395 3397 5451 Postrema
3430 5412 3531 5451 vox
3582 5398 3633 5449 in
3670 5393 3829 5465 codice

2314 5461 2490 5517 Morari
2526 5461 2849 5531 expungitur
2881 5474 2937 5515 ut
2973 5461 3256 5531 superﬂua.
3293 5467 3397 5519 Sed
3437 5480 3627 5519 vereor
3661 5481 3723 5517 ne
3748 5461 3829 5531 all:

2313 5543 2442 5600 quot
2487 5529 2645 5615 voces
2677 5534 2767 5616 llic
2810 5529 3200 5616 desiderentur.
3236 5536 3483 5616 ‘Savilius
3528 5536 3748 5616 quidem
3778 5529 3829 5579 ad

2312 5599 2460 5675 oram
2485 5603 2571 5675 sui
2594 5602 2973 5675 codicis‘notat
2999 5605 3341 5675 supplendum
3368 5618 3489 5657 esse
3516 5599 3613 5674 τῆς

2316 5671 2583 5740 βοηθείας,
2610 5672 2696 5725 vel
2732 5672 2856 5737 quid
2905 5670 3111 5725 simile.
3136 5674 3189 5726 ln
3236 5673 3375 5726 libro
3408 5670 3588 5727 autem
3632 5670 3827 5740 Adriani

2316 5739 2549 5809 Turnebi
2602 5742 2917 5805 emendatur
2973 5742 3002 5803 6.
3064 5742 3120 5805 Ge
3169 5741 3363 5806 ἄνους,
3410 5742 3506 5800 sed
3560 5739 3828 5797 recentiore
