3954 6346
649 307 752 369 963

1337 312 1601 370 EUSEBH
1638 306 2105 372 CESARIENSIS
2140 314 2285 371 OPP.
2325 305 2502 372 PARS
2541 316 2581 372 Ι.
2618 347 2686 358 -
2722 308 3101 375 IllSTORlCA.

3708 327 3802 380 9“

648 435 1013 490 benevolentia
1067 435 1355 488 maximam
1402 436 1619 504 capiens
1668 437 2027 503 voluptatem;
2074 445 2182 487 tum

2281 452 2377 496 τας
2415 435 2524 504 βίον
2567 436 2739 506 ἐώρασ
2786 428 3219 507 ὐπερὸαλλόντως
3251 438 3307 491 δέ
3350 440 3804 513 ἐνευφραινόμενος

648 541 715 579 ex
746 540 810 579 eo
839 525 977 593 quod
1005 534 1225 578 cunctos
1253 525 1474 591 imperio
1500 541 1596 579 suo
1611 525 1876 592 suLjectos
1902 526 1952 578 in
1977 541 2183 579 summa

655 619 1031 688 tranquillitate
1074 634 1135 673 ac
1185 618 1369 672 laetitia
1439 620 1631 688 degere
1683 621 1893 674 videbat

650 712 844 782 gaudio
873 712 1126 781 gestiens.

1174 801 1397 873 CAPUT
1430 800 1649 856 xum.

1070 892 1402 947 Constantini
1431 894 1750 948 decennalis.

720 984 851 1036 Dum
893 986 947 1037 in
985 984 1087 1037 hoc
1136 993 1276 1037 statu
1304 994 1482 1047 esset,
1531 987 1768 1038 decimus
1813 984 2020 1052 imperii
2064 985 2182 1053 ejus

648 1072 821 1127 annus
854 1072 1098 1128 evolutus
1129 1082 1227 1126 est.
1278 1072 1441 1137 Cujus
1471 1074 1545 1127 rei
1590 1089 1751 1128 causa
1801 1075 1951 1127 festis
1998 1076 2183 1129 diebus

650 1179 745 1231 per
769 1165 1077 1217 universum
1102 1164 1281 1216 urbem
1318 1163 1614 1217 Romanum
1657 1165 1957 1225 celebratis,
1998 1179 2183 1231 preces

650 1268 770 1305 cum
805 1253 1095 1320 gratiarum
1133 1252 1343 1304 actione
1394 1260 1642 1319 tauquam
1689 1268 1851 1319 puras
1895 1252 2141 1305 victimas
2167 1290 2185 1318 ,

651 1342 788 1411 ignis
818 1353 871 1395 et
923 1342 1120 1394 nidoris
1150 1350 1425 1410 espcrtes,
1454 1342 1559 1394 Deo
1599 1342 1834 1394 omnium
1872 1340 1999 1408 Regi
2031 1342 2187 1395 obtu-

650 1429 730 1485 lit.
765 1430 831 1484 Et
862 1445 924 1483 ex
956 1431 1041 1482 bis
1067 1431 1276 1498 quidem
1310 1432 1598 1482 maximam
1629 1431 1806 1482 animo
1827 1430 2068 1496 capiebat
2096 1446 2187 1481 vo-

647 1520 905 1587 luptatem
934 1534 950 1570 :
977 1521 1068 1573 sed
1111 1518 1211 1572 non
1246 1520 1465 1585 perinde
1495 1534 1613 1571 eum
1646 1519 1987 1572 oblectabant
2015 1522 2183 1574 nuntii

649 1610 722 1663 illi
750 1649 764 1668 .
794 1611 882 1677 qui
920 1610 983 1664 de
1013 1610 1408 1677 provinciarum
1455 1607 1693 1663 Orientis
1733 1611 2027 1664 vastatione
2054 1610 2184 1663 alle-

648 1701 921 1754 rebantur.
1774 1694 1775 1697 “

1194 1788 1414 1843 CAPUT
1443 1788 1626 1842 XLIX.

847 1879 1113 1944 Quomodo
1169 1879 1397 1932 Licinius
1431 1874 1694 1932 Orientem
1723 1880 1982 1949 amiserit.

715 1970 921 2024 Etenim
970 1971 1217 2024 immanis
1266 1970 1505 2034 quaedam
1559 1972 1726 2024 bellua
1771 1983 1879 2024 tum
1933 1972 2181 2027 Ecclesia:

646 2063 762 2125 Dei,
800 2073 906 2115 tum
937 2061 1153 2129 reliquis
1183 2061 1607 2127 provincialibus
1633 2062 1737 2115 illic
1774 2062 2017 2115 insidiari
2046 2078 2182 2115 nun-

646 2154 877 2205 tiabatur
908 2169 921 2203 :
956 2165 1076 2202 curn
1110 2150 1469 2216 nequissimus
1520 2151 1725 2202 daauiou
1770 2152 1922 2218 quasi
1966 2151 2180 2204 aemula-

645 2244 785 2319 tione
812 2256 1103 2295 succensus
1127 2280 1140 2300 ,
1174 2241 1238 2293 iis
1270 2254 1387 2307 quae
1430 2240 1497 2292 ab
1526 2240 1845 2308 imperatore
1872 2242 1967 2294 Dei
1991 2258 2179 2294 aman-

644 2318 846 2386 tissimo
873 2331 1214 2406 gerebantur,
1247 2318 1513 2383 contraria
1544 2330 1720 2384 facere
1751 2332 2008 2385 studeret.
2035 2332 2178 2386 Adeo

643 2435 697 2473 ut
731 2423 1009 2490 imperium
1047 2420 1343 2472 Romanum
1393 2421 1525 2473 duas
1572 2421 1624 2473 in
1680 2431 1861 2488 partes
1907 2422 2176 2484 divisum,

642 2512 782 2565 nocti
814 2527 878 2566 ac
899 2511 999 2564 diei
1031 2508 1203 2562 simile
1229 2523 1349 2563 esse
1373 2510 1624 2562 ouinibus
1654 2511 1943 2563 videretur.
1974 2510 2179 2579 Quippe

640 2602 875 2657 Orientis
904 2602 1115 2670 quidem
1165 2600 1367 2653 incolas
1410 2601 1585 2670 caligo
1635 2602 1809 2653 noctis
1854 2603 2130 2668 premebat
2165 2620 2177 2655 :

641 2712 734 2749 eos
761 2710 886 2747 vero
915 2695 1003 2760 qui
1039 2690 1345 2745 Occidentis
1374 2701 1554 2757 partes
1586 2690 1920 2753 habitabant,
1948 2693 2181 2745 serenis-

642 2786 806 2836 simus
842 2781 1137 2836 illustrabat
1184 2780 1316 2831 dies.
1368 2779 1467 2841 Qui
1522 2792 1643 2830 cum
1680 2778 1904 2829 iuliuitis
1958 2780 2111 2831 bonis
2151 2795 2177 2831 ο

646 2875 753 2926 Deo
786 2873 884 2925 sibi
919 2870 1216 2923 conciliatis
1260 2870 1586 2929 fruerentur,
1633 2884 1737 2920 non
1780 2869 1901 2920 tulit
1935 2869 1986 2922 id
2023 2869 2178 2939 433

644 2961 858 3028 maligni
909 2957 1162 3012 daemonis
1214 2956 1413 3008 invidia
1463 2955 1619 3008 bonis
1670 2957 1917 3009 omnibus
1966 2956 2176 3009 infesta.

2287 528 2349 595 τῇ
2383 525 2488 578 τῶν
2514 527 2806 597 ἐκκλησιῶν
2830 529 2921 581 τοῦ
2954 529 3088 581 Θεοῦ
3126 530 3458 600 φαιδρότητι.

1956 637 1969 673 :
2024 628 2135 674 tum
2205 621 2472 690 praicipue
2518 625 2584 676 ob
2627 623 2958 692 splendorem
3002 625 3342 679 ecclesiarum
3392 626 3486 680 Dei
3532 629 3801 709 incredibili

2764 796 3148 849 ΚΕΦᾹΛΑΙΟΝ
3183 798 3321 850 MH'.

2424 886 2837 953 Δεκαετηρίδος
2866 888 3312 941 Κωνσταντίνου
3334 888 3676 957 πανήγυρις.

2356 972 2509 1032 Οὕτω
2551 979 2593 1030 δ’
2636 978 2834 1047 ἔχοντι,
2885 978 3141 1046 δεκαέτης
3192 978 3338 1049 αὐτῷ
3386 978 3489 1049 τῆς
3550 979 3798 1049 βασιλείας

2286 1064 2475 1140 ἠνύετο
2503 1068 2712 1138 χρόνος·
2741 1070 2823 1136 ἐφ’
2919 1068 2981 1137 δὴ
3005 1068 3309 1139 πανδήμους
3350 1069 3583 1121 ἐκτελῶν
3607 1071 3798 1139 ἑορτὰς,

2283 1161 2359 1230 τῷ
2396 1160 2607 1212 πάντων
2649 1158 2854 1227 βασιλεῖ
2879 1157 2993 1227 Θεῷ
3037 1159 3384 1228 εὐχαρίστους
3411 1161 3592 1229 εὐχὰς,
3631 1160 3799 1231 ὥσπερ

2282 1238 2433 1311 τινὰς
2475 1248 2714 1318 ἀπύρους
2769 1248 2861 1299 καὶ
2910 1247 3178 1309 ἀκάπνους
3224 1248 3413 1310 θυσίας
3464 1249 3795 1318 ἀνεπέμπετο.

2298 1339 2435 1390 Ἀλλ’
2470 1339 2559 1389 ἐπὶ
2613 1338 2709 1406 μὲν
2752 1338 2955 1399 τούτοις
2984 1338 3186 1407 χαίρων
3232 1338 3474 1402 διετέλει,
3504 1340 3563 1392 οὐ
3598 1340 3696 1411 μὴν
3721 1343 3800 1392 καὶ

2285 1430 2368 1495 ἐφ’
2392 1422 2470 1491 οἷς
2513 1428 2645 1495 ἀκοῇ
2693 1427 2818 1495 περὶ
2851 1426 2956 1477 τῶν
2998 1426 3132 1478 κατὰ
3168 1427 3260 1497 τὴν
3304 1426 3444 1496 ἑῴαν
3482 1429 3798 1498 τρυχομένων

2289 1519 2454 1573 ἐθνῶν
2488 1520 2826 1573 ἐπυνθάνετο.
3642 1526 3645 1527 ⁷

2782 1791 3165 1843 ΚΕΦΑΛΑΙΟΝ
3196 1790 3325 1843 Μθν.

2413 1879 2604 1944 Ὅπως
2629 1878 2740 1945 τὴν
2769 1878 3067 1945 ἀνατολὴν
3084 1879 3395 1946 ἐκακούχει
3427 1873 3699 1945 Λικίνιος.

2390 1971 2567 2033 Δεινὸς
2597 1971 2701 2041 γάρ
2723 1988 2802 2033 τις
2825 1970 3095 2040 (10)αὐτῷ
3126 1971 3413 2035 κάνταῦθα,
3443 1974 3509 2041 τῇ
3540 1974 3587 2024 τ’
3600 1972 3799 2040 Ἐκκλη-

2280 2061 2367 2131 ei;
2397 2061 2488 2113 τοῦ
2520 2062 2671 2127 Θεοῦ,
2698 2065 2808 2124 τοῖς
2840 2079 2897 2114 τε
2915 2061 3114 2124 λοιποῖς
3130 2061 3488 2132 ἐπαρχιώταις
3519 2061 3799 2132 ἐφεδρεύειν

2279 2152 2645 2222 ἀπηγγέλλετο
2673 2152 2803 2223 θήρ·
2831 2153 2922 2205 τοῦ
2946 2152 3175 2222 πονηροῦ
3199 2152 3443 2222 δαίμονος
3463 2152 3645 2222 ῶσπερ
3660 2152 3798 2220 ἁμιλ-

2279 2238 2421 2308 λωμέ
2434 2248 2551 2301 νου,
2566 2243 2676 2303 τοῖς
2705 2240 2853 2310 παρὰ
2874 2241 2949 2310 τῷ
2971 2240 3204 2309 θεοφιλεί
3226 2241 3609 2310 πραττομένοις
3628 2243 3798 2293 τάναν-

2279 2329 2368 2382 τία
2392 2330 2836 2399 κατεργάζεσθαι,
2870 2331 2943 2393 ὡς
2968 2331 3138 2383 δοκεῖν
3156 2334 3264 2393 τοῖς
3299 2329 3561 2400 σύμπασι,
3592 2330 3685 2401 τὴν
3711 2331 3799 2383 buli

2292 2420 2574 2489 Ῥωμαίοις
2608 2421 2776 2491 ἀρχὴν
2814 2421 2933 2474 δυσὶ
2972 2424 3244 2492 τμήμασιν
3265 2422 3674 2493 ἀποληφθεῖσαν,
3709 2424 3796 2473 ἐοι-

2281 2509 2433 2562 κέναι
2468 2511 2619 2562 νυκτὶ
2663 2512 2753 2563 καὶ
2789 2512 2986 2582 ἡμέρᾳ.
3030 2514 3249 2576 σκότους
3281 2514 3376 2583 μὲν
3403 2516 3511 2575 τοῖς
3541 2513 3639 2582 τῆν
3678 2510 3798 2582 ἐῲαν

2279 2596 2529 2666 λαχοῦσιν
2568 2598 2996 2663 ἐπιπολάζοντος,
3046 2602 3253 2672 ἡμέρας
3294 2603 3350 2654 δὲ
3388 2601 3796 2671 τηλαυγεστάτης

2278 2692 2387 2751 τοῖς
2411 2691 2505 2759 τῆς
2544 2689 2771 2759 θατέρας
2803 2693 2993 2763 μοίρας
3022 2694 3292 2763 οἰκήτορσι
3330 2694 3792 2761 καταλαμπούσης·

2279 2775 2358 2840 οἷς
2385 2781 2588 2850 μυρίων
2616 2780 2828 2847 ἀγαθῶν
2861 2782 2923 2833 ἐκ
2955 2782 3085 2833 Θεοῦ
3116 2782 3612 2851 πρυτανευομένων,
3632 2784 3723 2835 οὐκ
3740 2777 3796 2850 ἧν

2283 2870 2357 2938 τῷ
2392 2870 2660 2939 μισοκάλῳ
2693 2871 2866 2941 φθόνῳ
2898 2872 3099 2943 φορητὴ
3138 2876 3169 2943 ἡ
3217 2873 3323 2926 τῶν
3360 2876 3648 2943 γινομένων
3681 2874 3794 2927 θέα·

2280 2958 2464 3029 ὥσπερ
2491 2957 2580 3013 οὖν
2606 2961 2719 3013 οὐδέ
2752 2962 2827 3030 τῷ
2844 2961 3059 3033 θάτερον
3086 2966 3243 3033 μέρος
3266 2964 3364 3032 τῆς
3379 2965 3686 3034 οἰκουμένης
3713 2982 3796 3016 κα·

644 3051 748 3105 Sed
781 3060 953 3119 neque
983 3058 1237 3117 tyrannus
1265 3047 1356 3114 qui
1387 3046 1608 3099 alteram
1641 3057 1847 3113 partem
1900 3046 2043 3099 orbis
2073 3047 2178 3098 lto-

2282 3051 2590 3104 ταπονοῦντι
2618 3054 2882 3122 τυράννῳ,
2916 3053 2972 3115 ὃς
3002 3049 3058 3106 εὖ
3094 3054 3389 3124 φερομένης
3413 3056 3507 3125 τῆς
3528 3056 3701 3126 ’ἀρχῆς
3726 3054 3798 3107 αὐ·
3848 3060 3855 3071 ’

645 3141 785 3199 mani
828 3138 1187 3192 dominatione
1234 3152 1329 3189 sua
1377 3136 1747 3203 Opprimebat,
1801 3136 1850 3187 id
1904 3135 2178 3189 ferendum

643 3231 869 3300 putavit.
915 3227 1016 3294 Qui
1046 3242 1165 3285 cum
1196 3242 1284 3280 res
1315 3241 1439 3279 suas
1467 3240 1721 3294 prospero
1748 3240 1907 3277 cursu
1953 3226 2078 3278 i'erri
2106 3228 2180 3279 vi-
2210 3204 2221 3243 ’³

644 3325 793 3373 deret
827 3339 840 3373 :
878 3319 1117 3384 tantique
1172 3317 1430 3384 principis
1474 3315 1732 3368 alliuitate
1757 3324 1899 3369 esset
1948 3310 2178 3389 honora“-

645 3422 766 3475 tus;
799 3409 1033 3478 religiosi
1062 3408 1280 3477 quidem
1326 3408 1662 3475 imperatoris
1703 3408 2003 3476 exemplum
2034 3410 2178 3475 sequi

644 3500 876 3567 neglexit
908 3518 923 3554 :
961 3498 1242 3566 impiorum
1281 3510 1405 3549 vero
1436 3496 1680 3549 instituta
1716 3505 1879 3564 atque
1913 3498 2181 3565 improbos

644 3606 820 3645 mores
881 3589 1083 3644 studuit
1148 3588 1365 3641 imitari.
1419 3588 1484 3641 Et
1543 3602 1767 3655 quorum
1819 3587 2176 3643 miserabilem

641 3685 764 3739 vitae
791 3682 992 3737 exitum
1026 3683 1137 3735 suis
1186 3682 1298 3749 ipse
1330 3679 1501 3733 oculis
1542 3677 1954 3746 conspexisset,
1991 3694 2177 3733 eorum

2281 3141 2375 3206 τῷ,
2410 3142 2811 3195 Κωνσταντίνου
2832 3160 2889 3194 τε
2911 3143 3156 3197 τοσούτου
3184 3143 3438 3213 βασιλέως
3463 3145 3795 3215 ἐπιγαμϐρίας

2279 3230 2590 3301 ἠξιωμένος,
2642 3236 2919 3305 μιμήσεως
2960 3236 3055 3304 μὲν
3085 3235 3175 3288 τοῦ
3211 3236 3484 3304 θεοφιλοῦς
3519 3236 3797 3307 ἀπελιμπάδ

2281 3340 2417 3386 νετο,
2454 3325 2549 3393 τῆς
2588 3325 2644 3377 δέ
2678 3326 2781 3377 τῶν
2810 3326 3075 3381 δυσσεϐῶν
3108 3326 3470 3398 προαιρέσεως
3499 3328 3679 3399 ἐζήλου
3715 3329 3797 3396 τὴν

2264 3410 2664 3484 ’κακοτρυπῐαν,
2696 3417 2788 3468 καὶ
2807 3410 2881 3469 ὧν
2906 3417 2997 3471 τοῦ
3024 3419 3137 3487 βίου
3165 3419 3261 3488 τὴν
3285 3419 3651 3491 καταστροφὴν
3676 3419 3797 3471 ἐπεῖέ

2282 3500 2369 3555 δεν
2394 3504 2573 3567 αὐτοῖς
2595 3498 2905 3575 ὀφθαλμοῖς,
2930 3508 3128 3562 τούτων
3148 3508 3367 3562 ἔπεσθαι
3390 3512 3456 3578 τῇ
3486 3508 3669 3586 γνώμῃ
3694 3506 3784 3577 ita

2282 3591 2390 3655 λον,
2413 3594 2445 3664 ἢ
2481 3599 2597 3658 ταῖς
2621 3596 2714 3649 τοῦ
2744 3598 3041 3668 κρείττονος
3067 3599 3298 3669 φιλικαῖς
3326 3598 3524 3663 δεξιαῖς
3551 3599 3655 3670 (Ill
3680 3600 3798 3650 lira-

2284 3685 2429 3754 ρᾶτο;

640 3773 859 3829 consilia
888 3772 1035 3842 sequi
1072 3770 1276 3847 maluit,
1309 3784 1471 3840 quam
1511 3769 1563 3823 in
1593 3769 1831 3823 amicitia
1861 3778 1922 3823 et
1989 3770 2271 3828 concordia
2326 3793 2447 3835 cum
2489 3793 2555 3835 eo
2583 3781 2675 3853 qui
2718 3782 3055 3851 praesrantior
3110 3791 3226 3837 erat
3272 3797 3336 3836 ac
3391 3783 3589 3851 potior,
3612 3791 3797 3847 perm-

641 3881 769 3922 nere

1243 3953 1465 4009 CAPUT
1503 3948 1561 4008 L.

743 4046 1010 4111 Quomodo
1035 4045 1263 4098 Licinius
1288 4044 1628 4098 Constantino
1664 4047 1947 4101 insidiatus
1976 4049 2065 4101 sit.

2812 3954 3199 4008 ΚΕΦΛΛΛΙΟΝ
3224 3948 3305 4007 N’.

2285 4049 2479 4111 Ὅπως
2500 4047 2919 4111 Κωνσταντίνῳ
2938 4047 3195 4109 Λικίνιος
3210 4045 3612 4098 ἐπιϐουλεύειν
3625 4043 3791 4111 ἤθελε.

713 4137 908 4189 Bellum
934 4136 1095 4201 igitur
1129 4135 1450 4197 inexpiabile
1481 4137 1682 4187 limnini
1714 4135 1849 4188 bene
1881 4136 1950 4189 de
1983 4151 2041 4190 se
2064 4152 2175 4189 tne'

2350 4136 2586 4203 Πόλεμον
2604 4135 2647 4186 δ’
2667 4131 2757 4188 οῦν
2771 4136 3027 4188 ἄσπονδον
3044 4135 3174 4203 πρὸς
3190 4135 3279 4186 τὸν
3295 4135 3582 4204 εὐεργέτην
3596 4134 3793 4203 αἴρεται,

644 4225 747 4277 rito
778 4224 986 4287 intulit;
1015 4238 1109 4274 uec
1135 4224 1386 4276 amicitia:
1412 4224 1556 4289 jura,
1587 4240 1683 4277 nec
1722 4236 2181 4279 sacramentorum

643 4316 977 4383 religionem,
1010 4326 1106 4364 uec
1130 4315 1337 4379 generis
1360 4316 1830 4390 necessitudinem,
1859 4331 1955 4369 nec
1982 4316 2181 4369 [στάσι-ιι

645 4407 696 4459 in
723 4404 1029 4457 memoriam
1059 4417 1332 4455 revocans.
1376 4402 1503 4455 Nam
1530 4404 1913 4475 Constantinus
1944 4408 2180 4473 quidem,

645 4506 826 4563 utpote
846 4492 1254 4561 benignissimus
1278 4491 1551 4559 princeps,
1580 4509 1683 4559 quo
1710 4495 1935 4546 sincerae
1960 4497 2185 4548 benevo-

644 4569 816 4639 lentiie
845 4582 1199 4637 certissimum
1225 4580 1272 4631 ei
1302 4591 1676 4647 argumentum
1721 4583 1910 4643 daret,
1954 4595 2185 4649 paterna:

644 4677 828 4744 stirpis
866 4673 1219 4733 nobilitatem,
1251 4678 1303 4722 et
1328 4672 1657 4736 imperatorii
1679 4669 1786 4736 jam
1813 4673 1937 4724 inde
1964 4688 1990 4723 a
2028 4675 2187 4739 majo-

647 4770 793 4821 ribus
812 4767 1023 4836 generis
1041 4762 1373 4832 splendorem
1395 4765 1442 4813 ei
1462 4764 1974 4826 communicaverat,
2003 4778 2185 4816 sumre

644 4874 735 4910 sua
782 4858 833 4910 in
880 4853 1279 4909 matrimonium
1310 4853 1431 4901 data
1460 4865 1472 4898 :
1507 4851 1775 4916 totiusque
1808 4852 2036 4918 imperiil
2074 4853 2181 4903 llo-

1510 4898 1773 4916 ----_-,_-

645 4948 784 5001 mani
817 4945 1090 5000 consortio
1125 4943 1369 4995 eumdem
1412 4943 1511 4996 frui
1551 4942 1898 5011 permiserat.
1944 4898 2183 5095 Li’iuius

645 5052 769 5090 vero
806 5040 958 5095 plane
994 5036 1073 5087 bis
1107 5033 1375 5085 contraria
1409 5034 1591 5085 animo
1630 5032 1884 5093 volvens,
1935 5032 1998 5084 ad
2036 5045 2183 5083 ersus

644 5052 769 5090 Vero
806 5040 958 5104 plane
994 5036 1073 5087 bis
1107 5033 1375 5085 contraria
1409 5034 1591 5085 animo
1630 5032 1884 5093 volvens,
1935 5032 2185 5095 adtersus

646 5128 1067 5196 prmstautiorem
1102 5125 1325 5178 occultis
1357 5125 1562 5178 artibus
1600 5125 1951 5192 grassabatur
1978 5140 2003 5195 ;7
2034 5124 2181 5175 varia

647 5221 869 5274 subinde
906 5218 1215 5271 insidiarum
1246 5231 1443 5284 genera
1474 5216 1910 5277 coinmiuiscens,
1946 5222 2005 5266 ut
2048 5214 2184 5267 bene

649 5308 889 5361 meritum
922 5308 1075 5361 malis
1100 5314 1553 5361 remuneraretur.
1583 5307 1660 5357 Ac
1684 5304 1942 5373 principio
1968 5304 2182 5371 quidem

650 5396 931 5449 amicitiam
963 5398 1239 5459 simulans,
1263 5394 1382 5449 dolo
1411 5408 1476 5447 ac
1502 5392 1691 5447 fraude
1724 5404 1915 5448 cuncta
1942 5394 2136 5462 agebat
2166 5409 2180 5458 ;

719 5530 827 5597 (l0)
867 5534 1059 5597 Δεινός
1113 5531 1223 5599 γάρ
1258 5548 1369 5596 τις.
1415 5532 1495 5583 Ab
1544 5532 1628 5586 his
1669 5532 1846 5586 verbis
1891 5530 2049 5599 caput
2097 5531 2180 5583 in--

658 5599 870 5653 :lioatnr
905 5604 953 5651 in
985 5603 1158 5653 codice
1190 5600 1315 5651 Fuit.
1347 5609 1399 5651 et
1427 5602 1475 5651 iu
1507 5602 2037 5655 schedis'veteribus.

721 5668 827 5735 (l'l)
867 5669 1126 5732 φιλικαῖς
1157 5668 1391 5734 δεξιαῖς.
1430 5669 1526 5724 llic
1559 5671 1707 5727 locus
1748 5671 2070 5739 supplendus
2098 5679 2178 5725 est

2280 4225 2340 4276 οὐ
2360 4224 2581 4291 φιλικῶν
2602 4224 2796 4292 νόμων,
2830 4224 2926 4292 οὐχ
2942 4222 3306 4292 ὁρκωμοσιῶν,
3325 4222 3384 4273 οὐ
3410 4223 3727 4290 συγγενείας,
3744 4221 3793 4272 οὐ

2284 4315 2561 4383 συνθηκῶν
2583 4316 2798 4383 μνήμην
2817 4316 2873 4364 ὲν
2892 4304 3091 4381 διανοίᾳ
3105 4311 3408 4381 λαμϐάνων.
3436 4316 3493 4364 '0
3511 4313 3606 4382 μὲν
3619 4312 3713 4382 γὰρ
3725 4330 3793 4377 φι-

2282 4405 2407 4456 λανθ
2418 4404 2722 4474 ρωπότατος
2738 4401 2940 4462 εὐνοίας
2953 4400 3097 4469 αὐτῴ
3113 4401 3363 4470 παρέχων
3376 4400 3602 4470 ἀληθοῦς
3627 4401 3793 4472 σύμϐο-

2281 4495 2389 4557 λον,
2427 4492 2673 4561 πατέρων
2706 4490 3033 4557 συγγενείας,
3079 4487 3349 4557 βασιλικοῦ
3379 4491 3426 4541 τ’
3460 4490 3705 4543 ἀνέκαθεν
3727 4488 3791 4543 αἴ-

2286 4601 2449 4653 ματος
2496 4581 2743 4634 κοινωνὸν
2792 4580 3057 4647 γενέσθαι,
3110 4581 3269 4649 γάμῳ
3310 4581 3405 4651 τὴν
3442 4582 3661 4653 ἀδελφὴν
3691 4598 3790 4633 συν-

2283 4676 2441 4742 άψας,
2470 4674 2567 4742 τῆς
2596 4689 2652 4722 τε
2681 4672 2817 4724 κατὰ
2854 4672 3061 4724 πάντων
3087 4672 3368 4742 ἀπολαύειν
3398 4674 3567 4761 ἀρχῆς
3598 4675 3695 4731 τῶν
3713 4672 3791 4723 λ.αά

2266 4760 2499 4831 Δχόντων,
2532 4763 2755 4829 παρεῖχε
2794 4761 2891 4830 τὴν
2923 4760 3175 4822 ἐξουσίαν’
3205 4765 3233 4813 ὁ
3261 4760 3541 4825 δὲτούτοις
3574 4760 3789 4833 τάναντία

2282 4850 2579 4918 γινώσκων,
2618 4850 2753 4917 κατὰ
2778 4850 2869 4902 τοῦ
2901 4853 3193 4922 κρείττονος
3226 4853 3465 4923 μηχανὰς
3500 4854 3787 4908 συνεσκευὰ-

2282 4942 2420 5006 ζετο,
2460 4940 2629 4993 ἄλλοτ’
2659 4940 2846 5002 ἄλλους
2878 4941 3100 4994 ἐπινοῶν
3131 4942 3349 5013 ἀπειλῆς
3373 4946 3621 5015 τρόπους,
3648 4945 3713 5006 ὡς
3738 4941 3791 4995 ἂν

2282 5032 2466 5090 κακοῖς
2494 5029 2582 5079 τὸν
2620 5028 2905 5099 εὐεργέτην
2936 5030 3232 5098 ἀμείψαιτο.
3279 5033 3387 5085 Καὶ
3407 5033 3474 5085 τὰ
3504 5035 3598 5103 μὲν
3632 5032 3790 5102 πρῶτα

2284 5118 2459 5185 φιλίαν
2491 5120 2953 5189 ὑποκοριζόμενος,
2975 5120 3103 5191 δόλῳ
3129 5123 3217 5175 καὶ
3244 5124 3422 5195 ἀπάτῃ
3453 5126 3606 5178 πάντ’
3632 5124 3790 5193 ἔπραξέ

2281 5227 2390 5273 τεν,
2439 5211 2521 5278 ἐφ’
2550 5204 2627 5272 οἷς
2657 5211 2872 5279 ἐτόλμα,
2907 5212 3158 5282 λήσεσθαι
3189 5214 3417 5278 ἐλπίζων
3441 5234 3455 5246 ·
3487 5216 3563 5285 τῷ
3586 5213 3630 5267 δ’
3656 5207 3788 5264 αὐτοῦ

2283 5301 2564 5371 θεράποντι
2593 5302 2722 5365 Θεὸς
2738 5301 2833 5365 τὰς
2859 5305 2913 5355 εν
2935 5305 3103 5380 σκότῳ
3126 5308 3515 5376 μηχανωμένας
3540 5302 3789 5361 ἐπιϐουλὰς

2283 5392 2632 5461 καταφώρους
2661 5392 2849 5443 ἐποίει.
2908 5393 2964 5445 Ὀ
2993 5393 3035 5445 δ’
3064 5395 3135 5458 ὡς
3172 5396 3263 5447 ἐπὶ
3301 5397 3411 5459 τοῖς
3444 5394 3668 5467 πρώτοις
3697 5388 3785 5459 ἠλί-

2287 5545 2349 5583 ex
2384 5530 2553 5597 capite
2578 5538 2765 5581 octavo
2798 5527 2918 5581 libri
2947 5528 3131 5582 decimi
3164 5530 3412 5583 Historia:
3439 5525 3785 5586 ecclesiasticl,

2286 5616 2349 5654 cx
2384 5614 2489 5669 quo
2516 5601 2675 5654 etiam
2702 5607 2859 5665 caput
2889 5610 3118 5666 sequens
3145 5599 3537 5653 emendandum
3560 5604 3655 5652 est.
