3976 6342
606 244 713 300 979

1276 225 1578 300 ‘EUSEBII
1613 229 2086 301 CESARIENSIS
2121 244 2269 301 OPP.
2307 246 2487 300 PARS
2520 244 2562 301 Ι.
2600 277 2670 290 --
2703 243 3089 300 HISTORICA.
3679 248 3768 303 980

607 377 791 437 gestas
837 377 904 417 ea
938 364 1067 419 tium
1109 361 1225 419 suis
1279 364 1395 432 ipse
1434 368 1608 421 oculis
1641 377 1942 434 aspexerat,
1969 380 2153 419 eorum

2266 367 2348 418 ἐπὶ
2367 368 2466 437 τῆς
2489 366 2802 429 δυσσεϐείας
2817 366 3097 436 ὀλέθρους,
3145 365 3348 419 τούτων
3382 366 3474 420 τδν
3499 365 3647 435 ζῆλον
3689 367 3768 420 ἐπὶ

607 453 910 524 exemplum
938 455 993 507 in
1028 469 1182 507 suam
1203 453 1372 521 ipsius
1388 457 1675 525 pernicie
1698 459 1998 520 amulatns,
2033 473 2149 527 per-

607 547 939 599 secutionem
968 543 1424 612 Christianorum,
1476 548 1629 615 quasi
1666 546 1932 601 ﬂammam
1960 563 2151 616 quam-

608 637 734 690 dam
751 637 864 704 jam
885 638 1118 706 sopitam
1139 639 1319 693 denuo
1347 640 1599 694 excitavit
1617 681 1633 702 ,
1656 649 1711 694 et
1746 641 1912 695 multo
1939 641 2154 710 gravius

610 742 777 792 quam
823 729 1032 796 priores
1081 729 1372 796 impietatis
1421 729 1670 783 conﬂavit
1715 730 2041 783 incendium.
2082 733 2156 782 Ac

612 819 845 886 primum
869 819 1088 889 quidem
1127 829 1376 888 tanquam
1404 821 1542 874 mala
1565 821 1757 884 bestia,
1802 829 1857 874 ct
1888 831 2157 874 tortuoscs

612 912 832 979 quidam
861 927 1086 980 serpens
1122 912 1177 965 in
1207 911 1437 979 seipsum
1465 912 1805 978 convolutus,
1837 919 1890 966 et
1921 911 2155 963 furorem

611 1012 777 1069 atque
802 1002 1026 1056 hostiles
1045 1001 1304 1055 adversus
1330 1003 1492 1055 Deum
1514 1001 1688 1056 minas
1713 1002 1858 1069 spira
1869 1016 1952 1063 ns,
1976 1000 2159 1054 Eccle-

613 1093 714 1145 siis
744 1091 835 1146 Dei
865 1093 965 1145 sub
995 1092 1218 1159 imperio
1261 1107 1360 1147 suo
1407 1092 1712 1147 constitutis
1741 1092 1932 1146 bellum
1981 1091 2157 1159 palam

616 1181 840 1246 inferre,
867 1182 936 1235 ob
962 1180 1300 1235 Constantini
1330 1192 1530 1237 metum
1576 1182 1796 1234 minime
1849 1196 2013 1236 ausus
2055 1190 2159 1246 est,

614 1273 710 1327 sed
739 1273 1091 1341 improbitatis
1112 1274 1260 1328 virus
1280 1274 1637 1336 abscondens,
1668 1272 1909 1325 occultas
1944 1272 2163 1326 insidias

615 1362 783 1418 certis
811 1364 1074 1416 duntaxat
1102 1364 1158 1415 in
1189 1363 1321 1416 locis
1345 1363 1605 1416 adversus
1632 1362 1913 1430 episcopos
1943 1378 2162 1432 compa-

616 1453 800 1522 ravit;
836 1464 894 1508 et
921 1467 988 1508 ex
1026 1453 1110 1507 his
1141 1452 1577 1520 probatissimum
1629 1465 1918 1518 quemque,
1949 1466 2166 1520 compo-

615 1547 736 1600 sitis
760 1559 857 1615 per
878 1545 1277 1615 provinciarum
1299 1551 1537 1596 rectores
1557 1538 1842 1594 calumniis
1870 1541 2160 1596 interfecit.

615 1635 787 1690 Porro
817 1634 979 1688 cadis
1007 1632 1218 1685 illoruut
1242 1630 1450 1692 modus,
1475 1644 1647 1683 novus
1682 1643 1780 1682 nec
1799 1645 2033 1700 unquam
2065 1646 2164 1683 aa-

2253 457 2408 527 κακῷ
2421 458 2500 528 τῷ
2511 457 2673 510 αὐτοῦ
2696 457 2914 527 μετιὼν,
2929 457 3020 509 τὸν
3039 457 3178 510 κατὰ
3201 457 3531 527 Χριστιανῶν
3545 457 3767 527 διωγμὸν,

2257 548 2442 619 ὥσπερ
2463 548 2583 601 τινὰ
2608 548 2772 602 πάλαι
2795 549 3227 619 κατεσϐεσμένην
3257 549 3426 618 πυρὸς
3440 549 3620 619 ἀκμὴν
3639 551 3771 620 ἀνερ-

2261 637 2473 707 ρεπιζε,
2510 637 2810 709 δεινοτέραν
2843 638 2876 706 ἢ
2897 639 2945 690 oi
2969 638 3198 708 πρόσθεν
3232 638 3326 708 τὴν
3362 638 3465 707 τῆς
3492 638 3772 702 δυσσεϐείας

2256 728 2499 792 ἐξάπτων
2526 728 2713 796 φλόγα.
2739 729 2847 781 Καὶ
2877 727 2940 798 δὴ
2963 723 3051 781 οἷά
3075 746 3158 790 τις
3193 728 3294 799 θὴρ
3325 728 3515 792 δεινὸς,
3538 727 3571 798 ἢ
3592 726 3774 790 σκολιὸς

2261 821 2382 889 ὄφις
2409 838 2475 872 πε
2485 820 2538 890 pl.
2568 819 2754 872 ἑαυτὸν
2777 820 3160 888 ἰλυσπώμενος,
3182 819 3356 890 θυμοῦ
3380 839 3439 872 τε
3466 823 3561 874 καὶ
3579 821 3774 890 ἀπειλῆς

2259 908 2522 978 θεομάχου
2553 907 2748 970 πνέων,
2775 906 2924 960 οὔπω
2949 909 3044 979 μὲν
3064 912 3128 962 ὲκ
3149 908 3242 961 τοῦ
3269 909 3574 978 προφανοῦς
3602 910 3679 963 διὰ
3697 909 3776 962 τὸν

2260 995 2661 1048 Κωνσταντίνου
2684 995 2865 1064 φόϐον,
2896 1000 3017 1059 ταῖς
3047 998 3136 1048 ὑπ’
3175 998 3678 1068 αὐτὸνἙκκλησίαις
3696 997 3778 1052 τοῦ

2261 1085 2396 1138 Θεοῦ
2435 1085 2688 1155 πολεμεῖν
2727 1086 2947 1157 ἐτόλμα.
2994 1087 3245 1157 κρύπτων
3270 1090 3325 1143 δὲ
3362 1092 3461 1162 τῆς
3497 1091 3780 1154 κακίαςτὺν

2265 1176 2360 1246 ἱὸν,
2403 1177 2664 1247 λαθραίας
2703 1177 2794 1230 καὶ
2841 1177 3069 1248 μερικὰς
3118 1180 3349 1233 ἐποιεῖτο
3378 1181 3476 1245 τάς
3515 1181 3650 1235 κατὰ
3683 1180 3781 1236 τῶν

2260 1268 2572 1320 ἐπισκόπων
2604 1269 2866 1331 συσκευάς
2882 1286 2895 1297 ⁸
2943 1270 3192 1338 ἀνῃρεῖτό
3217 1286 3275 1321 τε
3302 1270 3366 1322 δι’
3394 1271 3782 1342 ἑπιϐουλῆςτῶν

2265 1359 2383 1411 κατ’
2405 1358 2554 1421 ἔθνος
2577 1360 2848 1428 ἀρχόντων
2878 1361 3002 1421 τοὺς
3037 1359 3237 1412 τούτων
3263 1361 3651 1432 δοκιμωτάτους
3666 1380 3680 1392 ”
3703 1365 3785 1415 καὶ

2261 1449 2291 1500 ό
2333 1449 2533 1519 τρόπος
2569 1449 2624 1501 δὲ
2652 1449 2745 1502 τοῦ
2785 1453 2902 1502 κατ’
2927 1449 3103 1503 αὐτῶν
3136 1451 3293 1518 φόνου
3341 1450 3559 1521 ξενίζων
3595 1472 3670 1517 τις
3703 1450 3783 1524 ἦν,

2263 1534 2373 1603 οἷος
2416 1540 2754 1594 οὐδεπώποτε
2776 1541 3100 1611 γνωσθῆναι.
3128 1542 3291 1596 Ταῦτ’
3313 1539 3403 1595 οὖν
3431 1544 3543 1613 (22)
3559 1546 3787 1615 ἀμφὶιὴν

2279 1633 2568 1704 Ἀμάσειαν
2599 1634 2694 1686 τοῦ
2730 1635 2924 1687 Πόντου
2959 1636 3411 1707 κατεργασθέντα,
3438 1639 3617 1690 πᾶσαν
3640 1639 3788 1709 ὑπερ-

620 1733 704 1778 lea
737 1723 985 1791 cognitus
1009 1721 1128 1774 l'uit.
1156 1720 1319 1775 Certe
1354 1736 1471 1789 qua:
1504 1721 1645 1790 apud
1701 1697 1966 1776 Amasiatu
2013 1733 2164 1791 gesta

2272 1697 2431 1796 ϐολὴν
2457 1727 2732 1796 ὠμότητος
2758 1697 3188 1798 ὑπερηκόντιξεν.

633 1823 782 1880 sunt,
810 1827 1024 1868 omnem
1053 1810 1387 1865 crudelitatis
1411 1811 1626 1864 modum
1661 1817 2066 1870 transcendunt.

1237 1904 1462 1962 CAPUT
1501 1903 1565 1957 ll.

815 2000 1060 2054 Ecclesia
1095 2001 1309 2064 dirum,
1347 2011 1395 2052 et
1419 2003 1640 2069 episcopi
1684 2001 1947 2054 trucidati.

691 2152 812 2220 Qua
834 2157 886 2208 in
915 2157 1047 2209 urbe
1065 2157 1308 2210 ecclesia:
1345 2156 1460 2219 Dei,
1497 2155 1615 2208 aliae
1645 2158 1848 2210 iterum
1880 2168 2000 2227 post
2027 2163 2170 2229 prio-

617 2261 734 2301 rem
764 2247 909 2303 illam
932 2247 1376 2316 expugnationem
1421 2257 1643 2312 :equatae
1695 2257 1821 2301 sunt
1857 2247 1972 2301 solo
2004 2267 2017 2301 :
2051 2251 2169 2303 alia:

616 2340 817 2395 clausae
862 2353 892 2390 a
924 2334 1239 2406 praesidibus
1292 2333 1732 2402 provinciarum;
1767 2352 1835 2390 ne
1886 2338 2166 2406 quisquam

617 2447 807 2486 eorum
834 2432 921 2500 qui
951 2446 1046 2484 eas
1067 2429 1216 2483 adire
1245 2438 1666 2492 consueverant,
1703 2443 1769 2481 eo
1809 2431 2165 2496 conveniret,

619 2538 756 2577 neve
786 2523 1078 2577 solemnem
1112 2521 1310 2574 cultum
1345 2520 1456 2574 Deo
1491 2521 1792 2573 exhiberet.
1825 2518 2008 2589 Neque
2024 2522 2164 2574 enim

618 2614 714 2679 qui
746 2613 860 2667 hac
877 2611 1118 2678 iubebat,
1153 2612 1495 2679 precationes
1522 2609 1634 2662 illic
1663 2624 1760 2677 pro
1807 2625 1869 2663 se
1910 2611 2024 2664 ﬁeri
2052 2613 2166 2679 opi-

621 2705 886 2768 uallatur;
913 2701 1176 2756 scelerum
1195 2702 1402 2756 scilicet
1429 2702 1760 2756 conscientia
1790 2701 1841 2754 in
1857 2700 2021 2772 ω
2046 2715 2164 2755 eam

617 2795 925 2862 opinionem
959 2793 1240 2847 adductus.
1276 2792 1381 2846 Sed
1412 2807 1511 2846 nos
1536 2806 1635 2860 pro
1655 2791 2012 2846 Constantino
2034 2807 2164 2847 cun-

619 2897 708 2942 cta
740 2902 923 2957 agere,
962 2900 1025 2940 ac
1052 2886 1234 2939 divino
1255 2883 1468 2938 Numini
1493 2868 1798 2954 supplicare
1823 2885 1924 2939 sibi
1942 2900 2164 2954 persua-

610 2991 786 3036 serat.
817 2982 887 3032 At
914 2979 1171 3046 pmides
1217 2988 1398 3048 utpote
1452 2987 1818 3033 assentatores
1846 2989 2004 3046 atque
2029 2977 2162 3030 adu-

620 3072 841 3136 latores,
869 3087 993 3125 cum
1041 3086 1154 3124 rem
1199 3079 1408 3138 gratam
1441 3069 1748 3136 imperatori
1781 3067 1959 3122 facere
1981 3084 2041 3122 se
2068 3081 2166 3136 pro

614 3169 776 3213 certo
801 3160 1085 3221 haberent,
1111 3160 1343 3225 optimos
1375 3173 1616 3226 quosque
1647 3157 1996 3210 ecclesiarum
2022 3155 2165 3208 anti-

621 3250 781 3301 stites
806 3248 1023 3315 capitali
1074 3249 1334 3314 supplicio
1361 3248 1699 3299 addixerunt.
1731 3244 1914 3311 Itaque
1946 3245 2045 3297 viri
2076 3243 2164 3312 qui

625 3339 756 3392 nihil
790 3337 913 3390 mali
943 3338 1347 3401 commiserant,
1378 3336 1582 3404 absque
1612 3335 1717 3388 ulla
1747 3350 1906 3388 causa
1935 3333 2168 3386 abduce-

621 3431 841 3492 bantur,
865 3437 918 3479 et
941 3426 1300 3493 puniebantur
1341 3426 1564 3493 perinde
1585 3440 1648 3478 ac
1676 3424 1878 3478 sicarii.
1910 3423 2164 3478 Nonnulli

623 3533 819 3572 novum
849 3517 1114 3586 quoddam
1144 3517 1332 3570 mortis
1364 3532 1532 3584 genus
1553 3517 1906 3585 pertulerunt,
1935 3531 2166 3583 corpore

622 3610 679 3659 in
709 3607 905 3660 multas
938 3617 1116 3674 partes
1152 3605 1420 3663 frustatim
1484 3607 1727 3664 concise.
1773 3616 1828 3658 et
1861 3616 1977 3674 post
2011 3615 2166 3659 atrox

622 3697 751 3749 illud
778 3697 1034 3765 omnique
1087 3699 1290 3766 tragico
1337 3696 1590 3766 liguiento
1622 3697 1933 3750 horribilius
1960 3707 2169 3766 specta-

621 3793 822 3855 culum,
858 3803 914 3845 ut
937 3791 1170 3858 piscibus
1193 3791 1370 3844 cibum
1414 3793 1736 3858 praeberent,
1765 3792 1815 3844 in
1848 3791 2166 3845 altissimum

626 3887 774 3934 mare
807 3884 1049 3951 proiecti.
1091 3883 1335 3936 Posthmc
1360 3883 1450 3936 Dei
1493 3882 1729 3937 cultores
1787 3884 1962 3951 fugam
1991 3887 2168 3938 denuo

626 3974 764 4024 inire
792 3982 1096 4036 ett-perunt.
1134 3972 1330 4025 lterum
1355 3974 1492 4040 agri,
1521 3974 1714 4027 iterum
1749 3974 2066 4030 solituiittes
2090 3974 2170 4028 l'a-

626 4063 800 4114 mulos
829 4061 920 4114 Dei
952 4077 1257 4136 suscepere.
1283 4063 1410 4126 Quae
1432 4067 1556 4117 dum
1590 4067 1653 4118 ad
1681 4065 1821 4119 hunc
1846 4068 2060 4120 modum
2083 4077 2168 4136 ty-

629 4171 801 4209 ranno
827 4156 1198 4216 succederent,
1215 4127 1478 4221 [deinceps
1508 4158 1939 4214 persecutionem
1979 4159 2170 4211 adver-

623 4261 715 4298 sus
739 4259 926 4297 omnes
941 4242 1286 4295 Christianos
1310 4244 1551 4295 excitare
1586 4245 1636 4295 in
1668 4246 1901 4298 animmn
1933 4248 2166 4302 induxit.

619 4425 909 4493 quidquam
935 4423 1236 4476 obstitisset
1263 4421 1552 4489 quominus
1582 4436 1692 4474 rem
1733 4425 1797 4474 ad
1823 4426 2019 4476 exitum
2054 4443 2169 4493 pcr-

622 4520 859 4578 duceret,
891 4514 989 4566 nisi
1017 4513 1338 4568 famulorum
1369 4528 1588 4565 suorum
1617 4527 1980 4581 propugnator
2012 4519 2165 4583 Deus,

692 4764 820 4834 (22)
863 4766 1026 4817 Ταῦτ’
1077 4762 1208 4820 οὖν.
1256 4765 1609 4820 Scribendum
1657 4773 1748 4834 est
1784 4763 1852 4815 τὰ
1900 4763 2052 4830 γοῦν,
2106 4782 2169 4819 ex

619 4833 756 4885 libro
787 4850 817 4885 x
871 4834 1121 4888 Historia:
1167 4836 1550 4899 ecclesiasticae,
1603 4835 1691 4887 ubi
1737 4833 1850 4886 hinc
1880 4834 2057 4887 omnia
2104 4836 2168 4885 ad

619 4904 839 4955 veritum
872 4905 1134 4968 leguntur.
1169 4904 1358 4957 Mirum
1392 4920 1553 4971 porro
1589 4913 1699 4963 est,
1742 4901 2028 4955 Eusebium
2076 4917 2170 4954 ne-

619 4987 724 5035 que
773 4974 824 5023 in
864 4972 1099 5024 Historia
1130 4974 1524 5040 Ecclesiastica,
1576 4987 1748 5040 neque
1798 4972 1850 5023 iu
1898 4971 1980 5024 his
2021 4971 2170 5022 libris

619 5041 782 5091 ullam
830 5042 1008 5092 facere
1045 5043 1369 5095 mentionem
1403 5044 1596 5096 Basilei
1624 5044 2011 5095 Amasenorum
2057 5040 2170 5105 epi-

620 5111 761 5173 scopi
790 5128 802 5161 :
831 5126 990 5176 quem
1025 5119 1198 5164 unnen
1222 5111 1371 5176 jussu
1399 5113 1586 5165 Licinii
1617 5128 1809 5165 tunsum
1839 5127 1958 5164 esse
1982 5124 2168 5162 omnes

618 5179 789 5230 (ὲν-εοί
839 5184 1132 5246 scriptores
1159 5184 1521 5236 consentiunt.
1550 5182 1747 5234 Verum
1780 5180 2167 5244 Philostorgius

619 5247 671 5294 iu
721 5248 912 5299 Iibror
967 5247 1220 5302 Historia:
1247 5249 1627 5303 Ecclesiasticoz
1682 5253 1881 5304 diserte
1944 5248 2166 5310 scribit,

618 5313 883 5389 lizjsileum
921 5319 1160 5389 Amasezc
1188 5321 1237 5389 in
1268 5319 1435 5372 Ponto
1461 5321 1763 5388 episcopum
1797 5319 2014 5372 Nicmuo
2039 5332 2170 5369 cnn-

621 5382 745 5431 cilio
817 5385 1144 5439 interfuisse.
1204 5387 1373 5442 Porro
1417 5382 1703 5441 concilium
1766 5390 2168 5448 Nicmttttttt,.ttt

621 5453 768 5502 inter
803 5465 995 5526 omnes
1032 5467 1277 5526 constat,
1303 5469 1681 5526 congregatum
1730 5468 1815 5511 est
1861 5473 2002 5510 anno
2050 5465 2170 5522 post

621 5521 1114 5597 enumerationem
1142 5525 1353 5597 Licinii.
1398 5521 1536 5591 Quid
1571 5529 1707 5595 quod
1749 5521 2074 5597 Athanasius
2114 5527 2165 5584 itt

621 5589 918 5641 orati-mei
963 5591 1154 5643 Contra
1197 5589 1456 5660 Arimtof,
1504 5589 1604 5649 ubi.
1654 5597 1974 5651 mentionem
2038 5593 2167 5650 iacit

2791 1910 3178 1964 ΚΕΦΑΛΑΙΟΝ
3207 1911 3278 1962 B'.

2268 1999 2639 2068 Καθαιρέσεις
2670 1999 3024 2088 ιένικλησιῶν3
3072 2001 3169 2054 καὶ
3202 2000 3548 2054 ἐπισκόπων
3581 2012 3795 2065 κρεουρ-

2959 2087 3100 2138 Tun.

2340 2161 2506 2212 Ἔνθα
2532 2161 2641 2213 τῶν
2670 2161 2968 2229 ἐκκλησιῶν
3012 2165 3068 2214 al
3116 2162 3213 2232 μὲν
3238 2160 3300 2224 ἐξ
3331 2159 3497 2229 ὕψους
3519 2161 3600 2222 εἰς
3622 2158 3796 2225 ἔδαφος

2265 2250 2425 2303 τοῦτο
2446 2250 2692 2322 δεύτερον
2724 2251 2860 2321 μετὰ
2875 2251 2973 2314 τάς
2994 2250 3214 2323 πρώτας
3235 2250 3571 2322 ungo-Bm
3601 2247 3796 2318 πολιορ-

2266 2341 2409 2405 κίας,
2434 2341 2531 2404 τὰς
2557 2341 2601 2393 δ’
2629 2340 2911 2394 ἀπέκλειον
2935 2343 2986 2394 οἱ
3023 2341 3162 2394 κατὰ
3205 2340 3404 2404 τόπους
3425 2340 3702 2410 ἡγεμόνες,
3726 2339 3796 2399 ὡς

2267 2433 2336 2484 ἂν
2358 2434 2433 2503 μὴ
2457 2431 2738 2499 συνάγοιτό
2757 2449 2841 2495 τις
2863 2432 2971 2486 τῶν
2996 2432 3280 2494 εἰωθότων,
3304 2433 3438 2501 μηδὲ
3462 2433 3542 2502 τῷ
3571 2430 3684 2500 Θεῷ
3703 2430 3796 2492 τὰς

2265 2522 2557 2593 ὲνθέσμους
2587 2523 2803 2592 ἀποδῴη
2841 2522 3102 2594 λατρείας
3133 2523 3265 2593 (25).
3293 2523 3661 2575 Συντελεῖσθαι
3697 2521 3799 2589 γάρ

2264 2613 2362 2682 οὐχ
2381 2614 2562 2682 ἡγεῖτο
2579 2613 2716 2683 ὑπὲρ
2746 2611 2907 2664 αὑτοῦ
2938 2612 3138 2675 ταύτας
3167 2615 3196 2665 ὁ
3222 2613 3293 2666 τά
3326 2613 3502 2666 τοιάδε
3541 2613 3797 2685 προστάτ-

2262 2720 2390 2767 των,
2437 2701 2692 2754 συνειδότι
2719 2701 2904 2771 φαύλῳ
2947 2701 3103 2754 τοῦτο
3147 2701 3518 2771 λογιζόμενος·
3568 2703 3701 2774 ὑπὲρ
3745 2703 3800 2754 δὲ

2265 2793 2669 2863 Κωνσταντὶνου
2709 2792 2964 2863 πράττειν
2995 2792 3170 2845 πάντα
3200 2793 3377 2863 ἡμᾶς,
3410 2792 3508 2845 καὶ
3545 2791 3636 2845 τὸν
3677 2793 3802 2845 Θεὸν

2266 2862 2532 2933 ῑλιεοῧσθαι
2573 2862 2850 2933 πέπειστο.
2900 2881 2960 2933 Οἱ
3005 2879 3049 2932 δ’
3084 2862 3248 2933 αὑτοῦ
3285 2881 3463 2945 θῶπες
3521 2881 3668 2944 ὄντες
3712 2884 3800 2934 καὶ

2266 2971 2512 3035 κόλακες,
2550 2971 2620 3024 τὰ
2654 2972 2781 3039 φίλα
2809 2973 3171 3044 πράττειντῴ
3195 2973 3415 3041 δυσαγεί
3442 2973 3796 3043 πεπεισμένοι,

2262 3062 2388 3124 τοὺς
2419 3060 2812 3131 δοκιμωτάτους
2830 3063 2938 3116 τῶν
2961 3061 3260 3134 ἐκκλησιῶν
3284 3063 3572 3135 προέδρους
3601 3063 3802 3132 κεφάλι-

2267 3154 2388 3215 καίς
2419 3152 2712 3206 ὑπέϐαλλον
2750 3156 3056 3226 τιμωρίαις,
3088 3157 3364 3226 ἀπήγοντο
3391 3155 3451 3209 δὲ
3490 3157 3585 3211 καὶ
3625 3154 3800 3209 ἐκολά-

2266 3245 2419 3308 ζοντο
2439 3248 2856 3316 ἀπροφασίστως
2879 3253 2990 3314 τοῖς
3020 3249 3318 3319 μιαιφόνοις
3342 3249 3563 3319 ὁμοίως,
3599 3251 3650 3302 οἱ
3672 3248 3800 3301 κατὰ

2269 3337 2432 3406 μηδὲν
2458 3338 2788 3410 ἠδικηκότες.
2829 3343 2966 3409 Ἤδη
2995 3343 3053 3395 δέ
3091 3361 3236 3408 τινες
3264 3346 3576 3415 καινοτέραν
3607 3344 3797 3413 ὑπέμε-

2266 3444 2356 3480 νον
2375 3428 2470 3481 τοῦ
2497 3429 2612 3499 βίου
2643 3431 2917 3504 τελευτὴν,
2940 3434 3079 3503 ξίφει
3098 3435 3160 3488 τὸ
3186 3436 3345 3504 σῶμα
3367 3439 3447 3499 εἰς
3471 3434 3637 3488 πολλά
3655 3450 3801 3488 καπ-

2266 3523 2715 3593 κρεουργούμενοι
2745 3527 3027 3595 τμήματα,
3062 3527 3158 3579 καὶ
3196 3525 3332 3596 μετὰ
3353 3527 3454 3598 τὴν
3475 3526 3654 3596 ἀπηνῆ
3683 3523 3800 3577 ταῦ-

2263 3627 2362 3679 την
2388 3611 2481 3663 καὶ
2503 3612 2678 3683 πάσης
2706 3612 2970 3682 τραγικῆς
2992 3615 3160 3682 ἀκοῆς
3182 3615 3546 3684 φρικτοτάτην
3573 3613 3796 3673 κόλασιν,

2269 3699 2566 3763 θαλαττίας
2617 3702 2814 3770 βυθοίς,
2851 3702 3180 3772 ἰχθύσινξεὶς
3227 3703 3391 3773 βορὰν
3418 3703 3796 3771 ιριπτούμενοι.

2266 3791 2438 3858 (royal.
2478 3791 2542 3862 δὴ
2578 3788 2731 3855 αὖθις
2763 3793 2855 3844 ἐπὶ
2901 3792 3138 3855 τούτοις,
3179 3792 3366 3863 ὥσπερ
3407 3793 3473 3863 δὴ
3505 3794 3596 3845 καὶ
3637 3790 3800 3861 μικρῷ

2266 3881 2548 3952 πρότερον,
2581 3883 2689 3936 τῶν
2719 3882 2982 3934 θεοσεϐὦν
3012 3882 3250 3948 ἐγίνοντο
3276 3883 3481 3952 ἀνδρῶν
3501 3900 3516 3912 ο
3543 3884 3634 3936 καί
3654 3882 3800 3934 πάλιν

2266 3973 2444 4042 ἀγροὶ,
2476 3975 2570 4026 καὶ
2596 3975 2755 4027 πάλιν
2783 3974 3006 4044 ἐρημίαι
3035 3976 3159 4036 τοὺς
3193 3973 3287 4026 τοῦ
3315 3973 3452 4026 θεοῦ
3481 3971 3800 4044 θεραπευτάς

2270 4064 2605 4132 ὑπεδέχοπο.
2645 4065 2794 4116 Ἐπεὶ
2835 4064 2891 4115 δὲ
2931 4066 3026 4116 καὶ
3069 4063 3242 4115 ταῦτα
3284 4063 3475 4116 τοῦτ-ον
3513 4061 3802 4133 προύχώρει

2266 4154 2358 4205 τὸν
2386 4156 2586 4224 τρόπον
2614 4155 2690 4223 τῷ
2717 4156 2980 4224 τυράννῳ,
2998 4154 3180 4206 λοιπὸν
3194 4153 3281 4206 τὸν
3312 4154 3529 4208 πάντων
3547 4156 3802 4208 ἀνακινεῖν

2271 4245 2509 4314 διωγμὸν
2523 4247 2614 4297 ἐπὶ
2627 4245 2861 4298 διάνοιαν
2877 4245 3147 4297 ἐϐάλλετο
3169 4244 3388 4312 ἐκράτει
3399 4262 3462 4297 τε
3480 4245 3697 4314 γνώμης
3717 4243 3800 4296 καὶ

510 4361 516 4365 -
621 4338 699 4389 Ac
733 4333 920 4404 procul
949 4333 1112 4387 dubio
1136 4333 1242 4386 voti
1266 4332 1347 4384 sui
1375 4347 1593 4398 compos
1633 4336 1948 4400 exstitisset,
1998 4353 2093 4391 nec
2114 4340 2161 4391 ei

2269 4339 2418 4390 οὐδὲν
2449 4339 2694 4405 ἐμποδὼν
2712 4334 2780 4406 ἦν
2794 4336 2938 4405 αὐτῷ
2953 4337 3026 4405 μὴ
3055 4336 3174 4403 οὐχὶ
3189 4335 3257 4386 δι’
3279 4334 3455 4404 ἔργων
3471 4336 3568 4406 ήδη
3597 4337 3799 4406 χωρεῖν,

2275 4432 2323 4481 εἰ
2356 4430 2430 4499 μὴ
2457 4429 2666 4497 φθάσας
2696 4430 2758 4480 τὸ
2793 4429 2982 4497 μέλλον
3010 4428 3052 4488 ,ό
3085 4425 3194 4477 τῶν
3210 4427 3434 4510 ⁸οἰκείων
3467 4429 3799 4499 ccipiam,

2272 4520 2345 4581 ὡς
2376 4521 2432 4572 ἐν
2460 4521 2632 4590 σκότῳ
2665 4520 2758 4573 καὶ
2785 4517 2935 4569 νυκτὶ
2960 4515 3334 4590 ζοφωδεστάτῃ
3353 4520 3613 4590 φωστῆρα
3647 4519 3802 4589 μέγαν

2276 4770 2560 4844 illustrium
2593 4771 2959 4844 episcoporum
2988 4767 3078 4834 qui
3111 4765 3337 4844 Nicaeus;
3362 4772 3570 4839 synodo
3591 4780 3689 4844 aut
3716 4771 3805 4839 ipsi

2271 4838 2663 4909 interfuerunt,
2707 4847 2801 4909 aut
2834 4838 2953 4909 ejus
2999 4839 3318 4890 sententiam
3361 4838 3803 4909 comprobarunt,

2272 4905 2534 4959 Basileum
2579 4907 2732 4959 Ponti
2764 4907 3071 4971 episcopum
3099 4921 3203 4959 una
3236 4923 3356 4960 cum
3387 4905 3514 4962 aliis
3529 4907 3771 4960 nominat
3794 4944 3807 4964 ,

2271 4985 2370 5045 nec
2409 4986 2696 5045 martyrem
2735 4989 2856 5026 eum
2901 4974 3147 5040 appellat,
3182 4979 3429 5044 quamvis
3453 4978 3651 5045 Osiunl
3687 4990 3806 5045 con-

2273 5041 2772 5097 fessorcm'ibidetn
2823 5045 3183 5109 cogttomiuet.
3202 5041 3311 5099 Sed
3352 5057 3410 5099 et
3437 5048 3566 5098 Acta
3617 5042 3802 5094 Basilei

2270 5126 2390 5176 qua:
2429 5115 2565 5180 apud
2611 5112 3022 5182 Metapltraslem
3059 5124 3302 5178 exstant,
3349 5117 3529 5182 inepta
3567 5114 3698 5163 mihi
3729 5114 3801 5161 vi-

2272 5179 2554 5235 uenturae
2583 5181 2844 5234 fabulosa.
2872 5179 2947 5252 Ac
2986 5183 3239 5252 pleraque
3267 5179 3485 5251 quidem
3513 5197 3632 5248 qua:
3658 5182 3802 5231 initio

2275 5264 2459 5300 eorum
2512 5252 2756 5319 leguntur
2782 5265 2845 5301 ex
2900 5251 3124 5306 Eusebio
3151 5251 3228 5306 ad
3275 5255 3496 5304 verbum
3541 5252 3800 5314 descripta

2272 5328 2417 5390 sunt.
2449 5319 2665 5390 Fabella
2705 5329 2880 5390 autem
2908 5321 3003 5390 illa
3035 5324 3100 5376 de
3125 5323 3394 5390 Glaphyra
3421 5320 3652 5388 virgine,
3678 5334 3798 5371 con-

2273 5387 2394 5436 licta
2425 5389 2552 5440 mihi
2582 5388 2788 5438 videtur
2817 5389 2884 5440 ab
2907 5389 3207 5445 hominibus
3227 5387 3434 5444 otiosis.

2342 5456 2452 5522 (εὖ)
2503 5453 2753 5522 Ἀποδῴη
2784 5459 3074 5524 λατρείας.
3113 5461 3169 5515 In
3215 5461 3374 5513 codd.
3419 5455 3798 5524 Fuketianowet

2270 5524 2394 5578 Sav.
2432 5527 2688 5595 scriptum
2723 5537 2806 5577 est
2829 5523 3102 5595 ἀποδιδοίη
3138 5550 3152 5582 :
3188 5532 3242 5583 in
3282 5530 3418 5583 libro
3446 5541 3623 5582 autem
3649 5544 3679 5581 x
3707 5523 3800 5580 Εἱο

2267 5595 2443 5648 storiw
2482 5588 2860 5650 Ecclesiasticw
2891 5588 3142 5668 ἀποδιδῷ.
