3980 6344
54 285 190 340 ίθὶθ

1118 278 1207 333 DE
1243 278 1404 335 Vl'l'A
1437 275 1889 334 CONSTANTINI
1926 276 2056 334 LIB.
2090 277 2155 335 ll.

3090 282 3229 341 1050

51 398 249 449 ίστατοσ
605 397 651 449 δ’
667 398 733 468 ῆν
762 396 869 450 τῶν
888 395 1155 466 πολεμίων
1181 397 1353 459 οὐδεὶς
1378 394 1586 466 ἠδίκησε

1702 404 1841 449 rent.
1871 395 2075 463 Quippe
2131 394 2465 459 modestiam,
2498 410 2655 465 quam
2690 394 2855 467 568
2898 411 2998 451 nec
3049 398 3228 454 hostes

52 487 285 551 πώποτε,
316 488 546 558 ὀργίλων
591 487 818 540 πολιτῶν
864 487 1146 557 παροινίας
1187 489 1461 558 πάρεργον
1488 487 1596 554 ἐγί-

50 576 316 648 νετο(ῶ).
352 579 508 630 Ποῖον
538 575 667 646 πῦρ,
702 580 847 632 ποῖαι
880 576 1118 644 βάσανοι,
1153 580 1301 629 ποῖον
1328 576 1593 647 στρεϐλω-

50 671 247 739 τηρίων
277 666 413 731 alio:
432 670 551 739 οὐχὶ
570 669 732 720 παντὶ
753 667 960 737 σώματι
987 669 1081 721 καὶ
1102 668 1287 738 ἡλικίᾳ
1313 668 1462 738 πάσῃ
1479 666 1592 737 (64)

48 761 370 831 ἀδιακρίτως
401 760 733 829 προσήγετο;
781 759 852 810 Τὸ
899 756 1196 830 τηνικαῦτα
1232 757 1458 828 ἐδάκρυε
1493 758 1593 827 μὲν

49 850 423 921 ἀναμφιϐόλως
478 852 513 919 η
562 850 657 919 γῆ,
688 852 718 903 ό
758 850 814 902 δὲ
867 849 939 902 τὰ
991 848 1279 918 σύμπαντα
1322 850 1591 921 περιέχων

50 942 248 1010 κόσμος
291 939 369 1008 τῷ
390 939 566 1012 λύθρῳ
585 940 933 1011 χραινόμενος
961 940 1293 1010 ἀπεκλᾴετο·
1321 940 1357 1009 ἧ
1390 956 1455 1008 γε
1486 939 1593 1009 μὴν

49 1030 223 1099 ἡμέρα
252 1029 387 1100 αὐτὴ
420 1028 497 1097 τῷ
528 1028 709 1082 πένθει
744 1028 1126 1099 τοῦθαὺματος
1148 1028 1585 1082 ἐνεκαλύπτετο.»

542 1290 931 1343 κεφΑΑΑιοΝ
970 1290 1094 1343 NP.
1198 1264 1204 1276 ’

185 1378 311 1430 Ὅτι
330 1377 615 1447 βάρϐαροι
646 1380 1030 1446 Χριστιανοὺς
1062 1380 1449 1444 ὑπεδέξαντο.

116 1491 133 1521 ι
167 1463 327 1524 "sm
358 1472 409 1523 τί
424 1470 616 1535 ταῦτα;
649 1471 878 1540 Αὑχοῦσι
892 1470 985 1525 νῦν
1015 1474 1103 1525 ἐπ’
1138 1473 1363 1535 ἐκείνοις
1388 1474 1440 1525 oi
1469 1472 1592 1542 βάρ-

1693 484 1791 551 ipsi
1847 484 1950 536 ulla
2001 499 2233 551 unquam
2261 484 2559 539 aﬂ'ecerunt
2591 495 2789 553 Itnurm
2848 485 3053 538 efferati
3083 487 3227 539 cives
3300 486 3301 489 “

1690 575 1901 640 probris
1955 574 2204 627 omnibus
2256 575 2525 628 incessere
2571 589 2668 643 pro
2717 575 2883 630 nihilo
2920 564 3223 632 duxerunt.

1689 661 1966 728 Quodnam
1996 662 2325 728 incendium,
2354 665 2494 733 quod
2525 665 2855 719 cruciatuum
2892 675 2947 719 et
2988 679 3226 721 tormen-

1692 762 1865 805 torum
1893 767 2061 820 genus
2086 753 2258 821 cuivis
2283 756 2493 823 corpori
2513 764 2567 807 et
2595 756 2734 809 aetati
2764 755 2965 823 absque
2986 756 3095 811 ullo
3114 758 3226 811 dis-

1689 840 1913 895 crimine
1951 840 2224 896 admotum
2273 857 2379 896 non
2425 843 2565 897 fuit?
2612 844 2684 897 Ea
2715 853 3025 912 tempestate
3066 845 3227 900 tellus

1688 930 1899 996 quidem
1932 929 2044 998 ipsa
2072 931 2253 998 procul
2298 931 2460 987 dubio
2492 933 2758 1004 lacrymas
2791 936 2957 988 edidit
2984 953 2999 989 :
3029 936 3222 990 cmlum

1688 1034 1815 1072 vero
1834 1021 1975 1086 quod
1996 1020 2240 1074 universa
2264 1036 2362 1075 suo
2386 1022 2587 1075 ambitu
2615 1023 3009 1092 complectitur,
3031 1038 3225 1078 cruore

1688 1109 2021 1175 inquinatum
2077 1111 2357 1180 ingemuit.
2416 1112 2533 1181 Ipsa
2573 1128 2790 1182 quoque
2840 1114 2943 1168 diei
2983 1114 3067 1167 lux
3117 1131 3225 1184 pra:

1687 1196 1833 1251 luctu
1863 1208 2021 1267 atque
2042 1200 2268 1254 horrore
2289 1201 2419 1253 tanti
2448 1201 2673 1268 prodigii
2702 1203 2989 1255 obscurata
3026 1209 3130 1254 est.
3171 1219 3190 1251 ι

2190 1334 2195 1339 .
2248 1285 2474 1342 CAPUT
2527 1287 2658 1340 LIII.

1842 1375 2113 1439 Quomodo
2140 1376 2363 1430 Barbari
2392 1377 2719 1432 Christianos
2747 1389 3075 1447 exceperunt.

1760 1483 1780 1517 ι
1808 1465 1910 1519 Sed
1960 1469 2088 1534 quid
2120 1468 2220 1520 ista
2263 1469 2656 1521 commemoro?
2680 1468 2989 1523 Gluriantur
3018 1471 3087 1524 ob
3116 1470 3229 1523 haec

51 1561 223 1629 ϐαροι,
250 1564 299 1613 οἱ
326 1563 448 1623 τοὺς
473 1562 592 1614 κατ⁹
617 1563 789 1614 ἐκεῖνο
814 1560 1002 1632 καιροῦ
1031 1560 1092 1625 ἐξ
1116 1565 1149 1631 ἠ
1159 1562 1273 1631 μῶν
1296 1562 1586 1630 φεύγοντας

1687 1573 1829 1611 nunc
1876 1558 2118 1624 Barbari,
2147 1559 2236 1625 qui
2269 1560 2512 1612 homines
2553 1550 2617 1613 ex
2672 1560 2873 1614 nostris
2924 1561 3228 1629 regionibus

52 1652 487 1720 ὑποδεδεγμένοι,
552 1652 645 1704 καὶ
718 1651 1195 1723 φιλανθρωποτάτη
1228 1654 1586 1723 ὦηρήσαντες

1689 1646 1945 1715 profugos
1976 1656 2101 1700 tunc
2130 1648 2386 1715 temporis
2411 1659 2759 1717 exceperunt,
2787 1657 2842 1703 et
2870 1651 3110 1718 captivos
3131 1651 3229 1704 lm-

50 1713 413 1811 αἰχμαλωσίᾳ·
448 1713 525 1795 ὅτι
562 1745 617 1795 οὐ
669 1713 824 1813 μόνον
872 1713 971 1811 την
1498 1742 1586 1793 καὶ

1690 1713 1921 1791 inaniter
1974 1713 2274 1790 habuerunt
2305 1754 2320 1790 :
2351 1713 2563 1806 quippe
2593 1753 2714 1791 cum
2766 1739 2872 1792 illis
2922 1713 3026 1793 non
3071 1743 3227 1793 modo

48 1831 111 1883 τὰ
147 1832 245 1900 τῆς
297 1834 616 1901 σεμνότητος
666 1833 844 1895 αὐτοῖς
874 1831 1207 1901 κατέστησαν
1238 1835 1297 1884 ἐν
1326 1830 1586 1899 ἀσφαλείᾳ

1686 1829 1937 1890 salutem,
1978 1842 2165 1879 verum
2192 1827 2353 1879 etiam
2388 1828 2661 1894 religionis
2710 1842 2820 1881 sua:
2848 1827 3047 1881 cultum
3090 1830 3228 1882 inte-

52 1920 205 1989 ἔχειν.
262 1924 373 1974 Καὶ
412 1923 506 1976 νῦν
552 1923 611 1975 τὸ
654 1921 931 1992 Ῥωμαίων
978 1920 1135 1989 γένος
1173 1920 1362 1989 κηλῖδα
1389 1919 1586 1986 ταύτην

1686 1936 1840 1990 grum
1876 1920 2012 1988 apud
2054 1934 2109 1971 se
2144 1921 2375 1972 retinere
2404 1920 2766 1986 permiserint.
2807 1920 2992 1989 Itaque
3030 1935 3226 1990 perpe-

50 2009 263 2081 διηνεκῆ
301 2012 475 2081 φέρει,
521 2012 587 2082 ἢν
611 2013 660 2063 oi
704 2013 823 2065 κατ’
874 2012 1048 2063 ἐκεῖνο
1087 2009 1278 2080 καιροῦ
1312 2009 1411 2078 τῆς
1460 2009 1590 2060 Ῥω-

52 2100 243 2169 μαῖκῆς
269 2100 588 2170 οἰκουμένης
613 2100 953 2169 ἐλαυνόμενοι
989 2097 1300 2169 Χριστιανοὶ
1346 2098 1440 2151 καὶ
1459 2097 1590 2168 βαρ-

52 2187 231 2257 ϐάροις
261 2188 687 2259 προσφεύγοντες
714 2185 1158 2258 προσετρίψαντο.
1190 2204 1212 2237 ι

545 2361 933 2413 ΚΕΦΔΔΔΙΟΝ
958 2360 1081 2412 NA’.

51 2451 187 2504 Ποία
209 2451 472 2520 μετῆλθε
503 2451 635 2518 δίκη
669 2452 808 2516 τοὺς
852 2448 961 2503 διὰ
986 2451 1102 2518 τὴν
1136 2452 1423 2517 μαντείαν
1459 2450 1590 2503 διώ-

698 2538 855 2586 mae.

116 2628 133 2659 ι
175 2609 336 2662 Ἀλλὰ
362 2610 414 2661 τί
443 2610 547 2661 τῶν
574 2609 781 2681 θρήνων
801 2611 1018 2665 ἐκείνων
1044 2611 1135 2665 καὶ
1148 2609 1243 2665 τοῦ
1270 2611 1455 2666 κοινοῦ
1486 2614 1588 2683 τῆς

51 2699 364 2768 οἰκουμένης
396 2700 641 2762 πένθους,
677 2701 767 2753 ἐπὶ
801 2700 960 2755 πλέον
1008 2701 1314 2771 μεμνῆσθαί
1361 2720 1430 2772 με
1472 2703 1586 2768 δεῖς

54 2790 291 2859 Οἰχονται
320 2790 503 2843 λοιπὸν
531 2792 623 2844 καὶ
645 2794 836 2844 ἐκεῖνοι
868 2794 916 2844 οί
951 2792 1046 2845 τοῦ
1086 2792 1287 2863 μύσους
1317 2793 1585 2853 αὐθένται,

55 2880 177 2948 πρὸς
198 2876 423 2950 διηνεκῆ
450 2879 665 2933 κόλασιν
691 2886 801 2945 τοῖς
835 2883 1140 2953 Ἀχέροντος
1173 2884 1461 2956 βαράθροις
1497 2888 1591 2939 ἐκ-

54 2968 303 3032 δοθέντες,
336 2971 430 3022 σὺν
457 2970 663 3041 αἰσχρῷ
692 2957 852 3026 τέλει.
887 2974 1283 3056 Πολέμοιςιγὰρ
1309 2976 1589 3045 ἐμφυλίοις

55 3058 456 3125 καταμιγέντες,
485 3058 594 3111 οὔτ’
622 3061 806 3130 ὄνομα,
827 3060 948 3114 οὗτε
979 3063 1133 3130 γένος
1155 3063 1332 3116 αὐτῶν
1358 3066 1585 3118 καταλε-

55 3144 307 3197 λοίπασιν.
350 3147 415 3198 ’0
440 3148 504 3217 δὴ
534 3149 631 3200 οὐκ
660 3149 726 3201 ἂν
762 3152 943 3213 αὐτοῖς
977 3152 1329 3223 συμϐεϐήκει,
1356 3156 1407 3206 εί
1442 3153 1518 3225 μὴ
1550 3157 1586 3225 ἡ

54 3233 239 3302 ἀσεϐὴς
273 3236 455 3306 ἐκείνη
486 3238 591 3289 τῶν
621 3238 713 3289 τοῦ
746 3239 943 3292 Πυθίου
984 3244 1327 3313 χρηστηρίων
1364 3245 1588 3313 μαντεία

58 3322 289 3392 κίϐδηλον
310 3324 533 3394 δύναμιν
561 3327 798 3396 ἐσχήκει.
813 3347 832 3377 ι

549 3414 937 3466 ΚΕΦΑΛΑΙΟΝ
971 3417 1096 3468 NE'.

54 3492 838 3577 Ao£olorla_Kwat_artlrgv
868 3506 955 3568 εις
980 3505 1143 3577 Geor,
1301 3511 1585 3577 ὁμολογία

116 3571 243 3645 περὶ
278 3571 385 3645 τοῦ
416 3572 669 3645 gagaten
691 3572 795 3645 τοῦ
832 3573 1114 3640 σταυροῦ,
1139 3575 1237 3627 καὶ
1262 3571 1413 3643 εὐχὴ
1450 3571 1585 3645 πὲρι

127 3638 497 3709 Ἑκκλησιῶν
514 3639 613 3692 καὶ
634 3638 813 3691 λαῶν.
982 3638 995 3640 ⁷
1029 3664 1035 3668 >

121 3746 137 3777 ι
164 3729 228 3780 Σὲ
250 3729 367 3793 νῦν,
394 3729 484 3783 τὸν
507 3728 755 3799 μέγιστον
771 3730 1240 3803 Θεὸν,παρακαλῶ,
1272 3734 1389 3804 είης
1412 3737 1584 3806 πρᾶός

56 3834 106 3869 τε
129 3819 217 3870 καὶ
245 3805 483 3890 εὐμενὴς
508 3822 618 3881 τοῖς
653 3822 762 3882 σοῖς
792 3820 1123 3884 ἀναωλικοῖς
1141 3838 1157 3851 ·
1185 3823 1302 3892 εῐης
1324 3805 1583 3888 ulcisci;

57 3912 155 3972 σοῖς
203 3910 597 3980 ἐπαρχεώταις,
631 3911 735 3963 ὑπὸ
791 3912 1003 3981 χρονίου
1049 3916 1327 3983 συμφορᾶς
1372 3932 1585 3987 συντρι-

55 4000 199 4063 ϐεῖσι,
217 4002 283 4055 δι’
310 4000 445 4072 ἐμοῦ
473 4001 565 4053 τοῦ
587 4000 679 4054 σοῦ
712 4001 1031 4072 θεράποντας
1056 4004 1260 4075 ὀρέγων
1290 4006 1452 4059 ῐασιν.
1471 4009 1584 4061 Καὶ

54 4092 209 4145 ταῦτα
234 4110 298 4161 γε
328 4093 462 4146 αἰτῶ
492 4093 591 4146 οὐκ
620 4095 938 4158 ἀπεικότως,
965 4090 1011 4147 ὧ
1046 4097 1288 4150 Δέσποτα
1314 4098 1421 4151 τῶν
1444 4100 1583 4153 ὅλων

56 4180 163 4247 ἅγιε
207 4182 310 4234 Θεέ
332 4199 346 4212 ·
386 4186 505 4245 ταῖς
534 4185 649 4244 σαῖς
698 4182 804 4254 γὰρ
836 4183 1169 4254 ὑφηγήσεσιν
1208 4187 1583 4259 ἐνεστησάμην

58 4270 352 4342 σωτηριώδη
402 4273 699 4343 πράγματα
729 4274 823 4325 καὶ
850 4273 1100 4344 διήνυσα’
1133 4276 1233 4345 τὴν
1265 4277 1365 4345 σὴν
1410 4293 1582 4346 σφρα-

56 4361 160 4427 γίἒα
179 4364 448 4432 πανταχοῦ
477 4362 922 4434 προϐαλλόμενος,
961 4366 1264 4419 καλλινίκου
1292 4369 1583 4439 ἡγησάμην

58 4450 269 4518 στρατοῦ
288 4468 303 4480 ·
328 4453 430 4504 κᾶν
453 4453 552 4503 πού
573 4470 655 4515 τις
678 4453 785 4506 τῶν
816 4454 1084 4524 δημοσίων
1108 4457 1246 4527 καλῇ
1272 4457 1448 4528 χρεία,
1473 4462 1585 4520 τοῖς

56 4539 221 4601 αὐτοῖς
256 4540 359 4607 τῆς
393 4540 491 4610 σῆς
540 4542 738 4613 ἀρετῆς
779 4545 1039 4614 ἑπόμενος
1082 4546 1443 4616 συνθήμασιν,
1489 4549 1584 4600 ἐπὶ

57 4629 167 4689 τοὺς
197 4628 483 4697 πολεμίους
507 4634 745 4703 πρόειμι.
784 4634 880 4686 Διὰ
909 4634 1082 4687 ταῦτά
1107 4653 1189 4688 τοι
1232 4636 1470 4708 ἀνέθηκα
1501 4655 1583 4690 σοι

57 4717 141 4786 τὴν
158 4718 391 4787 ἐμαυτοῦ
416 4719 788 4792 ψυχὴν,νέρωτι
810 4726 902 4776 καὶ
915 4725 1062 4795 φόϐῳ
1082 4726 1333 4797 καθαρῶς
1355 4729 1585 4796 ἀνακρα-

60 4808 255 4861 θεῐσανο
289 4808 352 4859 τὸ
381 4808 479 4876 μὲν
505 4808 612 4878 γὰρ
640 4812 808 4881 ὄνομα
845 4831 935 4866 σου
957 4816 1198 4885 γνησίως
1227 4817 1444 4884 ἀγαπῶ,
1482 4819 1582 4888 τὴν

58 4896 105 4947 δὲ
144 4895 366 4966 δύναμιν
403 4898 748 4969 εὐλαϐοῦμαι,
773 4904 839 4973 ἢν
869 4904 1077 4969 πολλοῖς
1105 4909 1421 4979 τεκμηρίοις
1449 4909 1584 4961 ἐδει-

62 4984 179 5048 ξας,
218 4986 313 5037 καὶ⁴
351 4985 451 5055 τὴν
498 4986 634 5055 ἐμὴν
686 4991 866 5043 πίστιν
920 4993 1266 5067 βεϐαιοτέραν
1320 4999 1579 5068 εἰργάσω.

72 5074 368 5145 Ἐπείγομαι
398 5075 525 5142 γοῦν
543 5078 634 5129 καὶ
658 5082 779 5143 τοὺς
807 5081 985 5151 ὤμους
1009 5087 1169 5149 αὐτὸς
1191 5082 1440 5157 ὑποσχὼν
1456 5092 1581 5153 τοὺς

60 5165 224 5235 ἐμοὺς,
254 5166 348 5220 τὸν
394 5166 687 5230 ἁγιώτατόν
718 5186 799 5221 σοι
826 5168 971 5224 οἷκον
995 5174 1107 5245 (65)
1156 5161 1580 5243 ἀνανεώσασθαι,

119 5317 221 5387 (63)
256 5317 574 5393 napogrzgg
606 5317 899 5393 πάρεργον
932 5323 1177 5391 ἐγένετο.
1211 5304 1301 5380 Sic
1332 5342 1490 5393 supra
1520 5329 1575 5381 in

1687 2018 1831 2062 tuam
1864 2010 2000 2060 hanc
2046 2008 2277 2061 infamia:
2307 2018 2487 2061 notam
2540 2008 2763 2063 Romani
2808 2025 2950 2063 nunc
2990 2020 3223 2076 gestant,

1682 2114 1845 2168 quam
1892 2098 2183 2152 Christiani
2215 2114 2284 2153 ex
2316 2100 2448 2154 orbe
2494 2100 2735 2154 Romano
2782 2115 2877 2169 per
2930 2101 2982 2153 id
3018 2110 3225 2169 tempus

1683 2188 1874 2256 fugati,
1905 2196 1961 2243 et
1991 2190 2072 2258 ad,
2099 2189 2362 2245 Barbaros
2406 2190 2806 2258 confugientes,
2842 2190 2975 2260 ipsis
3012 2191 3223 2263 inusse-

1568 2298 1571 2303 ·
1683 2287 1831 2333 runt.
1876 2295 1901 2330 ι

2252 2327 2478 2432 cum
2516 2367 2648 2423 LIV.

1685 2460 1956 2526 Quomodo
1997 2460 2171 2513 divina
2211 2459 2407 2539 ultione
2445 2461 2615 2528 puniti
2640 2461 2766 2521 sint,
2798 2460 2889 2529 qui
2913 2476 2979 2515 ea:
3009 2459 3225 2523 oraculo

2028 2542 2429 2598 persecutionem
2473 2539 2876 2584 εοαηιουεταπι.

1764 2633 1784 2667 ι
1812 2615 1915 2670 Sed
1949 2618 2076 2685 quid
2100 2624 2327 2684 opusest
2356 2615 2683 2671 lamentailla
2706 2628 2762 2671 et
2788 2632 3119 2672 communem
3143 2627 3227 2671 too

1655 2708 1792 2773 tius
1839 2709 1987 2763 orbis
2028 2708 2229 2761 luctum
2274 2707 2518 2776 pluribus
2556 2700 3228 2765 verbis‘commemorare?

1685 2798 1766 2851 llli
1822 2797 1952 2851 tanti
2038 2796 2263 2850 sceleris
2293 2805 2566 2859 auctores,
2614 2798 2850 2864 posthac
2899 2799 3039 2866 turpi
3079 2799 3225 2853 exitu

1685 2888 1916 2957 periere,
1947 2887 1999 2940 in
2022 2886 2339 2940 Acherontis
2360 2885 2672 2939 barathrum
2699 2889 2766 2942 ad
2790 2897 3074 2957 perpetuos
3097 2906 3229 2944 crn-

1687 2980 1857 3033 ciatus
1887 2978 2113 3033 detrusi.
2144 2976 2274 3030 Nam
2304 2977 2552 3031 civilibus
2578 2978 2720 3031 inter
2752 2993 2809 3032 se
2850 2980 3022 3033 collisi
3048 2982 3224 3045 bellis,

1689 3083 1789 3121 nec
1814 3068 2061 3130 nominis,
2081 3081 2180 3119 nec
2199 3068 2411 3136 generis
2431 3067 2515 3121 sui
2536 3068 2847 3121 memoriam
2874 3069 3223 3136 reliquerunt.

1642 3183 1649 3186 ο
1684 3158 1839 3222 Quod
1860 3157 2101 3226 profecto
2132 3172 2402 3225 nunquam
2431 3159 2560 3227 ipsis
2581 3158 2911 3227 contigisset,
2932 3161 3034 3212 nisi
3063 3161 3225 3228 impia

1684 3248 1777 3300 illa
1804 3232 2062 3314 Apollinis
2082 3246 2257 3317 Pythii
2290 3248 2624 3311 vaticinatio,
2645 3247 2836 3301 falsam
2861 3250 3149 3316 quamdam
3172 3261 3237 3309 et,

1684 3336 2039 3389 adulterinam
2074 3338 2179 3389 vim
2210 3337 2455 3391 haberet.
2492 3356 2513 3390 ι

2256 3424 2482 3480 CAPUT
2541 3426 2653 3480 LV.

1738 3533 2117 3604 Constantinus
2143 3535 2254 3589 Deo
2281 3537 2505 3604 gloriam
2529 3516 2963 3604 tribuitLaigmmi
2991 3538 3159 3589 crucia

1935 3603 2233 3671 confitetur,
2267 3600 2315 3656 ἐι
2334 3617 2580 3673 precatur
2606 3622 2699 3669 pro
2712 3600 2976 3657 Ecclesia.

1753 3751 1775 3782 σ
1809 3731 1961 3786 hunc
1986 3733 2210 3792 te,Deus
2233 3731 2626 3801 0pt.llax.,oro
2650 3743 2811 3802 atque
2853 3737 3095 3799 obsecro,
3145 3738 3220 3792 eis

1680 3821 1921 3875 clemens
1947 3836 2014 3874 ac
2041 3822 2306 3890 propitius
2327 3837 2452 3889 erga
2481 3833 2599 3876 tuos
2619 3824 2909 3877 orientales
2937 3842 2955 3878 :
2987 3825 3064 3879 sis
3090 3840 3218 3895 erga

1678 3921 1903 3967 cunctos
1944 3913 2305 3979 provinciales
2345 3914 2613 3968 diuturnis
2641 3916 3036 3970 calamitatibus
3062 3921 3216 3972 attri-

1680 4011 1765 4056 tos
1788 4020 1806 4056 :
1834 4003 2005 4070 iisque
2030 4016 2128 4071 per
2154 4016 2239 4056 me
2270 4002 2528 4056 famulum
2558 4014 2707 4057 tuum
2731 4004 2957 4078 salutem
2975 4006 3220 4062 conferre

1678 4094 1831 4147 velis.
1876 4093 2053 4161 Atque
2094 4093 2207 4146 haec
2250 4109 2356 4146 non
2399 4094 2517 4148 sine
2562 4108 2723 4148 causa
2767 4096 2865 4151 abs
2900 4105 2953 4151 te
2985 4098 3214 4166 postulo,

1678 4185 1918 4237 omnium
1965 4183 2191 4238 Domine
2215 4183 2380 4255 ἥδε
2404 4194 2460 4238 et
2502 4196 2688 4240 sancte
2725 4186 2889 4241 Deus.
2919 4187 3036 4242 Tuo
3073 4190 3216 4242 enim

1680 4258 1844 4328 ductu
1891 4284 2051 4343 atque
2098 4278 2338 4345 auspicio
2368 4290 2457 4329 res
2504 4277 2765 4331 salutares
2806 4279 3015 4347 suscepi
3054 4289 3217 4345 atque

1683 4365 1908 4433 perfeci.
1932 4365 2104 4419 Tuum
2132 4366 2344 4435 signum
2381 4367 2580 4436 ubique
2611 4366 2922 4437 pmfenns,
2958 4368 3215 4422 victorem

1682 4457 1982 4510 exercitum
2029 4457 2176 4510 duxi.
2230 4457 2298 4510 Et
2336 4458 2763 4526 quotiescunque
2797 4457 3008 4526 publica
3051 4456 3219 4524 exigit

1683 4546 2015 4607 necessitas,
2050 4554 2153 4598 tua:
2177 4545 2397 4598 virtutis
2429 4544 2659 4615 insignia
2688 4558 2939 4615 sequens,
2963 4544 3217 4597 adversus

1680 4635 1864 4688 hostes
1887 4636 2219 4704 progredior.
2238 4634 2343 4689 Has
2361 4636 2431 4691 ob
2454 4650 2644 4690 causas
2660 4636 2755 4690 tibi
2777 4635 3011 4688 animum
3036 4646 3213 4686 meum

1680 4725 1877 4788 dicavi,
1908 4738 2089 4777 amore
2128 4725 2289 4779 simul
2315 4739 2381 4779 ac
2415 4726 2607 4780 timore
2631 4726 2797 4796 probe
2841 4732 3210 4789 temperatum.

1680 4815 1815 4869 Nam
1859 4832 2058 4871 nomen
2108 4819 2321 4886 quidem
2356 4826 2505 4872 tuum
2542 4820 2749 4872 sincere
2788 4818 2993 4885 diligo:
3026 4825 3216 4885 poten-

1682 4910 1811 4963 tiam
1853 4918 2028 4962 autem
2071 4923 2231 4976 quam
2260 4909 2440 4963 multis
2474 4906 2803 4963 documentis
2828 4906 3134 4972 declarasti,
3158 4917 3213 4959 et

1681 5014 1785 5069 qua
1842 4999 2001 5051 ﬁdem
2049 5013 2222 5051 meam
2272 4999 2620 5060 confirmasti,
2674 4998 2918 5065 religiose
2960 4995 3211 5051 formido.

1685 5090 1905 5145 Festino
1932 5090 2111 5155 itaque
2140 5103 2287 5142 meos
2309 5090 2421 5156 ipse
2444 5090 2692 5141 humeros
2718 5089 2864 5156 operi
2886 5090 3212 5155 supponens,

1686 5192 1751 5234 ut
1787 5178 2185 5233 sanctissimam
2215 5178 2428 5230 domum
2488 5186 2652 5240 tuam,
2712 5191 2867 5245 quam
2896 5177 3086 5230 nefarii
3136 5177 3214 5233 illi

1749 5329 1865 5398 (οι)
1891 5328 2001 5382 Καὶ
2030 5328 2235 5398 ,μικζα
2271 5323 2675 5398 m._Coqex
2707 5288 2917 5398 ἣκειῑέ
2938 5316 3213 5395 scriptam

62 5386 185 5440 libro
208 5388 383 5474 primo
403 5388 471 5439 de
489 5386 935 5474 ﬂverocaélsare
960 5386 1107 5474 _dixit
1144 5386 1412 5474 Eusebius
1426 5396 1577 5474 στάρ-
1675 5386 1893 5474 exhibet
1912 5398 2014 5474 οὐχ
2045 5386 2431 5474 ᾖλικίᾲηπάσςῄξ
2469 5391 2635 5474 Paulo
2668 5404 2787 5474 post
2814 5396 2867 5447 in
2885 5386 3083 5474 eodeni
3117 5411 3221 5474 cq-

62 5470 202 5533 εργον
230 5456 447 5522 ἐγένετο
468 5454 735 5534 θανάτου,
766 5456 854 5537 ubi
886 5459 1009 5513 vide
1034 5477 1155 5529 qua:
1198 5464 1263 5541 de
1288 5454 1575 5542 bacioct't-

64 5533 191 5597 tione
231 5527 630 5579 adnotavimus.
671 5522 802 5578 Nam
835 5535 1152 5597 interpretes
1190 5530 1321 5584 nihil
1366 5531 1457 5585 hic
1486 5546 1573 5585 rt-

1683 5466 1793 5518 dice
1826 5476 1882 5515 et
1911 5467 1963 5515 in
1979 5454 2413 5526 Echedis'negii's
2437 5454 2693 5515 scribitur
2721 5462 2758 5531 ἡ
2786 5476 2851 5529 γε
2866 5461 3054 5537 ,ἡμέρα
3074 5467 3215 5541 αὐτὴ

1683 5531 1752 5597 τῷ
1774 5532 1955 5584 πένθει
1983 5528 2076 5582 τοῦ
2102 5521 2157 5584 θ,
2184 5527 2590 5597 ἐνεκαλύπτετο.

64 5592 255 5648 derunt.

1720 5583 1859 5668 ’(65)
1888 5583 2011 5655 Τὸν
2032 5583 2350 5666 άτιῶτατόν
2370 5610 2470 5652 σοι
2489 5593 2674 5653 οἷκον.
2702 5598 2997 5658 Ecclesiam
3026 5604 3215 5661 catho—
