3980 6344
727 359 746 410 1
760 358 863 410 035

1308 465 1531 520 CAPUT
1573 463 1708 518 LXI.

722 560 997 627 Quomodo
1021 559 1082 610 ab
1124 558 1246 609 urbe
1292 556 1626 627 Alexandria
1652 533 1961 621 quaestiones
2002 561 2272 606 cometam

1199 629 1302 678 sint
1349 635 1561 691 propter
1595 625 1801 676 Arium.

795 721 918 774 Hazc
948 719 1236 788 imperator
1267 717 1411 771 velut
1447 716 1664 785 quidam
1711 714 1801 767 Dei
1837 727 2010 782 praeco
2043 712 2273 763 maxima

723 813 976 881 przeditus
1008 823 1158 873 voce,
1193 810 1406 862 cunctis
1427 803 1846 874 provincialibus
1865 817 1959 872 per
1983 816 2108 855 suas
2133 801 2276 853 litte-

724 921 808 957 ras
843 902 1169 962 inclamavit,
1208 901 1333 953 dum
1379 900 1620 952 subditos
1669 912 1697 950 a
1747 896 2046 948 daemonum
2092 905 2276 944 errore

719 1011 997 1059 revocare,
1040 1003 1092 1049 et
1123 995 1187 1047 ad
1219 1007 1403 1047 verum
1461 991 1554 1042 Dei
1596 989 1798 1043 cultum
1841 985 2272 1054 amplectendum

718 1088 944 1140 incitare
983 1095 1234 1138 conatur.
1291 1083 1435 1148 Quas
1467 1081 1534 1134 ob
1575 1095 1661 1134 res
1693 1093 1814 1132 cum
1855 1074 2112 1143 singulari
2148 1089 2273 1141 gau-

717 1177 803 1229 dio
835 1175 1073 1244 gestiret,
1104 1172 1324 1225 nuntius
1349 1170 1413 1223 ad
1443 1184 1565 1222 eum
1589 1168 1825 1236 perlatus
1844 1173 1922 1219 est
1956 1165 2022 1217 de
2043 1163 2272 1231 quodam

717 1282 822 1319 non
873 1264 1128 1318 mediocri
1189 1261 1418 1315 tumultu
1470 1256 1853 1327 quiEcclesias
1891 1259 2271 1319 occupaverat.

715 1357 831 1422 Quo
872 1355 1051 1408 audito
1085 1351 1387 1421 perculsus,
1426 1347 1724 1402 remedium
1748 1343 2056 1409 excogitare
2087 1341 2270 1408 cmpit.

629 1492 631 1494 .
714 1449 882 1500 Porro
919 1444 1178 1499 tumultus
1229 1442 1378 1510 origo
1426 1441 1544 1491 hazc
1581 1435 1719 1486 fuit:
1758 1431 2010 1486 Florebat
2045 1422 2272 1500 populus

714 1533 832 1596 Dei,
855 1542 909 1585 et
937 1547 1057 1584 cum
1096 1529 1382 1582 alacritate
1417 1522 1645 1590 quadam
1679 1535 1742 1574 ac
1776 1520 2006 1588 tripudio
2032 1520 2270 1574 honestis

713 1624 921 1677 actibus
950 1618 1310 1674 incumbebat.
1347 1613 1537 1666 Nullus
1567 1620 1686 1665 erat
1719 1610 1870 1664 fortis
1918 1621 2129 1677 metus,
2178 1610 2270 1678 qui

1475 347 1742 402 EL'SEBII
1781 341 2248 401 CAESARIENSIS
2290 344 2435 397 OPP.
2481 343 2656 397 PARS
2693 343 2805 398 I.—
2845 345 3231 401 HISTORICA.

3778 351 3879 404 i056

2873 463 3258 515 ΚΕΦΔΔΑΙΟΝ
3295 463 3411 515 ΞΔἎ

2379 548 2564 613 Ὅπως
2585 550 2700 602 ἀπὸ
2729 549 2837 617 τῆς
2864 551 3286 619 Ἀλεξανδρέων
3310 552 3405 604 διὰ
3432 552 3503 603 τὰ
3527 551 3673 605 κατὰ
3697 553 3882 619 Ἄρειον

2845 620 3148 674 ἐκινοῦντο
3176 621 3464 687 ζητήσεις.

2444 707 2675 758 Τοιαῦτα
2710 709 2978 776 βασιλεὺς,
3020 711 3214 763 ὡσανεὶ
3234 709 3367 765 Θεοῦ
3415 710 3882 780 μεγαλοφωνότατος

2376 798 2567 868 κήρυξ,
2600 801 2707 860 τοῖς
2746 800 3113 870 ἐπαρχεώταις
3144 802 3312 854 ἆπασι
3327 803 3392 855 δι’
3421 803 3618 855 οίκείου
3647 803 3883 872 προσεφώ-

2374 904 2453 940 νει
2477 888 2818 956 γράμματος,
2851 891 3163 962 δαιμονικῆς
3185 896 3284 962 μὲν
3305 894 3582 964 άπείργων
3609 895 3731 956 τοὺς
3750 893 3882 964 ἀρχο-

2378 979 2568 1048 μένους
2607 980 2839 1050 πλάνης,
2895 982 2991 1051 τήν
3029 984 3072 1035 δ’
3101 984 3273 1054 ἀληθῆ
3326 985 3564 1054 μετιέναι
3617 985 3884 1039 θεοσέδειαν

2374 1070 2806 1139 ἐγκελευόμενος.
2848 1072 3256 1144 Φαιδρυνομένῳ
3299 1077 3342 1128 δ’
3367 1076 3513 1146 αὐτῷ
3558 1078 3649 1128 ἐπὶ
3688 1076 3881 1140 τούτοις,

2374 1160 2526 1228 φήμη
2557 1176 2639 1221 τις
2671 1160 3039 1227 διαγγέλλεται
3066 1163 3203 1232 ἀμφὶ
3231 1167 3470 1235 ταραχῆς
3495 1167 3555 1218 ού
3597 1167 3788 1236 μικρᾶς
3809 1165 3884 1225 τὰς

2365 1250 2703 1319 νἘκκλησίας
2730 1251 3102 1323 διαλαϐούσης·
3141 1257 3224 1322 ἐφ’
3341 1259 3438 1327 τὴν
3467 1257 3634 1327 ἀκοὴν
3663 1259 3882 1326 πληγεὶς,

2373 1338 2510 1392 ἴασιν
2545 1342 2830 1428 περιενόει.
2875 1344 2948 1395 Τὸ
2988 1345 3030 1395 δ’
3060 1341 3125 1414 ἦν
3162 1347 3266 1417 ἄρα
3299 1349 3513 1400 τοιόνδε.
3569 1348 3885 1428 Ἑσεμνύνετο

2374 1429 2472 1498 μὲν
2491 1431 2519 1482 ὁ
2542 1423 2634 1483 τοῦ
2659 1431 2792 1484 Θεοῦ
2832 1433 2984 1497 λεὼς,
3018 1437 3136 1498 ταῖς
3157 1436 3263 1487 τῶν
3298 1438 3474 1490 καλῶν
3513 1422 3884 1506 καλλωπιζόμε-

2369 1539 2456 1586 νος
2495 1523 2784 1594 πράξεσιν·
2821 1526 2927 1577 οὐδ’
2953 1523 3020 1597 ἦν
3050 1545 3133 1589 τις
3181 1527 3377 1592 ἔξωθεν
3408 1529 3567 1597 φόϐος
3617 1531 3882 1598 ταράττων,

2367 1611 2441 1675 ὡς
2459 1608 2553 1665 εἱαὶ
2577 1616 2827 1684 λαμπρᾶς
2855 1617 2946 1668 καὶ
2977 1617 3277 1686 βαθυτάτης
3305 1620 3522 1688 εἰρήνης
3550 1619 3884 1690 ἁπανταχόθεν
3955 1615 3957 1620 ’

710 1713 1168 1784 perturbationem
1222 1707 1440 1760 ali'ert'et
1470 1722 1482 1756 :
1516 1703 1714 1772 quippe
1775 1716 1897 1754 cum
1939 1701 2031 1754 Dei
2079 1702 2266 1769 optimi

2373 1707 2462 1778 τὴν
2492 1709 2811 1780 Ἐκκλησίαν
2821 1712 2952 1763 Θεοῦ
2978 1712 3155 1782 χάριτι
3178 1713 3655 1782 περιφραττούσης·
3673 1713 3884 1781 φθόνοςδ*

713 1802 933 1857 maximi
994 1799 1277 1861 beneﬁcio,
1344 1809 1553 1849 amoena
1607 1804 1660 1847 et
1715 1793 2128 1862 prolundissima
2162 1807 2265 1860 pax

2373 1800 2474 1870 ἄρα
2511 1802 2602 1852 καὶ
2627 1805 2738 1864 τοῖς
2777 1803 3059 1874 ἡμετέροις
3103 1804 3361 1874 ἐφήδρευε
3409 1804 3611 1869 καλοῖς,
3662 1807 3781 1858 εἴσω
3808 1806 3883 1873 μὲν

713 1892 1006 1946 Ecclesiam
1056 1888 1294 1956 undique
1335 1885 1715 1940 communiret.
1757 1882 1861 1937 Sed
1891 1884 2032 1936 enim
2068 1883 2267 1936 invidia

714 1983 915 2038 nostris
959 1982 1114 2035 bonis
1182 1979 1401 2032 insidias
1465 1984 1679 2030 struens
1750 1974 2082 2028 subsederat.
2142 1973 2271 2039 Quae

715 2077 942 2144 primum
1008 2071 1220 2139 quidem
1281 2069 1421 2120 intro
1465 2069 1726 2134 irrepens,
1779 2073 1960 2133 postea
2001 2065 2053 2117 in
2098 2064 2271 2119 medio

714 2175 1020 2227 sanctorum
1047 2172 1188 2216 coetu
1231 2159 1561 2227 tripudiavit.
1592 2157 1826 2212 Tandem
1849 2171 1977 2211 vero
1995 2156 2272 2225 episcopos

714 2257 855 2309 inter
884 2269 939 2307 se
961 2251 1228 2306 commisit
1254 2293 1265 2315 ,
1294 2247 1574 2301 tumultum
1610 2257 1665 2301 et
1696 2246 2098 2300 altercationem
2130 2246 2272 2299 inter

713 2364 804 2402 eos
833 2346 1093 2410 excitans,
1129 2343 1433 2396 divinorum
1467 2342 1776 2408 dogmatum
1807 2339 2046 2393 obtentu.
2070 2337 2272 2390 Exinde

715 2450 970 2508 tanquam
1023 2452 1089 2490 ex
1128 2433 1232 2487 levi
1288 2432 1516 2500 quadam
1576 2429 1840 2490 scintilla,
1895 2429 2270 2497 gravissimum
2319 2438 2324 2443 ‘

711 2529 916 2584 exarsit
934 2527 1262 2581 incendium.
1292 2523 1438 2589 Quod
1456 2522 1674 2590 quidem
1706 2520 1768 2572 ab
1786 2518 2021 2572 Ecclesia
2042 2518 2273 2571 Alexan-

711 2621 891 2696 driua.
913 2617 1056 2670 velut
1106 2614 1268 2685 472
1332 2628 1360 2664 a
1419 2610 1596 2679 capite
1641 2620 1926 2671 exorsum,
1970 2609 2270 2659 universam

712 2694 955 2778 posthaec
990 2707 1306 2776 Egyptum,
1337 2712 1390 2755 et
1414 2702 1664 2769 Libyam,
1712 2707 1765 2752 et
1786 2697 2096 2750 ulteriorem
2127 2694 2269 2748 The-

710 2799 925 2854 baidem
948 2794 1272 2865 peragravit.
1308 2791 1411 2846 Sed
1437 2800 1488 2844 et
1516 2789 1750 2857 reliquas
1773 2792 1933 2841 urbes
1965 2801 2027 2840 ac
2057 2786 2273 2855 provin—

710 2893 826 2946 cias
853 2890 1130 2957 depastum
1167 2894 1251 2939 est
1284 2904 1294 2937 :
1324 2882 1455 2936 adeo
1484 2892 1543 2934 ut
1575 2895 1679 2933 non
1707 2878 1876 2933 solum
1907 2879 2050 2945 ipsos
2092 2875 2274 2931 Eccle-

711 2985 913 3038 siarum
987 2976 1258 3031 antistites
1323 2974 1501 3028 verbis
1564 2973 1704 3026 inter
1772 2985 1830 3024 se
1879 2968 2268 3038 digladiantes,

710 3090 900 3131 verum
939 3073 1098 3125 etiam
1129 3069 1342 3138 plebem
1379 3069 1550 3136 ipsam
1583 3065 1860 3119 discissam
1899 3074 2122 3117 cernere
2147 3060 2272 3113 lice—

2368 1890 2723 1960 είσδυόμενος,
2773 1893 2932 1962 μέσος
2991 1893 3035 1944 δ’
3073 1896 3131 1944 ἐν
3181 1895 3360 1956 αὐτοῖς
3389 1895 3626 1965 χορεύων
3669 1897 3771 1957 τοῖς
3800 1895 3885 1946 τῶν

2369 1983 2536 2050 ἁγίων
2583 1984 2804 2054 ὁμίλοις.
2859 1984 3156 2054 Συμόάλλει
3197 1985 3332 2054 δῆτα
3377 1987 3496 2046 τοὺς
3551 1985 3883 2047 ἐπισκόπους,

2371 2073 2574 2125 στάσιν
2601 2073 2848 2144 ἐμδαλὼν
2899 2075 3205 2145 ἐρεσχελίας
3235 2075 3399 2144 ’(79),
3453 2073 3606 2125 θείων
3654 2075 3885 2143 προφάσει

2368 2162 2680 2232 δογμάτων·
2724 2163 2935 2216 κᾶπειθ’
2967 2165 3042 2226 ὡς
3069 2165 3174 2216 ἀπὸ
3208 2165 3402 2236 μικροῦ
3441 2165 3730 2234 σπινθῆρος
3771 2164 3885 2233 μέγα

2369 2253 2480 2324 πῦρ
2511 2254 2777 2326 ἐξεκᾴετο,
3007 2257 3101 2324 μὲν
3135 2256 3320 2327 ὥσπερ
3348 2256 3456 2310 ἀπὸ
3478 2255 3718 2326 κορυφῆς
3750 2254 3888 2323 ἀρξά-

2373 2361 2530 2412 μενον
2591 2345 2691 2413 τῆς
2738 2346 3125 2418 Ἀλεξανδρέων
3155 2342 3497 2414 Ἐκκλησιας,
3518 2345 3802 2418 διαδραμὸν
3841 2344 3884 2395 δὲ

2371 2433 2465 2502 τὴν
2526 2435 2816 2504 σύμπασαν
2854 2437 3122 2503 Αἴγυπτόν
3147 2454 3204 2488 τε
3236 2435 3329 2487 καὶ
3363 2434 3592 2503 Λιϐύην,
3623 2436 3717 2504 τήν
3749 2437 3792 2485 τ’
3811 2435 3887 2484 ἐτ-

2371 2526 2551 2578 έκεινα
2594 2526 2980 2598 Θηϐαΐδα-ήδη
3001 2527 3058 2579 δὲ
3108 2527 3200 2578 καὶ
3237 2524 3336 2586 τὰς
3385 2525 3576 2586 λοιπὰς
3627 2523 3886 2594 ἐπενέμετο

2370 2615 2639 2686 ἐπαρχίας
2671 2634 2728 2668 τε
2745 2618 2837 2669 καὶ
2858 2616 3060 2679 πόλεις,
3085 2615 3193 2669 ὥστ
3209 2618 3222 2637 ‘
3253 2616 3313 2667 οὐ
3347 2615 3537 2685 μόνους
3556 2611 3623 2685 ἦν
3645 2615 3767 2668 ίδεῖν
3788 2615 3887 2674 τοὺς

2371 2705 2479 2758 τῶν
2502 2705 2830 2778 Ἐκκλησιῶν
2845 2708 3134 2778 προέδρους
3153 2706 3329 2775 λόγοις
3345 2705 3884 2776 διαπληκτιζομένους.

2374 2795 2506 2846 ἀλλὰ
2547 2796 2641 2848 καὶ
2682 2797 2750 2849 τὰ
2794 2798 2972 2868 πλήθη
3019 2796 3484 2865 κατατεμνόμενα,
3533 2796 3642 2847 τῶν
3696 2795 3790 2864 μὲν
3829 2794 3889 2852 th;

2371 2886 2577 2949 τούσδε,
2602 2887 2708 2939 τῶν
2733 2888 2788 2940 δὲ
2823 2889 3068 2957 θατέροις
3089 2888 3528 2956 ἐπικλινομένων.
3552 2888 3646 2947 Ei;
3671 2885 3887 2938 τοσοῦτον

2371 2976 2428 3028 δέ
2465 2975 2741 3046 διήλαυνεν
2790 2977 2900 3047 (80)
2934 2978 3160 3040 ἀτοπίας
3200 2979 3233 3048 ή
3268 2977 3376 3029 τῶν
3433 2977 3727 3046 γινομένων
3778 2975 3887 3035 θέα,

2374 3065 2501 3118 ὥστ’
2524 3067 2622 3136 ήδη
2654 3069 2712 3121 ὲν
2741 3069 2922 3131 αὐτοῖς
2946 3069 3132 3138 μέσοις
3153 3068 3260 3121 τῶν
3288 3068 3529 3121 ἀπίστων
3559 3067 3814 3137 θεάτροις,
3833 3066 3888 3117 τὰ

710 3177 794 3221 ret
821 3208 835 3232 ,
868 3163 989 3218 aliis
1024 3163 1240 3226 horum,
1267 3159 1386 3212 aliis
1423 3157 1636 3210 illorum
1676 3164 1858 3223 partes
1887 3151 2264 3220 amplectenti-

2373 3157 2546 3249 σεμνά
2563 3157 2661 3249 τῆς
2691 3157 2870 3210 ἐνθέου
2907 3159 3249 3223 διδασκαλίας
3274 3161 3373 3231 τὴν
3405 3160 3686 3228 αἰσχίστην
3713 3156 3888 3224 ὑπομέ-

710 3247 833 3313 bus.
861 3256 1032 3310 Porro
1068 3266 1247 3306 rerum
1279 3265 1400 3317 qua:
1437 3246 1758 3315 gerebantur
1801 3241 2164 3312 spectaculum
2193 3253 2257 3293 eo

2373 3261 2474 3295 νειν
2499 3245 2711 3315 χλεύην.

713 3368 883 3422 usque
912 3351 1171 3420 processit
1202 3347 1556 3416 indignitatis,
1587 3353 1644 3397 ut
1687 3343 1739 3395 in
1797 3341 1985 3394 mediis
2038 3338 2323 3393 inﬁdelium
2372 3329 2614 3409 theatris,
2645 3344 2834 3398 divina:
2885 3346 3279 3414 pradicationis
3323 3345 3642 3400 venerabilis
3677 3345 3888 3398 doctrina

715 3448 1031 3516 turpissimo
1059 3446 1169 3496 risu
1200 3457 1264 3494 ac
1301 3439 1531 3493 ludibrio
1559 3437 1954 3488 traduceretur.

1281 3527 1506 3583 CAPUT
1557 3525 1714 3578 LXII.

1144 3620 1221 3673 De
1264 3619 1392 3671 Aria
1432 3626 1479 3670 et
1523 3616 1838 3669 Heletianis.

788 3718 852 3769 Et
885 3716 936 3769 hi
971 3715 1186 3783 quidem
1241 3713 1293 3764 in
1332 3713 1442 3780 ipsa
1485 3711 1616 3762 urbe
1653 3707 1978 3762 Alexandria
2011 3708 2077 3762 de
2104 3706 2271 3760 subli-

717 3807 975 3860 tnissimis
1016 3804 1175 3859 rebus
1209 3802 1560 3873 pertinaciter
1592 3800 1936 3854 dimicabant.
1991 3800 2092 3852 Alii
2141 3814 2270 3853 vero

717 3915 812 3967 per
847 3908 1008 3951 totam
1049 3895 1338 3965 Egyptum
1370 3902 1423 3945 et
1455 3890 1786 3960 superiorem
1825 3890 2176 3953 Thebaidem,
2201 3892 2268 3944 ob

717 3990 1143 4045 controversiam
1162 3985 1447 4055 quamdam
1475 3997 1594 4052 quae
1619 3983 1765 4050 prius
1784 3991 2052 4042 commota
2076 3981 2264 4041 fuerat,

720 4083 932 4135 interim
957 4078 1314 4140 dissidebant;
1348 4075 1478 4127 adeo
1500 4083 1557 4126 ut
1577 4073 1773 4140 ubique
1790 4072 2067 4139 discerpta:
2086 4081 2268 4124 essent
2301 4068 2307 4073 ’

726 4163 1161 4220 Ecclesiaa.Cum
1204 4175 1381 4217 autem
1430 4163 1685 4217 Ecclesiae
1730 4177 1924 4229 corpus
1967 4161 2270 4226 huiusmodi
2308 4219 2311 4224 ν

727 4257 913 4327 morbo
936 4255 1226 4315 laboraret,
1249 4255 1494 4306 universa
1525 4241 1688 4322 Liliya
1718 4253 1873 4306 simul
1912 4252 2071 4305 etiam
2102 4265 2271 4320 agro-

726 4350 883 4412 .avit,
932 4355 985 4399 et
1027 4343 1249 4409 reliqua:
1285 4352 1590 4437 exterarum
1644 4342 2042 4409 provinciarum
2094 4351 2272 4408 partes

721 4441 912 4495 eodem
939 4436 1127 4491 morbo
1148 4432 1410 4497 correptae
1437 4441 1579 4484 sunt.
1621 4432 1761 4508 ‘Nam
1807 4433 1896 4500 qui
1937 4432 2272 4486 Alexandria:

719 4542 898 4594 erant,
923 4515 1128 4600 legatos
1162 4525 1228 4578 ad
1262 4524 1595 4592 singularum
1631 4525 2025 4590 provinciarum
2059 4524 2270 4592 episco-

720 4640 816 4692 pos
875 4621 1214 4689 dirigebant;
1263 4615 1350 4669 ISII
1407 4628 1535 4664 vero
1588 4613 1638 4664 in
1698 4613 2006 4666 alterutram
2062 4623 2269 4681 partem

719 4715 954 4778 discissi,
993 4709 1241 4766 seditioni
1281 4720 1494 4772 quoque
1524 4704 1967 4769 adjungebantur.

1267 4794 1493 4850 CAPUT
1552 4791 1729 4844 LXIII.

1073 4889 1298 4960 legatum
1363 4901 1477 4937 cum
1533 4885 1716 4960 litteris
1786 4881 1924 4931 misit
1975 4882 2042 4931 ad
2094 4898 2271 4944 pacem

1283 4954 1705 5022 componendam.

791 5059 885 5111 His
928 5052 1122 5110 auditis
1156 5048 1447 5113 imperator
1483 5038 1799 5110 gravissimo
1844 5035 2024 5088 dolore
2068 5032 2281 5102 ρει-θυι-

722 5170 847 5216 sus,
907 5160 1133 5217 eamque
1184 5158 1297 5196 rem
1349 5141 1532 5211 liustar
1598 5131 1901 5185 domestica:
1951 5113 2275 5180 calamitatis

721 4895 993 4962 Quomodo

788 5353 904 5414 (79)
944 5350 1165 5402 Στόσο·
1195 5347 1467 5415 ἐμϐαλὼν
1502 5342 1870 5415 ἐρεσχεμας.
1921 5335 2276 5415 Scribat-dum

725 5407 935 5472 videtur
966 5423 1055 5472 καὶ
1101 5407 1431 5489 ἐρεσχελίας.
1487 5407 2282 5489 νοτε-(ξ’φθόνοςήιιοςίοοοῗςει

731 5490 941 5568 iuvtdus
962 5471 1191 5568 decano}.
1227 5471 1320 5542 Sic
1343 5471 1485 5539 enim
1520 5485 1665 5552 loqui
1694 5471 1826 5536 sciet
1858 5477 2118 5531 Eusebius
2146 5471 2281 5524 nul-

729 5559 1240 5692 ι’διεῖῦᾏ’θτεῗιῗὲοῡτον
1277 5625 1346 5677 δὲ
1379 5624 1726 5690 διήλαυνεν.
1762 5619 1819 5692 in
1871 5616 2054 5692 cogice
2113 5608 2279 5692 nemo

725 5681 924 5760 HM?
946 5694 1012 5760 δὴ
1038 5696 1285 5764 ﬁam,
1326 5681 1471 5761 quod
1513 5693 1681 5756 magis
1707 5690 1892 5754 probo.
1924 5683 2096 5738 Totus
2118 5681 2278 5746 igitur

2652 3559 2655 3561 -
2877 3527 3264 3580 ΚΕΦΔΛΔΙΟΝ
3290 3525 3406 3580 ΞΒν.

2629 3618 2766 3684 Περὶ
2795 3616 2902 3670 τοῦ
2931 3618 3117 3670 αὑτοῦ
3136 3617 3233 3671 καὶ
3265 3615 3648 3670 Μελιαστῶν.

2440 3709 2502 3761 Οἱ
2536 3709 2632 3778 μὲν
2651 3705 2744 3761 οὖν
2769 3711 2888 3761 κατ’
2902 3708 3071 3776 αὐτὴν
3087 3708 3196 3781 τὴνί
3220 3707 3639 3776 ’Δλεξάνδρειαν,
3661 3705 3892 3766 νεανικῶς

2373 3800 2496 3870 περὶ
2510 3800 2615 3852 τῶν
2627 3799 2882 3852 ἀνωτάτω
2894 3798 3340 3867 διεπληκτίζοντο,
3357 3798 3406 3848 oi.
3421 3796 3464 3848 δ’
3476 3797 3617 3864 ἀμφὶ
3635 3798 3803 3848 πᾶσαν
3815 3795 3891 3862 τὴν

2371 3891 2636 3957 Αιγυπτον
2657 3889 2767 3959 (81)
2789 3890 2882 3939 καὶ
2910 3889 3007 3958 τὴν
3032 3889 3145 3942 ἄνω
3164 3885 3420 3955 Θηϐαῖδα,
3454 3884 3890 3953 προϋποκειμένης

2373 3982 2725 4051 παλαιοτέρας
2753 3979 3054 4040 ὑποθέσεως
3088 3978 3244 4048 χάριν
3280 3975 3666 4038 διεστασίαζον,
3687 3975 3761 4036 ὡς
3782 3990 3890 4024 παν-

2370 4076 2532 4145 ταχοῦ
2569 4073 2852 4143 διῃρῆσθαι
2882 4069 2977 4130 τὰς
3012 4069 3350 4138 Έκκλησίας.
3392 4067 3610 4128 Τούτοις
3653 4068 3697 4118 δ’
3734 4067 3890 4134 ὥσπερ

2373 4164 2617 4233 σώματος
2646 4161 3046 4230 κεκακωμένου,
3078 4158 3334 4227 σύμπασα
3367 4155 3538 4225 Λιϐύη
3582 4157 3886 4224 συνέκαμνε·

2374 4254 2638 4306 συνενόσει
2669 4253 2723 4304 δὲ
2751 4254 2844 4305 καὶ
2867 4253 2934 4305 τὰ
2959 4253 3117 4305 λοιπὰ
3143 4250 3279 4320 μέρη
3316 4250 3420 4301 τῶν
3450 4250 3604 4310 ἐκτὸς
3626 4246 3886 4314 ἐπαρχιῶν.

2372 4348 2433 4396 Οἱ
2466 4345 2563 4413 μὲν
2601 4345 2706 4414 γὰρ
2754 4345 2860 4396 ἀπὸ
2895 4345 2992 4412 τῆς
3039 4340 3434 4409 ’Δλεξανδρείας
3485 4339 3891 4407 διεπρεσῦεὑοντο

2374 4439 2505 4506 πρὸς
2531 4439 2652 4499 τοὺς
2694 4438 2812 4488 κατ’
2839 4435 3100 4505 ἐπαρχίαν
3150 4431 3493 4494 ἐπισκόπους,
3528 4431 3577 4480 οἱ
3617 4430 3660 4480 δ’
3709 4432 3784 4492 εἰς
3813 4429 3887 4480 θά-

2372 4543 2524 4595 τερον
2551 4524 2866 4593 τεμνόμενοι
2908 4523 3090 4593 μέρος,
3124 4522 3222 4588 τῆς
3238 4517 3422 4586 ὁμοίας
3455 4518 3765 4572 ἐκοινώνουν
3788 4520 3888 4571 στάο

2375 4632 2526 4676 σεως.

2859 4784 3244 4842 ΚΕΦΑΛΔΙΟΝ
3296 4782 3412 4836 ΞΡ.

2379 4884 2716 4950 Ὀπιικιεπερὶ
2729 4883 2968 4950 εἰρήνης
2982 4878 3215 4945 πέμψαι·
3225 4877 3666 4944 Κωνσταντῐνος

2445 5037 2625 5088 Ταῦτα
2671 5038 2726 5088 δὲ
2777 5035 3070 5102 πυθόμενος
3110 5032 3138 5080 ὁ
3175 5029 3418 5097 βασιλεὺς
3447 5033 3540 5084 καὶ
3598 5031 3696 5101 τὴν
3747 5026 3892 5099 ψυχὴν

2379 5127 2773 5196 ὑπεραλγήσας,
2804 5121 3080 5192 συμφοράν
3098 5137 3155 5171 τε
3192 5121 3392 5174 οίκείαν
3421 5123 3482 5174 τὸ
3506 5124 3733 5191 πρᾶγμα
3761 5119 3892 5186 θέμι-

2380 5329 2529 5381 IocUs
2566 5330 2644 5382 sic
2682 5324 2997 5382 scribendus
3039 5334 3157 5394 est;
3193 5327 3271 5387 εἰς
3309 5323 3560 5377 τοσοῦτον
3597 5323 3663 5394 δὴ
3701 5322 3894 5394 ﬁlum

2379 5398 2740 5476 dtonja;,e'lc.
2781 5395 2940 5448 Certe
2969 5394 3022 5444 ill
3063 5392 3356 5448 Fukettano
3393 5397 3584 5449 codice
3620 5389 3802 5460 legitur
3830 5389 3890 5447 εἰς

2381 5484 2666 5602 magi-031
2706 5536 2757 5584 δ’
2782 5532 2930 5599 ἀμφὶ
2970 5531 3171 5586 πᾶσαν
3197 5533 3308 5599 τὴν
3336 5533 3661 5601 Διτυπῑον.
3702 5527 3892 5602 μειίιίιέ

2383 5600 2479 5657 nos
2523 5600 2798 5670 intelligit,
2843 5605 2910 5654 de
2959 5618 3187 5670 quorum
3216 5600 3500 5659 schismate
3542 5600 3799 5654 videndus
3832 5601 3894 5647 est

2381 5669 2714 5742 Epiphanius
2742 5681 2796 5726 et
2826 5669 3111 5726 breuius.
3499 5683 3521 5726 ﬁ
