3976 6342
694 286 717 339 l
731 287 831 342 055

1380 312 1381 315 η
1428 287 1696 344 EUSEBII
1735 287 2203 343 CAESARIENSIS
2241 292 2387 346 UPP.
2425 292 2598 346 PARS
2636 248 2693 346 ῐ.Δ
2717 324 2785 333 --
2824 292 3201 346 lllSTORlCA.

3726 294 3825 348 1056

634 420 649 435 ο
696 406 897 456 honore
928 402 1259 469 colebantur,
1296 404 1535 458 funditus
1563 404 1846 457 subvertit.
1896 403 1972 456 llli
2004 404 2091 457 Dei
2124 421 2216 458 ser-

2329 407 2421 459 τοῦ
2446 407 2577 459 Θεοῦ
2598 406 2809 459 κολάσει
2829 404 2959 476 (21),
2979 408 3080 457 τῶν
3095 408 3135 457 δ’
3152 406 3313 474 ἁγίων
3329 406 3613 474 μαρτύρων
3628 405 3713 456 τοῦ
3723 404 3823 458 Θεοῦ

694 507 787 544 vos
819 493 1186 558 ignominiosis
1219 494 1393 561 pinnis
1422 493 1726 546 afliciebaut
1752 512 1763 546 :
1790 495 1875 548 hic
1901 510 1995 548 eos
2023 496 2232 562 quidem

690 582 779 645 qui
806 583 901 635 ista
925 582 1255 637 admiserant
1286 593 1619 651 persecutus,
1667 585 1845 639 debito
1885 585 2063 640 affecit
2110 604 2233 653 sup-

691 673 877 740 plicio;
909 683 1221 728 sanctorum
1256 688 1435 730 autem
1470 676 1562 730 Dei
1607 686 1903 746 martyrum
1950 679 2233 731 memorias

690 760 865 815 colere
894 778 1167 832 nunquam
1197 765 1423 819 destitit.
1476 764 1551 818 Illi
1607 766 1788 817 divino
1831 766 1994 818 cultui
2028 767 2232 819 dicatos

689 852 931 905 homines
967 868 996 906 e
1032 854 1234 922 palatio
1266 855 1554 923 ejiciehant
1588 874 1602 909 :
1632 856 1719 909 hic
1764 857 2023 925 ejusmodi
2056 859 2229 910 homi—

688 942 839 996 nibus
867 946 1137 1013 praacipue
1189 947 1423 1002 conlisus
1454 958 1554 1007 est,
1584 949 1777 1015 quippe
1815 964 1951 1016 quos
1990 964 2095 1016 prte
2131 966 2230 1001 ca:-

686 1031 815 1083 teris
838 1033 1089 1087 omnibus
1134 1034 1423 1089 benevolos
1472 1036 1850 1102 fidosque-sibi
1884 1051 2002 1089 esse
2032 1037 2229 1090 intelli-

684 1136 856 1189 geret.
894 1122 971 1176 llli
1022 1126 1261 1192 pecunia-
1311 1126 1561 1194 cogenda:
1592 1142 1751 1193 supra
1786 1128 2000 1178 modqu
2035 1128 2177 1179 avidi
2213 1167 2226 1189 ,

670 1212 961 1267 .Tantalico
989 1216 1196 1267 cuidam
1226 1216 1436 1269 aﬂectui
1496 1216 1733 1268 animum
1758 1233 1914 1270 suum
1959 1220 2229 1283 mancipa-

683 1313 910 1358 verant:
947 1304 1035 1357 hic
1076 1308 1243 1373 regali
1295 1306 1691 1375 magniﬁcentia
1725 1308 2008 1360 thesauros
2042 1323 2227 1361 omnes

686 1390 984 1451 recludens.
1014 1392 1216 1445 liberali
1243 1402 1297 1445 et
1341 1407 1601 1459 generosa
1632 1393 1909 1461 largitione
1929 1410 2021 1448 eos
2050 1388 2229 1449 diszri-

684 1482 818 1537 buit.
851 1484 1088 1553 Denique
1121 1486 1191 1536 illi
1222 1486 1435 1553 quidem
1472 1484 1887 1537 innumerabiles
1918 1487 2091 1537 cwdes
2115 1501 2227 1553 per-

686 1572 990 1639 petrabant,
1024 1582 1081 1627 ut
1108 1574 1516 1627 interfectorum
1558 1573 1695 1625 bona
1730 1572 2023 1641 diriperent
2046 1591 2107 1627 ac
2139 1592 2225 1644 pu-

685 1661 946 1715 blicarent
978 1680 991 1714 :
1030 1662 1260 1730 quandiu
1305 1677 1437 1716 vero
1476 1662 1761 1729 imperavit
1791 1662 2176 1717 Constantinus
2205 1705 2219 1729 ,

682 1751 888 1807 cunctis
911 1752 1177 1818 iudicibus
1209 1753 1416 1823 gladius
1456 1756 1662 1808 otiosus
1687 1769 1900 1823 semper
1934 1766 2096 1819 atque
2146 1756 2225 1809 iu-

680 1846 935 1890 crueutus
975 1843 1226 1906 pependit
1257 1864 1267 1895 :
1307 1856 1427 1894 cum
1458 1843 1509 1895 in
1534 1844 1782 1897 omnibus
1812 1846 2106 1913 provinciis
2130 1860 2222 1913 p0-

679 1927 785 1995 puli
810 1929 968 1981 simul
1008 1946 1069 1984 ac
1103 1932 1420 1987 decuriones
1459 1935 1634 2001 patria
1679 1937 1907 2004 quadam
1962 1948 2224 2005 potestate

678 2020 855 2087 potius
883 2036 1038 2088 quam
1083 2022 1129 2074 vi
1168 2038 1229 2078 ac
1261 2026 1581 2079 necessitate
1632 2039 1968 2093 regerentur.
1999 2028 2125 2093 Quae
2178 2032 2219 2083 si

676 2110 797 2176 quis
824 2114 1078 2177 attentius
1100 2116 1544 2182 consideravorit,
1584 2120 1778 2171 merito
1834 2121 2074 2173 dicturus
2101 2131 2218 2184 est,

676 2215 869 2253 novum
896 2206 1160 2271 quoddam
1196 2206 1448 2261 saeculum
1500 2210 1711 2294 tandem
1752 2212 2061 2278 apparuisse
2116 2212 2213 2264 sibi

2332 497 2428 559 τὰς
2452 500 2665 568 μνήμας
2686 498 2863 566 ’τιμῶν
2895 499 2953 549 ού
2991 497 3346 567 διελίμπανεν.
3376 498 3434 548 Οἱ
3461 496 3557 564 μὲν
3586 495 3688 546 τῶν
3711 494 3825 563 βασι-

2331 587 2493 639 λικῶν
2547 587 2773 657 ἡλαυνον
2822 587 2983 638 οἴκων
3034 588 3155 648 τοὺς
3186 584 3449 645 θεοσεϐεῖς
3507 583 3712 653 ἄνδρας,
3741 583 3825 635 ὁδδ

2332 680 2509 739 αὐτοῖς
2564 678 2793 746 μάλιστα
2858 677 3061 737 τούτοις
3121 675 3335 727 διετέλει
3384 674 3613 743 θαρρῶν,
3675 671 3824 735 εὔνους

2331 766 2474 835 αὐτῷ
2506 767 2615 835 (22)
2654 770 2743 819 καὶ
2783 770 3001 830 πιστοὺς
3039 768 3284 819 ἁπάντων
3319 763 3511 834 μᾶλλον
3544 762 3746 825 τούτους
3764 759 3822 814 εἷ-

2330 872 2415 905 ναι
2462 854 2758 920 γινώσκων.
2802 856 2862 906 Οί
2906 857 3001 924 μὲν
3048 853 3335 924 χρημάτων
3374 854 3565 921 ἥττους
3603 852 3821 919 ὑπῆρχον,

2330 944 2562 996 Τανταλε
2574 945 2633 1013 ίῳ
2656 946 2750 1011 τὴν
2772 944 2939 1014 ψυχὴν
2975 945 3128 997 πάθει
3156 942 3551 1012 δεδουλωμένοι,
3578 944 3605 993 ὁ
3631 942 3683 994 δὲ
3706 940 3823 1010 βασι-

2329 1036 2447 1104 λικῇ
2481 1035 2912 1105 μεγαλοπρεπείᾳ
2954 1037 3152 1097 πάντας
3186 1033 3521 1095 ἀναπετάσας
3544 1032 3822 1101 θησαυροὺς,

2328 1126 2552 1194 πλουσία
2567 1126 2657 1176 καὶ
2671 1125 3019 1193 μεγαλοψύχῳ
3035 1126 3208 1193 δωρεᾷ
3230 1126 3324 1186 τὰς
3348 1124 3649 1193 μεταδόσεις
3661 1122 3824 1173 ἔποιεῖ-

2327 1233 2401 1267 το.
2439 1216 2499 1283 Οί
2543 1218 2637 1284 μὲν
2684 1217 2901 1285 μυρίους
2964 1218 3370 1286 κατειργάζοντο
3408 1215 3615 1283 φόνους,
3655 1215 3825 1281 ἐφ’ἁρ-

2329 1309 2472 1375 παγῇ
2520 1305 2612 1357 καὶ
2654 1304 2907 1376 δημεύσει
2956 1306 3050 1372 τῆς
3072 1304 3175 1354 τῶν
3229 1304 3621 1373 ἀναιρουμένων
3654 1303 3822 1362 οὐσίας,

2328 1397 2722 1449 Κωνσταντίνου
2743 1396 2783 1447 δ’
2813 1396 2901 1447 ἐπὶ
2926 1394 3067 1462 πάσῃ
3105 1396 3168 1461 τῇ
3199 1393 3456 1460 βασιλείᾳ,
3484 1395 3589 1444 πᾶν
3614 1391 3746 1459 ξίφος
3767 1394 3823 1451 εἰς

2325 1489 2587 1559 ἄχρηστον
2618 1490 2727 1549 τοῖς
2761 1487 3031 1545 δικασταῖς
3063 1484 3369 1553 ἀπῃώρητο,
3409 1483 3513 1534 τῶν
3554 1484 3665 1535 κατ’
3704 1482 3823 1542 ἔθνος

2324 1580 2505 1648 δήμων
2540 1596 2599 1629 τε
2640 1579 2731 1629 καὶ
2771 1574 3092 1627 πολιτευτῶν
3119 1574 3223 1644 (25)
3255 1571 3459 1640 ἀνδρῶν
3503 1588 3824 1641 πατρονομου-

2329 1674 2499 1741 μένων
2523 1670 2632 1738 (24)
2677 1669 2890 1739 μᾶλλον,
2926 1668 2957 1737 ἢ
2988 1668 3089 1719 ἐπ”
3112 1665 3370 1731 ἀνάγκαις
3414 1664 3728 1733 ἀρχομένων.
3752 1663 3823 1725 Ei,-

2257 1739 2295 1791 Β
2395 1763 2458 1832 δὴ
2487 1761 2791 1828 ἀποϐλέψας
2832 1756 2982 1810 εἶπεν
3020 1760 3081 1812 άν
3130 1774 3210 1819 τις
3242 1755 3482 1817 εἰκότως,
3526 1753 3702 1822 νεαρόν
3730 1768 3825 1803 τινα

2319 1854 2411 1906 καὶ
2435 1852 2670 1920 νεοπαγῆ
2698 1852 2805 1921 βίον
2834 1852 2942 1920 (25)
2969 1852 3088 1919 ἄρτι
3114 1851 3229 1901 τότε
3252 1848 3480 1916 φανῆναι
3503 1844 3685 1909 δοκεῖν,
3704 1843 3823 1909 ξένου

2319 1946 2489 2012 φωτὸς
2521 1944 2712 2014 ἀθρόου
2755 1945 2816 1994 ἐκ
2854 1943 3071 2002 σκότους
3102 1940 3175 2009 τῷ
3215 1937 3387 2008 θνητῷ
3422 1930 3824 2003 καταλάμψάνῖος

2316 2034 2479 2098 γένει,
2514 2032 2645 2083 Θεοῦ
2673 2050 2729 2082 τε
2758 2032 2817 2083 τὸ
2843 2033 2945 2083 πᾶν
2976 2031 3130 2099 ἔργον
3154 2025 3288 2080 εἶναι
3325 2025 3618 2096 ὁμολογεῖν,
3638 2022 3825 2093 τῆςτῶν

2317 2123 2485 2174 ἀθέων
2526 2122 2759 2191 πληθύος
2787 2121 3073 2174 ἀντίπαλον
3105 2120 3191 2171 τὸν
3222 2116 3435 2185 θεοφιλῆ
3475 2112 3686 2184 βασιλέα
3718 2128 3823 2180 προ-

2322 2214 2483 2282 6ε6λη
2493 2214 2649 2281 μένου
2661 2254 2672 2267 ,

676 2293 876 2358 videri,
906 2295 1119 2350 insolito
1148 2296 1347 2351 lumine
1381 2293 1808 2366 postdiuturuas
1867 2302 2117 2355 tenebras
2180 2303 2415 2353 humano
2474 2306 2653 2371 generi
2703 2314 2920 2371 repente
2982 2302 3288 2371 alfulgente,
3337 2305 3615 2381 totumque
3644 2296 3733 2349 hoc
3756 2293 3823 2345 Dei

673 2398 807 2449 onus
857 2400 977 2438 esse
1025 2386 1296 2450 fatebitur,
1332 2390 1420 2455 qui
1459 2389 1721 2443 adversus
1757 2390 1902 2441 illam
1964 2390 2247 2457 impiorum
2286 2394 2701 2457 multitudinem,
2742 2395 2883 2447 hunc
2942 2394 3240 2461 religiosum
3297 2390 3669 2456 imperatorem
3713 2384 3826 2436 velut

673 2478 919 2531 tumulum
943 2481 1270 2548 opposuerit.

1156 2590 1317 2663 434
1343 2592 1565 2649 CAPUT
1606 2600 1663 2649 n.

675 2696 873 2751 Rursus
903 2700 967 2752 de
988 2701 1179 2768 pietate
1226 2703 1573 2765 Constantini,
1605 2710 1807 2775 signum
1842 2711 2009 2761 crucis
2063 2710 2219 2762 libere

1288 2776 1595 2841 proﬁtentis.

739 2876 873 2932 Nam
906 2896 1026 2935 cum
1081 2884 1157 2936 illi
1193 2887 1405 2952 quidem
1450 2890 1585 2941 tales
1613 2890 1976 2955 exstitissent,
2034 2893 2218 2959 quales

675 2969 800 3022 nulli
834 2986 1067 3038 unquam
1095 2977 1191 3028 visi
1233 2978 1479 3041 fuerant,
1532 2994 1700 3045 eaque
1746 2983 2007 3035 adversus
2034 2982 2216 3047 Eccle-

672 3063 805 3113 siam
848 3064 1131 3117 admittere
1164 3068 1275 3119 ausi
1308 3068 1685 3133 fuissent,qu:e
1712 3084 1863 3122 nemo
1887 3086 2117 3136 unquam
2149 3072 2213 3121 ab

590 3152 595 3157 '
673 3150 859 3205 ultima
896 3170 1065 3221 usque
1103 3157 1377 3209 hOntinum
1436 3159 1693 3209 memoria
1719 3157 1872 3225 {facta
1909 3173 2027 3211 esse
2066 3160 2213 3209 audi-

674 3254 809 3308 erat,
838 3246 1029 3299 merito
1059 3248 1195 3301 Deus
1235 3249 1545 3301 inusitatum
1573 3248 1836 3315 quoddam
1866 3250 2203 3311 miraculum,

672 3335 1079 3389 Constantinum
1104 3340 1329 3401 scilicet,
1360 3340 1411 3391 iu
1436 3340 1666 3393 medium
1693 3342 2016 3408 producens,
2040 3355 2097 3391 ea
2124 3332 2216 3407 per

674 3425 819 3477 illum
839 3427 1026 3495 gessit,
1060 3443 1177 3496 quae
1210 3446 1308 3483 nec
1359 3431 1543 3483 auditu
1580 3446 1811 3498 unquam
1843 3439 2082 3498 accepta,
2122 3446 2218 3483 nec

671 3518 839 3568 oculis
874 3518 988 3571 visa
1033 3518 1260 3573 fuerant.
1297 3520 1445 3585 Quod
1496 3524 1640 3575 enim
1695 3524 2011 3575 miraculum
2045 3523 2215 3590 magis

673 3623 869 3661 novum
906 3620 957 3662 et
984 3611 1291 3664 inusitatum
1326 3612 1443 3678 fuit,
1476 3629 1632 3681 quam
1684 3616 2017 3683 imperatoris
2045 3616 2210 3667 nostri

671 3698 859 3761 virtus,
896 3713 1052 3766 quem
1090 3702 1177 3754 Dei
1208 3703 1463 3770 sapientia
1502 3705 1733 3758 humano
1755 3706 1931 3772 generi
1963 3706 2212 3758 donavit?

671 3789 874 3857 Quippe
903 3790 989 3843 ille
1020 3806 1136 3844 cum
1166 3794 1309 3846 omni
1353 3793 1545 3849 ﬁducia
1574 3811 1635 3850 ac
1665 3796 1911 3849 libertate
1937 3797 2210 3851 Christum

676 3879 765 3930 Dei
794 3880 998 3934 cunctis
1026 3894 1281 3949 perpetuo
1310 3887 1647 3952 praedicavit,
1682 3902 1777 3939 nec
1802 3888 2019 3941 salutari
2049 3906 2207 3942 voca-

671 3968 797 4019 bulo
830 3972 1037 4022 censeri
1078 3973 1311 4027 erubuit.
1339 3974 1533 4029 Verum
1557 3977 1625 4028 ob
1664 3992 1778 4029 cam
1808 3994 1919 4030 rem
1948 3994 2064 4032 sese
2097 3995 2209 4041 ma-

670 4072 900 4123 gnopere
924 4059 1171 4123 efferens.
1204 4066 1450 4119 omnibus
1487 4083 1544 4119 se
1568 4072 1888 4120 IIOSCPﬂl'lIn]
1924 4070 2163 4122 exhibuit
2191 4089 2203 4122 :

2848 2596 3066 2647 ΚΕΦΑΛ
3076 2594 3229 2645 ΑΙΟΝ
3263 2594 3334 2643 B'.

2325 2709 2449 2761 Ἔτι
2479 2706 2607 2771 περὶ
2629 2704 2732 2781 ζῇς
2746 2700 3549 2781 ἐὐσεϐξίαςφκωνσταζτίνοω
3565 2698 3825 2781 ’ἐμπαρῤηα

2525 2774 2867 2841 σωζομένου
2890 2772 2969 2837 τῷ
2992 2773 3093 2823 τοῦ
3121 2772 3375 2835 σταυροῦ
3400 2772 3636 2833 σημείῳ.

2400 2884 2609 2953 Ἐπειδὴ
2647 2882 2751 2951 γὰρ
2798 2883 2845 2932 οἱ
2888 2882 3001 2949 μὲν,
3053 2877 3151 2932 οἷοι
3194 2879 3413 2947 μηδένες
3454 2878 3595 2932 ἄλλοι
3630 2875 3824 2933 πώποτ’,

2317 2974 2591 3043 ὤφθησαν,
2618 2973 2707 3024 καὶ
2740 2966 2825 3023 οἷα
2860 2973 2976 3041 μηδ’
3008 2971 3062 3035 ἐξ
3092 2972 3277 3033 αἰῶνος
3308 2972 3439 3040 ἀκοῇ
3478 2971 3824 3040 παρείληπται.

2320 3063 2456 3115 κατὰ
2494 3062 2593 3129 τῆς
2631 3062 2947 3129 Ἑκκλησίας
2987 3061 3389 3131 τετολμήκασιν,
3424 3063 3640 3123 εἰκότως
3665 3063 3691 3113 ό
3718 3062 3827 3120 Θεδς

2320 3154 2498 3215 αὐτὸς,
2529 3154 2673 3218 ξένον
2706 3171 2755 3204 τι
2788 3155 2891 3222 χρῆ
2902 3172 2973 3222 μα
3000 3154 3455 3225 προστησάμενος,
3480 3154 3547 3205 τὰ
3573 3156 3686 3224 μήτ’
3712 3154 3825 3220 ἁκοῇ

2320 3244 2640 3310 γνωσθέντα,
2675 3246 2793 3314 μήτ’
2820 3245 2936 3312 ὄψει
2964 3245 3341 3313 παραδοθέντα,
3370 3245 3435 3296 δι’
3458 3245 3613 3297 αὑτοῦ
3637 3260 3825 3313 κατειρ-

2320 3338 2529 3401 γάζετο.
2574 3338 2679 3387 Καὶ
2730 3336 2779 3387 τί
2819 3335 3071 3406 νεώτερον
3098 3335 3203 3403 (26)
3233 3332 3299 3404 ἦν
3330 3336 3389 3387 τὸ
3418 3336 3597 3406 θαῦμα
3628 3336 3719 3402 τῆς
3749 3334 3827 3403 βα-

2326 3425 2509 3487 σιλέως
2542 3426 2757 3495 ἀρετῆς,
2783 3428 2845 3477 ὲκ
2871 3425 2999 3477 Θεοῦ
3035 3426 3221 3493 σοφίας
3234 3424 3309 3493 τῷ
3343 3424 3518 3493 θνητῷ
3541 3424 3675 3490 γένει
3695 3421 3828 3472 858w-

2326 3517 2585 3587 ρημένον;
2621 3520 2902 3588 Τοιγάρτοι
2943 3518 3029 3569 τὸν
3052 3516 3285 3585 Χριστὸν
3315 3514 3407 3566 τοῦ
3432 3514 3561 3566 Θεοῦ
3594 3514 3684 3565 σὺν
3712 3512 3829 3577 παῤ-

2322 3611 2483 3681 ρησία
2519 3615 2581 3681 τῇ
2627 3612 2769 3681 πάσῃ
2814 3610 3122 3681 πρεσϐεύων
3160 3611 3236 3671 είς
3278 3608 3478 3669 πάντας
3506 3606 3733 3664 διετέὴι,
3769 3601 3825 3669 μὴ

2318 3703 2781 3771 ἐγκαλυπτόμενος
2819 3702 2913 3771 τὴν
2948 3703 3204 3770 σωτήριον
3244 3697 3535 3767 ἐπηγορίαν
3557 3714 3569 3727 ·
3606 3693 3830 3761 σεμνολο-

2314 3799 2407 3865 γού
2418 3816 2571 3868 μενος
2602 3799 2644 3850 δ’
2674 3799 2765 3850 ἐπὶ
2792 3798 2867 3866 τῷ
2896 3798 3193 3866 πράγματι,
3238 3794 3462 3863 φανερὸν
3507 3790 3684 3842 ἑαυτὸν
3714 3786 3826 3839 καθ·

2313 3891 2451 3957 ίστη,
2486 3889 2578 3940 νῦν
2614 3890 2708 3959 μὲν
2750 3889 2809 3939 τὸ
2839 3888 3121 3957 πρόσωπον
3152 3885 3226 3952 τῷ
3266 3882 3512 3950 σωτηρίῳ
3548 3893 3831 3944 κατασφρα·

2309 3982 2587 4049 γιζόμενος
2622 3980 2847 4049 σημείῳ,
2879 3977 2970 4029 νῦν
2995 3978 3037 4028 δ’
3065 3972 3481 4042 ὲναὸρυνόμενος
3501 3968 3573 4038 τῷ
3595 3964 3843 4035 νικητικῴ

2309 4072 2565 4142 τροπαίῳ.

672 4148 796 4198 dum
830 4164 967 4202 nunc
994 4153 1202 4217 quidem
1230 4156 1449 4210 salutari
1482 4160 1631 4226 signo
1656 4159 1857 4213 vultum
1890 4162 2173 4230 consignat
2193 4202 2209 4226 ,
2248 4180 2388 4217 nunc
2412 4163 2715 4231 triumphali
2742 4162 2996 4231 gloriatur
3023 4169 3241 4226 tropaeo.

743 4322 853 4395 (21)
899 4320 977 4395 Τῇ
1010 4325 1327 4395 πρεπούσῃ
1351 4328 1452 4379 τοῦ
1497 4328 1642 4381 Θεοῦ
1692 4331 1953 4383 κολάσει.
2007 4330 2208 4384 Mallem

2317 4332 2499 4385 codice
2541 4331 2672 4383 Fuk.
2720 4346 2815 4395 pro
2866 4331 2947 4378 ἐπ’
2975 4327 3231 4391 ἀνάγκαις
3258 4325 3448 4388 legitur
3470 4326 3558 4377 ὑπ’
3581 4326 3824 4395 ἀνάγκης.

670 4393 906 4466 scribere
951 4394 1014 4442 ἐκ
1065 4392 1196 4442 Θεοῦ
1256 4394 1503 4457 κολάσει,
1551 4408 1606 4450 ut
1656 4400 1794 4466 loqui
1850 4402 1985 4453 solet
2041 4403 2208 4454 Ense-

673 4461 809 4512 bius.
855 4506 860 4511 .

740 4528 849 4595 (2‘2)
891 4528 1043 4595 Vulg.
1068 4528 1206 4593 τοὺς
1226 4529 1438 4594 εὔνους
1469 4532 1644 4595 αὐτῷ.
1680 4535 1940 4589 Delendus
1971 4551 2052 4592 est
2086 4540 2210 4592 arti-

672 4599 822 4649 t'ttlus
846 4598 989 4659 τούς.

740 4667 849 4735 (25)
874 4667 1080 4735 Δήμωτι
1099 4685 1162 4720 τε
1183 4667 1276 4740 καί
1302 4669 1679 4740 πολιτεντῶν.
1701 4670 1865 4733 Hujus
1890 4677 2032 4727 verbi
2058 4678 2211 4740 signi.

671 4735 971 4789 ficationem
997 4755 1100 4790 non
1128 4737 1386 4789 intellexit
1407 4740 1936 4807 (Ihtistuphorsouus,
1961 4746 2046 4807 qui
2071 4735 2211 4798 πολι-

667 4807 858 4869 τευτάς
916 4808 1046 4859 cives
1088 4808 1263 4859 vertit.
1322 4809 1479 4873 Atqui
1537 4806 1837 4859 πολιτευταί
1885 4806 2010 4863 sunt
2046 4816 2208 4865 tlccu~

672 4875 867 4945 _ri_oues.
898 4886 953 4926 ut
981 4876 1301 4945 jampridem
1342 4876 1517 4927 notavi
1558 4878 1621 4925 ad
1661 4877 1851 4926 Iihrum
1892 4894 1996 4930 nu
2030 4882 2205 4936 Amm.

673 4943 960 4996 Marcellini
1013 4943 1131 5009 pag.
1164 4946 1288 5008 225,
1319 4961 1382 4996 ex
1427 4945 1765 4996 Artemidore
1812 4956 1859 4995 et
1894 4947 2205 5006 Athanasio.

666 5012 868 5075 Quibus
913 5015 1183 5067 atldentltts
1217 5025 1298 5069 est
1331 5014 1473 5066 loc‘tts
1522 5012 1760 5077 Gregorii
1802 5013 2117 5067 Nazianzcui
2156 5020 2204 5070 in

667 5082 889 5151 epistola
922 5083 987 5135 49
1021 5086 1084 5133 ad
1130 5086 1459 5151 Olympium,
1499 5083 1703 5143 πάντας
1753 5082 1967 5143 πολίτας
2010 5101 2065 5134 τε
2117 5089 2206 5137 καί

668 5150 976 5223 «omnem;
1011 5153 1102 5203 καὶ
1132 5150 1541 5223 ἀξιωματικούς,
1572 5153 1620 5204 itl
1654 5162 1757 5214 est,
1787 5154 2047 5204 universos
2077 5156 2206 5207 cives

666 5230 709 5271 et
738 5221 1035 5272 decuriones
1069 5232 1112 5272 et
1148 5221 1424 5276 honoratos

735 5286 843 5358 (24)
883 5292 1468 5359 Πατρονομουμένων,
1504 5290 1551 5342 id
1598 5299 1707 5353 est,
1739 5302 1953 5356 paterno
1994 5290 2204 5357 imperio

668 5360 794 5425 regi.
826 5359 915 5408 Ait
952 5359 1110 5425 igitur
1149 5362 1484 5413 Constantini
1533 5362 1810 5425 imperium
1854 5362 1921 5411 ob
1974 5366 2205 5411 clemen-

668 5424 1399 5497 tiatu-etmansuetudinem,
1447 5424 1659 5497 prorsus
1692 5431 1865 5482 simile
1908 5430 2069 5481 fuisse
2115 5446 2205 5492 tta-

671 5492 844 5564 tris_in
882 5495 1016 5547 filios
1059 5497 1279 5564 imperio
1311 5518 1322 5551 :
1357 5500 1422 5550 ita
1448 5492 1514 5550 ἰιι
1558 5501 1730 5564 populi
1780 5514 1969 5551 omnes
2007 5513 2067 5549 ac
2112 5500 2205 5551 tle-

670 5562 935 5635 curiones,
962 5580 1065 5617 non
1095 5562 1146 5619 vi
1182 5582 1243 5618 ac
1273 5578 1414 5620 metu
1448 5578 1503 5619 ut
1528 5562 1743 5631 subditi,
1781 5570 1829 5620 iu
1861 5568 2030 5619 otlicio
2076 5583 2201 5619 con-

680 5636 987 5695 tulerentur,
1035 5637 1125 5688 sed
1174 5648 1361 5704 sponte
1414 5640 1832 5704 obsequerentur
1882 5648 1935 5690 ut
1985 5637 2092 5690 lilii.
2146 5638 2199 5690 ln

2383 4401 2490 4468 (23;
2514 4399 2787 4466 Νεοπαγῆ
2812 4399 2980 4468 βίον.Δ
2999 4396 3246 4468 Fclicilcr
3265 4396 3391 4468 mihi
3407 4398 3642 4468 __v_ert_isse
3664 4399 3829 4468 videor

2314 4463 2500 4521 nouum
2527 4463 2795 4521 sa'culu‘m.
2848 4467 2935 4517 Sic
2970 4465 3019 4516 itt
3051 4465 3278 4515 nummis
3326 4463 3548 4531 Philippi
3593 4464 3826 4518 arculum

2312 4555 2504 4590 nouum
2565 4537 2777 4588 dicitur.
2843 4536 3059 4587 Veteres
3123 4533 3328 4585 Etrusci
3384 4534 3599 4586 aiebant
3648 4550 3824 4586 unum-

2309 4610 2557 4674 quodque
2588 4604 2837 4655 saeculum
2868 4618 2895 4653 a
2927 4603 3026 4653 iliis
3047 4602 3318 4674 delinitum
3346 4616 3466 4674 esse
3488 4614 3637 4656 certo
3670 4618 3824 4674 anno-

2313 4671 2425 4727 rum
2460 4671 2614 4726 modo
2648 4691 2659 4723 :
2694 4673 2783 4737 qui
2820 4684 3097 4739 postquam
3149 4671 3327 4723 finitus
3375 4673 3465 4733 sit,
3519 4682 3621 4724 tum
3679 4689 3706 4724 a
3741 4672 3827 4723 diis

2309 4754 2553 4809 portenta
2580 4757 2607 4791 e
2635 4753 2773 4792 terra
2809 4757 2899 4791 seu
2938 4740 3325 4810 cuilitusrmitti,
3354 4742 3548 4808 quibus
3573 4740 3824 4810 signiﬁtcf

2310 4808 2393 4862 tur
2422 4813 2673 4863 Stcculum
2711 4826 2899 4861 novum
2926 4809 3184 4860 inchoari.
3219 4808 3281 4861 Et
3304 4808 3545 4864 homines
3578 4808 3722 4864 nasci
3749 4808 3821 4873 qui

2308 4882 2457 4932 novis
2490 4880 2724 4949 moribus
2764 4889 2919 4949 atque
2968 4878 3220 4949 institutis
3266 4889 3509 4949 utantur,
3554 4891 3606 4933 et
3636 4879 3825 4949 qui‘vcl

2308 4950 2423 5015 plus
2460 4950 2538 4998 vvl
2576 4948 2747 4999 minus
2775 4948 2922 4997 citari
2968 4948 3073 4997 sint
3118 4948 3216 4999 diis
3262 4947 3671 5005 itttrtortalibus.
3721 4947 3826 5000 Hac

2306 5020 2455 5083 signa
2493 5018 2697 5068 Etrusci
2731 5017 3011 5080 diligenter
3040 5026 3215 5067 notata
3264 5019 3527 5071 habebant
3569 5021 3621 5071 in
3677 5020 3823 5070 ritua-

2308 5088 2444 5139 libus
2468 5089 2726 5143 librisﬁttt
2753 5086 2961 5147 scripsit
2996 5085 3304 5139 Plutarchus
3336 5088 3387 5139 in
3421 5087 3596 5141 Sulla.
3631 5098 3685 5139 et
3704 5088 3825 5139 Cen-

2306 5158 2517 5207 sorinus
2565 5156 2613 5205 in
2654 5170 2702 5205 C.
2754 5154 2813 5203 l7
2864 5154 2933 5203 De
2984 5156 3066 5205 die
3116 5157 3295 5209 natali.
3345 5155 3517 5208 Verba
3567 5155 3822 5208 Plutarchi

2305 5236 2427 5275 sunt
2455 5244 2466 5276 :
2488 5222 2636 5275 Εἶναι
2664 5223 2758 5291 μὲν
2776 5221 2879 5293 γάρ
2905 5224 3076 5274 αὐτῶν
3098 5224 3238 5275 ὀκτὼ
3262 5226 3334 5277 τὰ
3367 5225 3657 5293 σύμπαντα
3688 5225 3823 5291 γένη,

2303 5291 2949 5364 διαφέρονταγτοῖςῄβᾲίοις
2988 5294 3079 5345 καὶ
3122 5298 3231 5355 τοῖς
3262 5294 3423 5364 {165m
3442 5291 3521 5345 δι’
3566 5295 3823 5364 ἀλλήλων·

2304 5360 2513 5431 ἑκάστῳ
2536 5363 2590 5413 δὲ
2622 5360 2916 5433 ἀφωρίσθαι
2950 5365 3116 5431 χρόνῳ
3157 5360 3383 5433 ἀριθμὸν
3418 5363 3521 5415 ὑπὸ
3550 5364 3645 5415 τοῦ
3685 5360 3824 5418 Θεοῦ,

2306 5432 2794 5502 συμπεραινόμενον
2838 5433 3075 5485 ἐνιαυτοῦ
3125 5433 3354 5501 μεγάλου
3398 5432 3665 5502 περιόδῳ,
3712 5444 3825 5489 etc.

2305 5504 2386 5552 tibi
2427 5499 2662 5561 ἐνιαυτὸς
2687 5499 2854 5568 μέγας
2878 5499 3135 5553 saeculum
3158 5512 3255 5554 est.

2372 5570 2477 5635 (26)
2510 5569 2659 5635 Vulg.
2702 5572 2808 5622 Καί
2838 5588 2887 5622 τι
2923 5570 3222 5637 νεώτερον.
3256 5570 3610 5627 δοῐίὺειιιίυῐι]
3642 5580 3725 5624 est
3750 5580 3826 5637 ρετ

2306 5638 2772 5707 interrogationem
2799 5642 2889 5693 καὶ
2916 5642 2965 5692 τί
2999 5640 3285 5712 νεώτερονς
