3976 6342
225 298 363 352 1057
903 248 908 257 ’
1263 287 1348 341 os
1389 286 1542 342 τιτι
1576 286 1792 343 εοΝετ

1836 287 2029 343 .NTINI
2069 288 2175 342 LIB
2237 287 2323 343 lll.
2878 322 2891 334 ο
3090 288 3093 291 ¹
3273 292 3406 346 1058

747 408 1129 462 ΚΕΦΔΛΑῙΟΝ
1158 408 1207 458 Γ¹
1217 446 1230 459 .
1794 420 1833 466 Α

1794 420 1833 466 Δ
2471 404 2693 463 CAPUT
2722 405 2806 461 ΙΙΙ.

220 502 363 570 Περὶ
381 502 607 567 εἰκόνος
641 499 841 570 αὑτοῦ,
867 492 997 570 ἐν·ρῇ
1020 497 1373 570 ὑπερέκείτο-
1386 495 1502 565 μὲν
1525 500 1557 549 ό
1582 512 1761 549 σταυ-

1862 499 1938 552 De
1970 499 2190 569 imagine
2211 496 2563 570 Constantini,
2589 500 2673 551 cui
2699 497 3051 570 crux‘quidem
3076 498 3404 565 superposita

456 570 583 637 ρὸς,
613 569 911 634 πέπληκτο
936 566 1002 618 δὲ
1027 566 1177 618 κάτω
1208 570 1240 618 ό
1268 566 1515 633 δράκων.
1976 629 1978 632 ν

1415 583 1515 619 ων.
1976 629 1978 632 ν
2078 566 2090 569 ⁷
2272 576 2400 627 erat,
2433 568 2572 633 infra
2610 578 2781 619 autem
2808 567 2984 619 draco.

303 661 364 713 ’Θ
387 660 480 730 μὲν
530 659 590 726 δὴ
620 658 711 709 καὶ
742 658 797 707 ἐν
836 655 1045 725 γραφῆς
1082 654 1391 723 ὑψηλοτάτῳ
1440 654 1625 707 πίνακι
1657 655 1761 724 πρὸ

1933 660 2069 725 Quin
2092 656 2334 712 etiamin
2361 656 2576 711 sublimi
2606 658 2835 725 quadam
2868 655 3045 708 tabula
3076 664 3201 709 ante
3239 655 3403 734 vesti-

216 751 328 802 τῶν
360 750 639 819 βασιλικῶν
681 747 956 816 προθύρων
996 744 1348 813 ἀνακειμένῳ,
1393 747 1504 807 τοῖς
1546 746 1759 798 πάντων

1864 751 2041 803 bulum
2072 748 2255 816 palatii
2291 748 2487 815 posita,
2540 747 2749 800 cunctis
2802 744 3150 815 spectandum
3209 758 3404 813 propo-

214 842 511 911 ὀφθαλμοῖς
535 839 753 909 ὁρᾶσθαι
781 837 1071 908 προύτίθει,
1091 836 1151 888 τὸ
1178 836 1273 905 μὲν
1315 836 1576 905 σωτήριον
1604 837 1761 907 ὑπερ-

1862 843 1985 903 suit,
2020 839 2254 892 salutare
2293 838 2509 905 quidem
2562 836 2772 904 signum
2820 832 2981 907 capiti
3014 849 3112 888 suo
3143 847 3402 902 superpo-

218 931 469 997 κείμενον
496 929 592 997 τῆς
609 926 767 979 αὑτοῦ
793 926 1028 994 κεφαλῆς
1055 927 1119 993 τῇ
1142 928 1322 995 γραφῇ
1350 924 1639 995 παραδοὺς,
1669 926 1759 978 τὸν

1861 931 2018 983 situm
2052 946 2067 981 :
2118 926 2259 980 infra
2296 940 2426 979 vero
2460 925 2670 978 hostem
2707 922 2855 975 illum
2901 932 2957 975 et
3005 921 3278 976 inimicum
3310 936 3402 989 ge-

211 1019 274 1069 δὲ
295 1017 481 1086 ἐχθρὸν
506 1015 596 1067 καὶ
627 1015 874 1084 πολέμιον
904 1013 1059 1083 θῆρα,
1078 1013 1165 1065 τὸν
1188 1014 1287 1083 τὴν
1328 1014 1645 1084 Ἐκκλησίαν
1663 1014 1755 1067 τοῦ

1860 1017 2003 1072 neris
2051 1015 2313 1078 humani,
2371 1014 2461 1082 qui
2521 1012 2803 1081 impiorum
2861 1024 3207 1081 tyrannorum
3242 1027 3401 1079 opera

216 1106 355 1158 Θεοῦ
384 1106 464 1157 διὰ
494 1106 589 1174 τῆς
621 1106 724 1158 τῶν
760 1104 931 1157 ἀθέων
968 1104 1391 1173 πολιορκήσαντα
1428 1106 1754 1174 τυραννίδος,

1860 1106 2153 1162 Ecclesium
2188 1105 2281 1159 Dei
2304 1113 2730 1174 uppttgnaverat,
2756 1103 2855 1157 sub
2885 1104 3136 1158 draconis
3159 1103 3327 1158 forma
3350 1105 3400 1155 in

214 1197 360 1249 κατὰ
385 1196 539 1265 βυθοῦ
576 1196 864 1266 φερόμενον
899 1198 1123 1265 ποιήσας
1150 1197 1207 1247 ἐν
1236 1195 1519 1266 δράκοντος
1556 1200 1753 1267 μορφῇ.

1857 1210 2094 1265 prarceps
2121 1205 2387 1248 ruentem.
2411 1195 2615 1261 Quippe
2637 1193 2814 1246 divina
2842 1194 3059 1248 oracula
3091 1195 3143 1249 in
3178 1196 3404 1264 prophe-

212 1288 494 1357 Δράκοντα
527 1288 632 1356 γὰρ
668 1286 825 1337 αὑτὸν
853 1287 944 1337 καὶ
986 1284 1190 1337 σκολιὸν
1228 1286 1348 1353 ὅφιν
1377 1287 1434 1338 ἐν
1469 1287 1756 1357 προφητῶν

1860 1294 2035 1339 tarum
2059 1285 2233 1349 libris,
2264 1286 2550 1337 draconem
2584 1283 2727 1336 illum
2752 1278 2813 1336 et‘
2850 1285 3125 1338 sinuosum
3177 1302 3400 1355 serpen-

209 1376 355 1427 Θεοῦ
388 1376 583 1445 βίϐλοις
615 1377 902 1446 ἀνηγόρευε
940 1376 1006 1428 τὰ
1036 1376 1203 1443 λόγια.
1246 1377 1333 1428 Διὸ
1371 1376 1464 1429 καὶ
1509 1376 1757 1447 βασιλεὺς

1862 1385 1967 1429 tem
2003 1376 2356 1443 appellarunt.
2401 1375 2603 1429 Idcirco
2641 1376 2932 1444 imperator
2960 1366 3251 1430 draconem
3285 1376 3403 1430 telis

218 1466 320 1518 δπδ
355 1468 465 1528 τοῖς
490 1466 648 1518 αὑτοῦ
674 1465 887 1518 καὶτῶν
920 1465 1083 1519 αὐτοῦ
1118 1466 1263 1528 ποσὶ,
1298 1466 1435 1535 βέλει
1473 1468 1755 1539 πεπαρμέ-

1859 1481 1953 1534 per
1974 1466 2203 1519 medium
2229 1474 2469 1518 ventrem
2502 1468 2791 1530 conﬁxum,
2817 1474 2873 1517 et
2892 1466 2945 1517 in
2975 1464 3270 1534 profundos
3292 1482 3403 1519 ma-

214 1575 303 1609 νον
326 1557 465 1610 κατὰ
486 1557 645 1627 μέσου
667 1556 758 1610 τοῦ
782 1558 990 1620 κύτους,
1014 1557 1192 1626 βυθοῖς
1216 1576 1273 1610 τε
1296 1558 1564 1629 θαλάσσης
1596 1562 1757 1630 ἀπερ-

1861 1558 1934 1610 ris
1965 1557 2204 1626 gurgites
2235 1554 2555 1623 projectum,
2582 1556 2681 1610 sub
2706 1556 2820 1608 suis
2849 1570 3177 1624 suorumque
3206 1556 3403 1611 libero-

212 1648 496 1717 ῥιμμένον,
541 1646 627 1700 διὰ
672 1648 765 1716 τῆς
817 1650 1108 1719 κηροχύτου
1149 1650 1364 1719 γραφῆς
1400 1650 1603 1704 ἐδείκνυ
1644 1656 1754 1716 τοῖς

1859 1662 1975 1699 rum
2016 1648 2239 1715 pedibus
2279 1662 2403 1700 cera
2461 1648 2581 1716 igne
2621 1646 2863 1701 resoluta
2892 1645 3104 1715 depingi
3146 1648 3399 1715 proponi-

209 1740 348 1790 πᾶσι
369 1739 458 1792 τὸν
480 1739 756 1809 δράκοντα,
781 1734 880 1795 ὧδέ
895 1758 969 1812 πη
992 1741 1081 1793 τὸν
1102 1741 1280 1811 ἀφανῆ
1300 1742 1393 1794 τοῦ
1416 1742 1521 1793 τῶν
1544 1742 1640 1795 ἀνθ
1650 1743 1752 1812 ρώ-

1855 1752 1956 1803 qtte
1983 1737 2229 1791 omnibus
2258 1737 2458 1803 voluit,
2507 1738 2608 1791 hoc
2638 1739 2889 1793 videlicet
2923 1737 3081 1791 modo
3107 1738 3396 1807 designans

209 1842 330 1879 πων
360 1828 546 1894 γένους
586 1828 833 1898 πολέμιον
871 1830 1249 1899 αἰνιττόμενος,
1303 1830 1361 1883 ὃν
1403 1832 1495 1885 καὶ
1535 1832 1756 1901 δυνάμει

1854 1826 2122 1880 occultum
2160 1828 2377 1879 humani
2413 1829 2629 1896 generis
2656 1829 2893 1893 hostem,
2944 1842 3105 1896 quem
3147 1821 3400 1882 salutaris

207 1918 305 1970 τοῦ
341 1918 476 1988 ὑπὲρ
511 1919 747 1989 κεφαλῆς
777 1919 1125 1989 ἀνακειμένου
1172 1922 1434 1991 σωτηρίου
1475 1923 1752 1991 τροπαίου,

1856 1915 1996 1968 illius
2025 1916 2206 1984 tropzni
2242 1919 2382 1981 quod
2416 1918 2576 1985 capiti
2605 1918 2773 1986 ipsius
2813 1917 3209 1985 superpositum
3254 1926 3395 1980 erat,

210 2008 359 2060 κατά
401 2008 572 2077 βυθῶν
604 2009 873 2071 ἀπωλείας
917 2010 1282 2079 κεχωρηκέναι
1330 2010 1535 2081 ἐδήλου.
1600 2011 1755 2064 Ἀλλά

1852 2006 1903 2058 vi
1943 2018 2004 2058 ac
2029 2008 2265 2072 potentia
2312 2007 2365 2059 in
2416 2008 2565 2059 exitii
2622 2008 2935 2060 barathrum
2969 2008 3244 2060 detrusum
3274 2021 3397 2060 esse

204 2097 381 2151 ταῦτα
409 2099 502 2167 μὲν
528 2098 673 2151 ἄνθει
702 2097 997 2168 χρωμάτων
1022 2100 1257 2168 ᾐνίττετο
1279 2100 1363 2153 διὰ
1388 2102 1487 2170 τῆς
1516 2102 1716 2165 εἰκόνος
1735 2118 1749 2132 ⁸

1852 2092 2212 2160 signiﬁcabat.
2239 2095 2413 2161 Atque
2452 2095 2553 2147 hoc
2581 2091 2798 2161 quidem
2844 2094 3018 2162 imago
3049 2094 3212 2148 vat-iis
3245 2094 3395 2148 colo-

206 2187 313 2256 ἐμὲ
356 2188 413 2240 δὲ
464 2188 641 2257 Θαῦμα
680 2187 779 2255 τῆς
817 2186 910 2239 τοῦ
958 2186 1218 2255 βασιλέως
1259 2192 1475 2257 κατεῖχε
1521 2188 1750 2259 μεγαλο-

1854 2182 2000 2235 ribus
2032 2183 2259 2250 depicta,
2311 2184 2469 2237 tacite
2512 2183 2802 2239 indicabat.
2831 2183 2958 2236 Mihi
2983 2198 3112 2237 vero
3141 2184 3390 2237 eximiam

209 2275 380 2341 νοίας,
409 2276 481 2338 ὡς
507 2277 793 2345 ἐμπνεύσει
816 2277 931 2346 θείᾳ
952 2275 1121 2331 ταῦτα
1144 2278 1414 2340 διετύπου,
1439 2278 1474 2332 ἀ
1496 2279 1558 2349 δὴ
1580 2280 1750 2347 φωναὶ

1852 2272 2191 2340 imperatoris
2219 2273 2620 2342 intelligentiam
2673 2275 2856 2327 mirari
2880 2274 3043 2339 subit,
3089 2276 3181 2341 qui
3208 2275 3392 2329 divino

204 2366 498 2434 προφητῶν
518 2360 619 2417 ὧδέ
656 2382 757 2418 που
782 2365 906 2435 περὶ
930 2365 1079 2417 τοῦδε
1109 2365 1202 2418 τοῦ
1232 2366 1393 2436 θηρὸς
1421 2366 1605 2427 ἐϐόων,
1654 2368 1751 2420 ἐπ-

1850 2362 2079 2428 quodam
2109 2362 2288 2415 aillatu
2343 2364 2621 2432 impulsus,
2651 2377 2711 2416 ea
2754 2364 3019 2432 pingendo
3077 2365 3344 2432 expressit
3372 2403 3388 2428 ,

201 2454 354 2517 ἄξειν
407 2454 496 2507 τὸν
524 2455 671 2522 Θεὸν,
711 2456 980 2523 λέγουσαι,
1015 2456 1113 2525 τὴν
1161 2458 1428 2527 μάχαιραν
1458 2458 1553 2527 τὴν
1584 2458 1750 2527 μεγά-

1849 2465 1966 2518 quae
1993 2450 2375 2520 prophetarum
2400 2455 2621 2507 vocibus
2644 2454 2708 2507 de
2727 2454 2889 2524 485
2913 2456 3079 2509 bestia
3102 2455 3190 2509 illa
3221 2456 3390 2509 multo

200 2542 305 2611 λην
334 2543 426 2594 καὶ
449 2542 696 2613 φοὸεράν,
720 2545 810 2596 ἐπὶ
833 2544 921 2596 τὸν
946 2545 1207 2615 δράκοντα
1244 2546 1334 2597 τὸν
1358 2546 1477 2614 ὅφιν
1508 2546 1597 2599 τὸν
1624 2547 1750 2616 φεύ-

1850 2549 1970 2594 ante
2002 2542 2255 2608 prtedicta
2308 2542 2562 2598 fuerant:
2619 2546 2781 2600 Deum
2810 2547 3016 2600 scilicet
3063 2548 3385 2602 macharam

201 2649 389 2699 γοντα,
421 2633 513 2684 καὶ
534 2634 734 2686 ἀνελεῖν
764 2634 853 2687 τὸν
879 2634 1139 2705 δράκοντα
1172 2635 1260 2688 τὸν
1306 2638 1361 2688 ἐν
1386 2639 1449 2707 τῇ
1490 2636 1745 2709 θαλάσσῃ.

1850 2630 2117 2698 ingentem
2152 2641 2207 2685 et
2240 2633 2531 2687 terribilem
2566 2635 2880 2688 adacturum
2928 2650 3047 2690 esse
3097 2637 3148 2689 in
3203 2638 3390 2691 draco-

201 2722 432 2784 Είκόνας
462 2723 523 2794 δὴ
558 2724 759 2777 τούτων
788 2725 1032 2777 διετύπου
1066 2724 1335 2793 βασιλεὺς,
1361 2726 1572 2796 ἀληθῶς
1606 2729 1745 2781 ἐντι-

1848 2735 1967 2773 nem
2016 2730 2427 2790 serpentemque
2476 2722 2804 2793 fugientem,
2856 2735 2909 2779 et
2934 2727 3238 2780 occisurum
3268 2739 3389 2780 esse

201 2809 321 2873 (uel;
350 2812 634 2881 μιμήματα
664 2816 729 2883 τῇ
758 2813 1110 2885 σκιαγραφία.

1849 2809 2137 2865 draconem
2186 2812 2387 2879 quiest
2430 2813 2482 2866 in
2538 2815 2694 2868 mari.
2737 2814 2935 2869 llorum
2970 2816 3134 2885 igitur
3166 2817 3387 2888 ﬁguram

400 2922 403 2923 ν
1849 2902 2116 2970 expressit
2169 2902 2462 2972 imperator
2488 2943 2505 2970 ,
2548 2919 2660 2959 rem
2713 2906 2881 2975 ipsam
2929 2908 3135 2976 pictura
3168 2922 3389 2978 prorsus

1274 3015 1282 3024 -
1850 2990 2102 3044 imitatus.

730 3078 1115 3132 ΚΕΦΑΛΔΙΟΝ
1138 3081 1210 3131 ΔΙ.
1274 3015 1282 3024 ·
1767 3045 1818 3103 c
1850 3005 2102 3046 mutatus.

1274 3015 1282 3024 -
1767 3045 1818 3103 ϐ
1850 3005 2102 3046 mutatus.

2436 3083 2663 3139 CAPUT
2702 3083 2792 3138 Ν.

201 3165 328 3217 Ἔτι
353 3165 485 3230 περὶ
504 3167 621 3219 τῶν
642 3167 737 3220 διὰ
776 3160 997 3236 Ἀρειον
1016 3170 1085 3223 ἐν
1103 3172 1373 3238 Αἰγύπτῳ
1390 3169 1745 3239 ζητημάτων.

1846 3169 2050 3225 Rursus
2083 3172 2146 3225 de
2167 3175 2525 3227 controversiis
2545 3175 2597 3228 in
2621 3174 2851 3243 Egyplo
2882 3178 3122 3230 excitatis
3150 3178 3214 3231 ab
3239 3178 3389 3232 Aria.

270 3252 456 3306 Ταῦτα
490 3255 587 3323 μὲν
632 3252 721 3309 οὖν
748 3257 892 3325 αὐτῷ
929 3258 1273 3327 καταθυμίως
1301 3259 1653 3311 συνετελείτο·
1678 3260 1748 3313 τὰ

1916 3262 1981 3314 Et
2008 3264 2122 3317 haec
2142 3264 2355 3330 quidem
2379 3264 2467 3317 ille
2499 3265 2681 3325 libenti
2715 3266 2895 3320 animo
2928 3269 3259 3335 perﬁciebat.
3286 3270 3384 3324 Vev

198 3344 255 3396 δέ
286 3360 351 3411 γε
381 3343 475 3412 τῆς
492 3343 583 3395 τοῦ
610 3344 799 3415 φθόνου
826 3345 1135 3413 βασκανίας,
1162 3347 1348 3409 δεινῶς
1368 3347 1463 3411 τὰς
1485 3348 1622 3401 κατὰ
1651 3349 1746 3419 τὴν

1846 3359 1964 3404 rum‘
1998 3352 2135 3405 livor
2157 3353 2367 3407 invidia:
2403 3355 2492 3422 qui
2519 3354 2778 3409 ecclesias
2807 3356 2899 3408 Dei
2930 3357 2983 3409 ir.
3002 3358 3133 3410 urbe
3154 3357 3387 3411 Alexan-

210 3432 611 3502 ‘AlsEévSpetav
653 3435 967 3505 Ἐκκλησίας
993 3425 1083 3488 τοῦ
1116 3437 1247 3493 Θεοῦ
1294 3439 1742 3507 συνταράττοντα,

1846 3442 1960 3495 dria
2004 3444 2284 3496 etiamtum
2324 3446 2700 3509 conturbabat,
2750 3456 2805 3499 et
2834 3445 3182 3501 Theba'orum
3228 3458 3388 3516 atque

198 3523 297 3575 καὶ
328 3523 389 3574 τὸ
425 3522 669 3592 Θηϐαίων
710 3540 767 3575 τε
802 3524 891 3575 καὶ
924 3525 1228 3591 Αἰγυπτίων
1266 3526 1616 3594 σχισματικδν
1646 3544 1745 3579 καο

1844 3525 2220 3595 IEgyptiorum
2274 3531 2532 3597 pestilens
2586 3531 2847 3598 schisma,
2883 3548 2987 3585 non
3041 3535 3384 3590 mediocriter

196 3614 296 3665 κον
338 3612 467 3682 (‘27),
497 3614 555 3664 οὐ
585 3613 823 3693 σιρικρῶς
852 3614 1011 3667 αὑτὸν
1036 3614 1239 3677 ἐκίνει,·
1260 3616 1746 3685 προσ-ρηγνυμένων

1844 3619 2079 3670 animum
2107 3618 2273 3686 ipsius
2301 3621 2568 3688 angebant
2594 3640 2609 3673 :
2653 3622 2849 3688 quippe
2878 3636 2999 3674 cum
3030 3638 3127 3689 per
3148 3624 3384 3694 singulas

196 3700 324 3754 καθ’
356 3701 586 3771 ἑκάστην
611 3703 761 3756 πόλιν
785 3704 1088 3756 ἐπισκόπων
1116 3704 1447 3766 ἐπισκόποις,
1474 3703 1654 3773 δήμων
1686 3721 1746 3755 τε

1846 3708 2005 3759 urbes
2039 3707 2273 3773 episcOpi
2304 3708 2562 3761 adversus
2591 3708 2873 3775 episcopos
2901 3711 3334 3765 conﬂictarentur
3364 3730 3378 3775 ;

197 3795 391 3863 δήμοις
412 3794 865 3866 ἐπανισταμένων,
911 3797 1002 3848 καὶ
1033 3797 1307 3866 μονονουχὶ
1347 3796 1746 3865 Συμπληγάδων

1844 3804 1898 3848 et
1920 3796 2096 3862 populi
2126 3796 2383 3848 adversus
2416 3797 2638 3863 populos
2675 3797 3055 3864 insurgerent,
3083 3814 3147 3853 ac
3180 3804 3381 3855 mutuis

196 3884 313 3953 (28)
344 3886 778 3939 κατακοπτόντων
812 3886 1085 3957 ἀλλήλους,
1127 3886 1252 3940 ὥστ’
1279 3887 1376 3958 ήδη
1411 3887 1617 3958 φρενῶν
1654 3890 1746 3939 ἐκ-

1932 3885 2238 3939 vulneribus
2272 3885 2440 3940 instar
2469 3885 2875 3955 Symplegadum
2907 3887 3079 3942 collisi
3135 3891 3385 3944 concide-

198 3974 392 4028 στάσει
426 3976 551 4038 τοὺς
585 3978 1029 4048 ἀπεγνωσμένους
1071 3979 1298 4041 ἀνοσίοις
1330 3978 1745 4048 ἐγχειρεῖν,⁷καὶ

1846 3982 1999 4035 rent,
2028 3974 2161 4027 adeo
2182 3982 2241 4026 ut
2270 3972 2453 4027 furore
2483 3975 2692 4028 tandem
2728 3988 2792 4027 ac
2830 3975 3204 4043 desperatione
3228 3981 3331 4031 acti
3360 4017 3376 4043 ,

197 4066 323 4127 ταῖς
370 4063 627 4135 βασιλέως
665 4067 867 4138 τολμᾷν
910 4068 1204 4139 ἐνυϐρίζειν
1257 4069 1456 4121 εἰκόσιν
1477 4086 1489 4098 ’
1533 4071 1593 4121 οὐ
1643 4069 1746 4139 μὴν

1844 4063 2003 4132 impia
2024 4064 2263 4130 quaedam
2282 4065 2585 4131 admittere,
2614 4064 2861 4133 ipsasque
2882 4065 3219 4135 imperatoris
3248 4068 3380 4121 ima-

196 4153 335 4205 ὥστ’
362 4157 441 4217 είς
470 4157 640 4229 ὀργὴν
664 4158 892 4229 ἐγείρειν
920 4160 1009 4212 τὸν
1047 4159 1265 4228 βασιλέα
1300 4159 1512 4230 μᾶλλον,
1541 4160 1573 4231 ἢ
1613 4162 1746 4231 πρὸς

1912 4168 1994 4208 rtes
2023 4154 2223 4208 violare
2251 4155 2365 4208 ausi
2390 4155 2517 4208 sint.
2548 4153 2741 4208 Verum
2776 4156 2887 4210 hac
2919 4172 3021 4210 non
3049 4167 3154 4211 tam
3186 4160 3251 4211 ad
3278 4160 3380 4211 iru-
3480 4171 3482 4173 ‘

199 4243 364 4295 πόνον
402 4244 595 4316 ψυχῆς,
639 4246 1038 4319 ὑπεραλγοῦντα
1088 4248 1186 4319 τῆς
1225 4248 1330 4302 τῶν
1374 4250 1745 4321 φρενοϐλαὸῶν

1845 4244 2094 4297 cundiam
2119 4245 2413 4312 principem
2448 4244 2713 4310 excitare,
2762 4260 2921 4313 quam
2956 4248 3213 4301 mmstitia
3262 4250 3377 4300 ani-

193 4330 475 4394 ἀπονοίας.
1770 4356 1815 4409 D
1848 4348 1988 4385 mum
2012 4334 2131 4403 ejus
2159 4332 2370 4389 allicere
2402 4344 2731 4402 potuerunt;
2761 4337 2955 4405 quippe
3004 4338 3094 4405 qui
3134 4339 3375 4406 perdito-

1843 4438 1957 4475 rum
1984 4424 2252 4478 hominum
2286 4425 2576 4508 amentiam
2608 4440 2929 4495 magnopere
2953 4428 3274 4495 deploraret.

730 4510 1114 4563 ΚΕΦΑΛΑΙΟΝ
1140 4514 1214 4564 E'.

1209 4552 1214 4563 .
2452 4514 2677 4569 CAPUT
2718 4516 2779 4570 ν.

443 4594 579 4659 Περὶ
605 4595 709 4663 τῆς
727 4597 823 4653 διὰ
853 4601 917 4653 τὸ
937 4601 1147 4670 Πάσχα
1168 4604 1466 4679 διχονοίας

2115 4604 2189 4656 De
2215 4605 2535 4658 dissensione
2570 4604 2629 4657 ob
2658 4605 2843 4669 festum
2868 4603 3105 4659 Pam/tae.
3194 4610 3198 4611 “

260 4683 594 4753 Προῦπῆρχε
627 4686 670 4737 δ’
699 4687 804 4757 ἀρα
845 4691 937 4743 καὶ
969 4692 1099 4761 ἄλλη
1138 4711 1223 4756 τις
1264 4693 1463 4747 τούτων
1505 4694 1738 4767 προτέρα

1910 4695 2059 4749 Alius
2088 4709 2298 4763 quoque
2322 4695 2405 4748 his
2428 4694 2698 4761 antiquior
2726 4693 2946 4748 suberat
2976 4696 3189 4748 morbus
3221 4692 3374 4763 longe

195 4773 355 4831 νόσος
400 4772 778 4844 ἀργαλεωτάτη
825 4779 887 4829 ἐκ
930 4781 1136 4848 μακροῦ
1178 4781 1514 4851 διενοχλοῦσα
1541 4783 1667 4852 (29),
1704 4786 1735 4853 ἡ

1842 4786 2206 4854 gravissimus,
2238 4784 2327 4853 qui
2350 4784 2617 4839 Ecclesias
2670 4784 2993 4851 jampridem
3042 4782 3371 4845 infestabat;

193 4862 294 4932 τῆς
331 4858 587 4928 σωτηρίου
610 4862 796 4931 ἐορτῆς
817 4864 1103 4933 διαφωνία⁶
1128 4870 1234 4923 τῶν
1260 4871 1356 4940 μὲν
1382 4871 1601 4923 ἕπεσθαι
1632 4872 1738 4923 δεῖν

1845 4875 2106 4929 dissensio
2131 4874 2344 4929 scilicet
2371 4875 2437 4928 de
2463 4873 2682 4927 salutari
2714 4874 2872 4929 festo.
2908 4874 3111 4941 Quippe
3144 4871 3229 4923 alii
3255 4886 3376 4923 con-

193 4953 258 5019 τῇ
296 4948 561 5000 Ἰουδαίων
590 4950 837 5021 συνηθείᾳ
862 4957 1187 5021 φασκόντων,
1215 4961 1319 5013 τῶν
1347 4961 1423 5023 δὲ,
1450 4964 1738 5032 προσήκειν

1843 4964 2176 5019 suetudinem
2214 4962 2517 5018 Iudaeorum
2566 4964 2714 5031 sequi
2744 4972 2991 5031 oportere
3021 4962 3329 5017 asserebant
3356 4978 3368 5013 :

196 5040 303 5111 τὴν
333 5037 527 5107 ἀκριϐῆ
572 5038 662 5089 τοῦ
696 5042 883 5110 καιροῦ
926 5048 1355 5115 παραφυλάττειν
1393 5050 1558 5121 ὥραν,
1608 5052 1738 5121 μηδὲ

1842 5054 1928 5108 alii
1961 5064 2164 5123 tempus
2196 5054 2367 5120 ipsum
2398 5062 2647 5106 accurate
2693 5052 3085 5106 observandum
3114 5064 3232 5103 esse
3263 5049 3373 5100 aie-

260 5300 381 5383 (27)
410 5297 516 5353 Καὶ
542 5298 606 5383 τὸ
923 5303 1106 5383 reita}
1130 5307 1733 5383 alwztlwﬁa’xrofpa-

1841 5314 2145 5383 πληγάδων,
2168 5311 2432 5379 quomodo
2465 5310 2625 5365 etiam
2658 5308 2937 5364 Turnebus
2982 5310 3047 5363 ad
3091 5325 3256 5364 oram-
3288 5310 3368 5364 sui

194 5366 372 5446 τέκὸιέ
420 5368 620 5446 κακόν.
690 5366 931 5422 Schisma
993 5366 1395 5446 Meletiaitorum
1459 5366 1725 5446 ittiélligit.
1840 5366 2045 5435 codicis
2077 5366 2401 5433 etite'ndarat.
2519 5444 2528 5446 4
2640 5391 2647 5397 '

194 5439 630 5517 {Egyptus-enim
660 5446 782 5517 tunc
817 5440 1067 5517 temporis
1108 5442 1524 5517 duplicihntorbo
1570 5439 1718 5499 labo-

1900 5454 2008 5515 (29)
2075 5451 2165 5500 Ἐκ
2209 5445 2439 5517 μακροῦ
2504 5444 2913 5517 ὃιενοχλοῦσα.
2980 5444 3196 5517 Rectius
3249 5464 3368 5504 meo

196 5506 596 5586 reﬂagériana
616 5506 1337 5586 scilicethaeresinetMeletii
1366 5517 1670 5586 sfltismale.
1827 5506 2040 5580 quidem
2126 5506 2341 5586 judicw'
2396 5506 2779 5586 legeretuféx
2844 5514 3053 5584 μακροῦ
3115 5515 3177 5586 δὴ
3245 5520 3367 5573 ἑνο-

192 5592 193 5595 ‘
263 5578 382 5652 (28)
412 5575 582 5649 Vulg.,
606 5574 1012 5645 Συμπληγάσι.
1044 5575 1218 5632 Codex
1244 5576 1562 5636 rom’ltabet
1582 5582 1718 5652 Συμ-

472 5576 582 5649 tlg.,
606 5574 1012 5645 Συμπληγάσι.
1044 5575 1218 5632 Codex
1244 5576 1562 5636 rom’ltabet
1582 5582 1718 5652 Συμ-
1825 5574 2042 5653 χλοῦσα.
