3980 6344
683 342 699 392 i
711 338 809 393 067

1403 335 1668 392 EUSEBII
1705 332 2175 391 CESARIENSIS
2214 334 2371 390 OPP.’
2405 335 2582 390 PARS
2621 337 2660 391 l.
2703 367 2768 378 -—
2807 335 3191 393 HISTORJCA.

3741 341 3871 394 i068

679 473 977 535 peratoiem
1024 459 1288 514 allocutus
1331 465 1447 522 est,
1491 465 1710 525 propter
1754 453 1900 508 illum
1937 453 2139 524 gratias
2173 464 2220 508 et

2327 456 2657 528 προσφωνῶν
2691 455 2772 528 τῷ
2813 455 3054 526 βασιλεῖ,
3102 455 3181 528 τῷ
3237 474 3294 510 τε
3337 459 3729 527 παντοκράτορι
3767 458 3872 526 8εῷ

682 555 867 609 laudes
896 553 1194 622 perhibens
1245 547 1603 616 omnipotenti
1659 547 1785 600 Deo.
1813 544 2099 614 Postquam
2142 545 2229 600 ille

679 648 841 701 etiam
881 642 1103 706 assedit,
1135 655 1260 693 mox
1297 638 1478 699 cuncti
1518 637 1707 690 deﬁxis
1756 636 1807 689 in
1848 636 2226 707 imperatorem

677 736 847 790 oculis
886 733 1158 788 silentium
1190 730 1394 786 fecere.
1436 728 1525 783 Ille
1557 729 1692 783 laetis
1728 728 1900 783 oculis
1934 737 1989 783 et
2018 729 2230 797 placido

677 825 823 879 vultu
853 825 1134 878 universos
1174 822 1425 884 intuitus,
1471 834 1535 874 ac
1580 819 1771 874 deinde
1799 828 2032 875 mentem
2076 835 2227 875 suam

677 916 730 970 in
777 931 836 970 se
867 914 1142 982 colligens,
1185 910 1292 966 leni
1337 920 1394 965 et
1443 892 1710 965 moderata
1756 923 1887 966 voce
1923 908 2228 979 huiusmodi

679 1004 841 1060 verba
873 1003 1000 1058 fecit
1024 1021 1037 1055 :

1274 1089 1498 1146 CAPUT
1533 1089 1644 1144 Xll.

855 1180 1187 1237 Constantini
1213 1180 1283 1232 ad
1319 1180 1574 1248 synodum
1605 1180 1772 1232 oratio
1807 1180 1870 1233 de
1909 1197 2051 1248 pace.

740 1293 759 1323 ι
782 1255 904 1330 Haec
923 1284 1036 1329 erat
1058 1286 1268 1337 summa
1283 1282 1524 1326 votorum
1541 1283 1804 1333 meorum,
1828 1270 2154 1334 charissimi,
2175 1279 2232 1325 ut

677 1371 853 1418 cattus
885 1341 1048 1414 vestri
1082 1365 1377 1425 conspectu
1424 1357 1554 1411 mihi
1587 1359 1917 1430 quandoque
1964 1360 2066 1414 t‘rui
2109 1375 2231 1414 con-

678 1454 924 1522 tingeret.
942 1453 1103 1521 Cujus
1122 1455 1227 1508 voti
1251 1471 1470 1526 compos
1484 1473 1626 1511 nunc
1646 1457 1842 1524 factus,
1863 1458 1970 1512 Deo
1989 1459 2229 1512 omnium

676 1544 807 1611 Regi
842 1545 1043 1613 gratias
1073 1560 1194 1615 ago,
1236 1547 1328 1617 qui
1376 1558 1576 1617 praeter
1615 1550 1899 1604 innumera
1931 1549 2034 1603 alia
2070 1550 2234 1604 bene-

676 1633 816 1700 ficia,
859 1635 961 1689 hoc
1005 1636 1245 1690 omnium
1288 1639 1554 1693 bonorum
1599 1640 1892 1693 maximum
1935 1641 2066 1694 mihi
2113 1656 2230 1708 spe-

673 1737 820 1780 ctare
868 1729 1156 1796 concessit,
1201 1738 1259 1783 ut
1299 1730 1510 1785 scilicet
1556 1746 1650 1786 vos
1699 1732 1754 1785 in
1829 1747 1993 1785 unum
2043 1746 2232 1786 omnes

2329 547 2672 616 χαριστήριον
2705 545 2789 598 ἐπ’
2835 546 2984 616 αὐτῷ
3016 545 3332 617 ποιούμενος
3366 546 3532 616 ὕμνον
3555 564 3568 578 ·
3598 547 3782 617 ἐπειδὴ
3823 547 3870 598 δὲ

2329 634 2421 687 καὶ
2450 633 2606 697 αὐτὸς
2635 633 2888 703 καθῆστο,
2922 634 3050 706 σιγὴ
3083 634 3180 704 μὲν
3210 633 3474 702 ἐγίγνετο,
3517 630 3731 684 πάντων
3764 631 3867 683 ἁτε·

2329 726 2414 787 νὲς
2440 727 2516 788 είς
2543 725 2760 794 βασιλέα
2789 724 3108 795 βλεπόντωνο
3137 727 3164 776 ὁ
3184 725 3240 777 δὲ
3266 725 3507 797 φαιδροῖς
3536 722 3741 795 ὄμμασι
3773 722 3871 782 τοῖς

2331 817 2462 867 πᾶσι
2503 814 2731 884 γαληνὸν
2777 814 3069 886 ἐμϐλέψας,
3111 815 3339 868 κᾶπειτα
3379 811 3869 882 συναγαγὼψαύτό.

2331 906 2463 974 πρὸς
2487 904 2686 973 ξὲαυτὸν
2727 905 2823 974 τὴν
2846 906 3112 970 διάνοιαν,
3139 906 3323 978 ἡσύχῳ
3364 909 3456 960 καὶ
3495 905 3696 978 πραεῖα
3733 909 3871 976 φωνῇ

2330 999 2468 1049 τοῖον
2495 996 2740 1049 ἀπέδωκε
2763 995 2942 1064 λόγον’

2841 1083 3231 1138 ΚΕΦΔΛΑΙΟΝ
3269 1084 3368 1137 IB'.

2331 1177 2781 1231 Κωνσταντίνου
2823 1175 2970 1244 πρὸς
3005 1173 3118 1242 τὴν
3154 1174 3415 1228 σύνοδον
3449 1176 3582 1241 περὶ
3623 1175 3867 1243 εἰρήνης.

2404 1285 2421 1317 ι
2459 1267 2635 1334 Εὑχῆς
2663 1266 2758 1336 μὲν
2783 1267 2906 1336 ἐμοὶ
2933 1265 3080 1328 τέλος
3101 1262 3189 1335 ἦν,
3213 1260 3257 1318 ὦ
3284 1265 3423 1334 φίλοι
3446 1306 3460 1329 ,
3492 1267 3592 1335 τῆς
3617 1267 3868 1337 ὑμετέρας

2332 1355 2628 1409 ἀπολαῦσαι
2654 1356 2898 1426 χορείας,
2924 1354 3111 1408 τούτου
3139 1355 3194 1407 δὲ
3226 1354 3420 1426 τυχὼν,
3453 1356 3647 1410 εἰδέναι
3670 1355 3747 1426 τῷ
3774 1356 3868 1410 Βα-

2335 1449 2469 1500 σιλεῖ
2493 1447 2598 1500 τῶν
2625 1447 2760 1501 ὅλων
2790 1447 2886 1518 τὴν
2919 1446 3075 1518 χάριν
3101 1446 3361 1516 ὁμολογῶ,
3384 1449 3466 1500 ὅτι
3493 1465 3580 1518 μοι
3615 1447 3746 1518 πρὸς
3770 1450 3868 1508 τοῖς

2330 1541 2508 1603 ἄλλοις
2531 1541 2718 1604 ἅπασι,
2737 1540 2830 1593 καὶ
2855 1539 3010 1592 τοῦτο
3031 1542 3268 1607 κρεῖττον
3295 1540 3494 1608 ἀγαθοῦ
3526 1541 3721 1603 παντὸς
3753 1541 3867 1592 ἰδεῖν

2332 1633 2666 1702 ἐδωρήσατο·
2701 1632 2842 1703 φημὶ
2872 1631 2936 1703 δὴ
2967 1632 3058 1695 τὸ,
3097 1633 3456 1701 συνηγμένους
3498 1633 3632 1704 ὁμοῦ
3678 1633 3867 1694 πάντας

2331 1725 2636 1790 ἀπολαϐεῖν,
2661 1725 2786 1795 μίαν
2810 1743 2868 1777 τε
2888 1724 3068 1795 κοινὴν
3091 1724 3340 1778 ἁπάντων
3360 1725 3634 1796 ὁμόφρονα
3654 1725 3864 1795 γνώμην

672 1812 1049 1889 congregatos,
1079 1830 1134 1875 et
1164 1823 1601 1891 conspirantibus
1630 1823 1826 1878 animis
1865 1839 2025 1876 unum
2058 1823 2220 1877 idem-

2333 1815 2643 1869 θεάσασθαι.
2663 1793 2824 1885 -Μηδ’
2855 1810 2946 1867 οὖν
2980 1793 3242 1883 βάσκανος
3271 1831 3353 1876 τις
3385 1793 3572 1884 ἐχθρὸς
3614 1819 3722 1878 τοῖς

675 1924 779 1978 que
816 1911 1107 1965 sentientes
1134 1911 1403 1968 viderem.
1443 1911 1631 1968 Nullus
1661 1915 1826 1984 igitur
1869 1915 2089 1982 posthac
2119 1930 2232 1968 ma-

673 1998 876 2052 levolus
910 1999 1078 2055 hostis
1106 2000 1314 2054 felicem
1350 2014 1528 2055 rerum
1556 2013 1857 2055 nostrarum
1887 2011 2082 2056 statum
2111 2019 2231 2071 per-

671 2088 866 2152 turbet,
918 2103 1015 2142 nec
1060 2096 1179 2158 post
1219 2088 1445 2144 deletam
1480 2089 1724 2146 funditus
1755 2107 1818 2146 ac
1850 2092 2112 2146 sublatam
2138 2092 2229 2148 Dei

674 2174 978 2233 Servatoris
1007 2179 1230 2241 auxilio.
1259 2182 1600 2249 tyrannldem
1632 2195 1817 2235 eorum
1849 2184 1940 2252 qui
1968 2183 2076 2237 Deo
2112 2183 2226 2236 bel-

669 2264 776 2318 lum
817 2266 1149 2331 indixerant,
1205 2283 1412 2322 rursus.
1439 2269 1704 2339 malignus
1745 2273 1949 2325 daemon
1993 2271 2094 2324 alia
2143 2276 2226 2325 via

670 2372 732 2409 ac
749 2355 951 2410 ratione
978 2349 1205 2411 divinam
1241 2359 1408 2428 legem
1439 2359 1735 2416 maledictis
1755 2371 1810 2415 et
1832 2361 2109 2416 calumniis
2133 2376 2228 2415 ex-

671 2459 852 2514 ponat.
889 2448 1092 2516 Quippe
1125 2451 1373 2505 intestina
1417 2452 1611 2505 seditio
1652 2451 1907 2508 Ecclesiae
1949 2453 2063 2520 Dei,
2095 2452 2226 2506 mihi

673 2539 884 2604 quidem
922 2541 1065 2593 omni
1107 2539 1248 2596 bello
1279 2552 1332 2596 et
1365 2543 1767 2598 concertatione
1795 2543 2013 2612 gravior
2038 2558 2101 2598 ac
2129 2559 2226 2614 pe-

672 2628 952 2683 riculosior
979 2615 1232 2684 videturz'
1263 2649 1360 2687 nec
1387 2643 1618 2688 externae
1665 2649 1752 2689 res
1791 2643 1997 2689 tantum
2046 2635 2228 2690 animo

673 2732 792 2770 meo
838 2719 1077 2773 dolorem
1123 2719 1378 2784 afferunt,
1419 2733 1680 2790 quantum
1726 2724 1840 2777 haec
1876 2722 2112 2790 negotia.
2162 2723 2228 2776 Et

672 2822 735 2862 eo
768 2810 978 2876 quidem
1018 2823 1256 2881 tempore
1289 2829 1396 2882 quo
1429 2815 1523 2868 Dei
1555 2824 1684 2868 nutu
1715 2823 1876 2883 atque
1906 2813 2108 2868 auxilio
2133 2816 2229 2868 ad-

669 2897 819 2963 jutus
843 2897 1119 2952 victoriam
1172 2901 1238 2954 de
1282 2903 1527 2957 hostibus
1561 2904 1886 2965 retuleram,
1935 2901 2068 2954 nihil
2109 2915 2227 2955 am-

673 2986 814 3054 plius
850 2988 977 3040 mihi
1031 3004 1317 3056 superesse
1348 2990 1758 3055 existimabam,
1803 3004 1966 3058 quant
2004 3001 2062 3044 υι
2117 2997 2226 3043 tum

673 3077 861 3130 divino
911 3076 1125 3130 Numini
1163 3080 1366 3147 gratias
1411 3094 1651 3149 agerem,
1699 3088 1807 3132 tum
1848 3093 1954 3132 una
1999 3091 2120 3133 cum
2161 3079 2228 3134 iis

673 3183 810 3236 quos
858 3168 995 3221 Deus
1043 3186 1158 3222 mea
1203 3185 1367 3238 opera
1407 3171 1459 3224 in
1504 3170 1805 3225 libertatem
1840 3171 2228 3238 vindicaverat,

670 3261 944 3312 communi
972 3261 1164 3327 g-iudio
1194 3260 1543 3315 exsultarem.
1581 3261 1687 3315 Sed
1718 3261 1807 3314 ubi
1833 3261 1899 3314 de
1937 3261 2228 3316 dissensio-

673 3367 738 3404 ne
774 3361 946 3402 vestra
993 3352 1208 3406 nuntius
1261 3355 1326 3405 ad
1375 3367 1460 3406 me
1515 3353 1788 3422 insperato
1842 3354 2078 3420 perlatus
2121 3364 2224 3426 est,

671 3443 920 3512 equidem
966 3459 1082 3496 eam
1159 3459 1268 3497 rem
1333 3444 1554 3498 minime
1606 3443 1968 3514 ncgligcndam
2017 3448 2218 3514 putavi.

669 3533 877 3604 Quippe
905 3537 1097 3604 optans
1128 3543 1185 3588 ut
1214 3535 1340 3590 huic
1369 3536 1508 3594 malo
1549 3552 1667 3591 mea
1698 3551 1909 3605 quoque
1941 3551 2101 3604 opera
2135 3553 2222 3592 re-

667 3773 749 3816 ost
779 3765 831 3816 in
867 3763 1018 3816 titulo
1043 3763 1201 3828 hujus
1233 3762 1445 3830 capitis.
1506 3759 1864 3815 Theodoritus
1898 3760 2103 3830 veroin
2137 3759 2173 3813 l.
2203 3775 2220 3814 ι

673 3834 936 3894 Historirr,
965 3848 1081 3900 cap.
1122 3833 1176 3892 7,
1214 3828 1317 3885 non
1364 3832 1430 3886 ab
1460 3830 1708 3892 Eusebio,
1764 3832 1855 3883 sed
1894 3833 1961 3881 ab
2019 3828 2213 3882 Eusta-

669 3905 778 3955 thio
807 3904 1100 3955 Antiochia:
1133 3900 1371 3954 civitatis
1417 3901 1667 3969 episcopo
1733 3901 2028 3952 orationem
2077 3900 2218 3952 hanc

667 3972 897 4024 habitam
924 3987 1039 4024 esse
1073 3972 1219 4024 dicit.
1258 3971 1569 4024 TheOdoriti
1625 3973 1944 4024 sententiam
2002 3979 2218 4021 secutus

665 4054 741 4094 est
775 4041 1035 4094 Baronius
1062 4058 1076 4098 ;
1101 4055 1258 4107 quem
1318 4041 1530 4107 quidem
1569 4054 1781 4105 semper
1825 4038 2004 4091 hostili
2039 4047 2217 4107 atque

641 4111 873 4166 infenso
898 4112 1074 4161 animo
1101 4105 1360 4164 adversus
1397 4109 1682 4162 Eusebium
1736 4108 1976 4160 nostrum
2032 4105 2213 4169 fuisse,

643 4173 729 4227 'cx
757 4178 868 4242 ejus
887 4179 1112 4244 scriptis
1150 4179 1325 4243 quivis
1376 4178 1530 4230 facile
1581 4177 1960 4244 deprehendet.
2018 4174 2213 4227 Verum

642 4247 853 4294 'auctor
878 4242 1122 4295 Historiw
1155 4242 1436 4310 tripartito:
1477 4247 1528 4298 in
1572 4242 1708 4299 libro
1743 4263 1804 4307 ll,
1860 4261 1976 4312 cap.
2029 4245 2082 4303 5,
2123 4245 2210 4297 ubi

669 4312 975 4382 Theodoriti
1030 4313 1189 4382 verba
1243 4315 1518 4375 describit,
1579 4317 1652 4366 ait
1699 4324 1820 4382 post
1875 4314 2210 4366 Eustathium

669 4381 1094 4440 Antiochcnum,
1139 4380 1422 4433 Eusebium
1466 4395 1676 4449 quoque
1701 4380 2098 4436 Caesariensem
2148 4383 2214 4433 de

2331 1907 2508 1978 τέροις
2549 1907 2732 1969 καλοῖς
2771 1906 3139 1977 λυμαινέσθω,
3168 1906 3305 1975 μηδὲ
3347 1907 3444 1975 τῆς
3480 1908 3749 1977 τυράννων
3773 1908 3866 1960 Θεο

2335 1999 2530 2068 μαχίας
2574 1997 2813 2051 ἐκποδὼν
2851 1997 3106 2068 ἀρθείσης
3149 1997 3283 2050 Θεοῦ
3327 1997 3576 2068 Σωτῆρος
3639 1998 3862 2068 δυνάμει,

2331 2089 2528 2160 ἑτέρως
2560 2089 2673 2161 (47)
2705 2091 2734 2142 ὁ
2776 2089 3128 2159 φιλοπόνηρος
3180 2087 3381 2158 δαίμων
3425 2087 3515 2140 τὸν
3551 2087 3692 2140 θεῖον
3723 2089 3866 2159 νόμον

2331 2179 2692 2250 βλασφημίαις
2711 2177 3077 2250 περιϐαλλέτω
3092 2194 3105 2207 ·
3130 2177 3204 2239 ὡς
3226 2177 3410 2247 ἔμοιγε
3433 2177 3630 2239 παντὸς
3654 2176 3864 2246 πολέμου

2328 2271 2419 2322 καὶ
2442 2270 2616 2339 μάχης
2660 2265 2807 2340 δεινὴ
2845 2269 2936 2322 καὶ
2966 2267 3343 2338 χαλεπωτέρα,
3373 2268 3407 2337 ἠ
3439 2267 3536 2337 τῆς
3569 2266 3866 2337 Ἐκκλησίας

2326 2361 2418 2413 τοῦ
2461 2359 2594 2414 Θεοῦ
2637 2361 2899 2431 ’ἐμφύλιος
2936 2359 3242 2429 νενόμισται
3286 2358 3505 2423 στάσις,
3551 2358 3644 2411 καὶ
3689 2359 3865 2430 μᾶλλον

2324 2451 2492 2504 ταῦτα
2533 2453 2639 2505 τῶν
2684 2453 2880 2518 ἔξωθεν
2913 2452 3129 2523 λυπηρὰ
3165 2452 3567 2520 καταφαίνεται.
3601 2453 3721 2504 Ὅτε
3751 2453 3864 2520 γοῦν

2326 2545 2422 2606 τὰς
2453 2543 2593 2597 κατὰ
2617 2544 2723 2598 τῶν
2751 2544 3018 2614 πολεμίων
3050 2544 3204 2606 νίκας
3226 2545 3451 2614 νεύματι
3481 2545 3575 2597 καὶ
3603 2545 3861 2617 συνεργείᾳ

2326 2633 2419 2686 τοῦ
2451 2635 2754 2705 κρείττονος
2782 2635 3024 2706 ἠράμην,
3054 2636 3202 2690 οὐδέν
3231 2653 3290 2688 τε
3330 2636 3533 2689 λείπειν
3564 2637 3670 2706 (48)
3698 2638 3861 2707 ἐνόμι-

2327 2727 2440 2789 ζον,
2465 2725 2498 2796 ἢ
2526 2725 2646 2797 Θεῷ
2669 2727 2766 2796 μὲν
2791 2726 3027 2796 νομίζειν
3046 2728 3143 2797 τὴν
3169 2727 3346 2799 χάριν,
3380 2728 3688 2799 συγχαίρειν
3707 2728 3761 2781 δὲ
3783 2730 3861 2780 καὶ

2326 2818 2438 2879 τοῖς
2473 2815 2615 2885 ὑπὶρ
2656 2816 2818 2870 αὐτοῦ
2857 2817 2924 2869 δι’
2963 2818 3118 2889 ἡμῶν
3158 2820 3657 2890 ὴλευθερωμένοις·
3696 2819 3859 2887 ἐπειδὴ

2328 2906 2424 2976 τὴν
2448 2905 2716 2977 ὑμετέραν
2731 2907 3008 2960 διάστασιν
3029 2910 3154 2978 παρ’
3177 2909 3361 2960 ἐλπίδα
3384 2910 3564 2961 πᾶσαν
3588 2909 3858 2978 ἐπυθόμην,

2328 2995 2427 3048 οὐκ
2454 2997 2510 3049 ὲν
2533 2996 2766 3068 δευτέρῳ
2794 2998 2890 3068 τὴν
2914 2999 3080 3068 ἀκοὴν
3102 2999 3320 3070 ἐθέμην,
3336 3003 3515 3069 τυχεῖν
3538 2999 3594 3052 δὲ
3617 3001 3706 3053 καὶ
3727 3000 3859 3052 τοῦτο

2331 3083 2620 3156 Θεραπείας
2647 3088 2712 3140 δι’
2739 3089 2878 3158 ὲμῆς
2905 3089 3195 3161 εὐξάμενος
3225 3092 3521 3162 ὑπηρεσίας
3542 3135 3557 3158 ,
3595 3095 3716 3155 τοὺς
3744 3093 3856 3145 πάν-

2334 3193 2433 3240 τας
2480 3179 2742 3250 ἀμελλητὶ
2800 3182 3391 3253 συμμετεστειλάμην’·
3425 3184 3519 3236 καὶ
3565 3185 3734 3254 χαίρω
3776 3184 3859 3252 μὲν

2333 3270 2470 3336 ὀρῶν
2499 3271 2596 3342 τὴν
2620 3271 2884 3342 ὑμετέραν
2911 3275 3196 3344 ὁμήγυριν,
3229 3275 3347 3327 τότε
3379 3276 3433 3328 δὲ
3462 3275 3689 3346 μάλιστα
3711 3275 3857 3346 κρίνω

2332 3363 2450 3414 κατ’
2498 3362 2658 3430 εὐχὰς
2691 3365 2921 3434 ἐμαυτὸν
2955 3366 3179 3435 πράξειν
3203 3406 3216 3430 ,
3265 3367 3478 3420 ἐπειδὰν
3519 3370 3640 3431 ταῖς
3686 3367 3855 3436 ψυχαῖς

2328 3453 2726 3523 ἀνακραθέντας
2752 3455 2914 3525 ἴδοιμι
2942 3457 3064 3520 τοὺς
3085 3457 3310 3520 πάντας,
3336 3457 3460 3528 μίαν
3491 3475 3548 3510 τε
3574 3457 3854 3528 κοινὴνμ9)

2327 3544 2688 3614 βραϐεύουσαν
2713 3549 2823 3610 τοῖς
2845 3550 3006 3602 πᾶσιν
3031 3549 3306 3621 εἰρηνικὴν
3332 3550 3668 3621 συμφωνίαν,
3692 3552 3753 3619 ἢν
3775 3548 3852 3600 καὶ

2329 3762 2636 3834 Alexandro
2669 3763 3033 3834 Alexandrino
3074 3760 3311 3834 pontiﬁci
3369 3764 3420 3817 id
3469 3766 3690 3818 honoris
3733 3765 3851 3818 ultro

2327 3831 2556 3884 delatum
2582 3845 2682 3886 est.
2725 3853 2740 3882 ι
2781 3832 2893 3901 Ego
2934 3831 3150 3889 vero’in
3182 3843 3326 3887 tanta
3353 3834 3672 3901 scriptorum
3695 3835 3850 3888 dircn

2324 3902 2483 3954 sitate
2517 3902 2765 3955 libentius
2788 3905 2834 3954 ei
2869 3905 3150 3956 sententia:
3206 3905 3551 3964 accesserim,
3603 3918 3717 3970 quae
3762 3904 3851 3955 Eu-

2322 3971 2468 4023 sebio
2503 3973 2702 4038 primas
2727 3972 2938 4024 dicendi
2964 3983 3144 4037 partes
3175 3987 3202 4024 a
3239 3974 3442 4038 synodo
3489 3971 3692 4025 delatas
3751 3986 3849 4025 esse

2321 4038 2564 4092 allirmat.
2597 4040 2834 4092 Primum
2884 4042 3007 4107 quia
3061 4041 3296 4094 omnium
3341 4041 3455 4092 sine
3509 4042 3845 4092 controversia

2322 4109 2666 4162 doctissimus
2699 4123 2760 4161 ac
2787 4109 3173 4163 disertissimus
3201 4118 3316 4161 erat
3345 4107 3628 4164 Eusebius.
3676 4110 3847 4162 Deinde

2322 4178 2435 4242 ipse
2467 4181 2519 4230 id
2549 4188 2733 4245 aperte
2769 4187 2998 4230 testatur
3021 4180 3074 4230 in
3104 4178 3370 4242 principio
3397 4178 3553 4240 hujus
3587 4180 3758 4243 operis
3778 4178 3845 4230 liis

2322 4249 2498 4298 verbis
2539 4267 2550 4299 :
2591 4249 2748 4314 Ἀρτι
2786 4246 2841 4315 δὲ
2877 4247 2969 4298 καὶ
2995 4248 3150 4315 ἡμεῖς
3181 4246 3332 4298 αὑτοὶ
3371 4245 3678 4299 καλλίνικον
3712 4247 3846 4314 μέσον

2319 4315 2675 4386 ἀπολαϐόντες
2708 4314 2843 4386 Θεοῦ
2872 4314 3195 4384 λειτουργῶν
3224 4315 3436 4386 συνόδου
3454 4358 3468 4380 ,
3503 4319 3842 4386 είκοσαετηρε-

2319 4388 2431 4458 κοῖς
2447 4385 2630 4452 ὕμνοις
2659 4385 3036 4458 ὲγεραίρομεν,
3053 4382 3111 4458 id
3126 4392 3248 4458 est,
3266 4382 3627 4458 Nupenetiam
3652 4403 3740 4439 nos
3765 4382 3844 4452 ipsi

670 4449 913 4502 laudibus
970 4438 1311 4520 imperatoris
1365 4438 1661 4520 orationem
1720 4451 1991 4503 habuisse.
2060 4450 2211 4520 Quod
2244 4438 2287 4492 Ῑ)
2319 4438 2561 4504 υἱειότὶηι
2593 4438 2877 4520 principem
2917 4438 2970 4504 in
3002 4438 3168 4504 medio
3211 4438 3303 4503 Dei
3342 4438 3696 4507 ministrorum
3725 4438 3843 4508 icon-

669 4529 844 4572 tamen
887 4520 938 4569 in
985 4517 1188 4570 Gracis
1247 4516 1554 4570 Theodoriti
1599 4520 1995 4584 exemplaribus
2058 4519 2214 4572 hodie

665 4603 772 4641 non
803 4588 1064 4645 habetur;
1112 4600 1333 4652 prorsus
1366 4596 1422 4636 ut
1464 4602 1680 4639 necesse
1711 4588 1803 4648 sit,
1856 4598 1946 4637 aut
1982 4587 2216 4654 Epipha-

667 4661 812 4710 nium
841 4656 1227 4709 scholasticuni
1277 4654 1597 4719 integriores
1648 4655 1957 4707 Theodoriti
2006 4658 2216 4707 codices

668 4738 882 4779 nactum
913 4726 1094 4785 fuisse,
1127 4735 1218 4774 aut
1254 4723 1318 4773 de
1346 4737 1443 4774 suo
1474 4723 1524 4774 id
1582 4723 1870 4780 addidisse.
1933 4733 1992 4775 ut
2048 4725 2215 4775 inter-

664 4798 788 4848 dum
817 4795 971 4847 solct.
1005 4794 1131 4845 Tale
1160 4801 1244 4844 est
1271 4790 1396 4842 illud
1437 4793 1576 4857 quod
1622 4807 1783 4858 supra
1821 4793 2122 4844 notavimus
2151 4794 2216 4846 de

664 4867 820 4930 regite
835 4865 982 4916 urbis
997 4864 1269 4929 episcopo,
1289 4874 1446 4925 quem
1469 4859 1691 4930 Nomine
1707 4861 2032 4930 synodo_.non
2046 4860 2212 4912 inter-

664 4927 830 4986 fuisse
861 4927 1113 4986 Socrates
1140 4946 1204 4983 ex
1234 4930 1463 4981 Eusebio
1489 4928 1742 4994 prodidit,
1774 4927 1860 4979 ubi
1887 4927 2214 4994 Epiphanius

661 5003 1014 5056 Scholasticus
1040 4999 1330 5053 Alexandri
1363 5012 1552 5051 nomen
1582 4997 1786 5048 addidit
1826 4997 1974 5063 gravi
2009 5011 2212 5058 errore,

661 5088 780 5124 cum
816 5071 1217 5138 Metmphanem
1253 5069 1429 5136 potius
1468 5067 1644 5120 dicere
1673 5066 1964 5138 debuisset.
2016 5065 2216 5138 Sedut

661 5143 725 5193 ad
765 5132 1093 5210 propositum
1128 5132 1489 5210 revertamur,
1513 5133 1750 5210 suntqui
1783 5148 1881 5210 nec
1913 5132 2212 5210 Eustathio,

664 5203 1041 5273 ηροἚιίςοΙιῑο,
1080 5212 1172 5261 sed
1230 5208 1534 5259 Alexandro
1587 5203 2069 5257 Alexandrinorum
2103 5204 2216 5266 epi-

662 5294 822 5345 scopo
849 5282 899 5332 id
935 5280 1150 5330 honoris
1188 5278 1422 5328 delatum
1458 5291 1576 5328 esse
1597 5274 1838 5345 scribant
1863 5312 1878 5332 ,
1910 5283 1970 5324 ut
1999 5273 2210 5345 con_ci_lii

665 5339 872 5402 nomine
902 5352 1276 5414 imperatorem
1320 5347 1704 5413 alloqueretur.
1740 5342 1955 5414 Nigetas
1997 5342 2067 5414 in_
2089 5339 2214 5392 The-

662 5433 817 5471 sauro
849 5411 1152 5472 orthodoxa:
1199 5418 1344 5483 fidei,
1404 5411 1493 5468 lib.
1525 5431 1575 5477 v,
1634 5430 1750 5481 cap.
1794 5411 1859 5473 7,
1903 5411 1952 5483 id
1983 5411 2214 5483 aﬂirmat

665 5485 744 5538 his
770 5492 946 5540 verbis
976 5505 988 5539 :
1024 5508 1040 5538 ι
1069 5481 1335 5540 Eusebius
1367 5487 1437 5538 De
1470 5485 1575 5536 vita
1607 5482 1948 5536 Constantini
1983 5481 2122 5533 libro
2153 5496 2210 5532 Ill

665 5568 722 5606 se
756 5560 985 5622 primum
1026 5561 1185 5609 verba
1241 5557 1290 5607 in
1348 5556 1551 5626 synodo
1603 5555 1811 5626 fecisse
1840 5559 2098 5626 testatur.
2156 5551 2210 5602 Si

665 5632 838 5677 tamen
885 5627 1208 5678 'l‘heodorito
1247 5622 1550 5687 credimus,
1611 5623 1922 5676 Eustathius
1964 5622 2168 5688 primus
2195 5659 2210 5682 ,

665 5706 794 5756 et.:.,
855 5707 911 5746 ut
972 5706 1144 5748 autem
1181 5694 1492 5750 Theodorus
1541 5693 1946 5762 Mopsuestcnus
2004 5689 2203 5753 scribit,

2316 4529 2468 4572 ventu
2490 4523 2817 4582 residentem,
2853 4522 3207 4573 uicennatibus
3239 4522 3440 4589 hymnis
3482 4527 3740 4592 prosecuti
3764 4541 3840 4578 ιιι-

2315 4605 2448 4640 mus.

2385 4679 2495 4752 (Π)
2555 4679 2810 4752 Ἑτέρως.
2869 4679 3176 4752 Portesius,
3243 4681 3752 4752 Chrismphorsonus
3799 4693 3840 4738 et

2315 4748 2553 4801 Gallicus
2583 4750 2846 4815 interpres
2879 4751 3015 4802 hanc
3050 4766 3231 4804 vocem
3262 4748 3505 4811 omisere.
3532 4771 3654 4809 cum
3681 4766 3835 4810 tamen

2319 4827 2428 4868 tota
2461 4821 2543 4870 vis
2568 4819 2846 4888 sententiae
2875 4817 2926 4869 in
2957 4834 3017 4870 ea
3053 4835 3184 4872 voce
3237 4823 3406 4888 posita
3454 4827 3544 4879 sit.
3593 4828 3673 4880 Ad
3721 4828 3834 4880 hanc

2315 4888 2457 4965 enim
2491 4887 2936 4965 voceinref-ertur
2967 4903 3086 4956 quae
3112 4887 3353 4965 proxime
3397 4896 3640 4961 sequitur
3685 4896 3836 4965 perio-

2315 4955 2412 5004 dus
2441 4973 2452 5005 :
2486 4974 2502 5004 ι
2538 4956 2754 5035 Cavete,
2781 4955 3064 5035 inqiiit,ne
3104 4955 3220 5035 post
3252 4955 3489 5015 deletam'
3528 4955 3833 5035 tyrannidem

2315 5039 2499 5094 eorum
2529 5025 2777 5094 quiﬂDeo
2804 5025 2996 5077 bellum
3043 5025 3371 5094 iniulerunt,
3413 5025 3603 5087 rursus
3656 5036 3833 5087 damon

2317 5093 2422 5169 alia
2457 5093 2549 5169 via
2570 5093 2881 5169 religionem
2916 5107 3150 5169 nostram
3201 5093 3496 5156 maledictis
3547 5113 3602 5157 et
3652 5105 3836 5156 calum-

2315 5161 2418 5240 niis
2448 5161 2683 5240 obiiciat.
2711 5165 2873 5240 indlia
2919 5166 3076 5232 igitur
3099 5169 3204 5231 via,
3238 5169 3290 5223 id
3329 5183 3429 5238 est,
3461 5187 3556 5240 per
3585 5172 3833 5226 intestinas

2313 5228 2694 5284 dissensiones.
2728 5231 2858 5285 Vide
2885 5228 3000 5301 qu'a:
3027 5253 3147 5291 mox
3169 5228 3483 5308 sequuntur:

2384 5343 2490 5409 (43)
2554 5344 2740 5397 Οὐδέν
2785 5362 2848 5397 τε
2895 5348 3140 5403 λείπειν.
3203 5352 3555 5406 Scribendum
3609 5351 3829 5410 videtnr.

2313 5413 2458 5464 οὐδὲν
2466 5413 2664 5490 ἔμοιγε
2709 5415 2910 5490 λείπειν
2952 5420 3212 5490 ἐνόμιζον,
3271 5433 3326 5474 et
3372 5423 3530 5488 paulo
3577 5430 3704 5488 post
3741 5421 3830 5485 leg"

2312 5499 2432 5561 cuiu
2458 5483 2712 5561 Turnebo
2733 5497 2788 5537 et
2815 5483 3063 5561 Grutero',
3093 5483 3213 5544 ἐπεὶ
3243 5491 3298 5543 δὲ
3324 5483 3828 5561 τῆνὺμετέραν,οίς.

2383 5553 2491 5622 (49)
2524 5555 2678 5630 Μίαν
2707 5573 2770 5630 τε
2799 5558 3246 5630 xotriirJiectius
3280 5553 3399 5616 meo
3423 5553 3630 5630 judicio-
3655 5553 3827 5615 scribe-

2315 5633 2458 5676 retur
2497 5627 2646 5693 κοινῇ
2677 5628 3063 5684 adverbialiter.
