3980 6344
725 214 864 273 ίοπ

1450 207 1718 265 EUSEB"
1757 209 2230 265 CESARIENSIS
2265 210 2414 264 OPP.
2453 209 2630 265 PARS
2662 213 2704 266 Ῑ.
2739 243 2807 252 ——
2845 211 3228 269 HISTORICA.

3776 220 3876 270 illiti

724 336 883 389 nibus
935 328 1195 386 inoﬂ'ense
1241 330 1594 384 observetur?
1648 330 1723 383 Ac
1770 331 1996 398 primum
2048 311 2255 397 quidem

2369 329 2583 400 πρῶτον
2637 328 2732 400 μέν
2773 331 2988 396 ἀνάξιον
3040 329 3212 394 ἔδοξεν
3254 327 3421 393 εἶναι,
3471 331 3570 402 τὴν
3617 331 3877 400 άγιωτάτην

720 429 836 483 visa
873 433 956 479 est
995 423 1241 478 omnibus
1288 436 1373 477 res
1415 436 1533 475 esse
1583 436 1800 489 prorsus
1844 422 2084 491 indigna.
2116 431 2172 476 ut
2213 423 2263 476 in

721 513 1078 572 sanctissima:
1099 511 1254 581 hujus
1279 511 1633 566 solemnitatis
1661 510 2020 566 celebratione
2045 525 2266 584 consue-

2369 420 2583 490 ἐκείνην
2635 420 2821 491 ἑορτὴν
2855 424 2918 490 τῇ
2967 420 3072 473 τῶν
3117 407 3376 472 ’ῐουδαίοὶν
3421 418 3710 491 ἑπομένους
3754 438 3877 489 συντ,-

2365 510 2484 580 θείᾳ
2513 510 2751 582 πληροῦν
2775 529 2788 541 ·
2823 511 2871 564 οἳ
2903 511 3001 575 τὰς
3029 511 3235 564 ἑαυτῶν
3266 515 3447 580 χεῖρας
3473 509 3707 579 ἀθεμίτῳ
3737 509 3876 579 πλημ-

718 605 958 660 tud'rnem
1005 597 1308 656 Iudaeorum
1361 614 1741 667 sequeremur;
1781 602 2042 668 qui,cum
2075 616 2255 655 manus

2367 600 2637 671 μελήματι
2679 601 3004 670 χράναντες,
3046 601 3265 663 εἰκότως
3305 601 3400 663 τὰς
3441 600 3619 669 ψυχὰς
3645 602 3692 652 ot
3729 605 3876 670 μιαροὶ

721 711 852 749 snas
877 694 1088 748 nefario
1113 692 1318 746 scelere
1368 692 1802 752 contantinarint,
1841 692 2032 746 merito
2067 693 2258 760 impuri

720 785 965 839 homines
996 783 1235 836 caecitate
1279 782 1471 835 mentis
1518 781 1782 834 laborant.
1809 780 2039 849 Quippe,
2068 783 2262 848 rejecta

719 877 930 930 illorum
978 873 1361 929 consuetudine
1387 911 1400 934 ,
1446 867 1733 940 possumus
1775 873 1991 927 rectiori
2031 874 2219 926 ordine
2243 911 2257 933 ,

718 981 877 1034 quem
911 967 938 1017 'a
974 966 1147 1033 primo
1183 963 1444 1030 passionis
1468 963 1556 1016 die
1583 963 1651 1016 ad
1687 963 1799 1017 haec
1825 978 1995 1039 usque
2024 973 2258 1030 tempora

718 1058 1070 1120 servavimus,
1095 1057 1162 1109 ad
1184 1056 1359 1109 futura
1375 1055 1539 1109 etiam
1569 1055 1764 1108 secula
1791 1055 1947 1122 hujus
1973 1056 2262 1107 observan-

718 1151 805 1201 tia:
837 1151 996 1202 ritum
1030 1161 1345 1219 propagare.
1372 1145 1513 1199 Nihil
1544 1161 1672 1216 ergo
1699 1145 1854 1198 nobis
1879 1158 2163 1197 commune
2190 1143 2259 1196 sit

715 1253 835 1289 cum
888 1237 1256 1292 inimicissima
1308 1235 1611 1289 Judaorum
1663 1233 1838 1287 turba.
1891 1232 2066 1286 Aliam
2114 1233 2256 1286 enim

710 1329 852 1381 viam
881 1343 910 1381 a
951 1328 1234 1382 Servatore
1260 1327 1591 1395 accepimus.
1627 1322 1942 1392 Propositus
1969 1331 2051 1377 est
2077 1311 2265 1377 sacra-

609 1483 611 1485 ι
711 1417 936 1470 tissime
964 1417 1207 1486 religioni
1248 1423 1444 1467 nostrae
1473 1428 1666 1466 cursus
1704 1410 1980 1481 legitimus
2011 1421 2066 1465 et
2091 1412 2258 1465 hone-

709 1515 847 1561 stus.
884 1506 1038 1561 Hunc
1083 1505 1317 1559 unanimi
1369 1517 1637 1557 consensu
1685 1503 2000 1565 retinentes,
2051 1502 2116 1556 ab
2169 1503 2254 1555 illa

708 1597 1027 1665 turpissima
1055 1596 1312 1649 societate
1357 1602 1412 1647 et
1461 1593 1787 1646 conscientia
1831 1607 1928 1647 nos
1974 1592 2255 1646 abstraha-

709 1660 853 1752 mtis,
882 1687 1079 1739 fratres
1126 1683 1454 1739 cltarissimi.
1486 1683 1580 1737 Est
1615 1684 1756 1737 enim
1788 1684 2030 1752 profecto
2068 1687 2255 1740 absur-
2287 1660 2328 1715 Β

709 1779 991 1854 dissimum
1028 1778 1169 1845 quod
1205 1777 1281 1830 illi
1333 1776 1616 1847 magniﬁce
1643 1777 1876 1848 jactant,
1907 1792 2004 1832 nos
2053 1779 2256 1847 absque

710 1871 947 1938 ipsorum
982 1868 1291 1938 magisterio
1323 1867 1437 1922 base
1483 1867 1762 1923 commode
1806 1869 2092 1924 observare
2147 1885 2252 1923 non

708 1975 889 2038 posse.
917 1959 1181 2026 Quidnam
1217 1976 1345 2015 vero
1382 1959 1456 2014 illi
1499 1971 1647 2016 recte
1675 1961 1873 2016 sentire
1907 1963 2138 2029 possint,
2162 1961 2252 2030 qui

709 2062 834 2121 post
881 2067 1064 2106 necem
1098 2053 1329 2118 Domini,
1360 2048 1478 2121 post
1513 2052 1642 2106 illud
1685 2053 2038 2124 parricidium
2079 2062 2258 2106 mente

711 2145 873 2215 capti,
903 2159 1008 2198 non
1059 2139 1285 2212 ratione,
1318 2147 1409 2199 sed
1443 2145 1701 2214 praecipiti
1759 2144 1956 2212 impetu
2009 2145 2255 2199 feruntur

705 2251 1028 2305 quocunque
1077 2237 1292 2290 innatus
1345 2236 1495 2290 furor
1551 2237 1697 2304 ipsos
1755 2234 2043 2302 impulerit.
2117 2235 2254 2288 Hine

703 2336 787 2380 est
811 2327 952 2395 quod
985 2341 1052 2381 ne
1091 2326 1252 2398 493
1288 2326 1338 2379 in
1379 2326 1482 2379 hac
1523 2325 1741 2393 quidem
1777 2335 1928 2394 parte
1966 2328 2250 2379 veritatem

704 2419 871 2485 ipsam
903 2418 1229 2488 perspiciunt
1259 2437 1270 2470 :
1303 2417 1435 2470 adeo
1475 2426 1532 2469 ut
1561 2431 1591 2468 a
1626 2418 1966 2470 conrenienti
1996 2418 2252 2471 emenda~

703 2512 848 2564 tione
892 2507 1196 2577 longissime
1241 2509 1574 2570 aberrantes,
1618 2522 1724 2560 uno
1775 2507 2068 2576 eodemque
2113 2523 2254 2562 anno

703 2602 808 2654 duo
844 2600 1097 2667 pascltata
1140 2596 1430 2651 celebrent.
1481 2597 1620 2664 Quid
1672 2613 1799 2668 ergo
1849 2608 1934 2653 est
1981 2614 2079 2652 cur
2124 2602 2252 2654 istos

701 2703 1014 2756 aequamur,
1041 2702 1175 2756 quos
1219 2696 1429 2742 constat
1465 2690 1786 2756 gravissimo
1826 2691 2027 2746 erroris
2067 2692 2253 2745 morbo

701 2777 982 2830 laborare?
1014 2777 1146 2830 Nam
1185 2793 1291 2831 uno
1342 2777 1635 2847 eodemque
1675 2793 1817 2832 anno
1856 2780 2122 2847 geminum
2159 2795 2252 2848 pa-

700 2868 829 2922 scha
859 2865 1057 2930 facere,
1075 2882 1342 2935 nunquam
1359 2867 1596 2936 profecto
1619 2869 2023 2925 sustinebimus.
2053 2867 2247 2922 Verum

699 2959 910 3013 etiamsi
941 2973 1060 3026 qua:
1087 2949 1194 3020 dixi
1227 2959 1447 3014 minime
1466 2968 2040 3028 suppete_rent,vestrae
2071 2970 2250 3013 tamen
2275 2982 2322 3044 ο

699 3047 928 3103 solertia:
949 3057 1057 3115 est,
1084 3049 1136 3102 id
1167 3063 1356 3102 curare
1378 3049 1626 3103 omnibus
1649 3049 1820 3102 modis
1851 3056 2012 3117 atque
2037 3055 2249 3116 optare,

699 3155 770 3194 ne
829 3140 1088 3194 sanctitas
1133 3141 1437 3193 animarum
1487 3141 1814 3203 vestrarum,
1854 3139 1906 3193 in
1960 3138 2118 3191 ullius
2169 3138 2245 3192 rei

699 3231 1051 3285 similitudine
1073 3247 1193 3285 cum
1220 3232 1673 3300 nequissimorum
1703 3232 1979 3285 hominum
2011 3231 2250 3285 moribus

698 3321 896 3377 sociari
923 3331 978 3376 et
1005 3321 1339 3376 commisceri
1369 3308 1632 3378 videatur.
1669 3323 1800 3375 Illud
1829 3331 2082 3390 praeterea
2115 3336 2248 3375 con-

685 3411 1040 3465 ‘siderandum
1072 3422 1177 3477 est,
1203 3411 1356 3467 nefas
1383 3427 1505 3467 esse
1534 3421 1592 3466 ut
1620 3415 1674 3466 in
1707 3413 1840 3466 tanti
1867 3415 2120 3481 momenti
2157 3427 2249 3466 ne—

771 3608 882 3678 (65)
917 3607 1089 3674 γαΐα..
1112 3609 1216 3664 τσῦ
1246 3609 1478 3663 ἐκείνου
1505 3611 1736 3676 ἔθνους.
1762 3607 1900 3679 Lego
1941 3609 2094 3672 ἔθους
2125 3625 2250 3661 cum

697 3676 1187 3746 Ch‘ristophorsono
1206 3690 1260 3734 et
1284 3680 1538 3734 Grutero.
1573 3682 1713 3734 Idem
1747 3676 1996 3734 mendum
2035 3681 2243 3732 notavi-

699 3765 816 3802 mus
847 3753 896 3800 in
925 3749 1160 3802 Historia
1191 3750 1566 3803 ecclesiastica.
1611 3749 1769 3804 Certe
1799 3751 1849 3803 in
1879 3751 2095 3803 scliedis
2141 3749 2250 3803 Be-

697 3819 799 3886 giis
838 3829 891 3871 et
914 3821 965 3871 in
997 3820 1133 3873 libro
1156 3818 1339 3873 Savilii
1369 3818 1522 3883 ἔθους
1544 3820 1911 3888 perscriptqu
1937 3828 2039 3872 est.

791 3888 878 3952 64)
903 3889 1010 3941 Kal
1029 3889 1274 3957 νόμιμος
1296 3889 1392 3942 καί
1413 3887 1670 3958 πρέπων.
1705 3887 1855 3957 Apud
1886 3887 2154 3943 Gelasium
2196 3895 2252 3942 et

700 3953 1058 4030 Nicephorum
1098 3953 1308 4025 legitur
1352 3953 1466 4030 acati
1486 3960 1648 4030 νόμος
1701 3953 1945 4029 πρέπων.
1998 3959 2252 4013 Socrates

697 4034 877 4097 tamen
905 4025 1352 4097 aciTheQdoritus
1373 4025 1641 4097 vulgatam
1671 4025 1950 4082 lectionem
1976 4037 2213 4083 tuentur.

769 4093 887 4166 (65)_
917 4094 1179 4166 Μακρᾶς
1209 4096 1444 4166 ἐκείνης
1470 4093 1918 4166 ’συνειδήσεωᾳ
1976 4097 2108 4151 Nam
2157 4097 2247 4166 qni

698 4176 820 4216 cum
859 4161 1058 4215 Judmis
1083 4162 1286 4217 Pascha
1314 4161 1643 4221 Dominicum
1699 4161 1993 4229 celebrant,
2042 4161 2244 4222 conscii

664 4232 947 4298 _videntnr
983 4245 1102 4286 esse
1135 4234 1355 4287 steleris
1376 4239 1516 4300 quod
1550 4236 1735 4290 'Juda-i
1767 4238 2019 4290 adversus
2068 4238 2248 4291 Domi-

1329 4278 1916 4372 Véhr’i‘sto'p‘lro'rsoun's"
1928 4278 2249 4377 υσυνείδησίν
2280 4278 2323 4332 D

699 4371 858 4424 vertit
883 4370 1202 4438 opinionem,
1223 4371 1308 4424 cui
1341 4388 1444 4424 non
1473 4370 1692 4426 accedo.

765 4442 892 4565 (664
905 4439 1027 4509 (τῆς
1069 4442 1498 4525 προσηκούσης
1548 4442 2021 4522 ἐπανορθώσεως.
2055 4445 2252 4501 Sacra-

765 4527 796 4565 ι.
899 4512 1230 4565 lteodorttus.
1263 4511 1508 4564 belasms
1559 4526 1622 4562 ac
1667 4511 1994 4565 Ntcenltorus
2053 4518 2252 4565 habent

697 4520 796 4573 tes,
850 4511 1230 4572 Tlteodoritus,
1263 4511 1508 4580 Gelasius
1559 4526 1622 4562 ac
1667 4511 1994 4580 Nicepltorus
2053 4518 2252 4570 habent

692 4581 813 4634 ἀντὶ
854 4582 952 4704 της
1002 4579 1382 4652 προσηκούσης
1441 4579 1888 4650 ἐπανορθώσεως,
1946 4588 2088 4650 quod
2140 4601 2250 4640 non

694 4655 880 4704 probo.
953 4664 1070 4704 eote
1100 4655 1241 4704 enim
1266 4651 1465 4704 dicitur
1494 4649 1875 4704 πλανωμένους
1897 4652 1998 4704 τῆς
2023 4655 2250 4704 eum.

693 4655 880 4774 :Egléo.
905 4649 1070 4705 ﬂeeté
1100 4649 1241 4706 enim
1266 4649 1465 4706 dieitur
1494 4649 1875 4720 πλανωμένους
1897 4649 1998 4720 τῆς
2023 4655 2250 4725 ἐπανορ-

833 4739 928 4774 ως.

765 4791 877 4858 (67)
911 4792 994 4857 Τῷ
1017 4791 1175 4857 σὺτῷ
1216 4792 1334 4846 ἔτει
1379 4791 1658 4857 δεύτερον
1689 4787 1757 4858 τύ
1815 4787 2027 4857 Πάσχα
2070 4792 2252 4846 extre-

690 4857 1023 4914 .lsZaﬂCum
1072 4865 1350 4931 neomenia
1397 4860 1669 4931 paschalis
1718 4857 2022 4931 δυόωσι-ψη
2077 4877 2106 4911 a
2164 4867 2250 4916 die

692 4932 880 4996 quinto
915 4930 1112 5000 mensis
1177 4932 1356 4987 Martii
1398 4929 1704 5000 inciperet,
1742 4939 1797 4981 et
1846 4929 2007 4993 tertio
2045 4931 2249 5000 Ap_rilis

691 5001 1050 5061 clauderetur,
1079 4999 1206 5054 hinc
1238 5001 1402 5055 ﬁebat
1457 4997 1743 5070 aliquando
1787 5006 1845 5051 ut
1898 5013 2085 5070 eorum
2119 4997 2249 5052 Pas-

692 5071 791 5124 cha
822 5081 950 5123 ante
978 5072 1357 5140 aequinoctium
1385 5066 1666 5140 inciperet.
1706 5068 2013 5140 ltaiduplex
2043 5066 2248 5122 Pascha

690 5141 877 5194 eodem
908 5153 1052 5191 anno
1082 5139 1446 5203 celebrabant,
1478 5139 1524 5195 si
1561 5156 1763 5195 annum
1797 5139 2063 5206 intelligas
2109 5140 2242 5191 sola-

692 5223 805 5277 rem
831 5225 894 5262 ac
925 5207 1220 5274 lulianum,
1247 5223 1278 5261 a
1310 5224 1479 5264 verno
1511 5213 1720 5266 scilicet
1769 5208 2096 5277 aequinoctio
2119 5276 2125 5277 ί
2152 5208 2250 5260 h‘u-

687 5275 774 5347 jus
806 5281 930 5332 anni
956 5280 1028 5333 ad
1074 5279 1348 5345 sequentis
1391 5282 1518 5332 anni
1569 5296 1792 5333 vernum
1829 5275 2245 5347 aequinoctium.

691 5345 834 5419 _l_dem
871 5350 950 5402 ait
973 5344 1293 5419 Ambrosius
1321 5349 1374 5400 in
1416 5351 1640 5417 epistola
1670 5353 1736 5403 ad
1765 5344 2250 5419 episcoposlimi-

691 5414 798 5475 lim,
821 5419 907 5470 ubi
967 5418 1156 5472 scribit
1182 5418 1397 5473 Judaeos
1427 5414 1691 5472 interdum
1727 5414 1910 5472 ménse
1933 5414 2248 5470 duodecimo

693 5481 897 5555 Pascha
923 5487 1252 5552 celebrasse,
1290 5488 1340 5541 id
1367 5496 1471 5550 est,
1494 5489 1648 5555 juxta
1681 5489 1900 5543 Latinos
1928 5487 2012 5539 vel
2056 5484 2248 5539 Orien-

693 5552 845 5608 talea.
879 5556 1062 5626 Neque
1088 5560 1231 5613 enim
1256 5557 1426 5614 Judai
1453 5552 1636 5612 mense
1679 5559 1772 5612 illo
1802 5561 1893 5628 qui
1923 5556 2064 5626 apud
2099 5555 2246 5626 ipsos

2362 689 2779 759 τυφλώττουσιν.
2819 691 3032 755 Ἔξεστι
3077 692 3184 761 γὰρ
3227 690 3321 744 τοῦ
3362 691 3582 744 ἐκείνων
3617 691 3761 753 ἔθους
3795 693 3876 758 (65)

2365 782 2756 852 ἀποϐληθέντος
2775 823 2788 845 ,
2822 782 3152 853 ἀληθεστέρα
3175 783 3358 848 τάξει,
3385 784 3450 854 ἢν
3479 784 3543 834 ἐκ
3571 780 3778 852 πρώτης
3806 781 3875 833 τοῦ

2364 873 2567 935 πάθους
2593 873 2801 944 ἡμέρας
2824 874 2952 945 ἄχρι
2995 875 3088 927 τοῦ
3115 875 3372 943 παρόντος
3405 873 3771 944 ἐφυλάξαμεν,
3808 877 3877 925 καὶ

2344 963 2457 1018 ἐπὶ
2499 965 2624 1026 τοὺς
2682 963 2969 1033 μέλλοντας
3012 964 3211 1028 αἰῶνας
3258 966 3355 1035 τὴν
3406 965 3506 1033 τῆς
3545 965 3877 1034 ἐπιτηρήσως

2364 1053 2564 1122 ταύτης
2589 1053 2976 1124 συμπλήρωσιν
3001 1054 3356 1109 ἐκτείνεσθαι.
3377 1055 3556 1125 Μηδὲν
3575 1055 3742 1113 τοίνυν
3767 1054 3880 1105 ἔστω

2364 1142 2494 1210 ἡμῖν
2524 1140 2698 1193 κοινὸν
2735 1143 2870 1210 μετὰ
2897 1141 2987 1194 τοῦ
3028 1141 3272 1211 ἐχθίστου
3301 1143 3406 1194 τῶν
3447 1143 3705 1196 Ἰουδαίων
3726 1143 3880 1211 δχλου.

2361 1231 2670 1302 Είλήφαμεν
2717 1233 2821 1303 γὰρ
2868 1232 3016 1302 παρὰ
3067 1233 3159 1284 τοῦ
3215 1233 3462 1303 Σωτῆρος
3519 1233 3633 1287 ὁδὸν
3685 1234 3875 1304 ἑτέραν·

2362 1323 2645 1392 πρόκειται
2687 1324 2883 1401 δρόμος
2919 1326 2984 1395 τῇ
3033 1324 3293 1396 ἱερωτάτη
3325 1325 3480 1394 ἡμῶν
3521 1325 3772 1395 θρησκείᾳ
3804 1324 3882 1376 καὶ

2358 1414 2583 1482 νόμιμος
2627 1413 2719 1465 κα)⁸
2752 1413 2973 1482 πρέπων
3018 1412 3149 1481 (64).
3191 1411 3387 1464 Τούτου
3430 1413 3723 1482 συμφώνως
3755 1413 3878 1464 ἀντι-

2357 1501 2770 1573 λαμϐανόμενοι,
2799 1503 2899 1571 τῆς
2925 1503 3150 1572 αἰσχρᾶς
3177 1502 3385 1572 ἐκείνης
3421 1503 3642 1565 ἑαυτοὺς
3673 1503 3878 1571 συνειδή-

2359 1608 2496 1654 σεως
2537 1590 2646 1660 (65)
2691 1591 3091 1661 ἀποσπάσωμεν
3115 1633 3129 1657 ,
3157 1591 3370 1660 ἀδελφοὶ
3397 1591 3720 1659 τιμιώτατοι.
3747 1594 3877 1645 Ἔστι.

2355 1686 2464 1757 γὰρ
2501 1685 2575 1749 ὡς
2620 1684 2834 1755 άληθῶς
2877 1682 3256 1748 ἀτοπώτατον,
3303 1684 3541 1747 ἐκείνους
3586 1685 3782 1754 αὐχεῖν,
3817 1683 3876 1745 ὡς

2354 1776 2460 1846 ἄρα
2489 1775 2756 1845 παρεκτὸς
2792 1775 2890 1844 τῆς
2927 1775 3102 1828 αὐτῶν
3125 1773 3468 1835 διδασκαλίας
3504 1773 3673 1827 ταῦτα
3706 1775 3882 1843 φυλάτ-

2354 1882 2465 1917 τειν
2495 1866 2594 1917 οὑκ
2620 1866 2807 1936 εῖημεν
2842 1865 3035 1918 ἱκανοί.
3085 1865 3148 1917 Τί
3190 1865 3246 1917 δὲ
3283 1866 3498 1935 φρονεῖν
3526 1862 3681 1934 ὀρθὸν
3713 1867 3876 1916 ἐκεῖνοι

2353 1955 2692 2023 δυνήσονται,
2719 1955 2766 2007 οἳ
2803 1953 2938 2024 μετά
2977 1953 3074 2024 τὴν
3109 1952 3474 2025 κυριοκτονίαν
3501 1970 3560 2005 τε
3591 1954 3684 2005 καὶ
3708 1970 3878 2022 πάτρα

2355 2045 2565 2099 κτονίαν
2605 2046 2818 2116 ἐκείνην
2859 2046 3146 2112 ἐκστάντες
3181 2044 3285 2098 τῶν
3328 2045 3558 2114 φρενῶν,
3599 2043 3878 2112 ἄγονταιώ

2354 2137 2595 2209 λογισμῷ
2625 2155 2762 2201 τινι,
2791 2136 2903 2189 ἀλλ’
2933 2137 3073 2209 ὁρμῇ
3111 2137 3480 2206 ἀκατασχέτῳ,
3508 2137 3629 2190 ὅποι
3655 2135 3696 2187 δ’
3721 2135 3782 2189 ἂν
3802 2135 3881 2187 αό-

2352 2208 2478 2291 τόὺς
2523 2231 2556 2299 ἠ
2600 2228 2833 2298 ἔμφυτος
2875 2208 3051 2282 αὐτῶν
3089 2228 3269 2301 ἀγάγῃ
3313 2230 3494 2300 μανία.
3547 2229 3773 2280 Ἐκεῖθεν
3793 2221 3884 2297 ιοῦν

2352 2320 2528 2372 τοίνυν
2562 2321 2661 2372 κάν
2687 2320 2858 2390 τούτῳ
2885 2319 2962 2390 τῷ
2992 2321 3143 2392 μέρει
3175 2320 3271 2390 τὴν
3295 2320 3546 2390 ἀλήθειαν
3572 2317 3670 2388 οὑχ
3689 2316 3877 2388 ὁρῶσιν»

2351 2409 2427 2474 ὡς
2467 2410 2530 2479 δὴ
2570 2409 2710 2464 κατὰ
2754 2410 2815 2463 τὸ
2855 2411 3100 2465 πλεῖστον
3152 2412 3345 2475 αὐτοὺς
3386 2411 3757 2480 πλανωμένους
3797 2408 3879 2476 τῆς

2341 2500 2732 2584 ’προσηκούσης
2765 2501 3181 2573 ἐπανορθώσεως
3211 2502 3343 2569 (66),
3373 2501 3448 2572 τῷ
3473 2498 3622 2565 αὑτῷ
3655 2501 3752 2553 ἔτει
3780 2498 3881 2551 δεύ-

2339 2587 2505 2665 τερον
2533 2593 2595 2646 τὸ
2623 2594 2810 2664 Πάσχα
2831 2594 3093 2646 ἐπιτελεῖν
3121 2594 3250 2664 (67).
3279 2595 3430 2656 Τίνος
3461 2595 3619 2666 χάριν
3651 2592 3750 2662 (68)
3779 2589 3880 2644 τού-

2350 2704 2463 2749 τοις
2492 2685 2752 2756 ὲπόμεθα,
2787 2685 2878 2748 οὓς
2907 2685 3081 2755 δεινὴν
3111 2685 3315 2754 πλάνην
3340 2687 3510 2736 νοσεῖν
3533 2684 3880 2754 ώμολόγηται;

2353 2776 2609 2846 Δεύτερον
2633 2775 2741 2844 γὰρ
2771 2773 2846 2842 τῷ
2874 2775 2953 2827 ἐνὶ
2973 2774 3200 2844 ἐνιαυτῷ
3225 2776 3322 2828 οὑκ
3347 2775 3410 2827 ἄν
3440 2791 3572 2826 ποτε
3609 2779 3771 2827 ποιεῖν
3802 2775 3880 2826 ἀν-

2351 2866 2604 2936 εξόμεθα.
2649 2863 2784 2916 Ἀλλ’
2818 2867 2866 2915 εί
2899 2866 2991 2917 καὶ
3017 2863 3186 2917 ταῦτα
3218 2866 3290 2934 μη
3331 2864 3652 2935 προῦκειτο,
3681 2864 3802 2917 ἀλλὰ
3825 2865 3877 2933 δὴ

2349 2958 2446 3028 τὴν
2489 2954 2758 3026 ὑμετέραν
2794 2955 3070 3024 ἀγχίνοιαν
3101 2956 3262 3025 ἐχρῆν
3299 2955 3392 3006 καὶ
3425 2947 3510 3007 διὰ
3543 2954 3770 3025 σπουδῆς
3802 2955 3882 3006 καί

2350 3049 2415 3101 δι’
2444 3047 2606 3119 εὐχῆς
2636 3046 2777 3117 ἔχειν
2807 3047 3053 3110 πάντοτε,
3086 3049 3142 3099 ἐν
3176 3047 3412 3117 μηδεμιᾷ
3443 3047 3502 3099 τὸ
3540 3045 3770 3117 καθαρὸν
3799 3046 3879 3115 τῆς

2357 3139 2623 3211 ὑμετέρας
2662 3139 2835 3209 ψυχῆς
2879 3129 3148 3192 κοινωνεῖν
3197 3140 3372 3192 δοκεῖν
3419 3137 3713 3209 ἀνθρώπων
3756 3136 3878 3192 ἔθεσι

2357 3232 2672 3298 παγκάκων.
2709 3231 2851 3300 Πρὸς
2894 3231 3101 3294 τούτοις
3132 3232 3347 3284 κάκεῖνο
3387 3233 3615 3303 πάρεστι
3656 3232 3877 3300 συνορᾷν,

2355 3323 2427 3385 ὡς
2470 3324 2525 3374 ἐν
2567 3323 2864 3394 τηλικούτῳ
2910 3324 3188 3396 πράγματι
3220 3326 3310 3376 καὶ
3349 3324 3568 3394 τοιαύτῃ
3614 3321 3879 3394 θρησκείας

2356 3416 2512 3484 ἑορτῇ
2545 3414 2832 3484 διαφωνίαν
2870 3415 3054 3487 ἄρχειν
3075 3457 3089 3481 ,
3123 3415 3570 3486 ἐστὶν-,ἀθέμιτον
3613 3416 3755 3470 Μίαν
3789 3414 3880 3482 γὰρ

2353 3622 2470 3666 erat
2494 3615 2871 3677 duodecimus,
2913 3613 3116 3669 Pascha
3153 3629 3384 3683 unquam
3417 3611 3774 3677 celebrabant,
3801 3615 3876 3666 scd

2350 3684 2555 3736 decima
2582 3695 2770 3750 quarta
2801 3685 2888 3737 die
2909 3685 3064 3751 primi
3094 3687 3315 3738 mensis.
3344 3684 3512 3738 Porro
3531 3685 3646 3737 haec
3689 3685 3881 3737 iteratio

2356 3769 2512 3815 quam
2575 3751 2773 3808 Judaais
2828 3754 3016 3819 objicit
3073 3751 3508 3816 Constantinus,
3563 3767 3875 3820 nequaquam

2356 3824 2529 3892 magni
2555 3823 2806 3877 momenti
2863 3822 3244 3892 mihiquidem
3293 3820 3723 3892 videtur._lﬁdemg
3754 3823 3877 3875 enim

2356 3888 2668 3960 retorquere
2696 3897 2964 3961 'poterant
2999 3888 3168 3944 Judaei
3217 3892 3481 3944 adversus
3520 3888 3884 3961 _Chri_stianos,'

2357 3974 2448 4012 eos
2473 3958 2683 4016 scilicet
2712 3958 2818 4017 uno
2858 3959 3150 4028 eodemque
3203 3975 3344 4011 anno
3393 3961 3474 4012 liis
3520 3958 3877 4028 Paschacele-

2356 4028 2564 4093 brasse,
2589 4033 2631 4085 si
2668 4047 2875 4084 annum
2900 4027 3196 4083 vertentem
3221 4028 3601 4097 intelligamus.
3636 4027 3878 4097 Ponamus

2355 4102 2498 4152 enim
2525 4102 2624 4155 hoc
2654 4116 2798 4154 anno
2830 4101 3029 4154 Pascha
3072 4099 3332 4152 celebrari
3371 4096 3582 4152 decimo
3635 4096 3877 4152 Kalendas

2354 4167 2519 4224 Maias
2547 4189 2573 4242 εγ
2590 4181 2847 4242 sequente
2870 4185 3012 4242 a_nno
3029 4169 3202 4242 _citius
3225 4167 3524 4242 celebretur
3553 4182 3772 4242 necesse
3789 4179 3876 4242 est.

2351 4243 2523 4307 Atque
2560 4240 2634 4295 ita
2667 4241 2859 4308 duplex
2892 4238 3096 4292 Pascha
3138 4238 3274 4290 intra
3300 4238 3464 4308 unius
3493 4241 3615 4308 anni
3645 4241 3876 4293 vertentis

2351 4310 2678 4363 curriculum
2715 4307 2853 4378 apud
2875 4307 3214 4363 Christianos
3241 4307 3500 4378 occurrit.
3543 4307 3695 4374 Quod
3724 4318 3874 4362 tamen

2353 4394 2457 4432 non
2481 4381 2712 4442 eveniet,
2747 4377 2800 4432 Si
2831 4391 3032 4431 annum
3063 4377 3428 4429 numeraveris
3451 4377 3518 4429 ab
3539 4380 3875 4444 :equinoctiali

2351 4449 2572 4501 cardine
2595 4455 2660 4502 ad
2699 4449 2915 4503 alterius
2945 4448 3070 4500 anni
3097 4460 3320 4497 vernum
3353 4448 3875 4512 :equinoctiumNide

2353 4518 2705 4586 Epiphanium
2743 4519 2796 4570 in
2843 4516 3032 4570 haeresi
3087 4514 3176 4586 70,
3229 4525 3483 4586 quaeest
3529 4519 3874 4572 Audianorum

2351 4585 2473 4658 pag.
2501 4587 2627 4648 824,
2661 4597 2713 4641 et
2746 4585 3234 4658 attimadversyines
3259 4585 3578 4658 D._Petavii.
3612 4587 3710 4642 Cui
3734 4588 3898 4655 iunge."

2351 4652 2469 4776 i-lap.
2504 4658 2538 4710 5
2565 4658 2762 4726 Αὲεἰόὶἰ
2791 4654 3039 4709 Bucherii
3075 4652 3153 4705 De
3189 4652 3430 4708 Paacliali
3473 4652 3783 4711 ludam-uin
3806 4652 3880 4724 τςε

2351 4743 2378 4776 ε
2401 4742 2449 4776 ο.

2349 4742 2449 4780 ειο.
3880 4744 3886 4758 ¹

2420 4795 2533 4867 (68)
2574 4796 2741 4860 Τίνος
2783 4793 2976 4867 χάριν.
3019 4792 3183 4867 Apud
3222 4793 3604 4867 Tlteodoritum
3659 4805 3715 4850 et
3741 4795 3877 4849 Nice-

2349 4857 2575 4935 phorum
2609 4857 3096 4935 Ιεεὶἰυξτίνοςοὺν
3124 4866 3299 4935 χάριν.
3335 4866 3425 4920 Sic
3449 4869 3614 4920 etiam
3648 4867 3876 4920 Socrates

2349 4945 2404 4988 et
2439 4932 2706 4989 Gelasius.
2755 4932 2833 4987 Ex
2878 4932 3419 5006 quibuscor’rigeuda
3467 4946 3618 5006 sunt,
3655 4949 3771 5002 qua:

2350 5015 2585 5077 quu_ntur
2617 5007 2716 5077 hoc
2772 5004 2928 5077 modo
2974 5002 3137 5077 :_'r'l)v
3169 5002 3436 5077 ὑμετέραν
3487 5005 3786 5074 ἀγχίνοιαν.
3824 5003 3877 5077 Et

2347 5071 2507 5147 ρᾌυίο
2540 5083 2659 5143 p081
2693 5071 3032 5147 ἔνθ-μηδεμιᾷ
3061 5071 3353 5147 ὁμοιότητᾲ
3389 5071 3714 5147 Quanquam
3737 5073 3877 5147 apud

2349 5144 2473 5197 illos
2509 5142 2657 5217 quos
2674 5142 3106 5217 dixiscriptores
3123 5142 3323 5217 legitur
3369 5147 3429 5197 ἐν
3465 5142 3876 5217 μηδενὸς-ὁμοιό-

2347 5229 2489 5283 τητι.
2522 5215 2576 5266 1η
2618 5212 2910 5283 Fuketiano
2948 5212 3204 5282 scripturn
3237 5225 3323 5270 est
3364 5217 3423 5267 ἐν
3468 5212 3720 5283 μηδεμιᾷ
3769 5227 3877 5282 τι»

2348 5282 2528 5350 φάσει.
2567 5284 2734 5335 Porro
2757 5282 2824 5334 ad
2862 5284 2975 5336 hac
3005 5289 3168 5339 verba
3197 5285 3436 5338 alludere
3460 5282 3682 5336 videtur
3710 5295 3876 5337 auctor

2349 5352 2793 5406 Conatitutionum
2833 5364 3000 5417 apart.
3036 5354 3176 5410 libro
3227 5369 3279 5418 ν,
3327 5367 3443 5417 cap.
3475 5351 3562 5405 16.
3595 5353 3747 5418 Quod
3774 5367 3876 5421 pn-

2348 5422 2488 5474 fecto
2535 5421 2790 5475 fatebitur
2841 5423 3082 5491 quisquis
3127 5440 3249 5480 eum
3281 5423 3457 5479 locum
3485 5436 3612 5479 cum
3644 5425 3730 5478 his
3755 5425 3877 5478 Con—

2347 5491 2570 5546 stantini
2606 5491 2785 5545 verbis
2820 5494 3120 5550 contulerit.
