3980 6344
644 176 783 233 1085

643 399 742 440 nos
771 380 1052 455 geruntur,
1086 387 1190 442 illis
1211 386 1409 441 eximia
1459 396 1513 439 et
1539 387 1847 440 admiranda
1897 387 2198 441 videantur.

642 472 827 545 Neque
877 492 1004 556 vero
1038 478 1169 546 ipsis
1223 478 1512 531 obscurum
1545 491 1691 541 esse,
1722 492 2060 531 'sermonum
2108 491 2202 530 co-

646 568 793 638 piam
828 570 1246 638 haudquaquam
1297 566 1545 621 omnibus
1574 568 1881 622 hominibus
1910 568 2198 620 utilitatem

641 660 855 716 afferre.
891 661 995 715 Alii
1027 661 1169 713 enim
1200 668 1456 726 tanquam
1489 659 1555 712 ad
1591 659 1753 713 vitam
1790 658 2197 713 sustentandam

640 750 922 806 commoda
971 751 1074 804 sibi
1111 747 1443 814 suppeditari
1476 747 1710 815 gaudent
1746 766 1759 800 :
1798 749 1887 800 alii
1916 748 1983 801 ad
2016 757 2199 816 patro-

641 842 842 895 cinium
863 839 1039 896 solent
1070 838 1375 906 confugere.
1402 837 1630 903 Quidam
1659 853 1793 893 eosa
1819 838 2019 907 quibus
2044 838 2197 892 heni-

642 947 746 1002 gne
773 930 1114 999 excipiuntur
1140 928 1369 995 diligunt
1394 944 1409 992 ;
1441 929 1688 981 nonnulli
1718 929 2055 1005 munusculis
2099 929 2197 982 lto-

640 1020 840 1081 norati,
866 1019 933 1071 ad
960 1017 1255 1071 amicitiam
1288 1017 1573 1069 iucundam
1624 1019 1990 1087 impelluntur.
2031 1018 2194 1072 Pauci

642 1108 929 1162 admodum
951 1118 1075 1160 sunt
1099 1107 1207 1161 veri
1240 1121 1548 1160 sermonum
1584 1118 1890 1162 amatores:
1913 1124 2009 1162 nec
2043 1108 2204 1163 facile

641 1200 932 1263 invenitur,
966 1200 1055 1269 qui
1094 1202 1337 1255 veritatis
1366 1200 1639 1254 studiosus
1664 1198 1757 1251 sit.
1786 1199 1955 1262 Quam
1981 1200 2050 1251 ob
2073 1214 2204 1253 cau-

640 1303 755 1343 sam
784 1289 1032 1343 omnibus
1079 1304 1196 1343 sese
1226 1289 1634 1344 accommodare
1656 1294 1891 1356 oportet,
1923 1296 1977 1340 et
2030 1290 2202 1341 instar

596 1434 597 1439 η
640 1379 834 1433 medici
871 1379 1150 1447 cujusdam
1207 1394 1269 1432 ea
1306 1394 1426 1447 qua:
1470 1376 1536 1429 ad
1590 1374 2003 1444 uniuscujusque
2059 1364 2202 1431 salu-

642 1476 747 1521 tem
778 1468 925 1522 utilia
958 1478 1084 1523 sunt
1105 1468 1542 1526 subministrare,
1575 1472 1632 1517 ιιι
1657 1463 1912 1517 salutaris
1940 1465 2215 1521 doctrina-

1378 176 1649 235 EUSEBII
1693 175 2176 233 CIESARIENSIS
2206 176 2356 233 OPP.
2401 176 2577 232 PARS
2615 178 2654 233 Ι.
2678 176 2747 220 9—-
2778 176 3164 235 HISTORICA.
3202 142 3207 147 ’

643 293 837 363 quippe
864 308 985 347 cum
1021 293 1180 349 facile
1219 296 1679 368 servaripossint,
1731 298 1775 351 si
1802 311 1862 350 ea
1890 312 2009 365 qua:
2057 296 2193 365 apud

2304 295 2513 359 Ξιὼσεσι
2572 296 3085 368 φιλοφρονουμένους
3142 297 3490 361 ἀσπάζονται,
3532 297 3627 352 καὶ
3674 298 3836 364 ξενίοις
3938 282 3946 368 l

3725 184 3837 235 1081

2306 383 2599 454 τιμώμενοι
2658 386 2941 454 ἀγαπῶσιν
3001 387 3196 458 ἕτεροι·
3234 386 3451 457 βραχεῖς
3505 387 3549 439 δ’
3590 390 3638 439 oi
3693 386 3837 454 Mm

2306 472 2518 543 ἀληθῶν
2567 474 2781 544 ἀληθεῖς
2837 475 2947 547 (85)
2999 477 3243 553 ἐρααταὶ,
3289 478 3395 543 καὶ
3424 479 3648 541 σπάνιος
3702 474 3766 530 αὖ
3817 480 3838 530 ὁ

2304 563 2404 632 τῆς
2463 565 2716 635 ἀληθείας
2775 566 2945 635 φίλος.
3012 567 3100 620 Διὸ
3155 568 3293 639 πρὸς
3343 569 3547 633 πάντας
3596 569 3841 639 ἁρμόττε-

2306 654 2430 708 σθαι
2466 656 2564 718 δεῖ,
2604 655 2783 727 ἰατροῦ
2800 658 2954 730 δίκην
2976 660 3187 728 ἑκάστῳ
3213 655 3284 712 τὰ
3305 658 3551 730 λυσιτελῆ
3583 659 3718 732 πρὸς
3744 678 3835 713 σω-

2294 745 2490 816 τηρίαν
2519 748 2903 820 ποριζομένους
2920 768 2935 781 ·
2968 750 3096 805 ὥστ’
3118 754 3177 819 ἐξ
3204 753 3442 817 ἅπαντος
3470 754 3569 826 τὴν
3591 755 3836 826 σωτήριον

2295 835 2448 906 παρά
2482 838 2595 899 τοῖς
2617 840 2746 891 πᾶσι
2772 840 3089 907 δοξάζεσθαι
3110 833 3483 897 διδασκαλίαν.’
3502 845 3732 899 τοιαῦτα
3754 847 3836 915 μὲν

2293 927 2353 980 ἐν
2380 925 2616 997 πρώτοις
2636 929 2865 1001 παρῄνει
2884 951 2897 963 ’
2927 935 3080 998 τέλος
3114 934 3161 987 δ’
3191 936 3449 1000 ἐπετίθει,
3470 937 3575 1000 τὰς
3593 936 3728 1008 ὑπὲρ
3752 938 3837 991 αὐο

2292 1016 2387 1070 τοῦ
2434 1017 2569 1088 πρὸς
2612 1020 2705 1072 τὸν
2739 1022 2869 1076 Θεὸν
2908 1026 3184 1097 ἱκετηρίας
3223 1029 3838 1099 ἐσπουδασμένακτωιεῖ-

2300 1108 2443 1162 σθαι.
2467 1109 2621 1163 Οὕτω
2650 1111 2713 1182 δὴ
2738 1110 3151 1185 συνταξάμενος,
3168 1120 3259 1173 ἐπὶ
3278 1120 3347 1173 τὰ
3372 1121 3518 1189 σφῶν
3542 1124 3711 1175 οίκεὲα
3728 1124 3836 1184 τοὺς

2297 1198 2507 1262 πάντας
2544 1201 2820 1256 ἐπανιέναι
2859 1206 3039 1273 ἠφίει·
3070 1209 3117 1259 oi
3149 1208 3196 1260 δ’
3218 1210 3518 1281 ἐπανῄεσαν
3552 1213 3647 1265 σὺν
3670 1212 3838 1283 εὐφρο-

2298 1288 2452 1360 σύνῃ,
2480 1290 2701 1361 ἐκράτει
2731 1309 2791 1345 τε
2817 1293 3004 1347 λοιπὸν
3043 1298 3193 1366 παρὰ
3218 1301 3331 1362 τοῖς
3354 1287 3489 1354 πᾶσι
3518 1301 3613 1372 μία
3641 1301 3833 1372 γνώμη.

2298 1383 2432 1450 παρ’
2489 1380 2639 1451 αὐτῷ
2690 1381 2899 1452 βασιλεῖ
2956 1386 3390 1457 συμφωνηθεῖσα,
3448 1393 3837 1463 συνποομένων

2296 1467 2484 1540 ὥσπερ
2512 1472 2614 1540 ἐφ’
2646 1473 2726 1526 ἐνὶ
2751 1473 2978 1544 σώματι,
3008 1475 3117 1531 τῶν
3149 1478 3213 1530 ἐκ
3253 1480 3464 1550 μακροῦ
3496 1481 3834 1553 διῃρημένων.

639 1558 783 1613 omni
811 1574 875 1612 ex
904 1566 1055 1624 parte
1089 1560 1157 1613 ab
1204 1557 1457 1623 omnibus
1487 1558 1799 1609 honoretur.
1831 1556 1894 1609 Et
1922 1557 2034 1611 haec
2070 1559 2284 1626 quidem
2346 1562 2521 1628 primo
2569 1565 2688 1618 loco
2753 1568 3053 1635 imperator
3110 1564 3190 1622 eis
3250 1572 3523 1640 praecepit.
3568 1574 3645 1626 Ad
3678 1586 3837 1629 extre-

639 1660 783 1702 mum
807 1664 939 1703 vero
987 1648 1201 1716 adjecit,
1242 1656 1299 1701 ut
1360 1661 1458 1714 pro
1529 1661 1587 1700 se
1646 1661 1857 1715 quoque
1906 1660 2093 1715 preces
2138 1650 2204 1703 ad
2245 1649 2408 1704 Deum
2467 1654 2657 1729 sedqu
2719 1656 2983 1712 facerent,
3014 1657 3148 1713 Cum
3176 1659 3229 1713 in
3258 1661 3399 1715 hunc
3428 1664 3635 1715 modum
3663 1666 3738 1717 eis
3761 1681 3839 1717 η.

639 1739 937 1804 ledixisset,
984 1739 1193 1792 cunctis
1256 1745 1376 1805 post
1405 1737 1520 1792 haec
1578 1737 1631 1790 in
1680 1739 1910 1807 patriam
1961 1740 2214 1795 redeundi
2282 1752 2596 1812 potestatem
2663 1749 2814 1806 fecit.
2841 1750 2917 1805 illi
2966 1752 3130 1822 igitur
3175 1768 3382 1808 summa
3416 1769 3536 1809 cum
3590 1754 3838 1810 hilaritate

638 1830 853 1882 domum
885 1830 1086 1883 reversi
1150 1838 1309 1894 sunt;
1365 1843 1428 1881 ac
1462 1828 1713 1899 deinceps
1761 1845 1865 1883 una
1923 1832 2061 1900 apud
2099 1847 2288 1888 omnes
2329 1836 2497 1891 valuit
2546 1841 2744 1910 opinio,
2810 1844 2913 1898 sub
2962 1843 3127 1912 ipsius
3189 1844 3529 1914 imperatoris
3576 1846 3835 1914 praesnti:

625 1921 911 1975 communi
966 1921 1202 1975 omnium
1264 1936 1528 1976 consensu
1578 1924 1818 1989 firmata;
1850 1939 1974 1979 cum
2019 1925 2055 1979 ii
2083 1926 2171 1996 qui
2199 1926 2310 1997 jam
2338 1924 2559 1999 ‘dudum
2586 1949 2617 1988 a
2644 1949 2703 1990 se
2734 1945 2917 1990 mutuo
2965 1936 3158 1992 divulsi
3218 1928 3392 2003 erant,
3420 1939 3473 1992 in
3511 1953 3669 1992 unum
3690 1938 3834 1997 veluti

639 2020 836 2082 corpus
864 2015 1209 2070 coaluisseut.

1088 2107 1254 2179 596
1298 2107 1525 2163 carm
1572 2078 1732 2160 xitu.

640 2197 912 2261 Quomodo
944 2198 1077 2253 alios
1103 2202 1309 2271 quidem
1353 2201 1594 2271 hortatus
1637 2200 1720 2259 sit.
1752 2200 1820 2271 ad
1842 2200 1977 2271 aliqs
2024 2200 2197 2255 autem

844 2267 1129 2337 scripserit,
1161 2280 1208 2323 et
1244 2267 1306 2322 de
1329 2270 1670 2337 pecuniarum
1711 2267 1981 2323 divisione.

706 2354 881 2412 Tanto
905 2357 1072 2424 ἰξςίιυις
1098 2372 1347 2411 successu
1385 2357 1677 2424 imperator
1714 2357 2069 2431 exhilaratus,
2119 2358 2186 2413 iis

638 2446 729 2515 qui
761 2449 966 2518 synodo
987 2448 1207 2503 minime
1243 2447 1637 2511 interfuissent,
1666 2449 2030 2517 gratissimum
2082 2450 2198 2505 fru-

637 2553 780 2592 ctum
807 2554 905 2606 per
924 2539 1133 2603 litteras
1170 2526 1418 2608 praebuit.
1442 2539 1545 2594 Sed
1576 2548 1628 2593 et
1661 2541 1926 2596 universis
1956 2541 2193 2611 p0pulis,

640 2636 748 2681 tam
785 2629 849 2683 iis
882 2630 969 2697 qui
1004 2645 1101 2699 per
1131 2645 1290 2697 agros
1314 2646 1473 2700 quam
1509 2632 1599 2700 qui
1640 2631 1691 2685 in
1728 2631 1953 2684 urbibus
1982 2632 2196 2687 habita-

640 2716 791 2779 bant,
816 2732 1063 2785 magnam
1094 2720 1333 2788 pecuniae
1366 2720 1475 2773 vim
1525 2721 1774 2775 distribui
1808 2720 1993 2787 jussit;
2024 2722 2201 2790 publi-

640 2823 759 2859 cum
788 2807 1138 2865 festivitatem
1175 2813 1243 2865 ob
1276 2813 1592 2868 vicesimum
1636 2812 1847 2882 imperii
1882 2814 1964 2875 sui
1998 2830 2196 2868 annum

561 2910 577 2927 ·
641 2900 741 2953 bac
773 2901 981 2955 ratione
1005 2905 1414 2959 concelebrans.

1195 2994 1423 3050 CAPUT
1452 2992 1638 3048 XXIII.

644 3077 916 3143 Quomodo
946 3082 1014 3133 ad
1054 3081 1332 3201 Ai'gyptlios
1382 3082 1664 3160 scripserit,
1697 3096 1884 3149 eosque
1917 3081 1983 3132 ad
2022 3095 2201 3151 pacem

1252 3158 1474 3201 tortam:
1521 3160 1606 3201 su.

1252 3158 1474 3203 hortatus
1521 3158 1606 3202 sit.

713 3239 912 3292 Verum
953 3241 1162 3294 cunctis
1198 3240 1337 3294 inter
1385 3254 1443 3292 se
1477 3255 1659 3309 pacem
1703 3240 2025 3305 colentibus,
2058 3239 2201 3310 apud

642 3328 788 3383 solos
817 3323 1102 3399 Egyptios
1135 3330 1488 3398 implacabilis
1523 3330 1889 3385 contentionis
1921 3330 2076 3384 furor
2108 3345 2199 3383 ar-

2701 2114 2704 2117 ⁷
2809 2110 3202 2165 ΚΕΦΑΛΑΙΟΝ
3246 2111 3374 2164 KB’.

2302 2201 2500 2263 Ὅπως
2534 2198 2642 2264 οὓς
2680 2197 2796 2267 μὲν
2831 2199 3232 2322 προέπεμένςν,
3269 2196 3360 2268 οἷς
3383 2200 3453 2254 δὲ
3490 2202 3725 2272 ἔγραψε,
3751 2199 3836 2328 Ὗι

2753 2285 3065 2328 χρηματων
3127 2270 3405 2328 ιαὸόσεις.

2749 2270 3065 2337 χρημάτων
3089 2270 3405 2337 διαδόσεις.

2370 2360 2588 2430 Χαίρων
2622 2360 2758 2431 δῆτα
2798 2360 3047 2431 βασιλεὺς
3076 2362 3167 2415 ἐπὶ
3198 2362 3277 2432 τῷ
3313 2344 3708 2435 κατορθώματι,
3739 2363 3836 2424 τοῖς

2304 2452 2379 2524 μὴ
2400 2450 2769 2523 παρατυχοῦσι
2798 2454 2866 2522 τῇ
2900 2452 3100 2523 συνόδῳ
3138 2452 3349 2524 καρπὸν
3371 2452 3569 2523 εὐθαλῆ
3591 2450 3836 2523 δεδώρητο

2298 2541 2366 2594 δι’
2392 2538 2687 2594 ἐπιστολῶν
2707 2557 2721 2569 ο
2769 2537 2919 2601 λαοῖς
2954 2539 3001 2591 θ’
3031 2539 3219 2598 ἅπασι,
3253 2543 3364 2602 τοῖς
3403 2558 3461 2593 τε
3507 2543 3620 2593 κατ’
3648 2542 3835 2610 ἀγροὺς

2301 2634 2394 2686 καὶ
2420 2635 2533 2693 τοῖς
2552 2631 2693 2699 ἀμφὶ
2725 2629 2822 2691 τὰς
2844 2629 3044 2691 πόλεις,
3069 2629 3363 2699 χρημάτων
3398 2628 3649 2697 ἀφθόνως
3678 2629 3833 2681 διαδό-

2305 2740 2418 2786 σεις
2456 2721 2718 2774 ποιεῖσθαι
2762 2718 3173 2791 παρεκελεύετο,
3214 2717 3317 2772 ὧδέ
3348 2738 3424 2790 πη
3462 2720 3726 2791 γεραίρων
3750 2721 3835 2790 τὴν

2304 2813 2494 2884 ἑορτὴν
2520 2812 2619 2882 τῆς
2645 2808 2984 2872 εἰκοσαετοῦς
3014 2809 3303 2880 βασιλείας.

2799 2979 3191 3033 ΚΕΦΑΛΔΙΟΝ
3239 2980 3365 3033 Kl".

2305 3070 2507 3133 Ὅπως
2542 3065 2674 3137 περὶ
2718 3069 2959 3137 εἰρήνης
3002 3070 3343 3157 Αἰγυπτίοις
3372 3072 3596 3142 ἐτραψέ
3645 3089 3707 3127 τε
3751 3072 3836 3127 καὶ

2906 3154 3265 3210 παρῄνεσεν.

2385 3229 2541 3284 Ἀλλὰ
2574 3229 2682 3303 γὰρ
2722 3231 2976 3286 ἁπάντων
3017 3232 3463 3304 εἰρηνευομένων,
3494 3234 3665 3305 μόνοις
3688 3236 3834 3303 Δίγυ-

2304 3321 2479 3385 πτίοις
2500 3322 2726 3393 ἄμικτος
2742 3320 2810 3396 ἦν
2828 3326 2872 3399 ﬂ
2885 3325 3018 3395 πρὸς
3044 3325 3301 3394 ἀλλήλους
3329 3325 3642 3393 φιλονεικία,
3659 3326 3731 3388 ὡς
3758 3326 3837 3377 καὶ

640 3421 806 3475 debat
839 3438 851 3473 :
881 3421 1015 3474 adeo
1039 3430 1096 3472 ut
1122 3421 1425 3475 molestiam
1452 3422 1663 3487 quidem
1690 3422 2012 3477 exhiberent
2042 3421 2202 3489 impe-

2304 3408 2456 3476 αὖθις
2484 3414 2716 3484 ἐνοχλεῖν
2751 3416 2992 3487 βασιλέα,
3015 3416 3077 3468 οὐ
3109 3417 3213 3486 μὴν
3245 3417 3339 3469 καὶ
3366 3415 3504 3487 πρὸς
3530 3416 3693 3488 ὀργὴν
3713 3412 3836 3483 ἐγεί-

642 3514 848 3577 ratori,
883 3528 988 3567 non
1020 3513 1139 3567 ideo
1166 3521 1345 3568 tamen
1372 3508 1495 3568 eum
1518 3515 1585 3569 ad
1619 3516 1956 3579 iracundiam
1990 3514 2199 3567 excita-

642 3616 787 3659 rent.
814 3604 940 3659 lllos
968 3606 1110 3659 enim
1140 3614 1200 3659 ut
1240 3615 1443 3673 patres,
1476 3616 1570 3659 aut
1599 3607 1779 3675 potius
1810 3617 1868 3661 ut
1908 3604 2200 3675 prophetas

605 3711 613 3718 ·
642 3697 760 3763 Dei,
792 3699 935 3752 omni
960 3699 1165 3759 honore
1193 3698 1484 3767 imperator
1511 3698 1768 3763 alliciens,
1810 3700 2003 3753 iterum
2044 3697 2109 3751 ad
2142 3711 2202 3752 se

642 3790 892 3851 vocavit;
927 3790 1121 3843 iterum
1155 3788 1359 3843 arbiter
1379 3784 1689 3845 eorumdem
1708 3789 1839 3857 fuit;
1872 3789 2069 3857 iterum
2101 3801 2198 3841 eos

645 3877 961 3932 muneribus
998 3893 1061 3932 ac
1090 3877 1246 3931 donis
1279 3879 1581 3932 honoravit.
1625 3876 1956 3932 Scntentiam
1989 3889 2202 3945 quoque

646 3976 807 4029 quam
858 3965 1061 4020 arbiter
1112 3967 1342 4032 dixerat,
1387 3982 1483 4033 per
1518 3967 1795 4037 epistolam
1841 3968 2198 4037 significavit,

646 4052 977 4108 conﬁrmans
1009 4064 1063 4107 et
1112 4059 1365 4112 sanciens
1398 4074 1460 4113 ea
1508 4074 1629 4126 qua:
1660 4074 1690 4112 a
1735 4060 1939 4129 synodo
1984 4059 2201 4112 decreta

646 4141 896 4207 fuerant,
924 4155 1126 4210 eosque
1154 4145 1445 4201 adhortans
1477 4158 1536 4200 ut
1561 4148 1865 4202 concordia:
1895 4148 2201 4209 studerent,

646 4248 748 4291 nec
772 4232 1029 4288 Ecclesia
1064 4247 1262 4302 corpus
1291 4236 1595 4298 distrahere
1638 4252 1703 4290 ac
1731 4237 2039 4306 discerpere
2083 4235 2198 4290 vel-

642 4324 777 4389 lent,
807 4324 903 4379 sed
943 4323 1181 4377 futurum
1227 4323 1320 4377 Dei
1343 4326 1603 4392 judicium
1635 4328 1818 4382 animo
1858 4336 2197 4398 reputarent.
2236 4324 2301 4381 Et
2339 4327 2453 4382 lucc
2480 4328 2701 4395 quidem
2758 4320 3297 4395 imperatorppeciali
3343 4320 3573 4389 epistola
3602 4322 3681 4378 eis
3721 4337 3831 4391 sug-

643 4417 830 4486 gessit.

1192 4526 1421 4581 CAPUT
1466 4520 1647 4580 XXIV.

705 4602 979 4687 Quomodo
1005 4621 1257 4691 episcopis
1290 4630 1338 4701 et
1368 4605 2132 4701 plebibusreligiocaslitteras

1204 4698 1398 4758 swpius
1421 4698 1647 4755 scripsit.

720 4779 825 4834 Sed
863 4789 919 4835 et
966 4779 1071 4834 alia
1103 4780 1332 4851 plurima
1378 4772 1642 4834 eiusmodi
1690 4777 1926 4842 scripsit,
1963 4792 2026 4831 ac
2066 4766 2202 4845 pene
2270 4818 2271 4821 η

647 4859 1077 4924 innumerabiles
1108 4870 1354 4925 exaravit
1406 4866 1703 4937 epistolas;
1747 4881 1889 4918 nunc
1936 4868 2202 4935 episcopis

644 4961 1002 5026 prmscribens
1035 4976 1097 5013 ea
1153 4976 1272 5029 qua:
1302 4960 1368 5014 ad
1400 4959 1766 5015 Ecclesiarum
1797 4955 1889 5009 Dei
1918 4956 2201 5011 utilitatem

644 5051 983 5117 spectabant,
1039 5067 1184 5106 nunc
1216 5037 1363 5120 ipsas
1391 5053 1579 5120 plebes
1612 5065 1708 5120 per
1729 5048 1938 5101 litteras
1962 5047 2201 5114 compel-

715 5253 1044 5323 (85)Λότων
1057 5250 1295 5323 ἀληθῶν
1308 5252 1751 5320 ἀληθεῖς.’(]ο‹1ᾶ.
1772 5218 1982 5323 Furem
1999 5256 2050 5301 et
2067 5246 2217 5323 δονίο

2229 4543 2277 4599 D

2312 3522 2443 3576 ρειν.
2466 3501 2564 3570 Οἷα
2586 3506 2715 3576 γοῦν
2736 3508 2996 3579 πατέρας,
3016 3507 3048 3579 ἢ
3070 3508 3163 3560 καὶ
3189 3506 3384 3576 μᾶλλον
3404 3508 3679 3577 προφήτας
3699 3504 3833 3568 Θεοῦ,

2310 3598 2459 3670 πάσῃ
2485 3599 2758 3670 περιέπων
2779 3602 2931 3669 τιμῇ,
2954 3602 3047 3651 καὶ
3071 3597 3315 3667 δεύτερον
3346 3597 3551 3659 ἐκάλει,
3583 3598 3669 3650 καὶ
3695 3596 3835 3649 πάλιν

2309 3695 2587 3763 ἐμεσίτευε
2615 3696 2727 3757 τοῖς
2759 3694 2940 3755 αὐτοῖς
2976 3690 3327 3756 ἀνεξικάκως,
3366 3692 3460 3743 καὶ
3484 3690 3673 3761 δώροις
3696 3690 3838 3757 ἐτίμα

2309 3782 2490 3849 πάλιν,
2522 3784 2710 3855 ἐδήλου
2748 3800 2809 3836 τε
2850 3779 2948 3851 τὴν
2980 3780 3185 3833 δίαιταν
3225 3779 3289 3831 δι’
3318 3778 3622 3848 ἐπιπολῆς.
3656 3778 3757 3830 Καὶ
3782 3777 3838 3828 τὰ
3944 3800 3945 3833 ι

2246 3886 2267 3899 ⁸
2307 3874 2406 3943 τῆς
2436 3875 2649 3930 συνόδου
2677 3874 2919 3944 δόγματα
2938 3872 3120 3941 κυρῶν
3147 3868 3593 3940 ἐπεσφραγίζετο,
3620 3867 3837 3938 παρεκά-
3944 3870 3945 3939 1

2308 3962 2388 4015 λει
2406 3979 2465 4015 τε
2492 3962 2807 4033 συμφωνίας
2831 3959 3066 4029 ἔχεσθαι,
3102 3957 3235 4027 μηδὲ
3264 3957 3494 4027 διασπᾷν
3521 3957 3614 4010 καὶ
3633 3956 3835 4009 κατατί-
3944 3982 3945 4019 ;

2309 4070 2463 4123 μνειν
2487 4054 2587 4124 τὴν
2619 4052 2959 4121 Ἐκκλησίαν,
2985 4048 3085 4116 τῆς
3102 4048 3160 4101 δὲ
3185 4046 3279 4099 τοῦ
3298 4046 3433 4099 Θεοῦ
3460 4048 3687 4117 κρίσεως
3705 4050 3759 4100 ἐν
3775 4048 3836 4118 νῷ

2306 4146 2407 4214 τὴν
2447 4148 2669 4217 μνήμην
2700 4143 3012 4215 λαμϐάνειν.
3042 4141 3149 4193 Καὶ
3170 4138 3339 4192 ταῦτα
3360 4138 3417 4191 δέ
3441 4138 3685 4209 βασιλεὺς
3701 4134 3760 4193 διδ
3780 4142 3835 4193 ol-

2308 4235 2461 4299 κείας
2482 4236 2766 4289 ἐπέστελλε
2791 4233 3023 4305 γραφῆς.

2804 4514 3199 4574 ΚΕΦΑΛΑΙΟΝ
3233 4517 3356 4569 ΚΔ⁹.

2298 4622 2501 4685 Ὅπως
2545 4614 2893 4676 ἐπισκόποις
2936 4609 3034 4731 agat
3066 4607 3236 4747 lyaoTc
3269 4607 3533 4675 εὐλαϐῶς
3566 4607 3830 4671 πολλάκις

2465 4737 2479 4745 .
2972 4696 3079 4747 ma
3128 4695 3215 4732 εν.

2972 4695 3215 4749 ποαψεν.

2372 4737 2483 4833 Καί
2514 4758 2651 4831 ἀλλά
2674 4774 2730 4827 δὲ
2756 4770 2962 4835 τούτοις
2978 4737 3225 4842 ’ἔγραφεν
3251 4771 3450 4843 ἀδελφὰ
3483 4771 3667 4844 μυρία,
3699 4763 3829 4820 πλείο

2302 4887 2432 4932 στας
2468 4869 2514 4921 θ’
2555 4870 2685 4929 ὅσας
2715 4860 2996 4925 ἐπιστολὰς
3025 4861 3293 4925 διετύπου,
3329 4866 3388 4917 ὲν
3422 4864 3575 4936 μέρει
3608 4860 3702 4932 μὲν
3725 4859 3827 4909 ἐπι-

2302 4961 2526 5023 σκόποις
2556 4959 2694 5028 ὑπὲρ
2724 4955 2829 5008 τῶν
2858 4952 3196 5025 Ἐκκλησιῶν’
3208 4953 3302 5007 τοῦ
3319 4952 3452 5008 Θεοῦ
3483 4952 3553 5005 τὰ
3577 4949 3827 5019 πρόσφορα

2300 5050 2741 5121 διαταττόμενος’
2779 5046 2882 5117 ἤδη
2913 5045 2969 5098 δὲ
3013 5045 3109 5100 καὶ
3146 5047 3325 5110 αὐτοῖς
3364 5041 3696 5116 προσεφώνει
3737 5039 3827 5096 ’τοέ

2280 5282 2294 5297 ο
2322 5248 2526 5303 Fuketii
2558 5260 2612 5302 et
2652 5247 2858 5318 schedae
2891 5245 3064 5318 Regia:
3108 5250 3304 5304 habent
3340 5266 3356 5301 :
3391 5247 3481 5316 ὑφ’
3518 5240 3825 5318 ἑνὶ-*σώματι

658 5314 997 5394 ὶίὶᾲεριίίρῐιὶιη
1034 5314 1228 5394 habent
1246 5314 1418 5394 λόγων
1431 5314 1642 5393 ἀλήθῶν
1662 5321 1905 5394 ἐρασταί.
1938 5318 2202 5394 Quotundc

2319 5334 2421 5394 non
2457 5319 2541 5386 ἐφ’
2569 5318 2668 5394 ἑνί,
2693 5326 2750 5369 ιιι
2796 5314 2993 5394 legitur
3016 5320 3082 5394 in_
3121 5318 3350 5394 vulgatis
3383 5314 3823 5394 _editionibus.tl-ﬂ

661 5392 819 5461 etiam
852 5388 914 5445 in
958 5394 1093 5446 libro
1128 5388 1361 5445 Turuebi
1413 5396 1479 5445 ad
1521 5388 1823 5461 marginem
1873 5388 2210 5461 emendatur.

663 5456 768 5508 Svd
795 5462 1003 5529 vulgata
1037 5463 1195 5515 lectio
1228 5462 1397 5529 magis
1424 5462 1596 5529 placet
1626 5455 1696 5515 οἶ)
1731 5478 1793 5515 ea
1822 5476 1938 5527 quill
1970 5455 2210 5529 ντοκίξιιε

667 5524 979 5597 sequuntur,
1008 5541 1066 5584 ut
1092 5531 1290 5584 vitetur
1316 5524 1650 5603 ταυτολογία.
1702 5524 1867 5585 Paulo
1896 5524 2017 5598 poSt
2038 5524 2205 5580 codex

2315 5378 2510 5441 eodcm'
2552 5378 2734 5457 codice
2776 5378 3029 5455 scriptum
3070 5378 3505 5457 ἰηνειῆίεδιὸτοερ

2316 5456 2598 5539 μιξττεσθαι
2633 5456 2729 5523 δεῖ,
2777 5451 2978 5512 ιιοηύι
3005 5461 3162 5529 vulgo
3204 5456 3405 5511 editum
3447 5451 3551 5520 e'5t,
3609 5451 3685 5504 διὸ
3716 5451 3825 5514 πρὸς

2309 5541 2529 5589 πάντας.
