4012 6340
642 368 782 425 ίέθῦ

1404 359 1672 417 EUSEBII
1706 353 2174 413 CESARIENSIS
2210 353 2357 409 OPP.
2400 355 2576 411 PARS
2614 356 2728 411 1.-
2764 356 3146 412 ΗΙΞΤΟΜΟΑ.

3694 355 3830 409 1104

640 490 745 534 tus.
799 478 1022 546 Ideoque
1076 475 1171 532 Dei
1220 474 1587 529 amantissima
1652 481 1913 541 augusta,
1952 471 2163 539 deipara

2281 468 2345 540 δὴ
2369 470 2577 540 βασιλὶς
2608 473 2642 542 ὴ
2671 471 3075 544 θεοσεόεστάτη,
3100 472 3201 543 τῆς
3235 472 3479 525 θεοτόκου
3506 472 3604 541 τὴν
3643 469 3828 540 κύησιν

641 568 873 638 Virginis
908 576 1118 637 partum
1163 567 1377 623 eximiis
1424 564 1781 619 monumentis
1810 562 2020 618 ornavit
2043 600 2059 624 ,
2092 576 2183 615 sa-

638 675 785 714 cram
806 660 951 715 illam
976 658 1286 732 speluncam
1311 656 1454 711 omni
1478 656 1652 709 cultus
1673 667 1867 723 genere
1890 653 2179 707 illustrans.

640 749 747 804 Nec
796 749 961 803 multo
998 756 1120 817 post
1154 748 1446 815 imperator
1471 746 1711 799 eamdem
1754 741 1957 797 Domini
1990 739 2183 793 nativi-

640 850 802 895 tatem
832 839 1097 910 regalibus
1128 836 1365 892 donariis
1409 832 1919 897 honoravit;rvariis
1948 846 2010 886 ex
2050 844 2182 884 auro

636 940 690 982 et
724 938 946 999 argento
976 926 1353 990 monumentis,
1386 923 1623 993 velisque
1653 936 1751 977 acu
1773 921 1929 990 pictis
1948 960 1963 983 ,
1988 917 2181 983 matris

636 1035 746 1075 suae
779 1018 1059 1073 cumulans
1094 1015 1569 1087 magniﬁcentiam.
1598 1014 1861 1067 Praterea
1892 1015 2181 1080 imperato-

638 1110 713 1164 ris
741 1108 955 1179 quidem
989 1114 1161 1160 mater
1188 1107 1241 1160 in
1282 1105 1593 1160 memoriam
1620 1103 1951 1159 ascensionis
1982 1102 2179 1157 Christi

637 1202 875 1254 omnium
923 1198 1243 1265 Servatoris,
1288 1198 1343 1251 in
1395 1204 1576 1250 monte
1606 1194 1879 1250 Olivarum
1931 1194 2177 1248 sublimia

637 1288 901 1343 exslruxit
936 1288 1197 1352 azdilicia,
1237 1287 1290 1340 in
1317 1287 1435 1355 ipso
1480 1284 1679 1339 montis
1722 1282 1924 1337 vertice
1969 1298 2176 1337 sacram

636 1380 848 1450 erigens
874 1379 1039 1433 cedem
1082 1392 1202 1432 cum
1251 1376 1469 1445 templo.
1496 1374 1594 1428 Hic
1626 1388 1789 1443 porro
1837 1372 2176 1427 Servatorem

636 1480 868 1533 omnium
922 1478 1214 1542 Christum,
1252 1475 1467 1531 arcanis
1521 1472 1789 1544 mysteriis
1828 1470 1985 1541 505
2019 1472 2178 1525 disci-

636 1570 787 1637 pulos
812 1584 937 1624 suos
978 1564 1031 1622 in
1075 1569 1189 1637 ipsa
1234 1556 1788 1635 speluncainitiasse,
1812 1577 1973 1615 verax
2014 1568 2177 1615 testa-

636 1670 723 1714 tur
741 1660 982 1713 historia.
1001 1660 1296 1726 lmperator
1316 1669 1445 1707 vero
1464 1654 1567 1706 hoc
1592 1652 1753 1706 etiam
1786 1652 1838 1704 in
1866 1650 1999 1714 loco,
2017 1652 2177 1705 variis

632 1750 959 1804 ornamentis
1001 1762 1065 1801 ac
1110 1744 1349 1799 donariis
1392 1756 1659 1795 summum
1704 1742 1940 1793 omnium
1980 1739 2175 1809 Regem

2287 562 2524 632 μνήμασι
2574 562 2900 633 θαυμαστοῖς
2953 564 3297 634 κατεκόσμει,
3317 563 3582 623 παντοίως
3613 562 3673 613 τὸ
3709 560 3827 630 τῇδε

2285 652 2642 723 ἱερὸν.ἄντρον
2673 650 3062 723 φαιδρῦνουσα·
3102 652 3351 723 βασιλεὺς
3378 651 3434 704 δὲ
3466 650 3659 720 μικρὸν
3689 648 3827 701 ὔστε-

2284 758 2375 813 ρον
2416 742 2707 811 βασιλικοῖς
2766 744 3072 813 ἀναθήμασι
3115 744 3209 797 καὶ
3249 742 3450 812 ταύτην
3486 742 3678 810 ὲτίμα,
3722 740 3824 802 τοῖς

2282 832 2339 897 ἐξ
2378 833 2615 905 ἀργύρου
2651 834 2741 887 καὶ
2778 836 2974 905 χρυσοῦ
3014 834 3333 906 κειμηλίοις,
3376 829 3823 903 παραπετάσμασι

2278 942 2339 977 τε
2375 926 2634 989 ποικίλοις
2679 924 2789 995 (9.6)
2816 925 2913 988 τὰς
2940 927 3044 995 (τῆς
3089 926 3289 997 μητρὸς
3329 922 3576 986 ὲπαύξων
3620 920 3823 991 φιλοκα-

2279 1015 2415 1080 λίας.
2445 1017 2609 1069 Πάλιν
2637 1016 2680 1069 δ’
2714 1019 2746 1088 ή
2788 1017 2884 1087 μὲν
2918 1016 3177 1087 βασιλέως
3217 1019 3396 1087 μήτηρ
3425 1016 3522 1086 τῆς
3550 1016 3631 1076 εἰς
3668 1014 3822 1083 οὐρα-

2278 1106 2401 1168 νοῦς
2442 1105 2664 1174 πορείας
2694 1105 2787 1158 τοῦ
2828 1104 2934 1157 τῶν
2977 1105 3114 1157 ὅλων
3140 1106 3427 1175 Σωτῆρος,
3469 1103 3561 1157 ἐπὶ
3588 1101 3681 1155 τοῦ
3722 1100 3819 1153 τῶν

2280 1195 2471 1247 ἐλαιῶν
2510 1196 2666 1264 ὅρους
2716 1196 2813 1266 τὴν
2866 1196 3082 1265 μνήμην
3125 1196 3457 1266 ὲπηρμέναις
3503 1194 3819 1261 οἰκοδομίαις

2277 1280 2508 1355 ἁνύψου,
2542 1288 2651 1341 ἄνω
2694 1287 2827 1358 πρὸς
2865 1289 2983 1349 ταῖς
3020 1287 3344 1357 ἀκρωρείαις
3587 1291 3687 1355 τὴν
3731 1284 3817 1339 τοῦ

2278 1379 2472 1441 παντὸς
2496 1378 2655 1449 ὅρους
2685 1377 2952 1449 κορυφὴν,
3020 1378 3164 1447 ἱερὸν
3212 1374 3357 1430 οἷκον
3407 1377 3700 1447 ἐκκλησίας
3734 1378 3818 1429 ἀνα

2275 1469 2579 1539 εγείρουσα,
2613 1466 2744 1520 νεών
2776 1485 2834 1520 τε
2860 1468 2987 1537 (‘27)°
3011 1464 3285 1519 κάνταῦθα
3307 1466 3458 1534 λόγος
3487 1465 3688 1536 ἀληθὴς
3714 1463 3814 1534 (28)

2276 1559 2509 1627 κατέχει,
2542 1560 2597 1610 ἐν
2626 1557 2773 1627 αὐτῷ
2817 1557 2993 1627 ἄντρῳ
3045 1554 3153 1625 (‘29)
3183 1556 3307 1618 τοὺς
3344 1554 3507 1608 αὑτοῦ
3557 1552 3813 1615 θιασώτας

2278 1655 2427 1723 μυεῖν
2454 1652 2551 1713 τὰς
2579 1652 2918 1722 ἀπορρήτους
2939 1649 3156 1712 τελετὰς
3180 1649 3270 1701 τὸν
3290 1646 3397 1699 τῶν
3423 1647 3556 1700 ὅλων
3575 1646 3809 1715 Σωτῆρα.

2274 1742 2530 1805 Βασιλεὺς
2568 1741 2624 1794 δὲ
2656 1741 2930 1796 κάνταῦθα
2974 1739 3246 1801 παντοίοις
3280 1736 3583 1806 ἀναθήμασί
3623 1753 3684 1789 τε
3726 1734 3812 1789 καὶ

632 1848 913 1894 veneratus
952 1847 1056 1891 est.
1087 1836 1264 1902 Atque
1303 1834 1425 1893 haec,
1455 1832 1561 1883 duo
1588 1840 1808 1898 augusta
1836 1843 1898 1883 ac
1925 1808 2163 1895 pulcher

2275 1832 2495 1900 κόσμοις
2535 1831 2624 1883 τὸν
2677 1832 2843 1901 μέγαν
2877 1831 3127 1902 ἐγέραιρε
3180 1826 3429 1881 Βασιλέα.
3483 1826 3592 1878 Καὶ
3623 1824 3685 1894 δὴ
3726 1823 3811 1876 δύο

633 1932 769 1982 rima
798 1936 1165 1987 monumenta,
1196 1920 1481 1977 immortali
1504 1919 1761 1975 memoria
1785 1919 1939 1988 digna
1964 1920 2016 1971 in
2042 1918 2173 1972 dua-

632 2021 731 2073 bus
760 2017 928 2071 sacris
950 2015 1248 2083 speluncis,
1287 2012 1488 2067 Helena
1527 2020 1774 2079 augusta,
1804 2010 2035 2078 religiosi
2070 2010 2173 2064 im-

632 2106 892 2174 peratoris
943 2114 1114 2158 mater
1157 2102 1573 2173 religiosissima,
1602 2102 1703 2169 pize
1745 2100 2046 2154 devotionis
2086 2114 2176 2153 ar-

630 2204 881 2265 gumenta
912 2196 1018 2249 Deo
1064 2194 1338 2248 Servatori
1386 2209 1483 2248 suo
1541 2193 1828 2259 dedicavit,
1858 2209 1979 2247 cum
2032 2192 2173 2248 ﬁlius

632 2286 918 2357 imperiaiis
975 2286 1225 2354 potentire
1280 2285 1577 2341 subsidium
1621 2286 1671 2339 ei
1718 2284 2009 2339 conferret.
2064 2285 2173 2339 Nec

631 2376 795 2430 multo
830 2384 953 2446 post
985 2375 1269 2443 grandaeva
1294 2374 1485 2429 mulier
1510 2375 1725 2443 dignum
1766 2373 2036 2429 laboribus
2061 2374 2173 2427 suis

629 2466 898 2535 praemium
923 2464 1121 2519 retulit.
1150 2462 1283 2517 Nam
1320 2477 1443 2517 cum
1480 2470 1649 2517 totum
1684 2462 1803 2516 vitae
1834 2477 1943 2515 sua:
1967 2473 2171 2532 tempus

697 2616 805 2686 (ε’δ)
838 2615 1477 2701 meammeam?
1504 2615 1968 2701 ἕτουςίέοες-ῌοη
2003 2618 2173 2701 PFO"

629 2685 1121 2752 interpretationem
1166 2685 1637 2752 Christopborsoni
1673 2686 1764 2751 qui
1794 2686 1963 2737 aulica
2001 2687 2171 2739 inter-

627 2764 884 2822 pretatur.
910 2754 1044 2823 liam
1070 2754 1234 2823 aulaea
1268 2767 1441 2806 scenae
1467 2756 1643 2822 potius
1666 2755 1987 2823 conveniunt
2012 2770 2170 2823 quam

625 2821 883 2877 ecclesia.
924 2821 1053 2874 Vela
1087 2822 1247 2891 igitur
1280 2821 1623 2891 iit_terpretari
1659 2822 1839 2891 malui.
1872 2821 1994 2877 Vela
2027 2821 2168 2878 enim

626 2876 935 2945 inecclcsiis
964 2876 1138 2944 erant:
1171 2876 1383 2943 Namh
1411 2876 1463 2943 i'n
1497 2892 1667 2959 portis
1700 2890 1911 2944 luerunt
1943 2876 2079 2955 vela,
2102 2876 2171 2947 de

626 2962 819 3029 quibus
852 2960 1177 3027 Epiphanius
1210 2960 1261 3029 in
1283 2960 1504 3024 epistola
1533 2964 1599 3013 ad
1628 2959 1885 3013 Joannem
1922 2961 2171 3017 Hieroso-

625 3028 939 3101 lymitanum
994 3044 1153 3101 quam
1215 3028 1404 3101 Latine
1436 3034 1613 3101 _vertit
1669 3029 2072 3099 Hieronymus:
2115 3042 2171 3086 et

624 3094 767 3153 circa
790 3099 975 3162 altare,
1011 3094 1303 3165 cuiusmodi
1322 3094 1459 3166 apud
1483 3115 1579 3153 nos
1598 3094 1885 3153 etiamnum
1908 3103 2166 3155 visuntur.

627 3169 794 3240 Porro
812 3169 923 3240 vela
948 3184 1063 3234 qua:
1094 3168 1160 3221 ad
1188 3176 1370 3235 portas
1389 3171 1849 3235 appendebantur,
1873 3168 2041 3223 Graeci
2064 3172 2170 3240 ἀμ-

626 3239 825 3309 φίθυρα
858 3238 1125 3309 dicebant,
1158 3252 1276 3309 qua:
1306 3252 1401 3289 \‘ox
1437 3240 1631 3309 legitur
1661 3240 1713 3291 in
1748 3240 1965 3304 epistola
1998 3238 2167 3294 Cho‘s-

625 3306 730 3360 rois
759 3306 901 3374 apud
931 3306 1385 3375 'FbeOpltylactum
1436 3307 1489 3359 in
1541 3308 1677 3360 libro
1709 3323 1760 3369 ν,
1790 3323 1908 3374 cap.
1944 3309 2023 3360 14.
2064 3311 2168 3361 Oc-

622 3378 791 3429 currit
826 3378 985 3428 etiam
1019 3374 1165 3443 apud
1208 3374 1643 3442 Chrysostomum
1690 3378 1741 3429 in
1774 3376 1987 3429 humilia
2014 3379 2079 3431 87
2113 3379 2169 3431 in

624 3443 949 3496 ualllttl’um.
1000 3443 1053 3493 lu
1105 3454 1287 3495 vetere
1322 3445 1507 3495 charta
1536 3445 1836 3497 donationis
1885 3461 2002 3511 qua:
2029 3446 2166 3499 facta

622 3523 704 3565 est
767 3512 1018 3581 Ecclesiae
1054 3511 1405 3581 Coruutiana:
1459 3528 1619 3578 quam
1684 3514 1847 3565 edidit
1905 3514 2167 3581 Josephus

624 3582 911 3635 Suaresius
944 3577 1287 3633 Vasionensis
1312 3577 1591 3647 episcopus
1644 3582 1701 3632 ﬁt
1733 3583 1932 3634 mentio
1977 3577 2163 3635 horum

622 3650 982 3704 velorum-his
1006 3650 1183 3700 verbis
1245 3666 1259 3701 :
1312 3650 1378 3699 Et
1406 3666 1501 3716 pro
1534 3666 1641 3703 arte
1679 3667 1791 3711 ora,
1826 3653 1933 3703 tela
1968 3662 2166 3705 trmno-

620 3722 807 3781 cerica,
839 3720 955 3770 alba
989 3718 1268 3769 aumclara
1286 3722 1411 3779 duo,
1442 3728 1545 3771 etc.
1582 3718 1713 3771 Item
1738 3731 1853 3771 ante
1877 3722 2042 3787 regius
2077 3724 2164 3772 ba-

620 3792 799 3848 silicm,
830 3791 935 3840 vela
962 3788 1098 3839 linea
1127 3789 1357 3853 plumata
1386 3788 1589 3855 majora
1618 3789 1739 3855 ﬁssa
1785 3806 1996 3841 numero
2020 3791 2118 3841 tria
2145 3810 2162 3845 .'

620 3860 739 3910 item
789 3860 896 3909 vela
939 3858 1077 3908 linea
1117 3873 1248 3923 pura
1283 3860 1405 3910 tria.
1430 3860 1562 3910 Ante
1595 3860 1959 3911 consistorium
1997 3861 2163 3911 velum

618 3927 809 3979 lineam
830 3944 1016 3991 parum
1054 3943 1237 3977 unum.
1267 3926 1331 3979 In
1352 3943 1545 3994 pronao
1569 3932 1729 3981 celum
1758 3930 1949 3995 lineam
1976 3945 2162 3995 purum

618 3990 859 4060 ttnum,et
881 3997 1020 4047 intra
1056 3998 1321 4047 basilicam
1352 3990 1445 4058 pro
1484 4000 1700 4063 portiria
1720 3990 1827 4051 relu
1856 3990 1991 4049 linea
2018 4016 2163 4051 rosu-

618 4066 725 4115 lala
755 4081 862 4136 sex»
895 4081 913 4116 :
953 4076 999 4117 et
1044 4068 1532 4136 anle‘secretarium
1587 4068 1662 4119 rel
1690 4068 1951 4117 curricula
2004 4067 2161 4136 (forte

618 4134 957 4185 scribendum
982 4133 1245 4202 cubicula)
1270 4137 1378 4187 vela
1402 4134 1537 4187 linea
1571 4142 1800 4187 rosulata
1830 4133 2045 4202 pensilia
2070 4140 2162 4189 lia-

618 4203 789 4253 bentia
814 4217 965 4251 arcus
995 4201 1117 4251 duo.

688 4270 797 4337 ('27)
833 4266 994 4320 [\‘ea'rr
1016 4286 1096 4320 τε.
1136 4269 1332 4322 Deesse
1363 4273 1450 4325 bic
1488 4273 1731 4325 videnlur
1757 4272 2004 4325 nonnulla
2031 4316 2043 4337 ,
2071 4288 2161 4328 aut

616 4352 761 4391 certe
791 4342 1107 4403 transposita
1151 4353 1269 4389 esse
1290 4342 1589 4408 _\'0C:lltlli:l.
1648 4346 1825 4408 Itaque
1862 4344 2033 4394 locum
2080 4349 2157 4397 sic

618 4410 821 4480 re~titui
856 4409 1063 4480 mallem
1090 4407 1228 4475 ἱερὸν
1262 4404 1406 4459 οἷκον
1438 4408 1721 4477 ἐκκλησίας
1743 4404 1880 4461 ’νεών
1919 4430 1977 4462 τε
2009 4415 2158 4480 ἅγιον

616 4477 983 4547 ἀνεγείρουσα.
1017 4461 1343 4547 Ηίθυίιιιιειιι
1384 4468 1542 4529 verba
1572 4461 1647 4530 sic
1697 4461 1970 4532 intellexit
1999 4461 2156 4536 ιὶίιὶἶζ
2191 4461 2232 4514 D

617 4546 1028 4612 stophorsonus.
1076 4546 1224 4617 quasi
1256 4547 1396 4598 dicat
1430 4549 1686 4599 Luseliius
1733 4547 1977 4600 Helenam
2028 4555 2155 4605 duas

616 4618 871 4669 ecclesias
910 4616 1273 4669 Construxisse
1307 4616 1357 4667 in
1387 4626 1563 4667 monte
1589 4618 1857 4668 Ulivarum
1880 4657 1892 4677 ,
1928 4620 2151 4672 alterum

617 4686 665 4736 in
701 4687 895 4737 vertice
921 4724 935 4747 ,
979 4686 1201 4737 alteram
1241 4686 1292 4737 in
1325 4700 1513 4752 Specu;
1567 4688 1704 4751 quod
1748 4696 1919 4738 tamen
1969 4704 2149 4742 verum

617 4770 718 4807 non
764 4764 909 4819 puto.
942 4752 1111 4806 Unam
1140 4756 1283 4807 enim
1312 4754 1583 4807 basilicam
1615 4771 1641 4804 a
1683 4754 2031 4808 Constantino
2079 4760 2149 4811 ibi

616 4824 928 4893 aediﬁcatam
958 4837 1077 4893 esse
1106 4826 1277 4893 tradit
1317 4834 1501 4876 auctor
1536 4823 1802 4874 Itinerurii
1854 4827 2151 4893 Hierosoly-

616 4892 821 4942 mitani.
866 4890 928 4941 Et
965 4890 1220 4943 Eusebius
1249 4895 1297 4944 in
1327 4896 1665 4962 panegyrico,
1694 4894 1780 4942 ubi
1803 4893 1866 4943 tle
1894 4890 2149 4961 inariyrin

616 4962 837 5028 loquens
870 4962 1007 5024 quod
1038 4966 1412 5029 Constantinus
1447 4963 1826 5029 llterOsonmis
1847 4964 2146 5025 ardilicavil,

614 5034 796 5103 eodem
829 5032 985 5103 modo
1014 5029 1241 5103 loquitur
1270 5047 1279 5080 :
1311 5028 1466 5083 υἷκον
1510 5033 1791 5101 εὐκτήριον
1826 5033 2143 5103 παμμεγέθη

616 5099 741 5150 νεών
775 5116 829 5149 τε
858 5099 1006 5162 ἅγιον
1040 5096 1113 5163 τῷ
1150 5102 1394 5167 σωτηρίῳ
1420 5102 1624 5172 σημείῳ
1648 5096 1905 5167 πλουσίως
1940 5096 2033 5150 καὶ
2057 5096 2146 5151 δαὶ

614 5169 784 5237 ιχιιιλέσι
851 5168 1171 5239 κατεκόσμει
1244 5168 1608 5239 φιλοτιμίαις,
1666 5175 1751 5224 ubi
1804 5172 1948 5221 vides
2002 5168 2144 5223 οἷκον

614 5235 888 5306 tempto.
922 5248 974 5288 et
998 5235 1121 5308 ναὸν
1165 5235 1443 5308 coniungi,
1492 5254 1543 5293 et
1595 5244 1658 5292 de
1710 5257 1808 5291 una
1852 5240 2143 5303 eademque

614 5312 829 5357 ριαείυδιίι
867 5308 993 5358 dici.
1035 5306 1094 5357 Et
1140 5306 1283 5356 οἷκον
1337 5311 1546 5373 quidem
1590 5312 1867 5378 εὐκτήριον
1914 5314 2141 5374 appellat

614 5378 880 5427 basilicam
906 5417 918 5437 ,
944 5390 1006 5427 eo
1032 5380 1169 5441 quod
1199 5378 1415 5443 populus
1446 5384 1625 5432 orandi
1672 5394 1830 5433 causa
1856 5395 1920 5431 eo
1947 5394 2139 5430 conve-

614 5456 778 5517 niret;
808 5444 929 5496 ναόν
958 5460 1079 5497 vero
1110 5455 1269 5495 totam
1299 5449 1464 5517 aedem
1500 5464 1702 5501 Sttt'l‘ulll
1732 5465 1849 5517 quae
1881 5464 1984 5500 uno
2024 5463 2137 5499 am-

614 5515 722 5563 bitu
758 5527 1004 5565 contenta
1040 5518 1277 5567 ςυιιιιιιιι
1306 5515 1355 5565 in
1400 5530 1456 5567 se
1496 5520 1716 5579 atrium,
1750 5515 2014 5585 porticus,
2050 5536 2135 5570 se-

613 5584 914 5640 cretarium,
955 5586 1348 5650 baptisterium,
1374 5596 1427 5635 ct
1457 5585 1619 5651 ipsam
1658 5590 1949 5641 basdtCam.
1984 5585 2133 5652 Quod

613 5652 819 5724 quidem
840 5655 1174 5724 apertissime
1204 5654 1353 5704 docet
1378 5654 1649 5715 Eusebius,
1684 5657 1817 5707 infra
1849 5662 1895 5709 in
1921 5674 2037 5724 cap.
2066 5656 2131 5712 50

613 5721 764 5781 huius
798 5721 937 5784 libri,
969 5722 1054 5773 ubi
1087 5724 1151 5775 de
1196 5723 1468 5775 Uominico
1516 5740 1673 5778 aureo
1719 5726 1963 5793 loquitur,
1988 5721 2127 5795 Quod

2272 1923 2440 1975 ταῦτα
2468 1924 2682 1993 μνήμης
2710 1921 2905 1987 ἐπάξια
2933 1921 3168 1982 αίωνίου,
3203 1918 3373 1989 σεμνὰ
3400 1916 3493 1969 καὶ
3522 1914 3806 1985 περικαλλῆ

2274 2012 2676 2083 καθιερώματα,
2706 2014 2797 2065 ἐπὶ
2825 2014 2918 2065 δύο
2954 2012 3228 2082 μυστικῶν
3262 2010 3470 2081 ἄντρων
3510 2007 3691 2075 Ἑλένη
3728 2006 3809 2058 αὺ-

2272 2104 2470 2172 γούστα
2502 2103 2618 2173 Θεῷ
2654 2102 2731 2172 τῷ
2761 2104 2925 2173 αὑτῆς
2968 2103 3196 2174 Σωτῆρι,
3246 2096 3519 2169 θεοφιλοῦς
3560 2094 3808 2165 βασιλέως

2273 2194 2517 2265 θεοφιλὴς
2596 2194 2805 2263 μήτηρ,
2878 2193 3128 2255 εὐσεϐοῦς
3200 2192 3469 2263 τεκμήρια
3531 2187 3807 2245 διαθέσεως

2274 2286 2470 2356 ἵδρυτο,
2511 2282 2688 2347 δεξιὰν
2727 2282 2861 2353 αὑτῇ
2908 2282 3182 2353 βασιλικῆς
3210 2281 3453 2346 ἐξουσίας
3488 2279 3578 2332 τοῦ
3632 2276 3805 2337 ruﬁo;

2272 2376 2701 2447 παρασχομένου.
2747 2372 2969 2444 Καρπὺν
3011 2373 3055 2425 δ’
3101 2372 3316 2437 ἐπάξιον
3360 2374 3392 2442 ἡ
3439 2370 3673 2442 πρέσϐυς
3715 2366 3806 2419 οὐκ

2272 2470 2350 2529 είς
2394 2470 2607 2538 μακρὰν
2660 2462 3052 2534 ἀπελάμϐανεν,
3101 2462 3319 2531 ἀγαθοῖς
3375 2463 3471 2532 μὲν
3514 2463 3679 2515 ἅπασι
3722 2458 3805 2510 τὸν

2271 2621 2653 2679 Constantinus
2701 2619 2995 2675 Antiochia:
3030 2617 3332 2672 aediﬁcavit.
3393 2617 3566 2685 Atque
3602 2618 3674 2669 ita
3713 2632 3803 2671 cx-

2272 2693 2549 2759 plicandus
2591 2701 2669 2743 est
2710 2690 2920 2759 Eusebii
2970 2688 3116 2742 locus
3163 2689 3363 2759 initiae
3401 2688 3702 2759 panegyrici
3734 2687 3802 2759 de

2272 2755 2654 2814 iriceunalibus
2681 2756 3037 2820 Constantini,
3064 2768 3117 2810 et
3145 2758 3195 2809 in
3228 2756 3362 2809 libro
3392 2772 3423 2807 ι
3456 2755 3550 2809 llis
3564 2755 3603 2807 ι.
3636 2756 3797 2808 eccle-

2270 2831 2513 2887 siastictc,
2541 2839 2595 2881 et
2622 2831 2670 2882 in
2700 2845 2815 2895 cap.
2837 2828 2905 2883 45
2931 2828 3083 2893 hujus
3114 2826 3254 2886 libri,
3285 2826 3371 2879 tibi
3392 2823 3517 2895 ναᾴν
3542 2837 3592 2877 et
3619 2825 3801 2893 εὐκτή-

2274 2916 2383 2969 ριον
2414 2895 2564 2969 οἷκον
2591 2893 2966 2969 simuljungit.
3001 2897 3170 2969 Paulo
3202 2896 3435 2969 aliterin
3471 2893 3677 2969 leges,
3718 2908 3803 2946 co-

2270 2962 2387 3021 ilice
2414 2968 2616 3021 Theod.
2639 3007 2653 3029 ,
2681 2969 2746 3021 de
2771 2962 2895 3019 'his'
2922 2967 3012 3033 qui
3062 2967 3129 3017 ad
3180 2964 3431 3018 ecclesias
3473 2962 3797 3029 confugiunt.

2270 3037 2344 3090 lbi
2373 3038 2514 3091 enim
2541 3036 2664 3099 ναὸς
2694 3035 2975 3105 εὐκτᾲήριος
3001 3035 3196 3105 dicitur
3224 3035 3466 3105 basilica,
3496 3047 3588 3105 seu
3625 3044 3799 3085 orato-

2274 3108 2409 3158 rium
2445 3107 2493 3156 in
2527 3120 2630 3171 quo
2665 3115 2746 3157 est
2783 3100 2968 3156 altare.
3001 3102 3236 3157 Ecclesia
3268 3116 3397 3155 vero
3417 3101 3612 3153 dicitur
3638 3112 3799 3171 totum

2270 3176 2553 3227 {editicium
2601 3172 2749 3239 cujus
2792 3172 2991 3224 ambitu
3055 3173 3286 3234 atrium,
3335 3172 3591 3238 porticus,
3637 3170 3797 3235 cellae,

2250 3244 2501 3307 lavacra,
2530 3243 2700 3307 ipsum
2726 3242 2958 3305 denique
2984 3241 3279 3292 oratorium
3316 3241 3679 3294 continentur.

2340 3310 2451 3379 (‘28)
2478 3311 2787 3363 Κάνταῦθα
2812 3310 2988 3377 λόγος
3031 3308 3278 3375 ἀληθής.
3313 3311 3513 3362 Auctor
3536 3308 3799 3360 [litterarii

2272 3378 2729 3447 llierosolymimni
2753 3398 2764 3431 :
2801 3399 2818 3429 ι
2847 3380 2989 3441 lude,
3019 3380 3207 3446 inquit,
3234 3379 3473 3430 ascendis
3503 3379 3551 3428 in
3572 3389 3797 3430 montem

2269 3448 2479 3507 Olivcii,
2520 3450 2603 3500 ubi
2640 3448 2895 3501 Dominus
2922 3449 3213 3514 discipulos
3239 3449 3417 3501 docuit
3443 3457 3569 3500 ante
3598 3450 3795 3512 passio-

2268 3532 2408 3570 netn.
2440 3536 2456 3566 ›
2482 3517 2620 3569 Beda
2643 3534 2693 3570 in
2716 3519 2849 3571 libro
2870 3517 2940 3568 De
2953 3519 3079 3569 locis
3095 3519 3307 3579 sanctis,
3331 3533 3447 3579 cap.
3479 3518 3509 3569 7
3536 3534 3547 3567 :
3580 3535 3598 3566 ι
3627 3515 3799 3568 Tertia

2267 3602 2475 3653 quoque
2506 3586 2736 3652 ejusdem
2772 3589 2968 3640 montis
3004 3588 3066 3638 ad
3082 3590 3365 3639 australem
3385 3586 3657 3639 Bethania:
3680 3599 3797 3653 par-

2271 3651 2371 3707 tem
2394 3651 2620 3709 ecclesia
2641 3666 2743 3717 est,
2780 3658 2865 3707 ubi
2898 3657 3151 3710 Dominus
3178 3667 3298 3709 ante
3320 3658 3617 3723 passiooem
3644 3651 3798 3723 disci-

2267 3726 2399 3790 pulis
2422 3727 2484 3779 de
2507 3727 2590 3779 die
2610 3726 2793 3791 judicii
2818 3725 3023 3777 locutus
3050 3734 3149 3779 est.
3166 3745 3182 3776 ι
3212 3721 3460 3793 [intelligit
3483 3726 3653 3778 locum
3674 3721 3799 3793 llat-

2268 3793 2406 3857 tliaai,
2427 3811 2543 3861 cap.
2564 3810 2708 3847 xxiv.
2738 3794 2886 3847 Hauc
2912 3795 3070 3861 igitur
3094 3792 3521 3860 prtedicatidnem
3542 3792 3796 3846 Eusebius

2265 3863 2363 3917 hoc
2386 3866 2499 3917 loco
2523 3865 2750 3932 appellat
2780 3865 3119 3931 ἀπορρήτους
3148 3862 3364 3925 τελετάς
3384 3902 3397 3923 ,
3447 3863 3501 3914 id
3528 3873 3628 3923 est,
3661 3878 3680 3909 ι
3711 3874 3793 3932 ar-

2264 3949 2392 3985 cana
2422 3929 2693 4001 mysteria,
2727 3950 2745 3982 ι
2776 3946 2839 3983 eo
2867 3929 3005 3997 quod
3035 3934 3099 3983 de
3128 3934 3284 3983 rebus
3316 3933 3544 4001 arcanis,
3576 3939 3703 4001 puta
3734 3929 3793 3979 de

2262 3999 2722 4054 consummatione
2753 4002 2967 4062 mundi,
2994 4002 3141 4051 etde
3189 4001 3417 4050 adventu
3459 3999 3659 4050 Christi
3704 4011 3792 4049 ex-

2262 4070 2795 4138 tremoquejudicio,
2821 4077 2942 4120 tunc
2988 4067 3497 4138 Dominus_locutus
3536 4073 3623 4119 sit.
3667 4067 3790 4119 Nam

2261 4152 2311 4192 et
2339 4134 2715 4207 apn§tolitunc
2758 4147 3097 4207 accesserunt
3134 4138 3197 4187 ad
3240 4134 3520 4207 Dominum
3566 4148 3790 4199 secreto,

2263 4221 2320 4261 ut
2346 4204 2421 4261 ait
2448 4209 2742 4262 Matth-mus.
2777 4204 2971 4273 quippe
2998 4208 3085 4272 qui
3126 4206 3375 4274 mysteria
3412 4216 3467 4257 et
3496 4206 3790 4258 futurorum

2263 4280 2635 4330 revelatioueui
2665 4290 2821 4328 nosse
2850 4278 3162 4342 cupiebant,
3189 4275 3639 4340 quemadmodum
3662 4276 3791 4331 scri-

2262 4350 2333 4399 bit
2372 4348 2721 4413 llicronymus
2751 4346 2804 4395 in
2824 4342 3148 4397 Matlhwum.
3182 4344 3331 4409 Quod
3358 4358 3486 4396 vero
3520 4345 3590 4395 ait
3633 4345 3790 4397 Euse-

2262 4418 2399 4473 bius,
2436 4416 2711 4466 Dominum
2750 4415 2859 4465 haec
2917 4416 3168 4482 mysteria
3211 4413 3492 4465 tradidisse
3541 4415 3786 4479 apostolis

2262 4486 2314 4535 in
2343 4485 2628 4551 spelunca,
2674 4482 2727 4535 id
2771 4483 2982 4550 quidem
3034 4484 3085 4535 in
3112 4482 3419 4551 Evangelior
3446 4484 3645 4547 diserte
3689 4499 3785 4539 ncn

2261 4548 2531 4604 scribitur.
2578 4548 2686 4602 lmo
2713 4548 3040 4604 contrarium
3076 4548 3283 4619 potius‘
3305 4550 3426 4603 elici
3460 4566 3619 4620 posse
3648 4555 3789 4606 vide-

2263 4633 2345 4672 tur
2370 4637 2431 4673 ex
2470 4621 2770 4687 Evangetio.
2808 4621 2863 4673 lu
2893 4636 2956 4674 eo
2986 4622 3126 4687 enim
3167 4620 3430 4683 refertur,
3459 4623 3642 4677 urbem
3670 4624 3788 4677 llie—

2262 4686 2643 4759 ruSOIymornui
2682 4691 2735 4742 in
2781 4686 3264 4759 conspectu_l_‘uisse
3310 4689 3617 4759 discipulis,
3667 4707 3783 4748 cuin

2260 4758 2509 4810 Dominus
2537 4759 2645 4829 lucc
2691 4757 3021 4827 praedicaret.
3074 4757 3185 4810 Non
3238 4759 3397 4826 igitur
3446 4757 3497 4812 in
3534 4757 3783 4829 spelunca

2256 4839 2426 4892 erant,
2472 4831 2560 4879 sed
2593 4828 2642 4879 in
2687 4840 2900 4897 patente
2942 4838 2993 4880 et
3032 4836 3227 4899 aperto
3280 4830 3415 4881 loco.
3460 4828 3780 4899 Responderi

2258 4907 2431 4948 tamen
2458 4908 2628 4963 potest
2651 4938 2664 4957 ,
2690 4896 3002 4965 Speluncam
3031 4896 3171 4947 illam
3200 4899 3345 4951 varia
3368 4896 3619 4954 habuisse
3642 4903 3783 4954 lora-

2255 4968 2419 5027 milia,
2468 4967 2764 5029 cujusmodi
2796 4969 2971 5033 plures
3016 4965 3278 5031 spelunca;
3332 4968 3548 5022 fuerunt
3590 4970 3645 5021 in
3693 4968 3783 5020 Pa-

2256 5035 2476 5097 lmsliua,
2510 5041 2776 5097 inducent
2806 5037 3099 5087 ttineraria.
3154 5035 3307 5087 Certe
3341 5053 3463 5091 cum
3505 5039 3782 5091 blattth

2253 5104 2474 5155 allirntet
2502 5107 2791 5173 tltSCIpulos
2822 5116 3027 5156 secreto
3048 5105 3112 5161 ad
3147 5106 3424 5159 Doininum
3470 5110 3777 5165 accessisse.

2251 5175 2519 5244 plObiliJlit:
2547 5186 2627 5225 cst
2660 5189 3101 5244 counsel-munem
3126 5175 3177 5226 in
3207 5176 3459 5244 spelunca
3493 5189 3523 5229 a
3555 5176 3777 5229 Βοιηὶηο

2250 5243 2355 5293 illic
2391 5246 2650 5295 resndeute
2678 5242 2909 5294 habitum
2944 5240 3125 5297 fuisse.

2315 5310 2579 5381 (‘29)Vulg.
2606 5312 2744 5375 τοὺς
2764 5313 2830 5362 ἐν
2848 5310 3001 5375 αὐτῷ
3021 5313 3225 5380 arma).
3250 5312 3426 5367 Prima
3445 5327 3548 5366 vox
3561 5313 3777 5368 delenda

2244 5392 2326 5431 est
2356 5394 2533 5449 utpote
2557 5383 2841 5448 superﬂua.
2880 5384 3131 5435 Alludere
3158 5394 3334 5435 autem
3365 5384 3575 5435 videtur
3615 5384 3776 5439 Euse-

2247 5450 2361 5502 bius
2414 5456 2477 5503 ad
2511 5466 2709 5504 morem
2760 5449 3032 5517 gentilium
3062 5493 3076 5515 ,
3108 5454 3198 5521 qui
3230 5452 3508 5504 Mitliriaca
3540 5468 3696 5507 sacra
3726 5456 3773 5508 in

2242 5522 2432 5583 spelazo
2469 5522 2826 5588 peragebant,
2868 5533 2924 5572 ut
2965 5524 3119 5575 docet
3168 5522 3495 5588 Porphyrius
3549 5524 3601 5575 iu
3648 5525 3777 5577 libro

2240 5588 2315 5639 De
2339 5593 2680 5651 abstinentia,
2735 5588 3352 5661 lliermwiuusqalitque.
3400 5590 3774 5661 Conjccluram

2239 5672 2473 5781 nostrast
2501 5662 2782 5711 continuat
2828 5664 2991 5715 codex
3024 5659 3267 5727 Fuketii,
3303 5664 3353 5714 in
3388 5659 3645 5730 quo‘vox
3694 5666 3776 5717 illa

2239 5743 2357 5781 τους
2392 5745 2420 5780 a
2463 5740 2559 5781 est.

2233 5743 2357 5789 τους
2392 5740 2559 5782 abest.
