4012 6340
260 300 297 352 1
316 302 448 359 tos
928 272 931 275 ’
1340 304 1429 359 DE
1462 303 1620 361 VIrA
1652 304 2106 363 CONSTANTINI
2145 305 2269 360 LIB.
2309 303 2400 359 tn.
2752 336 2759 341 .
2841 333 2846 338 .
3367 295 3503 350 nos

264 417 484 485 πάντα
523 421 623 491 τῆς
648 422 793 492 ζωῆς
824 423 1014 496 χρόνον
1043 424 1128 477 ἐπ’
1169 424 1315 495 αὐτῷ
1340 427 1544 496 γήραος
1584 428 1719 499 οὐδῷ
1750 429 1848 482 δια-

1918 454 1930 489 ι
1958 443 2127 497 usque
2151 428 2213 481 ad
2244 427 2416 496 prima
2466 422 2757 479 senectutis
2794 420 2976 475 limina
3004 420 3059 476 in
3091 434 3297 476 summa
3337 410 3475 473 felici

262 512 701 583 περαναμένη,
736 513 910 581 λόγοις
954 515 1011 567 δὲ
1068 514 1159 567 καὶ
1195 514 1374 586 ἔργοις
1420 516 1529 568 τῶν
1578 520 1846 590 σωτηρίων

1955 528 2064 573 tate
2112 517 2457 581 traduxisset,
2485 525 2541 570 et
2566 514 2868 569 divinorum
2906 512 3276 577 mandatorum
3308 512 3500 565 uberes

263 603 771 672 παραξγελμάτων
834 605 1076 668 εὐθαλεῖς
1140 607 1527 679 παρασχομένη
1589 613 1847 681 καρποὺς,

1954 609 2157 665 fructus
2208 618 2320 663 tum
2370 605 2553 661 verbis
2600 613 2711 658 tum
2765 602 3015 672 operibus
3062 602 3406 672 protulisset,
3434 615 3498 654 ac

264 688 519 743 κᾶπειθ’
562 691 699 745 οὕτω
750 692 861 762 βίον
910 694 1137 766 εὐσταλῆ
1190 697 1286 748 καὶ
1332 696 1554 760 ἄλυπον,
1610 697 1848 769 σώματος

1952 707 2230 769 propterea
2259 697 2420 751 vitam
2451 696 2651 751 doloris
2678 703 2949 762 expertem
2969 707 3088 747 cum
3114 706 3323 747 summa
3350 704 3499 744 men--

265 780 438 849 ὁμοῦ
473 782 565 835 καὶ
596 782 772 852 ψυχῆς
802 784 859 837 ὲν
885 785 1176 856 ἐρρωμένῳ
1206 789 1508 859 φρονήματι
1539 789 1849 861 διανύσασαο

1954 792 2022 846 tis
2048 799 2103 845 et
2139 789 2392 860 corporis
2439 788 2671 843 sanitate
2711 788 3027 857 peregisset.
3051 784 3263 838 tandem
3293 781 3494 853 exitum

266 876 390 944 ἐφ’
416 872 496 941 οἷς
523 878 613 930 καὶ
637 878 787 941 τέλος
808 879 1083 942 εὐσεϐείας
1105 880 1343 945 ἐπάξιον,
1373 880 1592 949 ἀγαθῶν
1620 900 1681 935 τε
1705 884 1850 956 παρὰ

1952 882 2161 950 pietatis
2190 896 2299 936 suae
2345 879 2776 942 convenientem,
2814 886 2870 932 et
2906 875 3203 930 mercedem
3232 873 3496 927 bonorum
3528 909 3536 932 ι

268 967 437 1022 Θεοῦ
465 968 692 1040 ἀμοιϐὴν
729 969 865 1022 κάπὶ
891 969 981 1021 τοῦ
1017 970 1277 1040 παρόντος
1306 969 1501 1043 εὕρατο
1527 972 1662 1042 βίου.

1949 988 2167 1044 operum
2193 973 2246 1026 in
2271 972 2373 1027 hac
2400 972 2563 1027 etiam
2582 971 2694 1024 vita
2724 986 2753 1024 a
2788 970 2897 1024 Deo
2933 976 3218 1023 consecuta
3250 972 3352 1033 est,

796 1061 1186 1114 ΚΕΦΑΛΔΙΟΝ
1218 1064 1348 1119 ΜΔΖ.

2509 1058 2736 1115 CAPUT
2772 1055 2952 1113 XLIV.

273 1152 440 1217 Περὶ
473 1154 922 1220 μεγαλοψυχίας
967 1153 1066 1206 καί
1115 1156 1383 1221 εὐποιίας
1425 1156 1533 1226 τῆς
1588 1158 1845 1225 Ἑλένης.

1823 1182 1845 1211 ι.
2035 1154 2112 1209 De
2138 1154 2495 1224 magnitudine
2524 1153 2693 1205 animi
2726 1161 2774 1205 et
2804 1148 3139 1218 beneﬁcentia
3173 1145 3407 1201 Helena.

364 1241 479 1312 Τὴν
507 1242 697 1311 γάρτοι
727 1242 1015 1312 σύμπασαν
1070 1244 1210 1313 ἑῴαν
1240 1247 1679 1318 μεγαλοπρεπείᾳ
1708 1249 1850 1318 βασι-

2015 1247 2220 1316 Quippe
2244 1248 2367 1299 dum
2399 1253 2568 1297 totum
2598 1241 2873 1297 Orientem
2900 1254 3021 1293 cum
3054 1237 3227 1306 regali
3255 1234 3497 1305 magniﬁ-

271 1329 451 1401 λικῆς
497 1332 739 1397 ἐξουσίας
779 1335 1233 1405 ἐμπεριελθοῦσα,
1285 1338 1452 1408 μυρία
1501 1339 1597 1408 μὲν
1641 1340 1847 1411 ἀθρόως

1946 1340 2117 1392 centia
2152 1345 2423 1407 peragrat,
2473 1345 2583 1387 tum
2618 1331 2952 1394 civitatibus,
2987 1339 3099 1382 tum
3147 1327 3370 1395 privatis
3406 1326 3496 1393 qui

272 1424 408 1484 τοῖς
439 1424 575 1476 κατὰ
618 1425 769 1478 πόλιν
806 1426 1052 1496 ἐδωρεῖτο
1073 1427 1281 1497 δήμοις,
1321 1428 1424 1499 ἰδίᾳ
1461 1446 1521 1481 τε
1553 1430 1661 1482 τῶν
1687 1448 1847 1501 προσ.

1945 1432 2114 1500 ipsam
2151 1430 2390 1493 adibant,
2415 1427 2696 1481 innumera
2744 1423 2999 1478 beneﬁcia
3031 1420 3324 1476 acervatim
3371 1433 3496 1473 con-

270 1511 482 1567 ιᾶντων
550 1515 791 1586 ἑκάστῳ·
841 1517 1004 1587 μυρία
1052 1516 1103 1569 δὲ
1160 1522 1272 1582 τοῖς
1312 1524 1715 1590 στρατιωτικοῖς
1760 1522 1847 1573 τά·

1946 1522 2066 1574 ιυΙίι
2095 1537 2108 1572 :
2146 1521 2426 1574 innumera
2477 1532 2690 1587 quoque
2719 1515 3069 1569 'militaribus
3092 1513 3336 1567 numeris
3362 1511 3494 1565 libe-

273 1619 465 1674 Υμασι
498 1606 645 1676 δεξιᾷ
686 1607 1087 1678 μεγαλοπρεπεῖ
1130 1610 1362 1680 διένεμε,
1404 1612 1628 1666 πλεῖστά
1668 1613 1717 1665 θ’
1745 1615 1844 1667 ὅσα

1943 1613 2042 1667 rali
2072 1594 2234 1665 manu
2267 1610 2558 1665 distribuit.
2586 1608 2916 1677 Pauperibus
2958 1615 3136 1659 autem
3162 1619 3227 1658 ac
3261 1604 3418 1660 nudis
3442 1612 3496 1656 et

274 1695 485 1767 πένησι
526 1701 747 1765 γυμνοῖς
794 1699 889 1751 καὶ
942 1700 1321 1771 ἀπεριστάτοις
1364 1703 1563 1766 ἐδίδου,
1596 1706 1706 1767 τοῖς
1747 1705 1844 1775 μὲν

1942 1706 2088 1758 omni
2114 1719 2213 1773 ope
2238 1718 2302 1757 ac
2329 1702 2526 1756 solatio
2543 1700 2810 1755 destitutis
2840 1698 3229 1768 quamplurima
3256 1696 3492 1759 donavit,

273 1789 585 1858 χρημάτων
607 1789 779 1853 δόσεις
805 1792 1118 1861 ποιουμένη,
1146 1796 1257 1856 τοῖς
1282 1793 1338 1845 δὲ
1363 1793 1431 1847 τά
1463 1796 1598 1865 πρὸς
1624 1795 1691 1867 τὴ
1706 1831 1721 1849 α
1749 1798 1842 1849 τοῦ

1910 1813 1915 1852 ι
1944 1796 2048 1851 illis
2087 1795 2389 1863 pecuniam,
2426 1793 2511 1846 bis
2554 1801 2757 1846 vestem
2778 1830 2795 1854 ,
2825 1791 2894 1845 ad
2947 1789 3225 1859 tegendam
3256 1787 3494 1858 corporis

275 1877 539 1949 σώματος
569 1881 775 1952 σκέπην
805 1882 1036 1950 δαψιλῶς
1063 1884 1402 1954 ὲπαρκοῦσα’
1436 1886 1650 1957 ἑτέρους
1679 1888 1844 1958 ἀπήλ-

1942 1887 2231 1939 nuditatem
2258 1884 2465 1953 prolixe
2492 1883 2863 1952 suppeditans.
2891 1880 3040 1935 Alios
3088 1882 3214 1934 item
3242 1878 3489 1941 vinculis,

274 1969 447 2023 λαττε
492 1970 721 2042 δεσμῶν,
780 1974 1053 2042 μετάλλων
1098 1992 1158 2026 τε
1203 1977 1541 2047 κακοπαθείᾳ
1582 1978 1843 2030 ταλαιπω-

1939 1985 2031 2030 aut
2060 1974 2394 2030 metallorum
2417 1977 2672 2029 aerumnis
2691 1972 2918 2027 aﬂlictos
2942 1972 3209 2037 exsolvit;
3233 1970 3489 2040 quosdam

274 2060 577 2130 ρουμένους
598 2079 611 2091 ·
637 2062 924 2131 ἠλευθέρου
949 2081 1009 2115 τε
1038 2065 1549 2136 πλεονεκτουμένους
1568 2085 1581 2097 ·
1621 2068 1715 2122 καὶ
1744 2068 1840 2120 πά-

1936 2065 2185 2120 violentia
2214 2064 2571 2133 potentiorum
2598 2076 2885 2131 oppressos
2914 2061 3179 2124 liberavit,
3207 2061 3488 2115 nonnullos

274 2158 370 2204 λιν
397 2152 583 2215 ἄλλους
615 2153 825 2225 ὲξορίας
862 2153 1192 2239 ἀνεκαλεῖτο.
1479 2171 1483 2175 ’

1137 2172 1192 2209 Ὀ.
1479 2171 1483 2175 ’
1933 2159 2094 2211 etiam
2124 2158 2191 2210 ab
2219 2155 2408 2211 exsilio
2433 2154 2721 2209 revocavit.

782 2245 1171 2299 ΚΕΦΑΛΑΙΟΝ
1209 2246 1340 2300 ME'.
1413 2262 1417 2265 ‘

2496 2244 2722 2299 CAPUT
2758 2243 2921 2299 XLV.
3027 2241 3034 2245 ’

268 2336 476 2402 ὀπως
509 2336 772 2402 εὐλαϐῶς
802 2338 870 2390 ἐν
899 2337 1406 2438 τᾳέτέἔέλησίαις
1458 2342 1752 2412 συνήγετο
1792 2344 1831 2411 ἠ

1934 2316 2217 2405 ραοηιοάα
2251 2337 2452 2392 Helena
2487 2337 2554 2438 in)
2588 2337 2822 2391 ecclesiis
2868 2337 3106 2407 religiose
3158 2348 3363 2391 uersata
3389 2339 3477 2390 sit.

956 2406 1176 2474 Ἑλένη.

352 2491 617 2559 Τοιούτοις
649 2495 781 2566 δῆτα
816 2496 1253 2568 λαμπρυνομένη,
1287 2499 1403 2552 οὐδὲ
1435 2500 1534 2569 τῆς
1568 2500 1701 2572 πρὸς
1746 2504 1832 2557 τὸν

1999 2490 2311 2562 Hujusmodi
2352 2490 2608 2560 operibus
2652 2505 2771 2545 cum
2826 2505 3073 2560 magnam
3119 2490 3219 2545 sibi
3256 2490 3480 2576 giqriam

276 2581 413 2635 Θεὸν
442 2584 591 2647 ὁσίας
622 2586 1011 2657 κατωλιγὼρει,
1049 2589 1313 2657 φοιτῶσαν
1348 2592 1442 2661 μὲν
1475 2594 1642 2664 αὐτὴν
1675 2596 1733 2646 ἐν
1763 2597 1828 2665 τῇ

1928 2593 2313 2652 comparasset,
2336 2585 2590 2653 pietatem
2615 2597 2743 2651 erga
2766 2581 2931 2637 Deum
2954 2583 3173 2637 minime
3200 2583 3437 2653 neglexit
3462 2603 3476 2638 :

268 2674 539 2746 ἐκκλησίᾳ
570 2676 660 2729 τοῦ
687 2678 821 2731 Θεοῦ
854 2679 941 2732 διὰ
972 2680 1169 2743 παντὸς
1230 2682 1461 2753 ὁρᾶσθαι
1494 2685 1825 2756 παρέχουσα,

1930 2694 2052 2733 nam
2082 2688 2137 2733 et
2187 2678 2421 2741 assidue,
2470 2675 2682 2731 cunctis
2718 2674 3039 2739 videntibus,
3094 2676 3144 2729 in
3192 2676 3477 2730 ecclesiam

268 2762 544 2835 λαμπροῖς
585 2766 640 2819 δὲ
670 2769 1095 2839 ’κατακοσμοῦσα
1138 2772 1435 2842 κειμηλίοις
1469 2775 1594 2838 τοὺς
1635 2778 1828 2848 εὐκτη-

1925 2770 2241 2835 ventitabat,
2289 2780 2344 2825 et
2385 2785 2570 2825 sacras
2605 2770 2747 2825 (edes
2775 2767 2990 2823 eximiis
3027 2767 3358 2821 ornamentis
3384 2767 3479 2821 de-

272 2853 427 2923 ρεους
456 2858 653 2920 οἴκους,
686 2858 817 2928 μηδὲ
847 2861 970 2923 τοὺς
1005 2863 1061 2913 ὲν
1091 2865 1209 2925 ταῖς
1243 2862 1603 2934 βραχυτάταις
1641 2866 1828 2917 πόλεσι

1924 2864 2165 2930 corabat,
2189 2877 2258 2916 ne
2284 2862 2632 2916 minimarum
2661 2860 2875 2931 quidem
2902 2859 3114 2914 urbium
3155 2859 3352 2914 sacella
3383 2859 3478 2913 de-

270 2948 567 3015 παρορῶσα
599 2949 775 3011 ναούς.
818 2945 925 3002 Ἦν
959 2948 1051 3004 οὖν
1084 2954 1214 3023 όρᾷν
1261 2955 1357 3025 τὴν
1398 2955 1725 3026 θαυμασίαν,
1770 2960 1826 3010 ἐν

1924 2955 2175 3024 spiciens.
2194 2952 2376 3022 Itaque
2394 2954 2575 3007 videre
2593 2961 2710 3008 erat
2728 2952 3003 3009 mulierem
3022 2965 3240 3020 prorsus
3254 2951 3479 3004 admira-
3501 2973 3505 2979 -

270 3036 446 3103 σεμνῇ
474 3038 566 3088 καὶ
596 3038 843 3091 εὐσταλεῖ
871 3042 1124 3113 περιϐολῇ
1150 3043 1225 3113 τῷ
1248 3044 1436 3115 πλήθει
1480 3047 1826 3115 συναγελαζο-

1922 3046 2103 3111 bilem,
2122 3046 2359 3101 modesto
2376 3059 2439 3099 ac
2455 3045 2664 3100 decenti
2680 3044 2861 3098 habitu
2879 3057 2981 3096 una
2994 3059 3114 3097 cum
3130 3043 3328 3112 reliqua
3349 3043 3476 3097 mul-

272 3123 462 3223 μένην,
500 3127 598 3194 τήν
630 3144 687 3178 τε
732 3130 863 3197 πρὸς
908 3132 967 3182 τὸ
998 3132 1148 3184 Θεῖον
1198 3135 1474 3223 εὐλάϐειαν
1513 3137 1600 3191 διὰ
1646 3140 1856 3209 πάσηςε

1927 3136 2154 3192 titudine
2180 3146 2506 3200 versantem,
2538 3150 2797 3204 suamque
2818 3134 2977 3205 506
3002 3149 3128 3203 erga
3158 3134 3323 3189 Deum
3348 3134 3476 3187 reii-

267 3214 552 3280 θεοφιλοῦς
578 3217 828 3284 πράξεως
860 3222 1323 3292 ἐπιδεικνυμένην.
1414 3214 1424 3223 ’

1925 3228 2133 3297 gionem
2161 3229 2302 3281 omni
2331 3226 2536 3295 piorum
2564 3241 2786 3295 operum
2816 3240 3014 3295 genere
3040 3227 3425 3280 declarantem.

759 3308 1147 3363 ΚΕΦΑΛΑΙΟΝ
1186 3315 1332 3379 MCT.

2484 3317 2709 3372 CAPUT
2739 3317 2921 3376 XLVI.

272 3393 472 3451 Ὀπως
501 3391 1169 3519 ὀγδοηκοντοῦτιὲερᾶὖσα
1198 3403 1309 3453 καὶ·
1341 3400 1668 3473 διαθεμένη,
1697 3408 1817 3459 ἐτε-

1053 3485 1142 3522 τα.
1322 3520 1329 3526 ,

1991 3401 2259 3478 Quomodo
2308 3416 2672 3534 octogenaria,
2709 3422 3013 3495 testamento
3047 3412 3205 3480 facto,
3239 3429 3267 3465 e
3299 3412 3403 3465 vita

2615 3494 2814 3534 ecesstt.

1129 3510 1142 3522 .
1322 3520 1329 3526 .
2579 3500 2814 3535 αεεεδδιι.

353 3552 505 3642 Ἔττεῖ⁵
526 3553 581 3605 δὲ
607 3553 785 3607 λοιπὸν
802 3555 870 3607 τὰ
895 3557 991 3626 τῆς
1013 3559 1312 3628 αὐτάρκους
1334 3563 1627 3616 διανύσασα
1650 3565 1812 3633 ζωῆς,

1984 3570 2100 3623 Jam
2134 3560 2279 3627 vero
2313 3588 2446 3625 tcum
2493 3572 2625 3627 satis
2661 3562 2817 3642 longo
2862 3572 2986 3626 vitae
3033 3572 3203 3639 spatio
3249 3572 3470 3625 decurso

266 3642 361 3696 ἐπὶ
398 3641 495 3712 τὴν
542 3644 821 3714 κρείττονα
869 3646 1017 3715 λῆξιν
1063 3649 1321 3713 ἐκαλεῖτο,
1359 3652 1540 3719 σχεδόν
1572 3671 1672 3705 που
1719 3656 1816 3724 τῆς

1914 3663 1979 3714 ad
2011 3662 2300 3716 feliciorem
2321 3672 2521 3717 sortem
2552 3675 2857 3727 vocaretur,
2891 3679 3087 3716 annum
3115 3663 3287 3717 aetatis
3311 3678 3470 3732 agens

261 3732 477 3804 ἡλικίας
509 3735 649 3803 ἀμφὶ
671 3736 794 3798 τοὺς
814 3737 1138 3807 ὀγδοήκοντα
1164 3727 1437 3803 ἐνιαυτοὺς
1463 3742 1811 3815 διάρκέσασα,

1912 3754 2129 3807 circiter
2150 3754 2558 3821 octogesimum,
2576 3755 2627 3806 in
2658 3755 2771 3821 ipso
2801 3756 2990 3805 mortis
3018 3753 3251 3806 conﬁnio
3275 3754 3465 3820 posita,

262 3824 403 3894 πρὸς
432 3826 578 3895 αὐτῷ
610 3829 867 3899 γενομένη
903 3829 978 3899 τῷ
1016 3830 1180 3893 τέλει,
1240 3849 1583 3886 συνεταττετο
1614 3837 1706 3887 καὶ
1738 3836 1814 3887 δι-

1915 3851 2234 3896 testamento
2287 3841 2452 3905 facto,
2488 3842 2732 3894 ultimam
2779 3841 3103 3895 voluntatem
3138 3842 3461 3905 declaravit,

266 3912 575 3967 ετίθετοὲπὶ
600 3922 874 3985 μονογενεῖ
889 3920 985 3989 υἰῷ
1012 3918 1215 3989 βασιλεί
1243 3924 1492 3993 μονάρχῳ
1519 3928 1815 3995 κοσμοκρά-

1913 3934 2177 3988 Ιιειιτεόειη
2201 3932 2508 4003 relinquens
2537 3933 2753 3986 unicum
2783 3924 2970 3995 ﬁlium,
3006 3932 3177 3985 solum
3224 3931 3461 3999 impera-

259 4020 400 4073 τορι,
437 4006 590 4059 παισί
611 4025 668 4059 τε
692 4008 874 4061 τούτου
900 4010 1183 4081 καίσαρσιν
1205 4015 1399 4082 ἑαυτῆς
1426 4015 1684 4082 ἐκγόνοις,
1715 4017 1810 4087 τὴν

1914 4036 2081 4079 torem
2111 4038 2175 4077 ac
2204 4023 2480 4077 dominum
2516 4023 2663 4077 orbis
2701 4032 2988 4085 terrarum,
3017 4036 3139 4075 cum
3163 4021 3287 4075 ﬁliis
3311 4021 3464 4074 nobi-‘

261 4096 497 4188 ιῦστάτην
545 4098 741 4188 ,βουλὴν
795 4100 1150 4173 διοριζομένη,
1218 4105 1543 4188 διανέμουσά
1600 4125 1657 4160 τε
1704 4109 1810 4160 τῶν

1912 4115 2129 4170 lissimis
2170 4113 2457 4169 cmsaribus
2480 4114 2768 4182 nepotibus
2794 4114 2923 4167 suis.
2951 4112 3187 4179 Quorum
3214 4112 3453 4181 singulis,

166 4226 173 4231 .
261 4182 499 4250 ἐκγόνων
537 4187 744 4257 ἑκάστῳ
788 4188 853 4241 τὰ
898 4190 996 4258 τῆς
1024 4194 1222 4253 οἰκείας
1255 4184 1557 4263 ὑπάρξεως,
1590 4195 1685 4263 ὅση
1727 4212 1750 4246 τ

1908 4208 2046 4275 bona
2077 4221 2195 4275 qua:
2223 4220 2317 4275 per
2346 4204 2656 4259 universum
2690 4204 2871 4258 orbem
2902 4204 3227 4272 possidebat,
3256 4205 3451 4259 divisit.

260 4270 395 4341 αὐτῇ
408 4273 526 4325 καθ’
536 4276 659 4345 ὅλης
676 4278 879 4348 ὑπῆρξε
892 4280 991 4348 τῆς
1002 4283 1145 4331 οίκου
1155 4282 1337 4351 μένης.
1356 4285 1462 4336 Καὶ
1475 4283 1530 4335 δὲ
1549 4284 1676 4351 (29‘)
1690 4284 1809 4337 τοῦ-

1912 4272 1965 4349 Ῐη
1994 4297 2135 4350 hunc
2186 4296 2399 4354 modum
2447 4304 2767 4349 testamento
2805 4295 2969 4358 iacto,
3020 4296 3159 4350 diem
3213 4293 3453 4349 ultimum

257 4375 350 4456 ἰτ-ον
380 4360 664 4436 διαθεμένη
692 4367 780 4419 τὸν
809 4369 1026 4440 τρόπον,
1062 4370 1244 4423 λοιπὸν
1268 4372 1365 4442 τὴν
1410 4373 1500 4427 τοῦ
1526 4374 1643 4445 βίου
1676 4392 1807 4428 κατ-

1911 4387 2119 4451 clausit,
2144 4396 2403 4456 praesente
2429 4396 2483 4441 et
2504 4386 2751 4440 adstante
2782 4385 2881 4453 ipsi
2910 4386 3004 4439 tali
3032 4396 3285 4454 tantoque
3322 4385 3450 4450 ﬁlio,

262 4447 689 4552 QUE'TEXEU‘C'hV,
734 4460 995 4528 παρόντος
1026 4462 1157 4531 αὐτῇ
1182 4464 1292 4516 »καὶ
1331 4465 1663 4534 παρεστῶτος
1689 4467 1803 4519 υίοῦ
1836 4467 1846 4521 l

1862 4468 1959 4532 )et
1982 4480 2123 4534 omni
2145 4479 2522 4547 obsequiorum
2563 4486 2759 4546 genere
2800 4487 3028 4534 matrem
3071 4480 3297 4542 fovente,
3331 4492 3446 4532 ma-

257 4543 533 4604 τοσούτου,
575 4543 959 4613 θεραπεύοντός
985 4567 1044 4601 τε
1079 4552 1172 4603 καὶ
1200 4552 1306 4605 τῶν
1346 4553 1540 4623 χειρῶν
1573 4555 1807 4623 ἐφαπτο-

266 4626 421 4650 --1_---.
436 4644 451 4650 -
498 4630 532 4650 με.
551 4647 565 4650 Α
619 4649 622 4650 ,
658 4632 668 4650 ι
791 4636 814 4650 Α
867 4638 879 4650 ι
1048 4642 1058 4650 .
1113 4643 1125 4650 .
1310 4644 1320 4650 .
1728 4643 1738 4650 λ

1904 4586 2110 4638 nusque
2143 4571 2255 4640 ejus
2289 4570 2660 4640 amplectente,
2692 4571 2825 4625 adeo
2854 4578 2912 4624 ut
2951 4584 3283 4638 nequaquam
3313 4571 3446 4623 mori

264 4626 451 4731 μένουέ
493 4630 566 4689 ὡς
612 4632 685 4729 pii;
728 4636 971 4691 τεθνάναι
1014 4642 1235 4705 εἰκότως
1271 4644 1367 4713 τὴν
1410 4643 1803 4717 τρισμακαρίαν

1903 4660 2095 4715 mulier
2139 4661 2470 4727 beatissima,
2511 4661 2603 4715 sed
2652 4662 2830 4730 potius
2885 4661 3140 4714 caducam
3192 4659 3328 4711 hanc
3364 4660 3446 4709 vi-

253 4724 369 4776 τοῐς
391 4724 447 4766 εὐ
475 4724 725 4785 φρονοῦσι
754 4724 945 4791 δοκεῖν,
976 4731 1268 4801 μεταϐολὴν
1298 4733 1353 4785 δὲ
1394 4735 1486 4785 καὶ
1522 4734 1804 4803 μετάθεσιν

1905 4758 2011 4803 tam
2068 4766 2188 4805 cum
2226 4751 2512 4807 immortali
2562 4753 2669 4807 vita
2719 4763 3051 4808 commutare
3107 4761 3251 4804 recte
3319 4764 3446 4802 sen-

252 4806 454 4914 άληθεῖ
496 4809 648 4922 λόγωΔ
674 4814 771 4882 τῆς
816 4818 1043 4883 γεώδους
1092 4823 1236 4893 ζωῆς
1281 4825 1372 4876 ἐπὶ
1415 4827 1511 4896 τὴν
1558 4827 1801 4896 οὐράνιον

1903 4841 2152 4897 tientibus
2178 4843 2465 4897 videretur.
2496 4844 2690 4897 Anima
2731 4844 2891 4914 igitur
2929 4843 3090 4906 illius,
3119 4845 3171 4894 in
3206 4841 3445 4893 incorru-

250 4903 557 5013 urogteizat.
604 4903 1045 4977 Ἀνεστοιχειοῦτο
1073 4915 1201 4982 γοῦν
1228 4917 1361 4986 αὐτῇ
1382 4917 1521 4987 ψυχῇ
1546 4918 1655 4989 (50)
1709 4920 1800 4970 ἐπὶ

1898 4931 2134 4999 ptibilem
2168 4944 2221 4987 et
2271 4935 2566 5002 angelicam
2620 4903 2972 4989 subsiantiam
3026 4932 3346 5013 reformata,
3375 4932 3440 4983 ad

246 4988 660 5095 sﬁv‘dpﬁ‘ap‘cov'
679 4994 1087 5095 καὶἧὰγγελικὴν
1115 5004 1321 5070 οὐσίαν,
1353 5007 1489 5074 πρὸς
1522 5008 1609 5060 τὸν
1630 4988 1799 5079 αὐτῆς

1464 5024 1489 5069 ς
1522 5008 1609 5060 τὸν
1630 5008 1799 5079 αὐτῆς
1896 5023 2061 5077 Deum
2092 5022 2430 5079 Servatorem
2457 5040 2613 5081 Suum
2649 5038 2918 5095 assumpta
2943 4994 3042 5081 est:

241 5077 729 5152 ἁναλαμδανομένη
762 5085 1007 5157 Σωτῆρα,

754 5176 1145 5235 ΚΕΦΑΛΑΙΟΝ
1181 5185 1310 5238 MZ'.

1303 5227 1310 5238 -
2424 5197 2649 5251 CAPUT
2689 5198 2887 5252 XLV".

243 5260 444 5323 Ὅπως
487 5258 861 5352 tabulari-respui
888 5269 1329 5352 Kw‘rgfarziv'og
1369 5277 1663 5345 κατέθετο,
1696 5282 1793 5335 καὶ

1894 5284 2160 5351 Quomodo
2189 5283 2553 5337 Constantinus
2593 5295 2808 5338 matrem
2830 5287 3063 5351 deposuit
3090 5300 3107 5337 :
3136 5293 3185 5337 et
3213 5284 3433 5352 qualiter

523 5336 635 5395 πρὸ
657 5336 864 5386 τούτου
890 5336 988 5389 καὶ
1013 5336 1201 5395 ζῶσαν
1219 5336 1517 5412 ἐτίμησεν.
1649 5336 1662 5345 ν
1898 5336 1999 5351 η---

1440 5363 1517 5402 Er.
1649 5336 1662 5345 ⁷
1898 5336 1935 5351 ’⁵
2302 5354 2446 5404 illam
2479 5352 2640 5404 coluit
2670 5353 2797 5403 dum
2818 5336 3024 5405 viveret.

320 5416 431 5471 Καὶ
459 5417 519 5471 τὸ
556 5420 748 5489 σκῆνος
773 5422 828 5474 δὲ
858 5424 953 5492 τῆς
984 5432 1271 5501 μακαρίας,
1307 5436 1365 5488 οὐ
1395 5437 1495 5506 τῆς
1529 5439 1787 5511 τυχούσης

1958 5444 2200 5498 Cadaver
2250 5452 2428 5495 autem
2453 5441 2621 5510 ipsius
2651 5442 2852 5495 honore
2882 5442 3291 5512 haudquaquam
3320 5444 3436 5501 vui-

479 5547 1119 5645 éfg"_‘EE§?_§*};:§P'T-,
1259 5633 1270 5645 _
1333 5633 1359 5643 _
1440 5637 1453 5645 _
1560 5635 1584 5644 _
1665 5636 1707 5645 κ
1889 5578 2012 5632 dum
2062 5575 2306 5629 addictus
2330 5574 2446 5645 fuit
2485 5571 2745 5645 Eusebius
2790 5583 2993 5629 noster.
3054 5574 3242 5645 Neque
3281 5581 3430 5635 enim

320 5617 1170 5715 εέἓίς.ᾎ.ϊὶιῖίῖξείξίςὲξ9ητεῦι
1204 5633 1359 5715 ιίιῠττῑ
1415 5635 1604 5715 ψυχῆς
1664 5636 1787 5693 Haec
1885 5617 1904 5700 ἓ

1885 5617 2077 5701 anima:
2105 5646 2381 5701 beatorum
2433 5642 2486 5699 in
2518 5644 2814 5712 angelicam
2854 5617 3430 5705 substaniiagrnvrelf'o:

254 5690 496 5759 Origenis
519 5690 813 5745 doctrinam
840 5690 1032 5761 sapere
1060 5690 1451 5768 videntur,"cu'i.
1483 5690 1639 5774 535m
1672 5690 1783 5761 me:
