3980 6344
682 249 780 284 11⁵2

688 249 810 304 2851
1381 247 1651 304 EUSEBll
1690 242 2168 302 CESARlENSlS

2298 242 2356 297 Ρ.
2397 241 2579 298 PARS
2612 243 2657 298 ι.
2694 273 2765 284 -
2799 243 3188 334 tusronica.
3754 253 3859 308 HS!

677 379 730 420 et
761 367 1104 431 arcessimus,
1137 383 1256 437 qum-
1282 367 1440 423 ﬁdem
1470 367 1742 437 opinionis
1769 375 1965 419 nostra:
1982 379 2194 420 eversut

2298 380 2313 428 ι
2341 356 2433 415 οὖν
2454 363 2659 417 ἔπαινῶ
2680 365 2771 418 τὸν
2799 363 2988 436 ἄνδρα,
3015 364 3076 428 ὃς
3103 365 3198 417 καὶ
3225 365 3350 433 ὑμῖν
3382 363 3548 433 τιμῆς
3572 380 3634 416 τε
3669 365 3753 418 καὶ
3776 368 3862 421 δια-

675 458 840 510 sunt?
869 457 1127 526 Equidem
1171 459 1348 510 virum
1387 458 1531 510 illum
1564 470 1721 522 quem
1757 470 1846 507 vos
1874 465 1928 507 et
1957 454 2194 507 honoret

2341 453 2540 517 θέσεως
2571 454 2717 518 ἄξιος
2761 456 3108 526 δοκιμάζεται
3132 473 3146 487 ο
3182 457 3241 507 οὐ
3291 455 3396 525 μὴν
3428 455 3570 507 οὓτω
3603 457 3654 522 γ’
3679 456 3860 526 ἐξησθε.

676 547 1045 602 benevolentia
1100 549 1320 617 dignum
1371 546 1667 613 iudicatis,
1724 545 2009 612 plurimum
2051 544 2194 595 laudt

2338 545 2554 614 νηκέναι
2609 545 2670 596 τὸ
2724 547 2851 617 παρ’
2902 549 3151 609 ἑκάστοις
3201 545 3384 616 κύριόν
3433 562 3494 598 τε
3537 545 3631 598 καὶ
3683 545 3858 615 βέϐαιον

672 637 786 691 Non
813 647 990 692 tamen
1022 639 1156 692 adeo
1190 637 1395 705 despici
1449 643 1664 702 oportet
1710 637 1760 688 id
1788 635 1926 702 quod
1954 634 2092 701 apud
2125 633 2194 686 sin

2334 635 2541 702 ὀφεῖλον
2572 635 2749 704 μένειν
2772 636 2898 708 χρὴ,
2935 637 3010 700 ὡς
3041 636 3114 708 μὴ
3140 639 3261 699 ταῖς
3293 636 3450 699 ἰδίαις
3487 635 3730 705 γνώμαις
3756 635 3858 688 ἑκα-

671 727 826 794 gulos
859 737 1033 780 ratum
1089 727 1418 793 ﬁrmumque
1456 739 1677 777 manere
1723 723 2000 786 debuerat,
2031 731 2088 775 ut
2119 721 2194 775 sin

2340 743 2502 789 στους
2533 727 2816 797 ἀρκεῖσθαι
2859 727 2990 798 (84),
3019 718 3250 781 καὶτῶν
3269 728 3482 782 οἰκείων
3517 729 3722 792 πάντας
3750 730 3860 783 ἀπο-

667 819 777 888 guli
803 818 1045 872 contenti
1069 832 1174 871 non
1201 816 1309 868 sint
1339 816 1625 869 sententiis
1643 815 1774 878 suis,
1803 829 1898 867 nec
1921 813 2194 866 domestici

2333 816 2535 879 λαύειν,
2574 817 2631 868 ἕν
2667 835 2726 869 τε
2752 818 3031 888 ἐφαμίλλῳ
3060 819 3360 888 διασκέψει,
3395 821 3474 882 εἰς
3501 819 3653 872 τοῦδε
3677 819 3762 872 τοῦ
3786 823 3859 874 ἁν-

668 913 826 966 bonis
855 910 1046 964 omnes
1077 908 1452 975 perfruantur,
1488 917 1655 975 utque
1685 908 1736 959 in
1772 905 2132 973 disquirendis
2164 905 2228 956 iis

667 1003 757 1071 qui
790 1017 859 1058 ex
887 1015 1041 1068 equo
1070 997 1212 1065 digni
1243 999 1351 1052 sint
1380 1000 1712 1066 episcopatu,
1748 1013 1853 1052 non
1888 998 2060 1049 dicam
2089 1012 2227 1048 unus

664 1104 757 1149 aut
788 1093 941 1153 alter,
966 1091 1058 1143 sed
1095 1089 1308 1158 plurimi
1357 1090 1586 1143 Eusebio
1618 1104 1774 1157 pares
1807 1105 1911 1142 non
1952 1088 2227 1152 proferan-

663 1197 768 1239 tur.
796 1183 1007 1238 Etenim
1058 1197 1177 1237 cum
1209 1183 1476 1250 asperitas
1506 1191 1561 1234 et
1593 1181 1848 1234 violentia
1886 1180 2084 1233 nullam
2137 1193 2224 1231 ec-

661 1274 1296 1332 elesiasticislionoribns
1341 1272 1637 1327 molestiam
1702 1271 1976 1333 facessat,
2032 1284 2222 1323 omnes

660 1370 864 1423 similes
895 1369 1032 1422 inter
1060 1383 1118 1420 se
1150 1375 1296 1428 sunt,
1346 1374 1401 1418 et
1439 1362 1633 1430 aequali
1665 1362 1716 1413 in
1744 1359 1918 1426 pretio
1962 1359 2215 1411 habendi.

656 1460 840 1526 Neque
867 1464 1007 1514 enim
1036 1459 1228 1512 rationi
1253 1464 1681 1511 consentaneum
1718 1452 1904 1515 fuerit,
1943 1459 2000 1501 ut
2029 1448 2217 1516 hujus-

654 1555 798 1607 modi
825 1552 1103 1621 inquisitio
1131 1552 1197 1603 ad
1246 1550 1477 1603 aliorum
1521 1546 1615 1598 fiat
1666 1544 1965 1610 injuriam:
2013 1542 2218 1618 quippe

652 1660 771 1697 cum
796 1645 1032 1696 omnium
1068 1650 1294 1703 mentes,
1335 1641 1448 1692 sive
1498 1635 1815 1690 humiliores
1847 1634 1973 1697 sint,
2009 1633 2121 1686 sive
2148 1632 2214 1682 il-

2333 910 2458 980 δρὸς
2510 908 2795 978 σύγκρισιν
2843 911 2941 978 οὐχ
2978 911 3074 974 ἕνα
3131 910 3311 978 μόνον,
3345 911 3481 963 ἀλλὰ
3533 912 3626 964 καὶ
3679 913 3859 976 πλείους

2329 993 2595 1072 ἐκφῆναι,
2612 1001 2702 1053 Διὸ
2728 1000 2792 1071 δὴ
2813 1002 2962 1053 οὐδὲν
2993 1001 3103 1054 οὔτ’
3129 1003 3441 1073 ἐκπλήξεως
3474 1003 3597 1055 οὔτε
3622 1004 3859 1074 τραχύτη-

2327 1112 2418 1156 τος
2463 1091 2780 1162 ἐνοχλούσης
2809 1095 2927 1154 ταῖς
2962 1094 3089 1162 περὶ
3137 1093 3235 1163 τὴν
3293 1093 3618 1165 Ἐκκλησίαν
3667 1097 3855 1165 τιμαῖς,

2326 1183 2516 1252 ὁμοίας
2531 1198 2589 1233 τε
2609 1180 2699 1234 καὶ
2733 1181 2820 1233 διὰ
2837 1181 3051 1234 πάντων
3067 1180 3260 1249 ἐπίσης
3276 1181 3564 1251 ἀγαπητάς
3583 1177 3717 1234 εἶναι
3749 1201 3857 1251 συμ-

2325 1274 2516 1327 ϐαίνει.
2543 1275 2675 1327 Οὐδὲ
2692 1275 2799 1346 γὰρ
2813 1273 3049 1341 εὔλογον,
3072 1275 3151 1336 είς
3169 1275 3256 1326 ἑτέ
3264 1291 3370 1344 ρων
3387 1275 3754 1345 πλεονέκτημα
3767 1275 3854 1345 (85)

2326 1366 2591 1419 ποιεῖσθαι
2637 1367 2737 1437 τὴν
2788 1366 2914 1438 περὶ
2957 1365 3146 1418 τούτου
3193 1367 3495 1435 ἐπίσκεψιν,
3533 1369 3634 1437 τῆς
3669 1370 3855 1422 πάντων

2320 1458 2554 1521 διανοίας
2567 1457 2781 1528 ἐπίσης,
2796 1457 2860 1510 ἄν
2874 1458 2920 1509 τ’
2934 1456 3202 1518 ἐλάττους,
3222 1456 3284 1509 ἂν
3301 1474 3358 1509 τε
3379 1458 3595 1526 μείζους
3616 1459 3722 1527 (86)
3739 1456 3852 1513 εἶναι

2317 1548 2539 1610 δοκοῖεν,
2556 1550 2622 1601 τὰ
2654 1550 2775 1602 Θεία
2796 1548 3039 1618 δόγματα
3062 1547 3459 1618 ὑποδεχομένης
3483 1566 3541 1601 τε
3565 1550 3659 1603 καὶ
3681 1551 3854 1618 φυλατ-

2319 1641 2532 1709 τούσης,
2565 1641 2640 1703 ὡς
2667 1641 2808 1692 κατὰ
2856 1640 3023 1711 μηδὲν
3051 1640 3175 1702 τοὺς
3211 1639 3429 1710 ἐτέρους
3467 1641 3544 1702 είς
3573 1641 3664 1692 τὸν
3697 1643 3848 1696 κοινὸν

651 1735 953 1798 lustriores,
981 1732 1159 1785 divina
1191 1732 1406 1783 decreta
1438 1742 1502 1780 ex
1536 1740 1691 1793 aequo
1718 1724 2021 1790 suscipiant
2057 1732 2194 1790 atqm

2314 1732 2473 1801 νόμον
2509 1731 2878 1784 ἐλαττοῦσθαι.
2932 1732 2996 1783 Εἰ
3045 1731 3110 1801 δὴ
3159 1730 3390 1805 τάληθὲς
3440 1730 3552 1798 (87)
3602 1732 3844 1802 γνώριμον

652 1824 961 1880 custodiant
990 1841 1002 1876 :
1039 1821 1172 1874 adeo
1195 1829 1250 1872 ut
1274 1819 1387 1883 alii,
1420 1820 1559 1887 quod
1603 1820 1818 1886 quidem
1849 1818 1912 1870 ad
1967 1831 2194 1868 commn-

2311 1823 2599 1894 διαρρήδην
2623 1820 3051 1892 ἀποφαινόμεθα,
3099 1821 3174 1882 ώς
3200 1821 3261 1873 οὐ
3290 1819 3526 1884 κάθεξιν,
3554 1822 3685 1874 ἀλλὰ
3708 1826 3844 1891 ἀφαί-

653 1932 773 1970 nem
807 1916 975 1981 legem
1013 1913 1270 1980 pertinet,
1297 1909 1604 1963 nullatenus
1628 1909 1746 1962 aliis
1773 1908 2056 1961 inferiores
2082 1906 2209 1959 sint.

653 2006 802 2075 Quod
849 2007 892 2057 si
943 2004 1225 2056 veritatem
1260 2011 1444 2071 aperte
1496 2001 1742 2068 proferre
1789 2000 2056 2063 volumus,
2091 1997 2210 2065 iure

649 2099 769 2166 quis
815 2096 1008 2148 dixerit
1060 2095 1160 2147 hoc
1206 2108 1309 2146 non
1359 2107 1477 2146 esse
1508 2093 1778 2145 hominem
1812 2092 2070 2152 retinere,
2115 2089 2207 2142 sed

647 2187 980 2248 abstrahere,
1010 2194 1062 2237 et
1094 2183 1360 2236 violentia:
1397 2183 1575 2251 potius
1603 2182 1655 2234 id
1691 2184 1831 2250 quod
1860 2181 2038 2250 agitur
2072 2194 2207 2246 opus

643 2295 783 2342 esse,
814 2293 972 2346 quam
1003 2276 1246 2342 justitim.
1279 2278 1344 2330 Et
1379 2279 1493 2329 sive
1525 2276 1624 2326 lioe
1657 2274 1813 2327 modo
1837 2311 1852 2334 ,
1885 2274 1996 2326 sive
2050 2271 2208 2324 aliter

643 2370 807 2423 sentit
837 2369 1142 2430 multitudo,
1169 2382 1267 2437 ego
1296 2368 1509 2434 quidem
1539 2364 1740 2432 liquido
1765 2372 1818 2416 et
1843 2364 2100 2415 audacter
2123 2361 2207 2414 af-

643 2461 821 2523 firmo,
847 2475 965 2512 eam
1003 2474 1112 2512 rem
1149 2457 1623 2511 criminationibus
1658 2469 1873 2508 causam
1914 2453 2156 2521 praebere
2185 2491 2200 2513 ,

638 2563 692 2608 et
723 2552 956 2620 ingentis
987 2549 1248 2604 tumultus
1289 2555 1664 2615 tempestatem
1696 2544 1955 2598 excitare.
1998 2541 2126 2593 Nam
2149 2553 2204 2595 et

635 2641 756 2707 agni
794 2640 1030 2692 dentium
1067 2651 1284 2689 suorum
1317 2634 1423 2687 vim
1462 2650 1525 2688 ac
1556 2635 1720 2686 robur
1743 2638 2035 2695 ostentant,
2068 2644 2201 2696 quo-

636 2734 737 2784 ties
768 2730 1002 2798 pastoris
1059 2743 1186 2781 cura
1247 2742 1311 2780 ac
1351 2725 1716 2779 sollicitudine
1763 2725 1812 2775 iu
1850 2721 2083 2775 deterius
2121 2722 2203 2773 la-

637 2822 817 2882 bente,
859 2821 1084 2887 pristina
1135 2819 1528 2887 gubernatione
1581 2830 1638 2870 se
1675 2815 1964 2869 destitutos
1991 2814 2195 2866 vident.

636 2909 787 2974 Quod
819 2910 862 2962 si
891 2911 1004 2963 litae
1035 2911 1105 2962 ita
1135 2924 1194 2962 se
1221 2910 1423 2963 habent
1451 2918 1504 2962 et
1531 2923 1632 2961 nos
1679 2907 1933 2975 opinione
1960 2921 2062 2958 non
2099 2903 2200 2957 fal-

634 3001 814 3064 limur,
874 3000 974 3053 hoc
1031 3001 1262 3069 primum
1311 2998 1547 3052 omnium
1585 2998 1947 3059 considerate,
1981 2997 2194 3058 fratres,

635 3093 825 3164 (multa
853 3095 993 3145 enim
1018 3103 1072 3144 et
1102 3084 1334 3143 maxima
1363 3092 1501 3145 bona
1533 3089 1714 3142 statim
1744 3087 1811 3139 ab
1843 3087 1997 3139 initio
2044 3086 2196 3138 vobis

632 3181 942 3250 nascentur.)
1001 3197 1126 3235 num
1184 3184 1394 3236 sincera
1443 3181 1585 3234 inter
1615 3195 1709 3233 vos
1752 3179 1990 3232 eliaritas
2038 3188 2200 3244 atque

629 3274 872 3332 dilectio,
923 3273 1139 3339 aliquod
1169 3274 1252 3324 sui
1300 3271 1684 3324 detrimentum
1715 3285 1939 3339 passura
1975 3271 2069 3321 sit.
2098 3268 2202 3322 De-

629 3365 760 3418 inde
809 3379 939 3417 vero
976 3361 1105 3415 illud
1155 3363 1497 3429 perpendite,
1538 3362 1710 3415 virum
1752 3361 1897 3414 illum
1929 3361 2020 3427 qui
2069 3359 2195 3412 boni

442 3510 448 3517 _
527 3496 530 3500 .
628 3455 837 3507 consilii
865 3468 1027 3506 causa
1058 3453 1125 3503 ad
1154 3465 1250 3505 vos
1283 3458 1525 3514 venerat,
1572 3451 1810 3503 debitum
1841 3452 1942 3503 sibi
1976 3450 2196 3502 honoris

630 3541 861 3596 fructum
920 3556 985 3595 ex
1039 3540 1448 3607 divinojudicio
1494 3542 1822 3609 percipere;
1862 3540 2057 3608 quippe
2098 3540 2191 3606 qui

633 3647 737 3687 non
770 3633 974 3702 vulgari
1006 3630 1231 3686 allectus
1258 3632 1330 3686 sit
1361 3630 1646 3695 beneﬁcio,
1697 3646 1817 3684 cum
1846 3632 1911 3684 de
1937 3632 2055 3699 ejus
2078 3630 2191 3682 vir-

695 3895 803 3966 (84)
819 3893 971 3960 Vulg.
991 3892 1118 3958 ταῖς
1131 3892 1307 3959 ἰδίαις
1320 3893 1575 3964 γνώμαις
1585 3893 1841 3956 ἕκαστος
1851 3889 2157 3958 ἀρκεῖσθαι
2170 3930 2186 3953 ,

627 3962 679 4018 id
707 3962 811 4023 est,
843 3967 949 4014 suis
977 3966 1188 4031 quisque
1222 3962 1470 4016 limitibus
1502 3973 1770 4016 contentus
1802 3967 1890 4016 sit.
1925 3967 2016 4013 last
2044 3977 2187 4012 enim

624 4033 815 4100 γνώμη
854 4033 1001 4082 limes
1051 4048 1332 4098 agrorum,
1385 4035 1522 4086 unde
1567 4034 1853 4101 gnomatici
1896 4033 2188 4096 scriptores

627 4105 784 4165 Illt‘ll,
849 4102 936 4166 qui
1009 4102 1072 4152 de
1148 4103 1409 4154 limitibus
1503 4117 1750 4169 agrorum
1831 4101 2184 4166 scripserunt.

627 4171 824 4221 Eadem
905 4170 1108 4222 ratione
1186 4171 1310 4240 ὅρος
1382 4172 1520 4237 apud
1583 4172 1799 4224 Graacos
1883 4169 2186 4240 promiscue

624 4241 877 4296 sumitur,
926 4246 1031 4288 tam
1087 4253 1180 4303 pro
1220 4238 1500 4292 sententia
1554 4254 1714 4306 quam
1751 4254 1846 4305 pro
1896 4240 2082 4290 limite.
2119 4238 2184 4291 Ut

621 4311 763 4360 enim
801 4308 956 4358 limes
1009 4321 1194 4372 agros,
1240 4309 1314 4360 ita
1366 4312 1632 4360 sententia
1688 4307 1810 4358 lites
1857 4317 1907 4358 et
1957 4317 2178 4357 contro-

2315 1933 2460 1985 ρεσιν
2495 1915 2691 1984 μᾶλλον
2721 1914 2786 1967 ἂν
2815 1915 2958 1966 εἴποι
2987 1931 3070 1977 τις
3097 1912 3313 1965 ἔσεσθαι
3358 1913 3602 1983 τάνδρὸς,
3632 1916 3718 1967 καὶ
3743 1916 3841 1978 βίας

2311 2007 2488 2076 ἔργον,
2523 2008 2581 2060 οὐ
2611 2007 2954 2075 δικαιοσύνης
2979 2004 3302 2076 γενήσεσθαι
3326 2005 3387 2057 τὸ
3406 2004 3701 2073 γινόμενονο
3725 2003 3782 2054 ἄν
3804 2005 3838 2056 8‘

2310 2097 2504 2162 οὕτως,
2533 2099 2596 2151 ἄν
2619 2096 2666 2149 θ’
2697 2097 2897 2167 ἑτέρως
2910 2095 2978 2148 τὰ
3005 2095 3178 2165 πλήθη
3205 2096 3394 2164 φρονῇ,
3426 2094 3501 2153 ὡς
3525 2093 3692 2161 ἔγωγε
3711 2094 3838 2164 διαρο

2308 2188 2475 2257 ρήδην
2505 2188 2597 2240 κά).
2631 2185 2901 2256 εὐτόλμως
2924 2185 3312 2254 ἀποφαίνομαι,
3339 2183 3645 2254 ὲγκλήσεως
3674 2183 3839 2235 ὑπόθε-

2309 2294 2390 2330 σιν
2423 2272 2560 2329 εἶναι
2607 2275 2800 2339 τοῦτο,
2853 2274 3295 2346 προκαλουμένην
3349 2276 3409 2326 οὑ
3456 2275 3554 2343 τῆς
3601 2273 3838 2342 τυχούσης

2309 2368 2546 2431 στάσεως
2570 2368 2814 2437 ταραχήν
2832 2385 2845 2397 υ
2874 2358 3288 2437 ἐπισημαίνουσι
3313 2366 3443 2434 γοῦν
3470 2366 3569 2436 τὴν
3590 2364 3694 2417 τῶν
3719 2365 3840 2417 666v—

2303 2475 2410 2509 των
2446 2457 2604 2525 φύσιν
2636 2475 2693 2509 τε
2748 2457 2840 2509 καὶ
2883 2456 3132 2526 δύναμιν,
3187 2456 3279 2509 καὶ
3323 2457 3550 2528 ὰρνειοὶ,
3599 2456 3719 2508 ὅταν
3759 2451 3838 2506 τοῦ

2304 2547 2556 2617 ποιμένος
2581 2547 2681 2616 τῆς
2709 2547 2995 2617 συνηθείας
3019 2564 3080 2598 τε
3108 2546 3200 2599 καὶ
3224 2539 3516 2617 θεραπείας
3551 2544 3840 2600 ὑπολισθού-

2305 2658 2402 2710 σης
2424 2639 2514 2690 ἐπὶ
2528 2637 2598 2690 τά
2611 2638 2796 2709 χείρω,
2824 2639 2920 2708 τῆς
2946 2639 3074 2708 πρὶν
3091 2638 3366 2706 διαγωγῆς
3398 2637 3837 2709 ἀποστερηθῶσιν.

2301 2731 2363 2782 Ei
2392 2730 2454 2799 δὴ
2483 2728 2637 2782 ταῦθ’
2663 2729 2834 2791 οὕτως
2884 2728 3018 2797 ἔχει,
3059 2728 3150 2780 καὶ
3196 2729 3257 2780 οὐ
3297 2729 3659 2798 σφαλλόμεθα,
3703 2727 3840 2781 τοῦτο

2302 2823 2512 2890 πρῶτον
2555 2818 2842 2881 θεάσασθε,
2895 2818 3145 2886 ἀδελφοί·
3200 2819 3368 2871 πολλὰ
3420 2818 3528 2890 γὰρ
3585 2821 3708 2887 ὑμῖν
3760 2821 3840 2874 καὶ

2303 2913 2510 2982 μεγάλα
2535 2915 2598 2964 ἐκ
2628 2908 2850 2981 πρώτης
2879 2911 3249 2979 ἀπαντήσεται
3267 2926 3280 2939 ⁸
3319 2910 3534 2978 πρῶτον
3585 2911 3839 2967 ἁπάντων.

2300 3004 2332 3072 ἡ
2367 3001 2501 3071 πρὸς
2523 2999 2783 3070 ἀλλήλους
2809 2998 3096 3069 γνησιότης
3123 3015 3182 3050 τε
3212 2998 3307 3051 καὶ
3328 2998 3585 3060 διάθεσις,
3615 3000 3663 3050 εἰ
3695 2999 3839 3068 μηδὲν

2304 3092 2472 3159 αὐτῆς
2510 3090 2808 3142 ἐλαττωθὲν
2852 3088 3198 3158 αἰσθήσεται·
3228 3085 3326 3139 εἷθ’
3354 3089 3436 3140 ὅτι
3465 3088 3558 3140 καὶ
3585 3089 3664 3155 ,δι’
3693 3088 3838 3159 ὀρθὴν

2306 3179 2608 3252 συμϐουλὴν
2643 3181 2968 3249 ἀφικόμενος
3014 3178 3157 3249 (88),
3209 3178 3269 3231 τὸ
3312 3180 3429 3231 κατ’
3459 3178 3615 3244 ἀξίαν
3662 3179 3724 3230 ὲκ
3750 3178 3838 3247 τῆς

2303 3273 2448 3334 θείας
2495 3273 2726 3344 κρίσεως
2758 3270 3094 3344 καρποῦται,
3129 3271 3188 3323 οὐ
3233 3271 3332 3342 τὴν
3383 3269 3650 3341 τυχοῦσαν
3696 3272 3836 3341 χάριν

2301 3361 2554 3432 εἰληφὼς,
2602 3362 2679 3433 τῷ
2714 3363 2842 3433 περὶ
2881 3362 3045 3415 αὐτοῦ
3063 3360 3327 3432 τοσαύτην
3371 3363 3513 3432 ὑμᾶς
3561 3363 3834 3422 ἐπιεικείας

2297 3453 2471 3524 ψῆφον
2503 3453 2843 3522 ἐνέγκασθαι·
2867 3455 2960 3507 ἐπὶ
2984 3453 3208 3517 τούτοις,
3243 3453 3271 3505 δ
3308 3454 3405 3524 τῆς
3437 3455 3700 3525 ὑμετέρας
3729 3471 3834 3505 συν.

2303 3545 2488 3616 ηθείας
2538 3546 2646 3616 (89)
2672 3549 2817 3599 ἐστὶν
2848 3548 3026 3618 ἀγαθὴ
3061 3547 3251 3617 γνώμη
3270 3585 3285 3608 ,
3334 3545 3688 3614 σπουδὴν-τὴν
3717 3543 3832 3614 πρέ-

2295 3651 2499 3687 πουσαν
2526 3635 2900 3703 εἰσενέγκασθε
2929 3639 3008 3700 είς
3037 3637 3355 3706 ἐπιζήτησιν
3387 3635 3580 3704 ἀνδρὸς
3619 3628 3678 3686 οὗ
3714 3631 3829 3702 χρῄ-

2292 3896 2431 3948 Idi-ni
2487 3895 2648 3964 paulo
2700 3905 2823 3950 ante
2875 3896 3086 3949 dixerat
3141 3895 3564 3950 Constantinus:
3616 3894 3828 3946 honores

2291 3967 2681 4019 ectlesiasticos
2715 3968 2920 4020 similes
2944 3982 3064 4019 esse
3086 3981 3272 4018 omnes
3298 3974 3353 4016 et
3376 3964 3567 4029 aequali
3596 3965 3644 4014 in
3663 3977 3826 4030 pretio

2295 4037 2586 4088 habendos.

2356 4106 2442 4174 (87
2453 4119 2466 4166 )
2491 4106 2642 4170 Vulg.
2673 4108 2760 4170 εις
2789 4103 2864 4170 δὴ
2898 4098 3321 4174 τάληθές.·Ηαιο
3347 4100 3409 4150 ad
3453 4100 3821 4174 praeredentem

2286 4169 2560 4241 periodum
2581 4169 2772 4228 referri
2793 4169 3030 4241 possunt.
3051 4173 3224 4235 Atque
3242 4174 3312 4220 ita
3332 4180 3448 4241 post.
3468 4169 3680 4220 verbmn
3698 4172 3826 4220 ἀπο-

2285 4238 2583 4312 φαινόμεθα
2637 4238 2890 4308 ptinctuin
2922 4238 3420 4312 __I_iotaint_nm_erit,
3465 4249 3516 4312 et
3568 4243 3707 4290 locus
3749 4254 3825 4290 sic

2292 4306 2574 4365 vertendus
2599 4330 2613 4364 :
2638 4306 2790 4364 Adeo
2815 4321 2871 4360 nt
2887 4307 2997 4367 alii,
3019 4306 3156 4373 quod
3179 4307 3389 4371 quidem
3422 4310 3484 4357 ad
3501 4321 3822 4358 Communem

623 4374 1123 4448 versiasterminut.
1143 4373 1308 4442 Porro
1326 4377 1668 4448 'scribendtmi
1691 4377 1899 4448 videtur
1919 4375 2181 4448 ἑκάστους
2215 4379 2255 4430 D
2288 4383 2442 4434 [idem
2475 4383 2728 4448 pertinet,
2759 4379 3061 4448 nullatenus
3100 4374 3376 4427 interiores
3414 4376 3540 4438 sint,
3574 4379 3821 4441 siquidem

622 4446 940 4517 ἀρκεῖσθαι*
975 4445 1220 4508 sequitur
1249 4450 1391 4517 enim
1421 4444 1671 4517 καὶ-τῶν
1715 4442 1926 4517 οίκείων
1973 4445 2177 4505 πάντας

620 4511 927 4570 ἀπολαύειν.
963 4517 1278 4577 Quanquam
1299 4511 1430 4566 Fuk.
1450 4527 1514 4565 ac
1530 4511 1765 4565 Turnebi
1793 4512 1948 4566 codd.
1981 4515 2180 4566 habent

620 4589 837 4638 πάντων
871 4582 1177 4634 ἀπολαύειν.
1625 4593 1646 4627 ,ι

690 4657 802 4727 (85)
838 4654 996 4727 νει-ιε.
1029 4654 1114 4727 εἰς
1143 4650 1342 4727 ἕτερον
1358 4651 1787 4727 πλεονέκτημα.
1820 4647 2175 4727 ξοτὶοοηιὶιιπι

616 4718 708 4779 (ξεί
731 4718 810 4787 είς
831 4718 1026 4791 έτέριον
1050 4720 1440 4790 πλεονέκτημα.
1462 4728 1574 4774 Nm
1620 4725 1800 4778 decet,
1836 4719 2006 4791 inquit
2028 4718 2177 4791 Coi»

615 4787 1001 4858 stantinnsfnt
1037 4787 1361 4854 huiusmodi
1381 4791 1698 4845 deliberatio
1733 4791 1796 4838 de
1831 4787 2076 4858 eligendo
2121 4789 2173 4839 in

614 4854 907 4919 Eustathii'
934 4862 1106 4913 locum
1165 4858 1444 4926 episcopo,
1471 4861 1588 4912 aliis
1647 4859 1893 4926 iniuriam
1943 4854 2169 4926 alie-rat;

613 4951 710 4988 nec
764 4933 897 4986 alias
957 4924 1222 4983 Ecclesias
1282 4924 1509 4994 spoliare
1555 4924 1781 4981 debetis.
1841 4924 2006 4976 Paulo
2057 4938 2176 4988 post

614 5008 884 5056 assentior
945 5002 1221 5067 Scaligero
1261 5008 1316 5049 et
1357 4997 1879 5067 Christophorsono,
1928 4994 2046 5067 q_t_ii_
2074 4995 2172 5062 τῆς

613 5076 829 5126 πάντων
865 5061 1118 5132 διανοίαξ
1143 5068 1515 5120 etneudarunt.
1558 5061 1730 5133 Atque
1765 5068 1834 5119 ita
1873 5067 1922 5114 in
1955 5061 2084 5115 Fuk.
2121 5061 2175 5115 et

615 5146 796 5196 Savilii
826 5144 986 5196 codd.
1031 5154 1085 5194 et
1135 5141 1184 5192 in
1224 5139 1496 5190 veteribus
1538 5141 1749 5189 sctiedis
1785 5136 2046 5202 scriptum
2092 5134 2173 5184 in-

614 5218 752 5266 Vt'nl.

683 5283 790 5353 (86)
835 5285 936 5336 ’Ἂν
959 5283 1008 5336 τ’
1030 5280 1340 5346 ἐλάττους,
1360 5275 1446 5353 dv-
1472 5273 1822 5353 ts‘ysifovc.
1842 5273 1898 5328 ld
1934 5281 2033 5353 est,
2054 5273 2173 5352 .sive

614 5343 837 5406 minui-is
873 5356 1043 5415 urbis,
1074 5343 1370 5419 cuiusmodi
1400 5357 1484 5419 est
1514 5343 1780 5419 Cazsarea,
1813 5345 1995 5419 incolae
2022 5345 2164 5419 sint;

614 5421 726 5472 sive
767 5425 980 5482 maioris
1031 5414 1308 5481 Civitati-5,
1369 5415 1668 5484 ClljllSlﬂOtil
1721 5423 1805 5464 est
1858 5414 2165 5467 Antiochia.

616 5489 831 5552 Omnes,
859 5494 1050 5559 inquit,
1094 5501 1201 5543 tam
1242 5484 1618 5559 μικροπολῖται
1661 5496 1820 5559 qualn
1855 5496 2166 5559 magnarum

618 5550 828 5611 urbium
873 5550 1047 5623 cives,
1087 5550 1689 5626 aequales'stmtuapmt
1756 5550 1966 5626 Deum.—
1987 5554 2168 5626 Quare

620 5631 820 5681 minora
859 5621 1050 5690 oppida
1086 5621 1191 5681 non
1233 5638 1358 5681 sunt
1407 5623 1686 5693 spolianda
1735 5627 1846 5675 suis
1877 5621 2162 5690 episcopis.

2282 4445 2677 4515 verum—aperte
2709 4448 2950 4497 volumus
2978 4445 3174 4515 dicere.
3204 4446 3696 4507 Quamobrem-hoc
3725 4463 3820 4498 non

2279 4531 2360 4569 est
2403 4514 2674 4570 hominem
2716 4527 2968 4572 retinere,
2998 4515 3090 4565 sed
3123 4514 3388 4578 abripere,
3419 4526 3522 4567 ere.
3556 4515 3726 4582 Atque
3756 4529 3820 4567 ita

2279 4587 2425 4638 locns
2452 4588 2539 4638 hic
2566 4586 2917 4648 distinguitur
2945 4585 2995 4632 in
3033 4583 3299 4633 veteribus
3322 4583 3556 4637 schedis.

2350 4656 2458 4720 (88)
2497 4654 2571 4704 Δι’
2614 4651 2800 4718 ὀρθὴν
2838 4650 3192 4718 συμϐουλὴν
3226 4652 3603 4720 ἀφικόμενος.
3641 4655 3713 4708 Ex
3748 4655 3821 4707 bis

2279 4725 2570 4790 colligitur,
2618 4723 2908 4773 Eusebium
2962 4730 3202 4772 uestrum
3240 4723 3586 4777 Antinchimn
3623 4727 3820 4778 venisse

2279 4809 2380 4843 una
2414 4807 2536 4843 cum
2586 4793 2807 4857 reliquis
2850 4790 3151 4854 episcopis,
3191 4792 3284 4857 qui
3329 4790 3669 4847 Eustathiuni
3715 4798 3815 4845 An-

2278 4862 2584 4913 tioclienum
2639 4866 2948 4927 episc0puin
2985 4860 3051 4928 Vin
3100 4864 3301 4928 synodo
3361 4867 3817 4926 eundeuniarun';

2276 4939 2330 4983 et
2381 4931 2744 4982 Antiochenus
2792 4938 2913 4994 post
2965 4927 3351 4994 depositionem
3401 4934 3667 4986 Eustatliii
3703 4949 3815 4983 eum

2275 5014 2438 5065 penes
2487 5014 2545 5050 se
2592 5000 2837 5050 detinere
2886 4997 3135 5066 voluisse.
3184 4999 3320 5052 lloc'
3356 5016 3440 5054 εει
3484 5003 3625 5066 quod
3666 5016 3817 5065 Supra

2275 5070 2424 5140 dixit
2445 5066 2849 5140 Constantinus,
2882 5068 2952 5140 οὐκ
2966 5065 3198 5129 κάθεξιν,
3235 5069 3349 5121 ἀλλ’
3374 5070 3659 5140 ἀφαίρεσιν
3693 5069 3822 5138 μᾶλ-

2274 5136 2382 5189 λον.
2411 5137 2552 5190 ldein
2587 5140 2744 5189 tradit
2771 5136 3129 5189 'l‘lieodorttus
3161 5141 3211 5190 in
3239 5141 3329 5192 lib.
3359 5156 3395 5199 ι,
3425 5136 3549 5204 ευρ.
3578 5140 3666 5190 21.

2341 5210 2452 5276 (89)
2514 5209 2583 5258 Ὃ
2609 5205 2717 5271 τῆς
2762 5204 3044 5276 ὑμετέρας
3090 5209 3430 5274 συνηθείας.
3475 5208 3812 5276 scribendum

2273 5287 2418 5342 puto,
2436 5275 2526 5329 ὅτι
2549 5278 2644 5344 τῆς
2665 5275 2929 5345 ὑμετέρας
2954 5277 3235 5347 συνηθείας
3259 5280 3404 5329 ἐστὶν
3430 5275 3606 5346 ἀγαθῇ
3635 5277 3816 5345 γνώμῃ

2273 5349 2502 5425 σπουδὴν
2541 5348 2642 5425 τὴν
2687 5361 2781 5425 πρ.
2833 5345 3258 5425 είσενέγδςασθαι.
3295 5345 3643 5425 _Snbanditur_
3674 5350 3814 5399 enim

2218 5432 2219 5435 ‘
2270 5417 2376 5468 ἀπὸ
2405 5414 2580 5469 κοινοῦ
2596 5414 2826 5467 νει-ὺυιη
2853 5416 3132 5468 θεάσασθε.
3158 5417 3310 5481 Quod
3337 5417 3380 5467 si
3407 5414 3529 5481 quis
3559 5414 3816 5484 vulgatam

2271 5488 2554 5610 lectieiﬁgn
2587 5487 2725 5538 tueri
2756 5486 2901 5548 velit,
2943 5488 3192 5556 equidem
3242 5499 3346 5538 non
3387 5498 3711 5553 magnopere
3734 5501 3819 5540 re-

2271 5571 2440 5610 Dinzna
2518 5593 2532 5608 .

2268 5571 2440 5625 pugna
2450 5571 2532 5610 no.
