4012 6340
641 316 767 370 H9!

1332 302 1594 361 EUSEBll
1626 298 2099 359 CESARlENSlS
2134 296 2283 351 OPP.
2324 294 2502 349 PARS
2618 324 2686 336 -—
2726 294 3107 355 ll!STORlCA.

3697 291 3840 349 1199

638 432 811 485 dicam
855 427 1019 482 vitam
1073 424 1407 494 professione
1454 440 1550 478 sua
1598 424 1865 491 indignam
1918 431 2175 488 agentes,

2306 434 2341 469 ιν
2360 403 2564 487 εἴποιμι
2598 416 2834 485 βιοῦντες
2860 416 3063 470 ἑαυτῶν
3095 414 3365 486 ἀναξίως),
3404 416 3476 470 τά
3506 415 3681 470 πάντα
3708 434 3846 487 συγ-

638 532 826 576 cuncta
869 520 1082 573 turbare
1111 528 1414 584 conantur;
1444 518 1584 586 quod
1618 516 1811 569 malum
1847 514 2037 581 quavis
2091 530 2184 566 ca-

640 612 878 665 lamitate
916 611 1133 679 gravius
1164 610 1292 663 mihi
1324 610 1534 663 videtur
1562 625 1575 660 :
1611 609 1810 662 idcirco
1846 623 1941 659 vos
1971 616 2183 675 sponte,

639 714 696 755 ut
720 705 868 755 aiunt
893 742 909 768 ,
944 713 1223 755 currentes
1276 703 1553 765 adhortor,
1603 710 1657 753 nt
1700 700 1899 766 absque
1927 698 2029 749 ulla
2056 698 2188 749 dila-

643 794 786 845 tione
818 794 868 845 in
899 808 1063 845 unum
1115 803 1368 845 coeuntes
1388 832 1402 857 ,
1433 790 1699 861 synodum
1730 789 2079 842 constituatis
2135 796 2190 841 ct

639 896 738 947 ope
766 890 942 933 vestra
985 880 1351 948 indigentibus
1394 878 1723 931 subveniatis
1750 919 1764 937 ,
1810 876 2065 928 fratribus
2093 890 2188 943 pc-

641 970 1000 1023 riclitantibns
1035 970 1355 1022 medicinam
1384 970 1714 1031 adhibentis,
1739 966 1897 1040 547
1925 966 2190 1018 dissiden-

642 1061 713 1112 tia
748 1062 885 1113 inter
917 1075 975 1113 se
1010 1062 1247 1111 membra
1282 1060 1346 1111 ad
1390 1058 1730 1112 concordiam
1765 1057 2066 1118 revocetis;
2098 1056 2191 1113 de-
2230 1078 2231 1083 η

642 1149 767 1202 licia
796 1148 1166 1217 denique,dum
1188 1160 1399 1217 tempus
1426 1151 1599 1202 adhuc
1622 1150 1844 1215 patitur,
1863 1146 2145 1214 corrigatis
2172 1163 2187 1199 :

644 1254 750 1305 quo
813 1240 1015 1291 scilicet
1045 1250 1121 1291 tut
1159 1256 1220 1293 ac
1253 1241 1413 1292 tantis
1442 1238 1734 1307 provinciis
1760 1253 1856 1304 per
1888 1252 1986 1289 vos
2037 1238 2193 1289 resti-

646 1340 831 1381 tuatur
882 1330 1189 1387 concordia,
1239 1345 1400 1395 quam
1458 1330 1591 1395 proh
1646 1333 1820 1380 scelus
1852 1328 1865 1378 !
1900 1340 2193 1394 paucorum

647 1418 923 1472 hominum
956 1420 1258 1485 arrogantia
1289 1419 1501 1470 evertit.
1544 1416 1615 1469 lc?
1639 1431 1802 1477 porro
1839 1430 2047 1467 sunnno
2077 1429 2194 1467 om-

648 1509 795 1559 nium
850 1507 1071 1559 Domino
1102 1521 1164 1558 ac
1195 1508 1298 1558 Deo
1324 1516 1601 1573 acceptum
1646 1520 1787 1567 esse,
1823 1504 2061 1570 mihique
2088 1518 2197 1570 pra:

648 1599 902 1653 omnibus
944 1596 1081 1648 votis
1135 1594 1401 1663 nptabile;
1454 1595 1603 1647 vobis
1652 1604 1921 1663 postremo
1973 1593 2121 1660 ipsis,
2153 1596 2196 1647 si

648 1688 863 1750 quidem
915 1687 1257 1738 concordiam
1305 1685 1691 1748 restitueritis,
1749 1684 2101 1737 honoriﬁcum
2144 1684 2195 1735 in

2286 508 2427 577 χέειν
2469 506 2848 577 ἐπιχειροῦσιν,
2884 507 3016 576 ὅπερ
3044 506 3220 575 πάσης
3256 508 3539 577 συμφορᾶς
3588 506 3842 558 ἐπέκεινα

2286 598 2651 668 κεχωρηκέναι
2703 615 2790 667 μοι
2831 598 2993 663 δοκεῖ,
3024 596 3211 650 τούτου
3247 598 3400 669 χάριν
3429 598 3651 661 θέοντας
3677 597 3841 665 ὑμᾶς,

2283 690 2345 741 τὸ
2366 688 2461 741 τοῦ
2491 689 2668 757 λόγου,
2711 690 3081 759 προτρέπομαι
3129 690 3296 759 χωρίς
3326 705 3472 751 τινος
3499 688 3842 758 ὑπερθέσεως

2286 782 2365 842 είς
2386 779 2547 833 ταυτδ
2574 779 2913 850 συνδραμεῖν,
2938 779 3219 850 πληρῶσαι
3240 779 3336 848 τὴν
3368 778 3603 839 σύνοδον,
3632 776 3843 846 ἐπαμῦ-

2287 887 2373 923 ναι
2412 875 2523 932 τοῖς
2562 870 2815 940 χρῄζουσι
2849 869 3116 938 βοηθείας,
3149 868 3271 930 τοὺς
3300 867 3560 935 ἀδελφοὺς
3594 865 3842 920 ἰάσασθαι

2288 962 2706 1023 κινδυνεύοντας,
2730 963 2807 1022 είς
2826 962 3073 1029 ὁμόνοιαν
3098 963 3458 1028 ἐπαναγαγεῖν
3487 959 3555 1011 τά
3586 958 3843 1011 διεστῶτα

2287 1054 2395 1105 τῶν
2446 1053 2640 1122 μελῶν,
2687 1050 3073 1120 διορθώσασθαι
3120 1052 3189 1105 τὰ
3241 1051 3699 1121 πλημμελούμενα
3740 1050 3843 1113 ἕως

2291 1141 2475 1211 καιρὸς
2537 1140 2842 1211 ὲπιτρέπει’
2906 1141 2989 1191 ἵνα
3039 1142 3156 1202 ταῖς
3198 1140 3498 1202 τοσαύταις
3557 1138 3844 1208 ἐπαρχίαις

2291 1233 2387 1301 τὴν
2420 1232 2730 1300 πρέπουσαν
2767 1230 3067 1283 ἀποδώσετε
3099 1231 3429 1300 συμφωνίαν,
3484 1233 3548 1301 ἣν
3594 1228 3714 1300 (φεῦ
3746 1228 3843 1301 τῆς
3924 1242 3927 1245 ‘

2293 1321 2584 1388 ἀτοπίαςε),
2619 1320 2908 1390 ἐλαχίστων
2936 1318 3229 1391 ἀνθρώπων
3260 1320 3532 1374 ἀπώλεσεν
3562 1320 3841 1391 ὑπεροψία.

2297 1412 2415 1463 Ὀτι
2459 1410 2517 1462 δὲ
2560 1410 2716 1462 τοῦτο
2764 1412 2856 1462 καὶ
2889 1411 2963 1481 τῷ
2992 1411 3221 1482 δεσπότῃ
3254 1410 3363 1463 τῶν
3393 1411 3532 1471 ὅλων
3553 1411 3672 1481 Θεῷ
3698 1414 3843 1463 ἐστιν

2296 1486 2538 1571 ἀρεστὸν,
2573 1502 2664 1557 καὶ
2693 1503 2817 1570 ἡμῖν
2850 1503 3029 1570 πάσης
3060 1500 3222 1571 εὐχῆς
3248 1501 3560 1573 ὑπέρτερον,
3593 1501 3689 1554 καὶ
3719 1502 3844 1569 ὑμῖν

2297 1594 2497 1655 αὐτοῖς,
2532 1593 2624 1644 ἐάν
2657 1609 2717 1658 γε
2738 1592 2836 1662 τὴν
2860 1593 3079 1663 εἰρήνην
3103 1590 3525 1663 ἀνακαλέσησθε,
3554 1594 3613 1644 οὐ
3635 1593 3730 1662 τῆς
3754 1608 3846 1642 τυ-

2300 1681 2496 1753 χούσης
2519 1685 2685 1735 αἴτιον
2710 1683 2966 1754 εὐδοξίας,
2995 1685 3199 1749 πάντας
3236 1682 3547 1755 ἀνθρώπους
3569 1685 3847 1755 συνομολο-

650 1774 841 1841 primis
866 1783 919 1827 et
949 1774 1237 1840 gloriosum
1284 1774 1421 1825 inter
1444 1788 1630 1826 onmcs
1667 1785 1914 1826 constare
1942 1772 2194 1825 arbitror.

2306 1778 2411 1841 γεῖν
2442 1773 2697 1843 ἡγοῦμαι.
2746 1776 2834 1843 Μὴ
2863 1777 3041 1829 τοίνυν
3088 1776 3305 1847 μέλλετε
3334 1777 3543 1831 λοιπόν·
3582 1779 3694 1831 ἀλλ’
3729 1780 3847 1830 ἐπι⁹

653 1864 827 1917 Nolite
866 1880 994 1933 ergo
1044 1864 1315 1925 cunctari;
1350 1865 1442 1915 sed
1488 1863 1819 1915 alacritatem
1847 1864 2009 1915 animi
2035 1863 2197 1915 vestri

654 1958 823 2024 magis
848 1972 909 2007 ac
942 1956 1109 2023 magis
1144 1952 1475 2007 intendentes
1499 1992 1514 2019 ,
1547 1955 1669 2007 date
1705 1968 1922 2021 Operam
1980 1964 2035 2005 ut
2065 1967 2199 2021 pra:-

651 2057 830 2099 sentes
872 2046 1233 2099 dissensiones
1282 2045 1622 2098 convenienti
1663 2046 1922 2098 sententia
1950 2044 2201 2097 termine-

651 2139 719 2189 lis
748 2172 764 2196 ,
793 2151 911 2187 cum
948 2135 1090 2188 onmi
1124 2145 1178 2186 ut
1211 2148 1310 2202 par
1336 2144 1419 2186 est
1463 2136 1776 2188 sinceritate
1800 2148 1862 2187 ac
1894 2134 2015 2197 lide,
2040 2147 2199 2201 quam

652 2229 905 2279 Servator
932 2225 1019 2277 ille
1050 2240 1210 2291 quem
1252 2224 1512 2286 colimus;
1545 2224 1599 2276 in
1648 2227 1794 2276 onmi
1829 2225 2044 2291 negotio
2087 2233 2202 2275 latt-

654 2326 767 2369 tum
792 2332 894 2369 non
933 2301 1263 2380 inclamans,
1305 2330 1335 2367 a
1400 2317 1555 2369 nobis
1599 2317 1860 2384 praecipue
1893 2316 2112 2383 ﬂagitat,
2148 2316 2200 2368 in

651 2421 814 2459 unum
847 2406 1247 2459 convenientes.
1279 2404 1544 2459 Caeterum
1583 2416 1841 2470 quantum
1878 2406 1944 2458 ad
1991 2406 2203 2474 religio.

652 2511 772 2550 nem
796 2506 1032 2550 nostram
1063 2498 1319 2563 pertinet,
1354 2497 1489 2549 nihil
1524 2496 1670 2564 quod
1704 2511 1942 2550 mearum
1972 2497 2203 2564 partium

608 2634 614 2642 .
652 2574 728 2640 sit.
754 2586 903 2639 vobis
936 2587 1127 2642 deerit.
1168 2588 1373 2641 Cuncta
1420 2588 1682 2654 siquidem
1727 2602 1847 2655 quze
1893 2587 2087 2639 litteris
2116 2600 2208 2637 ve-

654 2678 782 2731 stris
837 2678 1201 2746 signiticastis,
1250 2694 1279 2731 a
1309 2694 1392 2732 me
1431 2678 1651 2746 impleta
1693 2688 1836 2731 sunt.
1898 2676 2101 2747 Scripsi
2140 2677 2208 2731 ad

656 2781 791 2833 quos
818 2767 1059 2819 voluistis
1098 2770 1379 2836 episcopos
1398 2809 1414 2832 ,
1446 2778 1504 2821 ut
1536 2770 1810 2821 venientes
1828 2769 2095 2821 communi
2120 2783 2209 2822 vo-

657 2855 862 2906 biscum
884 2870 1011 2929 cura
1039 2848 1102 2909 a'c
1123 2858 1483 2910 sollicitudine
1510 2859 1881 2925 fungerentur.
1909 2858 2023 2909 Misi
2046 2859 2209 2911 etiam

660 2943 969 3012 Dionysium
987 2960 1049 2998 ex
1072 2948 1358 3008 consulari,
1376 2948 1541 3014 quiet
1569 2934 1844 3016 episcOpos
1864 2948 1979 3001 illos
2001 2948 2090 3016 qui
2116 2961 2213 3000 vo-

662 3034 867 3086 biscum
890 3037 1077 3089 adesse
1107 3036 1303 3088 debent
1330 3047 1674 3105 commoneat
1693 3078 1707 3100 ,
1729 3046 1783 3090 et
1811 3038 2050 3089 omnium
2091 3053 2213 3105 qua}

662 3135 938 3195 gerentur,
974 3126 1205 3177 maxime
1256 3141 1380 3177 vero
1409 3093 1990 3194 “adestis-,inspector
2037 3126 2125 3180 sit.
2155 3127 2211 3180 Si

663 3216 786 3283 quis
810 3230 974 3279 vero,
1020 3217 1161 3282 quod
1214 3215 1437 3268 minime
1483 3216 1841 3281 arbitramur,
1892 3226 2212 3285 prmeeptum

667 3317 909 3359 nostrum
949 3308 1242 3359 etiamnum
1297 3306 1501 3358 violare
1531 3319 1875 3372 praesumens,
1908 3306 2210 3359 adessorcv

665 3395 864 3460 nuerit,
893 3396 1135 3448 mittetur
1186 3396 1577 3462 quamprimum
1607 3410 1637 3445 a
1684 3396 1838 3447 nobis
1872 3394 2082 3465 aliquis,
2122 3412 2211 3464 qni

666 3486 927 3554 imperiali
964 3486 1288 3537 auctoritate
1318 3484 1585 3537 hominem
1618 3485 1671 3536 in
1706 3486 1952 3539 exsilium
1988 3486 2210 3555 pellens,

666 3579 877 3631 docebit
904 3578 1245 3644 imperatoris
1277 3577 1649 3631 sanetionibus
1696 3592 1791 3644 pro
1823 3580 2048 3631 veritate
2095 3579 2211 3631 edi—

669 3667 738 3719 tis
779 3666 995 3719 minime
1019 3681 1138 3717 esse
1184 3663 1609 3731 repugnandum.
1658 3662 1803 3727 Quod
1831 3672 2091 3731 superest,
2126 3678 2215 3717 ve-

666 3769 793 3811 stra:
850 3758 1147 3811 sanctitatis
1197 3758 1301 3810 erit
1345 3756 1657 3825 providere,
1692 3765 1748 3808 ut
1800 3772 1897 3809 nec
1945 3757 2069 3809 odio
2114 3770 2213 3809 nec

666 3860 860 3917 gratia,
883 3851 972 3903 sed
986 3848 1137 3915 juxta
1154 3846 1547 3901 ecclesiasticas
1567 3857 1621 3899 et
1639 3848 1958 3916 apostolicas
1980 3848 2212 3917 regulas,

628 3940 875 3993 -delictis
927 3949 981 3993 et
1026 3940 1091 3992 iis
1128 3954 1364 4007 qtuepcr
1409 3953 1645 3991 errorem
1698 3940 2213 4007 contigerunt,con-

668 4032 889 4084 veniens
934 4030 1228 4083 remedium
1273 4018 1602 4097 exquiratis,
1650 4044 1756 4097 quo
1810 4038 1864 4082 et
1918 4028 2213 4083 Ecclesiam

670 4119 817 4173 omni
860 4120 1053 4186 probro
1084 4120 1324 4171 liberetis
1353 4156 1371 4183 ,
1415 4127 1469 4170 et
1503 4133 1664 4179 _meas
1704 4134 1860 4172 curas
1898 4120 2085 4173 levetis
2109 4162 2124 4183 ,
2162 4132 2218 4173 et

588 4206 596 4214 ’
674 4211 823 4278 pacis
853 4209 1157 4261 amoenitate
1209 4208 1435 4261 turbatis
1488 4225 1629 4262 nunc
1651 4209 1906 4265 Ecclesiis
1947 4214 2211 4274 restituta,

672 4300 826 4352 vobis
853 4297 981 4364 ipsis
1005 4298 1291 4347 maximam
1317 4294 1540 4363 gloriam
1586 4302 1929 4367 contparetis.
1958 4300 2217 4353 Divinitas

675 4407 768 4445 vos
797 4398 1000 4450 servet,
1029 4388 1219 4439 fratres
1250 4388 1530 4440 carissimi.
1573 4406 1591 4438 ι

747 4529 821 4599 (2)
836 4526 993 4599 Vulg.
1008 4523 1131 4589 τοῖς
1149 4523 1738 4599 προκειμένςοις-ὄροις.
1766 4524 2109 4599 Scribendum
2138 4537 2220 4580 est,

675 4593 889 4669 ὄρονίει
931 4595 1274 4669 Tltcotlorito,
1298 4606 1349 4644 et
1378 4595 1723 4669 tlelettdtuvos
1745 4593 1930 4669 καιρόν
1954 4610 2071 4663 qua:
2095 4612 2219 4653 mox

678 4660 940 4733 sequitur,
971 4678 1087 4731 qum
1119 4679 1221 4733 nec
1242 4664 1309 4733 in_
1325 4660 1661 4733 codicelfult.
1698 4660 1905 4733 legitur.

749 4728 823 4805 (ὅ)
852 4728 1011 4805 Vulg.
1040 4731 1174 4805 παρ’
1192 4728 1356 4796 ἡμῶν
1381 4728 1663 4805 (ss-osos;
1698 4730 1767 4780 Ita
1791 4731 1998 4805 quidem
2032 4731 2219 4797 legitur

680 4798 818 4871 apud
849 4798 1255 4871 'l‘lteodoritum.
1287 4814 1350 4851 ex
1388 4798 1538 4864 cujus
1566 4798 1705 4871 libro
1732 4812 1749 4849 ι
1798 4799 2063 4871 lticulocus
2091 4817 2221 4867 sup-

683 4867 858 4943 pletus
906 4881 1022 4943 est,
1055 4871 1143 4943 qui
1194 4870 1259 4943 _in
1308 4867 1687 4943 tnanuscriptis
1736 4867 2008 4943 codicibus
2055 4878 2108 4943 et
2160 4874 2221 4943 _i_u

684 4933 917 4997 editione
950 4933 1205 5006 Stephani
1249 4938 1487 5006 mutilus
1510 4935 1799 5002 legebatur.
1832 4933 2025 5006 Verum
2060 4937 2110 4987 in
2160 4936 2223 4987 li-

686 5014 783 5064 bro
815 5010 993 5063 Murrei
1026 5004 1182 5058 aliam
1214 5004 1366 5071 hujus
1395 5004 1493 5057 loci
1524 5004 2000 5070 interpunctionem
2028 5009 2222 5069 reperi,

685 5096 801 5146 qua:
832 5094 948 5131 meo
981 5079 1191 5142 quidem
1244 5076 1453 5146 judicio
1486 5075 1677 5146 rectior
1716 5082 1815 5146 est,
1842 5072 1964 5146 _ltoc
2022 5076 2175 5146 tnng
2208 5090 2223 5125 :

686 5140 902 5202 άπαιτεί
930 5140 1158 5216 μάλιστα
1192 5140 1319 5214 παρ’
1342 5142 1529 5216 ἡμῶνζ
1542 5142 1701 5216 Οὐδέν
1726 5141 1782 5192 δὲ
1801 5140 1925 5202 τῶν,
1952 5140 2222 5216 ete._Tan‘

690 5194 799 5269 tum
824 5194 1038 5273 mallem
1074 5218 1244 5284 legere
1268 5194 1393 5284 ἕταρ⁸
1422 5211 1589 5284 ὑμῷν.
1624 5211 1837 5279 Vulgata
1873 5194 2043 5284 tamen
2064 5210 2224 5284 lectio

691 5284 814 5354 [cui
866 5293 1059 5354 potest.
1100 5279 1152 5335 In
1215 5279 1396 5337 codice
1440 5279 1569 5334 Fuk.
1608 5285 1827 5354 perinde
1858 5289 1935 5330 -ut
1973 5281 2056 5354 _in_
2104 5279 2228 5354 li_br.

692 5347 921 5406 Turnebi
947 5370 1008 5407 ac
1040 5354 1215 5405 Μοναξὶ
1246 5354 1493 5405 scribitur
1528 5370 1541 5401 :
1596 5352 1811 5403 ἀπαιτεῖ
1859 5347 1986 5417 παρ’
2034 5347 2188 5417 ἡμῶν
2210 5364 2221 5375 ·

694 5422 841 5539 ἒὲἓὲχ
867 5422 921 5473 δὲ
953 5422 1063 5475 τῶν
1085 5424 1163 5483 εἰς
1182 5423 1276 5491 τὴν
1309 5421 1445 5492 ἐμὴν
1474 5420 1753 5473 εὐλάϐειαν
1803 5420 2039 5489 ἡκόντων
2102 5418 2228 5486 ὑμῖν

784 5506 806 5539 ε
848 5506 946 5539 σει.

784 5506 946 5541 ετισει.

720 5492 1228 5625 ἰνῗίνᾷίσᾶειέστεκνία.
1265 5559 1606 5612 Scrihendnm
1634 5569 1714 5613 est
1743 5556 2041 5615 ἐπέστειλα.
2069 5564 2125 5608 ιιι
2150 5556 2229 5609 le-

703 5625 841 5687 gisse
866 5629 1072 5680 videtur
1107 5633 1389 5697 interpres.
1419 5628 1616 5684 Tamen
1652 5631 1701 5682 in
1731 5627 2057 5683 Tltcodorito
2085 5637 2137 5680 et
2177 5628 2229 5679 in

2238 3080 2282 3136 C

2294 1863 2564 1925 τείναντες
2597 1862 2839 1915 ἐντεῦθεν
2873 1865 2969 1935 ἥδη
2998 1864 3064 1917 τά
3099 1866 3196 1935 τῆς
3226 1865 3549 1936 προθυμίας,
3583 1871 3694 1929 τοῖς
3721 1884 3849 1937 προ-

2298 1952 2560 2033 κειμένοις
2609 1956 2727 2023 ὅρον
2764 1954 2836 2023 (2)
2867 1942 3127 2015 ἐπιθεῖναι
3158 1956 3489 2010 σπουδάσατε
3551 1957 3639 2031 τὸν
3690 1974 3846 2027 προσ-

2298 2045 2522 2123 ήκοντα,
2545 2041 2680 2113 μετᾶ
2728 2045 2906 2115 πάσης
2920 2046 3259 2116 είλικρινείας
3271 2047 3477 2125 δηλαδὴ
3502 2048 3595 2100 καὶ
3622 2048 3848 2108 πίστεως

2300 2134 2658 2198 συνελθόντες,
2694 2135 2759 2205 ἢν
2785 2136 3087 2205 ἑκασταχοῦ
3132 2139 3408 2207 μονονουχὶ
3454 2136 3632 2207 φωνὴν
3676 2136 3848 2203 ἀφιεὶς

2298 2222 2326 2273 ὁ
2351 2222 2539 2294 Σωτὴρ
2563 2209 2831 2303 ἐκείνος.
2853 2224 3203 2296 λατρεύωμεν,
3226 2226 3444 2278 ἀπαιτεῖ
3471 2225 3701 2295 μάλιστα
3728 2226 3850 2293 παρ’

2299 2312 2471 2383 ἡμῶν.
2531 2298 2689 2396 ρύδέν
2724 2298 2818 2405 (ἱξλ
2851 2315 2907 2367 δὲ
2959 2315 3067 2368 τῶν
3120 2318 3199 2378 εις
3249 2317 3347 2387 τὴν
3394 2317 3530 2387 ἐμὴν
3573 2314 3851 2367 εὐλάϐεια-ο

2300 2402 2558 2472 ἡκόντων,
2590 2404 2715 2474 ὑμῖν
2751 2402 3014 2473 ἐνδεήσει.
3064 2406 3244 2459 Πάντα
3271 2424 3361 2476 μοι
3393 2406 3724 2477 πέπρακται,
3756 2404 3852 2457 ὅσα

2301 2494 2597 2563 γράφοντες
2642 2494 2941 2565 ἐδηλώσατε
2962 2513 2973 2525 ·
3024 2496 3310 2549 ἀπέστειλα
3359 2496 3491 2567 πρὸς
3520 2495 3613 2559 οὒς
3638 2495 3852 2565 ἐϐουλῄ

2304 2582 2429 2652 θητε
2455 2581 2561 2634 τῶν
2580 2583 2911 2645 ἐπισκόπων,
2939 2584 3027 2637 ἵνα
3047 2584 3494 2655 παραγενόμενοι,
3524 2584 3852 2653 κοινωνήσω-

2306 2690 2389 2726 σιν
2422 2675 2548 2742 ὑμῖν
2572 2672 2679 2724 τῶν
2706 2673 3139 2742 φροντισμάτων·
3172 2672 3461 2724 ἀπέστειλα
3484 2672 3559 2741 (4)
3588 2669 3852 2723 Διονύσιον

2282 2763 2393 2841 κτὸν
2410 2764 2521 2815 ἀπὸ
2553 2763 2826 2814 ὑπατικῶν
2850 2762 2948 2831 (5),
2969 2762 3027 2825 ὃς
3056 2763 3149 2815 καὶ
3170 2763 3293 2823 τοὺς
3321 2762 3629 2830 ὀφείλοντας
3655 2762 3733 2823 είς
3756 2766 3852 2829 τὴν

2310 2849 2521 2906 σύνοδον
2570 2851 2857 2919 ἀφικέσθαι
2910 2850 3026 2920 μεθῗ
3074 2851 3222 2921 ὑμῶν
3260 2852 3579 2921 ὑπομνήσει,
3613 2850 3705 2903 καὶ
3748 2850 3854 2901 τῶν

2309 2942 2708 3012 πραττομένων,
2758 2940 3042 3012 ἐξαιρέτως
3082 2942 3136 2993 δὲ
3174 2940 3245 3013 (6)
3280 2942 3379 3012 τῆς
3407 2941 3653 3007 εὐταξίας
3695 2941 3855 2994 κατά-

2314 3049 2509 3093 σκοπος
2543 3032 2819 3101 παρέσται.
2880 3033 3006 3084 Ἐὰν
3026 3032 3132 3103 γάρ
3162 3048 3266 3097 τις,
3304 3032 3380 3095 ὡς
3403 3032 3513 3101 ἐγὼ
3538 3034 3636 3085 οὐκ
3660 3019 3855 3102 οἴομαι,

2311 3122 2409 3193 τὴν
2453 3122 2718 3192 ἡμετέραν
2771 3123 3013 3176 κέλευσιν
3047 3123 3142 3176 καὶ
3173 3121 3269 3176 νῦν
3296 3122 3714 3195 διακρούσασθαι
3744 3140 3841 3175 πει-

2314 3212 2569 3284 ρώμενος,
2602 3213 2676 3285 μὴ
2725 3214 2953 3284 βουληθῇ
2984 3216 3400 3285 παραγενέσθαι,
3446 3216 3689 3269 ἐντεῦθεν
3733 3218 3854 3285 παρ’

2308 3304 2465 3375 ἡμῶν
2496 3305 2945 3374 ἀποσταλήσεται,
2972 3306 3029 3371 ὃς
3054 3311 3119 3360 ιη
3144 3306 3416 3378 βασιλικοῦ
3447 3309 3854 3379 προστάγματος

2310 3394 2469 3446 αὐτὸν
2496 3394 2757 3457 ἐκϐαλὼν,
2784 3395 2859 3458 ὡς
2886 3398 2946 3450 οὐ
2975 3397 3245 3468 προσῆκεν
3272 3398 3416 3469 ὅροις
3445 3400 3855 3469 αὐτοκράτορος,

2312 3482 2450 3553 ὑπὲρ
2477 3484 2573 3553 τῆς
2612 3483 2862 3553 ἀληθείας
2895 3483 3266 3555 ἐξενεχθεῖσιν,
3305 3487 3616 3541 ἀντιτείνειν
3645 3487 3854 3551 διδάξει.

2310 3576 2505 3629 Λοιπὸν
2534 3576 2685 3628 ἔσται
2716 3576 2816 3645 τῆς
2854 3576 3005 3643 ὑμῶν
3037 3576 3307 3648 ὁσιότητος
3339 3576 3518 3648 ἔργον,
3564 3579 3697 3648 μήτε
3731 3577 3856 3645 πρὸς

2310 3668 2618 3737 ἀπέχθειαν,
2641 3670 2785 3746 μῄτε
2804 3667 2947 3746 πρὸς.
2963 3662 3139 3740 χάριν,
3173 3668 3473 3743 ἀκολούθως
3501 3668 3557 3719 δὲ
3581 3668 3657 3737 τῷ
3679 3668 3841 3737 ἐκχλη

2312 3759 2570 3829 σιαστικῷ
2604 3760 2695 3810 καὶ
2722 3744 3056 3827 ἀποστολικῴ
3091 3758 3290 3821 κανόνι,
3317 3758 3433 3819 τοῖς
3462 3756 3851 3826 πλημμεληθεί-

2313 3867 2393 3903 σιν
2420 3851 2593 3904 εἴτουν
2618 3851 2757 3903 κατὰ
2787 3850 3007 3919 σφάλμα
3036 3848 3420 3921 συμϐεϐηκόσι,
3445 3847 3543 3917 τὴν
3572 3848 3849 3917 ἁρμόττου-

2314 3958 2411 3993 σαν
2434 3942 2725 4011 θεραπείαν
2752 3932 3061 4010 ἐπινοῆσαι,
3084 3942 3171 3992 ἴνα
3202 3940 3291 3992 καὶ
3324 3938 3501 4007 πάσης
3524 3936 3857 4006 βλασφημίας

2313 4031 2707 4102 ἐλευθερώσητε
2734 4031 2829 4100 τὴν
2870 4030 3203 4098 Ἐκκλησίαν,
3240 4027 3331 4079 καὶ
3360 4025 3454 4087 τὰς
3484 4024 3623 4095 ἐμὰς
3652 4027 3856 4078 ἐπικου-

2314 4121 2504 4190 φίσητε
2556 4119 2857 4190 φροντίδας,
2891 4119 2983 4169 καὶ
3023 4115 3118 4184 τὴν
3149 4116 3245 4183 τῆς
3300 4115 3517 4183 εἰρήνης
3557 4116 3713 4185 χάριν
3754 4118 3857 4177 τοῖς

2314 4210 2407 4263 νῦν
2466 4208 2899 4278 στασιαζομένοις
2952 4206 3255 4265 ἀποδόντες,
3307 4204 3563 4275 μεγίστην
3624 4204 3858 4257 εὔκλειαν

2317 4302 2444 4370 ὑμῖν
2469 4300 2649 4361 αὐτοῖς
2681 4296 3066 4368 προξενήσητε.
3111 4294 3167 4347 ’0
3198 4294 3328 4356 Θεὸς
3364 4296 3505 4364 ὑμᾶς
3529 4296 3857 4365 διαφυλάξαι,

2248 4410 2292 4462 ι)
2318 4390 2534 4456 ἀδελφοὶ
2561 4387 2850 4475 ἀγαπητοί.
2890 4406 2909 4437 ι

2325 4525 2461 4580 Fuk.
2492 4526 2628 4578 libro
2656 4525 2845 4591 legitur
2870 4524 3160 4576 ἀπέστειλα
3179 4524 3312 4594 πρὸς
3347 4524 3460 4587 οὖς,
3485 4534 3593 4579 etc.

2393 4597 2471 4666 (ὅ)
2498 4594 2811 4647 Διενύσιον
2833 4594 2937 4644 τὸν
2960 4594 3075 4645 ἀπὸ
3109 4594 3427 4666 ὑπατικῶν.
3478 4594 3693 4647 Flavius
3744 4594 3859 4647 Dio-

2322 4669 2505 4736 nysius
2542 4678 2721 4736 comes
2750 4666 3060 4736 vocaturah
3098 4665 3389 4736 Athanasio
3433 4666 3485 4717 in
3510 4665 3857 4736 _Apologetico

2318 4731 2386 4788 ad
2408 4731 2790 4803 Constantium,
2820 4733 2904 4803 ubi
2959 4732 3117 4803 multa
3166 4733 3326 4783 refert
3380 4737 3448 4787 de
3509 4734 3610 4803 hac
3664 4735 3858 4803 synodo

2321 4804 2458 4871 apud
2485 4802 2703 4871 Tyrum,
2745 4815 2862 4871 quaf
2893 4801 3068 4851 habita
3103 4810 3184 4853 est
3214 4803 3505 4871 Aconsulatn
3562 4801 3856 4871 Constantii

2320 4869 2373 4923 et
2402 4869 2599 4938 Albini,
2624 4883 2807 4919 mense
2839 4869 3076 4933 Augusto
3111 4886 3173 4921 ac
3207 4869 3529 4938 Septembri.
3556 4870 3753 4923 Fuerat
3776 4871 3858 4922 hic

2322 4936 2611 5005 Dionysius
2638 4947 2797 4987 antea
2820 4938 3112 4992 consularis
3146 4936 3449 5004 Phoenices,
3481 4940 3775 4994 Januarino
3805 4950 3858 4989 et

2321 5007 2474 5059 Justo
2500 5020 2666 5077 coss"
2694 5016 2758 5077 nt
2782 5016 2921 5072 patet
2947 5022 3010 5058 ex
3051 5008 3164 5077 lege
3200 5009 3233 5060 4
3270 5012 3453 5063 codice
3509 5009 3737 5069 Tlteod.,
3786 5007 3859 5060 De

2324 5075 2541 5143 famosis
2565 5074 2770 5125 libellis.

2396 5144 2470 5209 (6)
2513 5143 2843 5215 Ὲξαιρέτως
2869 5143 2952 5197 δέ.
2979 5144 3048 5197 Ita
3072 5147 3278 5214 quidem
3305 5147 3493 5215 legitur
3517 5147 3656 5214 apud
3690 5146 3859 5199 Theo—

2329 5214 2577 5265 dorttnm.
2614 5216 2714 5264 Sed
2752 5214 3003 5269 ittcudice
3036 5215 3166 5269 Fttk.
3194 5214 3444 5268 lticloéus
3475 5217 3855 5268 inscribitur

2327 5282 2562 5355 Ka‘t_rt1)v
2591 5284 2966 5355 πραττομένων
2988 5284 3041 5337 δὲ
3066 5288 3159 5337 καὶ
3180 5286 3277 5354 τῆς
3296 5284 3543 5351 εὐταξίας
3576 5284 3859 5355 ἐξαιρέτως

2328 5352 2663 5422 κατάσκοπος
2706 5354 2987 5422 παρέσται.
3045 5356 3212 5419 Quam
3238 5352 3244 5354 V
3274 5359 3555 5408 lectionem
3602 5352 3857 5422 Scaliger.

2329 5421 2649 5488 Bongarsius
2677 5420 2871 5491 aliique
2895 5424 2946 5475 itt
2978 5425 3091 5479 suis
3122 5425 3271 5477 libris
3324 5432 3661 5491 repererant.
3700 5420 3860 5491 Paulo

2329 5486 2652 5563 postjscribo
2682 5486 3065 5563 τὴνήμετέραν
3089 5494 3328 5545 κέλευσιν
3362 5486 3456 5545 καὶ
3479 5492 3575 5563 νύν
3611 5486 3863 5563 διακρούο

2333 5560 2525 5611 σασθαι
2558 5573 2621 5611 ex
2670 5564 2821 5613 codd.
2844 5560 2987 5615 'Fuk'.
3022 5571 3076 5615 et
3110 5564 3451 5617 'l‘heodorito.
3486 5562 3669 5627 Neque
3728 5560 3864 5613 enim

2335 5631 2617 5685 mediocris
2639 5642 2718 5683 est
2742 5634 3007 5689 emphasis
3035 5633 3090 5687 in
3125 5632 3209 5687 his
3246 5631 3420 5687 verbis
3451 5630 3546 5684 καὶ
3564 5626 3681 5681 νῦν.
