3998 6346
128 145 262 262 is;

1212 200 1300 254 DE
1335 200 1497 253 VITA
1534 198 1983 255 CONSTANTINI
2013 199 2144 253 LIB.
2182 197 2270 252 IV.

3181 195 3314 251 αξη

125 321 234 382 θεὶς
253 358 267 380 ,
307 318 436 388 γόνυ
469 317 654 381 κλίνας
683 316 767 370 ἐπ’
794 316 1016 384 ἐδάφους
1035 357 1049 378 ,
1102 318 1280 388 ἱκέτης
1314 318 1552 386 ἐγίγνετο
1584 318 1666 369 τοῐ

1781 334 1811 371 a
1845 320 1952 373 Deo
2001 318 2227 386 supplex
2268 315 2528 385 poposcit,
2584 324 2802 384 peccata
2836 329 2931 368 sua
2960 314 3221 370 conﬁtens
3265 316 3316 370 in

125 411 287 474 Θεοῦ,
316 412 372 462 ὲν
412 408 558 478 αὐτῷ
594 407 669 478 τῷ
699 409 974 479 μαρτυρίῳ
999 408 1474 478 ἐξομολογούμενος
1495 448 1509 470 ,
1543 409 1668 461 ἔνθα.

123 503 186 576 δὴ
223 501 320 556 καὶ
353 501 566 574 πρῶτον
595 499 700 572 (52)
732 499 837 552 τῶν
875 499 958 552 διὰ
991 500 1320 569 χειροϐεσίας
1362 501 1531 570 εὐχῶν
1558 501 1666 569 (53)

123 594 366 664 ἠξιοῦτο·
404 593 639 664 μεταϐὰς
676 593 720 644 δ’
752 592 901 646 ἐνθεν
924 633 938 656 ,
988 593 1078 644 ἐπὶ
1108 594 1432 664 προάστειον
1451 595 1549 663 τῆς
1575 593 1671 643 Nt—

124 686 398 758 κομηδέων
429 665 732 750 ἀφικνεῖται
769 683 971 745 πόλεως
990 722 1004 746 ,
1037 682 1310 734 κάνταῦθα
1338 683 1668 750 συγκαλέσας

123 778 243 840 τοὺς
273 774 619 837 ἐπισκόπους,
653 767 754 826 ὧδέ
788 790 862 842 πη
895 774 1074 836 αὐτοῖς
1103 772 1389 836 διελέξατο.

627 879 1018 966 ΚΕΦΑᾹΑΙΟΝ
1049 909 1164 960 se.

123 999 568 1053 Kerov
591 998 739 1066 πρὸς
760 998 1122 1066 ἐπισκόπους
1145 996 1272 1060 περὶ
1297 993 1669 1062 μεταδόσεως

483 1068 590 1121 τοῦ
621 1065 874 1134 λουτροῦ
906 1065 1302 1132 παράκλησις.

191 1196 212 1229 ι
446 1173 514 1248 ἦν
546 1177 707 1240 αὐτὸς
746 1180 772 1229 ὁ
812 1177 975 1229 πάλαι
1017 1193 1106 1246 μοι
1140 1174 1357 1244 διψῶντι
1391 1175 1483 1226 καὶ
1519 1175 1669 1242 εὐχο-

125 1266 264 1337 μένῳ
289 1270 389 1337 τῆς
426 1269 483 1319 ὲν
511 1267 630 1336 Θεῷ
659 1270 836 1336 τυχεῖν
882 1266 1148 1335 σωτηρίας
1171 1305 1186 1328 ,
1230 1265 1416 1333 καιρὸς
1459 1262 1669 1325 ἐλπιζό-

125 1367 309 1425 μενος·
345 1355 464 1426 ὥρα
495 1357 589 1409 καὶ
620 1357 764 1426 ἡμᾶς
801 1355 1101 1408 ἀπολαῦσαι
1145 1357 1241 1424 τῆς
1282 1351 1666 1406 ἀθανατοποιοῦ

120 1529 173 1601 In
200 1527 479 1601 veteribus
505 1528 716 1587 schedis
762 1528 957 1601 legitur
979 1529 1231 1598 σωτηρίῳ
1257 1528 1490 1601 λουτρῷ,
1525 1529 1664 1598 quod

120 1599 273 1668 plane
294 1599 588 1668 conﬁrmat
602 1599 1026 1668 emendationem
1056 1610 1314 1668 nostram.

1774 414 1890 479 ipso
1921 409 2181 481 martyrio
2209 427 2223 462 :
2252 421 2359 475 quo
2391 407 2441 458 in
2483 403 2601 460 loco
2641 421 2889 484 manuum
2927 406 3314 474 impositionem

1773 517 1895 554 cum
1927 500 2154 553 solemni
2189 500 2499 569 precatione
2532 498 2758 564 primum
2803 497 2999 548 meruit
3049 496 3314 564 accipere-

1772 592 1909 646 Hinc
1947 594 2014 645 ad
2060 591 2374 644 suburbana
2427 588 2746 641 Nicomediae
2776 588 3076 656 digressus,
3119 600 3320 640 convo-

1771 686 1908 739 catis
1959 685 2248 754 episc0pis,
2271 683 2350 736 sic
2381 683 2444 734 ad
2477 695 2569 734 eos
2596 680 2934 733 verba-fecit.

2327 901 2553 955 CAPUT
2604 898 2763 952 LXII.

1781 994 1977 1058 Quibus
2011 995 2177 1046 verbis
2230 994 2605 1045 Constantinus
2646 992 2918 1058 postularit
2964 992 3026 1043 ab
3067 989 3318 1059 episcopis

2085 1073 2137 1114 ut
2172 1065 2483 1129 baptismum
2535 1063 2635 1113 sibi
2689 1061 2999 1126 cattfcrrent.

1846 1192 1865 1222 ο
1894 1171 2002 1227 Hoc
2020 1181 2138 1227 erat
2157 1183 2365 1240 tempus
2384 1173 2522 1240 quod
2544 1173 2853 1240 jamdudum
2879 1175 3178 1240 sperabam,
3195 1188 3311 1226 cum

1773 1263 2072 1316 incredibili
2122 1264 2417 1330 cupiditate
2473 1264 2749 1328 arderem,
2787 1266 3033 1330 votisque
3070 1265 3315 1318 omnibus

1771 1353 2135 1407 desiderarem
2167 1353 2394 1408 salutem
2427 1355 2477 1407 in
2509 1354 2620 1407 Deo
2649 1355 2929 1423 consequi.
2959 1354 3075 1407 Jam
3113 1364 3319 1423 tempus

1767 1531 1892 1598 Quis
1938 1531 2125 1583 credat
2149 1529 2524 1596 imperatorem
2552 1531 2955 1586 Constantinum
2981 1531 3048 1582 ad
3073 1531 3122 1582 id
3140 1543 3318 1598 usque

1675 1651 1684 1658 ,
1776 1597 2033 1665 temporis
2055 1600 2492 1653 catecltumenum
2516 1616 2618 1656 non
2646 1600 2837 1661 fuisse,
2884 1611 3000 1651 cum
3027 1609 3080 1653 et
3106 1597 3318 1651 Nica‘no

187 1666 301 1750 (52)
333 1666 534 1750 ᾝνριιΔ
566 1667 640 1748 δῂ
831 1667 1091 1750 πρῷτοξ
1113 1666 1209 1750 Hic
1239 1668 1386 1750 locus
1414 1676 1666 1748 attentam

1773 1668 2002 1750 eoneilio
2034 1667 2364 1750 interfuerit,
2411 1680 2465 1721 et
2515 1679 2592 1723 tot
2619 1669 2780 1750 ‘lcges
2819 1682 2883 1720 ac
2933 1669 3188 1748 rescripta
3219 1683 3318 1735 pro

122 1735 174 1788 in
199 1734 402 1805 primis
435 1734 652 1805 lectoris
681 1737 1011 1805 diligentiam
1059 1734 1280 1802 ﬂagitat.
1308 1737 1383 1788 Ex
1431 1752 1495 1789 eo
1525 1739 1665 1805 enim

123 1818 314 1872 magna
350 1803 441 1856 illa
470 1804 537 1857 de
579 1803 909 1858 Constantini
939 1805 1201 1869 baptismo
1224 1806 1448 1871 quaestio
1469 1804 1663 1871 dijudi-

123 1873 229 1925 cari
260 1873 420 1926 facile
445 1883 637 1939 potest.
665 1874 753 1925 Ait
777 1876 938 1941 igitur
971 1873 1231 1926 Eusebius
1261 1873 1664 1926 Constantinum

121 1944 494 2008 imperatorem
547 1952 673 1994 tunc
709 1943 936 2007 primunt
969 1956 1222 1992 manuum
1272 1942 1664 2007 impositionem

123 2024 241 2063 cum
287 2010 513 2078 solemni
547 2010 857 2078 precatione
901 2011 951 2060 in
977 2009 1202 2078 ecclesia
1245 2011 1581 2076 suscepisse;
1614 2013 1666 2062 id

121 2089 198 2132 est
223 2093 335 2141 uno
383 2077 565 2144 verbo,
594 2088 720 2131 tunc
764 2077 994 2144 primum
1040 2077 1239 2129 factum
1265 2092 1386 2131 esse
1416 2082 1665 2132 catechu-

121 2161 359 2201 menum.
392 2143 526 2198 Nam
560 2143 928 2200 catecliuincni
979 2160 1074 2213 per
1121 2161 1311 2199 manus
1366 2147 1666 2214 impositio-

122 2230 240 2269 nem
269 2215 468 2268 ebant
491 2215 559 2268 ab
587 2216 856 2282 episcopo,
893 2222 949 2266 ut
981 2216 1134 2267 docet
1167 2229 1336 2268 canon
1365 2231 1415 2268 vt
1450 2217 1664 2269 concilii

119 2284 449 2337 Arelatensis
478 2300 495 2336 :
529 2301 549 2333 ‹
577 2285 650 2337 De
670 2285 751 2335 I'is
785 2283 873 2349 qui
903 2283 956 2334 in
988 2283 1295 2336 inﬁrmitate
1321 2286 1545 2338 credere
1575 2300 1668 2337 vo-

120 2350 254 2412 lunt.
281 2351 598 2418 placuit_eis
626 2352 821 2405 debere
850 2367 1060 2404 manum
1093 2352 1348 2418 imponi.»
1379 2353 1515 2404 Idem
1542 2368 1668 2404 san-

121 2417 393 2474 cituurest
414 2417 534 2488 cap.
564 2421 633 2475 59
672 2420 882 2474 concilii
932 2417 1240 2473 liliberitani
1270 2439 1283 2473 ε
1316 2441 1333 2471 ι
1352 2419 1592 2475 Gentiles
1621 2422 1693 2483 si_

120 2489 173 2542 in
207 2489 529 2543 inﬁrmitate
553 2490 973 2544 desideraverint
1020 2489 1121 2541 sibi
1170 2505 1388 2543 manum
1429 2492 1664 2555 imponi;

122 2560 166 2612 si
202 2557 367 2610 fuerit
398 2572 585 2612 eorum
613 2572 679 2612 ex
717 2558 891 2625 aliqua
921 2567 1072 2626 parte
1115 2559 1225 2611 vita
1276 2561 1519 2622 honesta,
1549 2559 1664 2626 pla-

122 2628 228 2680 cuit
248 2627 331 2680 eis
357 2642 575 2680 manum
612 2627 832 2695 imponi,
876 2637 932 2679 et
982 2627 1095 2679 ﬁeri
1145 2629 1493 2681 Christianos.
1518 2647 1536 2676 ι
1565 2629 1665 2693 Qui

122 2697 332 2763 quidem
361 2711 533 2750 canon
563 2695 938 2757 Eliberitanus,
979 2706 1037 2747 ut
1090 2697 1143 2749 id
1174 2699 1346 2751 obiter
1399 2712 1663 2761 moneant,

121 2765 250 2819 nihil
306 2763 451 2817 aliud
504 2780 622 2820 esse
670 2765 878 2817 videtur
928 2780 1088 2832 quam
1125 2767 1390 2833 expositio
1442 2767 1666 2819 canonis

124 2833 491 2888 Arelatensis:
521 2835 663 2902 quod
701 2844 755 2889 et
799 2835 852 2887 in
883 2835 1000 2888 aliis
1029 2835 1144 2900 ejus
1169 2837 1380 2888 concilii
1417 2835 1666 2902 capitulis

123 2917 346 2972 cernere
368 2903 516 2956 licet.
549 2903 624 2956 De
641 2905 959 2972 eodemritu
992 2904 1137 2957 locus
1157 2914 1238 2957 est
1267 2905 1489 2957 illustris
1521 2906 1658 2972 apud

125 2971 416 3041 Sulpicium
448 2973 708 3026 Severum
739 2975 791 3025 in
829 2971 1046 3041 Dialogo
1075 2987 1111 3025 lt
1143 2973 1220 3026 De
1241 2975 1511 3026 miraculis
1542 2971 1667 3026 san-

123 3042 190 3110 eti
217 3039 462 3110 lumini,
503 3057 628 3110 cap.
652 3043 686 3096 5
718 3060 732 3096 :
767 3059 786 3091 ι
811 3039 1088 3094 Postremo
1139 3044 1314 3095 cuncti
1346 3043 1661 3096 catervatth

125 3109 188 3178 ad
214 3123 391 3174 genua
412 3109 555 3165 beati
577 3109 686 3162 ’viri
713 3123 866 3178 ruere
894 3120 1192 3178 cmperunt,
1225 3110 1455 3164 ﬁdeliter
1479 3119 1662 3178 postu-

125 3176 314 3240 lantes,
351 3187 414 3230 ut
445 3193 539 3232 eos
588 3179 787 3232 laceret
834 3176 1194 3232 Christianos.
1223 3179 1331 3232 Nec
1363 3176 1660 3244 Cunctatus,

125 3246 176 3298 in
198 3246 401 3312 medio,
427 3255 488 3298 ut
510 3257 652 3309 erat,
678 3261 886 3309 campo,
917 3260 1138 3300 cunetos
1167 3249 1413 3314 imposita
1451 3249 1664 3300 univcr-

122 3315 195 3368 sis
246 3329 409 3368 manu
446 3316 857 3368 catechumenos
903 3315 1046 3367 fecit.
1074 3333 1092 3364 ι
1127 3316 1266 3367 Idem
1332 3317 1382 3367 in
1415 3316 1550 3369 libro
1589 3333 1602 3367 ι
1640 3334 1654 3368 :

129 3401 149 3433 ι
169 3381 336 3435 Nemo
363 3383 496 3447 fere,
526 3384 718 3451 inquit,
746 3399 810 3434 ex
837 3384 1053 3435 immani
1085 3385 1171 3435 illa
1196 3385 1532 3437 multitudine
1563 3384 1664 3437 fuit

125 3451 424 3518 gentilium,
449 3453 539 3518 qui
581 3467 706 3515 non,
736 3452 1074 3517 impositione
1108 3467 1296 3504 manus
1338 3453 1658 3517 desiderata,

127 3521 177 3574 iu
208 3519 490 3574 Dominum
517 3518 696 3574 Jesum
738 3521 920 3572 relicto
961 3519 1245 3586 impietatis
1270 3535 1455 3572 errore
1484 3521 1660 3572 credi-

127 3590 327 3642 desita
360 3590 888 3658 Augustinuﬁsetiant
919 3588 970 3639 in
1009 3589 1100 3640 lib.
1156 3603 1194 3640 ll
1231 3588 1305 3640 De
1339 3598 1662 3658 peccatorum

127 3655 471 3720 missione;
487 3673 608 3728 cap.
651 3657 722 3710 26
754 3673 766 3728 ;
807 3676 824 3706 ι
848 3655 963 3708 Non
995 3657 1293 3708 uniusmodi
1321 3667 1400 3709 est
1426 3655 1663 3728 sanctiﬁ-

126 3728 281 3781 catio.
312 3727 449 3781 Nam
495 3727 566 3780 et
601 3727 1008 3781 catechumenos
1037 3728 1325 3778 secundum
1380 3727 1661 3792 quemdam

130 3798 342 3850 modum
369 3813 525 3850 suum
569 3812 665 3865 per
699 3797 906 3863 signum
938 3797 1112 3847 crucis
1138 3798 1199 3848 et
1225 3795 1517 3865 orationem
1549 3809 1664 3845 ma-

129 3881 225 3921 nus
251 3861 618 3934 impositionis
653 3861 775 3934 puto
804 3865 1147 3917 sanctilicari.
1171 3883 1188 3912 ι
1230 3863 1332 3934 Sed
1374 3861 1664 3934 et___Petrus

130 3931 493 4006 Cbrysotogus
514 3931 870 4006 idem'scribit
900 3935 949 3985 iu
980 3948 1226 4006 sermone
1248 3931 1353 3984 52:
1387 3950 1406 3980 ε
1427 3931 1561 3983 llinc
1580 3941 1663 3984 est

130 4003 264 4071 quod
298 4003 524 4059 veniens
567 4020 634 4058 ex
683 4004 946 4072 gentibus,
979 4003 1319 4069 impositione
1365 4016 1556 4072 manus
1610 4011 1664 4052 et

131 4075 446 4128 exorcismis
467 4085 592 4127 ante
619 4091 648 4126 a
682 4071 918 4126 daemone
946 4080 1302 4140 purgatur;et
1333 4071 1662 4138 apertiouem

132 4144 339 4195 aurium
369 4145 618 4211 percipit,
662 4153 720 4196 ut
767 4143 888 4194 ﬁdei
923 4139 1113 4211 capere
1143 4141 1312 4209 possit
1348 4139 1609 4211 auditum.
1638 4155 1660 4188 s

134 4211 220 4264 Sic
246 4209 412 4265 etiam
449 4209 776 4266 inisertnone
802 4211 942 4265 105:
984 4229 1001 4260 ε
1026 4210 1264 4278 Namque
1313 4219 1372 4261 ut
1418 4209 1669 4278 incurvus

132 4283 367 4344 peccatis
389 4283 607 4347 gentilis
633 4281 873 4348 erigatur
901 4282 967 4332 ad
997 4276 1216 4344 cteluni,
1246 4279 1394 4347 prius
1427 4293 1457 4330 a
1481 4276 1664 4348 gentili

131 4361 224 4412 per
250 4344 650 4416 impositiouem
677 4344 929 4402 nfauuum
964 4365 1191 4415 nequam
1218 4344 1438 4417 spiritus
1475 4344 1672 4412 enega-

135 4427 234 4487 tur.
262 4435 292 4467 ν
321 4419 422 4470 llis
464 4419 828 4487 adjungendus
872 4429 953 4471 est
974 4417 1207 4486 Sytneon
1256 4420 1667 4487 Memphi-astes,

133 4486 218 4557 qui
253 4487 307 4538 in
335 4489 490 4541 Actis
526 4485 836 4557 sanctorum
886 4485 1180 4557 martyrum
1208 4487 1350 4541 Indis
1376 4495 1431 4539 et
1455 4485 1670 4537 Demea:

134 4555 201 4625 ita
216 4557 412 4608 scribit
434 4558 502 4610 de
525 4557 725 4625 Cyrillo
745 4556 991 4622 episc0po
1014 4555 1072 4608 at
1101 4556 1192 4609 Ille
1210 4567 1386 4609 autem
1411 4568 1531 4606 cum
1559 4567 1672 4606 uio-

133 4623 316 4694 derate
342 4625 554 4694 divinas
572 4623 947 4680 ei-cecinisset
974 4626 1297 4694 Scripturas,
1328 4635 1384 4677 et
1412 4635 1670 4676 veneran-

134 4694 195 4762 da
221 4692 429 4762 Christi
453 4709 614 4749 cruce
635 4709 754 4747 eam
785 4692 1138 4762 obsignasset,
1171 4705 1296 4748 tunc
1311 4694 1520 4761 quidem
1550 4705 1668 4762 cam

134 4757 258 4812 fecit
281 4763 768 4830 icatcchumeuam.
792 4781 812 4813 ι
849 4757 1087 4830 Βέυἰουε
1113 4757 1405 4818 Marcus—in
1433 4762 1568 4814 libro
1593 4760 1671 4830 De

135 4831 235 4880 sita
262 4829 551 4897 Porphyrii
579 4830 894 4884 Canusium
941 4829 1164 4900 episcopi
1193 4849 1214 4887 :
1246 4850 1266 4883 ι
1295 4831 1389 4884 Die
1429 4829 1670 4900 sequenti

136 4909 382 4969 parentes
406 4901 648 4954 mulieris
665 4913 720 4954 et
745 4905 958 4969 cognati
973 4897 1174 4956 euntes
1197 4903 1263 4954 ad
1297 4901 1507 4953 beatum
1534 4897 1668 4969 Por-

136 4968 404 5040 phyrium,
423 4969 772 5040 prociderunt
796 4967 864 5022 ad
887 4977 1000 5038 ejus
1028 4974 1213 5040 pedes,
1237 4980 1483 5038 petentes
1513 4967 1673 5021 Chri-

135 5037 198 5087 sti
223 5036 584 5104 signaculum.
616 5038 810 5094 Beatus
855 5036 981 5094 vero
1013 5036 1134 5093 cum
1173 5036 1270 5093 eos
1303 5041 1583 5105 signasset,
1618 5044 1673 5088 et

139 5105 810 5175 Iccissetcatechumenos,
835 5109 1037 5162 dimisit
1064 5111 1182 5164 illos
1226 5111 1275 5161 in
1306 5123 1453 5175 pace,
1484 5109 1670 5175 ρι’ωοί-

136 5174 281 5240 picns
307 5173 394 5226 eis
444 5182 503 5224 ut
553 5187 811 5247 vacarent
859 5191 1056 5247 satietas:
1097 5173 1351 5233 ecclesiae.
1415 5173 1668 5247 Et'paulo

137 5252 247 5307 post
273 5258 400 5294 ωω
428 5256 522 5294 eos
547 5246 815 5296 catecbesi
845 5245 1181 5312 ἰιίειίωίεευι,
1207 5248 1515 5314 baptilaVil-
1545 5264 1564 5295 ι
1592 5245 1669 5298 ΕΙ

139 5317 216 5388 his
244 5320 395 5379 patet
417 5314 832 5388 catechumenos
863 5319 1467 5388 nonaliterqnamper
1495 5317 1665 5388 impo-

135 5381 377 5433 sitioncm
412 5393 601 5432 manus
625 5381 750 5432 olim
784 5381 836 5432 in
871 5381 1107 5439 Ecclesia
1139 5381 1308 5439 factos
1341 5381 1521 5438 fuisse.
1540 5381 1670 5436 Cum

140 5451 294 5516 igitur
325 5449 708 5520 uastantinus
737 5457 864 5520 tunc
896 5454 1128 5518 primum
1171 5470 1363 5509 manus
1388 5455 1675 5520 impositio-

141 5533 252 5571 netu
287 5520 341 5572 in
378 5518 608 5572 ecclesia
631 5519 901 5585 accepisse
932 5521 1162 5586 dicatur,
1191 5534 1396 5578 constat
1428 5518 1550 5575 eum
1582 5538 1675 5575 ca-

143 5591 518 5644 techumcuuut
547 5589 804 5654 _uouduut
852 5586 1034 5644 fuisse.
1083 5594 1188 5648 Sed
1237 5596 1379 5650 dicet
1430 5593 1670 5661 aliquis:

1770 1737 2091 1790 Christianis
2115 1737 2373 1799 ediderit,
2409 1747 2487 1790 tot
2522 1740 2776 1790 ecclesias
2809 1738 3156 1799 exstrnxerit,
3185 1751 3316 1802 geu-

1770 1806 1893 1857 tiles
1918 1809 1982 1857 ad
2013 1805 2406 1870 suscipiendam
2441 1808 2595 1858 ﬁdem
2636 1807 2833 1860 Christi
2862 1808 3109 1858 omnibus
3144 1805 3315 1857 modis

1768 1874 2094 1933 incitaverit,
2138 1882 2193 1925 et
2247 1873 2529 1926 barreticos
2560 1890 2622 1928 ac
2669 1874 3043 1929 schismaticos
3082 1873 3316 1926 basilicis

1767 1943 1878 1996 Suis
1906 1940 2254 2007 spoliaverit?
2287 1940 2444 1995 Certe
2490 1943 2739 1995 omnibus
2765 1943 3051 1995 Christiani
3085 1942 3316 1996 hominis

1766 2008 1951 2063 olIiciis
1996 2024 2115 2060 eum
2152 2008 2486 2075 perfunctum
2522 2009 2686 2062 fuisse
2742 2022 2966 2063 testatur
3018 2011 3303 2067 Eusebius.

1767 2079 1899 2132 Nam
1959 2085 2012 2128 et
2062 2077 2282 2144 jejttniis
2337 2088 2495 2145 atque
2537 2081 2866 2132 orationibus
2919 2094 3039 2132 eum
3092 2093 3313 2132 vacasse

1767 2147 1978 2208 scribit,
2011 2155 2064 2198 et
2095 2145 2399 2199 Dominicos
2449 2148 2561 2199 dies
2602 2162 2663 2199 ac
2710 2157 3001 2215 martyrum
3042 2147 3172 2198 festa
3215 2163 3305 2215 ce-

1767 2216 2036 2279 lebrasse;
2070 2226 2411 2285 pernoctasse
2432 2217 2590 2268 etiam
2620 2217 2673 2268 in
2705 2214 3158 2285 vigiliis_Pasclite.
3186 2214 3310 2267 Hice

1766 2285 1942 2337 omnia
1994 2293 2048 2336 et
2095 2283 2260 2335 multo
2314 2283 2485 2336 adhuc
2515 2285 2664 2351 plura
2694 2299 2810 2349 quae
2842 2283 3018 2334 all'erri
3051 2294 3297 2349 possent.

1765 2353 2171 2406 Constantinum
2200 2353 2448 2418 gentilem
2481 2368 2587 2405 non
2615 2352 2778 2406 fuisse
2807 2353 3164 2414 convincunt;
3210 2353 3306 2404 sed

1767 2422 2013 2475 eumdem
2042 2423 2482 2475 catecliumeunm
2523 2421 2689 2474 luisse
2732 2438 2835 2476 non
2871 2430 3119 2489 arguunt.
3149 2420 3310 2473 Certe

1769 2493 1819 2543 in
1857 2491 1939 2544 bis
1991 2499 2218 2558 quatuor
2253 2490 2466 2543 Eusebii
2514 2492 2686 2552 libris,
2739 2491 2930 2557 quibus
2973 2489 3308 2542 Constantini

1766 2561 1939 2628 pietas
1984 2569 2038 2614 et
2085 2559 2271 2626 religio
2299 2558 2620 2625 celebratur,
2649 2575 2911 2626 nusquam
2955 2558 3151 2625 legitur
3175 2558 3312 2628 Con-

1767 2627 2061 2682 stantinum
2093 2629 2144 2680 in
2194 2629 2420 2690 ecclesia
2472 2643 2596 2688 cum
2646 2629 2861 2696 reliquis
2908 2627 3312 2680 catecbutnenis

1767 2713 1958 2766 preces
1991 2697 2207 2766 fecisse,
2238 2711 2339 2749 nec
2381 2708 2774 2763 sacramentum
2805 2698 3308 2766 catecltumenorum

1767 2763 2081 2835 percepisse.
2111 2765 2348 2832 Cumque
2371 2767 2434 2819 de
2470 2767 2668 2835 l-Ielena
2711 2771 2948 2834 Augusta
2980 2775 3150 2817 matre
3175 2763 3308 2832 imp.

1766 2834 2099 2888 Constantini
2140 2837 2192 2890 id
2219 2835 2414 2888 diserte
2473 2834 2697 2888 aliirmet
2751 2836 3034 2897 Eusebius,
3088 2849 3206 2887 eam
3255 2835 3309 2888 in

1767 2906 1994 2958 ecclesia
2015 2920 2137 2958 cum
2171 2905 2392 2967 reliquis
2416 2905 2730 2958 mulieribus
2786 2905 3116 2970 constitisse;
3177 2919 3310 2954 nun-

1693 2996 1746 3052 ο
1768 2985 2140 3052 quaiii_tatueti
2181 2973 2641 3052 de_Cot_i_st_antis’t‘o
2674 2975 2813 3026 idem
2837 2973 2914 3052 _ab
2965 2974 3055 3052 illo
3082 2970 3306 3052 _dictuui

1767 3040 2028 3096 invenias.
2062 3043 2212 3108 Quod
2229 3043 2272 3096 si
2303 3044 2545 3111 objicias,
2575 3043 2978 3097 Constantinum
3001 3040 3308 3108 Helenopoii

1768 3113 1818 3164 iu
1850 3123 2143 3180 martyrum
2188 3111 2384 3179 templo
2417 3115 2742 3165 diversatum
2773 3115 2969 3174 fuisse,
3011 3122 3064 3165 et
3116 3123 3306 3180 preces

1767 3183 1835 3232 ad
1873 3179 2034 3232 Deum
2068 3181 2267 3234 fudisse
2287 3220 2302 3243 ,
2335 3183 2564 3248 primum
2592 3182 2883 3248 respondeo
2910 3182 3086 3234 bzncin
3112 3179 3308 3231 nostris

1765 3250 2041 3319 codicibus
2063 3267 2167 3302 non
2194 3251 2317 3319 legi,
2352 3261 2406 3302 ut
2433 3252 2587 3316 paulo
2603 3262 2756 3304 antea
2783 3251 3084 3303 observavi.
3107 3248 3306 3302 Deinde

1765 3318 2027 3371 ecclesias
2048 3318 2264 3385 ingredi
2286 3319 2480 3372 licebat
2526 3321 2688 3373 etiam
2741 3320 3046 3386 gentilibus,
3083 3324 3306 3382 excepto

1766 3387 2052 3458 missarum
2079 3395 2316 3458 tempore
2337 3407 2349 3440 :
2369 3398 2568 3458 quanto
2599 3390 2764 3458 magis
2795 3389 2847 3441 id
2879 3388 3028 3458 licuit
3077 3387 3307 3458 impera-

1767 3455 2002 3524 tori,_qui
2030 3469 2088 3508 se
2123 3455 2472 3509 christianum
2527 3457 2894 3524 proﬁtebatur.
2947 3456 3079 3510 Cum
3142 3455 3306 3521 igitur

1768 3520 2028 3591 Eusebius
2058 3525 2143 3575 hic
2165 3534 2347 3591 aperte
2377 3520 2584 3589 doceat,
2623 3525 3028 3581 Constantinum
3071 3520 3302 3590 primum

1734 3613 1739 3616 -
1766 3588 2072 3656 Helenopoli
2099 3588 2692 3659 manusimpositionem
2716 3607 2747 3643 a
2777 3588 3137 3644 sacerdotibus
3153 3605 3308 3645 acce-

1765 3660 1928 3723 pisse,
1956 3659 2110 3724 plane
2142 3659 2392 3720 eﬁicitur,
2431 3662 2576 3713 illum
2619 3669 2742 3712 ante
2794 3662 2894 3713 hoc
2927 3669 3134 3724 tempus
3163 3670 3309 3712 cate-

1766 3727 2089 3780 clmmeuum
2153 3742 2257 3779 non
2305 3730 2486 3781 fuisse.
2512 3729 2655 3780 'Scio
2697 3728 3045 3791 Athanasium
3090 3727 3144 3780 in
3180 3724 3304 3780 Vita

1766 3795 1936 3847 sancti
1955 3794 2192 3859 Antonii,
2225 3796 2314 3848 ulti
2343 3798 2408 3849 de
2437 3797 2627 3848 litteris
2651 3812 2679 3848 a
2702 3795 3050 3849 Constantino
3077 3797 3142 3852 ad
3189 3795 3304 3848 An-

1768 3865 1967 3932 tertium
1994 3866 2208 3932 scriptis
2236 3865 2487 3931 loquitur,
2528 3873 2582 3918 et
2613 3867 2962 3932 Augustinum
2999 3865 3051 3916 lll
3078 3865 3305 3932 epistola

1768 3931 1870 4003 1(ξὲ
1899 3943 1953 4003 et
1983 3931 2114 4003 £66,
2134 3933 2539 3986 Constantinum
2564 3931 2850 3991 Christiani
2873 3931 3128 4003 principis
3150 3934 3305 3988 titulo

1767 4001 2025 4054 aﬂ'ccissc.
2057 4002 2162 4054 Sed
2188 4003 2497 4067 responderi
2533 4014 2724 4069 potest,
2758 4017 2851 4057 eos
2876 4001 2992 4056 'Iiac
3025 4005 3079 4056 in
3107 4018 3165 4056 re
3191 4004 3310 4056 vul-

1767 4080 1946 4138 gatam
1981 4073 2218 4123 omnium
2249 4071 2555 4138 opinionem
2590 4086 2655 4126 ac
2682 4073 2874 4125 lautam
2902 4083 3117 4138 secutos
3139 4087 3260 4126 esse
3284 4089 3301 4124 :

1766 4136 1816 4189 et
1846 4138 2252 4189 Consututiuum
2287 4138 2462 4203 palam
2491 4136 2856 4187 Christianum
2885 4137 3178 4203 principem
3208 4151 3306 4202 ap—

1765 4206 2009 4274 pellasse,
2037 4220 2143 4257 non
2165 4207 2305 4272 quod
2330 4205 2650 4259 Christiana:
2677 4205 2797 4258 ﬁdei
2825 4207 3176 4260 sacramentis
3207 4207 3303 4258 ad-

1768 4275 1871 4327 huc
1915 4274 2155 4326 initiatus
2184 4285 2352 4339 esset,
2382 4277 2473 4328 sed
2505 4276 2630 4342 quia
2678 4275 2995 4328 Christiana:
3028 4274 3303 4341 religionis

1697 4329 1744 4388 θ
1764 4345 1967 4398 cultum
1992 4354 2172 4412 aperte
2195 4329 2562 4412 proﬁiebatur.
2590 4344 2705 4397 Alia
2738 4329 3296 4412 quoquelongevgraj

1763 4414 1881 4466 vior
1928 4407 2157 4481 objéctjo
2195 4407 2459 4468 adversus
2497 4424 2732 4468 nostram
2754 4407 3096 4466 sententiam
3113 4407 3295 4481 afferri

1764 4491 1943 4551 potest
1964 4477 2172 4556 escit}.
2199 4484 2267 4535 52
2291 4485 2380 4537 lib.
2408 4501 2444 4540 ι,
2478 4483 2633 4551 cujus
2659 4484 2851 4556 bic__est
2863 4481 3046 4534 titulus

1765 4547 2086 4625 ἰξατητηθεὶς
2124 4547 2687 4625 Κωνσταντῐνοςειο.
2733 4551 2806 4603 Ex
2838 4563 2961 4625 _qt_to
3005 4547 3294 4625 colligitur,

1761 4616 2172 4675 Constantinum
2194 4624 2374 4674 statim
2398 4632 2518 4689 post
2539 4622 2680 4673 illam
2707 4616 2886 4672 crucis
2905 4618 2958 4669 in
2978 4616 3117 4671 ctelo
3141 4616 3301 4689 visio-

1769 4706 1889 4763 nem
1921 4695 2118 4763 lactum
2175 4682 2808 4763 esseicaitecbumenum.
2850 4689 2957 4763 βοά
2995 4682 3306 4763 responde?
3383 4718 3389 4724 -

1770 4762 1958 4815 titulos
1983 4762 2116 4816 istos
2145 4779 2249 4816 non
2280 4762 2350 4815 ab
2377 4762 2611 4815 Eusebio
2640 4757 2962 4826 compositos
2992 4754 3177 4822 fuisse,
3206 4750 3304 4804 sed

1769 4833 1839 4884 ab
1867 4835 2164 4884 recentiore
2193 4832 2392 4897 aliquo,
2435 4841 2493 4882 ut
2537 4844 2696 4897 supra
2727 4829 3152 4897 demonstratum
3171 4829 3302 4897 _est.

1713 4956 1724 4968 ,
1771 4900 1970 4971 Deinde
2016 4887 2343 4971 κατηχηθέις
2377 4887 2465 4952 ibi
2509 4887 2736 4971 stt-tinui-
2765 4894 2884 4971 pro
2903 4887 3302 4971 Αμαθητεξξθειςο

1769 4969 1927 5024 Certe
1949 4960 2230 5024 Eusebius-
2259 4960 2335 5022 in,
2362 4979 2473 5020 toto
2522 4967 2612 5019 illo
2662 4964 2851 5031 capite,
2897 4960 3303 5031 Constantinum

1773 5043 2209 5093 catechumenum
2239 5041 2434 5089 facttmt
2467 5050 2584 5088 esse
2616 5028 2911 5092 non—dicit,
2960 5028 3056 5081 sed
3079 5036 3303 5080 tantum

1774 5111 2049 5178 episcopos
2080 5109 2146 5160 ab
2172 5107 2262 5160 illo
2281 5114 2560 5178 evocatos,
2598 5103 2856 5153 rationem
2896 5097 3132 5178 caelestis
3161 5096 3304 5178 illius

1775 5167 1994 5232 visionis
2018 5179 2065 5230 ei
2109 5175 2430 5242 aperuisse:
2481 5173 2647 5238 ipsum
2693 5183 2820 5242 vero
2848 5168 3040 5238 exinde
3089 5167 3304 5220 lectioni

1772 5262 2042 5302 Sacrorum
2075 5239 2399 5304 voluminum
2423 5254 2639 5307 operam
2671 5239 2898 5307 dedisse.

1841 5316 1949 5383 (55)
1993 5313 2112 5383 Τῶν
2267 5304 2652 5383 χειροθὲσίας-
2665 5304 2886 5383 frixum.
2923 5304 3111 5383 Sic_itt
3144 5304 3261 5383 lib._
3286 5321 3305 5359 ι

1773 5373 2020 5439 mitam
2053 5373 2459 5444 Ecclesiditicw,
2487 5395 2604 5445 cap.
2632 5378 2720 5440 15,
2745 5375 2906 5444 εὐχάς
2940 5394 3001 5428 τε
3017 5375 3106 5431 διὰ
3126 5373 3307 5446 χειρὸς

1771 5454 1965 5510 nam.
2000 5453 2078 5504 Ad
2109 5466 2265 5518 quem
2297 5450 2466 5502 locum
2505 5449 2622 5500 vide
2652 5461 2771 5515 quae
2814 5448 3089 5518 adnotavi.
3130 5451 3310 5518 Augu-

1771 5529 1944 5580 stiuus
1968 5523 2020 5574 in
2054 5513 2143 5574 lib:
2177 5535 2215 5573 ιι
2250 5520 2320 5571 De
2351 5513 2686 5588 peccatorum
2707 5516 3038 5586 remissione,
3065 5532 3184 5588 cap.
3209 5513 3310 5581 3ο.

1773 5603 1925 5651 vocat
1955 5592 2248 5646 orationem
2279 5604 2465 5645 manus
2495 5587 2870 5656 impositiouis.
