4012 6340
692 470 828 526 ista
1423 417 1691 523 Eusebii
1725 463 2189 521 CIESABIENSIS
2225 461 2372 518 opp.
2409 462 2589 516 pass
2627 462 2667 515 l.
2704 493 2774 503 -
2807 461 3191 516 HISTORICA.
3751 468 3869 521 κει

688 584 778 652 qui
822 582 987 636 tantis
1032 582 1188 636 bonis
1217 578 1582 650 privarentur.
1647 579 1886 647 Cumque
1939 578 2137 630 tribuni
2179 591 2225 628 at

2342 572 2622 634 ἀπεκάλει,
2653 571 2865 635 ἀθλίους
2896 569 3030 624 εἶναι
3055 566 3223 639 λέγων
3243 613 3257 636 ,
3291 574 3414 635 τοὺς
3434 573 3600 626 τῶνδε
3623 574 3732 627 τῶν
3753 578 3868 644 ἀγα-

689 677 851 728 duces
870 673 1188 732 militarium
1213 673 1488 739 cupiarum
1513 670 1844 737 introgressi,
1893 669 2061 720 vicem
2085 682 2225 719 suam

2339 661 2445 716 θῶν
2475 662 2878 732 στερουμένους.
2928 663 3076 715 Ἐπεὶ
3101 663 3155 714 δὲ
3180 662 3285 714 τῶν
3314 666 3692 733 στρατοπέδων
3722 669 3769 719 oi
3793 686 3869 720 τα-

687 765 932 819 doicrent
963 766 1104 832 quod
1134 765 1298 818 orbos
1343 763 1488 830 ipsos
1523 761 1877 828 relinqueret,
1930 767 1984 812 et
2029 758 2225 825 longio-

2337 752 2549 824 ξιάρχαι
2597 755 2691 806 καὶ
2735 754 3102 829 καθηγεμόνες
3136 753 3264 806 εἵσω
3296 754 3652 825 παρελθόντες
3677 759 3870 810 ἀπωδύ-

688 869 801 908 rem
836 854 936 922 ipsi
966 855 1129 908 vitam
1165 858 1643 921 comprecarentur
1663 887 1677 912 ,
1715 852 1797 904 bis
1825 851 1986 902 etiam
2014 862 2236 915 respon-

686 927 836 1007 dens,
870 958 1013 996 nunc
1045 943 1258 997 demum
1289 953 1472 994 veram
1511 951 1569 988 se
1619 939 1779 990 vitam
1839 937 2088 1004 adeptum
2118 949 2236 988 esse

687 1033 840 1094 dixit,
885 1047 1048 1100 seque
1090 1046 1255 1084 unum
1285 1030 1487 1099 optime
1520 1043 1696 1090 nosse,
1721 1035 2042 1096 quantorum
2069 1026 2236 1079 bono-

684 1136 804 1174 rum
826 1124 1094 1190 particeps
1134 1120 1307 1175 factus
1333 1120 1539 1175 fuisset.
1569 1118 1800 1174 Proinde
1829 1130 2121 1186 properare
2156 1129 2233 1176 se,

683 1222 736 1267 et
776 1213 1161 1282 profectionem
1213 1213 1279 1264 ad
1314 1212 1476 1264 Deum
1519 1227 1671 1264 suum
1713 1209 1855 1261 nulla
1911 1207 2233 1276 tergiversa-

686 1305 830 1357 tione
880 1301 1117 1356 differre.
1167 1301 1386 1371 Singula
1445 1301 1640 1356 deinde
1712 1315 1809 1368 pro
1867 1297 2094 1352 arbitrio
2140 1311 2236 1349 suo

682 1393 975 1460 disposuit:
1005 1405 1067 1446 ac
1095 1391 1348 1445 Romanis
1374 1391 1593 1459 quidem
1641 1390 1843 1457 regiam
1869 1386 2055 1440 urbem
2088 1386 2238 1437 inco-

601 1485 604 1488 '
684 1482 915 1536 lentibus
936 1499 1112 1536 annua
1141 1484 1381 1550 quaedam
1411 1496 1633 1535 munera
1665 1475 1879 1547 legavit,
1915 1477 2026 1529 suis
2056 1485 2233 1527 autem

684 1572 866 1625 liberis
917 1573 1196 1639 imperium
1251 1571 1399 1624 velut
1438 1581 1716 1640 paternam
1753 1567 2116 1620 bmreditatem
2149 1580 2236 1618 re-

681 1661 871 1731 liquit,
922 1673 1113 1716 cuncta
1147 1672 1307 1731 prout
1342 1663 1442 1730 ipsi
1473 1662 1775 1720 videbatur,
1812 1658 2165 1712 constituens.

1235 1839 1458 1893 CAPUT
1498 1838 1675 1892 LXIV.

2337 861 2507 916 ροντο,
2541 847 2679 914 σφᾶς
2709 845 2902 907 αὐτοὺς
2939 846 3170 914 ἐρήμους
3201 844 3412 897 ἔσεσθαι
3454 845 3866 916 ἀποκλειόμενοι,

2333 935 2628 1005 ἐπηύχοντό
2657 953 2716 987 τε
2748 935 2893 1004 ζωῆς
2931 935 3076 1004 αὐτῷ
3105 933 3324 1005 χρόνους
3349 953 3363 964 ’
3395 936 3488 987 καὶ
3516 936 3726 998 τούτοις
3755 939 3867 988 ἀπο-

2335 1025 2685 1095 κρινάμενος,
2730 1025 2821 1076 νῦν
2863 1025 2964 1092 ἔφη
3003 1025 3099 1092 τῆς
3143 1024 3371 1093 ἀληθοῦς
3416 1023 3560 1094 ζωῆς
3603 1023 3865 1093 ἠξιῶσθαι,

2339 1117 2496 1186 μόνον
2536 1117 2584 1167 τ’
2616 1116 2775 1168 αὐτὸν
2818 1115 3010 1167 εἰδέναι
3041 1109 3113 1168 ὧν
3159 1116 3474 1185 μετείληφεν
3514 1115 3763 1183 ἀγαθῶν·
3803 1118 3868 1171 διὸ

2337 1203 2428 1255 καὶ
2459 1202 2704 1264 σπεύδειν
2724 1243 2738 1267 ,
2773 1202 2891 1272 μηδ’
2919 1203 3301 1256 ἀναϐάλλεσθαι
3324 1204 3420 1274 τὴν
3443 1205 3580 1275 πρὸς
3604 1205 3695 1258 τὸν
3725 1206 3866 1258 αὑτοῦ

2336 1295 2464 1346 Θεὸν
2487 1293 2727 1364 πορείαν.
2754 1291 2862 1345 Εἶτ’
2887 1295 2975 1346 ἐπὶ
3002 1293 3204 1357 τούτοις
3230 1295 3297 1347 τὰ
3323 1298 3666 1366 προσήκοντα
3687 1297 3869 1350 διετάτ-

2334 1403 2491 1438 τετο·
2536 1384 2628 1438 καὶ
2670 1385 2967 1454 Ῥωμαίους
3015 1386 3110 1455 μὲν
3147 1388 3268 1448 τοὺς
3310 1387 3408 1457 τὴν
3450 1387 3694 1455 βασιλίδα
3736 1389 3868 1440 πόλιν

2336 1475 2612 1537 οἰκοῦντας
2644 1475 2803 1544 ετίμα
2838 1474 3042 1527 δόσεσιν
3086 1477 3336 1544 ἐτησίοις,
3365 1479 3474 1538 τοῖς
3497 1478 3542 1530 δ’
3568 1479 3730 1530 αὐτοῦ
3764 1496 3870 1530 παι-

2339 1564 2442 1626 σὶν,
2475 1562 2661 1634 ὥσπερ
2699 1562 2818 1616 τινὰ
2867 1564 3132 1634 πατρικὴν
3180 1563 3426 1634 ὓπαρξιν,
3474 1567 3564 1618 τὸν
3602 1569 3699 1638 τῆς
3739 1567 3868 1635 βασι-

2336 1653 2482 1718 λείας
2529 1654 2809 1723 παρεδίδου
2859 1653 3072 1724 κλῆρον,
3120 1655 3274 1708 πάνθ’
3301 1657 3397 1707 ὃσα
3435 1658 3562 1726 φίλα
3605 1655 3673 1728 ἦν
3717 1659 3864 1730 αὐτῷ.

2335 1746 2828 1816 διατυπωσάμενος.

2847 1834 3233 1888 ΚΕΦΑΛΑΙΟΝ
3259 1833 3371 1888 ΞΔν.

680 1931 1006 1984 Constantini
1037 1947 1174 1983 mors
1210 1932 1295 1980 die
1340 1930 1474 1997 festo
1516 1928 1863 1992 Peutecostcs,
1910 1930 2048 1982 circa
2089 1930 2225 1982 meri-

2367 1925 2828 1997 Κωνσταντίνουᾼ
2848 1923 3092 1997 τελευτὴ
3119 1929 3187 1976 ὲν
3215 1922 3287 1997 τῇ
3307 1923 3427 1997 Δτῆῤ
3448 1928 3848 1994 Πεντηκοστῆς

1383 2000 1540 2049 diem.

750 2088 925 2142 Porro
965 2089 1079 2141 hac
1109 2088 1288 2139 omnia
1318 2090 1639 2154 gerebantur
1677 2091 1728 2140 in
1765 2090 1997 2142 maxima
2031 2088 2121 2141 illa
2153 2104 2240 2142 so-

682 2177 963 2242 lemnitate
996 2177 1314 2230 veneranda:
1355 2187 1408 2230 et
1444 2179 1824 2232 sacratissima!
1854 2177 2234 2234 Pentecostes.

682 2277 800 2330 qua!
834 2264 1138 2328 septenario
1161 2263 1555 2318 liebdomadum
1585 2281 1808 2320 numero
1830 2267 2101 2331 decorata,
2120 2265 2239 2317 uni-

681 2361 796 2406 tate
845 2352 1178 2420 obsignatur.
1235 2353 1292 2407 lu
1330 2369 1451 2429 (ιιιεῆ
1476 2364 1532 2410 et
1579 2357 1882 2410 communis
1934 2357 2236 2411 Servatoris

681 2440 965 2495 ascensum
1015 2443 1069 2495 iu
1125 2443 1314 2506 caelos,
1364 2457 1424 2496 es.
1471 2447 1644 2500 sancti
1684 2445 1917 2514 Spiritus
1971 2448 2024 2500 in
2065 2456 2236 2500 terras

679 2529 994 2585 descensum
1025 2533 1319 2601 contigisse
1372 2549 1542 2588 sanas
1593 2534 1813 2589 Litterae
1855 2545 2136 2589 testantur.
2177 2537 2233 2589 lu

678 2633 740 2672 ea
777 2619 940 2685 igitur
977 2619 1322 2674 solemnitate
1357 2623 1390 2674 it
1415 2631 1651 2690 geratur
1689 2624 1804 2677 haec
1836 2639 1954 2691 quin
2005 2626 2237 2679 diximus

678 2708 843 2779 559
867 2712 1207 2774 consecutus,
1239 2711 1409 2764 ultima
1453 2714 1664 2768 tandem
1695 2716 1805 2779 die,
1857 2731 2016 2784 quam
2047 2717 2090 2769 si
2117 2717 2236 2783 quis

677 2799 916 2857 omnium
947 2800 1296 2856 festivitatum
1328 2804 1614 2857 maximam
1631 2807 2232 2875 vocet,haudquaquam

679 2905 799 2945 meo
825 2891 1033 2959 judicio
1065 2893 1422 2958 aberraverit,
1473 2893 1614 2947 circa
1661 2895 1944 2949 meridiem
1984 2896 2236 2963 migravit

678 2980 1063 3036 adDominum
1086 3021 1101 3044 ,
1134 2981 1447 3036 mortalibus
1472 2985 1687 3051 quidem
1718 2993 1928 3053 partem
1961 2985 2047 3038 sui
2089 2999 2235 3038 mor-

680 3068 842 3121 talem
877 3068 1214 3138 relinquens.
1255 3084 1372 3124 eam
1399 3085 1530 3126 vero
1552 3073 1746 3127 anima:
1775 3084 1982 3142 partem
2006 3086 2125 3140 quae
2154 3073 2236 3125 in-

2805 1994 2976 2063 ἑορτῇ
2984 2036 2997 2056 ,
3026 1994 3405 2062 μεσημϐρίας.

2409 2088 2649 2142 Ἕκαστα
2681 2085 2738 2139 δὲ
2768 2085 2968 2138 τούτων
2998 2085 3090 2137 ἐπὶ
3131 2085 3226 2154 τῆς
3266 2085 3524 2153 μεγίστης
3562 2085 3866 2137 συνετελείτο

2339 2178 2549 2252 ἑορτῆς,
2594 2178 2693 2248 τῆς
2726 2177 2788 2246 δὴ
2826 2176 3126 2231 πανσέπτου
3175 2175 3265 2228 καὶ
3310 2175 3576 2242 παναγίας
3621 2176 3868 2244 Πεντηκοο

2336 2269 2495 2339 στῆς,
2541 2268 2800 2338 ἑϐδομάσι
2847 2267 2944 2337 μὲν
2989 2266 3125 2318 ἑπτὰ
3169 2264 3568 2336 τετιμημένης,
3613 2265 3792 2332 μονάδι
3828 2264 3865 2314 δ’

2333 2357 2860 2431 ἐπισφραγιζομένης
2899 2356 3044 2425 (64),
3094 2356 3211 2408 καθ’
3253 2357 3318 2426 ἢν
3363 2355 3462 2423 τὴν
3504 2356 3584 2416 εἰς
3630 2354 3868 2423 οὐρανοὺς

2332 2446 2592 2516 ἀνάληψιν
2611 2445 2704 2497 τοῦ
2728 2443 2903 2497 κοινοῦ
2923 2443 3191 2512 Σωτῆρος,
3216 2445 3313 2514 τήν
3335 2459 3394 2495 τε
3424 2443 3518 2494 τοῦ
3544 2443 3694 2509 ἁγίου
3718 2441 3869 2493 Ilvati—

2335 2554 2500 2606 ματος
2527 2537 2604 2598 είς
2634 2533 2948 2604 ἀνθρώπους
2983 2534 3223 2600 κάθοδον,
3256 2533 3402 2601 λόγοι
3435 2533 3752 2602 γεγενῆσθαι
3781 2549 3868 2582 πε-

2335 2627 2570 2698 ριέχουσι
2612 2625 2763 2678 θεῖοι.
2812 2627 2898 2679 Ἐν
2929 2625 2991 2696 δὴ
3033 2625 3199 2695 ταύτῃ
3236 2624 3436 2677 τούτοιν
3464 2624 3710 2689 ἀξιωθεὶς
3737 2623 3869 2692 βασι-

2332 2715 2455 2777 λεὺς
2478 2754 2492 2776 ,
2522 2716 2614 2767 ἐπὶ
2643 2715 2742 2784 τῆς
2775 2714 3009 2784 ὑστάτης
3046 2714 3268 2768 ἀπασῶν
3301 2713 3540 2783 ἡμέρας,
3573 2713 3642 2782 ῆν
3669 2714 3732 2784 δὴ
3762 2716 3868 2783 ἐορ-

2332 2806 2428 2874 τὴν
2462 2804 2661 2874 ἑορτῶν
2696 2805 2794 2856 οὐκ
2824 2803 2889 2858 ἄν
2919 2821 3002 2867 τις
3031 2803 3312 2873 διαμάρτοι
3352 2803 3564 2865 καλῶν,
3606 2805 3746 2872 ἀμφὶ
3785 2819 3870 2873 με·

2335 2893 2638 2964 σημϐρινάς
2677 2895 2828 2963 ἡλίου
2862 2893 3038 2964 ὥρας,
3073 2894 3207 2962 πρὸς
3265 2893 3357 2944 τὸν
3395 2892 3557 2944 αὑτοῦ
3587 2893 3722 2945 Θεὸν
3757 2894 3866 2946 ἀνε-

2331 2983 2651 3052 λαμδάνετο,
2677 2982 2886 3051 θνητοῖς
2912 2983 3009 3051 μὲν
3041 2983 3102 3033 τὸ
3134 2981 3386 3048 συγγενὲς
3415 2981 3687 3050 παραδοὺς
3719 2983 3866 3050 ἔχειν,

2332 3074 2490 3136 αὐτὸς
2527 3073 2572 3125 δ’
2596 3074 2718 3125 ὅσον
2758 3069 2825 3142 ἦν
2865 3071 3026 3124 αὑτοῦ
3074 3072 3172 3140 τῆς
3217 3072 3390 3141 ψυχῆς
3447 3072 3631 3140 νοερόν
3684 3090 3744 3125 τε
3786 3075 3868 3126 καὶ

677 3159 972 3231 telligentia
1024 3170 1079 3214 et
1140 3175 1325 3215 amore
1370 3161 1464 3216 Dei
1514 3164 1738 3230 praadita
1804 3173 1951 3226 erat,
1993 3164 2100 3216 Deo
2135 3178 2225 3215 suo

2334 3161 2611 3227 φιλόθεον,
2656 3157 2942 3228 τῷαύτοῦ
2979 3158 3095 3228 Θεῷ
3150 3158 3562 3226 συναπτόμενος.
3611 3160 3777 3212 Τοῦτο
3818 3161 3867 3212 τὸ

677 3226 1026 3320 coniungens.
1071 3249 1171 3348 Hie
1201 3226 1554 3348 Constantini:
1583 3253 1761 3307 exitus
1797 3255 1918 3306 vitae
1945 3252 2065 3306 fuit.
2125 3251 2225 3326 Sed

2328 3226 2479 3310 τέλος
2523 3251 2621 3316 τῆς
2661 3226 3077 3300 κωνσταντίνουή
3103 3246 3274 3317 ζωῆς·
3322 3245 3456 3308 ἀλλά
3492 3246 3602 3317 γὰρ
3645 3248 3867 3318 ἐπίωμεν

675 3356 962 3410 pergamus
995 3342 1061 3393 ad
1100 3339 1326 3405 reliqua.

1231 3425 1454 3480 CAPUT
1511 3425 1677 3478 LXV.

854 3562 856 3565 τ
954 3519 1188 3572 Militum
1227 3527 1273 3569 et
1322 3519 1648 3568 tribunorum
1694 3514 1951 3582 planctus.

747 3606 813 3660 Et
849 3593 1183 3674 protectores
1208 3605 1424 3671 quidem
1456 3604 1740 3672 omnisque
1774 3604 2086 3671 stipatorum
2120 3616 2230 3658 tur-

653 3693 766 3760 ’ba,
795 3693 1074 3747 confestim
1106 3693 1389 3759 discerptis
1418 3693 1658 3745 vestibus
1708 3708 1906 3760 prunus
1941 3710 2002 3748 se
2033 3696 2086 3746 in
2122 3706 2230 3748 ter-

679 3797 791 3835 ram
819 3783 1131 3852 abjicientes
1177 3791 1340 3850 caput
1390 3780 1506 3835 solo
1554 3781 1852 3848 illidebsnt,
1899 3782 2128 3851 ejulatus
2175 3795 2227 3838 et

677 3872 909 3926 lamenta
943 3888 1065 3927 cum
1112 3873 1328 3942 planctu
1361 3884 1416 3927 et
1447 3873 1771 3927 clamoribus
1795 3876 2048 3940 edentes,
2077 3891 2227 3929 eum-

676 3978 782 4031 que
809 3963 1084 4017 dominum
1111 3973 1270 4031 atque
1303 3963 1703 4032 imperatorem,
1724 3978 1821 4017 nec
1842 3973 1899 4016 ut
1922 3963 2222 4026 dominum,

677 4054 769 4105 sed
811 4062 870 4104 ut
899 4063 1173 4121 parentem
1221 4054 1450 4119 piissimi
1492 4053 1647 4107 liberi
1687 4054 2055 4106 inclamantes.
2102 4052 2227 4106 Trin

675 4141 803 4195 buni
841 4157 968 4197 vero
1021 4154 1074 4196 et
1118 4145 1458 4198 centuriones
1513 4153 1883 4210 servatorem,
1943 4145 2222 4214 praesidem

673 4231 810 4285 bene
838 4234 1084 4286 meritum
1124 4235 1508 4302 przedicabant.
1537 4234 1751 4303 Reliqui
1803 4235 2071 4289 exercitus
2105 4244 2223 4287 tau-

673 4335 832 4387 quam
867 4335 1055 4388 greges
1108 4323 1346 4388 quidam,
1394 4340 1517 4377 eum
1555 4325 1700 4378 omni
1747 4325 2008 4378 modestia
2039 4340 2104 4378 ac
2140 4341 2224 4379 re—

674 4410 916 4462 verentia
979 4411 1238 4475 optimum
1285 4424 1553 4479 pastorem
1608 4414 2008 4468 desiderabant.
2066 4415 2224 4469 Plebs

672 4514 886 4566 quoque
913 4513 1008 4566 per
1035 4500 1336 4553 universam
1374 4503 1644 4556 civitatem
1679 4506 2218 4568 discurrebat,»inti-

674 4603 820 4640 mum
855 4589 1021 4642 animi
1058 4589 1138 4641 sui
1191 4589 1426 4641 dolorem
1486 4594 1875 4649 vociferatione
1923 4603 1976 4648 et
2015 4595 2218 4649 clamo-

673 4680 823 4732 ribus
863 4679 1070 4731 abunde
1119 4677 1450 4745 signiﬁcans.
1500 4681 1790 4751 Multi,prae
1822 4687 2029 4748 dolore,
2077 4695 2217 4740 atto-

674 4769 800 4822 nitis
842 4769 1044 4824 similes
1085 4770 1438 4833 videbantur,
1502 4773 1726 4839 singulis
1761 4777 1900 4827 hanc
1946 4777 2216 4843 prepriam

671 4961 930 5034 atljectam
958 4961 1156 5014 inveni.
1189 4960 1344 5034 Deest
1372 4968 1545 5034 tamen
1581 4962 1629 5034 i_n
1657 4964 1839 5034 c_od_ice
1887 4965 2074 5034 Regio,
2115 4985 2214 5023 nec

676 5031 822 5084 valde
847 5035 1146 5083 necessaria
1177 5031 1304 5082 mibi
1335 5030 1563 5082 videtur.
1590 5029 1641 5081 lu
1668 5029 1800 5082 Fuk.
1831 5029 2005 5085 autem
2032 5029 2216 5091 codice

671 5110 725 5152 et
750 5101 801 5150 in
833 5099 983 5150 libris
1014 5098 1348 5152 Turnebi-ac
1378 5097 1583 5160 Savilii,
1629 5101 1849 5152 verbum
1880 5104 2211 5157 πεπίστευκα

671 5169 886 5220 additur
914 5178 1032 5232 post
1058 5183 1241 5221 vocem
1278 5169 1471 5236 φωτός.
1506 5167 1689 5234 Itaque
1721 5183 1874 5220 error
1908 5183 1990 5223 est
2024 5185 2130 5225 tum
2162 5179 2211 5226 in

671 5236 812 5289 libro
843 5237 1043 5299 Murrei,
1067 5247 1176 5288 tum
1209 5239 1259 5288 in
1283 5241 1516 5290 editione
1543 5237 1860 5292 Genevensi.

739 5305 848 5375 (64)
873 5301 1028 5371 Vulg.
1053 5305 1262 5375 μονάδι
1276 5310 1324 5357 τ’
1351 5305 1928 5374 ἑπισφραγιζομένης.
1969 5308 2215 5362 Scriberi-

669 5374 793 5446 dum
807 5383 888 5446 est
918 5375 1100 5446 μονάδι
1121 5374 1164 5424 δ’
1181 5377 1724 5446 ἐπισφραγιζομένης,
1745 5386 1801 5428 ut
1820 5378 1869 5446 iu
1888 5378 2096 5429 schedis
2118 5379 2212 5430 Re-

670 5446 767 5509 giis
783 5445 1026 5496 habetur.
1057 5443 1221 5496 Porro
1236 5459 1301 5497 ex
1322 5443 1419 5498 hoc
1443 5443 1556 5500 loco
1577 5443 1815 5514 apparet,
1842 5444 2207 5498 Pentecostem

671 5515 805 5584 sumi
837 5528 939 5584 n_uu
963 5514 1132 5584 solum
1155 5527 1251 5584 pro
1276 5516 1359 5566 die
1384 5516 1473 5568 illo
1499 5520 1587 5583 qui
1611 5527 1692 5568 est
1730 5515 2210 5584 quinquagesimus

671 5593 703 5630 a
729 5580 1113 5652 die_Paschali,
1159 5580 1253 5634 Sed
1295 5585 1458 5635 etiam
1489 5580 1585 5651 pro
1621 5580 1822 5652 septem
1861 5580 2208 5637 hebdomadis

670 5661 790 5720 quae
816 5649 1014 5720 Pascha
1038 5654 1450 5718 subsequuntur.
1485 5649 1557 5706 ita
1581 5649 1776 5720 passim
1808 5661 2070 5720 usurpant
2097 5665 2204 5704 tum

671 5715 998 5789 gratantqu
1048 5715 1238 5789 Latini.
1309 5715 1666 5789 Hieronymus
1713 5724 1766 5774 in
1839 5715 2074 5787 Epistola
2141 5723 2208 5774 ad

671 5781 966 5839 Marcellam
999 5805 1014 5843 :
1050 5787 1168 5841 Non
1193 5806 1291 5855 quo
1310 5807 1400 5856 per
1425 5781 1588 5842 totum
1610 5808 1803 5844 annum
1833 5781 2042 5856 excepta
2069 5789 2205 5843 Pen-

2252 4544 2347 4599 IL"

2330 3337 2421 3388 ἐπὶ
2448 3336 2516 3388 τὰ
2545 3336 2693 3405 ἑξῆς.

2842 3425 3232 3493 ΚΕΦΑΛΔΙΟΝ
3253 3423 3350 3477 EE'

2515 3514 2888 3584 Στρατιωτῶν
2925 3516 3020 3569 καὶ
3066 3515 3397 3584 ταξιαρχῶν
3440 3516 3704 3584 ὀδυρμοί.

2397 3608 2687 3678 Δορυφόροι
2719 3610 2813 3677 μὲν
2846 3607 3038 3660 αὐτίκα
3076 3608 3168 3665 καὶ
3202 3609 3308 3660 πᾶν
3337 3609 3396 3661 τὸ
3424 3608 3530 3660 τῶν
3563 3624 3865 3677 σωματοφυ-

2326 3695 2504 3748 λάκων
2534 3696 2709 3763 γένος,
2741 3696 2968 3766 ἐσθῆτας
3003 3695 3476 3766 περιρῤηξάμενοι,
3513 3699 3653 3762 σφᾶς
3687 3711 3746 3746 τε
3779 3693 3864 3745 αὺ-

2325 3789 2447 3848 τοὺς
2482 3786 2730 3855 ῥίψαντες
2777 3786 2860 3838 ἐπ’
2901 3785 3155 3854 ἐδάφους,
3207 3785 3302 3847 τὰς
3347 3784 3581 3852 κεφαλὰς
3623 3785 3862 3853 ῆρασσαν,

2325 3879 2618 3941 κωκυτοὺς,
2664 3876 2843 3944 φωνὰς
2882 3876 2988 3946 (65)
3036 3877 3299 3944 οἰμωγαῖς
3344 3874 3389 3926 θ’
3436 3874 3551 3942 ἅμα
3591 3875 3684 3924 καὶ
3728 3873 3863 3942 βοαῖς

2324 3969 2600 4036 ἀφιέντες,
2647 3966 2736 4018 τὸν
2779 3965 3074 4036 δεσπότην,
3118 3965 3209 4017 τὸν
3247 3962 3463 4033 κύριον,
3503 3963 3596 4014 τὸν
3635 3962 3860 4030 βασιλέα,

2322 4061 2419 4128 οὐχ
2444 4053 2528 4111 οἷα
2558 4057 2838 4125 δεσπότην,
2870 4057 3078 4123 πατέρα
3108 4055 3152 4106 δ’
3176 4054 3382 4122 ὥσπερ,
3416 4052 3653 4120 γνησίων
3680 4051 3862 4102 παίδων

2321 4150 2494 4220 δίκην,
2522 4147 2943 4213 ἀνακαλούμενοι
2968 4162 2980 4175 ⁸
3017 4145 3293 4215 ταξίαρχοι
3316 4145 3373 4195 δὲ
3401 4143 3494 4194 καὶ
3522 4142 3758 4211 λοχαγοὶ,
3784 4143 3861 4194 τὸν

2324 4242 2572 4311 σωτῆρα,
2613 4239 2702 4290 τὸν
2746 4236 2957 4304 φύλακα
2981 4275 2994 4298 ,
3029 4234 3118 4288 τὸν
3151 4234 3438 4304 εὐεργέτην
3483 4233 3857 4286 ἀνεκαλοῦντο’

2322 4333 2389 4384 τά
2425 4349 2482 4382 τε
2512 4328 2672 4382 λοιπά
2703 4323 3063 4396 στρατιωτικά
3105 4325 3199 4376 σὺν
3230 4323 3388 4375 παντὶ
3425 4323 3614 4392 κόσμῳ
3643 4323 3718 4392 τῷ
3744 4322 3861 4392 πρέ-

2323 4437 2503 4482 ποντι,
2537 4414 2621 4470 οἷα
2662 4418 2718 4467 ἐν
2754 4415 2970 4482 ἀγέλαις
2996 4411 3085 4464 τὸν
3115 4411 3313 4479 ἀγαθὸν
3345 4410 3570 4463 ἐπόθουν
3609 4413 3856 4481 ποιμένα·

2323 4507 2482 4576 δῆμοι
2506 4506 2552 4557 θ’
2573 4503 2829 4564 ὡσαύτως
2859 4503 2953 4571 τὴν
2986 4501 3271 4570 σύμπασαν
3299 4499 3673 4565 περιενόστουν
3699 4503 3856 4559 πόλιν.

2323 4592 2382 4648 τὸ
2413 4596 2508 4663 τῆς
2539 4594 2718 4662 ψυχῆς
2753 4591 3037 4660 ἐνδόμυχον
3076 4591 3234 4657 ἄλγος
3278 4593 3542 4658 κραυγαῖς
3587 4593 3681 4644 καὶ
3725 4591 3858 4660 βοαῖς

2323 4685 2539 4754 ἔκδηλον
2574 4681 2908 4751 ποιούμενοι·
2945 4680 3087 4732 ἄλλοι
3129 4680 3184 4732 δὲ
3221 4683 3479 4749 κατηφεῖς
3518 4682 3858 4751 ἐπτοημένος

2322 4775 2589 4844 ἐῴκεσαν,
2628 4771 2853 4823 ἑκάστου
2897 4771 2956 4822 τὸ
2998 4769 3185 4831 πένθος
3217 4769 3325 4840 (66)
3361 4769 3486 4822 ἴδιον
3529 4774 3854 4842 ποιουμένου,

2321 4981 2507 5025 tecoste
2529 4970 2773 5038 jejunare
2805 4985 2906 5020 non
2936 4969 3110 5038 liceat.
3134 5037 3137 5038 ν
3159 4966 3291 5019 Hinc
3325 4969 3462 5034 apud
3519 4969 3739 5023 Grarcos
3769 4987 3852 5038 με·

2320 5037 2716 5107 σοπεντηκοστή
2749 5039 2943 5107 dicitur
2982 5037 3093 5107 dies
3111 5037 3308 5107 festus,
3343 5039 3430 5104 qui
3461 5053 3545 5090 est
3581 5037 3854 5092 vicesimus

2318 5104 2547 5177 quintus
2572 5104 2770 5177 adesto
2807 5104 3068 5177 Pas_c_hali.
3111 5105 3234 5172 Ejus
3265 5105 3384 5160 festi
3414 5115 3609 5174 prater
3643 5117 3853 5161 ceteros

2317 5173 2560 5232 meminit
2599 5175 2836 5228 Joannes
2884 5173 3292 5242 Clirysostomus
3354 5173 3424 5228 in'
3452 5177 3670 5229 bomilia
3723 5177 3758 5229 5
3800 5180 3853 5225 de

2314 5249 2490 5298 Anna.
3415 5253 3422 5261 ‘

2333 5356 2340 5364 .
2384 5316 2488 5385 (65)
2516 5311 2844 5385 Κωκυτοὺς,
2891 5309 3108 5385 φωνάς.
3141 5311 3335 5385 Ultima
3367 5313 3851 5385 voxdelendaest,

2316 5380 2526 5438 tametsi
2581 5385 2631 5434 in
2666 5381 2909 5434 omnibus
2962 5380 3110 5432 libris
3158 5384 3354 5434 nostris
3405 5382 3691 5435 habeatur.
3745 5380 3851 5433 Ilo:

2313 5451 2653 5505 scribendum
2685 5460 2766 5500 est
2801 5450 2888 5499 τὸν
2933 5449 3220 5519 εὐεργέτην
3265 5450 3643 5508 ἐπεκαλοῦντο,
3675 5466 3741 5503 ex
3768 5465 3847 5502 co-

2314 5523 2428 5573 dice
2456 5520 2589 5573 Fuk.
2621 5519 2673 5569 lu
2702 5519 2909 5586 schedis
2938 5519 3116 5584 Regiis
3145 5519 3334 5586 legitur
3359 5519 3752 5572 ἀπεκαλοῦντο.

2383 5590 2491 5660 (66)
2521 5589 2671 5660 Vulg.
2715 5585 2969 5660 ἑκάστου
3012 5605 3074 5660 τε
3114 5585 3743 5660 πέκθοςᾉδςτίὺεηιιυιῐι
3781 5594 3851 5638 est

2313 5656 2490 5726 procul
2535 5659 2694 5710 dubio
2744 5656 2967 5708 ἐκάστου
3019 5659 3077 5708 τὸ
3106 5657 3305 5726 πένθος
3338 5656 3467 5707 ίδιον
3518 5657 3848 5726 ποιουμένουἷ

2310 5723 2384 5780 De
2433 5729 2640 5794 publico
2688 5727 2922 5778 omnium
2974 5726 3116 5780 luctu
3171 5727 3222 5778 in
3287 5725 3472 5794 funere
3517 5723 3849 5778 Constantini

2310 5793 2482 5858 Magni
2518 5797 2654 5849 idem
2714 5802 2942 5849 testatur
2979 5795 3228 5850 Aurelius
3281 5793 3466 5848 Victor
3513 5795 3601 5848 his
3633 5795 3849 5848 verbis:
