3966 6264
475 456 3780 514 Ἥ

803 504 1263 514 ._______-

1526 692 2813 901 ΕΥΣΕΒΙΟΥ

1720 1006 1945 1093 ΤΟΥ
2018 998 2621 1095 ΠΑΜΦΙΛΟΥ

986 1196 2494 1332 ΕΚΚΑΗΣΙΑΣΤΙΚΗΣ
2573 1192 3351 1335 ΙΣΤΟΡΙΑΣ

1665 1437 2181 1560 ΒΙΒΛΙΑ
2235 1446 2678 1563 ΔΕΚΑ.

1288 1844 2043 2007 EUSEBII
2150 1842 3061 2003 PAMPHILI

1083 2140 2353 2273 ECCLESIASTICE
2464 2138 3269 2270 HISTOBI/E

97 2370 171 2455 ἐ
1790 2399 2115 2487 LIBRI
2178 2397 2570 2488 DECEM

490 2601 879 2665 Henricus
934 2601 1255 2661 Van:st
1283 2598 1572 2660 Graecum
1606 2600 1847 2655 textum
1884 2589 2130 2653 collatis
2162 2595 2438 2669 quatuor
2488 2605 2643 2650 mss.
2689 2588 3021 2653 codicibus
3082 2590 3484 2663 emendant,
3536 2578 3753 2653 Latine

1568 2701 1754 2764 vertit
1788 2707 1846 2762 et
1877 2696 2388 2759 adnotationibus
2414 2695 2781 2760 illustravit.

1950 2863 2036 2912 Ed.
2069 2858 2224 2912 Paris.
2254 2858 2415 2923 1659.)

22 3056 97 3181 ti:

16 3240 41 3253 η·
1345 3193 1939 3286 EPIS'I‘OLA
2013 3187 3010 3294 NUNCUPATORIA.

649 3407 1211 3461 mvs'rmssnus
1264 3409 1342 3450 nr
1381 3404 1949 3452 REVERENDISSIMIS
1992 3404 2541 3469 Aacammscoms,
2589 3414 2896 3460 EPISCOPIS
2938 3415 3019 3461 ει·
3064 3410 3374 3466 amvnnso
3429 3410 3631 3468 ειιειισ

1818 3514 2125 3558 ECCLESIE
2151 3516 2187 3557 G
2198 3516 2407 3558 ALLICA
2417 3517 2534 3560 NE.

2 3624 123 3705 ἱ,

583 3710 756 3770 Post
797 3716 904 3768 tot
944 3706 1303 3767 Grecorum
1335 3703 1595 3764 Patrum
1633 3702 1931 3764 editiones
1974 3724 2106 3783 θυαε
2130 3707 2351 3767 vestris
2387 3706 2696 3785 auspiciis
2741 3709 2805 3770 in
2840 3709 3033 3772 lucem
3067 3712 3359 3777 hactenus
3386 3720 3796 3797 prodierunt,

510 3811 577 3869 id
612 3828 831 3869 unum
868 3805 1079 3865 adhuc
1108 3804 1417 3876 restabat,
1470 3804 1890 3864 illustrissimi
1923 3806 2248 3869 Antistites
2273 3852 2289 3878 ,
2324 3815 2393 3867 ut
2429 3808 2686 3870 Eusebii
2736 3811 3136 3876 Casariensis
3182 3818 3628 3884 Ecclesiaslica
3680 3826 3804 3885 Hi-

524 3914 730 3973 storia
786 3910 1001 3969 multo
1059 3928 1239 3988 quam
1289 3909 1545 3970 antehac
1591 3907 1969 3969 emendatior
2019 3929 2091 3969 ac
2137 3912 2392 3988 purior,
2424 3912 2535 3972 sub
2567 3916 3054 3977 vestrinominis
3114 3920 3304 3981 titulo
3338 3941 3407 3982 ac
3438 3927 3800 4002 patrocinio

534 4017 883 4080 catholicis
915 4014 1269 4074 hominibus
1302 4011 1669 4073 donaretur.
1704 4012 1781 4073 Id
1812 4015 1970 4074 enim
2005 4014 2328 4087 Ecclesiae,
2366 4017 2545 4094 cujus
2575 4019 2914 4078 commodis
2945 4020 3192 4081 assidue
3223 4026 3582 4099 consulitis,
3619 4030 3805 4091 utilia

542 4132 670 4189 tas;
705 4118 773 4179 id
811 4117 1206 4177 eruditorum
1229 4117 1499 4177 omnium
1526 4126 1703 4184 cata;
1736 4115 1803 4176 id
1830 4124 2143 4193 postremo
2169 4116 2476 4177 Eusebius
2509 4117 2639 4193 ipse
2660 4136 2772 4178 suo
2800 4117 3060 4196 quodam
3076 4121 3256 4201 jure,
3291 4143 3325 4181 a
3350 4126 3525 4185 vobis
3551 4146 3806 4204 poscere

547 4222 955 4282 videbantur.
997 4217 1179 4292 Nam,
1216 4226 1282 4276 ut
1320 4216 1389 4277 de
1416 4215 1696 4277 Ecclesia
1725 4218 1932 4295 primo
1973 4216 2107 4275 loco
2141 4216 2361 4289 dicam,
2403 4216 2557 4296 quid
2588 4214 2669 4277 ad
2706 4217 2946 4279 laudem
2982 4222 3110 4301 ejus
3155 4222 3515 4301 illustrius,
3549 4229 3698 4307 quid
3725 4231 3808 4292 ad

552 4327 966 4407 defensionem
996 4325 1254 4402 fortius,
1288 4321 1441 4401 quid
1465 4320 1544 4380 ad
1572 4322 2091 4401 propagationem
2124 4321 2372 4394 utilius,
2399 4321 2550 4401 quid
2572 4320 2652 4382 ad
2683 4336 2925 4383 morum
2955 4344 3026 4385 ac
3051 4326 3404 4406 disciplinae
3434 4333 3807 4408 gravitatem

551 4428 1003 4492 restituendam
1061 4430 1270 4506 aptius
1316 4428 1599 4506 proferri
1646 4435 1851 4505 potest
1900 4444 2081 4506 quam
2129 4426 2403 4487 historia
2447 4445 2654 4487 rerum
2699 4427 3307 4492 ecclesiasticarum?
3354 4433 3671 4507 Jam‘vero
3726 4437 3809 4498 ad

552 4533 1009 4597 conrincendos
1059 4532 1379 4593 haereticos
1423 4530 1628 4604 nihil,
1674 4550 1800 4589 meo
1850 4529 2093 4609 quidem
2120 4529 2367 4609 judicio
2394 4573 2410 4602 ,
2448 4531 2765 4611 efﬁcacius
2795 4541 2879 4591 est
2914 4540 3094 4613 atque
3130 4535 3447 4612 potentius
3477 4554 3659 4617 quam
3689 4540 3806 4602 hoc

553 4661 745 4719 genus
776 4639 1169 4718 scriptionis.
1222 4638 1469 4716 Quippe
1512 4637 1828 4696 hominum
1872 4636 2067 4695 animi
2111 4636 2655 4712 disputationibus
2716 4656 2783 4697 ac
2831 4637 3276 4700 ratiocinando
3333 4659 3491 4719 a'gre
3533 4652 3594 4703 se
3638 4644 3807 4704 vinci

555 4738 919 4823 patiuntur.
949 4742 1030 4802 Et
1067 4742 1308 4821 quoties
1341 4742 1713 4801 constrictos
1756 4758 1816 4799 sc
1864 4738 2113 4811 vident,
2146 4758 2254 4799 nec
2311 4739 2529 4800 habent
2561 4740 2729 4818 quod
2759 4740 3195 4819 respondeant,
3231 4756 3357 4803 non
3394 4753 3517 4805 tam
3547 4746 3809 4808 veritati

561 4847 626 4906 id
675 4848 997 4907 ascribunt
1051 4864 1230 4925 quam
1282 4844 1785 4905 adversariorum
1839 4844 1907 4904 in
1965 4843 2345 4916 disputando
2399 4844 2745 4904 subtilitati
2787 4864 2856 4905 ac
2908 4847 3213 4907 versutior.
3269 4848 3443 4909 Certe
3498 4847 3805 4913 diuturno

558 4953 978 5032 experimento
1039 4950 1504 5028 comprobatum
1559 4959 1667 5016 est,
1720 4964 1826 5008 seu
1879 4949 2139 5025 scriptis
2188 4967 2291 5006 seu
2344 4949 2482 5007 vita
2527 4966 2671 5007 voce
2714 4948 2898 5009 editis
2947 4947 3489 5025 disputationibus
3553 4953 3808 5015 accendi

556 5060 773 5135 potius
804 5056 1235 5116 Iucreticorum
1281 5058 1522 5115 animos
1575 5073 1755 5134 quam
1794 5056 2032 5114 sanari.
2068 5053 2359 5114 Historia
2403 5072 2544 5113 vero
2586 5071 2796 5113 rerum
2827 5052 3420 5128 ecclesiasticarum,
3464 5076 3601 5117 cum
3631 5076 3694 5118 se
3742 5061 3809 5118 in

558 5166 800 5221 animos
837 5160 1163 5239 legentium
1193 5160 1512 5239 placidius
1543 5159 1856 5230 insinuet,
1900 5158 2085 5235 longe
2112 5156 2462 5237 faciliorem
2507 5155 2578 5217 de
2610 5158 2690 5216 iis
2722 5157 3059 5218 victoriam
3090 5160 3302 5239 refert.
3338 5158 3494 5236 Quis
3522 5169 3607 5221 est
3652 5161 3811 5220 enim

560 5286 639 5327 ex
687 5265 944 5326 dicersce
990 5265 1286 5343 factionis
1339 5263 1729 5333 hominibus,
1782 5263 2062 5341 quicum
2100 5260 2576 5322 ecclesiasticam
2624 5239 2958 5320 historiam
3007 5268 3236 5322 attente
3272 5263 3645 5341 perlegerit,
3684 5280 3809 5324 non

556 5372 771 5431 statim
808 5370 1053 5449 pudore
1090 5369 1398 5450 suffusus,
1460 5386 1728 5427 errorem
1759 5386 1935 5425 suum
1972 5366 2108 5427 illic
2152 5364 2509 5424 damnatum
2547 5372 2895 5441 agnoscat,
2954 5383 3133 5444 seque
3178 5366 3346 5426 velut
3395 5366 3728 5428 membrum
3774 5386 3813 5425 a

556 5472 801 5550 reliquo
850 5489 1117 5548 corpore
1160 5471 1487 5547 pra'cisum
1545 5468 1787 5548 defleat.
1832 5468 2077 5545 Etenim
2127 5489 2263 5530 cum
2305 5467 2721 5527 ecclesiastica
2770 5466 3045 5526 historia
3089 5467 3251 5527 nihil
3281 5467 3459 5526 aliud
3500 5470 3811 5528 'contineat

557 5591 738 5651 quam
795 5571 1296 5649 apostolicarum
1341 5570 1575 5629 sedium
1612 5576 1972 5646 perpetuam
2020 5571 2495 5641 successionem,
2530 5554 2969 5645 episcoporum
3015 5566 3135 5629 sibi
3182 5568 3443 5628 invicem
3493 5567 3818 5627 succeden-

555 5678 711 5736 tium
742 5676 963 5737 seriem
989 5722 1003 5741 ,
1036 5674 1315 5734 illustria
1346 5673 1603 5753 denique
1634 5674 1960 5733 doctorum
2006 5682 2059 5733 et
2098 5681 2442 5751 martyrum
2482 5690 2601 5749 pro
2648 5672 2885 5749 pietate
2920 5673 3255 5732 certamina
3280 5692 3301 5731 :
3352 5689 3428 5731 ex
3481 5670 3709 5748 quibus
3752 5670 3818 5733 hi

552 5784 801 5861 quidem
840 5781 1125 5861 furorem
1154 5778 1481 5854 gentilium
1512 5778 1858 5838 tolerantia
1890 5797 2013 5839 sua
2037 5776 2423 5857 fortitudine
2463 5786 2845 5854 superarunt
2878 5799 2895 5845 ι
2938 5775 3039 5837 illi
3070 5794 3212 5837 vero
3242 5776 3673 5837 hmreticorum
3705 5776 3817 5855 qui

893 5886 1166 5945 ΡΑτιιοι..
1202 5884 1316 5941 Gn.
1381 5884 1426 5941 Χ
1445 5884 1524 5942 Χ.

3383 5876 3410 5942 1

6 4556 153 4899 ξς»
