3966 6264
371 355 434 413 ει
1354 342 1628 403 mus“
1667 340 2005 397 EPISTOLA
2041 335 2603 397 NUNCUPATORIA.
3543 334 3610 389 ιε

366 476 665 543 adversus
693 468 1036 537 Ecclesium
1088 463 1569 532 insurrexerant
1613 482 1905 546 perversa
1937 461 2229 540 dogmata
2266 459 2526 539 scriptis
2548 455 2680 518 suis
2709 457 3190 538 confutaverunt
3209 476 3230 519 :
3260 470 3612 538 quicunque

367 603 446 647 ex
474 580 782 645 hareticis
816 576 897 637 ad
925 575 1113 655 hujus
1142 572 1425 634 historia
1474 568 1795 630 lectionem
1838 564 2054 627 oculos
2102 575 2287 644 atque
2327 565 2602 624 animum
2652 559 3026 633 intenderit,
3070 564 3348 641 fateatur
3375 575 3612 619 necesse

367 694 455 749 est
486 707 546 747 se
573 684 649 747 ab
683 681 796 743 illa
829 677 1263 770 apostolorum
1307 675 1692 734 successione
1714 716 1731 745 ,
1763 669 1837 730 ab
1876 669 1991 731 illo
2027 668 2356 729 docto-rum
2393 674 2448 727 et
2480 673 2828 746 martyrum
2857 684 3061 746 grege,
3096 666 3171 729 ab
3206 665 3321 727 illa
3351 663 3613 744 denique

368 793 806 872 episcoporum
854 782 1282 844 communione
1317 795 1587 858 prorsus
1618 775 1890 835 alienum
1923 792 2065 835 esse.
2100 772 2347 851 Quippe
2378 774 2450 832 ab
2486 769 2703 831 iisdem
2740 771 2873 833 illis
2914 771 3350 850 apostolorum
3377 788 3614 831 succes-

368 871 641 963 soribus,
681 889 791 970 qui
828 884 1063 947 easdem
1091 883 1292 943 adhuc
1323 881 1491 940 sedes
1542 888 1597 939 et
1628 876 1952 938 cathedras
1993 876 2267 937 obtinent
2300 874 2365 935 in
2413 874 2638 954 quibus
2671 874 2820 935 olim
2864 874 3141 948 apostoli
3175 875 3498 945 sederunt,
3538 871 3610 934 ab

369 1001 502 1062 illis
533 1000 690 1075 ipsis
721 995 830 1074 qui
874 989 1267 1053 Novatianos
1298 995 1351 1046 et
1385 984 1747 1045 Donatistas
1774 990 1829 1042 et
1871 981 2224 1041 Artemonis
2257 987 2592 1039 sectatores
2622 976 3136 1052 condemnarunt,
3169 996 3346 1039 suum
3375 995 3615 1057 quoque

368 1117 639 1163 errorem
668 1093 816 1173 pari
841 1089 1145 1151 sententia
1173 1083 1643 1145 condemnatum
1674 1078 2062 1158 intelligunt.
2097 1076 2338 1138 Pudeat
2372 1077 2572 1156 igitur
2612 1077 2758 1139 illos
2790 1086 3034 1156 oportet
3062 1079 3299 1141 erroris
3331 1095 3403 1137 ac
3431 1078 3614 1139 novi-

368 1207 520 1267 tatis
551 1218 676 1262 sua
700 1243 717 1273 ,
773 1197 1257 1276 quotiescunque
1286 1194 1353 1253 in
1381 1188 1652 1251 historia
1685 1186 2099 1247 ecclesiastica
2136 1193 2427 1263 tanquam
2464 1186 2529 1244 in
2554 1183 2803 1264 speculo
2854 1184 3615 1263 veritatem'conspiciunt

366 1317 422 1368 et
455 1302 893 1383 antiquitatem
917 1343 934 1370 ,
973 1296 1331 1373 dogmatum
1359 1308 1618 1351 suorum
1669 1287 1876 1350 errori
1914 1285 2308 1363 novitatique
2335 1292 2805 1364 repugnantem.
2841 1288 3038 1363 Atque
3064 1283 3190 1346 hac
3219 1284 3417 1345 obiter
3447 1283 3615 1344 dicta

369 1410 496 1469 sint
535 1403 607 1465 de
642 1401 1067 1464 ecclesiastica
1098 1391 1390 1485 historia
1419 1389 1736 1467 pracipua
1785 1384 2100 1455 utilitate,
2135 1385 2314 1465 cujus
2359 1385 2754 1463 potissimum
2804 1403 2990 1446 causa
3013 1430 3031 1459 ,
3064 1404 3237 1446 nava
3262 1385 3449 1465 hujus
3486 1384 3614 1446 edi.

367 1512 567 1574 tionis
602 1507 755 1567 mihi
793 1524 831 1566 a
860 1501 1034 1562 vobis
1069 1516 1222 1560 cura
1254 1493 1545 1555 mandata
1578 1499 1688 1551 est.
1719 1485 1842 1551 Nec
1873 1505 2015 1549 vero
2044 1482 2248 1547 Solum
2282 1478 2576 1548 Ecclesia
2605 1487 2966 1561 commodis,
3007 1484 3113 1546 sed
3143 1494 3197 1546 et
3228 1485 3617 1547 eruditorum

371 1611 645 1674 omnium
685 1604 849 1665 votis
888 1601 1001 1663 hac
1057 1596 1328 1658 editione
1373 1590 1817 1662 consuluistis,
1853 1604 2114 1667 quorum
2148 1586 2438 1665 plerique
2482 1586 2720 1664 partim
2765 1586 2971 1648 Graci
3015 1593 3346 1647 contextus
3381 1584 3618 1646 mendis

372 1733 442 1774 ac
470 1710 669 1779 vitiis,
714 1704 949 1785 partim
982 1699 1356 1761 Latinorum
1390 1696 1797 1772 interpretum
1825 1688 2148 1749 erroribus
2172 1732 2189 1761 ,
2224 1687 2296 1749 ab
2333 1688 2591 1750 Eusebii
2620 1688 2829 1749 nostri
2860 1686 3123 1751 lectione
3177 1687 3471 1748 hactenus
3519 1686 3619 1747 de-

368 1815 788 1881 eerrebantur.
823 1810 910 1870 Ac
960 1803 1204 1883 nequis
1233 1802 1400 1882 forte
1444 1794 1790 1859 minuenda
1838 1791 2113 1852 aliorum
2148 1790 2407 1869 gloria,
2461 1792 2695 1872 meique
2734 1792 2940 1870 operis
2968 1789 3361 1870 pradicandi
3393 1809 3617 1861 causa,

376 1917 549 1980 istud
578 1935 615 1975 a
660 1932 750 1973 me
782 1910 1017 1970 dictum
1064 1910 1245 1983 putet
1274 1940 1291 1973 ,
1329 1897 1678 1959 doctissimi
1706 1895 1973 1955 hominis
2007 1892 2430 1953 testimonium
2468 1891 2568 1952 hic
2605 1909 2914 1969 apponam
2936 1935 2952 1965 ,
2983 1892 3093 1971 qui
3124 1900 3266 1951 ante
3295 1889 3407 1950 hos
3439 1898 3622 1950 octo-

370 2024 552 2104 ginta
580 2035 774 2079 annos
805 2012 963 2076 idem
996 2007 1068 2069 de
1099 2005 1314 2069 Graca
1363 2002 1623 2064 Eusebii
1668 1999 1938 2061 editione
1991 1996 2182 2075 deque
2214 1995 2462 2056 Latinis
2510 1996 2957 2074 interpretibus
2985 1994 3300 2076 judicium
3347 1994 3521 2055 tulit.
3557 1994 3623 2055 Is

374 2098 462 2186 est
488 2124 761 2183 Joannes
790 2112 1158 2184 Curterius,
1191 2108 1304 2189 qui
1345 2109 1412 2167 in
1460 2103 1724 2182 epistola
1765 2120 1945 2183 quam
1971 2098 2324 2161 Parisiensi
2354 2098 2621 2160 editioni
2649 2099 2925 2179 praﬁxit
2951 2140 2968 2172 ,
3000 2099 3301 2157 Joannem
3342 2098 3622 2176 Rupe/u-

376 2226 648 2288 raldium
679 2216 1032 2300 alloquitur
1060 2217 1159 2277 his
1188 2211 1392 2273 verbis
1427 2230 1449 2270 :
1478 2232 1509 2266 α
1540 2209 1617 2270 Si
1655 2207 1720 2268 in
1753 2207 1935 2267 istam
1964 2205 2326 2268 Gracorum
2367 2202 2650 2264 historia
2681 2201 3104 2262 ecclesiastica
3129 2209 3458 2260 auctorum
3493 2200 3625 2259 edi-

374 2331 606 2388 tionem
636 2326 986 2384 intueamur
1011 2357 1027 2386 ,
1077 2310 1231 2394 quid
1278 2329 1346 2369 ea
1397 2323 1671 2386 unquam
1716 2303 1949 2365 editum
1980 2302 2429 2382 depravatius?
2466 2298 2543 2359 Id
2585 2317 2691 2377 ego
2727 2318 2883 2377 sape
2930 2308 3071 2360 ante
3113 2317 3308 2359 annos
3345 2318 3478 2371 sex,
3514 2298 3629 2379 qui

373 2431 595 2492 Graca
623 2425 753 2503 ejus
788 2419 1046 2480 lectione
1078 2413 1415 2475 delectarer
1443 2452 1459 2480 ,
1500 2426 1638 2469 cum
1668 2424 1851 2466 essem
1883 2412 2179 2483 expertus
2201 2448 2218 2477 ,
2251 2410 2306 2463 et
2358 2402 2659 2476 Rufinum
2700 2403 2881 2483 cujus
2915 2410 3185 2480 tempore
3228 2398 3502 2473 nondum
3534 2399 3624 2458 ita

375 2499 683 2603 corrupta
709 2524 905 2606 fuisse
959 2517 1345 2596 exemplaria
1391 2513 1685 2575 credatur
1718 2508 1948 2592 facile,
2003 2507 2363 2569 Musculum
2399 2505 2658 2586 denique
2702 2506 2906 2584 ipsum
2950 2505 3018 2564 in
3062 2503 3394 2565 consilium
3444 2499 3626 2561 adhi-

374 2632 659 2705 buissem,
693 2600 936 2688 tantum
965 2628 1134 2685 abest
1167 2631 1235 2681 ut
1271 2636 1484 2679 eorum
1518 2612 1915 2677 versionibus
1952 2613 2066 2675 sim
2098 2611 2354 2693 adjutus
2379 2653 2397 2682 ,
2431 2620 2500 2669 ut
2541 2607 2722 2669 illum
2754 2605 2943 2685 (quod
2975 2606 3194 2667 merito
3226 2600 3622 2684 reprehendit

377 2733 818 2814 Hieronymus)
855 2731 920 2792 in
950 2726 1219 2789 Eusebio
1251 2718 1563 2785 reddendo
1597 2738 1824 2799 parum
1856 2720 2092 2795 integre
2120 2734 2182 2775 se
2206 2711 2614 2794 prastitisse:
2645 2719 2699 2771 et
2732 2709 2895 2770 hunc
2926 2726 3051 2768 nan
3077 2714 3320 2767 tantum
3346 2703 3624 2775 mendosi

378 2840 751 2923 exemplaris
784 2834 985 2900 Graci
1016 2832 1108 2892 vel
1137 2831 1292 2891 leves
1323 2843 1565 2886 errores
1595 2841 1723 2884 non
1758 2818 2288 2886 animadvertisse,
2322 2816 2429 2877 sed
2459 2832 2606 2875 suos
2638 2813 2704 2874 in
2753 2812 3095 2873 versionem
3125 2811 3434 2890 inﬁnitos,
3472 2827 3625 2889 par-

378 2950 487 3008 tim
521 2909 797 3023 ignavia,
829 2937 1063 3017 partim
1094 2931 1165 2992 de
1210 2926 1557 3007 industria,
1601 2931 1669 2984 ut
1703 2922 1836 2983 suis
1865 2917 2156 2998 partibus
2199 2918 2476 2998 faveret,
2522 2913 2828 2973 invexisse
2872 2909 3394 2991 deprehenderim.
3457 2931 3487 2967 »
3544 2910 3623 2968 Et

374 3009 574 3128 paul;
622 3009 878 3121 post-de
931 3028 1492 3111 Christophorsoni
1540 3021 2059 3103 interpretatione
2108 3019 2199 3079 ita
2244 3013 2675 3097 pronuntiat:
2724 3036 2752 3069 α
2789 3012 2945 3092 Ejus
2984 3011 3136 3073 libri
3169 3009 3623 3071 emendationes

382 3111 653 3207 utilitati
680 3139 947 3221 publica
979 3132 1202 3197 tandiu
1240 3149 1368 3191 nan
1396 3126 1798 3198 invidissem,
1844 3121 1973 3181 nisi
2015 3120 2389 3199 promissam
2436 3112 3000 3193 Christophorsonl
3049 3111 3627 3189 interpretationem

380 3249 565 3309 etiam
595 3239 1068 3323 exspectandam
1101 3235 1489 3297 censuissem.
1546 3226 1883 3308 Sperabam
1933 3224 2092 3284 enim
2124 3221 2273 3302 quia
2316 3220 2460 3281 bene
2496 3217 2746 3280 doctum
2791 3216 3096 3278 hominem
3142 3223 3196 3274 et
3249 3210 3623 3274 catholicum

383 3368 545 3420 esse,
580 3319 796 3406 deinde
838 3343 1016 3405 bonis
1069 3334 1528 3415 exemplaribus
1576 3331 1860 3410 adjutum
1904 3326 2100 3407 fuisse
2145 3323 2471 3385 audiebam
2499 3367 2516 3396 ,
2556 3341 2683 3384 non
2711 3319 3078 3402 praclarum
3126 3319 3308 3378 modo
3344 3324 3398 3376 et
3429 3325 3627 3375 tutam

383 3453 723 3514 versionem
772 3444 1045 3523 aliquam
1082 3439 1470 3508 emissurum,
1498 3433 1603 3495 sed
1635 3434 1698 3493 in
1726 3427 2039 3510 publicati
2087 3424 2322 3487 codicis
2355 3425 2562 3488 Gravi
2612 3422 3088 3484 emendationem
3135 3416 3329 3500 (quod
3369 3402 3520 3478 solet
3552 3410 3627 3474 ab

383 3547 828 3630 interpretibus
864 3542 1146 3604 omnibus
1174 3557 1303 3599 non
1352 3533 1581 3615 omitti)
1618 3533 1942 3594 variarum
1986 3529 2323 3590 lectionum
2371 3538 2424 3587 et
2481 3524 2939 3587 eorrectionum
2982 3519 3418 3583 adnotationes
3453 3519 3625 3598 adje-

385 3621 656 3722 cturum.
719 3655 934 3716 Verum
987 3648 1170 3727 longe
1215 3645 1406 3704 aliter
1446 3640 1678 3703 accidit
1709 3645 1894 3718 atque
1926 3634 2379 3714 exspectabam.
2431 3629 2753 3712 Siquidem
2790 3636 2859 3688 ut
2906 3627 2978 3688 de
3027 3627 3156 3706 ejus
3201 3624 3469 3686 editione
3512 3621 3629 3683 hoc

387 3764 588 3822 solum
612 3774 776 3817 nunc
808 3755 1012 3815 dicam
1035 3795 1050 3821 ,
1088 3747 1258 3830 quod
1284 3749 1456 3827 piam
1492 3743 1738 3826 quidem
1786 3752 1841 3804 et
1883 3739 2258 3803 catholicam
2285 3779 2304 3812 ,
2338 3735 2442 3797 sed
2473 3734 2825 3796 inchoatam
2863 3731 3081 3810 potius
3121 3746 3304 3810 quam
3351 3734 3629 3787 exactam

387 3874 496 3924 aut
527 3862 863 3941 perfectam
896 3853 1113 3915 multis
1147 3847 1505 3911 rationibus
1539 3844 1710 3907 credi
1758 3861 1880 3922 par
1915 3849 2042 3903 est:
2089 3840 2180 3901 sic
2219 3837 2549 3899 meliorum
2577 3833 2862 3896 codicum
2893 3831 3119 3912 quibus
3158 3832 3291 3910 ipse
3319 3846 3471 3890 usus
3502 3834 3631 3902 est,

390 3968 684 4043 exiguum
717 3969 822 4022 aut
854 3962 982 4040 fere
1028 3955 1274 4017 nullum
1303 3954 1585 4032 fructum
1615 3948 1696 4008 ad
1723 3949 1952 4009 multos
1992 3943 2197 4006 redire
2218 3940 2423 4015 video,
2458 3958 2595 4001 eum
2635 3945 2934 4018 quantum
2971 3954 3069 3997 eos
3101 3942 3348 3997 secutus
3377 3930 3473 3992 vel
3497 3933 3633 3991 im-

388 4074 647 4132 mutarit
691 4066 782 4128 rel
811 4062 1153 4132 addiderit,
1187 4060 1322 4119 suis
1358 4056 1536 4126 locis,
1569 4064 1636 4113 ut
1673 4051 1878 4113 decuit
1903 4093 1920 4122 ,
1953 4051 2080 4110 sive.
2110 4047 2190 4109 ad
2240 4046 2606 4109 Gracorum
2642 4039 3137 4107 restitutionem,
3170 4038 3297 4098 sive
3342 4036 3426 4095 ad
3451 4036 3630 4115 fidem

391 4172 664 4233 versioni
693 4187 818 4229 sua
847 4177 898 4226 et
930 4160 1369 4223 auctoritatem
1414 4147 1932 4231 comparandam,
1963 4163 2091 4206 non
2118 4146 2466 4206 admoneat.
2504 4163 2532 4199 n
2572 4139 2794 4201 Petrus
2824 4154 3066 4216 quoque
3089 4133 3461 4194 Halloixius
3482 4176 3498 4202 ,
3532 4131 3633 4191 vir

388 4273 453 4335 in
483 4270 706 4350 primis
737 4263 1017 4327 eruditus
1073 4277 1145 4317 ac
1194 4254 1496 4331 diligens,
1533 4230 1598 4310 in
1630 4259 1791 4309 tomo
1841 4246 1907 4306 ll
1932 4291 1948 4314 .
1986 4262 2105 4324 quo
2145 4241 2493 4302 illustrium
2534 4233 2875 4298 Orientalis
2918 4231 3213 4291 Ecclesia
3253 4230 3634 4307 scriptorum

389 4329 562 4439 Vitas
597 4367 953 4447 complexus
987 4369 1096 4430 est,
1142 4358 1205 4416 in
1235 4329 1667 4415 natationibus
1717 4348 1797 4407 ad
1854 4348 2046 4407 Vitam
2086 4345 2152 4405 S.
2203 4340 2586 4419 Hegesippi,
2634 4354 2774 4414 cap.
2820 4336 2884 4406 3,
2937 4335 3008 4393 de
3049 4332 3314 4391 Joannis
3347 4329 3634 4392 Christo-

385 4473 691 4561 pharsoni
735 4470 1015 4531 versione
1064 4461 1219 4522 idem
1272 4456 1439 4539 quod
1468 4454 1798 4517 Curterius
1850 4450 2035 4511 sentit
2091 4467 2108 4508 :
2157 4470 2185 4504 α
2243 4445 2371 4506 Uno
2425 4441 2653 4513 verba,
2701 4437 2954 4517 inquit,
2990 4455 3194 4497 omnes
3226 4438 3352 4516 fere
3395 4456 3637 4496 errores

388 4535 971 4651 E'hristophorsani,
1004 4560 1112 4641 qui
1149 4564 1291 4617 sunt
1320 4572 1447 4613 non
1472 4552 1668 4632 pauci
1696 4595 1712 4624 ,
1747 4548 2057 4610 adharent
2105 4547 2282 4607 etiam
2325 4541 2601 4602 Baronio
2626 4581 2643 4613 ,
2695 4556 2829 4598 cum
2866 4535 2996 4614 ejus
3026 4553 3260 4613 semper
3291 4544 3513 4596 utatur
3570 4554 3637 4594 in

389 4680 640 4746 citando
674 4671 939 4736 Eusebio
974 4664 1272 4728 versione.
1305 4661 1407 4720 Ita
1468 4658 1559 4735 ﬁt,
1601 4665 1674 4716 ut
1702 4654 1851 4715 aliis
1880 4654 2043 4713 alios
2073 4646 2462 4730 sequentibus
2491 4690 2506 4717 ,
2536 4661 2644 4703 nec
2682 4643 2883 4720 fontes
2935 4634 3182 4696 Gracos
3218 4636 3639 4695 examinanti-

390 4783 525 4854 bus,
556 4778 752 4860 primi
780 4772 1053 4853 alicujus
1087 4762 1449 4845 interpretis
1478 4777 1721 4823 errores
1750 4758 1830 4818 ad
1866 4753 2361 4838 quamplurimas
2396 4748 2738 4828 scriptores
2760 4788 2779 4819 ,
2818 4743 2929 4822 qui
2958 4738 3095 4800 sola
3121 4739 3420 4799 nituntur
3450 4739 3637 4816 prio.

391 4903 528 4947 rum
557 4882 956 4947 auctoritate,
990 4875 1052 4934 in
1085 4874 1441 4932 immensum
1472 4861 1941 4944 diffundantur.
1974 4859 2078 4919 Ex
2111 4874 2232 4935 quo
2267 4853 2485 4923 etiam,
2517 4857 2751 4930 quanta
2779 4846 2865 4906 sit
2896 4843 3132 4922 lingua
3180 4839 3407 4902 Graca
3435 4847 3645 4899 neces)

388 4993 570 5055 sitas,
607 4988 673 5046 in
693 4990 992 5063 promptu
1023 4987 1108 5037 est
1138 4990 1596 5054 cognoscere.»
1631 4968 1801 5028 Idem
1831 4967 1899 5028 in
1940 4963 2146 5025 eodem
2181 4959 2424 5038 capite,
2453 4972 2600 5036 pag.
2633 4953 2750 5013 731
2774 4994 2790 5025 ,
2831 4949 2922 5009 ait
2954 4967 3016 5007 se
3054 4945 3313 5008 libenter
3341 4943 3642 5004 adnotare

394 5104 636 5149 errores
669 5083 774 5164 qui
807 5084 1148 5141 accurrunt
1179 5077 1245 5134 in
1275 5072 1554 5132 versione
1584 5060 2171 5142 Christophorsoni,
2202 5076 2278 5119 ne
2308 5057 2438 5137 ejus
2467 5053 2746 5114 versione
2776 5049 3033 5109 lectores
3060 5050 3126 5109 in
3157 5064 3426 5108 errorem
3457 5045 3641 5105 indu-

392 5200 640 5253 cantur.
675 5143 760 5247 λε
790 5182 1019 5244 malum
1052 5176 1295 5259 quidem
1324 5176 1528 5255 ipsum
1555 5216 1571 5245 ,
1606 5177 1675 5231 ut
1717 5166 1944 5229 videtis
1969 5209 1986 5237 ,
2029 5161 2215 5224 multi
2245 5156 2815 5220 animadverterunt
2843 5195 2859 5225 ,
2893 5148 3297 5225 damnumque
3327 5143 3495 5206 illud
3521 5162 3647 5223 pu-

393 5294 619 5357 blicum
649 5287 960 5359 dolebant,
993 5248 1160 5364 quod
1187 5290 1312 5341 tam
1343 5248 1529 5338 utiles
1565 5271 1967 5353 antiquitatis
2001 5265 2433 5329 ecclesiastica
2462 5260 2654 5330 libri,
2689 5265 2744 5316 et
2783 5251 3183 5316 scribentium
3225 5261 3277 5309 et
3326 5248 3642 5325 interpre-

394 5409 526 5462 tum
558 5394 743 5472 eulpa
772 5410 843 5451 ac
871 5349 1249 5467 negligentia
1280 5379 1432 5441 adeo
1464 5349 1796 5456 depravati
1832 5374 2208 5449 legerentur.
2242 5364 2517 5443 Quidam
2545 5362 2728 5423 etiam
2755 5376 2873 5437 pro
2902 5354 3083 5416 virili
3110 5360 3292 5431 parte
3313 5349 3644 5412 remedium

395 5449 525 5462 ...-.-
948 5449 974 5467 ,,
1042 5449 1069 5465 ,,
1539 5449 1556 5456 _

395 5498 681 5560 adhibere
705 5539 721 5563 .
758 5494 945 5554 certis
990 5491 1303 5550 duntaxat
1340 5483 1493 5544 locis
1527 5485 1944 5540 tentaverunt.
1974 5473 2094 5536 Sed
2125 5492 2297 5534 nemo
2350 5468 2551 5531 adhuc
2601 5463 2847 5527 exstitit
2894 5459 3002 5540 qui
3033 5476 3256 5518 novam
3304 5449 3646 5515 Eusebiani

397 5602 603 5682 operis
635 5597 968 5659 editionem
996 5590 1595 5664 emendationemque
1625 5581 1964 5658 susciperet
1992 5599 2013 5648 ;
2047 5596 2153 5637 seu
2182 5573 2350 5655 quod
2384 5571 2621 5633 labaris
2659 5558 3090 5645 magnitudine
3133 5557 3418 5637 plerique.
3447 5552 3645 5610 deter-

1783 5680 1792 5682 μ
1884 5676 1894 5682 .
2162 5675 2174 5682 .
2421 5672 2458 5682 Α.
2730 5665 2770 5682 ,.
2868 5664 2884 5682 _.
3052 5663 3067 5682 ,
3130 5661 3266 5682 πη,
3312 5675 3435 5682 ____
3471 5652 3645 5682 ﬂ,”

398 5652 527 5682 '1’"
555 5652 599 5660 "
637 5652 962 5659 '""""""
1485 5652 1504 5664 ι
1793 5652 1810 5658 -
2191 5652 2212 5655 -

395 5701 731 5767 rebantur;
778 5713 885 5755 seu
933 5688 1099 5772 quod
1134 5687 1521 5767 scriptorum
1553 5676 2002 5758 exemplarium
2027 5675 2214 5752 capia
2256 5684 2310 5733 et
2367 5672 2498 5731 otio
2534 5686 2605 5727 ac
2653 5664 2915 5744 reliquis
2969 5661 3269 5724 subsidiis
3304 5675 3436 5736 qua
3464 5652 3549 5715 ad
3577 5653 3646 5715 id

399 5823 558 5886 opus
594 5799 934 5866 necessaria
966 5801 1144 5870 sunt,
1183 5790 1687 5853 destituerentur.
1725 5784 1925 5844 Donec
1956 5799 2087 5854 vos,
2120 5796 2237 5857 pro
2270 5784 2471 5838 vestro
2506 5774 2572 5836 in
2619 5769 3065 5846 rempublicam
3102 5763 3473 5829 litterariam
3518 5769 3648 5822 stu-
