3966 6264
338 354 416 411 13
1062 326 1069 331 ’
1339 351 1610 409 γΑιεδῐι
1648 351 1904 409 εριδτο]

2026 351 2588 411 NUNCUPATORIA.
3528 355 3549 408 Ι
3559 353 3592 409 ι

339 471 480 542 dio,
514 468 586 532 id
612 489 764 549 opus
825 474 1113 551 aggressi
1144 472 1312 545 estis,
1341 490 1679 552 novamque
1707 472 2069 534 Eusebianae
2108 458 2389 533 historiae
2422 470 2749 533 editionem
2800 471 3138 533 curandam
3181 480 3361 552 atque
3410 472 3598 536 adoré

336 565 618 629 nandum
665 569 816 631 mihi
866 571 1268 632 commisistis
1298 592 1319 632 :
1356 579 1427 630 ut
1476 572 1705 632 amotis
1751 573 2154 647 superiorum
2193 569 2539 632 editionum
2585 571 2768 632 vitiis
2802 579 2988 652 atque
3033 569 3599 651 mendis,planior

258 746 275 757 ί
341 668 634 747 deinceps
667 672 766 731 via
816 668 901 729 ad
952 670 1357 730 certissimam
1399 687 1611 729 rerum
1667 668 2224 730 ecclesiasticarum
2268 670 2565 730 notitiam
2614 670 2955 732 lectoribus
3000 680 3399 734 sterneretur.
3457 672 3595 749 Quo

339 777 592 836 nomine
634 776 909 837 studiosi
959 782 1120 835 certe
1172 792 1375 834 omnes
1408 773 1585 833 vobis
1629 773 1985 852 plurimum
2008 774 2247 847 debent,
2282 791 2547 852 quorum
2584 774 2918 836 commodis
2946 777 3342 857 utilitatique
3376 788 3598 839 nostra

345 896 536 955 opera
566 877 922 937 consultum
954 891 1081 936 esse
1115 874 1432 936 voluistis.
1470 876 1768 936 Caeterum
1795 884 2025 954 praeter
2054 877 2166 937 has
2202 897 2421 939 causas
2456 896 2611 958 quas
2629 878 2765 956 jam
2793 887 3282 950 commemoravi,
3324 900 3458 960 quae
3485 899 3596 940 vos

344 973 427 1033 ad
447 992 678 1035 novam
712 975 1184 1037 Ecclesiasticm
1217 973 1517 1034 Historiae
1549 973 1875 1038 editionem
1906 975 2325 1052 impulerunt,
2356 976 2606 1037 suberat
2633 977 2813 1037 etiam
2844 978 2973 1038 alia
2999 1023 3016 1052 ,
3061 995 3449 1057 nequaquam
3472 1021 3491 1052 ,
3526 986 3597 1038 ut

345 1073 659 1147 arbitror,
690 1075 1121 1152 prtetereunda
1152 1080 1173 1138 ὲ
1204 1076 1372 1157 quod
1400 1079 1640 1141 scilicet
1668 1080 1937 1143 Eusebio
1972 1081 2044 1142 de
2074 1081 2250 1143 vobis
2282 1081 2470 1162 deque
2520 1078 2848 1143 Gallicana
2883 1081 3166 1144 Ecclesia
3209 1076 3436 1162 optime
3481 1101 3600 1144 me:-

345 1178 473 1235 rito
514 1180 792 1255 gratiam
822 1182 1054 1259 referre
1084 1182 1446 1244 studuistis.
1496 1182 1690 1245 Nemo
1726 1194 1886 1246 certe
1939 1194 2024 1245 est
2075 1205 2151 1247 ex
2195 1186 2476 1265 antiquis
2512 1184 2802 1246 Ecclesiae
2863 1186 3278 1265 scriptoribus
3326 1188 3440 1269 qui
3498 1196 3611 1261 tot.

346 1276 644 1340 Ecclesiae
675 1279 1013 1343 Gallicana:
1058 1276 1307 1348 laudes.
1345 1285 1437 1344 tot
1470 1285 1746 1363 insignia
1791 1296 1978 1367 atque
2023 1284 2381 1348 ornamenta
2432 1284 2696 1364 scriptis
2731 1286 2861 1346 suis
2909 1284 3282 1349 intexuerit.
3330 1287 3489 1348 Nam
3538 1288 3595 1347 si

348 1383 791 1462 antiquitatem
817 1396 1072 1464 spectes,
1107 1387 1278 1467 quod
1314 1392 1712 1470 praecipuum
1742 1407 1914 1469 argui

2026 1401 2171 1452 itum
2217 1399 2302 1451 es!
2336 1390 2734 1461 nobilitatis,
2765 1389 2868 1450 hic
2902 1397 2989 1448 est
3023 1390 3131 1468 qui
3177 1387 3552 1449 Crescentem
3577 1433 3592 1457 ,

349 1479 537 1543 Pauli
581 1487 864 1562 apostoli
912 1488 1330 1568 discipulum,
1368 1493 1435 1553 in
1485 1493 1729 1555 Gallias
1776 1496 2011 1555 venisse
2041 1501 2338 1569 testatur,
2387 1494 2596 1574 ibique
2653 1492 3058 1572 Evangelium
3086 1492 3483 1572 praedicasse.
3528 1491 3598 1553 Si

349 1589 710 1650 antistitum
737 1594 1127 1655 sanctitatem
1158 1597 1639 1675 contemplemur
1676 1618 1748 1657 ac
1779 1598 2156 1672 doctrinam,
2194 1598 2528 1660 Pothinum
2563 1597 2746 1659 nobis
2777 1605 2962 1678 atque
3006 1600 3308 1660 Irenaeum
3342 1595 3601 1676 Lugdu-

349 1712 558 1753 nenses
588 1696 916 1775 episcopos
957 1702 1223 1779 profert.
1259 1699 1539 1776 Quorum
1573 1701 1681 1762 ille
1723 1721 1862 1763 cum
1914 1702 2254 1765 Ecclesium
2290 1720 2462 1763 suam
2509 1702 2761 1785 optimis
2793 1697 3088 1779 exemplis
3115 1708 3185 1758 ac
3215 1697 3598 1759 documentis

348 1791 706 1857 diutissime
733 1801 1024 1870 rexisset,
1065 1802 1307 1863 tandem
1337 1810 1759 1884 nonagenario
1792 1811 1994 1890 major
2034 1811 2225 1872 vitam
2256 1810 2505 1871 illustri
2538 1810 2847 1889 martyrio
2881 1799 3263 1893 terminavit.
3294 1794 3418 1868 Hic
3447 1826 3595 1867 vero

346 1893 493 1973 fidei
530 1896 914 1961 Christiana:
944 1910 1218 1964 assertor
1250 1906 1673 1984 fortissimus,
1707 1906 2005 1971 adversus
2040 1929 2244 1971 omnes
2288 1910 2542 1971 haereses
2584 1898 3100 1972 luculentissimis
3146 1906 3329 1968 libris
3390 1907 3600 1967 decer-

346 1994 532 2057 tavit.
565 1997 709 2056 Jam
762 1998 819 2059 si
854 2009 1203 2080 martyrum
1231 2004 1674 2084 fortitudinem
1714 2018 1769 2069 et
1814 2011 2056 2070 sincera
2102 2009 2449 2071 earumdem
2498 1999 2814 2089 passionis
2837 2003 2995 2069 Acta
3034 2008 3365 2075 desideres,
3416 2005 3598 2066 nulla

344 2105 507 2156 certe
549 2097 833 2162 Ecclesia
890 2103 1004 2164 hac
1050 2105 1119 2164 in
1154 2122 1221 2166 re
1268 2106 1492 2170 Galliae
1534 2121 1763 2172 nostrae
1810 2110 2201 2192 anteferenda
2247 2120 2358 2173 est.
2409 2099 2762 2190 Epistolam
2818 2110 2977 2170 enim
3036 2098 3468 2170 Viennensium
3522 2105 3599 2167 ac’

347 2195 857 2275 Lugdunensium
886 2204 1098 2264 statim
1140 2208 1565 2285 proferemus,
1607 2209 1775 2290 quod
1805 2204 2293 2291 pulcherrimum
2332 2218 2418 2272 est
2455 2220 2641 2289 atque
2678 2211 3164 2272 vetustissimum
3220 2202 3423 2274 totius
3467 2212 3593 2273 Ec-

349 2293 544 2357 clesia
574 2298 643 2358 in
674 2299 790 2360 hoc
826 2320 1045 2381 genere
1075 2321 1553 2376 monumentum.
1608 2315 1692 2374 De
1723 2316 1901 2396 cujus
1950 2316 2241 2377 laudibus
2275 2335 2412 2376 cum
2454 2314 2652 2375 multa
2688 2314 2823 2393 jam
2876 2312 3046 2375 dicta
3094 2317 3223 2374 sint
3269 2335 3307 2374 a
3343 2313 3594 2399 multis,

345 2411 518 2455 nemo
556 2406 757 2460 tamen
784 2421 906 2482 pro
940 2406 1119 2470 illius
1154 2410 1466 2491 dignitate
1488 2414 1782 2477 hactenus
1814 2425 1900 2477 est
1937 2416 2209 2480 locutus.
2241 2411 2409 2478 Adeo
2441 2415 2570 2496 ejus
2599 2411 2879 2492 epistolae
2931 2405 3217 2474 meritum
3247 2414 3318 2474 ac
3346 2412 3596 2493 pondus

344 2520 582 2565 omnem
636 2506 887 2575 dicendi
915 2522 1039 2576 vim
1070 2530 1346 2599 superat.
1380 2524 1580 2597 Atque
1639 2524 1706 2585 id
1734 2525 2099 2605 fatebuntur
2131 2524 2479 2604 quicunque
2513 2540 2640 2582 eam
2672 2519 2897 2598 sapius
2938 2504 3225 2594 legerit”-
3279 2507 3414 2590 θιιο
3448 2512 3595 2593 Pl!”

347 2606 510 2665 enim
559 2607 814 2686 legitur,
859 2633 924 2701 eo
957 2622 1191 2697 semper
1218 2620 1467 2683 videtur
1496 2643 1622 2684 esse
1649 2627 2077 2702 praestantior.
2110 2625 2248 2685 Hoc
2279 2642 2423 2683 vero
2473 2632 2598 2682 tam
2628 2620 2868 2697 insigne
2898 2615 3188 2677 Ecclesiae
3221 2614 3435 2677 vestra:
3468 2637 3596 2676 ma-

341 2717 703 2804 numentum
733 2715 849 2773 uni
878 2710 1145 2780 Eusebio
1183 2730 1502 2801 acceptum
1541 2725 1705 2803 ferre
1734 2725 2035 2788 debemus.
2071 2725 2197 2800 Qui
2238 2723 2365 2785 nisi
2423 2715 2858 2784 Historiarum
2907 2735 3163 2777 suarum
3211 2715 3393 2777 libris
3430 2717 3596 2777 illud

342 2810 740 2889 intexuisset,
776 2820 948 2881 tanta
978 2825 1383 2906 antiquitatis
1427 2804 1853 2895 ecclesiasticae
1888 2829 2177 2894 thesauro
2209 2850 2373 2893 nunc
2403 2814 2672 2914 fortasse
2701 2843 3068 2890 careremus.
3115 2812 3301 2898 Quod
3348 2812 3405 2883 si
3451 2819 3594 2900 ﬁdei
3672 2845 3680 2854 -

341 2916 679 2981 sinceritas
702 2943 777 3018 ac
807 2926 1180 3005 simplicitas
1206 2924 1551 3012 quaeratur,
1590 2936 1809 2998 Gallos
1836 2944 2089 2998 nostros
2119 2914 2425 2998 Eusebius
2458 2937 2522 2997 in
2569 2935 2667 2996 his
2702 2930 2883 2993 libris
2912 2926 3055 3018 hinc
3086 2914 3401 3004 pra-cipue
3429 2944 3596 2984 com-

343 3020 590 3081 mendat
618 3042 640 3082 :
671 3012 817 3086 dum
845 3030 936 3088 ait
970 3022 1457 3108 persecutionem
1487 3018 1864 3097 Diocletiani
1897 3037 1959 3095 in
1991 3019 2347 3098 Occidentis
2389 3034 2682 3115 partibus
2712 3050 2784 3093 ac
2835 3012 3183 3108 praesertim
3237 3026 3303 3086 in
3336 3023 3549 3085 Gallia
3575 3091 3594 3116 θ

343 3120 473 3180 tito
506 3141 631 3183 esse
659 3144 1104 3207 compressam,
1146 3135 1266 3195 Dea
1317 3124 1452 3198 illis
1502 3148 1764 3219 propter
1812 3132 1957 3220 ﬁdei
1991 3140 2411 3202 sinceritatem
2455 3136 2784 3216 benignius
2820 3117 3201 3210 indulgente.
3241 3129 3384 3188 Iam
3418 3146 3590 3202 vero,

344 3237 481 3320 qua:
507 3222 800 3287 Ecclesiae
829 3228 1163 3295 Gallicanae
1195 3255 1323 3296 non
1350 3246 1665 3320 postrema
1696 3239 1835 3301 laus
1864 3249 1949 3301 est
1973 3285 1991 3314 ,
2024 3247 2388 3319 perpetuam
2419 3238 2747 3317 illiusjam
2779 3233 2920 3295 inde
2954 3252 2991 3292 a
3028 3232 3255 3308 primis
3290 3230 3589 3311 tempori-’-

345 3318 460 3379 bus
487 3339 626 3380 cum
659 3323 795 3384 sede
821 3325 1100 3389 Romana
1131 3318 1607 3409 consensionem,
1645 3338 1709 3398 in
1746 3338 1844 3399 his
1870 3318 2130 3397 Eusebii
2163 3335 2343 3396 libris
2385 3338 2509 3394 nan
2543 3331 2722 3393 semel
2754 3332 2895 3396 licet
2932 3336 3398 3417 deprehendere.
3449 3328 3596 3400 Pri-

344 3445 511 3487 mum
544 3428 790 3507 quidem
841 3434 909 3495 in
957 3437 1223 3514 epistola
1252 3452 1598 3519 martyrum
1630 3441 2160 3522 Lugdunensium,
2226 3459 2409 3521 quam
2464 3437 2589 3512 illi,
2622 3437 2823 3500 adhuc
2864 3443 2932 3500 in
2979 3457 3219 3500 carcere
3256 3440 3479 3517 positi,
3512 3422 3595 3501 ad

345 3530 746 3595 Eleutherum
776 3539 1190 3618 scripserunt,
1222 3553 1370 3607 tunc
1405 3547 1696 3632 Romanis,
1716 3521 1893 3608 urbis
1924 3549 2320 3625 episcopum;
2351 3562 2494 3603 nam
2532 3562 2672 3603 cum
2701 3521 2927 3605 Ᾰείαηί
2964 3543 3196 3605 “ueris
3226 3544 3309 3602 ad
3342 3538 3596 3622 ι²¹9ίίυ⁴

347 3632 549 3691 nensis
581 3632 873 3697 Ecclesiae
897 3638 1127 3717 fratres
1158 3641 1324 3701 datis
1353 3660 1453 3701 eos
1484 3641 1967 3716 consuluissent,
1994 3641 2146 3721 quid
2173 3636 2559 3700 sentiendum
2584 3644 2735 3698 esset
2773 3634 2846 3699 de
2873 3656 3033 3699 nova
3063 3639 3427 3718 prophetia,
3459 3635 3592 3718 qua?

350 3744 496 3796 tunc
524 3738 700 3815 apud
729 3738 1069 3819 Phrygiam
1104 3761 1310 3805 recens
1342 3735 1567 3806 exorta
1597 3744 2003 3823 gravissimos
2038 3744 2345 3803 tumultus
2378 3760 2492 3820 per
2522 3732 2715 3802 totam
2743 3730 2958 3803 Asiam
3004 3745 3353 3817 excitarat,
3390 3739 3594 3804 Galli-

349 3837 493 3897 cani
520 3850 826 3918 martyres
855 3859 981 3902 rem
1009 3837 1093 3903 ad
1138 3833 1541 3902 Eleutherum
1590 3842 1943 3904 detulerunt
1971 3887 1986 3914 ,
2022 3851 2093 3902 ut
2142 3842 2274 3921 ejus
2305 3843 2676 3910 interventu,
2713 3841 2893 3920 cujus
2946 3845 3012 3905 in
3048 3843 3327 3906 Ecclesia
3359 3843 3592 3906 summd

349 3951 477 4000 erat
511 3946 900 4022 auctoritas,
946 3942 1081 4025 pax
1108 3934 1362 4037 Asianis
1392 3942 1848 4010 restitueretur.
1885 3932 2165 4009 Alterum
2205 3932 2393 4026 hujus
2443 3943 2792 4007 concordiae
2839 3943 3184 4023 exemplum
3225 3933 3591 4037 suppeditat

349 4043 625 4122 synodus
659 4045 1015 4119 Gallicana,
1054 4049 1120 4111 in
1163 4068 1286 4130 qua
1315 4031 1590 4113 lrena’eus
1640 4058 1765 4110 una
1808 4070 1943 4111 cum
1977 4049 2272 4131 pluribus
2304 4048 2656 4110 Galliarum
2688 4046 3035 4127 episcopis,
3090 4042 3362 4108 Victoris
3411 4031 3591 4125 papae

350 4150 668 4212 sententia:
701 4151 773 4211 de
806 4152 1215 4216 celebratione
1235 4157 1381 4236 festi
1416 4154 1756 4227 Paschalis,
1791 4145 1865 4217 ab
1895 4134 2164 4217 Eusebio
2205 4140 2447 4215 dicitur
2476 4146 2940 4230 subscripsisse.
2978 4146 3143 4208 Idem
3185 4164 3428 4228 quoque
3461 4146 3592 4207 Ire-

350 4240 849 4316 na-us‘adversus
905 4237 1226 4319 Florinum
1272 4261 1383 4339 qui
1434 4240 1773 4320 Ecclesium
1828 4245 2159 4319 Romanam
2210 4258 2572 4336 pernicioso
2611 4255 2936 4317 schismate
2983 4244 3303 4320 turbabat,
3335 4245 3590 4328 fortitei‘

350 4355 725 4421 insurrexit.
756 4348 1177 4422 Praetermitto
1213 4345 1543 4429 Ileticium,
1583 4359 1932 4419 Maternum
1961 4377 2032 4420 ac
2067 4359 2414 4430 Marinum,
2448 4356 2674 4420 Galliae
2709 4356 3057 4434 episcopos,
3102 4352 3214 4431 qui
3263 4352 3401 4412 cum
3437 4349 3592 4410 Milo

348 4457 515 4517 liade
539 4477 710 4536 papa
748 4463 813 4521 in
844 4447 1082 4540 synodo
1121 4449 1402 4519 Romana
1435 4458 1768 4519 residentes
1789 4502 1804 4532 ,
1834 4478 2019 4519 unam
2068 4478 2205 4519 cum
2258 4456 2373 4517 illo
2421 4455 2719 4543 adversus
2768 4447 3081 4517 Donatum
3113 4453 3309 4513 tulere
3342 4454 3548 4512 senten
3570 4483 3591 4493 ς

346 4556 519 4618 tiam.
556 4556 711 4618 Cum
744 4559 945 4638 igitur
989 4569 1080 4622 tot
1114 4571 1420 4643 tantaque
1472 4545 1813 4624 Gallicanae
1848 4564 2136 4625 Ecclesiae
2182 4562 2398 4623 laudes
2442 4562 2515 4623 ab
2565 4546 2833 4622 Eusebio
2884 4566 3368 4621 commemoratae
3419 4555 3587 4623 sint,

342 4661 576 4719 nemini
604 4663 828 4722 mirum
860 4663 1065 4726 videri
1095 4660 1292 4738 debet,
1323 4667 1381 4726 si
1409 4685 1526 4748 pro
1559 4669 1754 4727 tantis
1783 4675 2239 4728 antecessorum
2276 4675 2626 4727 vestrorum
2648 4666 2987 4746 praeconiis
3028 4667 3183 4727 hanc
3221 4665 3277 4725 ei
3319 4662 3589 4742 gratiam

342 4768 577 4843 referre
595 4763 957 4843 studuistis,
981 4778 1049 4830 ut
1093 4754 1540 4833 Eccl‘esiaslica
1574 4772 1705 4853 ejus
1737 4771 2019 4832 Historia
2055 4789 2235 4851 quam
2263 4770 2404 4851 ﬁeri
2428 4772 2633 4850 passet
2668 4756 3162 4832 emendatissima
3190 4766 3372 4849 atque
3402 4767 3591 4827 arua-5

344 4863 612 4937 tissima,
650 4860 873 4927 reslris
901 4869 1205 4947 auspiciis
1238 4872 1523 4933 ederetur
1552 4872 1618 4932 in
1647 4870 1869 4932 lucem.
1902 4870 2102 4947 Quam
2149 4871 2213 4929 in
2246 4878 2371 4931 rem
2408 4868 2546 4932 cum
2583 4887 2673 4930 me
2701 4887 2893 4929 unum
2919 4889 2999 4931 ex
3031 4865 3314 4930 omnibus
3345 4865 3586 4945 delege-

344 4966 516 5038 ritis,
552 4964 826 5064 equidem
855 4971 1200 5051 plurimum
1245 4975 1422 5038 vobis
1474 4995 1540 5035 eo
1585 4976 1836 5037 nomine
1878 4995 1910 5034 n

2022 4971 2227 5036 debere
2256 4966 2602 5053 proﬁteor,
2657 4974 2767 5052 qui
2816 4964 2889 5032 de
2933 4990 3021 5031 me
3074 4973 3199 5030 tam
3251 4968 3588 5046 honorifici

347 5068 685 5130 senseritis.
721 5066 1017 5150 Intelligo
1050 5081 1249 5137 tamen
1280 5083 1580 5155 quantum
1617 5073 1773 5136 mihi
1799 5092 1835 5131 a
1863 5073 2039 5134 vobis
2095 5076 2255 5133 anus
2289 5074 2371 5134 sit
2405 5073 2768 5151 impositum
2811 5093 2832 5133 :
2881 5079 2949 5132 ut
2980 5074 3124 5150 post
3174 5074 3300 5131 tr'es
3334 5070 3587 5131 Latinos

345 5172 710 5250 interpretes
740 5181 1007 5256 quartus
1050 5180 1183 5258 ipse
1209 5179 1582 5260 procedam,
1637 5187 1693 5240 et
1736 5177 1997 5240 eamdem
2045 5180 2184 5240 cu‘m
2239 5166 2374 5239 illis
2409 5176 2905 5240 existimationis
2933 5175 3127 5237 aleam
3148 5174 3417 5236 subeam.
3465 5167 3590 5236 Sed

341 5273 632 5348 quoniam
660 5275 810 5338 huic
854 5277 1160 5340 desiderio
1210 5290 1412 5342 vestro
1459 5274 1536 5341 ac
1578 5281 1870 5341 mandata
1905 5261 2441 5360 refragari'nefas
2489 5279 2642 5339 mihi
2686 5281 2858 5358 fuit,
2908 5277 3074 5341 hunc
3132 5276 3406 5338 laborem
3453 5280 3566 5335 tur

337 5389 561 5451 vestra,
618 5391 748 5443 tum
787 5382 1047 5447 Eusebii
1096 5405 1283 5447 causa
1318 5381 1719 5447 libentissime
1767 5383 2055 5462 suscepi,
2088 5401 2438 5462 omnemque
2483 5383 2549 5443 in
2591 5380 2962 5442 emendando
3010 5389 3066 5441 et
3118 5380 3584 5459 interpretanda

337 5477 674 5543 molestiam
708 5483 1019 5544 diuturna
1072 5485 1377 5563 patientia
1426 5474 1722 5545 concoxi.
1782 5476 1918 5544 Alii
1959 5482 2206 5563 quidem
2247 5490 2301 5541 et
2355 5480 2606 5559 ingenio
2658 5488 2711 5541 et
2762 5481 3054 5543 doctrina
3100 5480 3584 5550 instructiores,

334 5578 519 5657 plura
554 5596 608 5647 et
640 5586 912 5647 meliora
936 5585 1347 5664 praestabunt.
1385 5587 1518 5664 Ego
1554 5583 1621 5647 id
1647 5586 1945 5665 perficere
1974 5592 2236 5646 conatus
2265 5603 2423 5658 sum,
2454 5603 2530 5645 ne
2558 5585 2700 5664 quis
2737 5584 2802 5645 in
2829 5584 2949 5645 hoc
2978 5588 3165 5664 apere
3191 5581 3589 5660 diligentiam

332 5703 510 5750 meam
528 5690 683 5771 jure
710 5688 943 5751 merito
979 5688 1375 5750 desideraret.
1419 5689 1605 5766 Quod
1634 5687 1878 5770 quidem
1910 5696 2120 5748 utrum
2157 5695 2523 5749 consecutus
2565 5687 2678 5748 sim
2706 5731 2723 5759 ,
2779 5706 2889 5747 vos
2918 5728 2935 5757 ,
2987 5683 3411 5746 illustrissimi
3464 5682 3590 5745 An-

332 5785 568 5870 tistites,
596 5802 731 5873 pra’
763 5798 982 5853 vestra
1019 5790 1307 5871 aequitate
1348 5790 1749 5868 judicabitis.
1788 5788 2090 5853 Caeterum
2121 5788 2179 5850 si
2214 5788 2375 5850 hunc
2402 5804 2440 5851 a
2474 5808 2562 5851 me
2593 5793 2943 5868 susceptum
2997 5794 3179 5869 atque
3212 5785 3583 5847 exhaustum
