3966 6264
348 357 416 412 ιδ
1612 357 1880 411 γΑιῑειι
1918 356 2319 412 ΡῖίᾹΞῐεἊΤῖΟ.
3525 359 3592 415 18

344 469 615 531 laborem
659 471 838 533 vobis
890 471 1201 552 placuisse
1247 471 1653 542 intellexero,
1699 474 2095 552 promptiore
2142 474 2425 553 deinceps
2478 482 2534 535 et
2592 474 2906 535 alacriore
2955 493 3160 536 animo
3206 476 3592 554 reliquorum

345 574 771 638 ecclesiastica
797 576 1080 639 historia
1109 577 1496 654 scriptorum
1524 577 1858 637 editionem
1888 578 2246 656 aggrediar,
2280 578 2575 657 vobisque
2600 579 2955 658 faventibus
2990 577 3145 639 idem
3175 580 3239 639 in
3268 579 3399 638 illis
3424 577 3594 658 quod

344 679 411 740 in
437 678 705 741 Eusebio
738 689 1041 759 prastare
1069 680 1368 744 conabor.

1920 785 2304 842 Illustrissimae
2343 802 2406 840 ac
2442 785 2930 842 Reverrndissimm
2962 787 3023 842 D.
3066 787 3127 842 V.
3165 761 3591 850 addictissimtxs,

2371 903 2642 958 Henmcos
2674 902 2959 958 Vacasws.

3301 1075 3560 1096 ﬂ

483 1245 580 1301 AD
619 1242 918 1301 EOSDEM
961 1241 1587 1301 ILLUSTRISSIMOS
1628 1239 2099 1306 ANTISTITES,
2145 1240 2242 1296 DE
2282 1240 2485 1297 NOVA
2529 1239 2988 1298 EUSEBIANE
3033 1223 3415 1298 IIISTORUE

1554 1355 1927 1413 ΕΠΙΤΙΟΝΕ
1964 1355 2390 1423 ΡΒᾸῖΡΑΤΙΟ.

1932 1520 2005 1535 ..ι-

428 1663 688 1726 Peracto
732 1659 1041 1723 solemnis
1089 1657 1595 1736 nuncupationis
1646 1657 1895 1733 otIicio,
1942 1654 2074 1737 jam
2126 1664 2379 1736 tempus
2432 1664 2571 1729 est,
2627 1657 3055 1720 illustrissimi
3103 1658 3482 1732 Antistites,
3523 1662 3592 1720 ut

349 1764 564 1844 operis
622 1762 749 1824 mei
805 1761 1183 1841 singillatim
1250 1762 1435 1824 vobis
1493 1763 1807 1825 rationem
1871 1762 2159 1825 reddam.
2213 1763 2373 1825 Cum
2440 1764 2612 1825 enim
2667 1769 2875 1824 vestra
2939 1761 3345 1839 potissimum
3399 1775 3592 1821 causa

351 1872 694 1943 vestroque
741 1862 929 1942 iussu
992 1853 1096 1924 h'ic
1150 1879 1181 1924 δ
1238 1879 1340 1924 me
1395 1874 1738 1942 susceptus
1783 1864 1864 1924 sit
1921 1863 2139 1937 labor,
2196 1878 2312 1925 vos
2371 1881 2500 1934 prae
2551 1862 2797 1925 caeteris
2844 1861 3148 1923 omnibus
3198 1861 3412 1939 operis
3467 1857 3590 1920 mei

346 1968 615 2028 lectores
651 1982 723 2027 ac
750 1962 1005 2042 judices
1038 1969 1099 2023 et
1144 1971 1296 2039 Opto
1335 1963 1527 2024 simul
1581 1972 1642 2026 et
1689 1980 1902 2041 spero.
1938 1964 2080 2026 Tria
2122 1973 2270 2025 sunt
2300 1965 2496 2042 igitur
2529 1982 2672 2044 quas
2722 1965 2782 2024 in
2822 1962 2939 2026 hac
2973 1962 3262 2025 editione
3298 1967 3594 2039 praestare

347 2066 595 2128 studui.
647 2065 926 2127 Primum
978 2070 1075 2124 est
1120 2062 1319 2124 Graeci
1376 2069 1592 2125 textus
1645 2064 2045 2135 emendatio;
2088 2065 2445 2127 secundum
2506 2056 3068 2142 Latina'ejusdem
3123 2061 3592 2140 interpretatio,

352 2169 609 2229 tertium
664 2172 759 2229 est
812 2163 1130 2244 expositio
1163 2164 1615 2226 obscuriorum
1657 2164 1967 2228 locorum.
2006 2166 2079 2225 Et
2132 2167 2421 2227 Latinam
2473 2166 2740 2244 quidem
2788 2165 3381 2243 interpretationem
3421 2164 3593 2242 quod

350 2268 596 2342 attinet,
640 2273 780 2345 post
820 2273 945 2326 tres
982 2262 1362 2326 Eusebianaa
1396 2263 1706 2326 Historiae
1741 2264 2152 2343 interpretes,
2189 2264 2329 2346 ipse
2360 2275 2648 2347 quartam
2684 2265 3032 2329 elaboravi.
3067 2265 3591 2327 Einendationem

351 2385 503 2432 vero
551 2376 747 2447 atque
795 2363 1270 2441 expositionem
1331 2362 1686 2431 Eusebiani
1738 2363 1998 2442 operis,
2045 2380 2233 2425 nemo
2292 2373 2439 2426 ante
2501 2382 2619 2425 nos
2681 2370 3060 2425 tontaverat.
3113 2365 3349 2424 Verum
3406 2369 3470 2424 ut
3514 2361 3595 2426 de

351 2470 627 2551 singulis
696 2485 816 2531 suo
868 2467 1009 2530 loco
1057 2474 1248 2545 atque
1299 2467 1525 2528 ordine
1572 2467 1941 2529 distinctius
1990 2466 2229 2542 dicam,
2262 2468 2474 2531 ordiar
2504 2469 2778 2548 primum
2815 2469 2893 2530 ab
2931 2466 3404 2530 emendatione.
3439 2469 3595 2540 Qui-

342 2548 604 2654 cunque
636 2587 864 2632 novam
900 2575 1189 2629 veterum
1226 2568 1611 2646 scriptorum
1654 2567 2004 2630 editionem
2038 2568 2537 2646 aggrediuntur,
2589 2568 2632 2629 ii
2677 2585 2943 2630 necesse
2976 2569 3212 2631 habent
3251 2569 3328 2629 ab
3363 2586 3591 2630 emen-
3648 2548 3667 2557 ’

346 2677 610 2738 datione
657 2672 917 2734 initium
968 2670 1206 2731 laboris
1253 2673 1355 2733 sui
1401 2671 1660 2734 ducere.
1702 2671 1803 2732 Sic
1849 2670 2170 2746 Origenes
2215 2687 2358 2733 cum
2419 2687 2645 2732 novam
2690 2670 3107 2751 Septuaginta
3164 2671 3593 2749 lnterpretum

347 2776 701 2840 editionem
737 2769 1166 2846 suscepisset,
1217 2771 1551 2850 multaque
1585 2769 1649 2830 in
1692 2770 1771 2831 iis
1808 2770 1999 2831 dubia
2033 2788 2106 2831 ac
2138 2769 2544 2832 dissonantia
2597 2772 2678 2833 ob
2716 2771 3089 2833 varietatem
3136 2770 3592 2850 exemplarium

349 2881 733 2961 reperisset,
771 2877 835 2938 in
876 2891 1098 2937 eorum
1158 2872 1613 2933 emendatione
1659 2871 1940 2946 primum
1981 2870 2328 2945 laboravit;
2388 2879 2451 2934 et
2499 2871 2747 2934 collatis
2796 2872 3203 2950 Septuaginta
3251 2855 3591 2934 seniorum

349 2979 831 3063 exemplaribus
879 2976 1105 3055 partim
1145 2990 1290 3033 cuiu
1343 2972 1667 3035 Hebraico
1711 2979 1885 3034 textu
1916 3019 1932 3043 ,
1977 2974 2204 3052 partim
2252 2991 2395 3034 cum
2437 2974 2639 3035 tribus
2676 2973 2819 3035 aliis
2869 2973 3306 3046 editionibus,
3345 2975 3596 3053 Aquilae

350 3088 634 3157 scilicet,
686 3074 1155 3142 Tlieodotionis
1206 3085 1269 3135 et
1325 3071 1733 3152 Symmachi,
1787 3090 2043 3135 errores
2098 3073 2212 3153 qui
2270 3075 2336 3136 in
2399 3075 2805 3153 Septuaginta
2855 3075 3191 3137 Seniorum
3245 3076 3593 3141 editionem

346 3187 771 3264 irrepserant,
822 3192 1052 3241 omnes
1104 3173 1392 3236 sustulit.
1447 3172 1623 3235 Idem
1688 3174 1859 3235 enim
1909 3174 2047 3253 ipse
2097 3175 2310 3238 innuit
2374 3177 2437 3237 in
2489 3184 2750 3239 tractato
2807 3196 2916 3238 vni
2984 3179 3050 3238 in
3092 3178 3450 3240 Mattha’um
3496 3182 3595 3243 his

354 3285 631 3352 verbis:
689 3303 717 3338 α
758 3281 830 3342 1η
883 3276 1362 3353 exemplaribus
1422 3275 1687 3355 quidem
1738 3274 1996 3337 Veteris
2048 3275 2444 3337 Testamenti
2501 3294 2905 3357 qutecunque
2967 3277 3230 3341 fuerunt
3289 3280 3595 3345 inconso-

349 3391 602 3461 nantia.
647 3388 780 3448 Deo
812 3385 1180 3464 prazstantr,
1216 3385 1509 3456 coeptare
1534 3376 1898 3453 potuimus,
1938 3384 2188 3439 utentes
2211 3379 2461 3456 judicio
2494 3387 2860 3441 caterarum
2896 3379 3278 3441 editionum.
3304 3382 3392 3443 Ea
3422 3385 3594 3444 enim

349 3512 497 3578 quas
547 3490 932 3554 videbantur
982 3483 1150 3562 apud
1212 3481 1630 3560 Septuaginta
1681 3479 1877 3541 dubia
1940 3497 2084 3542 esse
2144 3489 2402 3559 prepter
2456 3484 2948 3545 consonantiam
3004 3484 3541 3561 exemplariorum
3575 3530 3594 3560 ,

348 3596 657 3660 facientes
705 3587 1024 3668 judicium
1060 3601 1139 3646 ex
1170 3582 1571 3645 editionibus
1604 3580 1878 3659 reliquis
1906 3623 1924 3654 ,
1973 3581 2430 3643 convenientia
2482 3582 2904 3644 servavimus.
2942 3604 2971 3639 in
3029 3581 3331 3659 Origenis
3380 3602 3599 3647 exem-

354 3682 529 3777 plum
583 3700 845 3755 secutus
899 3695 1116 3769 postea
1169 3687 1241 3750 B.
1289 3686 1768 3764 Hieronymus,
1824 3702 2055 3745 novam
2112 3684 2463 3748 editionem
2520 3685 2930 3763 Septuaginta
2972 3687 3404 3767 lnterpretum
3451 3706 3483 3750 a
3528 3706 3598 3750 se

353 3798 788 3874 emendatamg,
828 3801 892 3856 et
926 3790 1253 3853 asteriscis
1284 3790 1621 3869 obelisque
1651 3789 2022 3852 distinctam
2065 3807 2200 3850 suae
2246 3789 2480 3867 lingute
2520 3789 2896 3852 hominibus
2935 3791 3152 3865 dedit,
3202 3790 3369 3852 sicut
3404 3794 3597 3853 variis

352 3906 418 3967 in
456 3904 611 3966 locis
644 3902 784 3980 ipse
816 3903 1109 3961 testatur.
1142 3894 1354 3970 Atque
1403 3898 1470 3950 ut
1509 3888 1589 3950 de
1639 3888 1928 3967 profanis
1968 3887 2395 3966 scriptoribus
2435 3886 2624 3949 etiam
2668 3888 2935 3965 loquar,
2982 3886 3200 3948 Crates
3233 3894 3292 3949 et
3322 3888 3599 3950 Aristar-

354 4007 553 4078 chus,
604 3997 1046 4081 grammatici,
1097 3992 1211 4074 qui
1262 3989 1779 4052 accuratissimas
1824 3986 2155 4048 Homerici
2211 3986 2516 4049 carminis
2568 3985 2893 4048 editiones
2939 3986 3381 4058 elaborarunt,
3437 3988 3593 4048 nihil

351 4110 523 4188 aliud
572 4108 709 4171 fere
754 4120 949 4184 quam
994 4096 1513 4163 emendationem
1563 4093 2180 4170 distiuctionemque
2231 4090 2405 4151 illius
2458 4089 2672 4167 aperis
2719 4086 3178 4169 praestiterunt.
3224 4087 3366 4148 Pari
3402 4088 3599 4164 igitur

355 4214 544 4276 modo
575 4208 720 4272 cum
766 4203 1144 4266 Eusebianas
1185 4199 1489 4262 Historias
1525 4214 1757 4259 novam
1797 4195 2151 4258 editionem
2183 4195 2462 4257 condere
2499 4195 2931 4256 instituissem
2956 4240 2974 4267 ,
3008 4192 3074 4252 in
3114 4193 3254 4271 ejus
3290 4197 3597 4256 emenda—

358 4317 537 4377 tione
588 4324 845 4371 omuem
906 4301 1288 4364 industriam
1355 4316 1430 4360 ac
1487 4296 1886 4377 diligentiam
1943 4296 2242 4358 adhibui.
2294 4297 2625 4359 Editiones
2677 4297 3056 4359 Eusebianae
3109 4299 3405 4360 Historiae
3456 4300 3598 4360 duae

354 4426 604 4482 tantum
648 4412 961 4473 hactenus
995 4405 1210 4467 Graece
1246 4401 1622 4481 prodierunt
1656 4424 1671 4463 :
1707 4402 1904 4463 altera
1944 4400 2361 4474 Parisiensis,
2403 4415 2592 4479 quam
2630 4399 2946 4461 Robertus
2986 4400 3344 4477 Stephanus
3392 4417 3593 4462 excu-

352 4514 487 4600 dit;
520 4520 617 4582 vir
645 4518 724 4582 de
758 4514 989 4578 litteris
1020 4526 1098 4571 eo
1129 4509 1398 4571 nomine
1432 4508 1677 4587 optime
1710 4508 1978 4570 meritus
2002 4551 2019 4579 ,
2057 4508 2228 4585 quod
2271 4523 2502 4585 corpus
2538 4505 2824 4567 historiae
2854 4502 3304 4568 ecclesiasticae
3335 4501 3593 4580 elegan-

356 4625 628 4691 tissimis
661 4622 830 4704 typis
866 4617 1110 4698 primus
1146 4613 1493 4693 publicavit
1521 4634 1539 4687 ;
1563 4613 1759 4674 altera
1792 4620 1889 4674 est
1924 4612 2330 4675 Genevensis
2364 4612 2589 4673 editio.
2619 4613 2859 4673 Verum
2895 4609 3027 4670 haec
3058 4608 3121 4668 in
3160 4607 3380 4670 Graeco
3415 4615 3593 4670 textu

353 4730 704 4793 editionem
744 4725 914 4789 illam
962 4719 1221 4783 Roberti
1259 4717 1562 4796 Stephani
1597 4717 1845 4796 ubique
1886 4718 2246 4796 expressit,
2286 4716 2410 4779 nisi
2450 4717 2626 4796 quod
2665 4716 2869 4779 varias
2919 4714 3235 4776 lectiones
3273 4723 3334 4776 et
3369 4732 3593 4776 emen-

354 4829 646 4892 dationes
672 4826 747 4887 ad
789 4826 953 4885 latus
994 4821 1184 4884 habet
1217 4823 1539 4900 appositas
1569 4838 1650 4883 ex
1681 4821 2012 4884 codicibus
2041 4822 2375 4884 doctorum
2409 4821 2733 4894 virorum;
2789 4826 2850 4883 et
2881 4818 3142 4882 lacunas
3179 4817 3427 4895 aliquot
3456 4834 3598 4896 quan

354 4931 421 4993 in
480 4928 660 4990 libris
710 4925 796 4985 De
830 4923 962 4984 cita
1010 4920 1414 4983 Constantini
1459 4930 1851 4993 occurrunt,
1885 4939 1960 4983 ex
2011 4921 2239 4983 iisdem
2287 4920 2619 4982 codicibus
2668 4920 3013 4999 supplevit.
3051 4921 3323 4981 Proinde
3371 4918 3433 4979 in
3473 4938 3596 4980 una

354 5038 666 5099 duntaxat
705 5029 967 5092 Roberti
1018 5022 1321 5102 Stephani
1364 5022 1658 5084 editione
1712 5021 1869 5083 mihi
1924 5022 2345 5084 labomndum
2395 5020 2537 5084 l'uit.
2571 5021 2775 5095 Quam
2824 5021 3085 5102 quidem
3133 5038 3277 5083 cum
3318 5029 3598 5099 quatuor

355 5135 811 5215 manuscriptis
867 5130 1125 5212 Optimae
1192 5135 1358 5187 notae
1416 5126 1749 5190 codicibus
1806 5134 2048 5206 quanta
2111 5125 2291 5206 potui
2349 5126 2685 5205 diligentia
2749 5126 3039 5189 collatam
3074 5168 3093 5201 ,
3160 5126 3379 5189 multis
3439 5125 3598 5189 locis

358 5243 638 5309 restitui.
1331 5288 1335 5293 .

439 5351 684 5413 Horum
714 5350 996 5425 quatuor
1026 5340 1320 5404 codicum
1357 5340 1525 5401 duos
1563 5339 1754 5401 nobis
1794 5336 2314 5400 subministravit
2363 5333 2745 5398 bibliotheca
2773 5331 2995 5409 Regia.
3046 5331 3227 5393 Prior
3268 5329 3595 5393 Francisci

360 5445 549 5525 primi
584 5443 837 5524 praefert
879 5440 1199 5519 insignia;
1248 5445 1395 5499 ante
1432 5435 1948 5516 quadringentos
1993 5436 2138 5514 plus
2169 5437 2387 5498 minus
2420 5453 2624 5497 annos
2666 5436 2942 5515 scriptus
2975 5437 3040 5498 in
3079 5436 3294 5501 charta
3326 5437 3598 5515 bomby-

272 5600 279 5607 .
356 5551 500 5611 cina
554 5555 614 5612 et
660 5546 1025 5625 singulares
1076 5545 1398 5608 interdum
1452 5542 1715 5607 exhibet
1769 5542 2121 5618 lectiones,
2182 5543 2592 5622 multumque
2629 5561 2663 5606 a
2697 5542 2965 5623 reliquis
3001 5542 3334 5605 codicibus
3357 5541 3596 5601 discre-

354 5663 607 5737 parites.
656 5653 775 5714 Hic
820 5657 915 5714 est
952 5669 1144 5729 quem
1201 5651 1266 5712 in
1303 5649 1830 5712 adnotationibus
1861 5648 2133 5727 Regium
2175 5648 2458 5711 codicem
2492 5648 2844 5710 nominavi.
2886 5643 3061 5704 Alter
3109 5651 3207 5704 est
3256 5659 3335 5706 ex
3368 5638 3601 5701 biblio-

357 5757 538 5820 theca
577 5754 899 5828 Medicae,
927 5769 1068 5833 quia
1103 5768 1274 5815 nunc
1305 5750 1659 5829 inllegiam
1698 5748 2023 5830 translata,
2062 5764 2187 5812 uno
2218 5746 2574 5824 eodemque
2610 5746 2822 5823 Regia;
2854 5746 3253 5811 bibliothecae
3289 5741 3601 5810 vocabulo
