3966 6264
387 367 447 419 ΓΙ
1484 434 1499 449 δ
1664 354 1929 413 VALESII

2081 350 2365 408 EFATIO.
3574 340 3647 393 ιε·

383 488 701 545 censetur.
753 478 877 540 Hic
929 480 1005 540 ad
1047 477 1531 541 distinctionem
1578 476 1818 556 prioris
1851 475 2028 536 illius
2057 472 2340 543 codicis,
2380 470 2722 531 MBtllctﬂttS
2765 465 2963 527 codex
3004 465 3068 525 in
3111 461 3635 524 adnotationibus

384 586 617 651 nostris
648 585 1037 662 appellatur.
1075 584 1197 656 Qui
1236 586 1382 646 licet
1422 583 1611 661 paulo
1648 580 1970 643 recentior
2001 580 2106 649 sit,
2148 596 2222 638 ex
2260 580 2504 652 optimo
2544 581 2750 633 tamen
2789 568 3135 641 exemplari
3169 575 3225 627 et
3260 567 3338 628 ab
3380 567 3630 628 erudita

388 710 580 753 manu
618 691 991 769 descriptus
1043 693 1161 750 est.
1214 682 1486 744 Duobus
1535 681 1635 742 his
1681 678 2167 755 exemplaribus
2206 692 2366 733 usus
2408 681 2539 734 erat
2573 671 2891 732 Robertus
2939 666 3301 744 Stephanus
3338 664 3398 725 in
3439 666 3636 726 Euse-

386 789 594 853 bianze
635 788 942 849 Historiae
989 785 1295 847 editione.
1362 782 1432 839 Et
1487 780 1548 840 in
1604 779 1745 857 ipso
1796 776 2057 853 quidem
2112 780 2287 835 textu
2343 771 2760 840 excudendo,
2810 772 3079 849 Regium
3128 776 3453 851 exemplar
3502 772 3634 833 fere

388 890 629 969 ubique
664 895 927 950 secutus
960 891 1093 954 est,
1128 900 1403 959 raroque
1431 880 1773 941 admodum
1813 877 1888 937 al)
1924 879 2064 953 ejus
2098 873 2369 935 discedit
2413 872 2698 949 vestigiis
2726 918 2741 945 ,
2782 873 2948 935 sicut
2982 877 3041 936 in
3081 876 3238 937 meis
3270 877 3633 937 adnotatio-

389 996 583 1058 nibus
615 990 982 1055 observavi.
1036 990 1105 1048 ln
1146 989 1425 1067 capitum
1464 992 1674 1044 autem
1723 980 2191 1049 distinctione,
2245 975 2625 1037 Medicinam
2678 974 2966 1037 codicem
3008 978 3357 1054 expressit,
3397 978 3461 1039 in
3502 998 3632 1058 quo

392 1101 549 1162 tituli
602 1098 883 1176 singulis
932 1091 1298 1171 capitibus,
1355 1092 1413 1146 et
1454 1082 1716 1162 quidem
1772 1078 2059 1140 miniatis
2112 1076 2345 1137 litteris
2404 1076 2838 1153 praefiguntur.
2892 1077 3148 1138 Tertius
3209 1078 3308 1139 his
3362 1081 3633 1142 accessit

390 1204 583 1265 codex
625 1174 1126 1261 eminentissimi
1160 1185 1508 1251 cardinalis
1540 1182 1692 1243 Julii
1723 1180 2052 1241 Mazarini.
2082 1180 2174 1239 De
2206 1177 2386 1254 cujus
2420 1174 2810 1252 exemplaris
2844 1176 3125 1237 bonitate
3163 1194 3235 1239 ac
3272 1180 3629 1255 praestantia

389 1313 736 1382 antequam
766 1300 972 1361 dicam
998 1342 1015 1370 ,
1058 1313 1157 1357 res
1199 1291 1513 1371 postulat,
1549 1290 1745 1366 idque
1790 1286 2003 1364 ipsum
2040 1304 2068 1345 a
2107 1301 2206 1344 me
2240 1281 2525 1360 ﬂagitare
2564 1280 2911 1354 videmini,
2946 1284 3284 1347 Antislites
3326 1284 3635 1345 illustris-

389 1410 576 1483 simi,
616 1417 688 1471 ut
731 1409 812 1469 de
860 1399 1182 1468 cardinale
1232 1394 1747 1458 eminentissimo
1798 1411 1829 1454 a
1882 1410 2013 1470 quo
2057 1391 2340 1451 codicem
2390 1386 2572 1449 illum
2621 1387 3092 1449 commodatum
3136 1389 3386 1465 accepi,
3436 1408 3629 1470 pauca

391 1511 703 1571 dicantur.
747 1511 900 1570 Nam
935 1521 1078 1568 cum
1128 1502 1231 1562 hic
1263 1496 1819 1561 eminentissimus
1859 1496 2153 1572 princeps
2204 1500 2263 1551 et
2313 1491 2387 1551 ad
2422 1507 2671 1551 summa
2731 1507 3001 1569 qumque
3050 1501 3272 1565 natus,
3324 1491 3629 1571 singulari

388 1610 665 1690 quadam
709 1602 1160 1669 benevolentia
1194 1601 1440 1660 litteras
1479 1596 1965 1673 complectatur,
2018 1611 2131 1653 nos
2167 1595 2276 1672 qui
2313 1592 2389 1652 ah
2427 1592 2688 1651 ineunte
2717 1598 2900 1651 astate
2931 1592 3005 1653 ad
3035 1592 3383 1655 litterarum
3418 1593 3632 1656 studia

388 1714 676 1773 animum
712 1705 1185 1787 applicuimus,
1240 1698 1469 1776 ingrati
1514 1696 1799 1773 profecto
1834 1695 2040 1756 simus
2069 1739 2084 1765 ,
2134 1693 2256 1754 nisi
2308 1700 2439 1754 tum
2497 1696 2755 1760 nostro,
2793 1697 2923 1752 tum
2963 1694 3292 1755 communi
3338 1692 3630 1753 omnium

388 1816 790 1878 eruditorum
826 1811 1110 1880 nomine,
1144 1804 1409 1883 gratiam
1444 1802 1501 1863 ei
1532 1810 1835 1881 quantam
1886 1816 2251 1877 possumus,
2289 1805 2348 1859 et
2373 1808 2543 1859 'voce
2576 1807 2639 1858 et
2671 1796 2928 1875 scriptis
2963 1796 3191 1856 referre
3231 1794 3631 1855 studeamus.

390 1918 588 1977 Porro
626 1931 757 1995 quo
786 1914 1005 1975 favore
1038 1919 1406 1990 quantaque
1441 1907 1886 1971 benevolentia
1923 1913 2348 1986 prosequatur
2381 1905 2661 1975 litteras,
2715 1910 2984 1963 testatur
3024 1900 3267 1979 prolixa
3310 1900 3449 1977 ejus
3487 1914 3631 1975 erga

393 2017 692 2077 homines
726 2016 1015 2076 eruditos
1057 2012 1406 2073 liberalitas
1443 2027 1512 2071 ac
1551 2008 2037 2083 munificentia;
2080 2025 2270 2085 quam
2309 2005 2611 2085 quidem,
2669 2013 2736 2064 ut
2782 2004 2859 2065 de
2897 2002 3037 2065 aliis
3076 2000 3231 2065 nihil
3268 2000 3505 2071 dicam,
3554 1999 3630 2059 ad

389 2133 490 2176 me
541 2132 805 2193 quoque
843 2114 1003 2189 nihil
1044 2114 1412 2196 hujusmodi
1459 2121 1821 2193 sperantem
1874 2130 1944 2172 ac
1996 2130 2072 2173 ne
2113 2111 2497 2189 cogitantem
2541 2109 2845 2189 quidem,
2896 2125 3103 2187 nuper
3147 2104 3345 2166 voluit
3404 2118 3630 2180 perve-

393 2216 560 2275 nire.
616 2214 793 2275 ldem
847 2215 1123 2277 declarat
1173 2215 1680 2296 locupletissima
1731 2213 1870 2290 ejus
1912 2210 2331 2271 bibliotheca.
2378 2208 2582 2282 Quam
2634 2227 2777 2269 cum
2837 2200 3194 2268 innumeris
3246 2203 3635 2283 optimorum

392 2320 773 2398 scriptomm
822 2322 1348 2400 exemplaribus,
1405 2318 1628 2398 partim
1680 2316 1977 2388 excusis,
2042 2315 2267 2392 partim
2323 2329 2514 2374 manu
2571 2312 2846 2373 exaratis
2902 2308 3316 2378 instruxerit,
3374 2321 3500 2365 non
3564 2307 3634 2363 ut

392 2432 640 2487 veteres
687 2424 782 2485 illi
831 2427 1128 2487 Romamn
1163 2425 1337 2487 urbis
1378 2432 1711 2485 senatores
1747 2436 1912 2499 quos
1954 2435 2029 2480 eo
2062 2420 2324 2479 nomine
2362 2416 2735 2497 perstringit
2770 2414 3151 2474 Ammianus
3183 2407 3630 2476 Marcellinus,

389 2543 531 2584 eam
568 2527 766 2586 instar
800 2527 1131 2604 cujusdam
1167 2526 1450 2605 sepulcri
1486 2528 1794 2603 perpetuo
1827 2520 2104 2582 clausam
2144 2518 2377 2580 habet:
2421 2518 2529 2579 sed
2567 2517 2739 2578 velut
2774 2514 3088 2595 publicam
3125 2511 3385 2571 domum
3419 2505 3632 2568 omni-

391 2622 513 2683 bus
548 2625 752 2703 aperit
791 2627 1097 2701 eruditis;
1142 2629 1441 2704 ultroque
1474 2624 1545 2685 ad
1584 2640 1718 2682 eam
1763 2622 1988 2679 invitat
2022 2618 2353 2696 singulos;
2394 2625 2453 2678 et
2487 2616 3070 2693 manuscriptorum
3106 2610 3401 2673 codicum
3446 2622 3629 2665 usum

391 2725 741 2797 studiosis,
794 2730 1310 2805 quotiescunque
1364 2741 1527 2803 Opus
1579 2722 1965 2791 habuerint,
2022 2719 2365 2780 liberaliter
2411 2718 2717 2795 impertit.
2769 2717 2934 2790 Quid
2979 2714 3181 2775 dicam
3238 2710 3316 2771 de
3373 2706 3634 2784 reliquis

391 2823 565 2883 illius
605 2825 948 2887 virtutibus
987 2833 1046 2885 et
1080 2824 1337 2886 eximiis
1374 2821 1573 2884 animi
1615 2821 1923 2882 dotibus?
1957 2818 2113 2897 quid
2150 2819 2227 2880 de
2260 2818 2537 2879 mirabili
2584 2816 3020 2879 moderatione
3053 2830 3121 2874 ac
3161 2810 3461 2877 lenitate,
3508 2822 3632 2883 qua

391 2927 735 2989 intestinos
784 2936 993 2989 motus
1041 2949 1109 2991 ac
1160 2931 1474 2990 tumultus
1516 2929 1654 2990 sine
1701 2926 1897 2987 ullius
1941 2925 2097 2987 civis
2149 2943 2377 2989 cruore
2425 2922 3011 3005 compescuiHSed
3068 2920 3197 2981 haec
3244 2916 3401 2979 alias
3450 2933 3483 2976 a
3534 2931 3634 2974 me

391 3028 823 3101 commodius,
855 3036 962 3090 aut
995 3030 1070 3090 ab
1100 3030 1245 3089 aliis
1276 3030 1576 3090 dicentur
1608 3026 1919 3086 eruatius.
1969 3026 2150 3086 Nunc
2196 3027 2369 3088 enim
2416 3044 2523 3089 eas
2573 3033 2816 3088 tantum
2857 3026 3030 3087 illius
3074 3023 3295 3085 laudes
3334 3020 3629 3099 persequi

392 3127 742 3200 constitui,
793 3146 936 3206 qure
983 3131 1272 3207 privatim
1328 3134 1647 3211 pertinent
1679 3129 1755 3191 ad
1798 3130 2013 3191 studia
2051 3129 2431 3195 litterarum.
2474 3134 2858 3211 Temperare
2894 3140 3102 3193 tamen
3144 3129 3299 3191 mihi
3338 3133 3472 3205 ipse
3506 3144 3629 3188 non

393 3240 698 3297 possum,
744 3226 902 3301 quin
944 3228 1047 3290 hic
1078 3231 1154 3289 de
1192 3250 1341 3310 pace
1374 3230 1620 3307 aliquid
1666 3230 1867 3289 dicam
1902 3274 1917 3301 ,
1967 3248 2157 3308 quam
2206 3233 2763 3294 eminentissimus
2815 3234 3156 3296 cardinalis
3201 3234 3376 3295 omni
3419 3229 3631 3292 studio

392 3335 582 3403 atque
636 3329 945 3392 industria
1004 3351 1174 3395 nunc
1218 3332 1493 3393 maxime
1538 3338 1719 3407 urget
1768 3349 1839 3391 ac
1891 3338 2262 3405 promovet,
2317 3338 2379 3391 et
2427 3349 2616 3408 quam
2672 3332 2844 3393 brevi
2884 3350 2994 3412 per
3048 3350 3371 3412 praecones
3424 3333 3632 3412 regios

394 3424 648 3501 publice
682 3430 1221 3504 pronuntiandam
1281 3449 1422 3492 esse
1467 3447 1824 3507 Speramus.
1873 3428 2125 3508 Quippe
2160 3447 2228 3490 ea
2290 3449 2388 3493 res
2434 3430 2744 3513 praecipue
2795 3435 2867 3493 ad
2912 3436 3323 3498 commodum
3362 3437 3632 3512 pertinet

398 3531 745 3591 litterarum
775 3573 793 3603 ,
831 3548 989 3609 quas
1034 3530 1203 3609 pacis
1235 3531 1525 3591 alumnas
1560 3547 1703 3589 esse
1727 3574 1742 3599 ,
1778 3535 1837 3590 et
1873 3528 1995 3588 sub
2034 3530 2173 3606 ejus
2214 3530 2437 3590 umbra
2469 3550 2537 3591 ac
2578 3531 2871 3607 praesidio
2903 3537 3402 3614 conquiescere,
3444 3555 3634 3599 nemo

394 3638 488 3691 est
534 3629 647 3708 qui
686 3631 950 3692 nesciat.
1002 3631 1159 3691 Cum
1207 3628 1404 3707 igitur
1444 3627 1787 3689 cardinalis
1839 3627 2402 3690 eminentissimus
2450 3632 2895 3708 gubernaculis
2945 3638 3315 3715 reipublica)
3360 3638 3630 3705 primum

393 3738 687 3795 admotus
714 3779 731 3807 ,
762 3737 1002 3797 bellum
1040 3753 1228 3813 grave
1260 3751 1403 3796 cum
1450 3732 1756 3808 Hispanis
1796 3747 1923 3792 non
1970 3732 2305 3792 conflasset
2342 3734 2514 3809 ipse,
2554 3734 2668 3794 sed
2705 3736 3045 3796 conflatum
3082 3736 3209 3816 jam
3255 3738 3632 3816 reperisset,

396 3836 615 3904 variis,
653 3844 720 3896 ut
762 3836 823 3895 in
861 3843 1029 3896 tanta
1061 3852 1149 3903 re,
1180 3833 1471 3893 consiliis
1506 3832 1612 3893 diu
1651 3840 1709 3891 et
1744 3840 2037 3891 accurate
2076 3831 2431 3907 perpensis,
2468 3833 2527 3891 id
2566 3833 2811 3893 tandem
2847 3836 3203 3907 constituit,
3237 3839 3634 3900 edomandos

393 3940 702 4001 diuturno
752 3940 927 4001 bello
979 3956 1118 3999 esse
1165 3938 1526 4015 Hispanos,
1581 3952 1780 4012 reque
1829 3934 1968 4011 ipsa
2022 3936 2459 3995 admonendos
2506 3946 2815 4013 quantum
2863 3936 3023 3999 Galli
3080 3941 3312 4011 armis,
3362 3940 3634 4018 Opibus,

392 4037 808 4109 fortitudine,
849 4044 1201 4104 constantia
1255 4051 1312 4102 et
1351 4042 1618 4119 reliquis
1665 4040 1740 4101 al
1791 4038 2029 4111 bellum
2084 4042 2468 4102 necessariis
2514 4042 2827 4103 subsidiis
2877 4044 3241 4121 pollerent;
3300 4050 3367 4104 ut
3416 4041 3632 4105 hostes

395 4142 833 4203 imbecillitate
868 4160 982 4203 sua
1018 4153 1077 4206 et
1111 4145 1439 4206 Gallorum
1478 4144 1757 4221 potentia
1789 4144 2040 4220 cognita
2067 4188 2083 4215 ,
2128 4145 2460 4221 segniores
2515 4146 2935 4225 imposterum
2990 4152 3205 4208 essent
3253 4147 3327 4207 ad
3378 4154 3635 4206 nostros

399 4256 503 4305 aut
546 4247 742 4306 armis
784 4252 890 4305 aut
929 4245 1163 4324 injuria
1209 4245 1652 4307 lacessendos.
1706 4243 1925 4323 Neque
1964 4245 2134 4306 enim
2178 4246 2414 4306 ﬁrmam
2454 4263 2527 4308 ac
2558 4264 2849 4308 securam
2900 4266 3112 4326 pacem
3156 4264 3302 4309 cum
3340 4246 3635 4310 hostibus

397 4352 579 4410 aliter
616 4369 804 4427 posse
840 4350 1179 4425 constitui,
1211 4368 1400 4430 quam
1431 4368 1573 4409 cum
1610 4350 1698 4409 illi
1732 4350 1930 4410 Gallis
1965 4367 2033 4411 se
2071 4350 2134 4411 in
2183 4352 2468 4427 gerendo
2508 4352 2676 4414 bello
2719 4353 2993 4429 impares
3031 4366 3174 4411 esse
3220 4348 3459 4412 crebris
3496 4349 3631 4410 cla-

395 4456 585 4517 dibus
644 4456 782 4517 suis
834 4456 1372 4531 detrimentisque
1420 4456 1805 4518 sensissent.
1857 4456 2081 4530 Itaque
2133 4473 2276 4517 cum
2332 4457 2604 4536 Hispani
2653 4458 2717 4518 id
2771 4475 2913 4520 sero
2952 4459 3205 4520 tandem
3261 4455 3522 4535 perinde
3567 4475 3635 4516 ac

393 4560 678 4638 Phryges
737 4561 1246 4634 intellexissent,
1310 4569 1439 4619 tum
1501 4560 1760 4621 demum
1825 4560 2161 4620 cardinalis
2223 4560 2779 4624 eminentissimus
2838 4569 3271 4641 opportunum
3332 4559 3635 4621 ineundae

397 4660 567 4734 pacis
603 4668 853 4735 tempus
883 4662 1108 4723 adesse
1138 4662 1652 4722 animadverteris
1680 4705 1697 4732 ,
1749 4676 1889 4721 eam
1942 4675 2089 4721 cum
2146 4660 2443 4723 hostibus
2475 4661 2680 4724 facere
2718 4678 2840 4723 non
2883 4662 3227 4735 recusavit,
3282 4669 3341 4722 et
3378 4659 3458 4719 de
3485 4659 3636 4737 jure

394 4771 646 4835 nostro,
679 4764 757 4825 de
788 4783 1033 4827 summa
1077 4768 1269 4829 totius
1305 4767 1479 4843 belli,
1512 4769 1591 4828 de
1622 4787 1734 4846 spe
1766 4767 2047 4847 denique
2087 4776 2279 4847 atque
2316 4769 2577 4829 victoria
2607 4785 2799 4848 quam
2852 4786 3013 4847 pene
3047 4770 3183 4848 jam
3223 4769 3284 4828 in
3344 4766 3635 4828 manibus

394 4863 785 4929 habebamus
816 4913 834 4940 ,
875 4870 1117 4947 aliquid
1160 4874 1547 4945 concedere,
1602 4890 1732 4952 quo
1788 4876 2176 4952 populorum
2224 4874 2581 4935 commodis
2638 4880 2699 4934 et
2736 4873 3052 4936 bonorum
3100 4874 3391 4934 omnium
3433 4870 3633 4941 vatis,

392 4973 589 5034 totius
627 4974 909 5053 denique
939 4975 1283 5038 Christiani
1327 4979 1503 5038 orbis
1538 4979 1862 5041 desiderio
1895 4979 2375 5054 gratiﬁcaretur.
2426 4979 2494 5038 In
2549 4995 2679 5057 quo
2726 4976 3115 5055 singularem
3166 4976 3302 5052 ejus
3349 4973 3637 5053 pruden-

392 5078 540 5139 tiam
574 5087 633 5139 et
670 5081 1015 5141 salutarem
1049 5082 1416 5160 reipublicm
1452 5085 1837 5161 sapientiam
1872 5083 2171 5163 equidem
2206 5083 2359 5144 satis
2392 5083 2607 5143 mirari
2642 5100 2767 5143 non
2807 5097 3096 5160 possum.

466 5232 689 5311 Neque
722 5232 896 5292 enim
927 5232 1011 5293 ob
1052 5234 1237 5294 aliam
1272 5253 1525 5296 causam
1563 5236 1781 5298 tandiu
1825 5237 2015 5298 dilata
2062 5256 2179 5314 pax
2212 5248 2337 5311 est,
2366 5255 2567 5317 quam.
2597 5244 2663 5298 ut
2694 5237 3068 5298 diuturnior
3100 5233 3408 5309 deinceps
3460 5240 3633 5293 esset

393 5348 461 5395 ac
493 5336 757 5399 ﬁrmior.
784 5339 999 5415 Atque
1032 5336 1164 5399 haec
1185 5339 1393 5401 obiter
1423 5342 1587 5401 dicta
1618 5343 1745 5403 sint
1771 5342 1852 5403 de
1884 5342 2189 5404 laudibus
2220 5343 2565 5403 cardinalis
2584 5340 3108 5403 eminentissimi.
3137 5338 3261 5411 Qui
3298 5354 3441 5396 cum
3472 5335 3640 5394 inter

392 5454 560 5500 arma
595 5438 843 5500 litteras
885 5456 957 5498 ac
1005 5438 1312 5500 litteratos
1359 5440 2105 5519 omnes-benignissime
2154 5443 2369 5502 fovere
2422 5460 2753 5522 nunquam
2806 5442 3154 5512 destiterit,
3190 5438 3394 5500 multo
3434 5437 3637 5512 magis

394 5543 777 5619 Sperandum
817 5552 914 5600 est
949 5540 1149 5612 illum,
1188 5545 1359 5618 pacis
1390 5562 1525 5605 suas
1560 5551 1845 5623 tempore
1870 5590 1885 5615 ,
1929 5549 2185 5607 easdem
2221 5554 2391 5607 artes
2443 5548 2767 5626 praecipuo
2800 5544 3074 5623 quodam
3110 5540 3328 5603 studio
3372 5556 3442 5599 ac
3476 5556 3632 5616 pro-

394 5641 661 5703 videntia
695 5639 1192 5716 complexurum
1233 5662 1248 5701 :
1284 5644 1798 5722 eﬁ'ecturumque
1848 5652 1916 5705 ut
1956 5644 2114 5704 Galli
2153 5644 2381 5715 nostri,
2430 5645 2542 5722 qui
2596 5661 2920 5706 armorum
2970 5642 3175 5721 gloria
3224 5656 3350 5716 pra:
3382 5637 3628 5699 caeteris

390 5749 679 5825 gentibus
712 5761 985 5823 semper
1016 5744 1448 5820 eminuerunt,
1485 5762 1655 5808 nunc
1695 5747 2049 5808 litterarum
2087 5747 2271 5809 laude
2307 5755 2365 5809 et
2402 5748 2789 5827 nptimarum
2820 5745 3053 5809 artium
3089 5746 3319 5807 studiis
3344 5742 3633 5805 antecel-
