  <div class='ocr_page' id='page_1' title='image "/cluster/home/n/w/nwhite01/storage/ocr_20150623/20/mdp.39015008802764/017.png"; bbox 0 0 3966 6264; ppageno 0'>
   <div class='ocr_carea' id='block_1_1' title="bbox 366 282 3592 382">
    <p class='ocr_par' dir='ltr' id='par_1_1' title="bbox 366 282 3592 382">
     <span class='ocr_line' id='line_1_1' title="bbox 366 282 3592 382; baseline -0.001 -16"><span class='ocrx_word' id='word_1_1' title='bbox 366 310 430 379; x_wconf 76' lang='lat' dir='ltr'><strong>is</strong></span> <span class='ocrx_word' id='word_1_2' title='bbox 1631 309 1890 382; x_wconf 73' lang='lat' dir='ltr'><strong>mes&quot;</strong></span> <span class='ocrx_word' id='word_1_3' title='bbox 1930 282 2315 376; x_wconf 62' lang='lat' dir='ltr'><strong>ramulo,</strong></span> <span class='ocrx_word' id='word_1_4' title='bbox 3522 297 3592 352; x_wconf 69' lang='lat'><strong>20</strong></span> 
     </span>
    </p>
   </div>
   <div class='ocr_carea' id='block_1_2' title="bbox 364 419 3586 510">
    <p class='ocr_par' dir='ltr' id='par_1_2' title="bbox 364 419 3586 510">
     <span class='ocr_line' id='line_1_2' title="bbox 364 419 3586 510; baseline -0.005 -16"><span class='ocrx_word' id='word_1_5' title='bbox 364 431 521 500; x_wconf 86' lang='lat' dir='ltr'><strong>lant.</strong></span> <span class='ocrx_word' id='word_1_6' title='bbox 555 431 673 492; x_wconf 85' lang='lat' dir='ltr'><strong>Sed</strong></span> <span class='ocrx_word' id='word_1_7' title='bbox 711 448 880 494; x_wconf 91' lang='lat' dir='ltr'><strong>nunc</strong></span> <span class='ocrx_word' id='word_1_8' title='bbox 907 437 1156 510; x_wconf 82' lang='lat' dir='ltr'><strong>tempus</strong></span> <span class='ocrx_word' id='word_1_9' title='bbox 1182 439 1300 506; x_wconf 88' lang='lat' dir='ltr'><strong>est,</strong></span> <span class='ocrx_word' id='word_1_10' title='bbox 1331 437 1394 494; x_wconf 86' lang='lat' dir='ltr'><strong>ut</strong></span> <span class='ocrx_word' id='word_1_11' title='bbox 1425 447 1500 494; x_wconf 86' lang='lat' dir='ltr'><strong>eo</strong></span> <span class='ocrx_word' id='word_1_12' title='bbox 1523 431 1696 495; x_wconf 89' lang='lat' dir='ltr'><strong>unde</strong></span> <span class='ocrx_word' id='word_1_13' title='bbox 1723 433 1998 510; x_wconf 79' lang='lat' dir='ltr'><strong>digressi</strong></span> <span class='ocrx_word' id='word_1_14' title='bbox 2023 450 2246 502; x_wconf 84' lang='lat' dir='ltr'><strong>sumus</strong></span> <span class='ocrx_word' id='word_1_15' title='bbox 2273 434 2683 494; x_wconf 83' lang='lat' dir='ltr'><strong>revertamur.</strong></span> <span class='ocrx_word' id='word_1_16' title='bbox 2707 425 2965 498; x_wconf 86' lang='lat' dir='ltr'><strong>Tertius</strong></span> <span class='ocrx_word' id='word_1_17' title='bbox 2993 424 3184 502; x_wconf 87' lang='lat' dir='ltr'><strong>igitur</strong></span> <span class='ocrx_word' id='word_1_18' title='bbox 3215 422 3325 484; x_wconf 88' lang='lat' dir='ltr'><strong>ille</strong></span> <span class='ocrx_word' id='word_1_19' title='bbox 3358 419 3586 490; x_wconf 85' lang='lat' dir='ltr'><strong>codex,</strong></span> 
     </span>
    </p>
   </div>
   <div class='ocr_carea' id='block_1_3' title="bbox 361 528 3588 616">
    <p class='ocr_par' dir='ltr' id='par_1_3' title="bbox 361 528 3588 616">
     <span class='ocr_line' id='line_1_3' title="bbox 361 528 3588 616; baseline -0.003 -18"><span class='ocrx_word' id='word_1_20' title='bbox 361 555 555 616; x_wconf 88' lang='lat' dir='ltr'><strong>quem</strong></span> <span class='ocrx_word' id='word_1_21' title='bbox 589 539 931 601; x_wconf 89' lang='lat' dir='ltr'><strong>cardinalis</strong></span> <span class='ocrx_word' id='word_1_22' title='bbox 968 536 1462 600; x_wconf 77' lang='lat' dir='ltr'><strong>eminentissimi</strong></span> <span class='ocrx_word' id='word_1_23' title='bbox 1507 535 1890 600; x_wconf 78' lang='lat' dir='ltr'><strong>bibliotheca</strong></span> <span class='ocrx_word' id='word_1_24' title='bbox 1939 537 2124 598; x_wconf 91' lang='lat' dir='ltr'><strong>nobis</strong></span> <span class='ocrx_word' id='word_1_25' title='bbox 2172 535 2632 616; x_wconf 77' lang='lat' dir='ltr'><strong>suppeditavit,</strong></span> <span class='ocrx_word' id='word_1_26' title='bbox 2665 533 2952 596; x_wconf 90' lang='lat' dir='ltr'><strong>omnium</strong></span> <span class='ocrx_word' id='word_1_27' title='bbox 3006 547 3170 610; x_wconf 90' lang='lat' dir='ltr'><strong>quos</strong></span> <span class='ocrx_word' id='word_1_28' title='bbox 3219 528 3344 588; x_wconf 89' lang='lat' dir='ltr'><strong>vidi</strong></span> <span class='ocrx_word' id='word_1_29' title='bbox 3383 529 3588 588; x_wconf 90' lang='lat' dir='ltr'><strong>Euse-</strong></span> 
     </span>
    </p>
   </div>
   <div class='ocr_carea' id='block_1_4' title="bbox 360 628 3586 716">
    <p class='ocr_par' dir='ltr' id='par_1_4' title="bbox 360 628 3586 716">
     <span class='ocr_line' id='line_1_4' title="bbox 360 628 3586 716; baseline -0.004 -14"><span class='ocrx_word' id='word_1_30' title='bbox 360 639 705 702; x_wconf 90' lang='lat' dir='ltr'><strong>bianorum</strong></span> <span class='ocrx_word' id='word_1_31' title='bbox 742 642 1034 703; x_wconf 86' lang='lat' dir='ltr'><strong>codicum</strong></span> <span class='ocrx_word' id='word_1_32' title='bbox 1069 642 1258 716; x_wconf 85' lang='lat' dir='ltr'><strong>longe</strong></span> <span class='ocrx_word' id='word_1_33' title='bbox 1291 641 1574 716; x_wconf 89' lang='lat' dir='ltr'><strong>optimus</strong></span> <span class='ocrx_word' id='word_1_34' title='bbox 1621 646 1716 700; x_wconf 89' lang='lat' dir='ltr'><strong>est</strong></span> <span class='ocrx_word' id='word_1_35' title='bbox 1759 655 1830 700; x_wconf 86' lang='lat' dir='ltr'><strong>ac</strong></span> <span class='ocrx_word' id='word_1_36' title='bbox 1865 638 2366 700; x_wconf 89' lang='lat' dir='ltr'><strong>vetustissimus.</strong></span> <span class='ocrx_word' id='word_1_37' title='bbox 2411 635 2742 712; x_wconf 88' lang='lat' dir='ltr'><strong>Quotquot</strong></span> <span class='ocrx_word' id='word_1_38' title='bbox 2775 633 2946 694; x_wconf 91' lang='lat' dir='ltr'><strong>enim</strong></span> <span class='ocrx_word' id='word_1_39' title='bbox 2997 629 3478 693; x_wconf 83' lang='lat' dir='ltr'><strong>emendationes</strong></span> <span class='ocrx_word' id='word_1_40' title='bbox 3524 628 3586 688; x_wconf 90' lang='lat' dir='ltr'><strong>in</strong></span> 
     </span>
    </p>
   </div>
   <div class='ocr_carea' id='block_1_5' title="bbox 355 731 3586 821">
    <p class='ocr_par' dir='ltr' id='par_1_5' title="bbox 355 731 3586 821">
     <span class='ocr_line' id='line_1_5' title="bbox 355 731 3586 821; baseline -0.002 -23"><span class='ocrx_word' id='word_1_41' title='bbox 355 738 506 808; x_wconf 86' lang='lat' dir='ltr'><strong>aliis</strong></span> <span class='ocrx_word' id='word_1_42' title='bbox 537 741 1009 817; x_wconf 87' lang='lat' dir='ltr'><strong>exemplaribus</strong></span> <span class='ocrx_word' id='word_1_43' title='bbox 1038 743 1419 821; x_wconf 90' lang='lat' dir='ltr'><strong>reperimus,</strong></span> <span class='ocrx_word' id='word_1_44' title='bbox 1458 761 1564 804; x_wconf 88' lang='lat' dir='ltr'><strong>eas</strong></span> <span class='ocrx_word' id='word_1_45' title='bbox 1611 743 1814 804; x_wconf 88' lang='lat' dir='ltr'><strong>codex</strong></span> <span class='ocrx_word' id='word_1_46' title='bbox 1849 743 1957 804; x_wconf 89' lang='lat' dir='ltr'><strong>ille</strong></span> <span class='ocrx_word' id='word_1_47' title='bbox 2003 760 2227 804; x_wconf 89' lang='lat' dir='ltr'><strong>omnes</strong></span> <span class='ocrx_word' id='word_1_48' title='bbox 2271 740 2572 811; x_wconf 83' lang='lat' dir='ltr'><strong>exhibet;</strong></span> <span class='ocrx_word' id='word_1_49' title='bbox 2609 743 2823 798; x_wconf 73' lang='lat' dir='ltr'><strong>multte</strong></span> <span class='ocrx_word' id='word_1_50' title='bbox 2858 754 3006 797; x_wconf 91' lang='lat' dir='ltr'><strong>vero</strong></span> <span class='ocrx_word' id='word_1_51' title='bbox 3047 736 3183 797; x_wconf 65' lang='lat' dir='ltr'><strong>alia)</strong></span> <span class='ocrx_word' id='word_1_52' title='bbox 3213 733 3280 795; x_wconf 88' lang='lat' dir='ltr'><strong>in</strong></span> <span class='ocrx_word' id='word_1_53' title='bbox 3325 733 3433 793; x_wconf 91' lang='lat' dir='ltr'><strong>illo</strong></span> <span class='ocrx_word' id='word_1_54' title='bbox 3475 731 3586 792; x_wconf 84' lang='lat' dir='ltr'><strong>ha-</strong></span> 
     </span>
    </p>
   </div>
   <div class='ocr_carea' id='block_1_6' title="bbox 277 835 3587 924">
    <p class='ocr_par' dir='ltr' id='par_1_6' title="bbox 277 835 3587 924">
     <span class='ocr_line' id='line_1_6' title="bbox 277 835 3587 924; baseline -0.002 -21"><span class='ocrx_word' id='word_1_55' title='bbox 277 847 280 857; x_wconf 89' lang='lat'>&#39;</span> <span class='ocrx_word' id='word_1_56' title='bbox 360 843 597 903; x_wconf 84' lang='lat' dir='ltr'><strong>bentur</strong></span> <span class='ocrx_word' id='word_1_57' title='bbox 651 845 1156 918; x_wconf 89' lang='lat' dir='ltr'><strong>emendationes,</strong></span> <span class='ocrx_word' id='word_1_58' title='bbox 1211 864 1370 924; x_wconf 89' lang='lat' dir='ltr'><strong>quas</strong></span> <span class='ocrx_word' id='word_1_59' title='bbox 1405 847 1467 906; x_wconf 90' lang='lat' dir='ltr'><strong>in</strong></span> <span class='ocrx_word' id='word_1_60' title='bbox 1517 847 1658 908; x_wconf 88' lang='lat' dir='ltr'><strong>aliis</strong></span> <span class='ocrx_word' id='word_1_61' title='bbox 1709 846 2185 924; x_wconf 72' lang='lat' dir='ltr'><strong>exemplaribus</strong></span> <span class='ocrx_word' id='word_1_62' title='bbox 2241 861 2369 906; x_wconf 90' lang='lat' dir='ltr'><strong>non</strong></span> <span class='ocrx_word' id='word_1_63' title='bbox 2421 845 2652 921; x_wconf 89' lang='lat' dir='ltr'><strong>reperi,</strong></span> <span class='ocrx_word' id='word_1_64' title='bbox 2700 839 3240 921; x_wconf 84' lang='lat' dir='ltr'><strong>quemadmodum</strong></span> <span class='ocrx_word' id='word_1_65' title='bbox 3293 856 3367 899; x_wconf 88' lang='lat' dir='ltr'><strong>ex</strong></span> <span class='ocrx_word' id='word_1_66' title='bbox 3425 835 3587 896; x_wconf 82' lang='lat' dir='ltr'><strong>meis</strong></span> 
     </span>
    </p>
   </div>
   <div class='ocr_carea' id='block_1_7' title="bbox 359 943 3583 1032">
    <p class='ocr_par' dir='ltr' id='par_1_7' title="bbox 359 943 3583 1032">
     <span class='ocr_line' id='line_1_7' title="bbox 359 943 3583 1032; baseline 0.001 -26"><span class='ocrx_word' id='word_1_67' title='bbox 359 945 883 1009; x_wconf 79' lang='lat' dir='ltr'><strong>adnotationibus</strong></span> <span class='ocrx_word' id='word_1_68' title='bbox 935 953 1207 1014; x_wconf 86' lang='lat' dir='ltr'><strong>studiosi</strong></span> <span class='ocrx_word' id='word_1_69' title='bbox 1268 954 1534 1015; x_wconf 87' lang='lat' dir='ltr'><strong>lectores</strong></span> <span class='ocrx_word' id='word_1_70' title='bbox 1590 963 1894 1032; x_wconf 88' lang='lat' dir='ltr'><strong>poterunt</strong></span> <span class='ocrx_word' id='word_1_71' title='bbox 1945 969 2356 1029; x_wconf 81' lang='lat' dir='ltr'><strong>cognoscere.</strong></span> <span class='ocrx_word' id='word_1_72' title='bbox 2410 951 2698 1027; x_wconf 82' lang='lat' dir='ltr'><strong>Scriptus</strong></span> <span class='ocrx_word' id='word_1_73' title='bbox 2748 956 2844 1010; x_wconf 89' lang='lat' dir='ltr'><strong>est</strong></span> <span class='ocrx_word' id='word_1_74' title='bbox 2893 948 2958 1008; x_wconf 91' lang='lat' dir='ltr'><strong>in</strong></span> <span class='ocrx_word' id='word_1_75' title='bbox 3001 943 3392 1010; x_wconf 78' lang='lat' dir='ltr'><strong>membranis</strong></span> <span class='ocrx_word' id='word_1_76' title='bbox 3441 949 3583 1003; x_wconf 77' lang='lat' dir='ltr'><strong>anle</strong></span> 
     </span>
    </p>
   </div>
   <div class='ocr_carea' id='block_1_8' title="bbox 357 1046 3584 1134">
    <p class='ocr_par' dir='ltr' id='par_1_8' title="bbox 357 1046 3584 1134">
     <span class='ocr_line' id='line_1_8' title="bbox 357 1046 3584 1134; baseline 0.001 -26"><span class='ocrx_word' id='word_1_77' title='bbox 357 1050 803 1126; x_wconf 83' lang='lat' dir='ltr'><strong>septingentos</strong></span> <span class='ocrx_word' id='word_1_78' title='bbox 840 1053 979 1130; x_wconf 90' lang='lat' dir='ltr'><strong>plus</strong></span> <span class='ocrx_word' id='word_1_79' title='bbox 1023 1055 1234 1124; x_wconf 90' lang='lat' dir='ltr'><strong>minus</strong></span> <span class='ocrx_word' id='word_1_80' title='bbox 1277 1073 1503 1131; x_wconf 91' lang='lat' dir='ltr'><strong>annos,</strong></span> <span class='ocrx_word' id='word_1_81' title='bbox 1550 1056 2028 1134; x_wconf 85' lang='lat' dir='ltr'><strong>elegantissime</strong></span> <span class='ocrx_word' id='word_1_82' title='bbox 2061 1057 2254 1116; x_wconf 91' lang='lat' dir='ltr'><strong>simul</strong></span> <span class='ocrx_word' id='word_1_83' title='bbox 2310 1064 2371 1117; x_wconf 91' lang='lat' dir='ltr'><strong>et</strong></span> <span class='ocrx_word' id='word_1_84' title='bbox 2422 1052 2972 1117; x_wconf 81' lang='lat' dir='ltr'><strong>emendatissimo.</strong></span> <span class='ocrx_word' id='word_1_85' title='bbox 3025 1046 3272 1108; x_wconf 84' lang='lat' dir='ltr'><strong>Scholia</strong></span> <span class='ocrx_word' id='word_1_86' title='bbox 3319 1059 3584 1122; x_wconf 71' lang='lat' dir='ltr'><strong>quoque,</strong></span> 
     </span>
    </p>
   </div>
   <div class='ocr_carea' id='block_1_9' title="bbox 357 1146 3585 1238">
    <p class='ocr_par' dir='ltr' id='par_1_9' title="bbox 357 1146 3585 1238">
     <span class='ocr_line' id='line_1_9' title="bbox 357 1146 3585 1238; baseline -0.002 -26"><span class='ocrx_word' id='word_1_87' title='bbox 357 1153 434 1212; x_wconf 90' lang='lat' dir='ltr'><strong>ad</strong></span> <span class='ocrx_word' id='word_1_88' title='bbox 469 1152 632 1214; x_wconf 90' lang='lat' dir='ltr'><strong>latus</strong></span> <span class='ocrx_word' id='word_1_89' title='bbox 670 1155 987 1219; x_wconf 88' lang='lat' dir='ltr'><strong>interdum</strong></span> <span class='ocrx_word' id='word_1_90' title='bbox 1023 1157 1208 1220; x_wconf 84' lang='lat' dir='ltr'><strong>habet</strong></span> <span class='ocrx_word' id='word_1_91' title='bbox 1239 1162 1551 1238; x_wconf 89' lang='lat' dir='ltr'><strong>apposita,</strong></span> <span class='ocrx_word' id='word_1_92' title='bbox 1587 1176 1763 1220; x_wconf 91' lang='lat' dir='ltr'><strong>nunc</strong></span> <span class='ocrx_word' id='word_1_93' title='bbox 1793 1159 2054 1236; x_wconf 89' lang='lat' dir='ltr'><strong>antiqua</strong></span> <span class='ocrx_word' id='word_1_94' title='bbox 2090 1177 2305 1227; x_wconf 87' lang='lat' dir='ltr'><strong>manu,</strong></span> <span class='ocrx_word' id='word_1_95' title='bbox 2341 1176 2510 1220; x_wconf 88' lang='lat' dir='ltr'><strong>nunc</strong></span> <span class='ocrx_word' id='word_1_96' title='bbox 2551 1157 2930 1225; x_wconf 88' lang='lat' dir='ltr'><strong>recentiore,</strong></span> <span class='ocrx_word' id='word_1_97' title='bbox 2961 1167 3102 1232; x_wconf 67' lang='lat' dir='ltr'><strong>quae</strong></span> <span class='ocrx_word' id='word_1_98' title='bbox 3135 1166 3250 1210; x_wconf 94' lang='lat' dir='ltr'><strong>nos</strong></span> <span class='ocrx_word' id='word_1_99' title='bbox 3289 1149 3350 1232; x_wconf 88' lang='lat' dir='ltr'><strong>in</strong></span> <span class='ocrx_word' id='word_1_100' title='bbox 3385 1146 3585 1207; x_wconf 84' lang='lat' dir='ltr'><strong>adno-</strong></span> 
     </span>
    </p>
   </div>
   <div class='ocr_carea' id='block_1_10' title="bbox 357 1247 3581 1337">
    <p class='ocr_par' dir='ltr' id='par_1_10' title="bbox 357 1247 3581 1337">
     <span class='ocr_line' id='line_1_10' title="bbox 357 1247 3581 1337; baseline -0.002 -23"><span class='ocrx_word' id='word_1_101' title='bbox 357 1253 705 1325; x_wconf 84' lang='lat' dir='ltr'><strong>tationibus</strong></span> <span class='ocrx_word' id='word_1_102' title='bbox 741 1259 975 1326; x_wconf 82' lang='lat' dir='ltr'><strong>nostris</strong></span> <span class='ocrx_word' id='word_1_103' title='bbox 1010 1274 1129 1321; x_wconf 92' lang='lat' dir='ltr'><strong>suo</strong></span> <span class='ocrx_word' id='word_1_104' title='bbox 1162 1275 1433 1337; x_wconf 65' lang='lat' dir='ltr'><strong>quaeque</strong></span> <span class='ocrx_word' id='word_1_105' title='bbox 1482 1259 1619 1329; x_wconf 90' lang='lat' dir='ltr'><strong>loco</strong></span> <span class='ocrx_word' id='word_1_106' title='bbox 1651 1259 2145 1336; x_wconf 80' lang='lat' dir='ltr'><strong>descripsimus.</strong></span> <span class='ocrx_word' id='word_1_107' title='bbox 2177 1259 2375 1320; x_wconf 83' lang='lat' dir='ltr'><strong>Multa</strong></span> <span class='ocrx_word' id='word_1_108' title='bbox 2407 1275 2669 1337; x_wconf 90' lang='lat' dir='ltr'><strong>quoque</strong></span> <span class='ocrx_word' id='word_1_109' title='bbox 2696 1255 2817 1317; x_wconf 88' lang='lat' dir='ltr'><strong>alia</strong></span> <span class='ocrx_word' id='word_1_110' title='bbox 2856 1255 2916 1313; x_wconf 92' lang='lat' dir='ltr'><strong>in</strong></span> <span class='ocrx_word' id='word_1_111' title='bbox 2948 1251 3191 1330; x_wconf 83' lang='lat' dir='ltr'><strong>Optimo</strong></span> <span class='ocrx_word' id='word_1_112' title='bbox 3221 1250 3335 1310; x_wconf 90' lang='lat' dir='ltr'><strong>illo</strong></span> <span class='ocrx_word' id='word_1_113' title='bbox 3367 1247 3581 1309; x_wconf 88' lang='lat' dir='ltr'><strong>codice</strong></span> 
     </span>
    </p>
   </div>
   <div class='ocr_carea' id='block_1_11' title="bbox 355 1347 3581 1437">
    <p class='ocr_par' dir='ltr' id='par_1_11' title="bbox 355 1347 3581 1437">
     <span class='ocr_line' id='line_1_11' title="bbox 355 1347 3581 1437; baseline -0.002 -23"><span class='ocrx_word' id='word_1_114' title='bbox 355 1354 748 1437; x_wconf 81' lang='lat' dir='ltr'><strong>observanda</strong></span> <span class='ocrx_word' id='word_1_115' title='bbox 792 1365 966 1436; x_wconf 88' lang='lat' dir='ltr'><strong>sunt,</strong></span> <span class='ocrx_word' id='word_1_116' title='bbox 1014 1356 1244 1436; x_wconf 85' lang='lat' dir='ltr'><strong>partim</strong></span> <span class='ocrx_word' id='word_1_117' title='bbox 1282 1356 1348 1420; x_wconf 88' lang='lat' dir='ltr'><strong>in</strong></span> <span class='ocrx_word' id='word_1_118' title='bbox 1389 1356 1784 1430; x_wconf 82' lang='lat' dir='ltr'><strong>accentibus,</strong></span> <span class='ocrx_word' id='word_1_119' title='bbox 1827 1356 2051 1432; x_wconf 81' lang='lat' dir='ltr'><strong>partim</strong></span> <span class='ocrx_word' id='word_1_120' title='bbox 2104 1356 2169 1421; x_wconf 91' lang='lat' dir='ltr'><strong>in</strong></span> <span class='ocrx_word' id='word_1_121' title='bbox 2223 1353 2638 1416; x_wconf 90' lang='lat' dir='ltr'><strong>distinctione</strong></span> <span class='ocrx_word' id='word_1_122' title='bbox 2682 1369 2799 1413; x_wconf 84' lang='lat' dir='ltr'><strong>seu</strong></span> <span class='ocrx_word' id='word_1_123' title='bbox 2834 1350 3382 1429; x_wconf 90' lang='lat' dir='ltr'><strong>interpunctione.</strong></span> <span class='ocrx_word' id='word_1_124' title='bbox 3421 1347 3581 1410; x_wconf 88' lang='lat' dir='ltr'><strong>Nam</strong></span> 
     </span>
    </p>
   </div>
   <div class='ocr_carea' id='block_1_12' title="bbox 352 1449 3578 1536">
    <p class='ocr_par' dir='ltr' id='par_1_12' title="bbox 352 1449 3578 1536">
     <span class='ocr_line' id='line_1_12' title="bbox 352 1449 3578 1536; baseline -0.002 -19"><span class='ocrx_word' id='word_1_125' title='bbox 352 1458 523 1534; x_wconf 88' lang='lat' dir='ltr'><strong>quod</strong></span> <span class='ocrx_word' id='word_1_126' title='bbox 576 1459 834 1536; x_wconf 87' lang='lat' dir='ltr'><strong>quidem</strong></span> <span class='ocrx_word' id='word_1_127' title='bbox 889 1460 963 1523; x_wconf 89' lang='lat' dir='ltr'><strong>ad</strong></span> <span class='ocrx_word' id='word_1_128' title='bbox 1015 1468 1320 1523; x_wconf 83' lang='lat' dir='ltr'><strong>accentus</strong></span> <span class='ocrx_word' id='word_1_129' title='bbox 1363 1459 1614 1531; x_wconf 88' lang='lat' dir='ltr'><strong>attinet,</strong></span> <span class='ocrx_word' id='word_1_130' title='bbox 1652 1476 1821 1536; x_wconf 58' lang='lat' dir='ltr'><strong>saepe</strong></span> <span class='ocrx_word' id='word_1_131' title='bbox 1861 1459 1928 1522; x_wconf 91' lang='lat' dir='ltr'><strong>in</strong></span> <span class='ocrx_word' id='word_1_132' title='bbox 1981 1458 2095 1521; x_wconf 92' lang='lat' dir='ltr'><strong>illo</strong></span> <span class='ocrx_word' id='word_1_133' title='bbox 2141 1458 2360 1526; x_wconf 86' lang='lat' dir='ltr'><strong>codice</strong></span> <span class='ocrx_word' id='word_1_134' title='bbox 2407 1463 2726 1518; x_wconf 83' lang='lat' dir='ltr'><strong>acuuntur</strong></span> <span class='ocrx_word' id='word_1_135' title='bbox 2761 1454 3087 1525; x_wconf 90' lang='lat' dir='ltr'><strong>vocabula,</strong></span> <span class='ocrx_word' id='word_1_136' title='bbox 3137 1469 3281 1532; x_wconf 62' lang='lat' dir='ltr'><strong>quas</strong></span> <span class='ocrx_word' id='word_1_137' title='bbox 3317 1451 3383 1512; x_wconf 91' lang='lat' dir='ltr'><strong>in</strong></span> <span class='ocrx_word' id='word_1_138' title='bbox 3433 1449 3578 1511; x_wconf 89' lang='lat' dir='ltr'><strong>aliis</strong></span> 
     </span>
    </p>
   </div>
   <div class='ocr_carea' id='block_1_13' title="bbox 354 1553 3582 1640">
    <p class='ocr_par' dir='ltr' id='par_1_13' title="bbox 354 1553 3582 1640">
     <span class='ocr_line' id='line_1_13' title="bbox 354 1553 3582 1640; baseline -0.002 -22"><span class='ocrx_word' id='word_1_139' title='bbox 354 1561 830 1636; x_wconf 68' lang='lat' dir='ltr'><strong>exemplaribus</strong></span> <span class='ocrx_word' id='word_1_140' title='bbox 859 1571 1186 1632; x_wconf 84' lang='lat' dir='ltr'><strong>accentum</strong></span> <span class='ocrx_word' id='word_1_141' title='bbox 1220 1564 1456 1631; x_wconf 85' lang='lat' dir='ltr'><strong>habent</strong></span> <span class='ocrx_word' id='word_1_142' title='bbox 1486 1563 1994 1625; x_wconf 79' lang='lat' dir='ltr'><strong>circumﬂexum.</strong></span> <span class='ocrx_word' id='word_1_143' title='bbox 2035 1560 2320 1640; x_wconf 83' lang='lat' dir='ltr'><strong>Exempli</strong></span> <span class='ocrx_word' id='word_1_144' title='bbox 2355 1563 2554 1640; x_wconf 85' lang='lat' dir='ltr'><strong>gratia</strong></span> <span class='ocrx_word' id='word_1_145' title='bbox 2600 1568 2720 1640; x_wconf 68' lang='grc' dir='ltr'><strong>πέος</strong></span> <span class='ocrx_word' id='word_1_146' title='bbox 2753 1565 2814 1622; x_wconf 89' lang='lat' dir='ltr'><strong>et</strong></span> <span class='ocrx_word' id='word_1_147' title='bbox 2855 1567 3045 1637; x_wconf 73' lang='grc' dir='ltr'><strong>καίσαρ</strong></span> <span class='ocrx_word' id='word_1_148' title='bbox 3093 1556 3157 1616; x_wconf 91' lang='lat' dir='ltr'><strong>in</strong></span> <span class='ocrx_word' id='word_1_149' title='bbox 3207 1554 3320 1615; x_wconf 90' lang='lat' dir='ltr'><strong>illo</strong></span> <span class='ocrx_word' id='word_1_150' title='bbox 3364 1553 3582 1615; x_wconf 87' lang='lat' dir='ltr'><strong>codice</strong></span> 
     </span>
    </p>
   </div>
   <div class='ocr_carea' id='block_1_14' title="bbox 355 1657 3578 1746">
    <p class='ocr_par' dir='ltr' id='par_1_14' title="bbox 355 1657 3578 1746">
     <span class='ocr_line' id='line_1_14' title="bbox 355 1657 3578 1746; baseline -0.002 -25"><span class='ocrx_word' id='word_1_151' title='bbox 355 1678 610 1740; x_wconf 82' lang='lat' dir='ltr'><strong>semper</strong></span> <span class='ocrx_word' id='word_1_152' title='bbox 640 1676 978 1728; x_wconf 84' lang='lat' dir='ltr'><strong>acuuntur.</strong></span> <span class='ocrx_word' id='word_1_153' title='bbox 1015 1667 1248 1728; x_wconf 86' lang='lat' dir='ltr'><strong>Contra</strong></span> <span class='ocrx_word' id='word_1_154' title='bbox 1283 1685 1434 1730; x_wconf 89' lang='lat' dir='ltr'><strong>vero</strong></span> <span class='ocrx_word' id='word_1_155' title='bbox 1467 1679 1642 1746; x_wconf 69' lang='grc' dir='ltr'><strong>σφῖσι,</strong></span> <span class='ocrx_word' id='word_1_156' title='bbox 1677 1666 1847 1744; x_wconf 84' lang='lat' dir='ltr'><strong>quod</strong></span> <span class='ocrx_word' id='word_1_157' title='bbox 1883 1668 1948 1742; x_wconf 85' lang='lat' dir='ltr'><strong>in</strong></span> <span class='ocrx_word' id='word_1_158' title='bbox 1983 1668 2126 1730; x_wconf 90' lang='lat' dir='ltr'><strong>aliis</strong></span> <span class='ocrx_word' id='word_1_159' title='bbox 2157 1667 2494 1729; x_wconf 89' lang='lat' dir='ltr'><strong>codicibus</strong></span> <span class='ocrx_word' id='word_1_160' title='bbox 2525 1675 2710 1726; x_wconf 88' lang='lat' dir='ltr'><strong>acuto</strong></span> <span class='ocrx_word' id='word_1_161' title='bbox 2753 1671 3012 1724; x_wconf 88' lang='lat' dir='ltr'><strong>notatur</strong></span> <span class='ocrx_word' id='word_1_162' title='bbox 3034 1667 3325 1729; x_wconf 81' lang='lat' dir='ltr'><strong>accentu,</strong></span> <span class='ocrx_word' id='word_1_163' title='bbox 3362 1658 3425 1717; x_wconf 89' lang='lat' dir='ltr'><strong>in</strong></span> <span class='ocrx_word' id='word_1_164' title='bbox 3467 1657 3578 1717; x_wconf 92' lang='lat' dir='ltr'><strong>illo</strong></span> 
     </span>
    </p>
   </div>
   <div class='ocr_carea' id='block_1_15' title="bbox 354 1760 3578 1844">
    <p class='ocr_par' dir='ltr' id='par_1_15' title="bbox 354 1760 3578 1844">
     <span class='ocr_line' id='line_1_15' title="bbox 354 1760 3578 1844; baseline -0.001 -23"><span class='ocrx_word' id='word_1_165' title='bbox 354 1761 569 1831; x_wconf 82' lang='lat' dir='ltr'><strong>codice</strong></span> <span class='ocrx_word' id='word_1_166' title='bbox 594 1765 1134 1829; x_wconf 81' lang='lat' dir='ltr'><strong>circumﬂectitur.</strong></span> <span class='ocrx_word' id='word_1_167' title='bbox 1167 1770 1375 1844; x_wconf 84' lang='lat' dir='ltr'><strong>Atque</strong></span> <span class='ocrx_word' id='word_1_168' title='bbox 1405 1765 1466 1826; x_wconf 91' lang='lat' dir='ltr'><strong>id</strong></span> <span class='ocrx_word' id='word_1_169' title='bbox 1490 1765 1746 1844; x_wconf 88' lang='lat' dir='ltr'><strong>quidem</strong></span> <span class='ocrx_word' id='word_1_170' title='bbox 1773 1766 2004 1830; x_wconf 89' lang='lat' dir='ltr'><strong>rectius</strong></span> <span class='ocrx_word' id='word_1_171' title='bbox 2036 1775 2213 1844; x_wconf 91' lang='lat' dir='ltr'><strong>puto.</strong></span> <span class='ocrx_word' id='word_1_172' title='bbox 2255 1763 2436 1838; x_wconf 87' lang='lat' dir='ltr'><strong>Quod</strong></span> <span class='ocrx_word' id='word_1_173' title='bbox 2465 1772 2675 1832; x_wconf 85' lang='lat' dir='ltr'><strong>autem</strong></span> <span class='ocrx_word' id='word_1_174' title='bbox 2701 1762 3038 1841; x_wconf 78' lang='lat' dir='ltr'><strong>Spectatad</strong></span> <span class='ocrx_word' id='word_1_175' title='bbox 3070 1760 3578 1832; x_wconf 85' lang='lat' dir='ltr'><strong>distinctionem,</strong></span> 
     </span>
    </p>
   </div>
   <div class='ocr_carea' id='block_1_16' title="bbox 353 1867 3577 1946">
    <p class='ocr_par' dir='ltr' id='par_1_16' title="bbox 353 1867 3577 1946">
     <span class='ocr_line' id='line_1_16' title="bbox 353 1867 3577 1946; baseline 0 -21"><span class='ocrx_word' id='word_1_176' title='bbox 353 1879 543 1937; x_wconf 83' lang='lat' dir='ltr'><strong>quam</strong></span> <span class='ocrx_word' id='word_1_177' title='bbox 582 1882 698 1927; x_wconf 86' lang='lat' dir='ltr'><strong>nos</strong></span> <span class='ocrx_word' id='word_1_178' title='bbox 735 1869 926 1943; x_wconf 85' lang='lat' dir='ltr'><strong>vulgo</strong></span> <span class='ocrx_word' id='word_1_179' title='bbox 959 1869 1544 1946; x_wconf 83' lang='lat' dir='ltr'><strong>interpunctionem</strong></span> <span class='ocrx_word' id='word_1_180' title='bbox 1571 1885 1902 1940; x_wconf 87' lang='lat' dir='ltr'><strong>vocamus,</strong></span> <span class='ocrx_word' id='word_1_181' title='bbox 1937 1867 2040 1930; x_wconf 90' lang='lat' dir='ltr'><strong>hic</strong></span> <span class='ocrx_word' id='word_1_182' title='bbox 2070 1869 2268 1929; x_wconf 82' lang='lat' dir='ltr'><strong>codex</strong></span> <span class='ocrx_word' id='word_1_183' title='bbox 2311 1868 2472 1928; x_wconf 86' lang='lat' dir='ltr'><strong>adeo</strong></span> <span class='ocrx_word' id='word_1_184' title='bbox 2511 1876 2804 1929; x_wconf 88' lang='lat' dir='ltr'><strong>accurate</strong></span> <span class='ocrx_word' id='word_1_185' title='bbox 2833 1867 3177 1937; x_wconf 88' lang='lat' dir='ltr'><strong>distinctus</strong></span> <span class='ocrx_word' id='word_1_186' title='bbox 3203 1872 3322 1936; x_wconf 91' lang='lat' dir='ltr'><strong>est,</strong></span> <span class='ocrx_word' id='word_1_187' title='bbox 3351 1869 3416 1924; x_wconf 90' lang='lat' dir='ltr'><strong>ut</strong></span> <span class='ocrx_word' id='word_1_188' title='bbox 3448 1869 3577 1925; x_wconf 89' lang='lat' dir='ltr'><strong>tota</strong></span> 
     </span>
    </p>
   </div>
   <div class='ocr_carea' id='block_1_17' title="bbox 350 1963 3578 2051">
    <p class='ocr_par' dir='ltr' id='par_1_17' title="bbox 350 1963 3578 2051">
     <span class='ocr_line' id='line_1_17' title="bbox 350 1963 3578 2051; baseline 0.002 -27"><span class='ocrx_word' id='word_1_189' title='bbox 350 1963 783 2046; x_wconf 82' lang='lat' dir='ltr'><strong>distinguendi</strong></span> <span class='ocrx_word' id='word_1_190' title='bbox 822 1974 1128 2033; x_wconf 87' lang='lat' dir='ltr'><strong>rationem</strong></span> <span class='ocrx_word' id='word_1_191' title='bbox 1160 1991 1229 2036; x_wconf 89' lang='lat' dir='ltr'><strong>ac</strong></span> <span class='ocrx_word' id='word_1_192' title='bbox 1253 1973 1610 2045; x_wconf 88' lang='lat' dir='ltr'><strong>scientiam,</strong></span> <span class='ocrx_word' id='word_1_193' title='bbox 1645 1989 1786 2050; x_wconf 62' lang='lat' dir='ltr'><strong>quae</strong></span> <span class='ocrx_word' id='word_1_194' title='bbox 1828 1972 2320 2051; x_wconf 85' lang='lat' dir='ltr'><strong>haudquaquam</strong></span> <span class='ocrx_word' id='word_1_195' title='bbox 2344 1971 2503 2034; x_wconf 89' lang='lat' dir='ltr'><strong>levis</strong></span> <span class='ocrx_word' id='word_1_196' title='bbox 2525 1971 2957 2040; x_wconf 85' lang='lat' dir='ltr'><strong>momentiesl,</strong></span> <span class='ocrx_word' id='word_1_197' title='bbox 2983 1988 3057 2034; x_wconf 74' lang='lat' dir='ltr'><strong>ex</strong></span> <span class='ocrx_word' id='word_1_198' title='bbox 3080 1969 3342 2030; x_wconf 86' lang='lat' dir='ltr'><strong>hocnno</strong></span> <span class='ocrx_word' id='word_1_199' title='bbox 3363 1967 3578 2030; x_wconf 86' lang='lat' dir='ltr'><strong>codice</strong></span> 
     </span>
    </p>
   </div>
   <div class='ocr_carea' id='block_1_18' title="bbox 348 2065 3579 2153">
    <p class='ocr_par' dir='ltr' id='par_1_18' title="bbox 348 2065 3579 2153">
     <span class='ocr_line' id='line_1_18' title="bbox 348 2065 3579 2153; baseline 0.001 -28"><span class='ocrx_word' id='word_1_200' title='bbox 348 2065 556 2141; x_wconf 85' lang='lat' dir='ltr'><strong>possis</strong></span> <span class='ocrx_word' id='word_1_201' title='bbox 584 2085 995 2144; x_wconf 85' lang='lat' dir='ltr'><strong>cognoscere.</strong></span> <span class='ocrx_word' id='word_1_202' title='bbox 1029 2073 1214 2140; x_wconf 83' lang='lat' dir='ltr'><strong>Certe</strong></span> <span class='ocrx_word' id='word_1_203' title='bbox 1244 2085 1583 2153; x_wconf 84' lang='lat' dir='ltr'><strong>antequam</strong></span> <span class='ocrx_word' id='word_1_204' title='bbox 1612 2093 1757 2135; x_wconf 92' lang='lat' dir='ltr'><strong>eum</strong></span> <span class='ocrx_word' id='word_1_205' title='bbox 1784 2081 2008 2146; x_wconf 77' lang='lat' dir='ltr'><strong>nactus</strong></span> <span class='ocrx_word' id='word_1_206' title='bbox 2030 2090 2262 2143; x_wconf 89' lang='lat' dir='ltr'><strong>essem,</strong></span> <span class='ocrx_word' id='word_1_207' title='bbox 2287 2074 2507 2135; x_wconf 76' lang='lat' dir='ltr'><strong>mediae</strong></span> <span class='ocrx_word' id='word_1_208' title='bbox 2541 2072 2970 2133; x_wconf 87' lang='lat' dir='ltr'><strong>distinctionis</strong></span> <span class='ocrx_word' id='word_1_209' title='bbox 3007 2070 3343 2136; x_wconf 88' lang='lat' dir='ltr'><strong>utilitatem</strong></span> <span class='ocrx_word' id='word_1_210' title='bbox 3368 2089 3438 2130; x_wconf 87' lang='lat' dir='ltr'><strong>ac</strong></span> <span class='ocrx_word' id='word_1_211' title='bbox 3464 2086 3579 2130; x_wconf 88' lang='lat' dir='ltr'><strong>ue-</strong></span> 
     </span>
    </p>
   </div>
   <div class='ocr_carea' id='block_1_19' title="bbox 349 2172 3575 2257">
    <p class='ocr_par' dir='ltr' id='par_1_19' title="bbox 349 2172 3575 2257">
     <span class='ocr_line' id='line_1_19' title="bbox 349 2172 3575 2257; baseline 0.001 -26"><span class='ocrx_word' id='word_1_212' title='bbox 349 2172 709 2233; x_wconf 88' lang='lat' dir='ltr'><strong>cessitatem</strong></span> <span class='ocrx_word' id='word_1_213' title='bbox 739 2175 1022 2237; x_wconf 90' lang='lat' dir='ltr'><strong>nondum</strong></span> <span class='ocrx_word' id='word_1_214' title='bbox 1059 2197 1543 2257; x_wconf 79' lang='lat' dir='ltr'><strong>perspexeram;</strong></span> <span class='ocrx_word' id='word_1_215' title='bbox 1603 2196 1792 2256; x_wconf 89' lang='lat' dir='ltr'><strong>quam</strong></span> <span class='ocrx_word' id='word_1_216' title='bbox 1829 2195 1996 2238; x_wconf 92' lang='lat' dir='ltr'><strong>unus</strong></span> <span class='ocrx_word' id='word_1_217' title='bbox 2031 2176 2140 2238; x_wconf 86' lang='lat' dir='ltr'><strong>ille</strong></span> <span class='ocrx_word' id='word_1_218' title='bbox 2169 2177 2370 2237; x_wconf 80' lang='lat' dir='ltr'><strong>codex</strong></span> <span class='ocrx_word' id='word_1_219' title='bbox 2404 2175 2629 2240; x_wconf 83' lang='lat' dir='ltr'><strong>scdulo</strong></span> <span class='ocrx_word' id='word_1_220' title='bbox 2660 2176 2988 2253; x_wconf 88' lang='lat' dir='ltr'><strong>inspectus</strong></span> <span class='ocrx_word' id='word_1_221' title='bbox 3015 2183 3208 2253; x_wconf 88' lang='lat' dir='ltr'><strong>atque</strong></span> <span class='ocrx_word' id='word_1_222' title='bbox 3239 2190 3575 2244; x_wconf 86' lang='lat' dir='ltr'><strong>excussus,</strong></span> 
     </span>
    </p>
   </div>
   <div class='ocr_carea' id='block_1_20' title="bbox 348 2273 3577 2354">
    <p class='ocr_par' dir='ltr' id='par_1_20' title="bbox 348 2273 3577 2354">
     <span class='ocr_line' id='line_1_20' title="bbox 348 2273 3577 2354; baseline 0.002 -22"><span class='ocrx_word' id='word_1_223' title='bbox 348 2273 500 2334; x_wconf 87' lang='lat' dir='ltr'><strong>mihi</strong></span> <span class='ocrx_word' id='word_1_224' title='bbox 539 2277 792 2337; x_wconf 88' lang='lat' dir='ltr'><strong>tandem</strong></span> <span class='ocrx_word' id='word_1_225' title='bbox 832 2277 1152 2354; x_wconf 87' lang='lat' dir='ltr'><strong>patefecit.</strong></span> <span class='ocrx_word' id='word_1_226' title='bbox 1192 2281 1423 2340; x_wconf 75' lang='lat' dir='ltr'><strong>Verum</strong></span> <span class='ocrx_word' id='word_1_227' title='bbox 1457 2281 1535 2342; x_wconf 89' lang='lat' dir='ltr'><strong>de</strong></span> <span class='ocrx_word' id='word_1_228' title='bbox 1558 2279 1978 2345; x_wconf 88' lang='lat' dir='ltr'><strong>distinctione</strong></span> <span class='ocrx_word' id='word_1_229' title='bbox 2011 2279 2312 2352; x_wconf 90' lang='lat' dir='ltr'><strong>pluribus</strong></span> <span class='ocrx_word' id='word_1_230' title='bbox 2345 2278 2506 2344; x_wconf 78' lang='lat' dir='ltr'><strong>infra</strong></span> <span class='ocrx_word' id='word_1_231' title='bbox 2531 2279 2764 2341; x_wconf 89' lang='lat' dir='ltr'><strong>dicturi</strong></span> <span class='ocrx_word' id='word_1_232' title='bbox 2792 2295 3043 2339; x_wconf 87' lang='lat' dir='ltr'><strong>sumus.</strong></span> <span class='ocrx_word' id='word_1_233' title='bbox 3072 2278 3234 2337; x_wconf 86' lang='lat' dir='ltr'><strong>Illud</strong></span> <span class='ocrx_word' id='word_1_234' title='bbox 3273 2285 3577 2354; x_wconf 70' lang='lat' dir='ltr'><strong>prmterea</strong></span> 
     </span>
    </p>
   </div>
   <div class='ocr_carea' id='block_1_21' title="bbox 343 2375 3580 2459">
    <p class='ocr_par' dir='ltr' id='par_1_21' title="bbox 343 2375 3580 2459">
     <span class='ocr_line' id='line_1_21' title="bbox 343 2375 3580 2459; baseline 0.002 -25"><span class='ocrx_word' id='word_1_235' title='bbox 343 2375 413 2434; x_wconf 90' lang='lat' dir='ltr'><strong>in</strong></span> <span class='ocrx_word' id='word_1_236' title='bbox 452 2377 886 2436; x_wconf 82' lang='lat' dir='ltr'><strong>vetustissimo</strong></span> <span class='ocrx_word' id='word_1_237' title='bbox 916 2378 1024 2438; x_wconf 80' lang='lat' dir='ltr'><strong>illo</strong></span> <span class='ocrx_word' id='word_1_238' title='bbox 1058 2380 1273 2442; x_wconf 89' lang='lat' dir='ltr'><strong>codice</strong></span> <span class='ocrx_word' id='word_1_239' title='bbox 1301 2380 1658 2450; x_wconf 82' lang='lat' dir='ltr'><strong>observavi,</strong></span> <span class='ocrx_word' id='word_1_240' title='bbox 1681 2379 2193 2459; x_wconf 88' lang='lat' dir='ltr'><strong>quotiescunque</strong></span> <span class='ocrx_word' id='word_1_241' title='bbox 2218 2379 2400 2456; x_wconf 85' lang='lat' dir='ltr'><strong>plena</strong></span> <span class='ocrx_word' id='word_1_242' title='bbox 2429 2377 2756 2438; x_wconf 89' lang='lat' dir='ltr'><strong>distinctio</strong></span> <span class='ocrx_word' id='word_1_243' title='bbox 2787 2395 2899 2439; x_wconf 91' lang='lat' dir='ltr'><strong>seu</strong></span> <span class='ocrx_word' id='word_1_244' title='bbox 2933 2382 3108 2455; x_wconf 71' lang='grc' dir='ltr'><strong>τελείοί</strong></span> <span class='ocrx_word' id='word_1_245' title='bbox 3156 2389 3351 2458; x_wconf 73' lang='grc' dir='ltr'><strong>στιγμή</strong></span> <span class='ocrx_word' id='word_1_246' title='bbox 3384 2397 3580 2457; x_wconf 91' lang='lat' dir='ltr'><strong>appo-</strong></span> 
     </span>
    </p>
   </div>
   <div class='ocr_carea' id='block_1_22' title="bbox 341 2476 3579 2559">
    <p class='ocr_par' dir='ltr' id='par_1_22' title="bbox 341 2476 3579 2559">
     <span class='ocr_line' id='line_1_22' title="bbox 341 2476 3579 2559; baseline 0.002 -24"><span class='ocrx_word' id='word_1_247' title='bbox 341 2476 458 2536; x_wconf 92' lang='lat' dir='ltr'><strong>sita</strong></span> <span class='ocrx_word' id='word_1_248' title='bbox 500 2483 593 2538; x_wconf 91' lang='lat' dir='ltr'><strong>est</strong></span> <span class='ocrx_word' id='word_1_249' title='bbox 630 2477 694 2537; x_wconf 91' lang='lat' dir='ltr'><strong>in</strong></span> <span class='ocrx_word' id='word_1_250' title='bbox 729 2478 946 2557; x_wconf 82' lang='lat' dir='ltr'><strong>aliqua</strong></span> <span class='ocrx_word' id='word_1_251' title='bbox 979 2478 1170 2551; x_wconf 87' lang='lat' dir='ltr'><strong>linea,</strong></span> <span class='ocrx_word' id='word_1_252' title='bbox 1207 2479 1471 2556; x_wconf 88' lang='lat' dir='ltr'><strong>primam</strong></span> <span class='ocrx_word' id='word_1_253' title='bbox 1506 2479 1838 2557; x_wconf 84' lang='lat' dir='ltr'><strong>sequentis</strong></span> <span class='ocrx_word' id='word_1_254' title='bbox 1874 2477 2060 2541; x_wconf 76' lang='lat' dir='ltr'><strong>linem</strong></span> <span class='ocrx_word' id='word_1_255' title='bbox 2094 2477 2364 2539; x_wconf 88' lang='lat' dir='ltr'><strong>litteram</strong></span> <span class='ocrx_word' id='word_1_256' title='bbox 2407 2488 2581 2539; x_wconf 80' lang='lat' dir='ltr'><strong>extra</strong></span> <span class='ocrx_word' id='word_1_257' title='bbox 2621 2480 3014 2559; x_wconf 89' lang='lat' dir='ltr'><strong>reliquarum</strong></span> <span class='ocrx_word' id='word_1_258' title='bbox 3063 2482 3359 2542; x_wconf 87' lang='lat' dir='ltr'><strong>ordinem</strong></span> <span class='ocrx_word' id='word_1_259' title='bbox 3419 2499 3579 2543; x_wconf 83' lang='lat' dir='ltr'><strong>con-</strong></span> 
     </span>
    </p>
   </div>
   <div class='ocr_carea' id='block_1_23' title="bbox 339 2579 3574 2663">
    <p class='ocr_par' dir='ltr' id='par_1_23' title="bbox 339 2579 3574 2663">
     <span class='ocr_line' id='line_1_23' title="bbox 339 2579 3574 2663; baseline 0.002 -23"><span class='ocrx_word' id='word_1_260' title='bbox 339 2580 527 2656; x_wconf 80' lang='lat' dir='ltr'><strong>spici,</strong></span> <span class='ocrx_word' id='word_1_261' title='bbox 562 2590 624 2643; x_wconf 91' lang='lat' dir='ltr'><strong>et</strong></span> <span class='ocrx_word' id='word_1_262' title='bbox 673 2583 1056 2645; x_wconf 84' lang='lat' dir='ltr'><strong>exteriorem</strong></span> <span class='ocrx_word' id='word_1_263' title='bbox 1115 2584 1464 2661; x_wconf 88' lang='lat' dir='ltr'><strong>marginem</strong></span> <span class='ocrx_word' id='word_1_264' title='bbox 1505 2583 1875 2645; x_wconf 89' lang='lat' dir='ltr'><strong>subradere.</strong></span> <span class='ocrx_word' id='word_1_265' title='bbox 1929 2579 2130 2656; x_wconf 82' lang='lat' dir='ltr'><strong>quue</strong></span> <span class='ocrx_word' id='word_1_266' title='bbox 2167 2580 2474 2648; x_wconf 86' lang='lat' dir='ltr'><strong>indicium</strong></span> <span class='ocrx_word' id='word_1_267' title='bbox 2528 2589 2643 2650; x_wconf 86' lang='lat' dir='ltr'><strong>est,</strong></span> <span class='ocrx_word' id='word_1_268' title='bbox 2676 2599 2908 2644; x_wconf 86' lang='lat' dir='ltr'><strong>novum</strong></span> <span class='ocrx_word' id='word_1_269' title='bbox 2945 2593 3138 2663; x_wconf 89' lang='lat' dir='ltr'><strong>caput</strong></span> <span class='ocrx_word' id='word_1_270' title='bbox 3190 2594 3298 2647; x_wconf 89' lang='lat' dir='ltr'><strong>aut</strong></span> <span class='ocrx_word' id='word_1_271' title='bbox 3342 2602 3574 2647; x_wconf 87' lang='lat' dir='ltr'><strong>novam</strong></span> 
     </span>
    </p>
   </div>
   <div class='ocr_carea' id='block_1_24' title="bbox 340 2683 3578 2766">
    <p class='ocr_par' dir='ltr' id='par_1_24' title="bbox 340 2683 3578 2766">
     <span class='ocr_line' id='line_1_24' title="bbox 340 2683 3578 2766; baseline 0.002 -27"><span class='ocrx_word' id='word_1_272' title='bbox 340 2684 678 2760; x_wconf 82' lang='lat' dir='ltr'><strong>periodum</strong></span> <span class='ocrx_word' id='word_1_273' title='bbox 711 2685 996 2748; x_wconf 87' lang='lat' dir='ltr'><strong>inchoari</strong></span> <span class='ocrx_word' id='word_1_274' title='bbox 1035 2694 1174 2764; x_wconf 89' lang='lat' dir='ltr'><strong>post</strong></span> <span class='ocrx_word' id='word_1_275' title='bbox 1209 2686 1458 2747; x_wconf 82' lang='lat' dir='ltr'><strong>ﬁnalem</strong></span> <span class='ocrx_word' id='word_1_276' title='bbox 1494 2686 1668 2747; x_wconf 89' lang='lat' dir='ltr'><strong>illam</strong></span> <span class='ocrx_word' id='word_1_277' title='bbox 1712 2683 2234 2744; x_wconf 86' lang='lat' dir='ltr'><strong>distinctionem.</strong></span> <span class='ocrx_word' id='word_1_278' title='bbox 2271 2683 2441 2745; x_wconf 89' lang='lat' dir='ltr'><strong>Idem</strong></span> <span class='ocrx_word' id='word_1_279' title='bbox 2480 2683 2542 2747; x_wconf 93' lang='lat' dir='ltr'><strong>in</strong></span> <span class='ocrx_word' id='word_1_280' title='bbox 2576 2685 2718 2744; x_wconf 89' lang='lat' dir='ltr'><strong>aliis</strong></span> <span class='ocrx_word' id='word_1_281' title='bbox 2751 2704 3006 2766; x_wconf 90' lang='lat' dir='ltr'><strong>quoque</strong></span> <span class='ocrx_word' id='word_1_282' title='bbox 3047 2689 3301 2765; x_wconf 83' lang='lat' dir='ltr'><strong>scriptis</strong></span> <span class='ocrx_word' id='word_1_283' title='bbox 3336 2687 3578 2749; x_wconf 85' lang='lat' dir='ltr'><strong>codici-</strong></span> 
     </span>
    </p>
   </div>
   <div class='ocr_carea' id='block_1_25' title="bbox 341 2784 3578 2866">
    <p class='ocr_par' dir='ltr' id='par_1_25' title="bbox 341 2784 3578 2866">
     <span class='ocr_line' id='line_1_25' title="bbox 341 2784 3578 2866; baseline 0.001 -22"><span class='ocrx_word' id='word_1_284' title='bbox 341 2784 465 2856; x_wconf 84' lang='lat' dir='ltr'><strong>bus</strong></span> <span class='ocrx_word' id='word_1_285' title='bbox 499 2786 857 2848; x_wconf 89' lang='lat' dir='ltr'><strong>observavi.</strong></span> <span class='ocrx_word' id='word_1_286' title='bbox 906 2788 1089 2848; x_wconf 88' lang='lat' dir='ltr'><strong>Certe</strong></span> <span class='ocrx_word' id='word_1_287' title='bbox 1141 2790 1204 2848; x_wconf 91' lang='lat' dir='ltr'><strong>in</strong></span> <span class='ocrx_word' id='word_1_288' title='bbox 1247 2787 1572 2850; x_wconf 88' lang='lat' dir='ltr'><strong>veteribus</strong></span> <span class='ocrx_word' id='word_1_289' title='bbox 1608 2788 1720 2847; x_wconf 89' lang='lat' dir='ltr'><strong>scb</strong></span> <span class='ocrx_word' id='word_1_290' title='bbox 1748 2784 1894 2847; x_wconf 89' lang='lat' dir='ltr'><strong>edis</strong></span> <span class='ocrx_word' id='word_1_291' title='bbox 1934 2784 2340 2845; x_wconf 65' lang='lat' dir='ltr'><strong>bibliothecas</strong></span> <span class='ocrx_word' id='word_1_292' title='bbox 2386 2785 2594 2862; x_wconf 60' lang='lat' dir='ltr'><strong>Regia;</strong></span> <span class='ocrx_word' id='word_1_293' title='bbox 2630 2805 2772 2866; x_wconf 65' lang='lat' dir='ltr'><strong>quae</strong></span> <span class='ocrx_word' id='word_1_294' title='bbox 2817 2788 3009 2854; x_wconf 87' lang='lat' dir='ltr'><strong>libros</strong></span> <span class='ocrx_word' id='word_1_295' title='bbox 3042 2789 3300 2849; x_wconf 80' lang='lat' dir='ltr'><strong>Eusebii</strong></span> <span class='ocrx_word' id='word_1_296' title='bbox 3337 2789 3418 2853; x_wconf 83' lang='lat' dir='ltr'><strong>De</strong></span> <span class='ocrx_word' id='word_1_297' title='bbox 3446 2789 3578 2849; x_wconf 81' lang='lat' dir='ltr'><strong>vita</strong></span> 
     </span>
    </p>
   </div>
   <div class='ocr_carea' id='block_1_26' title="bbox 342 2887 3575 2966">
    <p class='ocr_par' dir='ltr' id='par_1_26' title="bbox 342 2887 3575 2966">
     <span class='ocr_line' id='line_1_26' title="bbox 342 2887 3575 2966; baseline -0.001 -13"><span class='ocrx_word' id='word_1_298' title='bbox 342 2892 748 2962; x_wconf 80' lang='lat' dir='ltr'><strong>Constant-ini</strong></span> <span class='ocrx_word' id='word_1_299' title='bbox 777 2895 1131 2964; x_wconf 89' lang='lat' dir='ltr'><strong>continent,</strong></span> <span class='ocrx_word' id='word_1_300' title='bbox 1167 2891 1250 2951; x_wconf 91' lang='lat' dir='ltr'><strong>ita</strong></span> <span class='ocrx_word' id='word_1_301' title='bbox 1301 2907 1554 2966; x_wconf 87' lang='lat' dir='ltr'><strong>semper</strong></span> <span class='ocrx_word' id='word_1_302' title='bbox 1589 2888 1724 2949; x_wconf 83' lang='lat' dir='ltr'><strong>ﬁeri</strong></span> <span class='ocrx_word' id='word_1_303' title='bbox 1765 2887 2210 2961; x_wconf 87' lang='lat' dir='ltr'><strong>animadverti,</strong></span> <span class='ocrx_word' id='word_1_304' title='bbox 2234 2887 2487 2962; x_wconf 82' lang='lat' dir='ltr'><strong>quoties</strong></span> <span class='ocrx_word' id='word_1_305' title='bbox 2519 2905 2751 2949; x_wconf 90' lang='lat' dir='ltr'><strong>novum</strong></span> <span class='ocrx_word' id='word_1_306' title='bbox 2775 2889 3344 2964; x_wconf 86' lang='lat' dir='ltr'><strong>caput—inchoatur.</strong></span> <span class='ocrx_word' id='word_1_307' title='bbox 3374 2889 3575 2961; x_wconf 83' lang='lat' dir='ltr'><strong>Quar-</strong></span> 
     </span>
    </p>
   </div>
   <div class='ocr_carea' id='block_1_27' title="bbox 339 2987 3574 3073">
    <p class='ocr_par' dir='ltr' id='par_1_27' title="bbox 339 2987 3574 3073">
     <span class='ocr_line' id='line_1_27' title="bbox 339 2987 3574 3073; baseline -0.002 -19"><span class='ocrx_word' id='word_1_308' title='bbox 339 3002 472 3064; x_wconf 81' lang='lat' dir='ltr'><strong>tum</strong></span> <span class='ocrx_word' id='word_1_309' title='bbox 509 3006 810 3073; x_wconf 66' lang='lat' dir='ltr'><strong>praetcrea</strong></span> <span class='ocrx_word' id='word_1_310' title='bbox 859 2997 1142 3058; x_wconf 89' lang='lat' dir='ltr'><strong>codicem</strong></span> <span class='ocrx_word' id='word_1_311' title='bbox 1198 2991 1547 3053; x_wconf 88' lang='lat' dir='ltr'><strong>habuimus</strong></span> <span class='ocrx_word' id='word_1_312' title='bbox 1611 3007 1685 3050; x_wconf 88' lang='lat' dir='ltr'><strong>ex</strong></span> <span class='ocrx_word' id='word_1_313' title='bbox 1744 2987 2141 3050; x_wconf 80' lang='lat' dir='ltr'><strong>bibliotheca</strong></span> <span class='ocrx_word' id='word_1_314' title='bbox 2188 2987 2605 3047; x_wconf 84' lang='lat' dir='ltr'><strong>illustrissimi</strong></span> <span class='ocrx_word' id='word_1_315' title='bbox 2661 2988 2779 3048; x_wconf 81' lang='lat' dir='ltr'><strong>viri</strong></span> <span class='ocrx_word' id='word_1_316' title='bbox 2827 2989 3064 3050; x_wconf 84' lang='lat' dir='ltr'><strong>Nicolai</strong></span> <span class='ocrx_word' id='word_1_317' title='bbox 3115 2991 3429 3062; x_wconf 85' lang='lat' dir='ltr'><strong>Fucketii,</strong></span> <span class='ocrx_word' id='word_1_318' title='bbox 3461 2987 3574 3068; x_wconf 85' lang='lat' dir='ltr'><strong>qui</strong></span> 
     </span>
    </p>
   </div>
   <div class='ocr_carea' id='block_1_28' title="bbox 337 3084 3572 3172">
    <p class='ocr_par' dir='ltr' id='par_1_28' title="bbox 337 3084 3572 3172">
     <span class='ocr_line' id='line_1_28' title="bbox 337 3084 3572 3172; baseline -0 -19"><span class='ocrx_word' id='word_1_319' title='bbox 337 3095 659 3172; x_wconf 80' lang='lat' dir='ltr'><strong>generalis</strong></span> <span class='ocrx_word' id='word_1_320' title='bbox 717 3095 783 3156; x_wconf 91' lang='lat' dir='ltr'><strong>in</strong></span> <span class='ocrx_word' id='word_1_321' title='bbox 837 3103 1063 3161; x_wconf 86' lang='lat' dir='ltr'><strong>senatu</strong></span> <span class='ocrx_word' id='word_1_322' title='bbox 1118 3089 1461 3154; x_wconf 77' lang='lat' dir='ltr'><strong>Parisiensi</strong></span> <span class='ocrx_word' id='word_1_323' title='bbox 1515 3086 1958 3167; x_wconf 88' lang='lat' dir='ltr'><strong>procuratoris</strong></span> <span class='ocrx_word' id='word_1_324' title='bbox 1997 3084 2276 3146; x_wconf 83' lang='lat' dir='ltr'><strong>omcium</strong></span> <span class='ocrx_word' id='word_1_325' title='bbox 2325 3102 2574 3162; x_wconf 83' lang='lat' dir='ltr'><strong>gerens,</strong></span> <span class='ocrx_word' id='word_1_326' title='bbox 2629 3085 3058 3165; x_wconf 64' lang='lat' dir='ltr'><strong>praefecturam</strong></span> <span class='ocrx_word' id='word_1_327' title='bbox 3120 3089 3306 3150; x_wconf 87' lang='lat' dir='ltr'><strong>simul</strong></span> <span class='ocrx_word' id='word_1_328' title='bbox 3346 3088 3572 3165; x_wconf 77' lang='lat' dir='ltr'><strong>regalis</strong></span> 
     </span>
    </p>
   </div>
   <div class='ocr_carea' id='block_1_29' title="bbox 336 3185 3575 3266">
    <p class='ocr_par' dir='ltr' id='par_1_29' title="bbox 336 3185 3575 3266">
     <span class='ocr_line' id='line_1_29' title="bbox 336 3185 3575 3266; baseline -0.001 -13"><span class='ocrx_word' id='word_1_329' title='bbox 336 3195 542 3264; x_wconf 70' lang='lat' dir='ltr'><strong>wrarii</strong></span> <span class='ocrx_word' id='word_1_330' title='bbox 580 3212 825 3256; x_wconf 88' lang='lat' dir='ltr'><strong>summa</strong></span> <span class='ocrx_word' id='word_1_331' title='bbox 859 3212 1001 3266; x_wconf 83' lang='lat' dir='ltr'><strong>cum</strong></span> <span class='ocrx_word' id='word_1_332' title='bbox 1043 3194 1226 3255; x_wconf 89' lang='lat' dir='ltr'><strong>laude</strong></span> <span class='ocrx_word' id='word_1_333' title='bbox 1260 3189 1694 3252; x_wconf 85' lang='lat' dir='ltr'><strong>administrat.</strong></span> <span class='ocrx_word' id='word_1_334' title='bbox 1733 3189 1943 3264; x_wconf 79' lang='lat' dir='ltr'><strong>Atque</strong></span> <span class='ocrx_word' id='word_1_335' title='bbox 1977 3185 2077 3246; x_wconf 89' lang='lat' dir='ltr'><strong>bis</strong></span> <span class='ocrx_word' id='word_1_336' title='bbox 2110 3193 2385 3264; x_wconf 87' lang='lat' dir='ltr'><strong>quatuor</strong></span> <span class='ocrx_word' id='word_1_337' title='bbox 2419 3187 2866 3264; x_wconf 88' lang='lat' dir='ltr'><strong>manuscriptis</strong></span> <span class='ocrx_word' id='word_1_338' title='bbox 2889 3186 3226 3248; x_wconf 84' lang='lat' dir='ltr'><strong>codicibus</strong></span> <span class='ocrx_word' id='word_1_339' title='bbox 3257 3190 3332 3250; x_wconf 87' lang='lat' dir='ltr'><strong>ad</strong></span> <span class='ocrx_word' id='word_1_340' title='bbox 3359 3205 3575 3251; x_wconf 85' lang='lat' dir='ltr'><strong>emen-</strong></span> 
     </span>
    </p>
   </div>
   <div class='ocr_carea' id='block_1_30' title="bbox 335 3285 3574 3367">
    <p class='ocr_par' dir='ltr' id='par_1_30' title="bbox 335 3285 3574 3367">
     <span class='ocr_line' id='line_1_30' title="bbox 335 3285 3574 3367; baseline -0.002 -15"><span class='ocrx_word' id='word_1_341' title='bbox 335 3293 658 3354; x_wconf 88' lang='lat' dir='ltr'><strong>dationem</strong></span> <span class='ocrx_word' id='word_1_342' title='bbox 697 3285 1490 3366; x_wconf 25' lang='lat' dir='ltr'><strong>librorum‘Ecciesiqsticw</strong></span> <span class='ocrx_word' id='word_1_343' title='bbox 1525 3287 1845 3348; x_wconf 76' lang='lat' dir='ltr'><strong>Historia:</strong></span> <span class='ocrx_word' id='word_1_344' title='bbox 1871 3285 1974 3346; x_wconf 89' lang='lat' dir='ltr'><strong>usi</strong></span> <span class='ocrx_word' id='word_1_345' title='bbox 2007 3301 2254 3346; x_wconf 88' lang='lat' dir='ltr'><strong>sumus.</strong></span> <span class='ocrx_word' id='word_1_346' title='bbox 2287 3287 2511 3348; x_wconf 90' lang='lat' dir='ltr'><strong>Libros</strong></span> <span class='ocrx_word' id='word_1_347' title='bbox 2546 3306 2695 3348; x_wconf 90' lang='lat' dir='ltr'><strong>vero</strong></span> <span class='ocrx_word' id='word_1_348' title='bbox 2725 3290 2812 3348; x_wconf 80' lang='lat' dir='ltr'><strong>De</strong></span> <span class='ocrx_word' id='word_1_349' title='bbox 2841 3289 2971 3348; x_wconf 79' lang='lat' dir='ltr'><strong>vita</strong></span> <span class='ocrx_word' id='word_1_350' title='bbox 3011 3290 3160 3367; x_wconf 87' lang='lat' dir='ltr'><strong>imp.</strong></span> <span class='ocrx_word' id='word_1_351' title='bbox 3209 3289 3574 3349; x_wconf 80' lang='lat' dir='ltr'><strong>Constanti-</strong></span> 
     </span>
    </p>
   </div>
   <div class='ocr_carea' id='block_1_31' title="bbox 332 3387 3571 3471">
    <p class='ocr_par' dir='ltr' id='par_1_31' title="bbox 332 3387 3571 3471">
     <span class='ocr_line' id='line_1_31' title="bbox 332 3387 3571 3471; baseline 0 -18"><span class='ocrx_word' id='word_1_352' title='bbox 332 3394 404 3461; x_wconf 83' lang='lat' dir='ltr'><strong>ni</strong></span> <span class='ocrx_word' id='word_1_353' title='bbox 446 3409 587 3466; x_wconf 87' lang='lat' dir='ltr'><strong>cum</strong></span> <span class='ocrx_word' id='word_1_354' title='bbox 641 3395 842 3456; x_wconf 90' lang='lat' dir='ltr'><strong>tribus</strong></span> <span class='ocrx_word' id='word_1_355' title='bbox 886 3393 1168 3471; x_wconf 89' lang='lat' dir='ltr'><strong>antiquis</strong></span> <span class='ocrx_word' id='word_1_356' title='bbox 1223 3388 1556 3460; x_wconf 82' lang='lat' dir='ltr'><strong>codicibus</strong></span> <span class='ocrx_word' id='word_1_357' title='bbox 1611 3387 2030 3448; x_wconf 86' lang='lat' dir='ltr'><strong>contulimus.</strong></span> <span class='ocrx_word' id='word_1_358' title='bbox 2057 3387 2306 3447; x_wconf 89' lang='lat' dir='ltr'><strong>Primus</strong></span> <span class='ocrx_word' id='word_1_359' title='bbox 2356 3395 2449 3448; x_wconf 88' lang='lat' dir='ltr'><strong>est</strong></span> <span class='ocrx_word' id='word_1_360' title='bbox 2510 3389 2750 3466; x_wconf 81' lang='lat' dir='ltr'><strong>Regius</strong></span> <span class='ocrx_word' id='word_1_361' title='bbox 2793 3390 2924 3463; x_wconf 91' lang='lat' dir='ltr'><strong>ille,</strong></span> <span class='ocrx_word' id='word_1_362' title='bbox 2981 3391 3058 3451; x_wconf 90' lang='lat' dir='ltr'><strong>de</strong></span> <span class='ocrx_word' id='word_1_363' title='bbox 3093 3409 3224 3470; x_wconf 90' lang='lat' dir='ltr'><strong>quo</strong></span> <span class='ocrx_word' id='word_1_364' title='bbox 3272 3393 3571 3470; x_wconf 85' lang='lat' dir='ltr'><strong>superius</strong></span> 
     </span>
    </p>
   </div>
   <div class='ocr_carea' id='block_1_32' title="bbox 333 3491 3569 3574">
    <p class='ocr_par' dir='ltr' id='par_1_32' title="bbox 333 3491 3569 3574">
     <span class='ocr_line' id='line_1_32' title="bbox 333 3491 3569 3574; baseline 0 -22"><span class='ocrx_word' id='word_1_365' title='bbox 333 3492 494 3566; x_wconf 84' lang='lat' dir='ltr'><strong>dixi,</strong></span> <span class='ocrx_word' id='word_1_366' title='bbox 529 3495 590 3554; x_wconf 90' lang='lat' dir='ltr'><strong>in</strong></span> <span class='ocrx_word' id='word_1_367' title='bbox 632 3512 761 3574; x_wconf 92' lang='lat' dir='ltr'><strong>quo</strong></span> <span class='ocrx_word' id='word_1_368' title='bbox 795 3503 939 3558; x_wconf 88' lang='lat' dir='ltr'><strong>ante</strong></span> <span class='ocrx_word' id='word_1_369' title='bbox 974 3495 1172 3558; x_wconf 85' lang='lat' dir='ltr'><strong>libros</strong></span> <span class='ocrx_word' id='word_1_370' title='bbox 1209 3493 1661 3569; x_wconf 72' lang='lat' dir='ltr'><strong>Ecclesiasticq:</strong></span> <span class='ocrx_word' id='word_1_371' title='bbox 1682 3491 1987 3553; x_wconf 74' lang='lat' dir='ltr'><strong>Historia:</strong></span> <span class='ocrx_word' id='word_1_372' title='bbox 2016 3499 2293 3570; x_wconf 86' lang='lat' dir='ltr'><strong>quatuor</strong></span> <span class='ocrx_word' id='word_1_373' title='bbox 2336 3491 2478 3550; x_wconf 92' lang='lat' dir='ltr'><strong>libri</strong></span> <span class='ocrx_word' id='word_1_374' title='bbox 2509 3492 2592 3550; x_wconf 81' lang='lat' dir='ltr'><strong>De</strong></span> <span class='ocrx_word' id='word_1_375' title='bbox 2622 3492 2752 3552; x_wconf 78' lang='lat' dir='ltr'><strong>vita</strong></span> <span class='ocrx_word' id='word_1_376' title='bbox 2791 3493 2938 3570; x_wconf 86' lang='lat' dir='ltr'><strong>imp.</strong></span> <span class='ocrx_word' id='word_1_377' title='bbox 2967 3492 3388 3562; x_wconf 78' lang='lat' dir='ltr'><strong>Constantini,</strong></span> <span class='ocrx_word' id='word_1_378' title='bbox 3420 3495 3569 3555; x_wconf 82' lang='lat' dir='ltr'><strong>licet</strong></span> 
     </span>
    </p>
   </div>
   <div class='ocr_carea' id='block_1_33' title="bbox 333 3591 3570 3678">
    <p class='ocr_par' dir='ltr' id='par_1_33' title="bbox 333 3591 3570 3678">
     <span class='ocr_line' id='line_1_33' title="bbox 333 3591 3570 3678; baseline -0.001 -24"><span class='ocrx_word' id='word_1_379' title='bbox 333 3611 462 3678; x_wconf 85' lang='lat' dir='ltr'><strong>non</strong></span> <span class='ocrx_word' id='word_1_380' title='bbox 503 3595 750 3668; x_wconf 87' lang='lat' dir='ltr'><strong>eadem,</strong></span> <span class='ocrx_word' id='word_1_381' title='bbox 788 3605 1033 3658; x_wconf 87' lang='lat' dir='ltr'><strong>vetusta</strong></span> <span class='ocrx_word' id='word_1_382' title='bbox 1091 3595 1514 3656; x_wconf 86' lang='lat' dir='ltr'><strong>nihilominus</strong></span> <span class='ocrx_word' id='word_1_383' title='bbox 1571 3610 1762 3660; x_wconf 85' lang='lat' dir='ltr'><strong>manu</strong></span> <span class='ocrx_word' id='word_1_384' title='bbox 1824 3591 2165 3670; x_wconf 88' lang='lat' dir='ltr'><strong>perscripti</strong></span> <span class='ocrx_word' id='word_1_385' title='bbox 2212 3592 2536 3668; x_wconf 89' lang='lat' dir='ltr'><strong>leguntur.</strong></span> <span class='ocrx_word' id='word_1_386' title='bbox 2588 3592 2952 3654; x_wconf 90' lang='lat' dir='ltr'><strong>Secundum</strong></span> <span class='ocrx_word' id='word_1_387' title='bbox 3009 3593 3217 3654; x_wconf 90' lang='lat' dir='ltr'><strong>locum</strong></span> <span class='ocrx_word' id='word_1_388' title='bbox 3279 3595 3570 3655; x_wconf 85' lang='lat' dir='ltr'><strong>obtinent</strong></span> 
     </span>
    </p>
   </div>
   <div class='ocr_carea' id='block_1_34' title="bbox 333 3695 3560 3775">
    <p class='ocr_par' dir='ltr' id='par_1_34' title="bbox 333 3695 3560 3775">
     <span class='ocr_line' id='line_1_34' title="bbox 333 3695 3560 3775; baseline -0.001 -19"><span class='ocrx_word' id='word_1_389' title='bbox 333 3695 583 3758; x_wconf 76' lang='lat' dir='ltr'><strong>schedm</strong></span> <span class='ocrx_word' id='word_1_390' title='bbox 641 3705 888 3759; x_wconf 89' lang='lat' dir='ltr'><strong>veteres</strong></span> <span class='ocrx_word' id='word_1_391' title='bbox 941 3698 1346 3759; x_wconf 64' lang='lat' dir='ltr'><strong>bibliotheca)</strong></span> <span class='ocrx_word' id='word_1_392' title='bbox 1401 3697 1635 3772; x_wconf 61' lang='lat' dir='ltr'><strong>[legite</strong></span> <span class='ocrx_word' id='word_1_393' title='bbox 1683 3697 1784 3757; x_wconf 88' lang='lat' dir='ltr'><strong>Sic</strong></span> <span class='ocrx_word' id='word_1_394' title='bbox 1843 3703 2054 3762; x_wconf 88' lang='lat' dir='ltr'><strong>autem</strong></span> <span class='ocrx_word' id='word_1_395' title='bbox 2109 3711 2263 3756; x_wconf 87' lang='lat' dir='ltr'><strong>voco</strong></span> <span class='ocrx_word' id='word_1_396' title='bbox 2313 3696 2588 3766; x_wconf 87' lang='lat' dir='ltr'><strong>chartas,</strong></span> <span class='ocrx_word' id='word_1_397' title='bbox 2637 3713 2748 3772; x_wconf 85' lang='lat' dir='ltr'><strong>per</strong></span> <span class='ocrx_word' id='word_1_398' title='bbox 2799 3695 3254 3775; x_wconf 80' lang='lat' dir='ltr'><strong>quaterniones</strong></span> <span class='ocrx_word' id='word_1_399' title='bbox 3297 3695 3560 3773; x_wconf 82' lang='lat' dir='ltr'><strong>quidem</strong></span> 
     </span>
    </p>
   </div>
   <div class='ocr_carea' id='block_1_35' title="bbox 333 3794 3566 3873">
    <p class='ocr_par' dir='ltr' id='par_1_35' title="bbox 333 3794 3566 3873">
     <span class='ocr_line' id='line_1_35' title="bbox 333 3794 3566 3873; baseline 0 -17"><span class='ocrx_word' id='word_1_400' title='bbox 333 3797 606 3873; x_wconf 87' lang='lat' dir='ltr'><strong>digestas</strong></span> <span class='ocrx_word' id='word_1_401' title='bbox 656 3799 766 3859; x_wconf 87' lang='lat' dir='ltr'><strong>sed</strong></span> <span class='ocrx_word' id='word_1_402' title='bbox 817 3797 1189 3868; x_wconf 87' lang='lat' dir='ltr'><strong>dissolutas,</strong></span> <span class='ocrx_word' id='word_1_403' title='bbox 1233 3814 1351 3857; x_wconf 88' lang='lat' dir='ltr'><strong>nec</strong></span> <span class='ocrx_word' id='word_1_404' title='bbox 1389 3797 1452 3857; x_wconf 92' lang='lat' dir='ltr'><strong>in</strong></span> <span class='ocrx_word' id='word_1_405' title='bbox 1500 3795 1739 3857; x_wconf 87' lang='lat' dir='ltr'><strong>codicis</strong></span> <span class='ocrx_word' id='word_1_406' title='bbox 1785 3795 2040 3856; x_wconf 82' lang='lat' dir='ltr'><strong>modum</strong></span> <span class='ocrx_word' id='word_1_407' title='bbox 2071 3805 2450 3872; x_wconf 79' lang='lat' dir='ltr'><strong>compactos.</strong></span> <span class='ocrx_word' id='word_1_408' title='bbox 2501 3796 2574 3854; x_wconf 84' lang='lat' dir='ltr'><strong>In</strong></span> <span class='ocrx_word' id='word_1_409' title='bbox 2626 3794 2730 3855; x_wconf 90' lang='lat' dir='ltr'><strong>bis</strong></span> <span class='ocrx_word' id='word_1_410' title='bbox 2777 3795 3057 3866; x_wconf 88' lang='lat' dir='ltr'><strong>schedis,</strong></span> <span class='ocrx_word' id='word_1_411' title='bbox 3102 3807 3328 3873; x_wconf 76' lang='lat' dir='ltr'><strong>praeter</strong></span> <span class='ocrx_word' id='word_1_412' title='bbox 3367 3795 3566 3856; x_wconf 88' lang='lat' dir='ltr'><strong>libros</strong></span> 
     </span>
    </p>
   </div>
   <div class='ocr_carea' id='block_1_36' title="bbox 332 3896 3569 3978">
    <p class='ocr_par' dir='ltr' id='par_1_36' title="bbox 332 3896 3569 3978">
     <span class='ocr_line' id='line_1_36' title="bbox 332 3896 3569 3978; baseline 0.001 -24"><span class='ocrx_word' id='word_1_413' title='bbox 332 3896 595 3974; x_wconf 65' lang='lat' dir='ltr'><strong>Eusebii</strong></span> <span class='ocrx_word' id='word_1_414' title='bbox 631 3897 717 3956; x_wconf 84' lang='lat' dir='ltr'><strong>Dc</strong></span> <span class='ocrx_word' id='word_1_415' title='bbox 764 3897 892 3957; x_wconf 80' lang='lat' dir='ltr'><strong>vita</strong></span> <span class='ocrx_word' id='word_1_416' title='bbox 930 3897 1346 3971; x_wconf 81' lang='lat' dir='ltr'><strong>Constantini,</strong></span> <span class='ocrx_word' id='word_1_417' title='bbox 1395 3908 1458 3961; x_wconf 86' lang='lat' dir='ltr'><strong>et</strong></span> <span class='ocrx_word' id='word_1_418' title='bbox 1503 3898 1862 3960; x_wconf 77' lang='lat' dir='ltr'><strong>Orationem</strong></span> <span class='ocrx_word' id='word_1_419' title='bbox 1909 3897 2198 3976; x_wconf 78' lang='lat' dir='ltr'><strong>ejusdem</strong></span> <span class='ocrx_word' id='word_1_420' title='bbox 2248 3898 2652 3975; x_wconf 86' lang='lat' dir='ltr'><strong>imperatoris</strong></span> <span class='ocrx_word' id='word_1_421' title='bbox 2687 3899 2770 3956; x_wconf 84' lang='lat' dir='ltr'><strong>ad</strong></span> <span class='ocrx_word' id='word_1_422' title='bbox 2820 3907 3088 3972; x_wconf 72' lang='lat' dir='ltr'><strong>sanctos,</strong></span> <span class='ocrx_word' id='word_1_423' title='bbox 3131 3900 3372 3975; x_wconf 73' lang='lat' dir='ltr'><strong>primus</strong></span> <span class='ocrx_word' id='word_1_424' title='bbox 3402 3917 3569 3978; x_wconf 85' lang='lat' dir='ltr'><strong>qua-</strong></span> 
     </span>
    </p>
   </div>
   <div class='ocr_carea' id='block_1_37' title="bbox 332 3993 3565 4076">
    <p class='ocr_par' dir='ltr' id='par_1_37' title="bbox 332 3993 3565 4076">
     <span class='ocr_line' id='line_1_37' title="bbox 332 3993 3565 4076; baseline 0.001 -20"><span class='ocrx_word' id='word_1_425' title='bbox 332 3996 542 4076; x_wconf 80' lang='lat' dir='ltr'><strong>ternio</strong></span> <span class='ocrx_word' id='word_1_426' title='bbox 570 3996 1026 4071; x_wconf 73' lang='lat' dir='ltr'><strong>Ecclesiastica:</strong></span> <span class='ocrx_word' id='word_1_427' title='bbox 1053 3998 1362 4058; x_wconf 72' lang='lat' dir='ltr'><strong>Historiw</strong></span> <span class='ocrx_word' id='word_1_428' title='bbox 1395 3997 1710 4068; x_wconf 87' lang='lat' dir='ltr'><strong>habetur;</strong></span> <span class='ocrx_word' id='word_1_429' title='bbox 1746 3996 1931 4074; x_wconf 86' lang='lat' dir='ltr'><strong>cujus</strong></span> <span class='ocrx_word' id='word_1_430' title='bbox 1965 4002 2025 4053; x_wconf 89' lang='lat' dir='ltr'><strong>et</strong></span> <span class='ocrx_word' id='word_1_431' title='bbox 2058 3993 2120 4054; x_wconf 91' lang='lat' dir='ltr'><strong>in</strong></span> <span class='ocrx_word' id='word_1_432' title='bbox 2152 3993 2684 4064; x_wconf 86' lang='lat' dir='ltr'><strong>adnotationibus</strong></span> <span class='ocrx_word' id='word_1_433' title='bbox 2718 3995 2874 4056; x_wconf 91' lang='lat' dir='ltr'><strong>meis</strong></span> <span class='ocrx_word' id='word_1_434' title='bbox 2910 3999 3300 4059; x_wconf 89' lang='lat' dir='ltr'><strong>mentionem</strong></span> <span class='ocrx_word' id='word_1_435' title='bbox 3331 4000 3565 4076; x_wconf 68' lang='lat' dir='ltr'><strong>saepius</strong></span> 
     </span>
    </p>
   </div>
   <div class='ocr_carea' id='block_1_38' title="bbox 331 4095 3566 4182">
    <p class='ocr_par' dir='ltr' id='par_1_38' title="bbox 331 4095 3566 4182">
     <span class='ocr_line' id='line_1_38' title="bbox 331 4095 3566 4182; baseline 0.001 -22"><span class='ocrx_word' id='word_1_436' title='bbox 331 4100 476 4182; x_wconf 70' lang='lat' dir='ltr'><strong>feci.</strong></span> <span class='ocrx_word' id='word_1_437' title='bbox 509 4101 746 4182; x_wconf 58' lang='lat' dir='ltr'><strong>Caetera</strong></span> <span class='ocrx_word' id='word_1_438' title='bbox 785 4101 1002 4162; x_wconf 89' lang='lat' dir='ltr'><strong>nescio</strong></span> <span class='ocrx_word' id='word_1_439' title='bbox 1034 4114 1165 4178; x_wconf 87' lang='lat' dir='ltr'><strong>quo</strong></span> <span class='ocrx_word' id='word_1_440' title='bbox 1210 4115 1360 4159; x_wconf 88' lang='lat' dir='ltr'><strong>casu</strong></span> <span class='ocrx_word' id='word_1_441' title='bbox 1409 4101 1762 4176; x_wconf 86' lang='lat' dir='ltr'><strong>perierunt.</strong></span> <span class='ocrx_word' id='word_1_442' title='bbox 1819 4096 2102 4156; x_wconf 89' lang='lat' dir='ltr'><strong>Tertium</strong></span> <span class='ocrx_word' id='word_1_443' title='bbox 2156 4095 2342 4156; x_wconf 90' lang='lat' dir='ltr'><strong>nobis</strong></span> <span class='ocrx_word' id='word_1_444' title='bbox 2374 4097 2654 4158; x_wconf 89' lang='lat' dir='ltr'><strong>codicem</strong></span> <span class='ocrx_word' id='word_1_445' title='bbox 2695 4100 3129 4176; x_wconf 86' lang='lat' dir='ltr'><strong>suppeditavit</strong></span> <span class='ocrx_word' id='word_1_446' title='bbox 3177 4101 3566 4164; x_wconf 87' lang='lat' dir='ltr'><strong>bibliotheca</strong></span> 
     </span>
    </p>
   </div>
   <div class='ocr_carea' id='block_1_39' title="bbox 330 4180 3564 4287">
    <p class='ocr_par' dir='ltr' id='par_1_39' title="bbox 330 4180 3564 4287">
     <span class='ocr_line' id='line_1_39' title="bbox 330 4180 3564 4287; baseline 0.002 -28"><span class='ocrx_word' id='word_1_447' title='bbox 330 4180 703 4287; x_wconf 65' lang='lat' dir='ltr'><strong>Fuketiana.</strong></span> <span class='ocrx_word' id='word_1_448' title='bbox 754 4202 826 4260; x_wconf 84' lang='lat' dir='ltr'><strong>In</strong></span> <span class='ocrx_word' id='word_1_449' title='bbox 876 4217 1004 4282; x_wconf 91' lang='lat' dir='ltr'><strong>quo</strong></span> <span class='ocrx_word' id='word_1_450' title='bbox 1052 4207 1197 4258; x_wconf 89' lang='lat' dir='ltr'><strong>ante</strong></span> <span class='ocrx_word' id='word_1_451' title='bbox 1263 4207 1536 4278; x_wconf 86' lang='lat' dir='ltr'><strong>quatuor</strong></span> <span class='ocrx_word' id='word_1_452' title='bbox 1582 4197 1781 4258; x_wconf 91' lang='lat' dir='ltr'><strong>libros</strong></span> <span class='ocrx_word' id='word_1_453' title='bbox 1828 4197 1914 4255; x_wconf 82' lang='lat' dir='ltr'><strong>De</strong></span> <span class='ocrx_word' id='word_1_454' title='bbox 1980 4197 2112 4256; x_wconf 79' lang='lat' dir='ltr'><strong>vita</strong></span> <span class='ocrx_word' id='word_1_455' title='bbox 2160 4197 2310 4275; x_wconf 84' lang='lat' dir='ltr'><strong>imp.</strong></span> <span class='ocrx_word' id='word_1_456' title='bbox 2347 4196 2766 4272; x_wconf 82' lang='lat' dir='ltr'><strong>Constantini,</strong></span> <span class='ocrx_word' id='word_1_457' title='bbox 2817 4203 3110 4278; x_wconf 68' lang='lat' dir='ltr'><strong>prmﬁxus</strong></span> <span class='ocrx_word' id='word_1_458' title='bbox 3163 4211 3259 4264; x_wconf 83' lang='lat' dir='ltr'><strong>est</strong></span> <span class='ocrx_word' id='word_1_459' title='bbox 3299 4206 3564 4266; x_wconf 82' lang='lat' dir='ltr'><strong>Eusebii</strong></span> 
     </span>
    </p>
   </div>
   <div class='ocr_carea' id='block_1_40' title="bbox 327 4302 3562 4390">
    <p class='ocr_par' dir='ltr' id='par_1_40' title="bbox 327 4302 3562 4390">
     <span class='ocr_line' id='line_1_40' title="bbox 327 4302 3562 4390; baseline 0.003 -28"><span class='ocrx_word' id='word_1_460' title='bbox 327 4303 772 4382; x_wconf 76' lang='lat' dir='ltr'><strong>Panegyricus,</strong></span> <span class='ocrx_word' id='word_1_461' title='bbox 806 4302 1014 4385; x_wconf 89' lang='lat' dir='ltr'><strong>dictus</strong></span> <span class='ocrx_word' id='word_1_462' title='bbox 1042 4304 1249 4364; x_wconf 89' lang='lat' dir='ltr'><strong>eidem</strong></span> <span class='ocrx_word' id='word_1_463' title='bbox 1285 4303 1708 4364; x_wconf 87' lang='lat' dir='ltr'><strong>Constantino</strong></span> <span class='ocrx_word' id='word_1_464' title='bbox 1747 4319 1917 4364; x_wconf 89' lang='lat' dir='ltr'><strong>anno</strong></span> <span class='ocrx_word' id='word_1_465' title='bbox 1981 4305 2119 4381; x_wconf 83' lang='lat' dir='ltr'><strong>ejus</strong></span> <span class='ocrx_word' id='word_1_466' title='bbox 2159 4304 2412 4383; x_wconf 87' lang='lat' dir='ltr'><strong>imperii</strong></span> <span class='ocrx_word' id='word_1_467' title='bbox 2456 4305 2805 4368; x_wconf 89' lang='lat' dir='ltr'><strong>tricesimo.</strong></span> <span class='ocrx_word' id='word_1_468' title='bbox 2841 4310 2962 4372; x_wconf 85' lang='lat' dir='ltr'><strong>Hic</strong></span> <span class='ocrx_word' id='word_1_469' title='bbox 2993 4313 3222 4383; x_wconf 77' lang='lat' dir='ltr'><strong>codex,</strong></span> <span class='ocrx_word' id='word_1_470' title='bbox 3267 4313 3562 4390; x_wconf 86' lang='lat' dir='ltr'><strong>quamvis</strong></span> 
     </span>
    </p>
   </div>
   <div class='ocr_carea' id='block_1_41' title="bbox 329 4409 3563 4496">
    <p class='ocr_par' dir='ltr' id='par_1_41' title="bbox 329 4409 3563 4496">
     <span class='ocr_line' id='line_1_41' title="bbox 329 4409 3563 4496; baseline 0.004 -29"><span class='ocrx_word' id='word_1_471' title='bbox 329 4409 562 4488; x_wconf 69' lang='lat' dir='ltr'><strong>intima:</strong></span> <span class='ocrx_word' id='word_1_472' title='bbox 607 4409 966 4479; x_wconf 84' lang='lat' dir='ltr'><strong>vetustatis,</strong></span> <span class='ocrx_word' id='word_1_473' title='bbox 995 4421 1089 4471; x_wconf 88' lang='lat' dir='ltr'><strong>est</strong></span> <span class='ocrx_word' id='word_1_474' title='bbox 1124 4417 1332 4472; x_wconf 87' lang='lat' dir='ltr'><strong>tamen</strong></span> <span class='ocrx_word' id='word_1_475' title='bbox 1371 4411 1630 4487; x_wconf 66' lang='lat' dir='ltr'><strong>Optimae</strong></span> <span class='ocrx_word' id='word_1_476' title='bbox 1663 4417 1852 4484; x_wconf 67' lang='lat' dir='ltr'><strong>notae,</strong></span> <span class='ocrx_word' id='word_1_477' title='bbox 1895 4409 2244 4487; x_wconf 90' lang='lat' dir='ltr'><strong>multisque</strong></span> <span class='ocrx_word' id='word_1_478' title='bbox 2280 4411 2344 4470; x_wconf 90' lang='lat' dir='ltr'><strong>in</strong></span> <span class='ocrx_word' id='word_1_479' title='bbox 2377 4411 2537 4472; x_wconf 89' lang='lat' dir='ltr'><strong>locis</strong></span> <span class='ocrx_word' id='word_1_480' title='bbox 2577 4416 2976 4478; x_wconf 89' lang='lat' dir='ltr'><strong>emendatior</strong></span> <span class='ocrx_word' id='word_1_481' title='bbox 3015 4427 3074 4478; x_wconf 87' lang='lat' dir='ltr'><strong>et</strong></span> <span class='ocrx_word' id='word_1_482' title='bbox 3101 4417 3374 4496; x_wconf 88' lang='lat' dir='ltr'><strong>amplior</strong></span> <span class='ocrx_word' id='word_1_483' title='bbox 3401 4420 3563 4490; x_wconf 78' lang='lat' dir='ltr'><strong>duo-</strong></span> 
     </span>
    </p>
   </div>
   <div class='ocr_carea' id='block_1_42' title="bbox 329 4511 2922 4597">
    <p class='ocr_par' dir='ltr' id='par_1_42' title="bbox 329 4511 2922 4597">
     <span class='ocr_line' id='line_1_42' title="bbox 329 4511 2922 4597; baseline 0.005 -29"><span class='ocrx_word' id='word_1_484' title='bbox 329 4511 452 4585; x_wconf 82' lang='lat' dir='ltr'><strong>bus</strong></span> <span class='ocrx_word' id='word_1_485' title='bbox 492 4511 618 4586; x_wconf 78' lang='lat' dir='ltr'><strong>illis</strong></span> <span class='ocrx_word' id='word_1_486' title='bbox 657 4512 985 4590; x_wconf 88' lang='lat' dir='ltr'><strong>prioribus</strong></span> <span class='ocrx_word' id='word_1_487' title='bbox 1014 4513 1257 4592; x_wconf 81' lang='lat' dir='ltr'><strong>quibus</strong></span> <span class='ocrx_word' id='word_1_488' title='bbox 1291 4513 1354 4586; x_wconf 87' lang='lat' dir='ltr'><strong>in</strong></span> <span class='ocrx_word' id='word_1_489' title='bbox 1393 4514 1678 4576; x_wconf 88' lang='lat' dir='ltr'><strong>editione</strong></span> <span class='ocrx_word' id='word_1_490' title='bbox 1716 4531 1831 4576; x_wconf 89' lang='lat' dir='ltr'><strong>sua</strong></span> <span class='ocrx_word' id='word_1_491' title='bbox 1867 4533 2022 4576; x_wconf 87' lang='lat' dir='ltr'><strong>usus</strong></span> <span class='ocrx_word' id='word_1_492' title='bbox 2055 4523 2150 4576; x_wconf 87' lang='lat' dir='ltr'><strong>est</strong></span> <span class='ocrx_word' id='word_1_493' title='bbox 2189 4517 2506 4578; x_wconf 70' lang='lat' dir='ltr'><strong>ltobcrtus</strong></span> <span class='ocrx_word' id='word_1_494' title='bbox 2539 4519 2922 4597; x_wconf 84' lang='lat' dir='ltr'><strong>Stephanus.</strong></span> 
     </span>
    </p>
   </div>
   <div class='ocr_carea' id='block_1_43' title="bbox 407 4618 3556 4696">
    <p class='ocr_par' dir='ltr' id='par_1_43' title="bbox 407 4618 3556 4696">
     <span class='ocr_line' id='line_1_43' title="bbox 407 4618 3556 4696; baseline 0.003 -18"><span class='ocrx_word' id='word_1_495' title='bbox 407 4619 641 4682; x_wconf 72' lang='lat' dir='ltr'><strong>Prmter</strong></span> <span class='ocrx_word' id='word_1_496' title='bbox 670 4618 789 4695; x_wconf 79' lang='lat' dir='ltr'><strong>bos</strong></span> <span class='ocrx_word' id='word_1_497' title='bbox 832 4636 1020 4679; x_wconf 92' lang='lat' dir='ltr'><strong>manu</strong></span> <span class='ocrx_word' id='word_1_498' title='bbox 1055 4630 1345 4693; x_wconf 86' lang='lat' dir='ltr'><strong>exaratos</strong></span> <span class='ocrx_word' id='word_1_499' title='bbox 1379 4618 1656 4696; x_wconf 83' lang='lat' dir='ltr'><strong>codices,</strong></span> <span class='ocrx_word' id='word_1_500' title='bbox 1690 4619 2060 4696; x_wconf 85' lang='lat' dir='ltr'><strong>adjumento</strong></span> <span class='ocrx_word' id='word_1_501' title='bbox 2096 4619 2280 4679; x_wconf 90' lang='lat' dir='ltr'><strong>nobis</strong></span> <span class='ocrx_word' id='word_1_502' title='bbox 2311 4618 2574 4680; x_wconf 84' lang='lat' dir='ltr'><strong>fuerunt</strong></span> <span class='ocrx_word' id='word_1_503' title='bbox 2609 4621 2792 4681; x_wconf 67' lang='lat' dir='ltr'><strong>variae</strong></span> <span class='ocrx_word' id='word_1_504' title='bbox 2817 4621 3127 4684; x_wconf 88' lang='lat' dir='ltr'><strong>lectiones</strong></span> <span class='ocrx_word' id='word_1_505' title='bbox 3159 4631 3219 4685; x_wconf 92' lang='lat' dir='ltr'><strong>et</strong></span> <span class='ocrx_word' id='word_1_506' title='bbox 3251 4629 3556 4688; x_wconf 88' lang='lat' dir='ltr'><strong>emenda-</strong></span> 
     </span>
    </p>
   </div>
   <div class='ocr_carea' id='block_1_44' title="bbox 329 4721 3556 4807">
    <p class='ocr_par' dir='ltr' id='par_1_44' title="bbox 329 4721 3556 4807">
     <span class='ocr_line' id='line_1_44' title="bbox 329 4721 3556 4807; baseline 0.005 -29"><span class='ocrx_word' id='word_1_507' title='bbox 329 4721 543 4782; x_wconf 88' lang='lat' dir='ltr'><strong>tiones</strong></span> <span class='ocrx_word' id='word_1_508' title='bbox 575 4738 736 4800; x_wconf 90' lang='lat' dir='ltr'><strong>quas</strong></span> <span class='ocrx_word' id='word_1_509' title='bbox 788 4723 907 4782; x_wconf 91' lang='lat' dir='ltr'><strong>viri</strong></span> <span class='ocrx_word' id='word_1_510' title='bbox 944 4722 1111 4784; x_wconf 90' lang='lat' dir='ltr'><strong>docti</strong></span> <span class='ocrx_word' id='word_1_511' title='bbox 1162 4722 1240 4783; x_wconf 90' lang='lat' dir='ltr'><strong>ad</strong></span> <span class='ocrx_word' id='word_1_512' title='bbox 1285 4723 1636 4807; x_wconf 86' lang='lat' dir='ltr'><strong>marginem</strong></span> <span class='ocrx_word' id='word_1_513' title='bbox 1692 4723 1996 4787; x_wconf 85' lang='lat' dir='ltr'><strong>editionis</strong></span> <span class='ocrx_word' id='word_1_514' title='bbox 2045 4723 2307 4784; x_wconf 81' lang='lat' dir='ltr'><strong>Roberti</strong></span> <span class='ocrx_word' id='word_1_515' title='bbox 2347 4723 2653 4801; x_wconf 87' lang='lat' dir='ltr'><strong>Stephani</strong></span> <span class='ocrx_word' id='word_1_516' title='bbox 2707 4743 2893 4786; x_wconf 89' lang='lat' dir='ltr'><strong>manu</strong></span> <span class='ocrx_word' id='word_1_517' title='bbox 2928 4743 3044 4789; x_wconf 91' lang='lat' dir='ltr'><strong>sua</strong></span> <span class='ocrx_word' id='word_1_518' title='bbox 3075 4730 3556 4796; x_wconf 82' lang='lat' dir='ltr'><strong>adnotaveraut.</strong></span> 
     </span>
    </p>
   </div>
   <div class='ocr_carea' id='block_1_45' title="bbox 329 4823 3559 4912">
    <p class='ocr_par' dir='ltr' id='par_1_45' title="bbox 329 4823 3559 4912">
     <span class='ocr_line' id='line_1_45' title="bbox 329 4823 3559 4912; baseline 0.003 -30"><span class='ocrx_word' id='word_1_519' title='bbox 329 4823 700 4902; x_wconf 86' lang='lat' dir='ltr'><strong>Cujusmodi</strong></span> <span class='ocrx_word' id='word_1_520' title='bbox 744 4827 1000 4889; x_wconf 79' lang='lat' dir='ltr'><strong>codices</strong></span> <span class='ocrx_word' id='word_1_521' title='bbox 1034 4825 1216 4886; x_wconf 90' lang='lat' dir='ltr'><strong>multi</strong></span> <span class='ocrx_word' id='word_1_522' title='bbox 1251 4826 1603 4902; x_wconf 88' lang='lat' dir='ltr'><strong>etiamnum</strong></span> <span class='ocrx_word' id='word_1_523' title='bbox 1653 4825 2088 4902; x_wconf 79' lang='lat' dir='ltr'><strong>reperiuntur.</strong></span> <span class='ocrx_word' id='word_1_524' title='bbox 2124 4826 2242 4887; x_wconf 89' lang='lat' dir='ltr'><strong>Sed</strong></span> <span class='ocrx_word' id='word_1_525' title='bbox 2282 4843 2397 4887; x_wconf 91' lang='lat' dir='ltr'><strong>nos</strong></span> <span class='ocrx_word' id='word_1_526' title='bbox 2433 4827 2635 4887; x_wconf 90' lang='lat' dir='ltr'><strong>tribus</strong></span> <span class='ocrx_word' id='word_1_527' title='bbox 2668 4829 2986 4908; x_wconf 71' lang='lat' dir='ltr'><strong>prmcipue</strong></span> <span class='ocrx_word' id='word_1_528' title='bbox 3021 4830 3114 4889; x_wconf 92' lang='lat' dir='ltr'><strong>usi</strong></span> <span class='ocrx_word' id='word_1_529' title='bbox 3151 4847 3404 4901; x_wconf 90' lang='lat' dir='ltr'><strong>sumus,</strong></span> <span class='ocrx_word' id='word_1_530' title='bbox 3443 4834 3559 4912; x_wconf 87' lang='lat' dir='ltr'><strong>qui</strong></span> 
     </span>
    </p>
   </div>
   <div class='ocr_carea' id='block_1_46' title="bbox 329 4927 3557 5012">
    <p class='ocr_par' dir='ltr' id='par_1_46' title="bbox 329 4927 3557 5012">
     <span class='ocr_line' id='line_1_46' title="bbox 329 4927 3557 5012; baseline 0.004 -25"><span class='ocrx_word' id='word_1_531' title='bbox 329 4927 522 4987; x_wconf 87' lang='lat' dir='ltr'><strong>etiam</strong></span> <span class='ocrx_word' id='word_1_532' title='bbox 571 4928 634 4987; x_wconf 91' lang='lat' dir='ltr'><strong>in</strong></span> <span class='ocrx_word' id='word_1_533' title='bbox 677 4929 1200 5012; x_wconf 74' lang='lat' dir='ltr'><strong>adnotationibus</strong></span> <span class='ocrx_word' id='word_1_534' title='bbox 1235 4931 1472 4990; x_wconf 90' lang='lat' dir='ltr'><strong>nostris</strong></span> <span class='ocrx_word' id='word_1_535' title='bbox 1519 4927 1754 5004; x_wconf 76' lang='lat' dir='ltr'><strong>smpius</strong></span> <span class='ocrx_word' id='word_1_536' title='bbox 1807 4942 2413 5012; x_wconf 84' lang='lat' dir='ltr'><strong>commemorantur.</strong></span> <span class='ocrx_word' id='word_1_537' title='bbox 2463 4933 2714 4994; x_wconf 89' lang='lat' dir='ltr'><strong>Primus</strong></span> <span class='ocrx_word' id='word_1_538' title='bbox 2764 4931 2882 5005; x_wconf 83' lang='lat' dir='ltr'><strong>fuit</strong></span> <span class='ocrx_word' id='word_1_539' title='bbox 2929 4935 3193 4997; x_wconf 80' lang='lat' dir='ltr'><strong>Adriani</strong></span> <span class='ocrx_word' id='word_1_540' title='bbox 3244 4939 3557 5010; x_wconf 84' lang='lat' dir='ltr'><strong>Turnebi,</strong></span> 
     </span>
    </p>
   </div>
   <div class='ocr_carea' id='block_1_47' title="bbox 327 5031 3554 5122">
    <p class='ocr_par' dir='ltr' id='par_1_47' title="bbox 327 5031 3554 5122">
     <span class='ocr_line' id='line_1_47' title="bbox 327 5031 3554 5122; baseline 0.004 -34"><span class='ocrx_word' id='word_1_541' title='bbox 327 5048 520 5108; x_wconf 85' lang='lat' dir='ltr'><strong>quem</strong></span> <span class='ocrx_word' id='word_1_542' title='bbox 564 5031 674 5091; x_wconf 91' lang='lat' dir='ltr'><strong>ille</strong></span> <span class='ocrx_word' id='word_1_543' title='bbox 707 5049 848 5092; x_wconf 88' lang='lat' dir='ltr'><strong>cum</strong></span> <span class='ocrx_word' id='word_1_544' title='bbox 879 5033 1098 5094; x_wconf 90' lang='lat' dir='ltr'><strong>codice</strong></span> <span class='ocrx_word' id='word_1_545' title='bbox 1134 5034 1334 5110; x_wconf 85' lang='lat' dir='ltr'><strong>Regio</strong></span> <span class='ocrx_word' id='word_1_546' title='bbox 1366 5051 1436 5095; x_wconf 90' lang='lat' dir='ltr'><strong>ac</strong></span> <span class='ocrx_word' id='word_1_547' title='bbox 1468 5033 1772 5104; x_wconf 51' lang='lat' dir='ltr'><strong>Medict&#39;eo</strong></span> <span class='ocrx_word' id='word_1_548' title='bbox 1799 5033 2290 5120; x_wconf 83' lang='lat' dir='ltr'><strong>diligentissime</strong></span> <span class='ocrx_word' id='word_1_549' title='bbox 2317 5037 2701 5099; x_wconf 84' lang='lat' dir='ltr'><strong>contulerat.</strong></span> <span class='ocrx_word' id='word_1_550' title='bbox 2731 5040 2906 5100; x_wconf 91' lang='lat' dir='ltr'><strong>Libri</strong></span> <span class='ocrx_word' id='word_1_551' title='bbox 2943 5058 3090 5102; x_wconf 85' lang='lat' dir='ltr'><strong>vero</strong></span> <span class='ocrx_word' id='word_1_552' title='bbox 3130 5042 3212 5100; x_wconf 77' lang='lat' dir='ltr'><strong>De</strong></span> <span class='ocrx_word' id='word_1_553' title='bbox 3243 5044 3371 5103; x_wconf 77' lang='lat' dir='ltr'><strong>vita</strong></span> <span class='ocrx_word' id='word_1_554' title='bbox 3409 5043 3554 5122; x_wconf 84' lang='lat' dir='ltr'><strong>imp.</strong></span> 
     </span>
    </p>
   </div>
   <div class='ocr_carea' id='block_1_48' title="bbox 329 5128 3557 5215">
    <p class='ocr_par' dir='ltr' id='par_1_48' title="bbox 329 5128 3557 5215">
     <span class='ocr_line' id='line_1_48' title="bbox 329 5128 3557 5215; baseline 0.003 -26"><span class='ocrx_word' id='word_1_555' title='bbox 329 5128 733 5191; x_wconf 84' lang='lat' dir='ltr'><strong>Constantini</strong></span> <span class='ocrx_word' id='word_1_556' title='bbox 785 5149 927 5193; x_wconf 91' lang='lat' dir='ltr'><strong>cum</strong></span> <span class='ocrx_word' id='word_1_557' title='bbox 973 5133 1326 5210; x_wconf 86' lang='lat' dir='ltr'><strong>Anglicano</strong></span> <span class='ocrx_word' id='word_1_558' title='bbox 1376 5133 1654 5214; x_wconf 89' lang='lat' dir='ltr'><strong>quodam</strong></span> <span class='ocrx_word' id='word_1_559' title='bbox 1700 5135 2050 5208; x_wconf 86' lang='lat' dir='ltr'><strong>exemplari</strong></span> <span class='ocrx_word' id='word_1_560' title='bbox 2100 5135 2319 5195; x_wconf 86' lang='lat' dir='ltr'><strong>collati</strong></span> <span class='ocrx_word' id='word_1_561' title='bbox 2369 5143 2574 5208; x_wconf 89' lang='lat' dir='ltr'><strong>erant,</strong></span> <span class='ocrx_word' id='word_1_562' title='bbox 2628 5137 2766 5198; x_wconf 89' lang='lat' dir='ltr'><strong>sive</strong></span> <span class='ocrx_word' id='word_1_563' title='bbox 2810 5137 3015 5215; x_wconf 81' lang='lat' dir='ltr'><strong>ipsius</strong></span> <span class='ocrx_word' id='word_1_564' title='bbox 3065 5138 3367 5211; x_wconf 81' lang='lat' dir='ltr'><strong>Adriani,</strong></span> <span class='ocrx_word' id='word_1_565' title='bbox 3419 5142 3557 5204; x_wconf 83' lang='lat' dir='ltr'><strong>sive</strong></span> 
     </span>
    </p>
   </div>
   <div class='ocr_carea' id='block_1_49' title="bbox 325 5227 3555 5316">
    <p class='ocr_par' dir='ltr' id='par_1_49' title="bbox 325 5227 3555 5316">
     <span class='ocr_line' id='line_1_49' title="bbox 325 5227 3555 5316; baseline 0.005 -28"><span class='ocrx_word' id='word_1_566' title='bbox 325 5227 576 5290; x_wconf 82' lang='lat' dir='ltr'><strong>Odonis</strong></span> <span class='ocrx_word' id='word_1_567' title='bbox 627 5232 909 5293; x_wconf 90' lang='lat' dir='ltr'><strong>Turnebi</strong></span> <span class='ocrx_word' id='word_1_568' title='bbox 964 5250 1184 5294; x_wconf 88' lang='lat' dir='ltr'><strong>manu.</strong></span> <span class='ocrx_word' id='word_1_569' title='bbox 1237 5235 1418 5295; x_wconf 79' lang='lat' dir='ltr'><strong>Alter</strong></span> <span class='ocrx_word' id='word_1_570' title='bbox 1464 5234 1672 5297; x_wconf 89' lang='lat' dir='ltr'><strong>codex</strong></span> <span class='ocrx_word' id='word_1_571' title='bbox 1720 5235 1844 5297; x_wconf 84' lang='lat' dir='ltr'><strong>fuit</strong></span> <span class='ocrx_word' id='word_1_572' title='bbox 1885 5234 2183 5301; x_wconf 84' lang='lat' dir='ltr'><strong>Vulcobii</strong></span> <span class='ocrx_word' id='word_1_573' title='bbox 2227 5256 2244 5296; x_wconf 89' lang='lat'><strong>:</strong></span> <span class='ocrx_word' id='word_1_574' title='bbox 2303 5254 2494 5316; x_wconf 89' lang='lat' dir='ltr'><strong>quem</strong></span> <span class='ocrx_word' id='word_1_575' title='bbox 2545 5236 2854 5315; x_wconf 89' lang='lat' dir='ltr'><strong>quoniam</strong></span> <span class='ocrx_word' id='word_1_576' title='bbox 2922 5240 3201 5302; x_wconf 81' lang='lat' dir='ltr'><strong>Renatus</strong></span> <span class='ocrx_word' id='word_1_577' title='bbox 3261 5242 3555 5316; x_wconf 65' lang='lat' dir='ltr'><strong>Moriens.</strong></span> 
     </span>
    </p>
   </div>
   <div class='ocr_carea' id='block_1_50' title="bbox 329 5328 3555 5421">
    <p class='ocr_par' dir='ltr' id='par_1_50' title="bbox 329 5328 3555 5421">
     <span class='ocr_line' id='line_1_50' title="bbox 329 5328 3555 5421; baseline 0.004 -33"><span class='ocrx_word' id='word_1_578' title='bbox 329 5328 616 5390; x_wconf 88' lang='lat' dir='ltr'><strong>medicus</strong></span> <span class='ocrx_word' id='word_1_579' title='bbox 647 5330 1051 5407; x_wconf 83' lang='lat' dir='ltr'><strong>Parisiensis,</strong></span> <span class='ocrx_word' id='word_1_580' title='bbox 1088 5335 1246 5396; x_wconf 89' lang='lat' dir='ltr'><strong>mihi</strong></span> <span class='ocrx_word' id='word_1_581' title='bbox 1290 5336 1835 5421; x_wconf 83' lang='lat' dir='ltr'><strong>commodaverat,</strong></span> <span class='ocrx_word' id='word_1_582' title='bbox 1868 5336 2155 5398; x_wconf 90' lang='lat' dir='ltr'><strong>codicem</strong></span> <span class='ocrx_word' id='word_1_583' title='bbox 2188 5337 2402 5398; x_wconf 75' lang='lat' dir='ltr'><strong>Monet</strong></span> <span class='ocrx_word' id='word_1_584' title='bbox 2436 5337 2498 5398; x_wconf 92' lang='lat' dir='ltr'><strong>in</strong></span> <span class='ocrx_word' id='word_1_585' title='bbox 2539 5339 3066 5401; x_wconf 87' lang='lat' dir='ltr'><strong>adnotationibus</strong></span> <span class='ocrx_word' id='word_1_586' title='bbox 3100 5357 3325 5402; x_wconf 88' lang='lat' dir='ltr'><strong>vocare</strong></span> <span class='ocrx_word' id='word_1_587' title='bbox 3353 5343 3555 5404; x_wconf 88' lang='lat' dir='ltr'><strong>soleo.</strong></span> 
     </span>
    </p>
   </div>
   <div class='ocr_carea' id='block_1_51' title="bbox 327 5431 3559 5519">
    <p class='ocr_par' dir='ltr' id='par_1_51' title="bbox 327 5431 3559 5519">
     <span class='ocr_line' id='line_1_51' title="bbox 327 5431 3559 5519; baseline 0.004 -30"><span class='ocrx_word' id='word_1_588' title='bbox 327 5431 447 5493; x_wconf 83' lang='lat' dir='ltr'><strong>llic</strong></span> <span class='ocrx_word' id='word_1_589' title='bbox 485 5432 653 5493; x_wconf 91' lang='lat' dir='ltr'><strong>liber</strong></span> <span class='ocrx_word' id='word_1_590' title='bbox 692 5441 912 5511; x_wconf 79' lang='lat' dir='ltr'><strong>praeter</strong></span> <span class='ocrx_word' id='word_1_591' title='bbox 943 5455 1047 5498; x_wconf 88' lang='lat' dir='ltr'><strong>eas</strong></span> <span class='ocrx_word' id='word_1_592' title='bbox 1083 5440 1572 5504; x_wconf 85' lang='lat' dir='ltr'><strong>emendationes</strong></span> <span class='ocrx_word' id='word_1_593' title='bbox 1609 5458 1752 5519; x_wconf 77' lang='lat' dir='ltr'><strong>qum</strong></span> <span class='ocrx_word' id='word_1_594' title='bbox 1802 5442 1864 5501; x_wconf 91' lang='lat' dir='ltr'><strong>in</strong></span> <span class='ocrx_word' id='word_1_595' title='bbox 1918 5440 2080 5503; x_wconf 90' lang='lat' dir='ltr'><strong>libro</strong></span> <span class='ocrx_word' id='word_1_596' title='bbox 2113 5440 2395 5503; x_wconf 90' lang='lat' dir='ltr'><strong>Turnebi</strong></span> <span class='ocrx_word' id='word_1_597' title='bbox 2448 5441 2788 5514; x_wconf 80' lang='lat' dir='ltr'><strong>habentur,</strong></span> <span class='ocrx_word' id='word_1_598' title='bbox 2839 5458 3182 5518; x_wconf 90' lang='lat' dir='ltr'><strong>perpaucas</strong></span> <span class='ocrx_word' id='word_1_599' title='bbox 3215 5442 3368 5502; x_wconf 88' lang='lat' dir='ltr'><strong>alias</strong></span> <span class='ocrx_word' id='word_1_600' title='bbox 3401 5458 3559 5502; x_wconf 84' lang='lat' dir='ltr'><strong>con-</strong></span> 
     </span>
    </p>
   </div>
   <div class='ocr_carea' id='block_1_52' title="bbox 329 5531 3555 5616">
    <p class='ocr_par' dir='ltr' id='par_1_52' title="bbox 329 5531 3555 5616">
     <span class='ocr_line' id='line_1_52' title="bbox 329 5531 3555 5616; baseline 0.004 -28"><span class='ocrx_word' id='word_1_601' title='bbox 329 5531 510 5592; x_wconf 88' lang='lat' dir='ltr'><strong>tinet.</strong></span> <span class='ocrx_word' id='word_1_602' title='bbox 572 5533 830 5594; x_wconf 85' lang='lat' dir='ltr'><strong>Tertius</strong></span> <span class='ocrx_word' id='word_1_603' title='bbox 875 5537 1072 5597; x_wconf 89' lang='lat' dir='ltr'><strong>codex</strong></span> <span class='ocrx_word' id='word_1_604' title='bbox 1134 5537 1255 5598; x_wconf 83' lang='lat' dir='ltr'><strong>fuit</strong></span> <span class='ocrx_word' id='word_1_605' title='bbox 1314 5537 1576 5600; x_wconf 85' lang='lat' dir='ltr'><strong>Heurici</strong></span> <span class='ocrx_word' id='word_1_606' title='bbox 1634 5539 1880 5608; x_wconf 88' lang='lat' dir='ltr'><strong>Savilii,</strong></span> <span class='ocrx_word' id='word_1_607' title='bbox 1943 5540 2065 5601; x_wconf 90' lang='lat' dir='ltr'><strong>viri</strong></span> <span class='ocrx_word' id='word_1_608' title='bbox 2131 5539 2528 5614; x_wconf 85' lang='lat' dir='ltr'><strong>doctissimi,</strong></span> <span class='ocrx_word' id='word_1_609' title='bbox 2567 5541 2646 5602; x_wconf 92' lang='lat' dir='ltr'><strong>ad</strong></span> <span class='ocrx_word' id='word_1_610' title='bbox 2701 5559 2801 5603; x_wconf 90' lang='lat' dir='ltr'><strong>me</strong></span> <span class='ocrx_word' id='word_1_611' title='bbox 2840 5542 3074 5602; x_wconf 88' lang='lat' dir='ltr'><strong>missus</strong></span> <span class='ocrx_word' id='word_1_612' title='bbox 3123 5559 3201 5602; x_wconf 88' lang='lat' dir='ltr'><strong>ex</strong></span> <span class='ocrx_word' id='word_1_613' title='bbox 3258 5541 3481 5616; x_wconf 80' lang='lat' dir='ltr'><strong>Anglia</strong></span> <span class='ocrx_word' id='word_1_614' title='bbox 3521 5559 3555 5601; x_wconf 89' lang='lat' dir='ltr'><strong>a</strong></span> 
     </span>
    </p>
   </div>
   <div class='ocr_carea' id='block_1_53' title="bbox 325 5635 3558 5724">
    <p class='ocr_par' dir='ltr' id='par_1_53' title="bbox 325 5635 3558 5724">
     <span class='ocr_line' id='line_1_53' title="bbox 325 5635 3558 5724; baseline 0.002 -31"><span class='ocrx_word' id='word_1_615' title='bbox 325 5635 562 5699; x_wconf 89' lang='lat' dir='ltr'><strong>Jacobo</strong></span> <span class='ocrx_word' id='word_1_616' title='bbox 615 5638 870 5701; x_wconf 87' lang='lat' dir='ltr'><strong>Usserio</strong></span> <span class='ocrx_word' id='word_1_617' title='bbox 905 5643 1336 5704; x_wconf 87' lang='lat' dir='ltr'><strong>Armachano.</strong></span> <span class='ocrx_word' id='word_1_618' title='bbox 1369 5644 1521 5705; x_wconf 87' lang='lat' dir='ltr'><strong>Nam</strong></span> <span class='ocrx_word' id='word_1_619' title='bbox 1555 5662 1698 5705; x_wconf 84' lang='lat' dir='ltr'><strong>cum</strong></span> <span class='ocrx_word' id='word_1_620' title='bbox 1729 5646 1792 5705; x_wconf 89' lang='lat' dir='ltr'><strong>in</strong></span> <span class='ocrx_word' id='word_1_621' title='bbox 1839 5645 2074 5707; x_wconf 90' lang='lat' dir='ltr'><strong>Usserii</strong></span> <span class='ocrx_word' id='word_1_622' title='bbox 2112 5645 2282 5718; x_wconf 84' lang='lat' dir='ltr'><strong>notis</strong></span> <span class='ocrx_word' id='word_1_623' title='bbox 2313 5647 2386 5706; x_wconf 85' lang='lat' dir='ltr'><strong>ad</strong></span> <span class='ocrx_word' id='word_1_624' title='bbox 2417 5645 2801 5722; x_wconf 81' lang='lat' dir='ltr'><strong>Martyrium</strong></span> <span class='ocrx_word' id='word_1_625' title='bbox 2829 5647 2902 5706; x_wconf 86' lang='grc' dir='ltr'><strong>Β.</strong></span> <span class='ocrx_word' id='word_1_626' title='bbox 2939 5643 3300 5724; x_wconf 84' lang='lat' dir='ltr'><strong>Polycarpi.</strong></span> <span class='ocrx_word' id='word_1_627' title='bbox 3334 5659 3558 5704; x_wconf 71' lang='lat' dir='ltr'><strong>manu-</strong></span> 
     </span>
    </p>
   </div>
   <div class='ocr_carea' id='block_1_54' title="bbox 330 5732 3556 5822">
    <p class='ocr_par' dir='ltr' id='par_1_54' title="bbox 330 5732 3556 5822">
     <span class='ocr_line' id='line_1_54' title="bbox 330 5732 3556 5822; baseline 0.001 -27"><span class='ocrx_word' id='word_1_628' title='bbox 330 5732 636 5814; x_wconf 80' lang='lat' dir='ltr'><strong>scriptum</strong></span> <span class='ocrx_word' id='word_1_629' title='bbox 679 5739 1053 5802; x_wconf 74' lang='lat' dir='ltr'><strong>Eusebiante</strong></span> <span class='ocrx_word' id='word_1_630' title='bbox 1096 5741 1394 5822; x_wconf 67' lang='lat' dir='ltr'><strong>Historiae</strong></span> <span class='ocrx_word' id='word_1_631' title='bbox 1440 5743 1722 5804; x_wconf 87' lang='lat' dir='ltr'><strong>codicem</strong></span> <span class='ocrx_word' id='word_1_632' title='bbox 1760 5759 1835 5804; x_wconf 86' lang='lat' dir='ltr'><strong>ex</strong></span> <span class='ocrx_word' id='word_1_633' title='bbox 1870 5739 2253 5806; x_wconf 84' lang='lat' dir='ltr'><strong>bibliotheca</strong></span> <span class='ocrx_word' id='word_1_634' title='bbox 2290 5740 2610 5803; x_wconf 82' lang='lat' dir='ltr'><strong>Saviliana</strong></span> <span class='ocrx_word' id='word_1_635' title='bbox 2644 5740 2886 5804; x_wconf 84' lang='lat' dir='ltr'><strong>laudari</strong></span> <span class='ocrx_word' id='word_1_636' title='bbox 2935 5739 3556 5814; x_wconf 84' lang='lat' dir='ltr'><strong>animadvertissem,</strong></span> 
     </span>
    </p>
   </div>
  </div>
