3966 6264
345 357 409 414 ”
1638 369 1908 427 VALESI!
1946 371 2335 428 PRIEFATIO.
3100 400 3103 407 .
3535 378 3615 432 η.

355 499 625 561 eumque
662 486 965 549 codicem
998 490 1257 567 cptimte
1288 498 1453 554 notae
1486 508 1627 555 esse
1660 512 1739 556 ex
1787 493 2033 573 aliquot
2079 496 2237 556 locis
2274 495 2352 555 ab
2401 495 2665 556 Usserio
2702 490 2971 570 prolatis
3005 494 3601 573 deprehendissem,

370 582 674 663 postulavi
712 586 796 648 ab
830 604 908 649 eo
942 606 1052 667 per
1079 588 1351 665 litteras,
1386 598 1454 653 ut
1492 594 1696 654 varias
1720 593 1858 671 ejus
1890 592 2133 655 codicis
2160 593 2469 654 lectiones
2496 591 2841 671 (integrum
2878 591 3046 651 enim
3080 591 3157 651 ab
3197 608 3271 652 eo
3303 593 3601 654 collatum

360 702 491 747 esse
525 687 1004 771 existimabam)
1045 691 1121 752 ad
1157 710 1257 754 me
1286 696 1774 759 transmitteret.
1810 696 1924 757 Ille
1963 712 2112 757 vero
2145 695 2429 756 codicem
2466 694 2729 771 quidem
2773 693 2982 770 ipsum
3040 693 3103 753 in
3144 692 3359 755 charta
3394 694 3601 770 scrip-

362 796 481 848 tum
520 788 943 867 bombycina,
976 793 1757 859 bibliothecmOxoniensi
1792 816 1823 857 a
1856 796 2095 858 Savilio
2120 799 2423 857 donatum
2457 793 2692 865 fuisse,
2723 792 2875 853 mihi
2905 793 3248 871 rescripsit.
3283 793 3596 855 Czeteruin

358 889 707 973 editionem
741 893 1004 955 Roberti
1041 896 1346 973 Stephani
1381 899 1594 958 statim
1630 900 1701 961 ad
1742 916 1838 959 me
1875 898 2083 969 misit,
2123 898 2183 957 in
2234 897 2418 975 cujus
2470 897 2759 972 margine
2808 894 3081 954 Savilius
3117 894 3600 956 emendationes

360 1011 430 1053 ex
463 1010 583 1053 suo
618 994 733 1054 illo
767 993 1205 1071 manuscripto
1240 994 1459 1056 codice
1491 996 1904 1073 depromptas
1940 996 2375 1054 adnotaverat.
2409 993 2736 1065 Quantum
2798 1000 3004 1052 tamen
3059 992 3374 1069 conjicere
3417 996 3597 1068 potui

357 1113 478 1158 non
520 1112 752 1158 omnes
794 1097 1017 1175 scripti
1055 1097 1293 1158 codicis
1343 1098 1652 1160 lectiones
1710 1099 1785 1159 ad
1846 1098 2010 1158 latus
2057 1097 2366 1158 editionis
2400 1097 2577 1157 illius
2630 1094 2933 1174 apposuit
2974 1092 3275 1161 Savilius,
3332 1093 3441 1152 sed
3493 1110 3598 1153 eas

353 1202 594 1257 tantum
664 1217 820 1277 quas
877 1199 1080 1260 bonas
1128 1208 1465 1277 certasque
1518 1216 1661 1259 esse
1712 1198 2144 1259 existimabat.
2189 1197 2490 1270 Quaedam
2551 1197 2720 1259 enim
2776 1195 3082 1257 lectiones
3130 1190 3209 1251 ab
3255 1191 3510 1252 Usserio
3561 1212 3595 1251 e

351 1296 587 1374 scripto
625 1297 739 1359 illo
772 1299 992 1360 codice
1023 1296 1458 1374 proferuntur,
1495 1314 1655 1377 quas
1690 1316 1721 1357 a
1763 1297 1999 1357 Savilio
2039 1296 2500 1373 praetermissos
2533 1312 2675 1357 esse
2708 1302 2926 1372 postea
2961 1292 3382 1370 deprehendi.
3436 1293 3597 1351 Prae-

349 1405 516 1458 terea
547 1396 719 1458 idem
752 1400 1026 1462 Savilius
1054 1402 1127 1463 ad
1155 1419 1330 1462 oram
1372 1401 1551 1463 illius
1579 1401 1877 1464 editionis
1917 1401 2155 1461 multas
2185 1400 2479 1478 ascripsit
2513 1400 3001 1461 emendationes
3036 1418 3114 1460 ex
3148 1401 3369 1459 codice
3404 1399 3597 1457 Joan-

347 1495 448 1557 nis
477 1494 1081 1573 Christophorsoni,
1115 1494 1307 1581 quem
1344 1501 1592 1563 scilicet
1623 1501 2255 1579 Christophorsonus
2288 1518 2434 1564 cum
2471 1499 2719 1580 aliquot
2773 1501 3225 1579 manuscriptis
3261 1496 3596 1575 exempla-

345 1592 524 1655 ribus
560 1596 943 1659 contulerat.

419 1749 573 1813 Hec
609 1759 760 1812 sunt
808 1752 1122 1815 librorum
1161 1755 1478 1831 subsidia,
1516 1758 1756 1837 quibus
1808 1757 2106 1820 instructi
2152 1758 2536 1821 Eusebianze
2569 1756 2872 1819 Historia:
2923 1753 3116 1814 libros
3157 1749 3593 1812 emendandos

341 1853 776 1929 suscepimus.
803 1853 921 1915 Sed
951 1872 1028 1915 ne
1058 1854 1205 1932 quis
1238 1852 1398 1914 forte
1425 1855 1785 1935 quidquam
1812 1876 1846 1917 a
1872 1855 2060 1917 nobis
2097 1865 2331 1920 temere
2367 1862 2427 1919 et
2463 1874 2574 1934 pro
2605 1855 2867 1916 arbitrio
2900 1858 3213 1914 mutatum
3250 1868 3389 1911 esse
3424 1852 3596 1911 exis-

341 1952 549 2024 timet,
583 1961 732 2015 ante
763 1956 978 2016 omnia
1016 1953 1280 2015 lectores
1315 1957 1593 2017 monitos
1642 1974 1783 2019 esse
1819 1959 2144 2033 volumus,
2179 1958 2341 2019 nihil
2378 1974 2492 2018 nos
2525 1960 2665 2019 sine
2705 1957 3094 2032 Optimorum
3126 1954 3590 2031 exemplarium

338 2068 662 2116 consensu
698 2064 890 2137 atque
920 2058 1299 2122 auctoritate
1334 2059 1586 2125 fecisse.
1620 2062 1936 2143 Adeoque
1973 2065 2165 2127 nobis
2208 2064 2438 2143 religio
2479 2064 2619 2132 fuit,
2658 2065 2720 2124 in
2757 2064 2855 2125 his
2896 2062 3078 2124 libris
3116 2061 3361 2139 aliquid
3404 2061 3597 2120 inter-

340 2158 581 2233 polare,
616 2174 685 2221 ut
715 2181 791 2223 ne
825 2170 955 2222 tum
994 2162 1255 2242 quidem
1282 2182 1425 2226 cum
1462 2166 1674 2228 locum
1713 2170 2131 2246 depravatum
2177 2187 2317 2231 esse
2353 2169 2889 2231 manifestissime
2939 2166 3312 2247 apparebat,
3370 2163 3633 2238 conje-'

342 2267 537 2321 cturte
562 2268 797 2322 nostra;
833 2264 1169 2342 indulgere
1201 2270 1616 2335 voluerimus.
1649 2275 2037 2352 Argumenta
2071 2275 2150 2335 sit
2186 2275 2361 2336 locus
2398 2274 2461 2334 in
2496 2275 2619 2336 ﬁne
2655 2274 2762 2335 lib.
2793 2294 2834 2334 x
2867 2272 3334 2345 Histor.Eccl.,
3367 2290 3427 2348 p.
3450 2270 3592 2339 399,

340 2363 450 2439 qui
509 2365 602 2425 sic
652 2364 837 2428 habet
894 2367 1003 2429 :‘O
1041 2369 1087 2430 δ’
1121 2380 1276 2455 ἀρετῇ
1321 2381 1465 2457 πάι-ρ
1522 2385 1823 2446 θεοσεϐείας
1872 2388 1906 2440 ἐ;

2034 2395 2140 2447 πῶς
2203 2385 2456 2461 μέγιστος
2504 2370 2712 2450 vianti;
2764 2388 3177 2440 Κωνσταντῑως.
3212 2374 3586 2433 Poteramus

338 2461 442 2523 hic
484 2481 693 2526 veram
737 2465 1075 2533 lectionem
1114 2473 1230 2533 levi
1270 2478 1529 2552 negotio
1571 2481 1904 2541 restituerc

2025 2488 2044 2542 ῐ
2084 2500 2193 2557 [)I‘U
2224 2487 2493 2560 ἐκπρεπῶς
2529 2482 2867 2542 emendare
2916 2485 3205 2555 ὶκπρῖπων.
3260 2472 3363 2531 Sic
3417 2471 3590 2531 enim

338 2583 491 2626 eum
541 2568 806 2629 Eusebii
872 2570 1079 2633 locum
1133 2575 1282 2637 citat
1333 2578 1628 2640 Gelasius
1664 2582 2023 2656 Cyzicenus
2083 2583 2145 2641 in
2183 2582 2299 2643 lib.
2341 2600 2421 2651 ιι,
2479 2599 2596 2643 nec
2647 2581 2831 2641 aliter
2880 2577 3184 2639 scribitur
3237 2574 3299 2634 in
3364 2572 3476 2633 lib.
3546 2587 3591 2633 υ

336 2667 602 2728 Eusebii
666 2671 751 2731 De
798 2672 929 2732 vita
978 2674 1398 2754 Constantini,
1463 2701 1597 2762 cap.
1662 2686 1757 2760 19,
1826 2676 1937 2747 ubi
2012 2686 2115 2748 hic
2184 2685 2367 2748 locus
2424 2686 2654 2747 iisdem
2721 2684 2906 2760 plane
2976 2678 3187 2740 verbis
3250 2679 3587 2750 repetitur.

335 2768 637 2847 Denique
686 2771 903 2834 nullus
943 2772 1007 2835 in
1061 2775 1177 2840 hac
1228 2782 1516 2843 editione
1576 2792 1790 2846 nostra
1837 2786 2210 2846 emendatus
2259 2793 2356 2846 est
2403 2785 2603 2857 locus,
2657 2783 2732 2845 de
2789 2800 2920 2854 quo
2960 2782 3023 2841 in
3064 2777 3591 2842 adnotationibus

341 2873 643 2933 lectorem
689 2889 819 2934 non
877 2878 1353 2955 admonuerim,
1418 2891 1477 2945 et
1536 2886 2009 2947 emendationis
2067 2903 2221 2946 meae
2291 2884 2603 2947 rationem
2676 2897 2805 2944 non
2872 2879 3285 2942 reddiderint.
3349 2878 3593 2937 Emen-

338 2972 624 3032 dationis
680 2991 824 3052 pars
878 2986 974 3039 est
1029 2997 1157 3042 non
1208 2990 1564 3058 postrema,
1622 2985 1954 3045 distinctio
2011 2985 2147 3048 sive
2198 2984 2671 3063 interpunctio,
2719 2984 2797 3043 de
2857 2999 2979 3058 qua
3034 2979 3326 3041 nonnihil
3388 2996 3420 3037 a
3488 2992 3589 3037 me

338 3070 684 3134 dicendum
722 3082 840 3150 est,
880 3095 959 3138 ne
993 3079 1156 3141 forte
1191 3084 1459 3146 lectores
1495 3102 1661 3147 novo
1696 3085 2242 3163 interpunctionis
2275 3102 2509 3162 genere
2543 3085 2718 3162 quod
2756 3083 2817 3143 in
2848 3083 3007 3143 hanc
3042 3080 3388 3141 editionem
3422 3098 3452 3138 a
3489 3095 3587 3137 me

340 3175 623 3250 primum
662 3176 985 3240 invectum
1027 3188 1144 3257 est,
1172 3184 1662 3246 conturbentur.
1701 3186 2081 3264 Quanquam
2117 3187 2169 3246 si
2212 3184 2470 3263 proprie
2507 3184 2681 3262 loqui
2731 3184 3030 3254 velimus,
3083 3197 3209 3240 non
3247 3179 3307 3239 id
3346 3196 3582 3238 novum

336 3274 782 3335 distinctionis
842 3294 1073 3354 genus,
1128 3281 1238 3340 sed
1294 3281 1805 3345 vetustissimum
1866 3291 1986 3354 est,
2022 3291 2083 3345 et
2119 3283 2196 3344 ab
2247 3282 2531 3361 antiquis
2589 3282 2893 3342 omnibus
2933 3285 3056 3341 tam
3110 3278 3343 3338 Grrecis
3395 3292 3584 3354 quam

338 3370 582 3432 Latinis
620 3386 1002 3452 usurpatum
1046 3401 1061 3440 :
1099 3382 1271 3451 quod
1309 3380 1741 3444 recentiorum
1775 3384 2161 3461 negligentia
2194 3382 2449 3462 penitus
2484 3382 2826 3453 abolitum,
2866 3382 2980 3441 bac
3005 3378 3288 3439 editione
3319 3385 3589 3437 conatus

336 3485 476 3529 sum
510 3472 736 3531 saltem
780 3489 858 3533 ex
893 3483 1067 3552 parte
1104 3497 1423 3541 revocare.
1456 3482 1652 3542 Prisci
1698 3482 1960 3561 quidem
2010 3483 2127 3553 illi,
2162 3499 2385 3544 recens
2436 3492 2568 3545 tum
2604 3482 2887 3543 inventis
2937 3479 3294 3541 litterarum
3344 3477 3588 3553 ﬁguris,

342 3585 467 3630 uno
526 3580 748 3632 tenore
796 3573 936 3635 sine
985 3575 1111 3635 ulla
1164 3595 1427 3654 prorsus
1476 3578 1893 3641 distinctione
1939 3581 2327 3643 scribebant.
2375 3581 2531 3654 Quae
2582 3598 2684 3642 res
2743 3598 2886 3641 cum
2945 3580 3287 3641 maximam
3344 3587 3471 3638 tum
3523 3578 3588 3638 in

340 3667 616 3746 legendo
647 3681 779 3732 tum
818 3672 883 3733 in
922 3677 1397 3753 pronuntiando
1431 3679 1697 3741 haberet
1729 3680 2201 3754 diﬁicultatem,
2232 3690 2481 3745 veteres
2516 3680 2913 3761 grammatici
2953 3688 3081 3740 tres
3118 3680 3437 3756 posituras
3470 3695 3587 3737 seu

341 3770 792 3833 distinctiones
827 3776 1296 3852 excogitarunt,
1337 3778 1576 3856 quibus
1621 3780 1799 3857 quasi
1836 3780 2222 3843 stationibus
2270 3782 2656 3859 quibusdam
2713 3799 2783 3841 ac
2813 3777 3188 3839 diversoriis
3237 3776 3587 3837 continuus

342 3869 653 3929 orationis
706 3888 933 3932 cursus
985 3873 1519 3950 distingueretur.
1591 3876 1861 3935 Primam
1924 3882 2228 3937 vocarunt
2284 3882 2657 3956 ὖποστιγμήν,
2708 3878 2769 3937 id
2814 3887 2908 3939 est
2963 3875 3589 3939 subdistinctionem;

341 3968 601 4029 alteram
632 3979 825 4049 piam,
863 3972 927 4031 id
961 3981 1080 4046 est,
1115 3973 1373 4033 mediam
1401 3973 1904 4043 distinctionem;
1940 3976 2191 4037 tertiam
2222 3984 2422 4041 τελείαν
2445 3988 2694 4056 στιγμήν,
2722 3975 2785 4036 id
2818 3983 2910 4037 est
2942 3976 3181 4055 ﬁnalem
3211 3992 3322 4033 seu
3349 3974 3591 4050 plenam

339 4065 822 4133 distinctionem.
858 4074 1095 4134 Tribus
1132 4082 1343 4136 autem
1382 4076 1634 4155 punctis
1665 4076 1921 4137 diverso
1960 4076 2088 4138 situ
2125 4076 2455 4155 dispositis
2491 4077 2781 4154 singulas
2822 4080 3231 4136 notaverunt.
3270 4073 3591 4132 Punctum

346 4175 512 4234 enim
548 4178 621 4235 ad
660 4176 855 4237 imam
886 4177 1161 4239 litteram
1192 4177 1555 4254 appositum
1589 4177 2206 4241 subdistinctionem
2238 4179 2576 4256 designat;
2612 4180 2815 4241 inedia
2848 4194 2998 4241 vero
3029 4176 3364 4237 distinctio
3398 4189 3592 4251 quam

347 4273 549 4336 Latini
610 4293 849 4338 moram
902 4278 1333 4356 appellarunt,
1392 4279 1793 4355 signiﬁcatur
1842 4286 2075 4356 puncto
2115 4281 2191 4342 ad
2248 4283 2524 4342 mediam
2578 4281 2847 4343 litteram
2898 4279 3111 4341 aﬁixo.
3167 4277 3330 4337 lllud
3379 4282 3593 4336 autem

341 4387 679 4456 punctum,
721 4378 892 4458 quod
926 4377 1001 4439 ad
1040 4384 1227 4455 caput
1260 4377 1488 4439 litteras
1524 4380 1892 4456 apponitur,
1933 4379 2189 4441 ﬁnalem
2244 4380 2505 4441 denotat
2550 4360 3060 4441 distinctionem.
3108 4378 3343 4437 Harum
3378 4384 3594 4434 autem

342 4481 830 4543 distinctionum
865 4498 1008 4558 quae
1036 4478 1118 4541 sit
1156 4478 1254 4539 vis
1304 4498 1375 4541 ac
1415 4480 1596 4552 ratio,
1645 4480 1875 4543 docent
1905 4481 2344 4561 grammatici,
2405 4484 2689 4542 Donatus
2722 4486 2781 4541 et
2816 4477 3057 4539 Marius
3095 4474 3491 4543 Victorinus,
3532 4478 3594 4531 et

339 4584 686 4643 Diomedes
719 4581 782 4643 in
814 4582 928 4643 lib.
962 4599 1035 4650 II.
1064 4582 1172 4659 qui
1207 4600 1374 4643 unus
1413 4584 1617 4643 instar
1649 4584 1939 4647 omnium
1981 4586 2169 4647 nobis
2207 4589 2326 4648 erit
2363 4586 2481 4645 hoc
2519 4585 2683 4645 loco.
2724 4606 2751 4639 α
2789 4579 3108 4651 Lectioni,
3139 4578 3378 4655 inquit,
3422 4577 3596 4655 posi-

341 4690 515 4743 turas
547 4684 847 4743 accedere
900 4680 996 4741 vel
1050 4680 1499 4742 distinctiones
1555 4693 1832 4759 oportet,
1884 4704 2044 4763 quas
2088 4687 2284 4747 Graeci
2333 4692 2504 4753 θέσεις
2558 4690 2824 4755 vocant;
2857 4700 3000 4761 quae
3034 4682 3200 4740 inter
3249 4678 3595 4755 legendum

341 4785 488 4844 dant
520 4782 769 4861 c0piam
806 4783 1107 4858 Spiritum
1145 4782 1499 4855 reﬁciendi,
1546 4802 1626 4845 ne
1659 4788 2148 4850 continuatione
2198 4788 2475 4849 deﬁciat.
2509 4788 2621 4847 Hm
2661 4795 2785 4846 tres
2830 4794 3004 4857 sunt,
3045 4780 3399 4852 distinctio,
3434 4779 3596 4843 sub.-

341 4884 699 4956 distinctio,
742 4884 950 4945 media
993 4883 1320 4944 distinctio
1368 4884 1506 4946 sive
1560 4903 1759 4957 mora,
1816 4888 1941 4958 vel,
1982 4894 2049 4947 ut
2086 4887 2470 4965 quibusdam
2522 4886 2810 4957 videtur,
2853 4882 3190 4945 submedia
3248 4902 3262 4939 :
3315 4899 3589 4959 quarum

343 4983 688 5045 diversitas
723 4984 927 5045 tribus
964 4985 1215 5062 punctis
1246 4985 1502 5046 diverso
1538 4987 1675 5047 loco
1722 4987 1949 5065 positis
2002 4987 2349 5048 indicatur.
2405 5010 2433 5041 ››
2481 4987 2556 5045 Et
2588 4985 2778 5062 paulo
2819 4992 2959 5061 post
2996 5007 3010 5044 :
3048 5006 3077 5040 α
3117 4981 3455 5043 Distinctio
3496 4988 3594 5040 est

336 5086 576 5148 silentii
614 5093 791 5155 nota,
825 5103 969 5148 cum
1006 5103 1200 5148 sensu
1234 5088 1571 5149 terminato
1609 5088 1880 5148 liberum
1917 5096 2012 5149 est
2054 5106 2303 5150 cessare
2341 5087 2682 5166 prolixius.
2730 5089 2832 5147 Est
2873 5084 3068 5163 hujus
3100 5092 3246 5145 nota
3284 5090 3591 5162 punctum

340 5206 525 5264 supra
563 5206 819 5249 versum
856 5187 929 5247 ad
967 5194 1153 5264 caput
1198 5188 1425 5249 litterae
1460 5189 1766 5267 positum.
1808 5188 2272 5250 Subdistinctio
2305 5197 2396 5250 est
2454 5189 2696 5249 silentii
2750 5196 2898 5248 nota
2934 5186 3231 5261 legitimi,
3272 5202 3395 5263 qua
3452 5202 3599 5261 pro-

341 5285 765 5347 nuntiationis
804 5287 1119 5346 terminus
1164 5304 1361 5349 sensu
1396 5297 1693 5349 manente
1726 5288 1808 5350 ita
1844 5290 2290 5367 suspenditur,
2332 5300 2399 5351 ut
2438 5292 2654 5350 statim
2691 5286 2971 5368 id,quod
3007 5286 3330 5363 sequitur,
3364 5301 3594 5345 succe-

342 5386 488 5446 dere
522 5387 779 5449 debeat.
817 5386 1027 5466 Hujus
1062 5395 1276 5448 autem
1313 5394 1458 5448 nota
1493 5395 1591 5449 est
1624 5398 1935 5466 punctum
1982 5390 2103 5450 sub
2151 5407 2340 5451 versu
2385 5390 2693 5467 positum.
2728 5391 2903 5449 Mora
2941 5394 3039 5446 est
3086 5386 3247 5445 levis
3282 5387 3346 5445 in
3380 5385 3592 5445 conti-

342 5489 644 5549 nuatione
670 5504 985 5548 sensuum
1016 5486 1398 5564 interposita
1427 5487 1759 5559 discretio,
1788 5485 2091 5563 legitimre
2113 5488 2557 5549 distinctionis
2584 5488 3286 5564 subdistinctionisque
3310 5486 3593 5547 medium

338 5587 631 5649 obtinens
670 5587 912 5658 locum,
952 5587 1038 5649 ita
1071 5594 1137 5648 ut
1174 5605 1290 5647 nec
1321 5586 1601 5667 perfecta
1633 5588 1699 5648 in
1746 5594 1976 5659 totum,
2031 5602 2148 5649 nec
2179 5589 2417 5649 omissa
2470 5589 2789 5661 videatur,
2828 5588 2940 5650 sed
2972 5586 3446 5666 signiﬁcatione
3478 5588 3601 5647 im-

341 5688 645 5760 morandi,
686 5687 965 5750 alterius
1016 5688 1346 5749 desideret
1406 5686 1793 5768 principium
1844 5705 2104 5750 sensus.
2155 5690 2229 5749 Et
2281 5688 2401 5751 hoc
2436 5689 2850 5750 solummodo
2900 5696 3121 5751 servat
3167 5686 3477 5762 ofﬁcium,
3528 5697 3601 5749 ut

342 5788 604 5868 legentis
641 5788 954 5868 spiritum
992 5787 1371 5851 brevissima
1413 5788 1843 5867 respiratione
1877 5788 2115 5852 reﬁciat
2151 5806 2220 5851 ac
2256 5789 2520 5853 nutriat.
2556 5790 2657 5851 Sic
2703 5789 2873 5852 enim
2913 5787 3393 5868 pronuntiando
3448 5788 3603 5850 reti-
