  <div class='ocr_page' id='page_1' title='image "/cluster/home/n/w/nwhite01/storage/ocr_20150623/20/mdp.39015008802764/019.png"; bbox 0 0 3966 6264; ppageno 0'>
   <div class='ocr_carea' id='block_1_1' title="bbox 386 297 3636 376">
    <p class='ocr_par' dir='ltr' id='par_1_1' title="bbox 386 297 3636 376">
     <span class='ocr_line' id='line_1_1' title="bbox 386 297 3636 376; baseline -0.004 0"><span class='ocrx_word' id='word_1_1' title='bbox 386 317 462 376; x_wconf 71' lang='lat'><strong>23</strong></span> <span class='ocrx_word' id='word_1_2' title='bbox 1664 317 1933 374; x_wconf 79' lang='lat' dir='ltr'><strong>VALESll</strong></span> <span class='ocrx_word' id='word_1_3' title='bbox 1971 297 2363 372; x_wconf 66' lang='lat' dir='ltr'><strong>eamme.</strong></span> <span class='ocrx_word' id='word_1_4' title='bbox 3565 308 3636 363; x_wconf 62' lang='lat' dir='ltr'><strong>ei</strong></span> 
     </span>
    </p>
   </div>
   <div class='ocr_carea' id='block_1_2' title="bbox 391 429 3632 522">
    <p class='ocr_par' dir='ltr' id='par_1_2' title="bbox 391 429 3632 522">
     <span class='ocr_line' id='line_1_2' title="bbox 391 429 3632 522; baseline -0.004 -20"><span class='ocrx_word' id='word_1_5' title='bbox 391 458 535 502; x_wconf 69' lang='lat' dir='ltr'><strong>core</strong></span> <span class='ocrx_word' id='word_1_6' title='bbox 565 440 717 522; x_wconf 86' lang='lat' dir='ltr'><strong>quis</strong></span> <span class='ocrx_word' id='word_1_7' title='bbox 747 438 962 511; x_wconf 86' lang='lat' dir='ltr'><strong>debet,</strong></span> <span class='ocrx_word' id='word_1_8' title='bbox 997 443 1068 500; x_wconf 89' lang='lat' dir='ltr'><strong>ut</strong></span> <span class='ocrx_word' id='word_1_9' title='bbox 1097 435 1244 516; x_wconf 77' lang='lat' dir='ltr'><strong>quia</strong></span> <span class='ocrx_word' id='word_1_10' title='bbox 1280 437 1551 517; x_wconf 73' lang='lat' dir='ltr'><strong>spiritus</strong></span> <span class='ocrx_word' id='word_1_11' title='bbox 1597 437 1735 517; x_wconf 91' lang='lat' dir='ltr'><strong>ipse</strong></span> <span class='ocrx_word' id='word_1_12' title='bbox 1775 440 2049 519; x_wconf 89' lang='lat' dir='ltr'><strong>quadam</strong></span> <span class='ocrx_word' id='word_1_13' title='bbox 2107 436 2467 499; x_wconf 78' lang='lat' dir='ltr'><strong>defectione</strong></span> <span class='ocrx_word' id='word_1_14' title='bbox 2515 437 2824 506; x_wconf 88' lang='lat' dir='ltr'><strong>mutatur,</strong></span> <span class='ocrx_word' id='word_1_15' title='bbox 2861 430 3097 494; x_wconf 91' lang='lat' dir='ltr'><strong>deinde</strong></span> <span class='ocrx_word' id='word_1_16' title='bbox 3139 435 3524 494; x_wconf 77' lang='lat' dir='ltr'><strong>resumatur.</strong></span> <span class='ocrx_word' id='word_1_17' title='bbox 3561 429 3632 491; x_wconf 89' lang='lat' dir='ltr'><strong>Ut</strong></span> 
     </span>
    </p>
   </div>
   <div class='ocr_carea' id='block_1_3' title="bbox 390 549 537 612">
    <p class='ocr_par' dir='ltr' id='par_1_3' title="bbox 390 549 537 612">
     <span class='ocr_line' id='line_1_3' title="bbox 390 549 537 612; baseline 0.034 -5"><span class='ocrx_word' id='word_1_18' title='bbox 390 549 490 608; x_wconf 83' lang='lat' dir='ltr'><strong>est</strong></span> <span class='ocrx_word' id='word_1_19' title='bbox 518 560 537 612; x_wconf 64' lang='grc' dir='ltr'>ἓ</span> 
     </span>
    </p>
   </div>
   <div class='ocr_carea' id='block_1_4' title="bbox 1205 634 2450 707">
    <p class='ocr_par' dir='ltr' id='par_1_4' title="bbox 1205 634 2450 707">
     <span class='ocr_line' id='line_1_4' title="bbox 1205 634 2450 707; baseline -0.002 -13"><span class='ocrx_word' id='word_1_20' title='bbox 1205 634 1274 694; x_wconf 86' lang='lat' dir='ltr'><strong>Ut</strong></span> <span class='ocrx_word' id='word_1_21' title='bbox 1303 638 1427 692; x_wconf 86' lang='lat' dir='ltr'><strong>belli</strong></span> <span class='ocrx_word' id='word_1_22' title='bbox 1454 640 1663 707; x_wconf 77' lang='lat' dir='ltr'><strong>signum</strong></span> <span class='ocrx_word' id='word_1_23' title='bbox 1700 638 1956 692; x_wconf 83' lang='lat' dir='ltr'><strong>Laurenti</strong></span> <span class='ocrx_word' id='word_1_24' title='bbox 1991 638 2204 691; x_wconf 82' lang='lat' dir='ltr'><strong>Turnus</strong></span> <span class='ocrx_word' id='word_1_25' title='bbox 2229 639 2296 691; x_wconf 85' lang='lat' dir='ltr'><strong>ah</strong></span> <span class='ocrx_word' id='word_1_26' title='bbox 2325 651 2450 691; x_wconf 87' lang='lat' dir='ltr'><strong>arce</strong></span> 
     </span>
    </p>
   </div>
   <div class='ocr_carea' id='block_1_5' title="bbox 1205 708 2545 776">
    <p class='ocr_par' dir='ltr' id='par_1_5' title="bbox 1205 708 2545 776">
     <span class='ocr_line' id='line_1_5' title="bbox 1205 708 2545 776; baseline -0.001 -14"><span class='ocrx_word' id='word_1_27' title='bbox 1205 708 1430 775; x_wconf 82' lang='lat' dir='ltr'><strong>Extulit,</strong></span> <span class='ocrx_word' id='word_1_28' title='bbox 1466 719 1520 765; x_wconf 88' lang='lat' dir='ltr'><strong>et</strong></span> <span class='ocrx_word' id='word_1_29' title='bbox 1550 725 1712 764; x_wconf 89' lang='lat' dir='ltr'><strong>rauco</strong></span> <span class='ocrx_word' id='word_1_30' title='bbox 1746 718 2092 776; x_wconf 79' lang='lat' dir='ltr'><strong>strepuerunt</strong></span> <span class='ocrx_word' id='word_1_31' title='bbox 2124 724 2326 761; x_wconf 86' lang='lat' dir='ltr'><strong>cornua</strong></span> <span class='ocrx_word' id='word_1_32' title='bbox 2353 716 2545 769; x_wconf 84' lang='lat' dir='ltr'><strong>cantu;</strong></span> 
     </span>
    </p>
   </div>
   <div class='ocr_carea' id='block_1_6' title="bbox 1198 778 2719 849">
    <p class='ocr_par' dir='ltr' id='par_1_6' title="bbox 1198 778 2719 849">
     <span class='ocr_line' id='line_1_6' title="bbox 1198 778 2719 849; baseline -0.002 -15"><span class='ocrx_word' id='word_1_33' title='bbox 1198 778 1375 847; x_wconf 89' lang='lat' dir='ltr'><strong>thue</strong></span> <span class='ocrx_word' id='word_1_34' title='bbox 1405 795 1556 835; x_wconf 84' lang='lat' dir='ltr'><strong>acres</strong></span> <span class='ocrx_word' id='word_1_35' title='bbox 1581 781 1854 834; x_wconf 87' lang='lat' dir='ltr'><strong>concussit</strong></span> <span class='ocrx_word' id='word_1_36' title='bbox 1879 794 2071 849; x_wconf 87' lang='lat' dir='ltr'><strong>equos.</strong></span> <span class='ocrx_word' id='word_1_37' title='bbox 2111 790 2273 848; x_wconf 90' lang='lat' dir='ltr'><strong>utque</strong></span> <span class='ocrx_word' id='word_1_38' title='bbox 2298 778 2508 847; x_wconf 81' lang='lat' dir='ltr'><strong>impulit</strong></span> <span class='ocrx_word' id='word_1_39' title='bbox 2537 791 2719 844; x_wconf 86' lang='lat' dir='ltr'><strong>arma;</strong></span> 
     </span>
    </p>
   </div>
   <div class='ocr_carea' id='block_1_7' title="bbox 1196 849 1926 920">
    <p class='ocr_par' dir='ltr' id='par_1_7' title="bbox 1196 849 1926 920">
     <span class='ocr_line' id='line_1_7' title="bbox 1196 849 1926 920; baseline -0.005 -14"><span class='ocrx_word' id='word_1_40' title='bbox 1196 849 1480 920; x_wconf 79' lang='lat' dir='ltr'><strong>Extemplo</strong></span> <span class='ocrx_word' id='word_1_41' title='bbox 1509 853 1704 905; x_wconf 82' lang='lat' dir='ltr'><strong>turbati</strong></span> <span class='ocrx_word' id='word_1_42' title='bbox 1737 850 1926 904; x_wconf 86' lang='lat' dir='ltr'><strong>animi.</strong></span> 
     </span>
    </p>
   </div>
   <div class='ocr_carea' id='block_1_8' title="bbox 385 940 3630 1024">
    <p class='ocr_par' dir='ltr' id='par_1_8' title="bbox 385 940 3630 1024">
     <span class='ocr_line' id='line_1_8' title="bbox 385 940 3630 1024; baseline -0.002 -18"><span class='ocrx_word' id='word_1_43' title='bbox 385 944 604 1008; x_wconf 72' lang='lat' dir='ltr'><strong>Multm</strong></span> <span class='ocrx_word' id='word_1_44' title='bbox 640 945 813 1009; x_wconf 89' lang='lat' dir='ltr'><strong>enim</strong></span> <span class='ocrx_word' id='word_1_45' title='bbox 850 943 1155 1008; x_wconf 68' lang='lat' dir='ltr'><strong>clausulae</strong></span> <span class='ocrx_word' id='word_1_46' title='bbox 1181 953 1332 1008; x_wconf 92' lang='lat' dir='ltr'><strong>sunt</strong></span> <span class='ocrx_word' id='word_1_47' title='bbox 1382 947 1608 1008; x_wconf 76' lang='lat' dir='ltr'><strong>medim</strong></span> <span class='ocrx_word' id='word_1_48' title='bbox 1643 946 1834 1024; x_wconf 83' lang='lat' dir='ltr'><strong>hujus</strong></span> <span class='ocrx_word' id='word_1_49' title='bbox 1869 944 2186 1007; x_wconf 88' lang='lat' dir='ltr'><strong>lectionis.</strong></span> <span class='ocrx_word' id='word_1_50' title='bbox 2219 946 2499 1006; x_wconf 90' lang='lat' dir='ltr'><strong>Primum</strong></span> <span class='ocrx_word' id='word_1_51' title='bbox 2533 961 2613 1004; x_wconf 93' lang='lat' dir='ltr'><strong>ne</strong></span> <span class='ocrx_word' id='word_1_52' title='bbox 2645 940 3137 1011; x_wconf 85' lang='lat' dir='ltr'><strong>confundantur,</strong></span> <span class='ocrx_word' id='word_1_53' title='bbox 3171 958 3314 1020; x_wconf 60' lang='lat' dir='ltr'><strong>quae</strong></span> <span class='ocrx_word' id='word_1_54' title='bbox 3345 941 3539 1002; x_wconf 79' lang='grc' dir='ltr'><strong>δίκωλα</strong></span> <span class='ocrx_word' id='word_1_55' title='bbox 3570 944 3630 1000; x_wconf 87' lang='lat' dir='ltr'><strong>et</strong></span> 
     </span>
    </p>
   </div>
   <div class='ocr_carea' id='block_1_9' title="bbox 384 1041 3633 1129">
    <p class='ocr_par' dir='ltr' id='par_1_9' title="bbox 384 1041 3633 1129">
     <span class='ocr_line' id='line_1_9' title="bbox 384 1041 3633 1129; baseline -0.002 -21"><span class='ocrx_word' id='word_1_56' title='bbox 384 1055 617 1129; x_wconf 73' lang='grc' dir='ltr'><strong>τρίκωλα</strong></span> <span class='ocrx_word' id='word_1_57' title='bbox 648 1057 981 1128; x_wconf 90' lang='lat' dir='ltr'><strong>ponuntur</strong></span> <span class='ocrx_word' id='word_1_58' title='bbox 1012 1056 1072 1110; x_wconf 87' lang='lat' dir='ltr'><strong>et</strong></span> <span class='ocrx_word' id='word_1_59' title='bbox 1109 1047 1283 1110; x_wconf 90' lang='lat' dir='ltr'><strong>talia.</strong></span> <span class='ocrx_word' id='word_1_60' title='bbox 1318 1047 1566 1110; x_wconf 88' lang='lat' dir='ltr'><strong>Deinde</strong></span> <span class='ocrx_word' id='word_1_61' title='bbox 1606 1057 1667 1109; x_wconf 91' lang='lat' dir='ltr'><strong>ut</strong></span> <span class='ocrx_word' id='word_1_62' title='bbox 1702 1056 1880 1112; x_wconf 89' lang='lat' dir='ltr'><strong>actus</strong></span> <span class='ocrx_word' id='word_1_63' title='bbox 1916 1051 2253 1112; x_wconf 84' lang='lat' dir='ltr'><strong>verborum</strong></span> <span class='ocrx_word' id='word_1_64' title='bbox 2302 1047 2581 1108; x_wconf 87' lang='lat' dir='ltr'><strong>emineat</strong></span> <span class='ocrx_word' id='word_1_65' title='bbox 2613 1052 2672 1106; x_wconf 91' lang='lat' dir='ltr'><strong>et</strong></span> <span class='ocrx_word' id='word_1_66' title='bbox 2715 1044 2943 1114; x_wconf 83' lang='lat' dir='ltr'><strong>luceat,</strong></span> <span class='ocrx_word' id='word_1_67' title='bbox 2975 1041 3083 1120; x_wconf 92' lang='lat' dir='ltr'><strong>qui</strong></span> <span class='ocrx_word' id='word_1_68' title='bbox 3121 1061 3197 1104; x_wconf 83' lang='lat' dir='ltr'><strong>ex</strong></span> <span class='ocrx_word' id='word_1_69' title='bbox 3231 1043 3448 1120; x_wconf 91' lang='lat' dir='ltr'><strong>aliquo</strong></span> <span class='ocrx_word' id='word_1_70' title='bbox 3485 1057 3633 1103; x_wconf 82' lang='lat' dir='ltr'><strong>mo-</strong></span> 
     </span>
    </p>
   </div>
   <div class='ocr_carea' id='block_1_10' title="bbox 385 1146 3632 1229">
    <p class='ocr_par' dir='ltr' id='par_1_10' title="bbox 385 1146 3632 1229">
     <span class='ocr_line' id='line_1_10' title="bbox 385 1146 3632 1229; baseline -0.002 -15"><span class='ocrx_word' id='word_1_71' title='bbox 385 1153 869 1215; x_wconf 79' lang='lat' dir='ltr'><strong>veaturaﬂ‘ectu</strong></span> <span class='ocrx_word' id='word_1_72' title='bbox 895 1197 911 1226; x_wconf 97' lang='lat'><strong>,</strong></span> <span class='ocrx_word' id='word_1_73' title='bbox 963 1153 1057 1215; x_wconf 93' lang='lat' dir='ltr'><strong>vel</strong></span> <span class='ocrx_word' id='word_1_74' title='bbox 1094 1151 1545 1229; x_wconf 83' lang='lat' dir='ltr'><strong>indignatione</strong></span> <span class='ocrx_word' id='word_1_75' title='bbox 1595 1153 1690 1215; x_wconf 87' lang='lat' dir='ltr'><strong>vel</strong></span> <span class='ocrx_word' id='word_1_76' title='bbox 1748 1155 2164 1217; x_wconf 88' lang='lat' dir='ltr'><strong>miseratione</strong></span> <span class='ocrx_word' id='word_1_77' title='bbox 2201 1151 2454 1222; x_wconf 91' lang='lat' dir='ltr'><strong>collata,</strong></span> <span class='ocrx_word' id='word_1_78' title='bbox 2494 1173 2522 1207; x_wconf 73' lang='lat' dir='ltr'><strong>in</strong></span> <span class='ocrx_word' id='word_1_79' title='bbox 2559 1157 2679 1211; x_wconf 89' lang='lat' dir='ltr'><strong>etc.</strong></span> <span class='ocrx_word' id='word_1_80' title='bbox 2717 1148 3103 1226; x_wconf 77' lang='lat' dir='ltr'><strong>Eujusmodi</strong></span> <span class='ocrx_word' id='word_1_81' title='bbox 3147 1149 3344 1226; x_wconf 84' lang='lat' dir='ltr'><strong>igitur</strong></span> <span class='ocrx_word' id='word_1_82' title='bbox 3399 1146 3632 1211; x_wconf 86' lang='lat' dir='ltr'><strong>distin-</strong></span> 
     </span>
    </p>
   </div>
   <div class='ocr_carea' id='block_1_11' title="bbox 384 1254 3629 1338">
    <p class='ocr_par' dir='ltr' id='par_1_11' title="bbox 384 1254 3629 1338">
     <span class='ocr_line' id='line_1_11' title="bbox 384 1254 3629 1338; baseline -0.001 -22"><span class='ocrx_word' id='word_1_83' title='bbox 384 1257 669 1319; x_wconf 89' lang='lat' dir='ltr'><strong>ctionum</strong></span> <span class='ocrx_word' id='word_1_84' title='bbox 699 1275 816 1320; x_wconf 90' lang='lat' dir='ltr'><strong>seu</strong></span> <span class='ocrx_word' id='word_1_85' title='bbox 853 1257 1453 1336; x_wconf 85' lang='lat' dir='ltr'><strong>interpunctionum</strong></span> <span class='ocrx_word' id='word_1_86' title='bbox 1492 1265 1673 1319; x_wconf 86' lang='lat' dir='ltr'><strong>notas</strong></span> <span class='ocrx_word' id='word_1_87' title='bbox 1701 1259 1946 1338; x_wconf 90' lang='lat' dir='ltr'><strong>antiqui</strong></span> <span class='ocrx_word' id='word_1_88' title='bbox 1987 1276 2241 1331; x_wconf 91' lang='lat' dir='ltr'><strong>omnes,</strong></span> <span class='ocrx_word' id='word_1_89' title='bbox 2275 1265 2398 1319; x_wconf 88' lang='lat' dir='ltr'><strong>tam</strong></span> <span class='ocrx_word' id='word_1_90' title='bbox 2433 1254 2630 1317; x_wconf 82' lang='lat' dir='ltr'><strong>Graeci</strong></span> <span class='ocrx_word' id='word_1_91' title='bbox 2671 1272 2868 1334; x_wconf 91' lang='lat' dir='ltr'><strong>quam</strong></span> <span class='ocrx_word' id='word_1_92' title='bbox 2906 1255 3236 1325; x_wconf 66' lang='lat' dir='ltr'><strong>Latini,‘in</strong></span> <span class='ocrx_word' id='word_1_93' title='bbox 3278 1254 3458 1315; x_wconf 86' lang='lat' dir='ltr'><strong>libris</strong></span> <span class='ocrx_word' id='word_1_94' title='bbox 3492 1255 3629 1316; x_wconf 83' lang='lat' dir='ltr'><strong>suis</strong></span> 
     </span>
    </p>
   </div>
   <div class='ocr_carea' id='block_1_12' title="bbox 381 1355 3628 1438">
    <p class='ocr_par' dir='ltr' id='par_1_12' title="bbox 381 1355 3628 1438">
     <span class='ocr_line' id='line_1_12' title="bbox 381 1355 3628 1438; baseline -0.001 -20"><span class='ocrx_word' id='word_1_95' title='bbox 381 1356 816 1425; x_wconf 85' lang='lat' dir='ltr'><strong>adhibuerunt</strong></span> <span class='ocrx_word' id='word_1_96' title='bbox 852 1378 870 1419; x_wconf 88' lang='lat'><strong>:</strong></span> <span class='ocrx_word' id='word_1_97' title='bbox 905 1375 1066 1436; x_wconf 85' lang='lat' dir='ltr'><strong>quas</strong></span> <span class='ocrx_word' id='word_1_98' title='bbox 1100 1356 1291 1419; x_wconf 90' lang='lat' dir='ltr'><strong>etiam</strong></span> <span class='ocrx_word' id='word_1_99' title='bbox 1349 1357 1577 1418; x_wconf 89' lang='lat' dir='ltr'><strong>lsidori</strong></span> <span class='ocrx_word' id='word_1_100' title='bbox 1611 1358 2021 1438; x_wconf 85' lang='lat' dir='ltr'><strong>Hispalensis</strong></span> <span class='ocrx_word' id='word_1_101' title='bbox 2067 1366 2247 1421; x_wconf 66' lang='lat' dir='ltr'><strong>aetate</strong></span> <span class='ocrx_word' id='word_1_102' title='bbox 2297 1358 2506 1433; x_wconf 80' lang='lat' dir='ltr'><strong>adhuc</strong></span> <span class='ocrx_word' id='word_1_103' title='bbox 2541 1361 2609 1420; x_wconf 90' lang='lat' dir='ltr'><strong>in</strong></span> <span class='ocrx_word' id='word_1_104' title='bbox 2649 1377 2766 1420; x_wconf 90' lang='lat' dir='ltr'><strong>usu</strong></span> <span class='ocrx_word' id='word_1_105' title='bbox 2816 1358 3016 1418; x_wconf 82' lang='lat' dir='ltr'><strong>fuisse</strong></span> <span class='ocrx_word' id='word_1_106' title='bbox 3050 1362 3318 1418; x_wconf 88' lang='lat' dir='ltr'><strong>constat.</strong></span> <span class='ocrx_word' id='word_1_107' title='bbox 3355 1355 3420 1416; x_wconf 90' lang='lat' dir='ltr'><strong>Id</strong></span> <span class='ocrx_word' id='word_1_108' title='bbox 3455 1356 3628 1416; x_wconf 88' lang='lat' dir='ltr'><strong>enim</strong></span> 
     </span>
    </p>
   </div>
   <div class='ocr_carea' id='block_1_13' title="bbox 381 1454 3632 1538">
    <p class='ocr_par' dir='ltr' id='par_1_13' title="bbox 381 1454 3632 1538">
     <span class='ocr_line' id='line_1_13' title="bbox 381 1454 3632 1538; baseline -0.001 -21"><span class='ocrx_word' id='word_1_109' title='bbox 381 1456 690 1519; x_wconf 88' lang='lat' dir='ltr'><strong>discimus</strong></span> <span class='ocrx_word' id='word_1_110' title='bbox 722 1475 798 1520; x_wconf 77' lang='lat' dir='ltr'><strong>ex</strong></span> <span class='ocrx_word' id='word_1_111' title='bbox 832 1459 974 1536; x_wconf 88' lang='lat' dir='ltr'><strong>ejus</strong></span> <span class='ocrx_word' id='word_1_112' title='bbox 1005 1455 1337 1534; x_wconf 78' lang='lat' dir='ltr'><strong>Originum</strong></span> <span class='ocrx_word' id='word_1_113' title='bbox 1365 1457 1528 1519; x_wconf 87' lang='lat' dir='ltr'><strong>libro</strong></span> <span class='ocrx_word' id='word_1_114' title='bbox 1572 1476 1616 1530; x_wconf 84' lang='grc' dir='ltr'><strong>ι,</strong></span> <span class='ocrx_word' id='word_1_115' title='bbox 1663 1476 1803 1537; x_wconf 87' lang='lat' dir='ltr'><strong>cap.</strong></span> <span class='ocrx_word' id='word_1_116' title='bbox 1851 1459 1949 1522; x_wconf 84' lang='lat'><strong>19.</strong></span> <span class='ocrx_word' id='word_1_117' title='bbox 1988 1460 2059 1520; x_wconf 87' lang='lat' dir='ltr'><strong>In</strong></span> <span class='ocrx_word' id='word_1_118' title='bbox 2114 1459 2564 1537; x_wconf 86' lang='lat' dir='ltr'><strong>manuscriplis</strong></span> <span class='ocrx_word' id='word_1_119' title='bbox 2601 1475 2861 1538; x_wconf 86' lang='lat' dir='ltr'><strong>quoque</strong></span> <span class='ocrx_word' id='word_1_120' title='bbox 2918 1455 3391 1534; x_wconf 72' lang='lat' dir='ltr'><strong>exemplaribus</strong></span> <span class='ocrx_word' id='word_1_121' title='bbox 3441 1454 3632 1531; x_wconf 87' lang='lat' dir='ltr'><strong>paulo</strong></span> 
     </span>
    </p>
   </div>
   <div class='ocr_carea' id='block_1_14' title="bbox 382 1554 3633 1638">
    <p class='ocr_par' dir='ltr' id='par_1_14' title="bbox 382 1554 3633 1638">
     <span class='ocr_line' id='line_1_14' title="bbox 382 1554 3633 1638; baseline -0.001 -21"><span class='ocrx_word' id='word_1_122' title='bbox 382 1557 850 1620; x_wconf 83' lang='lat' dir='ltr'><strong>vetustioribus</strong></span> <span class='ocrx_word' id='word_1_123' title='bbox 883 1557 1102 1619; x_wconf 88' lang='lat' dir='ltr'><strong>eadem</strong></span> <span class='ocrx_word' id='word_1_124' title='bbox 1138 1556 1589 1635; x_wconf 82' lang='lat' dir='ltr'><strong>distinguendi</strong></span> <span class='ocrx_word' id='word_1_125' title='bbox 1630 1559 1792 1620; x_wconf 83' lang='lat' dir='ltr'><strong>ratio</strong></span> <span class='ocrx_word' id='word_1_126' title='bbox 1822 1567 2136 1638; x_wconf 85' lang='lat' dir='ltr'><strong>perpetuo</strong></span> <span class='ocrx_word' id='word_1_127' title='bbox 2169 1569 2488 1622; x_wconf 84' lang='lat' dir='ltr'><strong>servatur.</strong></span> <span class='ocrx_word' id='word_1_128' title='bbox 2529 1562 2766 1620; x_wconf 87' lang='lat' dir='ltr'><strong>Verum</strong></span> <span class='ocrx_word' id='word_1_129' title='bbox 2809 1557 3222 1625; x_wconf 86' lang='lat' dir='ltr'><strong>recentiores,</strong></span> <span class='ocrx_word' id='word_1_130' title='bbox 3267 1573 3380 1618; x_wconf 92' lang='lat' dir='ltr'><strong>seu</strong></span> <span class='ocrx_word' id='word_1_131' title='bbox 3426 1554 3633 1631; x_wconf 88' lang='lat' dir='ltr'><strong>impe-</strong></span> 
     </span>
    </p>
   </div>
   <div class='ocr_carea' id='block_1_15' title="bbox 381 1657 3634 1739">
    <p class='ocr_par' dir='ltr' id='par_1_15' title="bbox 381 1657 3634 1739">
     <span class='ocr_line' id='line_1_15' title="bbox 381 1657 3634 1739; baseline 0 -23"><span class='ocrx_word' id='word_1_132' title='bbox 381 1657 526 1720; x_wconf 91' lang='lat' dir='ltr'><strong>ritia</strong></span> <span class='ocrx_word' id='word_1_133' title='bbox 559 1675 676 1720; x_wconf 90' lang='lat' dir='ltr'><strong>seu</strong></span> <span class='ocrx_word' id='word_1_134' title='bbox 711 1657 957 1721; x_wconf 83' lang='lat' dir='ltr'><strong>desidia</strong></span> <span class='ocrx_word' id='word_1_135' title='bbox 1000 1660 1278 1736; x_wconf 89' lang='lat' dir='ltr'><strong>quadam</strong></span> <span class='ocrx_word' id='word_1_136' title='bbox 1321 1677 1392 1721; x_wconf 86' lang='lat' dir='ltr'><strong>ac</strong></span> <span class='ocrx_word' id='word_1_137' title='bbox 1421 1660 1839 1739; x_wconf 80' lang='lat' dir='ltr'><strong>negligentia,</strong></span> <span class='ocrx_word' id='word_1_138' title='bbox 1873 1663 2086 1725; x_wconf 88' lang='lat' dir='ltr'><strong>omnia</strong></span> <span class='ocrx_word' id='word_1_139' title='bbox 2119 1670 2622 1726; x_wconf 89' lang='lat' dir='ltr'><strong>commutarunt.</strong></span> <span class='ocrx_word' id='word_1_140' title='bbox 2657 1663 2745 1723; x_wconf 85' lang='lat' dir='ltr'><strong>Ac</strong></span> <span class='ocrx_word' id='word_1_141' title='bbox 2781 1676 2893 1739; x_wconf 89' lang='lat' dir='ltr'><strong>pro</strong></span> <span class='ocrx_word' id='word_1_142' title='bbox 2923 1657 3634 1733; x_wconf 85' lang='lat' dir='ltr'><strong>subdistinctionequi-</strong></span> 
     </span>
    </p>
   </div>
   <div class='ocr_carea' id='block_1_16' title="bbox 377 1758 3629 1841">
    <p class='ocr_par' dir='ltr' id='par_1_16' title="bbox 377 1758 3629 1841">
     <span class='ocr_line' id='line_1_16' title="bbox 377 1758 3629 1841; baseline -0.002 -19"><span class='ocrx_word' id='word_1_143' title='bbox 377 1759 524 1822; x_wconf 91' lang='lat' dir='ltr'><strong>dem</strong></span> <span class='ocrx_word' id='word_1_144' title='bbox 565 1760 851 1840; x_wconf 81' lang='lat' dir='ltr'><strong>virgulas</strong></span> <span class='ocrx_word' id='word_1_145' title='bbox 888 1768 1278 1840; x_wconf 87' lang='lat' dir='ltr'><strong>posuerunt;</strong></span> <span class='ocrx_word' id='word_1_146' title='bbox 1321 1778 1431 1840; x_wconf 92' lang='lat' dir='ltr'><strong>pro</strong></span> <span class='ocrx_word' id='word_1_147' title='bbox 1466 1763 1693 1822; x_wconf 78' lang='lat' dir='ltr'><strong>mediae</strong></span> <span class='ocrx_word' id='word_1_148' title='bbox 1723 1762 2161 1826; x_wconf 88' lang='lat' dir='ltr'><strong>distinctionis</strong></span> <span class='ocrx_word' id='word_1_149' title='bbox 2197 1773 2343 1826; x_wconf 91' lang='lat' dir='ltr'><strong>uota</strong></span> <span class='ocrx_word' id='word_1_150' title='bbox 2377 1764 2508 1826; x_wconf 90' lang='lat' dir='ltr'><strong>duo</strong></span> <span class='ocrx_word' id='word_1_151' title='bbox 2543 1769 2772 1841; x_wconf 82' lang='lat' dir='ltr'><strong>puncta</strong></span> <span class='ocrx_word' id='word_1_152' title='bbox 2803 1781 2819 1818; x_wconf 90' lang='lat'><strong>:</strong></span> <span class='ocrx_word' id='word_1_153' title='bbox 2847 1760 3049 1823; x_wconf 89' lang='lat' dir='ltr'><strong>ﬁnalis</strong></span> <span class='ocrx_word' id='word_1_154' title='bbox 3083 1775 3234 1820; x_wconf 90' lang='lat' dir='ltr'><strong>vero</strong></span> <span class='ocrx_word' id='word_1_155' title='bbox 3265 1758 3629 1819; x_wconf 88' lang='lat' dir='ltr'><strong>distinctio-</strong></span> 
     </span>
    </p>
   </div>
   <div class='ocr_carea' id='block_1_17' title="bbox 382 1857 3628 1941">
    <p class='ocr_par' dir='ltr' id='par_1_17' title="bbox 382 1857 3628 1941">
     <span class='ocr_line' id='line_1_17' title="bbox 382 1857 3628 1941; baseline -0 -19"><span class='ocrx_word' id='word_1_156' title='bbox 382 1860 488 1922; x_wconf 86' lang='lat' dir='ltr'><strong>nis</strong></span> <span class='ocrx_word' id='word_1_157' title='bbox 540 1869 754 1924; x_wconf 90' lang='lat' dir='ltr'><strong>notam</strong></span> <span class='ocrx_word' id='word_1_158' title='bbox 795 1879 828 1924; x_wconf 88' lang='lat' dir='ltr'><strong>a</strong></span> <span class='ocrx_word' id='word_1_159' title='bbox 893 1860 1098 1938; x_wconf 85' lang='lat' dir='ltr'><strong>capite</strong></span> <span class='ocrx_word' id='word_1_160' title='bbox 1152 1859 1226 1920; x_wconf 89' lang='lat' dir='ltr'><strong>ad</strong></span> <span class='ocrx_word' id='word_1_161' title='bbox 1279 1859 1471 1937; x_wconf 83' lang='lat' dir='ltr'><strong>pedes</strong></span> <span class='ocrx_word' id='word_1_162' title='bbox 1523 1859 1750 1922; x_wconf 75' lang='lat' dir='ltr'><strong>litterze</strong></span> <span class='ocrx_word' id='word_1_163' title='bbox 1800 1861 2190 1941; x_wconf 88' lang='lat' dir='ltr'><strong>dejecerunt.</strong></span> <span class='ocrx_word' id='word_1_164' title='bbox 2244 1862 2449 1936; x_wconf 90' lang='lat' dir='ltr'><strong>Quam</strong></span> <span class='ocrx_word' id='word_1_165' title='bbox 2513 1879 2763 1940; x_wconf 83' lang='lat' dir='ltr'><strong>pravam</strong></span> <span class='ocrx_word' id='word_1_166' title='bbox 2807 1857 3254 1936; x_wconf 82' lang='lat' dir='ltr'><strong>distinguendi</strong></span> <span class='ocrx_word' id='word_1_167' title='bbox 3315 1857 3628 1921; x_wconf 88' lang='lat' dir='ltr'><strong>rationem</strong></span> 
     </span>
    </p>
   </div>
   <div class='ocr_carea' id='block_1_18' title="bbox 373 1965 3633 2045">
    <p class='ocr_par' dir='ltr' id='par_1_18' title="bbox 373 1965 3633 2045">
     <span class='ocr_line' id='line_1_18' title="bbox 373 1965 3633 2045; baseline -0.001 -17"><span class='ocrx_word' id='word_1_168' title='bbox 373 1967 581 2037; x_wconf 85' lang='lat' dir='ltr'><strong>secuti</strong></span> <span class='ocrx_word' id='word_1_169' title='bbox 614 1975 762 2030; x_wconf 90' lang='lat' dir='ltr'><strong>sunt</strong></span> <span class='ocrx_word' id='word_1_170' title='bbox 797 1985 1022 2029; x_wconf 91' lang='lat' dir='ltr'><strong>omnes</strong></span> <span class='ocrx_word' id='word_1_171' title='bbox 1057 1967 1187 2028; x_wconf 81' lang='lat' dir='ltr'><strong>fere</strong></span> <span class='ocrx_word' id='word_1_172' title='bbox 1216 1965 1589 2044; x_wconf 81' lang='lat' dir='ltr'><strong>typographi</strong></span> <span class='ocrx_word' id='word_1_173' title='bbox 1623 1973 1850 2045; x_wconf 81' lang='lat' dir='ltr'><strong>praeter</strong></span> <span class='ocrx_word' id='word_1_174' title='bbox 1879 1967 2114 2029; x_wconf 82' lang='lat' dir='ltr'><strong>Aldum</strong></span> <span class='ocrx_word' id='word_1_175' title='bbox 2177 1969 2564 2030; x_wconf 84' lang='lat' dir='ltr'><strong>Manutium.</strong></span> <span class='ocrx_word' id='word_1_176' title='bbox 2604 1969 2723 2029; x_wconf 91' lang='lat' dir='ltr'><strong>Hic</strong></span> <span class='ocrx_word' id='word_1_177' title='bbox 2756 1966 2926 2027; x_wconf 89' lang='lat' dir='ltr'><strong>enim</strong></span> <span class='ocrx_word' id='word_1_178' title='bbox 2962 1967 3026 2026; x_wconf 93' lang='lat' dir='ltr'><strong>in</strong></span> <span class='ocrx_word' id='word_1_179' title='bbox 3065 1965 3347 2026; x_wconf 87' lang='lat' dir='ltr'><strong>editione</strong></span> <span class='ocrx_word' id='word_1_180' title='bbox 3378 1965 3633 2026; x_wconf 70' lang='lat' dir='ltr'><strong>Grmco-</strong></span> 
     </span>
    </p>
   </div>
   <div class='ocr_carea' id='block_1_19' title="bbox 375 2053 3624 2150">
    <p class='ocr_par' dir='ltr' id='par_1_19' title="bbox 375 2053 3624 2150">
     <span class='ocr_line' id='line_1_19' title="bbox 375 2053 3624 2150; baseline 0 -22"><span class='ocrx_word' id='word_1_181' title='bbox 375 2085 516 2128; x_wconf 90' lang='lat' dir='ltr'><strong>rum</strong></span> <span class='ocrx_word' id='word_1_182' title='bbox 574 2068 914 2144; x_wconf 90' lang='lat' dir='ltr'><strong>librorum,</strong></span> <span class='ocrx_word' id='word_1_183' title='bbox 947 2086 1110 2148; x_wconf 90' lang='lat' dir='ltr'><strong>quos</strong></span> <span class='ocrx_word' id='word_1_184' title='bbox 1150 2087 1315 2150; x_wconf 90' lang='lat' dir='ltr'><strong>pene</strong></span> <span class='ocrx_word' id='word_1_185' title='bbox 1356 2070 1862 2134; x_wconf 90' lang='lat' dir='ltr'><strong>innumerabiles</strong></span> <span class='ocrx_word' id='word_1_186' title='bbox 1896 2073 2180 2146; x_wconf 81' lang='lat' dir='ltr'><strong>excudit,</strong></span> <span class='ocrx_word' id='word_1_187' title='bbox 2217 2090 2354 2134; x_wconf 88' lang='lat' dir='ltr'><strong>eam</strong></span> <span class='ocrx_word' id='word_1_188' title='bbox 2399 2053 2653 2150; x_wconf 85' lang='lat' dir='ltr'><strong>semper</strong></span> <span class='ocrx_word' id='word_1_189' title='bbox 2684 2069 3276 2147; x_wconf 87' lang='lat' dir='ltr'><strong>interpunctionem</strong></span> <span class='ocrx_word' id='word_1_190' title='bbox 3323 2069 3624 2140; x_wconf 90' lang='lat' dir='ltr'><strong>retinuit,</strong></span> 
     </span>
    </p>
   </div>
   <div class='ocr_carea' id='block_1_20' title="bbox 371 2172 3620 2254">
    <p class='ocr_par' dir='ltr' id='par_1_20' title="bbox 371 2172 3620 2254">
     <span class='ocr_line' id='line_1_20' title="bbox 371 2172 3620 2254; baseline 0 -24"><span class='ocrx_word' id='word_1_191' title='bbox 371 2188 566 2249; x_wconf 84' lang='lat' dir='ltr'><strong>quam</strong></span> <span class='ocrx_word' id='word_1_192' title='bbox 615 2173 680 2233; x_wconf 90' lang='lat' dir='ltr'><strong>in</strong></span> <span class='ocrx_word' id='word_1_193' title='bbox 736 2175 1197 2251; x_wconf 88' lang='lat' dir='ltr'><strong>manuscriptis</strong></span> <span class='ocrx_word' id='word_1_194' title='bbox 1245 2172 1726 2250; x_wconf 81' lang='lat' dir='ltr'><strong>exemplaribus</strong></span> <span class='ocrx_word' id='word_1_195' title='bbox 1764 2175 2126 2236; x_wconf 88' lang='lat' dir='ltr'><strong>invenerat.</strong></span> <span class='ocrx_word' id='word_1_196' title='bbox 2162 2177 2234 2236; x_wconf 82' lang='lat' dir='ltr'><strong>Et</strong></span> <span class='ocrx_word' id='word_1_197' title='bbox 2271 2175 2553 2252; x_wconf 87' lang='lat' dir='ltr'><strong>virgulas</strong></span> <span class='ocrx_word' id='word_1_198' title='bbox 2586 2174 2847 2254; x_wconf 86' lang='lat' dir='ltr'><strong>quidem</strong></span> <span class='ocrx_word' id='word_1_199' title='bbox 2883 2173 3054 2252; x_wconf 90' lang='lat' dir='ltr'><strong>quod</strong></span> <span class='ocrx_word' id='word_1_200' title='bbox 3109 2173 3371 2245; x_wconf 89' lang='lat' dir='ltr'><strong>attinet,</strong></span> <span class='ocrx_word' id='word_1_201' title='bbox 3421 2173 3620 2234; x_wconf 85' lang='lat' dir='ltr'><strong>nolim</strong></span> 
     </span>
    </p>
   </div>
   <div class='ocr_carea' id='block_1_21' title="bbox 372 2269 3631 2358">
    <p class='ocr_par' dir='ltr' id='par_1_21' title="bbox 372 2269 3631 2358">
     <span class='ocr_line' id='line_1_21' title="bbox 372 2269 3631 2358; baseline -0 -28"><span class='ocrx_word' id='word_1_202' title='bbox 372 2287 480 2330; x_wconf 88' lang='lat' dir='ltr'><strong>eas</strong></span> <span class='ocrx_word' id='word_1_203' title='bbox 513 2269 840 2334; x_wconf 89' lang='lat' dir='ltr'><strong>damnare.</strong></span> <span class='ocrx_word' id='word_1_204' title='bbox 887 2273 1114 2334; x_wconf 89' lang='lat' dir='ltr'><strong>Parum</strong></span> <span class='ocrx_word' id='word_1_205' title='bbox 1160 2272 1333 2333; x_wconf 89' lang='lat' dir='ltr'><strong>enim</strong></span> <span class='ocrx_word' id='word_1_206' title='bbox 1393 2271 1680 2341; x_wconf 84' lang='lat' dir='ltr'><strong>interest,</strong></span> <span class='ocrx_word' id='word_1_207' title='bbox 1716 2288 1908 2350; x_wconf 88' lang='lat' dir='ltr'><strong>quam</strong></span> <span class='ocrx_word' id='word_1_208' title='bbox 1967 2282 2179 2333; x_wconf 90' lang='lat' dir='ltr'><strong>nolam</strong></span> <span class='ocrx_word' id='word_1_209' title='bbox 2219 2273 2642 2334; x_wconf 88' lang='lat' dir='ltr'><strong>adhibeamus</strong></span> <span class='ocrx_word' id='word_1_210' title='bbox 2680 2270 2752 2358; x_wconf 87' lang='lat' dir='ltr'><strong>ad</strong></span> <span class='ocrx_word' id='word_1_211' title='bbox 2792 2269 3402 2331; x_wconf 87' lang='lat' dir='ltr'><strong>subdistinctionem</strong></span> <span class='ocrx_word' id='word_1_212' title='bbox 3454 2270 3631 2329; x_wconf 75' lang='lat' dir='ltr'><strong>desi-</strong></span> 
     </span>
    </p>
   </div>
   <div class='ocr_carea' id='block_1_22' title="bbox 369 2370 3628 2451">
    <p class='ocr_par' dir='ltr' id='par_1_22' title="bbox 369 2370 3628 2451">
     <span class='ocr_line' id='line_1_22' title="bbox 369 2370 3628 2451; baseline 0 -19"><span class='ocrx_word' id='word_1_213' title='bbox 369 2371 722 2451; x_wconf 77' lang='lat' dir='ltr'><strong>gnandum,</strong></span> <span class='ocrx_word' id='word_1_214' title='bbox 755 2371 947 2435; x_wconf 89' lang='lat' dir='ltr'><strong>modo</strong></span> <span class='ocrx_word' id='word_1_215' title='bbox 979 2391 1049 2434; x_wconf 91' lang='lat' dir='ltr'><strong>ea</strong></span> <span class='ocrx_word' id='word_1_216' title='bbox 1087 2378 1238 2433; x_wconf 90' lang='lat' dir='ltr'><strong>nota</strong></span> <span class='ocrx_word' id='word_1_217' title='bbox 1273 2371 1346 2433; x_wconf 90' lang='lat' dir='ltr'><strong>ad</strong></span> <span class='ocrx_word' id='word_1_218' title='bbox 1391 2373 1586 2447; x_wconf 82' lang='lat' dir='ltr'><strong>pedes</strong></span> <span class='ocrx_word' id='word_1_219' title='bbox 1628 2380 1983 2450; x_wconf 86' lang='lat' dir='ltr'><strong>apponatur</strong></span> <span class='ocrx_word' id='word_1_220' title='bbox 2015 2373 2262 2434; x_wconf 77' lang='lat' dir='ltr'><strong>litterm.</strong></span> <span class='ocrx_word' id='word_1_221' title='bbox 2316 2373 2500 2432; x_wconf 84' lang='lat' dir='ltr'><strong>Certe</strong></span> <span class='ocrx_word' id='word_1_222' title='bbox 2531 2373 2595 2432; x_wconf 91' lang='lat' dir='ltr'><strong>in</strong></span> <span class='ocrx_word' id='word_1_223' title='bbox 2647 2372 2896 2448; x_wconf 82' lang='lat' dir='ltr'><strong>Optimo</strong></span> <span class='ocrx_word' id='word_1_224' title='bbox 2947 2370 3059 2432; x_wconf 89' lang='lat' dir='ltr'><strong>illo</strong></span> <span class='ocrx_word' id='word_1_225' title='bbox 3089 2389 3156 2432; x_wconf 90' lang='lat' dir='ltr'><strong>ac</strong></span> <span class='ocrx_word' id='word_1_226' title='bbox 3191 2371 3628 2433; x_wconf 87' lang='lat' dir='ltr'><strong>vetustissimo</strong></span> 
     </span>
    </p>
   </div>
   <div class='ocr_carea' id='block_1_23' title="bbox 367 2465 3621 2549">
    <p class='ocr_par' dir='ltr' id='par_1_23' title="bbox 367 2465 3621 2549">
     <span class='ocr_line' id='line_1_23' title="bbox 367 2465 3621 2549; baseline -0.001 -17"><span class='ocrx_word' id='word_1_227' title='bbox 367 2472 594 2534; x_wconf 81' lang='lat' dir='ltr'><strong>codice</strong></span> <span class='ocrx_word' id='word_1_228' title='bbox 625 2471 1037 2536; x_wconf 73' lang='lat' dir='ltr'><strong>bibliothecae</strong></span> <span class='ocrx_word' id='word_1_229' title='bbox 1067 2472 1431 2542; x_wconf 75' lang='lat' dir='ltr'><strong>Mazarinae,</strong></span> <span class='ocrx_word' id='word_1_230' title='bbox 1462 2473 1649 2549; x_wconf 86' lang='lat' dir='ltr'><strong>cujus</strong></span> <span class='ocrx_word' id='word_1_231' title='bbox 1682 2479 1870 2533; x_wconf 86' lang='lat' dir='ltr'><strong>antea</strong></span> <span class='ocrx_word' id='word_1_232' title='bbox 1904 2473 2300 2533; x_wconf 87' lang='lat' dir='ltr'><strong>mentionem</strong></span> <span class='ocrx_word' id='word_1_233' title='bbox 2335 2471 2480 2544; x_wconf 78' lang='lat' dir='ltr'><strong>feci,</strong></span> <span class='ocrx_word' id='word_1_234' title='bbox 2517 2465 2837 2533; x_wconf 77' lang='lat' dir='ltr'><strong>interdum</strong></span> <span class='ocrx_word' id='word_1_235' title='bbox 2877 2487 2993 2549; x_wconf 90' lang='lat' dir='ltr'><strong>pro</strong></span> <span class='ocrx_word' id='word_1_236' title='bbox 3028 2470 3260 2541; x_wconf 88' lang='lat' dir='ltr'><strong>media,</strong></span> <span class='ocrx_word' id='word_1_237' title='bbox 3303 2470 3621 2531; x_wconf 84' lang='lat' dir='ltr'><strong>interdum</strong></span> 
     </span>
    </p>
   </div>
   <div class='ocr_carea' id='block_1_24' title="bbox 369 2569 3625 2648">
    <p class='ocr_par' dir='ltr' id='par_1_24' title="bbox 369 2569 3625 2648">
     <span class='ocr_line' id='line_1_24' title="bbox 369 2569 3625 2648; baseline 0.001 -19"><span class='ocrx_word' id='word_1_238' title='bbox 369 2588 483 2648; x_wconf 90' lang='lat' dir='ltr'><strong>pro</strong></span> <span class='ocrx_word' id='word_1_239' title='bbox 518 2570 688 2633; x_wconf 90' lang='lat' dir='ltr'><strong>ﬁnali</strong></span> <span class='ocrx_word' id='word_1_240' title='bbox 730 2570 1151 2633; x_wconf 87' lang='lat' dir='ltr'><strong>distinctione</strong></span> <span class='ocrx_word' id='word_1_241' title='bbox 1181 2570 1494 2648; x_wconf 82' lang='lat' dir='ltr'><strong>virgulam</strong></span> <span class='ocrx_word' id='word_1_242' title='bbox 1527 2569 1882 2646; x_wconf 86' lang='lat' dir='ltr'><strong>appositam</strong></span> <span class='ocrx_word' id='word_1_243' title='bbox 1940 2569 2170 2645; x_wconf 87' lang='lat' dir='ltr'><strong>reperi,</strong></span> <span class='ocrx_word' id='word_1_244' title='bbox 2206 2571 2268 2630; x_wconf 93' lang='lat' dir='ltr'><strong>id</strong></span> <span class='ocrx_word' id='word_1_245' title='bbox 2304 2575 2423 2637; x_wconf 90' lang='lat' dir='ltr'><strong>est.</strong></span> <span class='ocrx_word' id='word_1_246' title='bbox 2459 2587 2635 2632; x_wconf 91' lang='lat' dir='ltr'><strong>nunc</strong></span> <span class='ocrx_word' id='word_1_247' title='bbox 2678 2571 2752 2631; x_wconf 91' lang='lat' dir='ltr'><strong>ad</strong></span> <span class='ocrx_word' id='word_1_248' title='bbox 2806 2571 3082 2632; x_wconf 90' lang='lat' dir='ltr'><strong>mediam</strong></span> <span class='ocrx_word' id='word_1_249' title='bbox 3119 2573 3416 2643; x_wconf 83' lang='lat' dir='ltr'><strong>litteram,</strong></span> <span class='ocrx_word' id='word_1_250' title='bbox 3454 2589 3625 2632; x_wconf 88' lang='lat' dir='ltr'><strong>nunc</strong></span> 
     </span>
    </p>
   </div>
   <div class='ocr_carea' id='block_1_25' title="bbox 365 2670 3627 2752">
    <p class='ocr_par' dir='ltr' id='par_1_25' title="bbox 365 2670 3627 2752">
     <span class='ocr_line' id='line_1_25' title="bbox 365 2670 3627 2752; baseline 0.001 -21"><span class='ocrx_word' id='word_1_251' title='bbox 365 2670 445 2742; x_wconf 84' lang='lat' dir='ltr'><strong>ad</strong></span> <span class='ocrx_word' id='word_1_252' title='bbox 477 2689 818 2733; x_wconf 87' lang='lat' dir='ltr'><strong>summam.</strong></span> <span class='ocrx_word' id='word_1_253' title='bbox 854 2671 983 2732; x_wconf 85' lang='lat' dir='ltr'><strong>Nec</strong></span> <span class='ocrx_word' id='word_1_254' title='bbox 1018 2672 1228 2735; x_wconf 84' lang='lat' dir='ltr'><strong>solum</strong></span> <span class='ocrx_word' id='word_1_255' title='bbox 1265 2675 1536 2752; x_wconf 86' lang='lat' dir='ltr'><strong>virgula,</strong></span> <span class='ocrx_word' id='word_1_256' title='bbox 1581 2690 1800 2734; x_wconf 88' lang='lat' dir='ltr'><strong>verum</strong></span> <span class='ocrx_word' id='word_1_257' title='bbox 1835 2672 2026 2734; x_wconf 87' lang='lat' dir='ltr'><strong>etiam</strong></span> <span class='ocrx_word' id='word_1_258' title='bbox 2086 2674 2334 2736; x_wconf 84' lang='lat' dir='ltr'><strong>sicilico</strong></span> <span class='ocrx_word' id='word_1_259' title='bbox 2367 2689 2484 2736; x_wconf 90' lang='lat' dir='ltr'><strong>seu</strong></span> <span class='ocrx_word' id='word_1_260' title='bbox 2517 2679 2656 2752; x_wconf 69' lang='grc' dir='ltr'><strong>ἁπλῇ</strong></span> <span class='ocrx_word' id='word_1_261' title='bbox 2692 2690 2912 2736; x_wconf 90' lang='lat' dir='ltr'><strong>aversa</strong></span> <span class='ocrx_word' id='word_1_262' title='bbox 2949 2673 3414 2752; x_wconf 79' lang='lat' dir='ltr'><strong>nonnunquam</strong></span> <span class='ocrx_word' id='word_1_263' title='bbox 3455 2673 3627 2735; x_wconf 62' lang='lat' dir='ltr'><strong>desi-</strong></span> 
     </span>
    </p>
   </div>
   <div class='ocr_carea' id='block_1_26' title="bbox 365 2770 3625 2855">
    <p class='ocr_par' dir='ltr' id='par_1_26' title="bbox 365 2770 3625 2855">
     <span class='ocr_line' id='line_1_26' title="bbox 365 2770 3625 2855; baseline 0.001 -23"><span class='ocrx_word' id='word_1_264' title='bbox 365 2771 683 2846; x_wconf 81' lang='lat' dir='ltr'><strong>gnabatur</strong></span> <span class='ocrx_word' id='word_1_265' title='bbox 735 2770 943 2832; x_wconf 90' lang='lat' dir='ltr'><strong>media</strong></span> <span class='ocrx_word' id='word_1_266' title='bbox 983 2773 1338 2845; x_wconf 90' lang='lat' dir='ltr'><strong>distinctio,</strong></span> <span class='ocrx_word' id='word_1_267' title='bbox 1404 2781 1472 2835; x_wconf 93' lang='lat' dir='ltr'><strong>ut</strong></span> <span class='ocrx_word' id='word_1_268' title='bbox 1529 2773 2118 2837; x_wconf 85' lang='lat' dir='ltr'><strong>docetVictorinus</strong></span> <span class='ocrx_word' id='word_1_269' title='bbox 2185 2774 2248 2834; x_wconf 91' lang='lat' dir='ltr'><strong>in</strong></span> <span class='ocrx_word' id='word_1_270' title='bbox 2300 2775 2508 2837; x_wconf 71' lang='lat' dir='ltr'><strong>libro:</strong></span> <span class='ocrx_word' id='word_1_271' title='bbox 2551 2776 2726 2836; x_wconf 79' lang='lat' dir='ltr'><strong>Artis</strong></span> <span class='ocrx_word' id='word_1_272' title='bbox 2764 2776 3198 2855; x_wconf 67' lang='lat' dir='ltr'><strong>grammaticae.</strong></span> <span class='ocrx_word' id='word_1_273' title='bbox 3256 2774 3440 2848; x_wconf 89' lang='lat' dir='ltr'><strong>Quod</strong></span> <span class='ocrx_word' id='word_1_274' title='bbox 3475 2791 3625 2834; x_wconf 90' lang='lat' dir='ltr'><strong>vero</strong></span> 
     </span>
    </p>
   </div>
   <div class='ocr_carea' id='block_1_27' title="bbox 362 2876 3623 2958">
    <p class='ocr_par' dir='ltr' id='par_1_27' title="bbox 362 2876 3623 2958">
     <span class='ocr_line' id='line_1_27' title="bbox 362 2876 3623 2958; baseline 0 -20"><span class='ocrx_word' id='word_1_275' title='bbox 362 2893 486 2956; x_wconf 80' lang='lat' dir='ltr'><strong>pro</strong></span> <span class='ocrx_word' id='word_1_276' title='bbox 523 2876 692 2943; x_wconf 86' lang='lat' dir='ltr'><strong>ﬁnali</strong></span> <span class='ocrx_word' id='word_1_277' title='bbox 730 2877 1158 2939; x_wconf 88' lang='lat' dir='ltr'><strong>distinctione</strong></span> <span class='ocrx_word' id='word_1_278' title='bbox 1199 2878 1392 2942; x_wconf 82' lang='lat' dir='ltr'><strong>hodie</strong></span> <span class='ocrx_word' id='word_1_279' title='bbox 1425 2885 1731 2957; x_wconf 86' lang='lat' dir='ltr'><strong>punctum</strong></span> <span class='ocrx_word' id='word_1_280' title='bbox 1771 2878 1844 2938; x_wconf 88' lang='lat' dir='ltr'><strong>ad</strong></span> <span class='ocrx_word' id='word_1_281' title='bbox 1885 2879 2078 2956; x_wconf 85' lang='lat' dir='ltr'><strong>pedes</strong></span> <span class='ocrx_word' id='word_1_282' title='bbox 2113 2878 2339 2942; x_wconf 71' lang='lat' dir='ltr'><strong>litterte</strong></span> <span class='ocrx_word' id='word_1_283' title='bbox 2374 2879 2700 2957; x_wconf 88' lang='lat' dir='ltr'><strong>ponimus,</strong></span> <span class='ocrx_word' id='word_1_284' title='bbox 2753 2879 2842 2950; x_wconf 88' lang='lat' dir='ltr'><strong>id,</strong></span> <span class='ocrx_word' id='word_1_285' title='bbox 2874 2895 3015 2940; x_wconf 90' lang='lat' dir='ltr'><strong>meo</strong></span> <span class='ocrx_word' id='word_1_286' title='bbox 3048 2879 3313 2958; x_wconf 85' lang='lat' dir='ltr'><strong>quidem</strong></span> <span class='ocrx_word' id='word_1_287' title='bbox 3348 2879 3623 2956; x_wconf 83' lang='lat' dir='ltr'><strong>judicio,</strong></span> 
     </span>
    </p>
   </div>
   <div class='ocr_carea' id='block_1_28' title="bbox 362 2977 3622 3056">
    <p class='ocr_par' dir='ltr' id='par_1_28' title="bbox 362 2977 3622 3056">
     <span class='ocr_line' id='line_1_28' title="bbox 362 2977 3622 3056; baseline -0.001 -16"><span class='ocrx_word' id='word_1_288' title='bbox 362 2978 518 3040; x_wconf 79' lang='lat' dir='ltr'><strong>ferri</strong></span> <span class='ocrx_word' id='word_1_289' title='bbox 567 2977 938 3039; x_wconf 87' lang='lat' dir='ltr'><strong>nullatenus</strong></span> <span class='ocrx_word' id='word_1_290' title='bbox 992 2987 1224 3056; x_wconf 84' lang='lat' dir='ltr'><strong>potest.</strong></span> <span class='ocrx_word' id='word_1_291' title='bbox 1277 2979 1500 3056; x_wconf 87' lang='lat' dir='ltr'><strong>Neque</strong></span> <span class='ocrx_word' id='word_1_292' title='bbox 1545 2978 1720 3039; x_wconf 89' lang='lat' dir='ltr'><strong>enim</strong></span> <span class='ocrx_word' id='word_1_293' title='bbox 1772 2977 1982 3038; x_wconf 89' lang='lat' dir='ltr'><strong>solum</strong></span> <span class='ocrx_word' id='word_1_294' title='bbox 2037 2978 2339 3039; x_wconf 87' lang='lat' dir='ltr'><strong>vetustati</strong></span> <span class='ocrx_word' id='word_1_295' title='bbox 2385 2977 2442 3038; x_wconf 91' lang='lat' dir='ltr'><strong>id</strong></span> <span class='ocrx_word' id='word_1_296' title='bbox 2495 2987 2832 3056; x_wconf 88' lang='lat' dir='ltr'><strong>repugnat,</strong></span> <span class='ocrx_word' id='word_1_297' title='bbox 2871 2997 3088 3039; x_wconf 85' lang='lat' dir='ltr'><strong>verum</strong></span> <span class='ocrx_word' id='word_1_298' title='bbox 3127 2979 3314 3042; x_wconf 86' lang='lat' dir='ltr'><strong>etiam</strong></span> <span class='ocrx_word' id='word_1_299' title='bbox 3368 2977 3622 3045; x_wconf 80' lang='lat' dir='ltr'><strong>rationi.</strong></span> 
     </span>
    </p>
   </div>
   <div class='ocr_carea' id='block_1_29' title="bbox 362 3077 3620 3162">
    <p class='ocr_par' dir='ltr' id='par_1_29' title="bbox 362 3077 3620 3162">
     <span class='ocr_line' id='line_1_29' title="bbox 362 3077 3620 3162; baseline -0.002 -18"><span class='ocrx_word' id='word_1_300' title='bbox 362 3082 617 3162; x_wconf 85' lang='lat' dir='ltr'><strong>Quippe</strong></span> <span class='ocrx_word' id='word_1_301' title='bbox 652 3080 812 3144; x_wconf 90' lang='lat' dir='ltr'><strong>ratio</strong></span> <span class='ocrx_word' id='word_1_302' title='bbox 865 3088 1170 3161; x_wconf 77' lang='lat' dir='ltr'><strong>postulat,</strong></span> <span class='ocrx_word' id='word_1_303' title='bbox 1207 3087 1274 3141; x_wconf 92' lang='lat' dir='ltr'><strong>ut</strong></span> <span class='ocrx_word' id='word_1_304' title='bbox 1307 3087 1456 3140; x_wconf 89' lang='lat' dir='ltr'><strong>nota</strong></span> <span class='ocrx_word' id='word_1_305' title='bbox 1488 3077 1715 3142; x_wconf 91' lang='lat' dir='ltr'><strong>eodem</strong></span> <span class='ocrx_word' id='word_1_306' title='bbox 1765 3078 1892 3140; x_wconf 89' lang='lat' dir='ltr'><strong>situ</strong></span> <span class='ocrx_word' id='word_1_307' title='bbox 1945 3078 2146 3157; x_wconf 87' lang='lat' dir='ltr'><strong>posita</strong></span> <span class='ocrx_word' id='word_1_308' title='bbox 2195 3081 2486 3141; x_wconf 88' lang='lat' dir='ltr'><strong>eamdem</strong></span> <span class='ocrx_word' id='word_1_309' title='bbox 2535 3079 2832 3156; x_wconf 87' lang='lat' dir='ltr'><strong>designet</strong></span> <span class='ocrx_word' id='word_1_310' title='bbox 2879 3078 3386 3140; x_wconf 87' lang='lat' dir='ltr'><strong>distinctionem.</strong></span> <span class='ocrx_word' id='word_1_311' title='bbox 3446 3081 3620 3138; x_wconf 61' lang='lat' dir='ltr'><strong>Pana</strong></span> 
     </span>
    </p>
   </div>
   <div class='ocr_carea' id='block_1_30' title="bbox 365 3177 3624 3260">
    <p class='ocr_par' dir='ltr' id='par_1_30' title="bbox 365 3177 3624 3260">
     <span class='ocr_line' id='line_1_30' title="bbox 365 3177 3624 3260; baseline -0.001 -18"><span class='ocrx_word' id='word_1_312' title='bbox 365 3190 536 3248; x_wconf 83' lang='lat' dir='ltr'><strong>ctum</strong></span> <span class='ocrx_word' id='word_1_313' title='bbox 574 3180 776 3260; x_wconf 83' lang='lat' dir='ltr'><strong>igitur</strong></span> <span class='ocrx_word' id='word_1_314' title='bbox 810 3181 870 3241; x_wconf 91' lang='lat' dir='ltr'><strong>in</strong></span> <span class='ocrx_word' id='word_1_315' title='bbox 908 3181 1035 3247; x_wconf 87' lang='lat' dir='ltr'><strong>ima</strong></span> <span class='ocrx_word' id='word_1_316' title='bbox 1072 3186 1246 3257; x_wconf 85' lang='lat' dir='ltr'><strong>parte</strong></span> <span class='ocrx_word' id='word_1_317' title='bbox 1285 3178 1595 3258; x_wconf 89' lang='lat' dir='ltr'><strong>positum,</strong></span> <span class='ocrx_word' id='word_1_318' title='bbox 1638 3177 1806 3238; x_wconf 89' lang='lat' dir='ltr'><strong>idem</strong></span> <span class='ocrx_word' id='word_1_319' title='bbox 1843 3177 2205 3255; x_wconf 85' lang='lat' dir='ltr'><strong>signiﬁcare</strong></span> <span class='ocrx_word' id='word_1_320' title='bbox 2228 3177 2444 3250; x_wconf 86' lang='lat' dir='ltr'><strong>debet,</strong></span> <span class='ocrx_word' id='word_1_321' title='bbox 2478 3180 2646 3256; x_wconf 90' lang='lat' dir='ltr'><strong>quod</strong></span> <span class='ocrx_word' id='word_1_322' title='bbox 2680 3178 2926 3256; x_wconf 88' lang='lat' dir='ltr'><strong>virgula</strong></span> <span class='ocrx_word' id='word_1_323' title='bbox 2957 3182 3198 3260; x_wconf 77' lang='lat' dir='ltr'><strong>quaead</strong></span> <span class='ocrx_word' id='word_1_324' title='bbox 3236 3182 3423 3242; x_wconf 90' lang='lat' dir='ltr'><strong>imam</strong></span> <span class='ocrx_word' id='word_1_325' title='bbox 3456 3181 3624 3242; x_wconf 59' lang='lat' dir='ltr'><strong>litteq</strong></span> 
     </span>
    </p>
   </div>
   <div class='ocr_carea' id='block_1_31' title="bbox 362 3278 3624 3364">
    <p class='ocr_par' dir='ltr' id='par_1_31' title="bbox 362 3278 3624 3364">
     <span class='ocr_line' id='line_1_31' title="bbox 362 3278 3624 3364; baseline -0 -19"><span class='ocrx_word' id='word_1_326' title='bbox 362 3300 496 3360; x_wconf 61' lang='lat' dir='ltr'><strong>iam</strong></span> <span class='ocrx_word' id='word_1_327' title='bbox 539 3292 752 3346; x_wconf 86' lang='lat' dir='ltr'><strong>notata</strong></span> <span class='ocrx_word' id='word_1_328' title='bbox 783 3294 906 3346; x_wconf 89' lang='lat' dir='ltr'><strong>est.</strong></span> <span class='ocrx_word' id='word_1_329' title='bbox 943 3283 1169 3360; x_wconf 89' lang='lat' dir='ltr'><strong>Neque</strong></span> <span class='ocrx_word' id='word_1_330' title='bbox 1202 3278 1374 3342; x_wconf 89' lang='lat' dir='ltr'><strong>enim</strong></span> <span class='ocrx_word' id='word_1_331' title='bbox 1411 3286 1557 3340; x_wconf 88' lang='lat' dir='ltr'><strong>nota</strong></span> <span class='ocrx_word' id='word_1_332' title='bbox 1589 3278 1749 3356; x_wconf 87' lang='lat' dir='ltr'><strong>ipsa,</strong></span> <span class='ocrx_word' id='word_1_333' title='bbox 1789 3281 1898 3339; x_wconf 90' lang='lat' dir='ltr'><strong>sed</strong></span> <span class='ocrx_word' id='word_1_334' title='bbox 1937 3287 2103 3342; x_wconf 65' lang='lat' dir='ltr'><strong>notae</strong></span> <span class='ocrx_word' id='word_1_335' title='bbox 2139 3281 2303 3340; x_wconf 88' lang='lat' dir='ltr'><strong>situs</strong></span> <span class='ocrx_word' id='word_1_336' title='bbox 2337 3281 2540 3343; x_wconf 86' lang='lat' dir='ltr'><strong>variat</strong></span> <span class='ocrx_word' id='word_1_337' title='bbox 2573 3281 3094 3346; x_wconf 86' lang='lat' dir='ltr'><strong>distinctionem.</strong></span> <span class='ocrx_word' id='word_1_338' title='bbox 3131 3288 3218 3346; x_wconf 80' lang='lat' dir='ltr'><strong>Ex</strong></span> <span class='ocrx_word' id='word_1_339' title='bbox 3259 3303 3388 3364; x_wconf 91' lang='lat' dir='ltr'><strong>quo</strong></span> <span class='ocrx_word' id='word_1_340' title='bbox 3423 3284 3624 3356; x_wconf 72' lang='lat' dir='ltr'><strong>efﬁci-</strong></span> 
     </span>
    </p>
   </div>
   <div class='ocr_carea' id='block_1_32' title="bbox 363 3382 3620 3467">
    <p class='ocr_par' dir='ltr' id='par_1_32' title="bbox 363 3382 3620 3467">
     <span class='ocr_line' id='line_1_32' title="bbox 363 3382 3620 3467; baseline 0.001 -19"><span class='ocrx_word' id='word_1_341' title='bbox 363 3396 492 3460; x_wconf 90' lang='lat' dir='ltr'><strong>tur,</strong></span> <span class='ocrx_word' id='word_1_342' title='bbox 526 3388 780 3452; x_wconf 88' lang='lat' dir='ltr'><strong>ﬁnalem</strong></span> <span class='ocrx_word' id='word_1_343' title='bbox 817 3385 1301 3449; x_wconf 91' lang='lat' dir='ltr'><strong>distinctionem</strong></span> <span class='ocrx_word' id='word_1_344' title='bbox 1345 3395 1474 3444; x_wconf 86' lang='lat' dir='ltr'><strong>non</strong></span> <span class='ocrx_word' id='word_1_345' title='bbox 1528 3389 1698 3444; x_wconf 85' lang='lat' dir='ltr'><strong>recte</strong></span> <span class='ocrx_word' id='word_1_346' title='bbox 1729 3401 1760 3443; x_wconf 94' lang='lat' dir='ltr'><strong>a</strong></span> <span class='ocrx_word' id='word_1_347' title='bbox 1796 3382 1984 3444; x_wconf 84' lang='lat' dir='ltr'><strong>nobis</strong></span> <span class='ocrx_word' id='word_1_348' title='bbox 2035 3384 2361 3461; x_wconf 77' lang='lat' dir='ltr'><strong>designari</strong></span> <span class='ocrx_word' id='word_1_349' title='bbox 2413 3395 2649 3462; x_wconf 87' lang='lat' dir='ltr'><strong>puncto</strong></span> <span class='ocrx_word' id='word_1_350' title='bbox 2686 3387 2762 3452; x_wconf 89' lang='lat' dir='ltr'><strong>ad</strong></span> <span class='ocrx_word' id='word_1_351' title='bbox 2816 3389 3009 3465; x_wconf 87' lang='lat' dir='ltr'><strong>pedes</strong></span> <span class='ocrx_word' id='word_1_352' title='bbox 3047 3389 3272 3450; x_wconf 62' lang='lat' dir='ltr'><strong>litterae</strong></span> <span class='ocrx_word' id='word_1_353' title='bbox 3302 3389 3620 3467; x_wconf 88' lang='lat' dir='ltr'><strong>apposito.</strong></span> 
     </span>
    </p>
   </div>
   <div class='ocr_carea' id='block_1_33' title="bbox 361 3482 3623 3564">
    <p class='ocr_par' dir='ltr' id='par_1_33' title="bbox 361 3482 3623 3564">
     <span class='ocr_line' id='line_1_33' title="bbox 361 3482 3623 3564; baseline -0.001 -14"><span class='ocrx_word' id='word_1_354' title='bbox 361 3489 576 3564; x_wconf 87' lang='lat' dir='ltr'><strong>Quare</strong></span> <span class='ocrx_word' id='word_1_355' title='bbox 610 3507 739 3551; x_wconf 89' lang='lat' dir='ltr'><strong>non</strong></span> <span class='ocrx_word' id='word_1_356' title='bbox 774 3489 914 3550; x_wconf 89' lang='lat' dir='ltr'><strong>sine</strong></span> <span class='ocrx_word' id='word_1_357' title='bbox 944 3505 1132 3550; x_wconf 88' lang='lat' dir='ltr'><strong>causa</strong></span> <span class='ocrx_word' id='word_1_358' title='bbox 1166 3493 1450 3546; x_wconf 84' lang='lat' dir='ltr'><strong>veterem</strong></span> <span class='ocrx_word' id='word_1_359' title='bbox 1490 3482 1996 3561; x_wconf 83' lang='lat' dir='ltr'><strong>interpungendi</strong></span> <span class='ocrx_word' id='word_1_360' title='bbox 2026 3482 2334 3544; x_wconf 86' lang='lat' dir='ltr'><strong>rationem</strong></span> <span class='ocrx_word' id='word_1_361' title='bbox 2367 3485 2432 3544; x_wconf 93' lang='lat' dir='ltr'><strong>in</strong></span> <span class='ocrx_word' id='word_1_362' title='bbox 2482 3484 2599 3547; x_wconf 89' lang='lat' dir='ltr'><strong>hac</strong></span> <span class='ocrx_word' id='word_1_363' title='bbox 2633 3487 2923 3562; x_wconf 87' lang='lat' dir='ltr'><strong>editione</strong></span> <span class='ocrx_word' id='word_1_364' title='bbox 2966 3487 3308 3549; x_wconf 85' lang='lat' dir='ltr'><strong>restituere</strong></span> <span class='ocrx_word' id='word_1_365' title='bbox 3335 3504 3475 3548; x_wconf 89' lang='lat' dir='ltr'><strong>sum</strong></span> <span class='ocrx_word' id='word_1_366' title='bbox 3519 3503 3623 3548; x_wconf 84' lang='lat' dir='ltr'><strong>co-</strong></span> 
     </span>
    </p>
   </div>
   <div class='ocr_carea' id='block_1_34' title="bbox 361 3577 3616 3672">
    <p class='ocr_par' dir='ltr' id='par_1_34' title="bbox 361 3577 3616 3672">
     <span class='ocr_line' id='line_1_34' title="bbox 361 3577 3616 3672; baseline 0.001 -20"><span class='ocrx_word' id='word_1_367' title='bbox 361 3577 573 3657; x_wconf 86' lang='lat' dir='ltr'><strong>natus.</strong></span> <span class='ocrx_word' id='word_1_368' title='bbox 609 3594 701 3656; x_wconf 85' lang='lat' dir='ltr'><strong>Ac</strong></span> <span class='ocrx_word' id='word_1_369' title='bbox 731 3593 1049 3672; x_wconf 88' lang='lat' dir='ltr'><strong>virgulam</strong></span> <span class='ocrx_word' id='word_1_370' title='bbox 1091 3587 1354 3667; x_wconf 88' lang='lat' dir='ltr'><strong>quidem</strong></span> <span class='ocrx_word' id='word_1_371' title='bbox 1390 3585 1591 3664; x_wconf 88' lang='lat' dir='ltr'><strong>ipsam</strong></span> <span class='ocrx_word' id='word_1_372' title='bbox 1629 3586 1894 3655; x_wconf 87' lang='lat' dir='ltr'><strong>retinui,</strong></span> <span class='ocrx_word' id='word_1_373' title='bbox 1922 3585 2164 3666; x_wconf 87' lang='lat' dir='ltr'><strong>quippe</strong></span> <span class='ocrx_word' id='word_1_374' title='bbox 2191 3604 2332 3667; x_wconf 59' lang='lat' dir='ltr'><strong>quae</strong></span> <span class='ocrx_word' id='word_1_375' title='bbox 2369 3589 2433 3649; x_wconf 92' lang='lat' dir='ltr'><strong>in</strong></span> <span class='ocrx_word' id='word_1_376' title='bbox 2465 3589 2836 3651; x_wconf 86' lang='lat' dir='ltr'><strong>denotanda</strong></span> <span class='ocrx_word' id='word_1_377' title='bbox 2865 3592 3414 3656; x_wconf 86' lang='lat' dir='ltr'><strong>subdistinctione</strong></span> <span class='ocrx_word' id='word_1_378' title='bbox 3447 3593 3616 3656; x_wconf 90' lang='lat' dir='ltr'><strong>idem</strong></span> 
     </span>
    </p>
   </div>
   <div class='ocr_carea' id='block_1_35' title="bbox 362 3685 3620 3768">
    <p class='ocr_par' dir='ltr' id='par_1_35' title="bbox 362 3685 3620 3768">
     <span class='ocr_line' id='line_1_35' title="bbox 362 3685 3620 3768; baseline 0.002 -21"><span class='ocrx_word' id='word_1_379' title='bbox 362 3689 570 3750; x_wconf 89' lang='lat' dir='ltr'><strong>valeat</strong></span> <span class='ocrx_word' id='word_1_380' title='bbox 601 3707 672 3750; x_wconf 89' lang='lat' dir='ltr'><strong>ac</strong></span> <span class='ocrx_word' id='word_1_381' title='bbox 706 3699 1048 3768; x_wconf 88' lang='lat' dir='ltr'><strong>punctum;</strong></span> <span class='ocrx_word' id='word_1_382' title='bbox 1086 3688 1362 3749; x_wconf 89' lang='lat' dir='ltr'><strong>mediam</strong></span> <span class='ocrx_word' id='word_1_383' title='bbox 1415 3702 1566 3749; x_wconf 91' lang='lat' dir='ltr'><strong>vero</strong></span> <span class='ocrx_word' id='word_1_384' title='bbox 1615 3685 2102 3768; x_wconf 89' lang='lat' dir='ltr'><strong>distinctionem</strong></span> <span class='ocrx_word' id='word_1_385' title='bbox 2142 3703 2218 3747; x_wconf 83' lang='lat' dir='ltr'><strong>ex</strong></span> <span class='ocrx_word' id='word_1_386' title='bbox 2263 3688 2842 3766; x_wconf 89' lang='lat' dir='ltr'><strong>manuscriptorum</strong></span> <span class='ocrx_word' id='word_1_387' title='bbox 2895 3691 3190 3753; x_wconf 89' lang='lat' dir='ltr'><strong>codicum</strong></span> <span class='ocrx_word' id='word_1_388' title='bbox 3239 3693 3620 3753; x_wconf 85' lang='lat' dir='ltr'><strong>auctoritate</strong></span> 
     </span>
    </p>
   </div>
   <div class='ocr_carea' id='block_1_36' title="bbox 360 3782 3620 3868">
    <p class='ocr_par' dir='ltr' id='par_1_36' title="bbox 360 3782 3620 3868">
     <span class='ocr_line' id='line_1_36' title="bbox 360 3782 3620 3868; baseline 0.003 -26"><span class='ocrx_word' id='word_1_389' title='bbox 360 3786 500 3854; x_wconf 79' lang='lat' dir='ltr'><strong>suis</strong></span> <span class='ocrx_word' id='word_1_390' title='bbox 531 3785 690 3868; x_wconf 85' lang='lat' dir='ltr'><strong>locis</strong></span> <span class='ocrx_word' id='word_1_391' title='bbox 720 3786 904 3866; x_wconf 90' lang='lat' dir='ltr'><strong>quasi</strong></span> <span class='ocrx_word' id='word_1_392' title='bbox 949 3783 1352 3864; x_wconf 89' lang='lat' dir='ltr'><strong>postliminio</strong></span> <span class='ocrx_word' id='word_1_393' title='bbox 1387 3782 1670 3844; x_wconf 88' lang='lat' dir='ltr'><strong>restitui.</strong></span> <span class='ocrx_word' id='word_1_394' title='bbox 1709 3783 1922 3862; x_wconf 82' lang='lat' dir='ltr'><strong>Hujus</strong></span> <span class='ocrx_word' id='word_1_395' title='bbox 1959 3801 2150 3862; x_wconf 89' lang='lat' dir='ltr'><strong>porro</strong></span> <span class='ocrx_word' id='word_1_396' title='bbox 2198 3785 2535 3847; x_wconf 89' lang='lat' dir='ltr'><strong>utilitatem</strong></span> <span class='ocrx_word' id='word_1_397' title='bbox 2570 3804 2642 3848; x_wconf 91' lang='lat' dir='ltr'><strong>ac</strong></span> <span class='ocrx_word' id='word_1_398' title='bbox 2696 3791 3147 3853; x_wconf 90' lang='lat' dir='ltr'><strong>necessitatem</strong></span> <span class='ocrx_word' id='word_1_399' title='bbox 3201 3792 3507 3864; x_wconf 88' lang='lat' dir='ltr'><strong>studiosi,</strong></span> <span class='ocrx_word' id='word_1_400' title='bbox 3552 3801 3620 3853; x_wconf 89' lang='lat' dir='ltr'><strong>ut</strong></span> 
     </span>
    </p>
   </div>
   <div class='ocr_carea' id='block_1_37' title="bbox 360 3885 3620 3966">
    <p class='ocr_par' dir='ltr' id='par_1_37' title="bbox 360 3885 3620 3966">
     <span class='ocr_line' id='line_1_37' title="bbox 360 3885 3620 3966; baseline 0.002 -19"><span class='ocrx_word' id='word_1_401' title='bbox 360 3903 580 3964; x_wconf 85' lang='lat' dir='ltr'><strong>spero,</strong></span> <span class='ocrx_word' id='word_1_402' title='bbox 615 3888 914 3950; x_wconf 82' lang='lat' dir='ltr'><strong>celeriter</strong></span> <span class='ocrx_word' id='word_1_403' title='bbox 945 3895 1323 3965; x_wconf 90' lang='lat' dir='ltr'><strong>agnoscent.</strong></span> <span class='ocrx_word' id='word_1_404' title='bbox 1355 3888 1581 3966; x_wconf 88' lang='lat' dir='ltr'><strong>Neque</strong></span> <span class='ocrx_word' id='word_1_405' title='bbox 1615 3885 1787 3947; x_wconf 87' lang='lat' dir='ltr'><strong>enim</strong></span> <span class='ocrx_word' id='word_1_406' title='bbox 1819 3886 2034 3946; x_wconf 89' lang='lat' dir='ltr'><strong>solum</strong></span> <span class='ocrx_word' id='word_1_407' title='bbox 2069 3902 2147 3946; x_wconf 93' lang='lat' dir='ltr'><strong>eo</strong></span> <span class='ocrx_word' id='word_1_408' title='bbox 2181 3885 2343 3948; x_wconf 91' lang='lat' dir='ltr'><strong>valet</strong></span> <span class='ocrx_word' id='word_1_409' title='bbox 2377 3887 2585 3948; x_wconf 87' lang='lat' dir='ltr'><strong>media</strong></span> <span class='ocrx_word' id='word_1_410' title='bbox 2620 3886 2726 3948; x_wconf 85' lang='lat' dir='ltr'><strong>illa</strong></span> <span class='ocrx_word' id='word_1_411' title='bbox 2758 3889 3120 3965; x_wconf 88' lang='lat' dir='ltr'><strong>distinctio,</strong></span> <span class='ocrx_word' id='word_1_412' title='bbox 3158 3901 3223 3954; x_wconf 91' lang='lat' dir='ltr'><strong>ut</strong></span> <span class='ocrx_word' id='word_1_413' title='bbox 3257 3903 3620 3963; x_wconf 83' lang='lat' dir='ltr'><strong>resumatur</strong></span> 
     </span>
    </p>
   </div>
   <div class='ocr_carea' id='block_1_38' title="bbox 361 3986 3616 4070">
    <p class='ocr_par' dir='ltr' id='par_1_38' title="bbox 361 3986 3616 4070">
     <span class='ocr_line' id='line_1_38' title="bbox 361 3986 3616 4070; baseline 0.001 -19"><span class='ocrx_word' id='word_1_414' title='bbox 361 3986 631 4065; x_wconf 74' lang='lat' dir='ltr'><strong>Spiritus</strong></span> <span class='ocrx_word' id='word_1_415' title='bbox 665 3990 742 4058; x_wconf 84' lang='lat' dir='ltr'><strong>ad</strong></span> <span class='ocrx_word' id='word_1_416' title='bbox 773 3989 1170 4070; x_wconf 89' lang='lat' dir='ltr'><strong>principium</strong></span> <span class='ocrx_word' id='word_1_417' title='bbox 1204 3989 1736 4067; x_wconf 19' lang='lat' dir='ltr'><strong>alteriuslsensus</strong></span> <span class='ocrx_word' id='word_1_418' title='bbox 1771 3988 2310 4058; x_wconf 89' lang='lat' dir='ltr'><strong>continuandum,</strong></span> <span class='ocrx_word' id='word_1_419' title='bbox 2339 3995 2399 4047; x_wconf 88' lang='lat' dir='ltr'><strong>et</strong></span> <span class='ocrx_word' id='word_1_420' title='bbox 2436 3995 2501 4048; x_wconf 93' lang='lat' dir='ltr'><strong>ut</strong></span> <span class='ocrx_word' id='word_1_421' title='bbox 2534 3999 2712 4049; x_wconf 89' lang='lat' dir='ltr'><strong>actus</strong></span> <span class='ocrx_word' id='word_1_422' title='bbox 2744 3991 2945 4068; x_wconf 89' lang='lat' dir='ltr'><strong>magis</strong></span> <span class='ocrx_word' id='word_1_423' title='bbox 2972 3991 3252 4054; x_wconf 89' lang='lat' dir='ltr'><strong>emineat</strong></span> <span class='ocrx_word' id='word_1_424' title='bbox 3285 4011 3355 4054; x_wconf 87' lang='lat' dir='ltr'><strong>ac</strong></span> <span class='ocrx_word' id='word_1_425' title='bbox 3386 3993 3616 4067; x_wconf 88' lang='lat' dir='ltr'><strong>luceat,</strong></span> 
     </span>
    </p>
   </div>
   <div class='ocr_carea' id='block_1_39' title="bbox 359 4079 3619 4172">
    <p class='ocr_par' dir='ltr' id='par_1_39' title="bbox 359 4079 3619 4172">
     <span class='ocr_line' id='line_1_39' title="bbox 359 4079 3619 4172; baseline 0.002 -24"><span class='ocrx_word' id='word_1_426' title='bbox 359 4079 912 4169; x_wconf 86' lang='lat' dir='ltr'><strong>quemadmodum</strong></span> <span class='ocrx_word' id='word_1_427' title='bbox 957 4090 1186 4159; x_wconf 88' lang='lat' dir='ltr'><strong>scribit</strong></span> <span class='ocrx_word' id='word_1_428' title='bbox 1234 4091 1602 4162; x_wconf 87' lang='lat' dir='ltr'><strong>Diomedes,</strong></span> <span class='ocrx_word' id='word_1_429' title='bbox 1646 4105 1865 4150; x_wconf 89' lang='lat' dir='ltr'><strong>verum</strong></span> <span class='ocrx_word' id='word_1_430' title='bbox 1926 4089 2116 4148; x_wconf 89' lang='lat' dir='ltr'><strong>etiam</strong></span> <span class='ocrx_word' id='word_1_431' title='bbox 2181 4088 2256 4148; x_wconf 90' lang='lat' dir='ltr'><strong>ad</strong></span> <span class='ocrx_word' id='word_1_432' title='bbox 2309 4089 2660 4150; x_wconf 88' lang='lat' dir='ltr'><strong>notandum</strong></span> <span class='ocrx_word' id='word_1_433' title='bbox 2696 4091 3046 4155; x_wconf 89' lang='lat' dir='ltr'><strong>discrimen</strong></span> <span class='ocrx_word' id='word_1_434' title='bbox 3097 4110 3514 4172; x_wconf 88' lang='lat' dir='ltr'><strong>personarum</strong></span> <span class='ocrx_word' id='word_1_435' title='bbox 3548 4113 3619 4156; x_wconf 93' lang='lat' dir='ltr'><strong>ac</strong></span> 
     </span>
    </p>
   </div>
   <div class='ocr_carea' id='block_1_40' title="bbox 359 4191 1925 4279">
    <p class='ocr_par' dir='ltr' id='par_1_40' title="bbox 359 4191 1925 4270">
     <span class='ocr_line' id='line_1_40' title="bbox 359 4191 1925 4270; baseline -0.002 -16"><span class='ocrx_word' id='word_1_436' title='bbox 359 4192 778 4270; x_wconf 89' lang='lat' dir='ltr'><strong>dignitatum.</strong></span> <span class='ocrx_word' id='word_1_437' title='bbox 814 4194 916 4255; x_wconf 92' lang='lat' dir='ltr'><strong>Sic</strong></span> <span class='ocrx_word' id='word_1_438' title='bbox 944 4194 1185 4261; x_wconf 81' lang='lat' dir='ltr'><strong>alicubi</strong></span> <span class='ocrx_word' id='word_1_439' title='bbox 1223 4194 1287 4255; x_wconf 88' lang='lat' dir='ltr'><strong>in</strong></span> <span class='ocrx_word' id='word_1_440' title='bbox 1327 4194 1425 4254; x_wconf 90' lang='lat' dir='ltr'><strong>his</strong></span> <span class='ocrx_word' id='word_1_441' title='bbox 1457 4193 1670 4262; x_wconf 87' lang='lat' dir='ltr'><strong>libris,</strong></span> <span class='ocrx_word' id='word_1_442' title='bbox 1713 4192 1828 4252; x_wconf 79' lang='lat' dir='ltr'><strong>ubi</strong></span> <span class='ocrx_word' id='word_1_443' title='bbox 1876 4191 1925 4251; x_wconf 87' lang='lat' dir='ltr'><strong>le</strong></span> 
     </span>
    </p>
   </div>
   <div class='ocr_carea' id='block_1_41' title="bbox 2051 4191 3617 4279">
    <p class='ocr_par' dir='ltr' id='par_1_41' title="bbox 2051 4195 3617 4279">
     <span class='ocr_line' id='line_1_41' title="bbox 2051 4195 3617 4279; baseline 0.005 -26"><span class='ocrx_word' id='word_1_444' title='bbox 2051 4211 2114 4253; x_wconf 82' lang='lat' dir='ltr'><strong>Jt‘</strong></span> <span class='ocrx_word' id='word_1_445' title='bbox 2147 4195 2449 4254; x_wconf 79' lang='grc' dir='ltr'><strong>ἐπισκόπων</strong></span> <span class='ocrx_word' id='word_1_446' title='bbox 2492 4203 2870 4279; x_wconf 72' lang='grc' dir='ltr'><strong>πρεσϐυτέρων</strong></span> <span class='ocrx_word' id='word_1_447' title='bbox 2911 4225 2968 4260; x_wconf 76' lang='grc' dir='ltr'><strong>τι</strong></span> <span class='ocrx_word' id='word_1_448' title='bbox 2998 4207 3089 4259; x_wconf 77' lang='grc' dir='ltr'><strong>καὶ</strong></span> <span class='ocrx_word' id='word_1_449' title='bbox 3120 4199 3384 4272; x_wconf 61' lang='grc' dir='ltr'><strong>διακόνων,</strong></span> <span class='ocrx_word' id='word_1_450' title='bbox 3415 4199 3617 4261; x_wconf 71' lang='lat' dir='ltr'><strong>codex</strong></span> 
     </span>
    </p>
   </div>
   <div class='ocr_carea' id='block_1_42' title="bbox 360 4293 3618 4376">
    <p class='ocr_par' dir='ltr' id='par_1_42' title="bbox 360 4293 3618 4376">
     <span class='ocr_line' id='line_1_42' title="bbox 360 4293 3618 4376; baseline 0.002 -24"><span class='ocrx_word' id='word_1_451' title='bbox 360 4293 860 4356; x_wconf 87' lang='lat' dir='ltr'><strong>eminentissimi</strong></span> <span class='ocrx_word' id='word_1_452' title='bbox 895 4294 1238 4361; x_wconf 90' lang='lat' dir='ltr'><strong>cardinalis</strong></span> <span class='ocrx_word' id='word_1_453' title='bbox 1287 4300 1430 4372; x_wconf 90' lang='lat' dir='ltr'><strong>post</strong></span> <span class='ocrx_word' id='word_1_454' title='bbox 1464 4312 1685 4356; x_wconf 90' lang='lat' dir='ltr'><strong>vocem</strong></span> <span class='ocrx_word' id='word_1_455' title='bbox 1721 4295 2020 4355; x_wconf 54' lang='grc' dir='ltr'><strong>ἐπισκόπων</strong></span> <span class='ocrx_word' id='word_1_456' title='bbox 2056 4297 2328 4356; x_wconf 90' lang='lat' dir='ltr'><strong>mediam</strong></span> <span class='ocrx_word' id='word_1_457' title='bbox 2371 4295 2634 4359; x_wconf 88' lang='lat' dir='ltr'><strong>adhibet</strong></span> <span class='ocrx_word' id='word_1_458' title='bbox 2678 4299 3187 4361; x_wconf 89' lang='lat' dir='ltr'><strong>distinctionem.</strong></span> <span class='ocrx_word' id='word_1_459' title='bbox 3239 4301 3356 4360; x_wconf 85' lang='lat' dir='ltr'><strong>Sed</strong></span> <span class='ocrx_word' id='word_1_460' title='bbox 3393 4308 3453 4360; x_wconf 92' lang='lat' dir='ltr'><strong>et</strong></span> <span class='ocrx_word' id='word_1_461' title='bbox 3487 4301 3618 4376; x_wconf 87' lang='lat' dir='ltr'><strong>ple-</strong></span> 
     </span>
    </p>
   </div>
   <div class='ocr_carea' id='block_1_43' title="bbox 361 4395 3613 4476">
    <p class='ocr_par' dir='ltr' id='par_1_43' title="bbox 361 4395 3613 4476">
     <span class='ocr_line' id='line_1_43' title="bbox 361 4395 3613 4476; baseline 0.001 -21"><span class='ocrx_word' id='word_1_462' title='bbox 361 4396 581 4474; x_wconf 88' lang='lat' dir='ltr'><strong>risque</strong></span> <span class='ocrx_word' id='word_1_463' title='bbox 613 4396 678 4456; x_wconf 91' lang='lat' dir='ltr'><strong>in</strong></span> <span class='ocrx_word' id='word_1_464' title='bbox 721 4396 877 4459; x_wconf 90' lang='lat' dir='ltr'><strong>locis</strong></span> <span class='ocrx_word' id='word_1_465' title='bbox 914 4404 1218 4476; x_wconf 89' lang='lat' dir='ltr'><strong>punctum</strong></span> <span class='ocrx_word' id='word_1_466' title='bbox 1266 4398 1340 4458; x_wconf 89' lang='lat' dir='ltr'><strong>ad</strong></span> <span class='ocrx_word' id='word_1_467' title='bbox 1378 4403 1566 4474; x_wconf 89' lang='lat' dir='ltr'><strong>caput</strong></span> <span class='ocrx_word' id='word_1_468' title='bbox 1616 4395 1843 4458; x_wconf 77' lang='lat' dir='ltr'><strong>litterm</strong></span> <span class='ocrx_word' id='word_1_469' title='bbox 1900 4396 2113 4474; x_wconf 82' lang='lat' dir='ltr'><strong>posui,</strong></span> <span class='ocrx_word' id='word_1_470' title='bbox 2155 4397 2235 4458; x_wconf 91' lang='lat' dir='ltr'><strong>ad</strong></span> <span class='ocrx_word' id='word_1_471' title='bbox 2272 4398 2528 4460; x_wconf 81' lang='lat' dir='ltr'><strong>finalem</strong></span> <span class='ocrx_word' id='word_1_472' title='bbox 2573 4400 3057 4462; x_wconf 88' lang='lat' dir='ltr'><strong>distinctionem</strong></span> <span class='ocrx_word' id='word_1_473' title='bbox 3093 4400 3556 4476; x_wconf 84' lang='lat' dir='ltr'><strong>designandam</strong></span> <span class='ocrx_word' id='word_1_474' title='bbox 3597 4421 3613 4458; x_wconf 91' lang='lat'><strong>:</strong></span> 
     </span>
    </p>
   </div>
   <div class='ocr_carea' id='block_1_44' title="bbox 362 4496 3614 4579">
    <p class='ocr_par' dir='ltr' id='par_1_44' title="bbox 362 4496 3614 4579">
     <span class='ocr_line' id='line_1_44' title="bbox 362 4496 3614 4579; baseline 0 -18"><span class='ocrx_word' id='word_1_475' title='bbox 362 4496 606 4576; x_wconf 79' lang='lat' dir='ltr'><strong>ubique</strong></span> <span class='ocrx_word' id='word_1_476' title='bbox 643 4497 705 4560; x_wconf 93' lang='lat' dir='ltr'><strong>id</strong></span> <span class='ocrx_word' id='word_1_477' title='bbox 744 4497 1033 4567; x_wconf 80' lang='lat' dir='ltr'><strong>facturus</strong></span> <span class='ocrx_word' id='word_1_478' title='bbox 1063 4543 1080 4572; x_wconf 96' lang='lat'><strong>,</strong></span> <span class='ocrx_word' id='word_1_479' title='bbox 1127 4499 1257 4562; x_wconf 92' lang='lat' dir='ltr'><strong>nisi</strong></span> <span class='ocrx_word' id='word_1_480' title='bbox 1288 4499 1384 4560; x_wconf 91' lang='lat' dir='ltr'><strong>vis</strong></span> <span class='ocrx_word' id='word_1_481' title='bbox 1433 4497 1677 4564; x_wconf 74' lang='lat' dir='ltr'><strong>inolitte</strong></span> <span class='ocrx_word' id='word_1_482' title='bbox 1710 4498 2213 4560; x_wconf 80' lang='lat' dir='ltr'><strong>consuetudinis</strong></span> <span class='ocrx_word' id='word_1_483' title='bbox 2275 4516 2373 4559; x_wconf 91' lang='lat' dir='ltr'><strong>me</strong></span> <span class='ocrx_word' id='word_1_484' title='bbox 2407 4499 2484 4560; x_wconf 91' lang='lat' dir='ltr'><strong>ab</strong></span> <span class='ocrx_word' id='word_1_485' title='bbox 2524 4499 2796 4579; x_wconf 72' lang='lat' dir='ltr'><strong>inerepto</strong></span> <span class='ocrx_word' id='word_1_486' title='bbox 2854 4509 3242 4562; x_wconf 83' lang='lat' dir='ltr'><strong>revocasset.</strong></span> <span class='ocrx_word' id='word_1_487' title='bbox 3301 4499 3614 4562; x_wconf 72' lang='lat' dir='ltr'><strong>Caeterum</strong></span> 
     </span>
    </p>
   </div>
   <div class='ocr_carea' id='block_1_45' title="bbox 358 4597 3617 4678">
    <p class='ocr_par' dir='ltr' id='par_1_45' title="bbox 358 4597 3617 4678">
     <span class='ocr_line' id='line_1_45' title="bbox 358 4597 3617 4678; baseline -0.002 -12"><span class='ocrx_word' id='word_1_488' title='bbox 358 4597 534 4676; x_wconf 83' lang='lat' dir='ltr'><strong>quod</strong></span> <span class='ocrx_word' id='word_1_489' title='bbox 570 4615 692 4677; x_wconf 83' lang='lat' dir='ltr'><strong>ego</strong></span> <span class='ocrx_word' id='word_1_490' title='bbox 724 4598 790 4659; x_wconf 89' lang='lat' dir='ltr'><strong>in</strong></span> <span class='ocrx_word' id='word_1_491' title='bbox 826 4599 942 4663; x_wconf 90' lang='lat' dir='ltr'><strong>hac</strong></span> <span class='ocrx_word' id='word_1_492' title='bbox 979 4600 1266 4662; x_wconf 87' lang='lat' dir='ltr'><strong>editione</strong></span> <span class='ocrx_word' id='word_1_493' title='bbox 1295 4607 1538 4662; x_wconf 88' lang='lat' dir='ltr'><strong>tantum</strong></span> <span class='ocrx_word' id='word_1_494' title='bbox 1576 4616 1652 4659; x_wconf 79' lang='lat' dir='ltr'><strong>ex</strong></span> <span class='ocrx_word' id='word_1_495' title='bbox 1688 4606 1862 4672; x_wconf 86' lang='lat' dir='ltr'><strong>parte</strong></span> <span class='ocrx_word' id='word_1_496' title='bbox 1897 4599 2188 4678; x_wconf 67' lang='lat' dir='ltr'><strong>praestiti,</strong></span> <span class='ocrx_word' id='word_1_497' title='bbox 2236 4599 2302 4659; x_wconf 88' lang='lat' dir='ltr'><strong>id</strong></span> <span class='ocrx_word' id='word_1_498' title='bbox 2347 4599 2424 4660; x_wconf 90' lang='lat' dir='ltr'><strong>ab</strong></span> <span class='ocrx_word' id='word_1_499' title='bbox 2457 4599 2601 4661; x_wconf 89' lang='lat' dir='ltr'><strong>aliis</strong></span> <span class='ocrx_word' id='word_1_500' title='bbox 2633 4600 2870 4678; x_wconf 82' lang='lat' dir='ltr'><strong>majore</strong></span> <span class='ocrx_word' id='word_1_501' title='bbox 2900 4597 3190 4660; x_wconf 87' lang='lat' dir='ltr'><strong>doctrina</strong></span> <span class='ocrx_word' id='word_1_502' title='bbox 3231 4606 3290 4661; x_wconf 92' lang='lat' dir='ltr'><strong>et</strong></span> <span class='ocrx_word' id='word_1_503' title='bbox 3336 4601 3617 4661; x_wconf 85' lang='lat' dir='ltr'><strong>auctori-</strong></span> 
     </span>
    </p>
   </div>
   <div class='ocr_carea' id='block_1_46' title="bbox 358 4699 3608 4779">
    <p class='ocr_par' dir='ltr' id='par_1_46' title="bbox 358 4699 3608 4779">
     <span class='ocr_line' id='line_1_46' title="bbox 358 4699 3608 4779; baseline 0.002 -23"><span class='ocrx_word' id='word_1_504' title='bbox 358 4703 486 4760; x_wconf 88' lang='lat' dir='ltr'><strong>tate</strong></span> <span class='ocrx_word' id='word_1_505' title='bbox 525 4700 838 4776; x_wconf 75' lang='lat' dir='ltr'><strong>pracditis,</strong></span> <span class='ocrx_word' id='word_1_506' title='bbox 869 4701 984 4778; x_wconf 92' lang='lat' dir='ltr'><strong>qui</strong></span> <span class='ocrx_word' id='word_1_507' title='bbox 1020 4709 1308 4764; x_wconf 86' lang='lat' dir='ltr'><strong>veterum</strong></span> <span class='ocrx_word' id='word_1_508' title='bbox 1343 4699 1549 4762; x_wconf 90' lang='lat' dir='ltr'><strong>libros</strong></span> <span class='ocrx_word' id='word_1_509' title='bbox 1579 4699 1848 4779; x_wconf 86' lang='lat' dir='ltr'><strong>posthac</strong></span> <span class='ocrx_word' id='word_1_510' title='bbox 1878 4699 2114 4760; x_wconf 88' lang='lat' dir='ltr'><strong>edituri</strong></span> <span class='ocrx_word' id='word_1_511' title='bbox 2151 4705 2329 4773; x_wconf 90' lang='lat' dir='ltr'><strong>sunt,</strong></span> <span class='ocrx_word' id='word_1_512' title='bbox 2361 4700 2640 4772; x_wconf 91' lang='lat' dir='ltr'><strong>tandem,</strong></span> <span class='ocrx_word' id='word_1_513' title='bbox 2675 4707 2740 4760; x_wconf 91' lang='lat' dir='ltr'><strong>ut</strong></span> <span class='ocrx_word' id='word_1_514' title='bbox 2775 4715 2992 4774; x_wconf 77' lang='lat' dir='ltr'><strong>Spero,</strong></span> <span class='ocrx_word' id='word_1_515' title='bbox 3027 4701 3608 4762; x_wconf 85' lang='lat' dir='ltr'><strong>consummabitur.</strong></span> 
     </span>
    </p>
   </div>
   <div class='ocr_carea' id='block_1_47' title="bbox 358 4798 3610 4876">
    <p class='ocr_par' dir='ltr' id='par_1_47' title="bbox 358 4798 3610 4876">
     <span class='ocr_line' id='line_1_47' title="bbox 358 4798 3610 4876; baseline 0.002 -18"><span class='ocrx_word' id='word_1_516' title='bbox 358 4801 569 4876; x_wconf 63' lang='lat' dir='ltr'><strong>Atque</strong></span> <span class='ocrx_word' id='word_1_517' title='bbox 601 4799 733 4861; x_wconf 66' lang='lat' dir='ltr'><strong>haec</strong></span> <span class='ocrx_word' id='word_1_518' title='bbox 765 4801 845 4863; x_wconf 89' lang='lat' dir='ltr'><strong>de</strong></span> <span class='ocrx_word' id='word_1_519' title='bbox 877 4799 1336 4863; x_wconf 84' lang='lat' dir='ltr'><strong>emendatione</strong></span> <span class='ocrx_word' id='word_1_520' title='bbox 1370 4807 1430 4861; x_wconf 92' lang='lat' dir='ltr'><strong>et</strong></span> <span class='ocrx_word' id='word_1_521' title='bbox 1461 4799 1882 4862; x_wconf 88' lang='lat' dir='ltr'><strong>distinctione</strong></span> <span class='ocrx_word' id='word_1_522' title='bbox 1918 4805 2132 4860; x_wconf 88' lang='lat' dir='ltr'><strong>nostra</strong></span> <span class='ocrx_word' id='word_1_523' title='bbox 2167 4799 2536 4859; x_wconf 88' lang='lat' dir='ltr'><strong>summatim</strong></span> <span class='ocrx_word' id='word_1_524' title='bbox 2575 4799 2743 4861; x_wconf 90' lang='lat' dir='ltr'><strong>dicta</strong></span> <span class='ocrx_word' id='word_1_525' title='bbox 2789 4798 3128 4864; x_wconf 71' lang='lat' dir='ltr'><strong>sufﬁciant.</strong></span> <span class='ocrx_word' id='word_1_526' title='bbox 3166 4803 3346 4865; x_wconf 88' lang='lat' dir='ltr'><strong>Nunc</strong></span> <span class='ocrx_word' id='word_1_527' title='bbox 3379 4804 3456 4863; x_wconf 90' lang='lat' dir='ltr'><strong>ad</strong></span> <span class='ocrx_word' id='word_1_528' title='bbox 3491 4805 3610 4863; x_wconf 90' lang='lat' dir='ltr'><strong>La-</strong></span> 
     </span>
    </p>
   </div>
   <div class='ocr_carea' id='block_1_48' title="bbox 358 4897 1594 4977">
    <p class='ocr_par' dir='ltr' id='par_1_48' title="bbox 358 4897 1594 4977">
     <span class='ocr_line' id='line_1_48' title="bbox 358 4897 1594 4977; baseline -0.001 -18"><span class='ocrx_word' id='word_1_529' title='bbox 358 4897 556 4959; x_wconf 87' lang='lat' dir='ltr'><strong>tinam</strong></span> <span class='ocrx_word' id='word_1_530' title='bbox 596 4898 1193 4977; x_wconf 86' lang='lat' dir='ltr'><strong>interpretationem</strong></span> <span class='ocrx_word' id='word_1_531' title='bbox 1229 4901 1594 4963; x_wconf 88' lang='lat' dir='ltr'><strong>veniamus.</strong></span> 
     </span>
    </p>
   </div>
   <div class='ocr_carea' id='block_1_49' title="bbox 435 5008 3613 5103">
    <p class='ocr_par' dir='ltr' id='par_1_49' title="bbox 435 5008 3613 5103">
     <span class='ocr_line' id='line_1_49' title="bbox 435 5008 3613 5103; baseline 0.001 -24"><span class='ocrx_word' id='word_1_532' title='bbox 435 5019 575 5085; x_wconf 82' lang='lat' dir='ltr'><strong>Non</strong></span> <span class='ocrx_word' id='word_1_533' title='bbox 633 5020 863 5084; x_wconf 90' lang='lat' dir='ltr'><strong>dubito</strong></span> <span class='ocrx_word' id='word_1_534' title='bbox 931 5022 1168 5091; x_wconf 90' lang='lat' dir='ltr'><strong>multos</strong></span> <span class='ocrx_word' id='word_1_535' title='bbox 1227 5023 1364 5091; x_wconf 82' lang='lat' dir='ltr'><strong>fore</strong></span> <span class='ocrx_word' id='word_1_536' title='bbox 1416 5024 1527 5102; x_wconf 90' lang='lat' dir='ltr'><strong>qui</strong></span> <span class='ocrx_word' id='word_1_537' title='bbox 1581 5023 1898 5086; x_wconf 89' lang='lat' dir='ltr'><strong>mirentur</strong></span> <span class='ocrx_word' id='word_1_538' title='bbox 1939 5041 2132 5101; x_wconf 88' lang='lat' dir='ltr'><strong>quam</strong></span> <span class='ocrx_word' id='word_1_539' title='bbox 2183 5023 2265 5103; x_wconf 82' lang='lat' dir='ltr'><strong>ob</strong></span> <span class='ocrx_word' id='word_1_540' title='bbox 2313 5040 2442 5084; x_wconf 89' lang='lat' dir='ltr'><strong>rem</strong></span> <span class='ocrx_word' id='word_1_541' title='bbox 2481 5029 2624 5099; x_wconf 85' lang='lat' dir='ltr'><strong>post</strong></span> <span class='ocrx_word' id='word_1_542' title='bbox 2661 5033 2787 5084; x_wconf 89' lang='lat' dir='ltr'><strong>tres</strong></span> <span class='ocrx_word' id='word_1_543' title='bbox 2819 5008 3374 5084; x_wconf 31' lang='lat' dir='ltr'><strong>Latinos‘Eusebii</strong></span> <span class='ocrx_word' id='word_1_544' title='bbox 3412 5023 3613 5084; x_wconf 89' lang='lat' dir='ltr'><strong>inter—</strong></span> 
     </span>
    </p>
   </div>
   <div class='ocr_carea' id='block_1_50' title="bbox 353 5125 3612 5206">
    <p class='ocr_par' dir='ltr' id='par_1_50' title="bbox 353 5125 3612 5206">
     <span class='ocr_line' id='line_1_50' title="bbox 353 5125 3612 5206; baseline 0.001 -21"><span class='ocrx_word' id='word_1_545' title='bbox 353 5132 613 5204; x_wconf 86' lang='lat' dir='ltr'><strong>pretes,</strong></span> <span class='ocrx_word' id='word_1_546' title='bbox 673 5142 918 5206; x_wconf 89' lang='lat' dir='ltr'><strong>eosque</strong></span> <span class='ocrx_word' id='word_1_547' title='bbox 982 5125 1047 5186; x_wconf 90' lang='lat' dir='ltr'><strong>in</strong></span> <span class='ocrx_word' id='word_1_548' title='bbox 1097 5127 1333 5195; x_wconf 60' lang='lat' dir='ltr'><strong>Graecis</strong></span> <span class='ocrx_word' id='word_1_549' title='bbox 1390 5127 1619 5190; x_wconf 91' lang='lat' dir='ltr'><strong>litteris</strong></span> <span class='ocrx_word' id='word_1_550' title='bbox 1674 5144 1802 5188; x_wconf 90' lang='lat' dir='ltr'><strong>non</strong></span> <span class='ocrx_word' id='word_1_551' title='bbox 1859 5128 2270 5190; x_wconf 89' lang='lat' dir='ltr'><strong>mediocriter</strong></span> <span class='ocrx_word' id='word_1_552' title='bbox 2299 5129 2724 5196; x_wconf 81' lang='lat' dir='ltr'><strong>exercitatos,</strong></span> <span class='ocrx_word' id='word_1_553' title='bbox 2760 5137 3042 5205; x_wconf 84' lang='lat' dir='ltr'><strong>quartam</strong></span> <span class='ocrx_word' id='word_1_554' title='bbox 3080 5127 3214 5204; x_wconf 87' lang='lat' dir='ltr'><strong>ipse</strong></span> <span class='ocrx_word' id='word_1_555' title='bbox 3247 5127 3612 5187; x_wconf 84' lang='lat' dir='ltr'><strong>versionem</strong></span> 
     </span>
    </p>
   </div>
   <div class='ocr_carea' id='block_1_51' title="bbox 354 5228 3614 5312">
    <p class='ocr_par' dir='ltr' id='par_1_51' title="bbox 354 5228 3614 5312">
     <span class='ocr_line' id='line_1_51' title="bbox 354 5228 3614 5312; baseline -0.001 -21"><span class='ocrx_word' id='word_1_556' title='bbox 354 5228 849 5291; x_wconf 85' lang='lat' dir='ltr'><strong>elaboraverim.</strong></span> <span class='ocrx_word' id='word_1_557' title='bbox 877 5230 1131 5304; x_wconf 90' lang='lat' dir='ltr'><strong>Quibus</strong></span> <span class='ocrx_word' id='word_1_558' title='bbox 1165 5233 1443 5309; x_wconf 86' lang='lat' dir='ltr'><strong>primum</strong></span> <span class='ocrx_word' id='word_1_559' title='bbox 1478 5233 1564 5293; x_wconf 90' lang='lat' dir='ltr'><strong>ita</strong></span> <span class='ocrx_word' id='word_1_560' title='bbox 1601 5231 1998 5310; x_wconf 77' lang='lat' dir='ltr'><strong>reSpondeo:</strong></span> <span class='ocrx_word' id='word_1_561' title='bbox 2025 5233 2087 5294; x_wconf 90' lang='lat' dir='ltr'><strong>Si</strong></span> <span class='ocrx_word' id='word_1_562' title='bbox 2121 5241 2268 5310; x_wconf 84' lang='lat' dir='ltr'><strong>post</strong></span> <span class='ocrx_word' id='word_1_563' title='bbox 2297 5233 2634 5306; x_wconf 81' lang='lat' dir='ltr'><strong>Ruﬁnum,</strong></span> <span class='ocrx_word' id='word_1_564' title='bbox 2674 5231 2786 5312; x_wconf 90' lang='lat' dir='ltr'><strong>qui</strong></span> <span class='ocrx_word' id='word_1_565' title='bbox 2829 5230 3276 5290; x_wconf 74' lang='lat' dir='ltr'><strong>Ecclesiaslica:</strong></span> <span class='ocrx_word' id='word_1_566' title='bbox 3310 5230 3614 5290; x_wconf 77' lang='lat' dir='ltr'><strong>Historia:</strong></span> 
     </span>
    </p>
   </div>
   <div class='ocr_carea' id='block_1_52' title="bbox 356 5326 3608 5410">
    <p class='ocr_par' dir='ltr' id='par_1_52' title="bbox 356 5326 3608 5410">
     <span class='ocr_line' id='line_1_52' title="bbox 356 5326 3608 5410; baseline -0 -19"><span class='ocrx_word' id='word_1_567' title='bbox 356 5326 556 5394; x_wconf 89' lang='lat' dir='ltr'><strong>libros</strong></span> <span class='ocrx_word' id='word_1_568' title='bbox 611 5331 861 5410; x_wconf 91' lang='lat' dir='ltr'><strong>primus</strong></span> <span class='ocrx_word' id='word_1_569' title='bbox 915 5331 984 5392; x_wconf 90' lang='lat' dir='ltr'><strong>in</strong></span> <span class='ocrx_word' id='word_1_570' title='bbox 1033 5331 1332 5403; x_wconf 87' lang='lat' dir='ltr'><strong>Latinum</strong></span> <span class='ocrx_word' id='word_1_571' title='bbox 1369 5349 1739 5397; x_wconf 89' lang='lat' dir='ltr'><strong>sermonem</strong></span> <span class='ocrx_word' id='word_1_572' title='bbox 1787 5333 2142 5405; x_wconf 84' lang='lat' dir='ltr'><strong>convertit,</strong></span> <span class='ocrx_word' id='word_1_573' title='bbox 2197 5333 2378 5394; x_wconf 91' lang='lat' dir='ltr'><strong>licuit</strong></span> <span class='ocrx_word' id='word_1_574' title='bbox 2414 5333 2708 5394; x_wconf 87' lang='lat' dir='ltr'><strong>Musculo</strong></span> <span class='ocrx_word' id='word_1_575' title='bbox 2751 5349 2976 5393; x_wconf 88' lang='lat' dir='ltr'><strong>novam</strong></span> <span class='ocrx_word' id='word_1_576' title='bbox 3018 5334 3608 5410; x_wconf 85' lang='lat' dir='ltr'><strong>interpretationem</strong></span> 
     </span>
    </p>
   </div>
   <div class='ocr_carea' id='block_1_53' title="bbox 351 5430 3610 5512">
    <p class='ocr_par' dir='ltr' id='par_1_53' title="bbox 351 5430 3610 5512">
     <span class='ocr_line' id='line_1_53' title="bbox 351 5430 3610 5512; baseline 0 -21"><span class='ocrx_word' id='word_1_577' title='bbox 351 5431 667 5502; x_wconf 86' lang='lat' dir='ltr'><strong>condere,</strong></span> <span class='ocrx_word' id='word_1_578' title='bbox 718 5430 773 5492; x_wconf 93' lang='lat' dir='ltr'><strong>si</strong></span> <span class='ocrx_word' id='word_1_579' title='bbox 833 5450 1059 5494; x_wconf 85' lang='lat' dir='ltr'><strong>rursus</strong></span> <span class='ocrx_word' id='word_1_580' title='bbox 1107 5443 1252 5512; x_wconf 91' lang='lat' dir='ltr'><strong>post</strong></span> <span class='ocrx_word' id='word_1_581' title='bbox 1294 5432 1874 5507; x_wconf 80' lang='lat' dir='ltr'><strong>Musculum‘idem</strong></span> <span class='ocrx_word' id='word_1_582' title='bbox 1909 5431 2096 5495; x_wconf 91' lang='lat' dir='ltr'><strong>licuit</strong></span> <span class='ocrx_word' id='word_1_583' title='bbox 2129 5431 2755 5510; x_wconf 79' lang='lat' dir='ltr'><strong>ChristOphorsono,</strong></span> <span class='ocrx_word' id='word_1_584' title='bbox 2791 5451 2904 5494; x_wconf 92' lang='lat' dir='ltr'><strong>cur</strong></span> <span class='ocrx_word' id='word_1_585' title='bbox 2943 5432 3098 5492; x_wconf 85' lang='lat' dir='ltr'><strong>mihi</strong></span> <span class='ocrx_word' id='word_1_586' title='bbox 3141 5431 3610 5512; x_wconf 85' lang='lat' dir='ltr'><strong>quoqueidem</strong></span> 
     </span>
    </p>
   </div>
   <div class='ocr_carea' id='block_1_54' title="bbox 342 5529 3612 5614">
    <p class='ocr_par' dir='ltr' id='par_1_54' title="bbox 342 5529 3612 5614">
     <span class='ocr_line' id='line_1_54' title="bbox 342 5529 3612 5614; baseline 0.002 -24"><span class='ocrx_word' id='word_1_587' title='bbox 342 5529 513 5611; x_wconf 91' lang='lat' dir='ltr'><strong>juris</strong></span> <span class='ocrx_word' id='word_1_588' title='bbox 578 5549 708 5595; x_wconf 90' lang='lat' dir='ltr'><strong>non</strong></span> <span class='ocrx_word' id='word_1_589' title='bbox 754 5531 952 5597; x_wconf 85' lang='lat' dir='ltr'><strong>fuerit</strong></span> <span class='ocrx_word' id='word_1_590' title='bbox 1012 5537 1186 5614; x_wconf 91' lang='lat' dir='ltr'><strong>quod</strong></span> <span class='ocrx_word' id='word_1_591' title='bbox 1251 5535 1545 5598; x_wconf 76' lang='lat' dir='ltr'><strong>caeteris?</strong></span> <span class='ocrx_word' id='word_1_592' title='bbox 1592 5537 1778 5614; x_wconf 83' lang='lat' dir='ltr'><strong>Apud</strong></span> <span class='ocrx_word' id='word_1_593' title='bbox 1816 5537 2075 5597; x_wconf 76' lang='lat' dir='ltr'><strong>Judaeos</strong></span> <span class='ocrx_word' id='word_1_594' title='bbox 2110 5543 2257 5614; x_wconf 89' lang='lat' dir='ltr'><strong>post</strong></span> <span class='ocrx_word' id='word_1_595' title='bbox 2302 5535 2713 5612; x_wconf 87' lang='lat' dir='ltr'><strong>Septuaginta</strong></span> <span class='ocrx_word' id='word_1_596' title='bbox 2757 5535 3098 5596; x_wconf 88' lang='lat' dir='ltr'><strong>Seniorum</strong></span> <span class='ocrx_word' id='word_1_597' title='bbox 3138 5536 3483 5597; x_wconf 88' lang='lat' dir='ltr'><strong>editionem</strong></span> <span class='ocrx_word' id='word_1_598' title='bbox 3521 5541 3612 5596; x_wconf 92' lang='lat' dir='ltr'><strong>tot</strong></span> 
     </span>
    </p>
   </div>
   <div class='ocr_carea' id='block_1_55' title="bbox 353 5635 3609 5715">
    <p class='ocr_par' dir='ltr' id='par_1_55' title="bbox 353 5635 3609 5715">
     <span class='ocr_line' id='line_1_55' title="bbox 353 5635 3609 5715; baseline 0.002 -22"><span class='ocrx_word' id='word_1_599' title='bbox 353 5640 900 5696; x_wconf 85' lang='lat' dir='ltr'><strong>sacramentorum</strong></span> <span class='ocrx_word' id='word_1_600' title='bbox 956 5635 1300 5714; x_wconf 83' lang='lat' dir='ltr'><strong>religione,</strong></span> <span class='ocrx_word' id='word_1_601' title='bbox 1353 5643 1445 5698; x_wconf 91' lang='lat' dir='ltr'><strong>tot</strong></span> <span class='ocrx_word' id='word_1_602' title='bbox 1503 5637 1886 5702; x_wconf 67' lang='lat' dir='ltr'><strong>saeculorum</strong></span> <span class='ocrx_word' id='word_1_603' title='bbox 1926 5638 2306 5700; x_wconf 87' lang='lat' dir='ltr'><strong>auctoritate</strong></span> <span class='ocrx_word' id='word_1_604' title='bbox 2358 5638 2667 5707; x_wconf 86' lang='lat' dir='ltr'><strong>ﬁrmatam</strong></span> <span class='ocrx_word' id='word_1_605' title='bbox 2696 5682 2711 5710; x_wconf 95' lang='lat'><strong>,</strong></span> <span class='ocrx_word' id='word_1_606' title='bbox 2758 5637 2990 5715; x_wconf 82' lang='lat' dir='ltr'><strong>Aquila</strong></span> <span class='ocrx_word' id='word_1_607' title='bbox 3030 5637 3330 5715; x_wconf 87' lang='lat' dir='ltr'><strong>primum,</strong></span> <span class='ocrx_word' id='word_1_608' title='bbox 3373 5636 3609 5700; x_wconf 83' lang='lat' dir='ltr'><strong>deinde</strong></span> 
     </span>
    </p>
   </div>
   <div class='ocr_carea' id='block_1_56' title="bbox 352 5737 3605 5821">
    <p class='ocr_par' dir='ltr' id='par_1_56' title="bbox 352 5737 3605 5821">
     <span class='ocr_line' id='line_1_56' title="bbox 352 5737 3605 5821; baseline 0.003 -24"><span class='ocrx_word' id='word_1_609' title='bbox 352 5737 754 5818; x_wconf 74' lang='lat' dir='ltr'><strong>Iheodotion</strong></span> <span class='ocrx_word' id='word_1_610' title='bbox 799 5749 862 5802; x_wconf 87' lang='lat' dir='ltr'><strong>et</strong></span> <span class='ocrx_word' id='word_1_611' title='bbox 903 5739 1325 5819; x_wconf 80' lang='lat' dir='ltr'><strong>Symmachus</strong></span> <span class='ocrx_word' id='word_1_612' title='bbox 1379 5759 1574 5807; x_wconf 77' lang='lat' dir='ltr'><strong>novas</strong></span> <span class='ocrx_word' id='word_1_613' title='bbox 1629 5742 1876 5805; x_wconf 79' lang='lat' dir='ltr'><strong>Veteris</strong></span> <span class='ocrx_word' id='word_1_614' title='bbox 1909 5743 2300 5812; x_wconf 81' lang='lat' dir='ltr'><strong>Testamenti</strong></span> <span class='ocrx_word' id='word_1_615' title='bbox 2350 5743 2925 5821; x_wconf 84' lang='lat' dir='ltr'><strong>interpretationes</strong></span> <span class='ocrx_word' id='word_1_616' title='bbox 2961 5742 3205 5820; x_wconf 78' lang='lat' dir='ltr'><strong>singuli</strong></span> <span class='ocrx_word' id='word_1_617' title='bbox 3245 5741 3605 5810; x_wconf 86' lang='lat' dir='ltr'><strong>ediderunt.</strong></span> 
     </span>
    </p>
   </div>
   <div class='ocr_carea' id='block_1_57' title="bbox 222 5862 248 5894">
    <p class='ocr_par' dir='ltr' id='par_1_57' title="bbox 222 5862 248 5894">
     <span class='ocr_line' id='line_1_57' title="bbox 222 5862 248 5894; baseline 0 -4"><span class='ocrx_word' id='word_1_618' title='bbox 222 5862 248 5894; x_wconf 63' lang='grc' dir='ltr'><strong><em>Α</em></strong></span> 
     </span>
    </p>
   </div>
  </div>
