3966 6264
292 352 361 408 ες
1538 335 1807 392 vALEsn
1845 333 2240 392 ramento.
3322 365 3326 369 -
3461 336 3532 389 se

295 473 520 550 Quinta
565 467 713 526 item
762 465 1108 540 Sextmque
1144 478 1214 523 ac
1248 459 1546 538 Septima:
1588 456 1894 518 editionis
1934 461 2224 517 auctores
2268 452 2532 532 quidam
2585 452 2819 530 reperti
2863 460 3040 529 sunt,
3079 471 3354 534 quorum
3407 473 3529 516 no-

301 578 443 642 mina
478 573 900 648 ignorantur:
944 583 1184 644 easque
1229 581 1457 626 omnes
1489 561 1824 624 versiones
1854 559 2168 637 Origenes
2204 558 2268 618 in
2307 555 2620 636 Hexaplis
2651 556 2789 618 suis
2821 558 3186 631 collocavit,
3223 567 3294 620 ut
3335 576 3370 620 a
3417 577 3528 622 ca-

302 678 521 745 thulicis
576 672 960 734 hominibus
1011 670 1403 746 legerentur.
1455 665 1642 740 Quod
1693 663 1893 742 igitur
1929 661 2170 724 Judaeis
2213 661 2278 720 in
2319 660 2538 722 Veteri
2591 662 3008 722 Testamento
3047 662 3257 736 licuit,
3303 681 3418 725 cur
3459 664 3525 724 in

288 784 546 850 Eusebio
585 777 741 840 mihi
777 793 903 838 non
944 775 1150 847 liceat,
1182 773 1463 834 maxime
1493 789 1636 833 cum
1685 770 1745 832 id
1781 771 2018 830 audere
2053 768 2118 829 in
2165 767 2448 828 Eusebio
2492 766 2706 827 minus
2741 766 3170 844 periculosum
3198 769 3304 839 sit,
3333 785 3522 847 quam

285 894 342 953 in
386 885 573 948 sacris
620 881 990 942 divinarum
1043 871 1515 959 Scripturarqm
1561 876 1773 937 libris?
1807 861 2151 934 Enimvero
2186 871 2404 933 multae
2437 888 2656 950 eae-que
2698 871 3094 949 gravissimae
3124 872 3405 933 rationes
3445 874 3522 934 ad

276 1010 445 1056 novre
477 989 674 1065 hujus
726 981 1282 1060 interpretationis
1315 997 1480 1042 onus
1512 981 1913 1042 subeundum
1958 996 2057 1038 me
2094 977 2188 1040 vel
2233 977 2506 1038 invitum
2549 977 2967 1055 impulerunt.
3021 978 3170 1038 Nam
3219 995 3364 1038 cum
3411 994 3526 1038 no-

270 1113 397 1157 vain
442 1086 897 1150 Ecclesiasticae
945 1080 1254 1141 Historia:
1305 1082 1654 1142 editionem
1701 1086 1917 1138 vestro
1943 1078 2134 1154 jussu
2172 1075 2533 1153 vestrisque
2567 1075 2882 1153 auspiciis
2919 1077 3392 1155 suscepissem,
3431 1079 3524 1138 vi-

261 1199 630 1262 deremnue,
666 1184 1078 1266 superiorum
1111 1183 1529 1259 interpretum
1556 1179 1884 1241 versiones
1907 1177 1988 1240 ob
2011 1177 2274 1239 crebros
2308 1192 2560 1238 errores
2595 1194 2666 1238 ac
2692 1183 3075 1257 παριρμηνείας
3111 1194 3518 1257 nequaquam

254 1297 623 1362 satisfacere
674 1289 995 1352 desiderio
1048 1287 1381 1348 doctorum
1445 1288 1727 1347 virorum
1763 1328 1781 1358 ,
1841 1283 2384 1363 quemadmodum
2437 1283 2708 1344 Joannis
2744 1284 3026 1346 Curterii
3065 1291 3125 1345 et
3164 1285 3328 1345 Petri
3371 1283 3520 1345 Hal-

250 1401 429 1465 loixii
463 1396 838 1462 testimonio
864 1394 990 1472 jam
1029 1400 1216 1456 antea
1255 1393 1640 1454 declaratum
1679 1398 1813 1463 est,
1865 1390 2140 1452 duorum
2173 1388 2442 1450 alterum
2473 1388 2629 1448 mihi
2669 1389 3036 1451 necessario
3084 1387 3514 1467 praestandum

244 1507 401 1578 fuit,
455 1511 523 1565 ut
577 1501 675 1562 vel
735 1499 1063 1575 antiquam
1128 1497 1724 1577 interpretationem
1777 1495 2188 1572 corrigerem,
2238 1493 2334 1554 vel
2376 1502 2547 1555 certe
2581 1495 2997 1572 procederem
3033 1509 3288 1556 novam.
3321 1493 3516 1555 Porro

238 1609 517 1669 aliorum
570 1598 1172 1679 interpretationem
1222 1603 1568 1680 corrigere,
1628 1608 1694 1662 ut
1757 1600 2100 1662 molestum
2153 1616 2265 1675 per
2306 1615 2375 1659 se
2421 1615 2492 1660 ac
2532 1597 2819 1672 difﬁcile,
2855 1597 2939 1660 ita
2977 1597 3166 1660 etiam
3216 1596 3513 1658 odiosum

240 1714 608 1776 videbatur.
659 1710 780 1770 Sua
830 1707 1000 1767 enim
1039 1709 1279 1788 cuique
1317 1708 1480 1782 laus,
1512 1723 1672 1768 suus
1712 1707 1918 1768 honos
1951 1706 2222 1768 debetur
2256 1723 2286 1765 a
2323 1705 2538 1767 nobis.
2576 1706 2897 1768 Fecerunt
2939 1704 3030 1766 illi
3069 1705 3388 1784 quidquid
3427 1705 3494 1766 in

237 1816 400 1896 ipsis
452 1812 606 1881 fuit,
659 1817 720 1872 et
772 1824 892 1869 suo
943 1806 1159 1869 labore
1205 1815 1496 1868 nostrum
1547 1807 1826 1868 laborem
1864 1806 2077 1869 levare
2117 1823 2188 1868 ac
2225 1807 2522 1869 minuere
2557 1807 2768 1868 conati
2804 1814 2982 1868 sunt.
3038 1807 3314 1867 Proinde
3346 1822 3510 1882 Opus

241 1920 771 1998 uniuscujusque
810 1913 1182 1988 interpretis
1229 1910 1623 1973 laudandum
1673 1912 1892 1989 potius
1941 1921 2036 1974 est
2075 1930 2106 1973 a
2156 1912 2346 1973 nobis
2397 1928 2590 1990 quam
2628 1910 3174 1988 iuterpolandum.
3213 1911 3508 1984 Ruﬁnus,

239 2024 537 2102 quamvis
596 2033 858 2078 sensum
920 2015 1138 2092 potius
1189 2015 1456 2077 Eusebii
1506 2023 1814 2094 sequatur
1867 2033 2062 2095 quam
2098 2016 2316 2087 verba,
2357 2022 2567 2077 tersus
2600 2025 2692 2077 est
2723 2025 2933 2076 tamen
2967 2033 3041 2077 ac
3077 2016 3361 2089 nitidus,
3395 2033 3511 2078 nec

241 2122 614 2201 legentibus
651 2115 1084 2195 injucundus;
1117 2136 1188 2180 ac
1237 2124 1331 2179 Vel
1371 2137 1447 2180 eo
1482 2119 1745 2180 nomine
1785 2118 2131 2196 plurimum
2169 2117 2556 2193 laudandus,
2607 2119 2777 2196 quod
2818 2117 3320 2178 Ecclesiaslicam
3360 2117 3510 2177 His-

243 2229 464 2290 toriam
503 2225 752 2303 primus
786 2218 1026 2280 Latinae
1062 2219 1296 2296 linguae
1332 2219 1709 2280 hominibus
1742 2218 1942 2291 dedit,
1980 2219 2161 2296 cujus
2217 2217 2520 2278 versione
2569 2220 2643 2278 ad
2692 2225 2972 2278 nostram
3007 2235 3215 2297 usque
3260 2225 3506 2280 mtatem

241 2349 352 2393 usa
395 2339 488 2390 est
517 2321 896 2390 Occidentis
933 2319 1241 2381 Ecclesia.
1277 2318 1613 2380 Musculus
1646 2318 1866 2380 verbis
1902 2318 2190 2396 pressius
2226 2317 2550 2392 adhaeret,
2584 2324 2644 2376 et
2682 2317 2746 2377 in
2781 2318 3264 2395 interpretando
3298 2320 3510 2381 brevis

245 2440 332 2492 est
384 2439 581 2507 atque
639 2427 1041 2504 perspicuus,
1084 2424 1441 2503 multisque
1479 2426 1544 2484 in
1588 2424 1744 2486 locis
1778 2422 2382 2502 Chrilephorsono
2421 2420 2693 2482 felicior.
2730 2421 3394 2499 Chrisl0phorsonus,
3438 2436 3507 2486 ut

243 2532 604 2611 diligentior
655 2548 727 2592 ac
784 2528 1032 2592 doctior
1086 2531 1406 2604 Musonio,
1443 2529 1536 2591 sic
1587 2529 1778 2590 etiam
1830 2527 2242 2589 numerosior
2294 2527 2556 2601 incedit,
2590 2536 2649 2587 et
2681 2515 3166 2588 Ciceronianum
3201 2528 3503 2606 quiddam

243 2647 443 2703 sonat.
496 2641 802 2699 Praeterea
844 2650 1004 2698 usus
1049 2642 1145 2695 est
1195 2633 1652 2710 manuscriptis
1687 2634 2169 2712 exemplaribus
2202 2632 2277 2692 ad
2312 2631 2912 2708 interpretationem
2946 2649 3125 2693 suam
3167 2633 3509 2695 elaboran-

241 2742 416 2801 dam:
460 2743 838 2821 primusque
872 2737 1324 2816 Panegyricum
1358 2737 1649 2811 Eusebii,
1686 2737 1930 2797 dictum
1967 2736 2436 2798 tricennalibus
2469 2734 2910 2807 Constantini,
2948 2737 3169 2796 Latino
3199 2755 3503 2801 sermone

243 2844 456 2913 edidit,
513 2860 707 2918 quem
771 2851 988 2920 postea
1043 2844 1454 2906 Genevcnses
1503 2843 1877 2924 typographi
1916 2844 2135 2906 Graece
2185 2845 2612 2906 excuderunt.
2664 2844 2841 2905 Dicet
2879 2845 2980 2906 hic
3019 2845 3299 2925 aliquis:
3334 2847 3504 2920 Quid

243 2943 428 3021 igitur
460 2961 625 3022 apus
660 2943 781 3005 fuit
817 2960 978 3008 nova
1019 2948 1316 3010 versione
1343 2993 1360 3021 ,
1396 2967 1543 3010 cum
1592 2949 1681 3010 illi
1723 2949 2109 3025 interpretes
2144 2957 2234 3010 tot
2267 2949 2596 3029 tantisque
2631 2948 2932 3011 laudibus
2965 2951 3340 3014 abundent?
3373 2955 3543 3033 Ego_

247 3068 390 3113 vero
426 3052 648 3112 laudes
676 3050 936 3113 illorum
971 3069 1428 3124 commemoro,
1466 3070 1594 3114 non
1639 3054 1789 3113 vitia
1823 3055 2050 3129 detego
2087 3075 2103 3114 :
2143 3070 2286 3131 qua;
2308 3054 2568 3132 quidem
2605 3055 2881 3116 aliorum
2917 3055 3286 3117 testimonio
3309 3074 3498 3134 quam

247 3169 378 3213 meo
404 3153 584 3228 prodi
642 3151 1128 3228 malimaQuod
1183 3153 1234 3213 si
1289 3153 1437 3233 quis
1477 3155 1924 3215 adnotationes
1974 3170 2147 3214 meas
2189 3153 2442 3232 legerit,
2500 3165 2610 3216 aut
2658 3156 3258 3235 interpretationem
3298 3176 3497 3219 meam

248 3277 378 3321 cum
413 3260 670 3322 illorum
707 3261 1006 3321 versione
1037 3254 1327 3317 conferre
1377 3256 1689 3330 voluerit,
1727 3256 2047 3334 intelliget
2089 3257 2374 3334 profecto
2409 3265 2566 3335 quot
2597 3258 2994 3336 quantisque
3036 3260 3367 3318 erroribus
3402 3279 3499 3321 re-

249 3362 409 3425 ferte
436 3365 568 3426 sint
602 3363 857 3424 illorum
897 3343 1488 3439 interpretationes,
1529 3378 1644 3422 nec
1686 3360 1825 3422 sine
1860 3378 2049 3421 causa
2090 3377 2319 3421 novam
2347 3359 2613 3420 Eusebii
2659 3359 3018 3420 versionem
3055 3360 3211 3420 mihi
3251 3379 3284 3421 a
3317 3361 3498 3423 vobis

251 3463 583 3542 injunctam
633 3464 864 3528 fuisse.
905 3465 1023 3524 Sed
1066 3467 1376 3544 quoniam
1413 3481 1537 3526 non
1575 3464 1902 3526 voluntate
1938 3463 2048 3523 sed
2092 3465 2473 3526 necessitate
2505 3464 2777 3544 quadam
2816 3463 2880 3525 in
2919 3465 3093 3527 hunc
3126 3483 3493 3527 sermonem

254 3568 532 3644 delapsus
589 3587 761 3643 sum,
806 3574 888 3631 de
939 3566 1346 3641 superiorum
1380 3564 1803 3644 interpretum
1842 3565 2011 3626 vitiis
2048 3567 2413 3626 summatim
2455 3584 2651 3645 pauca
2695 3568 2927 3629 dicam.
2977 3570 3130 3629 Nam
3173 3569 3226 3629 si
3266 3579 3494 3630 cuneta

255 3667 486 3729 illorum
549 3675 835 3748 σφάλματα
888 3669 1263 3749 singillatim
1322 3671 1549 3731 vellem
1606 3688 2027 3747 percensere,
2079 3671 2145 3731 in
2198 3670 2588 3732 immensum
2642 3672 3102 3734 extenderetur
3149 3677 3376 3735 oratio.
3419 3675 3494 3737 Ut

254 3766 427 3844 igitur
477 3788 509 3831 a
571 3771 800 3832 Rufino
848 3773 1184 3842 exordiar,
1214 3771 1365 3850 quis
1409 3772 1614 3833 nescit
1650 3772 1829 3833 illum
1875 3771 2151 3832 Eusebio
2188 3772 2384 3832 multa
2420 3789 2532 3850 pro
2566 3773 2832 3834 arbitrio
2882 3775 3248 3848 addidisse,
3294 3775 3490 3837 multa

256 3873 605 3949 detraxisse,
637 3877 835 3939 multa
873 3885 1182 3948 mutasse;
1217 3894 1290 3938 ac
1328 3875 1654 3956 plerisque
1688 3877 1751 3937 in
1792 3876 1946 3938 locis
1972 3883 2354 3959 παραφράστην
2385 3880 2597 3955 potius
2632 3895 2990 3961 essequam
3031 3879 3495 3954 interpretem?

254 3974 518 4048 Exempli
556 3980 779 4057 gratia,
816 3981 879 4039 in
909 3979 1073 4042 libro
1106 4001 1192 4044 vn
1225 3981 1304 4044 de
1337 3983 2114 4062 GregoriiThaumaturgi
2145 3985 2498 4056 miraculis,
2533 3984 2686 4046 satis
2719 3984 3026 4062 proiixam
3063 3988 3491 4050 narrationem

254 4073 517 4152 inseruit,
552 4098 694 4157 qum
728 4083 790 4142 in
827 4085 1079 4148 Eusebii
1110 4089 1310 4150 nostri
1348 4090 1827 4167 exemplaribus
1860 4106 1985 4150 non
2035 4089 2326 4151 habetur.
2370 4091 2572 4160 Idem,
2609 4090 2671 4150 in
2721 4089 2882 4151 libro
2922 4107 2982 4148 Ix
3021 4089 3282 4150 Lueiani
3322 4109 3494 4154 mar-

255 4175 389 4249 tyris
420 4180 770 4244 orationem
811 4203 922 4262 pro
956 4189 1080 4251 ﬁde
1120 4199 1334 4253 nostra
1367 4208 1590 4254 coram
1629 4190 1852 4268 judice
1894 4190 2171 4252 habitam
2205 4201 2670 4251 commemorat
2696 4237 2711 4263 ,
2746 4208 2935 4264 quam
2976 4190 3230 4251 Eusebii
3268 4210 3506 4278 exemi

191 4339 195 4346 _
254 4275 423 4352 plaria
452 4297 574 4341 non
610 4296 994 4360 agnoscunt.
1031 4293 1167 4352 Jam
1205 4310 1356 4354 vero
1389 4292 1711 4353 decimum
1745 4291 2204 4352 Ecclesiasticw
2243 4293 2551 4353 Historia:
2588 4292 2818 4353 librum
2857 4301 3056 4353 totum
3091 4293 3218 4355 fere
3256 4293 3320 4354 in
3359 4314 3494 4357 ver-

251 4379 410 4440 sione
439 4400 553 4444 sua
602 4390 1025 4460 prietermisn.
1066 4391 1235 4454 Nihil
1268 4393 1368 4455 hic
1402 4392 1544 4454 dico
1586 4391 1664 4452 de
1705 4391 2022 4469 capitibus
2061 4391 2138 4450 ab
2173 4407 2249 4450 eo
2281 4391 2686 4452 commutatis
2724 4393 2784 4451 in
2839 4391 3000 4452 libro
3053 4398 3235 4452 sexto
3274 4410 3344 4452 ac
3379 4411 3480 4455 se-

250 4480 461 4556 ptimo,
504 4488 1024 4569 quandoquidem
1061 4495 1122 4553 iu
1158 4492 1681 4554 adnotationibus
1717 4491 1880 4552 meis
1919 4491 2032 4550 hac
2068 4489 2147 4549 de
2191 4507 2257 4550 re
2300 4489 2598 4551 lectorem
2658 4489 2989 4549 admonui.
3027 4488 3195 4561 Quot
3234 4491 3490 4552 Eusebii

213 4579 360 4644 -loca
408 4586 485 4648 ab
537 4589 651 4651 illo
708 4610 1038 4671 perperam
1094 4579 1350 4675 accepta
1398 4602 1460 4657 et
1514 4594 1926 4673 interpretata
1973 4595 2160 4655 sunt!
2202 4593 2324 4654 Hic
2357 4600 2454 4654 est
2491 4593 2603 4672 qui
2647 4612 2726 4653 ex
2776 4592 3075 4654 Zacharia
3113 4595 3484 4668 sacerdote,

246 4684 400 4762 cujus
448 4687 516 4748 in
557 4692 906 4770 Evangelio
956 4701 1141 4762 Luca:
1173 4701 1240 4762 ﬁt
1281 4701 1566 4771 mentio,
1605 4709 1945 4779 martyrem
1995 4700 2183 4760 nobis
2220 4701 2720 4776 Lugdunensem
2765 4701 3000 4760 etl‘ecit.
3051 4701 3170 4761 Hic
3228 4710 3324 4762 est
3373 4705 3486 4781 qui

161 4883 166 4888 _
247 4784 570 4852 Bibliadem
622 4811 765 4856 cum
807 4799 1117 4863 Blandina
1153 4803 1464 4865 confudit.
1492 4805 1638 4890 _Hic
1685 4811 1781 4865 est
1821 4804 1934 4882 qui
1970 4802 2418 4863 Philoromum
2454 4803 2934 4865 nobilissimum
2978 4813 3364 4887 martyrem,
3408 4829 3488 4872 ex

242 4893 523 4958 rationale
571 4898 900 4990 tribunum
945 4908 1220 4969 militum
1260 4908 1433 4971 fecit.
1486 4911 1578 4973 De
1625 4909 1922 4972 Musculo
1972 4927 2125 4970 vero
2175 4909 2332 4988 quid
2367 4909 2596 4970 attinet
2628 4909 2868 4986 dicere,
2919 4911 3107 4989 cujus
3153 4915 3485 4978 versiones

241 5001 378 5076 (nam
434 5013 498 5068 et
551 5008 716 5071 alios
771 5011 1118 5089 scriptores
1185 5013 1406 5073 Latine
1460 5013 1918 5091 interpretatus
1977 5014 2094 5089 est)
2148 5030 2272 5074 non
2330 5031 2719 5091 magnOpere
2763 5016 3120 5091 probantur
3167 5035 3200 5079 a
3236 5018 3486 5082 doctis?

192 5101 201 5112 '
237 5105 773 5170 lnnnumerabiles
805 5113 945 5190 ejus
985 5133 1237 5178 errores
1278 5118 1564 5195 proferre
1599 5135 1851 5194 possem
1881 5161 1897 5188 ,
1935 5117 1986 5178 si
2047 5116 2278 5179 vellem
2318 5140 2333 5178 :
2374 5118 2542 5178 inter
2568 5135 2732 5198 quos
2771 5119 2874 5181 hic
2908 5121 3177 5185 eminet.
3234 5125 3485 5204 Diony-

235 5206 348 5269 sius
381 5211 898 5290 Alexandrinus,
936 5216 998 5278 in
1029 5219 1297 5297 epistola
1331 5219 1642 5282 adversus
1686 5223 2080 5283 Germanum
2109 5265 2125 5293 ,
2160 5239 2353 5298 quam
2393 5221 2584 5284 refert
2617 5223 2946 5287 Eusebius
2979 5225 3040 5286 in
3073 5225 3239 5290 libro
3270 5241 3479 5305 sexto,

234 5307 301 5368 ait
325 5326 391 5372 se
417 5323 544 5392 ,περὶ
584 5320 738 5379 ἡλίου
778 5317 992 5395 δυσμάς
1022 5325 1562 5401 comprehensum
1596 5347 1628 5389 a
1662 5328 1796 5389 mili

1912 5347 2008 5401 us,
2042 5336 2100 5390 et
2137 5329 2496 5406 'l‘aposirim
2538 5349 2680 5392 esse
2723 5333 3130 5411 perductum.
3173 5339 3254 5396 At
3299 5340 3478 5401 Mus-

233 5416 385 5477 culus
429 5419 892 5500 Heliodysmas
940 5425 1248 5504 oppidum
1286 5444 1431 5490 esse
1463 5428 1756 5490 credidit.
1790 5429 1896 5490 Sic
1925 5429 2095 5489 enim
2133 5429 2318 5489 vertit
2359 5451 2376 5491 :
2411 5430 2543 5508 Ego
2575 5451 2837 5512 namque
2876 5453 3012 5493 cum
3043 5434 3480 5515 Heliodysmas

237 5538 332 5579 una
359 5541 483 5583 cum
515 5525 649 5586 illis
680 5525 800 5604 qui
831 5544 1058 5588 mecum
1091 5538 1266 5590 erant
1291 5573 1305 5600 ,
1338 5533 1631 5592 venissem
1652 5575 1670 5604 ,
1707 5533 2069 5610 Taposirim
2100 5551 2136 5591 a
2160 5531 2473 5593 militibus
2506 5532 2737 5595 duclus
2767 5555 2925 5596 sum.
2965 5538 3134 5599 Idem
3173 5551 3476 5614 praeterea

234 5623 516 5693 Musculus
549 5632 800 5693 librum
845 5629 1108 5691 Eusebii
1143 5631 1230 5689 De
1262 5631 1646 5709 martyribus
1681 5631 2069 5708 Palwstinw,
2119 5637 2230 5716 qui
2272 5637 2606 5715 subjectus
2650 5644 2748 5699 est
2797 5639 2962 5700 libro
3018 5659 3129 5701 vm
3167 5643 3475 5704 Historia:

236 5723 674 5805 Ecclm’asticm,
721 5737 933 5794 totum
969 5733 1033 5798 in
1069 5734 1366 5798 versione
1399 5754 1512 5797 sua
1563 5737 2010 5814 praetermisit;
2046 5757 2236 5818 quam
2287 5741 2370 5803 ob
2418 5757 2699 5815 causam,
2739 5741 2981 5804 nescio.
3020 5745 3126 5806 Est
3159 5745 3328 5807 enim
3363 5744 3470 5810 ille
