3966 6264
492 359 564 415 27
1751 351 2022 409 VALESII

2197 329 2446 407 srmo.
3075 307 3080 310 ’
3683 337 3763 391 «ιε

494 473 753 538 Eusebii
811 475 973 537 liber
1017 470 1560 552 elegantissimus.
1605 469 1906 546 Superest
1931 465 2142 530 versio
2171 461 2440 526 Joannis
2470 458 3057 540 Christophorsoni,
3090 474 3233 538 quae
3267 473 3381 519 nec
3425 456 3579 534 ipsa
3617 470 3757 515 na:-

493 578 590 638 vis
618 575 755 637 suis
788 583 978 637 caret.
1010 569 1192 648 Nam,
1233 586 1306 640 ut
1343 579 1630 640 omittam
1671 573 2098 636 barbarismos
2128 571 2242 651 qui
2277 571 2343 630 in
2369 569 2474 630 illa
2500 567 2738 645 saepius
2769 572 3138 639 occurrunt,
3173 562 3440 624 nimium
3476 558 3758 638 prolixa

490 696 552 745 et
580 681 883 745 laciniosa
915 689 1011 744 est
1042 681 1182 757 ejus
1213 674 1678 753 interpretatio,
1711 673 1867 733 dum
1900 687 2090 732 voces
2114 666 2422 748 quasdam
2455 666 2633 728 addit
2661 668 2736 726 ad
2778 665 3158 742 eXplendam
3207 661 3556 740 periodum
3583 702 3601 731 ,
3640 665 3762 720 aut

489 781 564 842 ad
605 779 998 841 obscurioris
1050 775 1172 838 loci
1217 775 1700 854 expositionem
1750 790 1899 834 suas
1948 770 2163 850 adjicit
2207 775 2570 843 ἐπεξηγήσεις.
2623 765 2950 827 Interdum
2987 763 3174 827 etiam
3208 780 3285 824 ex
3322 761 3592 822 duabus
3645 778 3764 835 pe-

491 886 691 948 riodis
736 900 925 946 unam
961 882 1146 951 facit,
1179 888 1239 942 et
1272 880 1402 940 duo
1433 877 1632 956 capita
1668 876 1730 936 in
1768 891 1969 936 unum
2022 871 2297 944 confert,
2347 872 2504 931 adeo
2542 876 2611 930 ut
2645 869 3016 929 Latinorum
3068 867 3344 944 capitum
3390 863 3760 925 distinctio

489 987 558 1048 in
607 988 748 1064 ejus
799 983 1327 1061 interpretatione
1378 983 1647 1042 multum
1689 979 2005 1054 discrepet
2039 996 2069 1037 a
2101 976 2341 1036 Graeca.
2373 956 2665 1047 Qnm'res
2694 981 2994 1050 quantam
3035 970 3231 1047 pariat
3266 967 3642 1030 molestiam
3680 983 3760 1027 ac

492 1084 1039 1158 perturbationem
1077 1083 1140 1144 in
1171 1086 1446 1148 citandis
1473 1104 1548 1146 ex
1583 1082 1867 1145 Eusebio
1910 1081 2096 1152 locis,
2147 1086 2388 1142 norunt
2426 1096 2654 1141 omnes
2699 1076 3002 1137 studiosi.
3036 1075 3208 1135 Idem
3245 1075 3307 1133 in
3347 1069 3760 1146 theologicis

491 1184 754 1261 quidem
791 1184 946 1245 satis
986 1185 1370 1250 exercitatus
1417 1188 1579 1261 fuit,
1615 1189 1722 1249 sed
1756 1186 1995 1247 criticze
2031 1184 2188 1246 artis
2223 1182 2446 1262 peritia
2482 1189 2542 1243 et
2569 1180 2973 1259 antiquitatis
3010 1180 3313 1240 Romanae
3355 1175 3756 1254 cognitione

491 1283 719 1344 leviter
769 1284 1145 1347 instructus.
1194 1290 1404 1359 Quare
1453 1285 1518 1345 in
1566 1283 1839 1363 prapriis
1888 1280 2216 1344 vocabulis
2252 1279 2740 1358 magistratuum
2775 1281 3229 1348 Romanorum,
3266 1283 3326 1337 et
3357 1277 3424 1338 in
3464 1276 3557 1336 iis
3596 1291 3758 1354 quae

489 1389 563 1450 ad
617 1389 869 1450 civilem
907 1387 1526 1453 administrationem
1553 1385 1894 1464 pertinent,
1929 1391 2236 1463 perpetuo
2282 1384 2514 1445 labitur
2548 1403 2566 1443 :
2605 1381 2780 1443 verbi
2808 1380 3034 1459 gratia,
3076 1381 3141 1441 in
3175 1379 3593 1458 eXponendis
3632 1396 3754 1439 vo-

487 1488 673 1549 cibus
702 1496 975 1570 ἡγεμόνος,
1009 1504 1309 1570 στρατηγοῦ
1329 1535 1347 1565 ,
1386 1499 1683 1570 ἐπαρχικῆς
1717 1493 1916 1558 τάξεως
1945 1493 2008 1551 et
2037 1487 2053 1548 ἱ

2201 1485 2462 1547 milibus
2493 1485 2666 1547 aliis.
2705 1485 3036 1545 Postremo
3071 1483 3303 1544 librum
3342 1482 3628 1549 Eusebii
3667 1483 3760 1544 De

484 1589 870 1666 martyribus
898 1587 1278 1665 Ραιωειίηω,
1313 1592 1424 1671 qui
1461 1593 1528 1651 in
1559 1590 1849 1652 editione
1885 1587 2148 1650 Roberti
2179 1583 2488 1663 Stephani
2534 1593 2596 1646 et
2628 1584 2695 1645 in
2745 1583 3203 1663 manuscriptis
3243 1584 3759 1663 exemplaribus

487 1689 872 1766 subjnnctus
923 1697 1018 1752 est
1065 1699 1286 1753 octavo
1335 1692 1644 1752 Historia:
1687 1686 2138 1749 Ecclesiasticw
2192 1685 2355 1748 libro
2398 1681 3024 1762 Chrilephorsonus
3052 1683 3119 1744 in
3165 1690 3457 1744 octavum
3498 1681 3754 1744 librum

487 1793 866 1860 transfudit.
898 1811 1042 1855 cum
1089 1795 1230 1872 ejus
1264 1805 1505 1874 partem
1545 1795 1728 1857 illum
1779 1811 1926 1856 esse
1974 1794 2278 1856 crederet.
2324 1791 2528 1866 Quem
2574 1788 3139 1870 Christophorsoni
3192 1805 3476 1851 errorem
3527 1788 3756 1851 secuti

487 1900 702 1970 postea
736 1893 1111 1972 typographi
1153 1897 1587 1962 Genevenses,
1623 1902 1692 1956 ut
1727 1895 1937 1956 Graeca
1975 1892 2217 1955 Latinis
2255 1897 2540 1969 aptarent
2567 1935 2584 1965 ,
2617 1907 2692 1952 ex
2725 1889 2976 1951 duobus
3009 1888 3270 1950 Eusebii
3310 1888 3494 1949 libris
3532 1905 3753 1950 unum

483 1995 723 2059 fecere.
757 2003 968 2074 Atque
1013 1998 1144 2060 hinc
1179 1995 1439 2073 carptim
1477 1997 1643 2056 dicta
1687 1994 1814 2054 sint
1847 1994 1924 2056 de
1974 1992 2146 2053 vitiis
2193 1989 2600 2070 superiorum
2649 1986 3285 2065 interpretationum;
3341 2003 3467 2050 non
3520 1988 3752 2052 obtre-

483 2098 697 2159 ctandi
729 2098 970 2170 animo,
1010 2115 1126 2159 nec
1153 2098 1512 2162 minuendae
1535 2100 1912 2178 cujusquam
1961 2095 2330 2172 interpretis
2361 2092 2620 2171 glorim,
2663 2093 2775 2153 sed
2819 2100 2883 2152 ut
2916 2091 3189 2152 studiosi
3223 2108 3447 2154 omnes
3493 2091 3750 2156 intelli-

483 2205 660 2273 gent,
707 2213 825 2258 110$
872 2213 1000 2258 non
1031 2199 1172 2258 Sine
1206 2222 1393 2266 causa
1431 2222 1655 2267 novam
1706 2202 2287 2279 interpretalionem
2329 2199 2715 2277 suscepisse.
2750 2200 2948 2272 Quam
2981 2209 3049 2260 ut
3085 2197 3420 2277 perfectam
3463 2201 3745 2277 quidem

483 2307 547 2361 et
591 2300 875 2361 numeris
909 2300 1214 2362 omnibus
1250 2304 1600 2365 absolutam
1640 2309 1936 2383 praestare
1973 2317 2096 2362 non
2132 2303 2337 2362 ausim
2371 2299 2458 2380 (id
2495 2299 2664 2362 enim
2704 2299 2916 2360 nimias
2949 2307 3113 2361 esset
3144 2301 3580 2383 confidentiae)
3607 2347 3624 2373 ,
3659 2303 3742 2365 ita

483 2398 780 2478 plurimis
833 2400 1084 2460 mendis
1141 2404 1379 2478 quibus
1425 2407 1794 2485 superiores
1835 2405 2396 2482 interpretationes
2446 2408 2716 2476 scatent,
2759 2421 2971 2465 carere
3007 2404 3268 2466 ﬁdenter
3293 2404 3572 2468 afﬁrmo.
3615 2407 3748 2470 Cte-

482 2516 687 2568 terum
734 2525 878 2570 cum
919 2510 1035 2570 tria
1076 2509 1477 2587 potissimum
1515 2511 1581 2571 in
1618 2510 1912 2571 versione
1947 2508 2386 2588 requirantur,
2426 2517 2493 2567 ut
2527 2507 2824 2568 nimirum
2865 2507 3076 2568 fidelis
3110 2508 3215 2581 sit,
3250 2514 3321 2570 ut
3357 2509 3629 2588 elegans
3665 2529 3743 2578 ac

481 2611 841 2688 perSpicua,
875 2628 1132 2690 operam
1165 2607 1308 2673 dedi
1344 2625 1423 2667 ne
1452 2606 1605 2684 quid
1646 2604 1872 2666 horum
1907 2605 1973 2663 in
2007 2603 2302 2664 versione
2338 2609 2552 2663 nostra
2584 2601 3084 2665 desideraretur.

557 2711 1162 2790 lnterpretationem
1193 2718 1558 2792 sequuntur
1589 2710 2058 2772 adnotatioues.
2098 2710 2166 2769 In
2198 2708 2436 2787 quibus
2465 2708 2594 2770 duo
2631 2709 3034 2786 potissimum
3067 2710 3348 2788 spectavi
3391 2729 3409 2770 :
3447 2709 3738 2787 primum

485 2822 553 2875 ut
610 2817 1134 2878 emendationum
1195 2831 1480 2878 mearum
1543 2813 1856 2876 rationem
1914 2813 2266 2886 redderem,
2313 2821 2374 2874 et
2419 2813 2623 2874 varias
2663 2814 3044 2892 scriptorum
3077 2817 3369 2877 codicum
3407 2815 3739 2878 lectiones

481 2919 798 2981 studiosis
838 2933 1301 2999 proponerent;
1341 2913 1573 2976 deinde
1602 2919 1669 2974 ut
1699 2914 2107 2974 obscuriores
2141 2912 2403 2972 Eusebii
2437 2912 2612 2974 locos
2642 2912 3052 2988 illustrarem,
3088 2923 3149 2976 et
3175 2915 3481 2994 antiquos
3517 2916 3741 2976 Eccle-

482 3017 594 3077 site
633 3035 843 3081 mores
887 3039 960 3082 ac
993 3021 1151 3080 ritus
1182 3017 1432 3081 collatis
1472 3015 1744 3077 aliorum
1789 3016 2168 3094 scriptorum
2211 3014 2366 3076 locis
2405 3015 2817 3094 explicarem.
2869 3018 3408 3081 Adnotationibus
3449 3033 3741 3096 quatuor

480 3138 513 3180 a
570 3140 668 3184 me
700 3124 1052 3205 subjunctte
1083 3128 1234 3185 sunt
1264 3121 1779 3187 dissertationes.
1813 3119 2093 3198 Quarum
2144 3118 2344 3198 prima
2396 3126 2489 3180 est
2535 3120 2612 3180 de
2651 3121 2837 3182 initio
2874 3139 2944 3182 ac
2984 3138 3325 3198 progressu
3359 3121 3737 3186 schismatis

478 3219 983 3285 Donatistarum.
1019 3223 1228 3285 Altera
1264 3231 1359 3284 est
1392 3225 1469 3284 de
1506 3223 1798 3290 Anastasi
1834 3230 1896 3283 et
1943 3223 2246 3300 martyrio
2293 3221 2908 3300 Hierosolymitano.
2951 3224 3128 3287 Hanc
3163 3226 3463 3303 sequitur
3505 3229 3738 3308 dispu-

479 3319 637 3382 tatio
663 3323 742 3384 de
789 3325 1082 3387 versione
1129 3326 1304 3386 LXX
1336 3327 1756 3402 interpretum
1809 3325 2116 3386 adversus
2153 3325 2455 3385 Jacobum
2488 3325 3320 3393 UsseriumArmachanum.
3355 3330 3602 3404 Quarta
3643 3339 3740 3393 est

479 3420 559 3484 de
605 3424 1054 3506 Martyrologio
1097 3431 1378 3491 Romano
1421 3430 1590 3508 quod
1627 3429 1824 3489 edidit
1862 3429 2277 3507 Bosweydus.
2317 3431 2526 3508 Atque
2565 3430 2695 3491 haec
2727 3439 2878 3492 sunt
2908 3451 3049 3511 qua;
3079 3435 3154 3494 ad
3192 3435 3579 3498 Eusebianae
3614 3436 3736 3496 Hi-

480 3523 692 3585 storia;
742 3525 1234 3592 illustrationem
1269 3548 1299 3591 a
1351 3549 1448 3592 me
1498 3533 1562 3592 in
1610 3532 1727 3593 hac
1759 3532 2046 3593 editione
2077 3532 2402 3594 elaborata
2452 3541 2629 3593 sunt.
2667 3532 2823 3607 Quae
2856 3535 2914 3595 si
2943 3537 3218 3614 cuipiam
3251 3539 3532 3601 fortasse
3571 3539 3739 3600 levia

478 3621 874 3686 videbuntur
909 3645 978 3690 ac
1013 3631 1157 3693 vilia
1181 3679 1197 3706 ,
1232 3637 1286 3696 is
1322 3637 1594 3713 cogitet,
1653 3637 2026 3707 huiusmodi
2061 3637 2190 3699 fere
2223 3646 2447 3700 cuncta
2493 3655 2634 3700 esse
2671 3656 2811 3716 quae
2843 3639 2907 3700 in
2944 3637 3061 3701 hoc
3091 3658 3322 3716 genere
3368 3641 3732 3704 litterarum

481 3725 930 3802 ΡΓοῙθΓυιἸῑυΓ,
960 3731 1166 3812 iisque
1201 3756 1312 3814 pro
1345 3742 1559 3801 studio
1599 3740 1945 3818 legentium
1990 3759 2061 3802 ac
2096 3741 2420 3801 stomacho
2465 3749 2573 3801 aut
2606 3741 2878 3822 pretium
2913 3749 3020 3802 aut
3068 3748 3510 3821 contemptum
3547 3761 3738 3806 acce—

479 3824 655 3888 dere.
714 3829 865 3890 Nam
918 3831 976 3893 si
1029 3837 1287 3915 quidem
1330 3857 1585 3920 mqnum
1640 3858 1712 3902 ac
1761 3839 2126 3904 studiosum
2176 3840 2476 3900 lectorem
2511 3840 2903 3912 inVenerint,
2943 3845 3152 3919 magni
3191 3844 3645 3918 azstimantur;
3679 3847 3735 3906 si

482 3940 632 3988 vero
665 3929 730 3989 in
761 3929 1126 3998 fastidiosas
1166 3957 1357 4000 aures
1398 3941 1767 4013 inciderint,
1819 3956 1934 4019 pro
1981 3939 2184 4000 nihilo
2227 3939 2577 4001 ducuntur.
2629 3939 2877 4000 Deinde
2929 3944 3084 4018 quid
3137 3943 3258 4004 nisi
3311 3942 3584 4021 vulgare
3622 3947 3736 4008 ad-

479 4037 740 4099 modum
781 4048 840 4103 et
879 4045 1197 4110 mediocre
1235 4046 1738 4124 exspectandum
1775 4052 1892 4118 est,
1929 4065 1960 4107 ιι
1995 4063 2094 4107 me
2135 4045 2478 4124 praesertim
2514 4046 2622 4124 qui
2659 4045 2740 4107 ob
2767 4046 3159 4109 debilitatem
3194 4049 3536 4112 oculorum
3573 4054 3731 4113 alie-

480 4137 578 4199 nis
614 4141 817 4202 oculis
853 4160 925 4205 ac
962 4147 1255 4210 manibus
1301 4151 1590 4230 etlegere
1621 4169 1811 4230 cogor
1842 4159 1900 4214 et
1951 4153 2230 4215 scribere
2283 4175 2297 4214 :
2335 4160 2394 4213 et
2449 4153 2560 4232 qui
2613 4154 2764 4215 dum
2813 4164 3064 4234 promer
3102 4155 3336 4218 laboris
3392 4160 3727 4236 magnitu-

479 4240 695 4303 dinem
741 4262 995 4323 semper
1037 4251 1115 4311 ad
1160 4256 1462 4319 ulteriora
1503 4257 1760 4332 festino,
1811 4267 2011 4319 lotum
2064 4258 2183 4320 hoc
2211 4259 2661 4344 qualecunque
2694 4268 2782 4320 est
2822 4277 2986 4338 opus
3019 4262 3102 4322 ita
3142 4273 3558 4340 properanter
3596 4264 3727 4326 dic-

475 4346 626 4418 tavi,
662 4357 729 4409 ut
761 4350 865 4411 vix
901 4352 1220 4432 relegendi
1259 4355 1412 4416 mihi
1450 4357 1650 4419 otium
1679 4357 1892 4420 fuerit.
1923 4358 2067 4432 Quo
2100 4360 2294 4437 magis
2325 4359 2713 4438 indulgenda
2753 4360 2906 4425 mihi
2943 4369 3038 4423 est
3079 4363 3291 4439 venia,
3339 4363 3548 4427 sicubi
3604 4364 3724 4427 for-

475 4451 645 4508 tasse
694 4448 760 4508 in
810 4451 1332 4522 adnotationibus
1387 4463 1637 4525 lectoris
1699 4465 2018 4526 desiderio
2057 4480 2185 4526 non
2236 4483 2701 4546 usquequaque
2733 4466 3035 4528 satisfeci.
3076 4467 3391 4530 Cmterum
3428 4473 3504 4531 ad
3546 4470 3724 4531 invi-

474 4553 700 4614 tandos
734 4554 1031 4628 lectores,
1081 4559 1145 4620 in
1180 4560 1318 4639 ipso
1352 4565 1564 4641 operis
1601 4567 1923 4629 vestibulo
1957 4567 2395 4629 doctissimam
2432 4570 2761 4647 epistolam
2801 4570 3150 4644 collocavi,
3187 4589 3374 4650 quam
3413 4573 3721 4634 illustris-

471 4652 677 4715 simus
730 4673 800 4718 ac
841 4661 1423 4722 reverendissimus
1463 4663 1994 4742 archiepiscoilus
2034 4665 2396 4727 Tolosanus
2427 4667 2650 4728 Petrus
2685 4669 2764 4728 de
2793 4668 3025 4742 Marce,
3066 4669 3162 4729 vir
3194 4669 3556 4731 divinarum
3602 4673 3721 4730 hn-

473 4771 936 4835 manarumque
988 4774 1197 4820 rerum
1257 4764 1524 4828 scientia
1574 4767 2135 4841 instructissimus,
2189 4769 2266 4830 ad
2313 4786 2414 4830 me
2458 4770 2712 4847 scripsit
2750 4769 2828 4830 de
2865 4771 3062 4848 prima
3097 4772 3425 4848 Evangelii
3485 4773 3716 4844 [n-mdl-

472 4859 722 4919 catione
769 4861 832 4970 in
886 4859 1117 4970 Gallia.
1162 4863 1487 4970 Quidquid
1541 4870 1736 4948 igitur
1781 4872 1946 4932 tmdii
1998 4891 2070 4935 ac
2113 4873 2421 4935 molestiae
2451 4892 2528 4937 ex
2563 4874 3079 4936 lucubrationum
3119 4891 3398 4936 mearum
3436 4875 3715 4937 lectione

471 4961 911 5022 contraxerint
947 4961 1252 5037 studiosi,
1289 4961 1352 5026 id
1386 4965 1579 5046 hujus
1612 4967 1901 5046 epistolte
1933 4969 2300 5036 eruditione
2332 4981 2394 5035 et
2427 4973 2795 5036 ammnitate
2827 4973 3012 5038 facile
3049 4975 3404 5055 detergent.
