3966 6264
218 346 283 404 29
1223 346 1562 406 EPISTOLA
1598 350 1689 403 AD
1728 346 2085 403 HENRlCUM
2124 342 2495 411 VALESIUM.

979 662 1695 779 PETRUS
1769 664 2005 775 DE
2075 660 2725 774 MARCA

1383 897 1917 942 ARCHIEPISCOPUS
1952 893 2317 940 TOLOSANUS

749 1043 1202 1104 CLARISSIMO
1251 1042 1347 1099 ET
1393 1042 1781 1099 ERUDITISS

1885 1042 1942 1098 Ὀ
1990 1040 2169 1097 vmo
2223 1038 2567 1095 HENRICO
2616 1004 2927 1092 νΑιεειο

1747 1158 1804 1214 S.
1843 1158 1908 1214 P.
1945 1157 2014 1213 D.

281 1453 542 1511 Gratulor
563 1455 697 1521 tibi,
720 1467 779 1511 et
804 1456 1056 1512 Ecclesiae
1083 1456 1372 1516 universae.
1399 1454 1468 1508 ob
1486 1468 1605 1508 eam
1635 1468 1796 1522 quam
1826 1456 1873 1513 Α
1904 1451 2171 1522 Lugduni.
2197 1465 2303 1507 una
2331 1466 2454 1507 cum
2482 1449 2634 1504 urbis
2668 1447 3077 1519 magistratibus
3104 1461 3209 1503 non
3236 1445 3471 1502 infelici-

210 1549 532 1603 lnvertenda
558 1558 618 1603 et
645 1550 899 1603 ornamla
923 1549 1135 1603 Eusebii
1165 1547 1401 1601 Historia
1428 1545 1797 1601 Ecclesiastica

210 1655 411 1709 operam
435 1639 707 1709 posuisti,
749 1639 906 1708 juxta
945 1641 1073 1695 cleri
1134 1638 1398 1695 Gallicani
1445 1639 1794 1695 desiderium.

214 1730 350 1783 Illam
388 1732 600 1798 quippe
626 1732 781 1785 acris
816 1733 1013 1798 ingenii
1060 1731 1343 1787 solertiam
1378 1732 1797 1800 maturiorisque

212 1822 389 1891 iudicii
435 1823 555 1876 \im
593 1839 725 1877 cum
777 1840 984 1878 summa
1050 1827 1360 1880 eruditione.
1426 1826 1794 1893 coniunctam,

214 1930 367 1980 quam
392 1915 445 1965 in
474 1915 729 1969 editione
759 1916 1028 1969 Ammiani
1051 1956 1067 1980 ,
1119 1925 1174 1969 et
1218 1916 1605 1982 Excerptorutn
1641 1916 1796 1987 Poly-

217 2007 305 2071 bii,
350 2007 577 2059 senatui
649 2006 1011 2060 litteratorum
1073 2007 1198 2060 olim
1261 2009 1608 2075 probaveras.
1653 2018 1794 2062 utine

215 2098 419 2152 felicius
479 2099 782 2152 exseruisti
840 2099 893 2153 in
943 2098 1162 2166 majoris
1208 2102 1461 2153 momenti
1520 2099 1789 2165 Historia,

218 2201 325 2242 tum
358 2205 387 2241 a
416 2190 576 2243 vitiis
608 2189 927 2253 lcetionmn,
950 2198 1062 2243 tum
1102 2196 1171 2244 ab
1218 2191 1573 2259 interpretum
1617 2191 1790 2244 hallu-

216 2282 588 2334 cinationihus
617 2272 894 2349 purganda
922 2320 938 2346 ,
980 2282 1215 2351 egregiis
1247 2284 1477 2352 denique
1509 2285 1559 2337 in
1597 2283 1790 2338 dillici-

213 2371 374 2425 liores
403 2372 559 2425 locos
590 2371 853 2426 adhibitis
879 2374 1284 2427 commentariis
1320 2375 1657 2428 illustranda.
1690 2377 1791 2429 lle-

214 2475 327 2513 rum
372 2462 882 2516 ecclesiasticarum
913 2464 1175 2531 origines.
1200 2465 1463 2527 indelessa
1509 2466 1787 2535 diligentia

216 2551 554 2619 perquisitas
592 2551 882 2619 descripsit
922 2551 1219 2616 Eusebius;
1257 2553 1353 2606 sed
1382 2569 1510 2605 usus
1549 2556 1789 2621 quando-

210 2656 312 2712 que
351 2644 609 2697 oratione
642 2660 708 2698 ex
744 2645 904 2713 genio
938 2644 1293 2699 Orientalium
1342 2644 1636 2713 perplexa;
1688 2645 1788 2697 ali-

209 2736 425 2803 quando
457 2751 591 2789 vero
624 2746 842 2804 propter
887 2735 1083 2804 lingua:
1125 2750 1448 2804 morumque
1488 2736 1784 2803 ignoratio-

212 2836 328 2875 nem
366 2824 555 2877 minus
588 2825 884 2879 intellecta.
924 2825 1092 2892 Quem
1130 2825 1419 2889 singularis
1461 2827 1787 2881 eruditionis

211 2927 311 2971 tuae
353 2916 501 2980 luce,
538 2920 744 2986 apertis
787 2920 1074 2974 vetustatis
1114 2919 1499 2973 ecclesiasticae
1546 2921 1784 2984 arcmiis,

209 3008 385 3062 civilis
417 3024 662 3079 quoque,
697 3014 917 3076 quamto
947 3024 1032 3063 res
1058 3010 1326 3077 exigebat,
1354 3011 1676 3079 patefecisti.
1711 3012 1787 3066 Ex

209 3116 313 3168 quo
353 3102 694 3168 voluptatem
727 3103 844 3170 cepi
873 3102 1196 3166 maximam;
1223 3118 1326 3155 non
1369 3103 1540 3155 solum
1570 3114 1788 3171 propter

213 3193 357 3244 illam
384 3234 398 3257 ,
444 3209 569 3261 quin
618 3193 748 3245 mihi
782 3193 1084 3246 communis
1118 3192 1294 3247 futura
1340 3206 1423 3249 est
1453 3210 1572 3247 cum
1604 3196 1787 3262 probis

209 3284 507 3338 eternditis
534 3286 692 3344 viris,
717 3300 784 3338 ex
831 3300 892 3340 ea
938 3285 1164 3339 lectione
1193 3287 1543 3339 hauriendam
1586 3284 1787 3342 doctri-

216 3390 292 3428 ηπ
321 3376 564 3441 copiam,
598 3376 691 3428 sed
730 3376 873 3444 quod
908 3377 1088 3430 studio
1124 3378 1429 3432 decessoris
1461 3380 1561 3432 mei
1604 3381 1782 3434 Caroli

214 3468 276 3521 de
324 3468 601 3522 Montcbal
624 3508 639 3533 ,
697 3469 1089 3536 archiepiscopi
1121 3468 1374 3523 Tolosani
1403 3511 1418 3533 ,
1453 3472 1552 3524 viri
1585 3472 1783 3539 pietate

214 3569 265 3612 et
305 3561 623 3613 eruditione
662 3560 935 3627 quondam
976 3561 1339 3624 celeberrimi,
1390 3562 1455 3613 ad
1507 3566 1607 3615 hoc
1650 3579 1784 3629 opus

214 3652 438 3703 arduum
482 3650 873 3719 perliciendum
913 3660 965 3704 te
1008 3650 1312 3704 accinxisti.
1370 3649 1535 3719 Cujus
1597 3654 1779 3705 sedem

214 3756 331 3793 cum
366 3744 708 3811 possideam,
764 3742 1158 3795 reddendorum
1204 3742 1300 3795 tibi
1348 3744 1645 3812 gratiarum
1685 3760 1782 3797 no-

215 3847 355 3894 men,
380 3832 524 3900 quod
558 3831 911 3886 successione
938 3833 1210 3897 contraxi,
1236 3833 1320 3887 his
1354 3833 1550 3888 litteris
1573 3834 1779 3889 solvere

216 3938 491 3975 necessum
538 3925 747 3991 putavi.

281 4013 579 4075 Caeterum,
613 4024 902 4082 antequam
940 4014 1127 4067 ultima
1169 4029 1361 4067 manus
1401 4023 1634 4081 ponatur
1666 4014 1779 4068 edi-

218 4104 340 4156 tioni
374 4120 496 4172 qua:
545 4120 686 4157 nunc
742 4106 842 4159 Sub
887 4105 1038 4173 prelo
1092 4105 1301 4166 fervet,
1345 4107 1669 4158 monendum
1727 4115 1778 4157 te

218 4194 365 4257 duxi,
412 4197 463 4246 in
499 4195 888 4248 dissertatione
937 4206 1121 4247 nostra
1177 4193 1247 4247 De
1288 4195 1517 4261 primatu
1559 4192 1775 4257 Lugdu-

218 4288 379 4349 nensi,
404 4301 523 4354 qua:
554 4288 604 4338 in
644 4287 947 4353 Appendice
975 4288 1039 4339 ad
1077 4287 1362 4340 concilium
1396 4286 1777 4339 Clarmnonta-

222 4392 355 4439 num,
385 4388 529 4430 tomo
558 4376 726 4430 XXVI
758 4375 1120 4431 Conciliorum
1151 4378 1292 4431 edita
1334 4387 1416 4430 est
1436 4416 1452 4442 ,
1508 4392 1606 4430 nos
1635 4392 1776 4445 qna:-

220 4469 329 4522 dam
375 4472 668 4523 adnotasse
725 4486 948 4523 numero
1002 4469 1136 4531 104,
1199 4469 1300 4522 105
1346 4478 1400 4522 et
1461 4468 1579 4533 107,
1636 4469 1774 4522 illius

220 4564 635 4628 exercitationis,
662 4564 726 4615 ad
745 4563 1025 4629 epistolam
1045 4561 1487 4631 Lugdunensium
1513 4562 1775 4614 Christia-

221 4666 416 4717 narum,
453 4670 618 4722 quam
656 4653 876 4707 exhibet
912 4654 1175 4707 Eusebius
1217 4653 1312 4706 lib.
1374 4669 1405 4705 v
1445 4652 1613 4717 Ilisl.,
1653 4669 1771 4720 cap.

222 4746 264 4799 Ι.
292 4746 600 4817 Πεινήγυριν
635 4746 777 4800 enim
815 4746 981 4811 illam,
1019 4762 1137 4811 qnze
1181 4744 1426 4814 Lugduni
1473 4745 1774 4798 habebatur

219 4840 420 4905 quando
472 4838 734 4907 supplicia
791 4847 917 4890 sunt
949 4853 977 4889 a
1032 4838 1367 4906 martyribus
1430 4845 1619 4889 exacta
1674 4835 1773 4889 sub

219 4930 495 4991 Antonino,
533 4933 599 4983 de
643 4938 911 4984 conventu
944 4929 1102 4981 trinnt
1138 4927 1435 4981 Galliarum
1467 4924 1772 4993 intelligen-

220 5022 325 5072 dam
352 5023 543 5089 seripsi
572 5038 586 5079 :
630 5036 789 5091 quem
820 5036 888 5074 ex
929 5022 1205 5089 semginta
1238 5018 1447 5086 pepulis
1482 5016 1769 5071 conﬂatum

220 5114 382 5167 docuit
432 5114 664 5177 Strabo,
702 5112 858 5180 enjns
904 5122 1135 5164 mentem
1174 5110 1405 5178 explicui
1453 5125 1599 5161 num.
1640 5108 1768 5171 102,

218 5217 426 5272 eumque
456 5220 577 5257 cum
615 5203 733 5256 loco
765 5199 938 5255 Taciti
967 5202 1254 5255 emendato
1282 5199 1579 5266 composui.
1629 5198 1772 5254 Ten-

220 5296 311 5347 ωτι
357 5312 568 5365 quoque
604 5293 864 5363 Gregorii
914 5290 1248 5357 Turonensis
1297 5291 1667 5344 testimonium
1707 5289 1770 5343 de

219 5387 517 5456 martyribus
533 5385 1041 5447 Athanacensibns,
1066 5399 1188 5437 cum
1216 5382 1301 5437 illa
1322 5384 1460 5452 apud
1479 5381 1767 5441 Eusebium

1901 1554 2004 1609 ter,
2030 1554 2089 1598 ιιι
2122 1555 2271 1613 puto,
2304 1544 2693 1611 interpretatus
2737 1558 2880 1600 sum.
2923 1540 3053 1609 Qua:
3099 1550 3276 1595 tamen
3312 1555 3469 1596 seve-

1900 1636 2026 1690 riori
2052 1635 2242 1706 judicii
2282 1636 2357 1690 tui
2388 1650 2636 1690 censurae
2665 1632 2954 1688 submitto.

1967 1728 2151 1782 Finem
2183 1727 2445 1783 faciebam
2480 1727 2606 1781 huic
2636 1726 2900 1793 epistola,
2930 1728 3145 1794 quando
3169 1742 3254 1780 me
3280 1726 3469 1793 patria:

1894 1830 1947 1874 et
1982 1822 2191 1874 tuendae
2217 1820 2462 1874 veritatis
2486 1834 2661 1883 amor,
2695 1819 3136 1888 Lugdunensium
3167 1831 3466 1889 martyrum

1894 1914 2199 1975 occasione,
2262 1912 2490 1978 pupugit
2532 1918 2584 1962 et
2632 1912 2832 1977 adegit,
2897 1920 2955 1962 ut
3005 1910 3143 1975 apud
3187 1920 3237 1962 te
3278 1910 3467 1975 paucis

1893 2017 2254 2068 conquererer
2286 2002 2352 2054 de
2385 2002 2578 2069 injuria
2606 2000 2781 2057 Gallis
2814 2000 2977 2063 facta,
3024 2017 3127 2053 non
3164 2003 3230 2053 ab
3261 2000 3467 2054 este-ris

1892 2092 2108 2160 quidem
2132 2130 2148 2154 ,
2198 2092 2290 2145 sed
2321 2106 2349 2144 a
2383 2092 2750 2155 nostratibus;
2802 2091 2892 2159 qui
2937 2089 3321 2143 reconditioris
3351 2100 3403 2143 et
3433 2106 3461 2141 ει

1891 2184 2048 2252 vulgo
2081 2183 2413 2243 semotioris,
2468 2198 2570 2248 qua
2602 2183 2839 2250 pollent,
2896 2182 3161 2235 doctrina:
3210 2181 3464 2250 cupidine

1893 2273 2077 2338 illecti,
2128 2276 2409 2329 veritatem
2465 2290 2582 2343 quae
2627 2276 2679 2327 in
2731 2273 3019 2342 propatulo
3055 2283 3162 2336 est,
3209 2275 3357 2327 velut
3408 2274 3462 2327 in

1891 2377 2052 2435 puteo
2089 2366 2341 2419 latentem
2379 2368 2479 2420 sibi
2521 2370 2864 2435 quaerendam
2912 2376 3190 2434 putarunt.
3252 2365 3444 2420 Galliis

1889 2458 2087 2527 quippe
2120 2459 2430 2519 detralmnt,
2459 2474 2619 2526 quam
2646 2455 2995 2525 Ethiopibus
3023 2468 3075 2511 et
3104 2459 3248 2510 Indis
3279 2458 3460 2511 sciunt

1889 2551 1955 2602 ab
1984 2548 2250 2617 apostolis
2285 2549 2416 2616 ipsis
2457 2550 2754 2602 exhibilam
2803 2548 3073 2617 Evangelii
3129 2549 3457 2617 prmdicandi

1888 2656 2075 2695 curam
2114 2657 2128 2693 :
2163 2656 2225 2695 ac
2286 2641 2329 2694 si
2403 2639 2802 2693 ﬂorentissima:
2862 2649 2916 2692 et
2975 2638 3167 2691 vieinre
3207 2638 3459 2694 nationes

1888 2734 2050 2801 capiti
2078 2733 2319 2801 gentium
2358 2731 2576 2791 Romae,
2613 2745 2774 2796 quam
2821 2729 3084 2798 sanguine
3123 2745 3218 2781 suo
3270 2728 3460 2783 Petrus

1889 2837 1941 2879 et
1969 2825 2170 2881 Paulus
2205 2830 2622 2885 consecrarunt,
2653 2821 3034 2876 remotissimis
3067 2820 3171 2874 illis
3198 2832 3459 2886 extraque

1890 2918 2193 2972 Romanum
2249 2916 2537 2985 imperium
2589 2913 2709 2967 sitis
2767 2913 3079 2981 regionibus
3138 2912 3458 2979 posthabita:

1889 3013 2136 3067 fuissent.
2170 3011 2284 3066 Alia
2313 3011 2412 3063 fuit
2443 3025 2594 3062 mens
2621 3007 3021 3077 apostolorum,
3050 3006 3141 3074 qui
3169 3004 3370 3059 Gallias
3406 3005 3455 3057 in

1891 3107 1993 3161 fide
2028 3106 2370 3169 ermliemlas,
2410 3104 2593 3157 statim
2628 3114 2750 3170 post
2789 3102 3083 3153 adventum
3139 3099 3191 3151 in
3246 3096 3453 3150 Italiam

1890 3207 2262 3266 Susceperunt.
2293 3197 2487 3250 Beatus
2524 3198 2719 3264 tlttippt'
2741 3193 2985 3258 anas,a
3013 3190 3163 3244 Pauli
3195 3190 3455 3245 comitatu

1890 3291 2193 3353 discedens,
2221 3290 2463 3359 magistri
2499 3290 2581 3343 sui
2623 3288 2876 3340 mandato
2909 3298 2967 3338 se
3000 3283 3227 3337 contulit
3253 3284 3302 3335 in
3329 3280 3456 3335 Gal-

1888 3383 2025 3447 lias;
2055 3384 2141 3434 tibi
2174 3383 2503 3451 prteeipunm
2537 3381 2656 3434 ﬁdei
2693 3382 3049 3448 prtedieanda:
3081 3377 3315 3430 studium
3349 3376 3455 3428 im-

1886 3475 2090 3543 pendit.
2138 3473 2337 3526 [)ι·ἰιι(1υ
2365 3488 2460 3541 per
2490 3473 2705 3524 Italiam
2737 3481 2787 3524 et
2827 3470 3143 3523 Dalmatiam
3177 3468 3228 3520 in
3262 3468 3448 3521 eodem

1884 3583 2046 3634 Opere
2073 3567 2390 3617 industriam
2426 3580 2580 3618 suam
2610 3574 2875 3630 prmstans
2897 3602 2911 3626 ,
2965 3561 3017 3615 in
3062 3559 3451 3623 Macedoniam,

1884 3659 2069 3712 emlem
2102 3657 2383 3709 iuncturus
2412 3655 2619 3715 allii-io,
2659 3670 2718 3708 se
2754 3653 2981 3721 recepit.
3023 3653 3312 3705 Auctorem
3351 3651 3448 3703 ha-

1884 3749 2071 3801 bemus
2106 3748 2423 3814 locupletem
2475 3748 2634 3815 hujus
2679 3746 3013 3799 narrationis
3070 3742 3450 3811 Epiphaniam,

1882 3841 1971 3907 qui
2016 3840 2203 3892 haeresi
2236 3856 2283 3892 LI
2326 3840 2468 3907 tptod
2512 3839 2747 3891 diximus
2782 3838 2845 3890 de
2883 3837 3025 3890 Luca
3054 3845 3305 3895 testatur,
3346 3848 3453 3885 uno

1880 3947 1943 3985 ex
1980 3947 2082 3985 LXX
2113 3930 2410 3997 discipulis,
2447 3930 2530 3981 cui
2559 3945 2753 3980 munus
2800 3928 3073 3996 Evangelii
3121 3926 3451 3993 ptmdicandi

1881 4022 2142 4073 creditum
2170 4022 2241 4072 ait
2278 4038 2291 4071 ε
2318 4018 2589 4091 Κηρύττει
2610 4017 2832 4089 πρῶτον
2868 4019 2921 4069 ὲν
2948 4016 3243 4087 Δαλματέᾳ.
3278 4016 3370 4068 καὶ
3394 4017 3453 4067 ὲν

1878 4110 2205 4181 Γαλλίᾳ,κσ.ὶ
2235 4112 2292 4161 ὲν
2327 4110 2543 4181 Ἰταλίᾳ,
2563 4112 2655 4162 καὶ
2674 4107 3013 4179 Μακεδονίᾳ;
3039 4106 3181 4178 ἁρχὴ
3209 4106 3266 4158 δὲ
3298 4107 3354 4158 ὲν
3382 4107 3449 4176 τῇ

1878 4200 2095 4270 Γαλλίᾳ.
2134 4199 2296 4268 quue
2354 4202 2459 4265 ipse
2513 4204 2737 4265 primum
2796 4200 2849 4250 in
2909 4198 3217 4258 Dalmatia,
3274 4194 3450 4248 Gallia

1877 4300 1925 4342 ct
1963 4290 2147 4351 Italia,
2178 4308 2238 4342 nc
2271 4288 2587 4343 Macedonia
2621 4290 2901 4355 prmstitit;
2930 4289 3019 4340 sed
3050 4289 3101 4338 in
3127 4285 3301 4340 Callia
3342 4303 3451 4354 pro:

1877 4380 2244 4444 ca'teris:vel,
2298 4380 2339 4431 si
2376 4380 2550 4443 malis,
2608 4380 2921 4449 principium
2991 4394 3107 4432 rem
3149 4379 3201 4429 in
3251 4375 3445 4430 Callia.

1877 4471 2210 4538 Principium
2272 4471 2468 4525 fecisse
2531 4471 2932 4538 praedicationis
2990 4470 3040 4520 in
3093 4468 3289 4533 Gallia,
3339 4468 3452 4519 sive

1875 4564 2137 4629 potiorem
2171 4562 2287 4630 ejus
2312 4579 2495 4616 curant
2523 4564 2780 4631 gessisse.
2807 4559 3167 4613 disertissime
3202 4569 3448 4612 testatur.

1875 4655 2085 4724 Duplici
2151 4658 2350 4725 quippe
2410 4657 2813 4725 Sigttilit'alitittc
2878 4656 2991 4706 hanc
3039 4654 3203 4705 verba
3256 4653 3447 4720 exponi

1876 4758 2122 4816 pusmnl,
2158 4747 2302 4819 ἁρχὴ
2328 4747 2383 4799 δὲ
2418 4749 2473 4799 ὲν
2504 4749 2567 4817 τῇ
2596 4743 2815 4814 Γαλλίᾳ.
2849 4744 3000 4809 Quod
3027 4753 3201 4796 autem
3223 4743 3448 4809 primum

1875 4839 1925 4891 in
1958 4836 2225 4891 Dalmatia
2261 4839 2586 4907 praediCaSse
2625 4839 2858 4897 dicatur,
2905 4834 2969 4886 ad
3023 4832 3189 4884 solam
3238 4832 3449 4885 Daltuao

1875 4930 2003 4984 tiam
2042 4932 2386 4982 referendum
2430 4945 2535 4981 nou
2595 4937 2699 4989 est,
2754 4928 2847 4979 sed
2880 4928 2943 4979 ad
2976 4926 3205 4982 Galliam
3243 4926 3446 4993 etiam,

1873 5032 2037 5090 atque
2078 5022 2310 5084 Italiam,
2355 5021 2535 5074 habita
2590 5022 2800 5073 ratione
2850 5019 3197 5081 Macedoniae,
3243 5018 3294 5071 in
3342 5031 3449 5087 qua

1871 5114 2164 5167 erudienda
2210 5115 2419 5165 demum
2475 5112 2760 5165 laboravit.
2824 5111 2953 5177 Qua-
3003 5111 3170 5164 dietio
3216 5108 3449 5163 fortasse

1870 5206 2209 5259 restituenda
2245 5213 2330 5257 est
2358 5205 2409 5256 iu
2440 5214 2720 5268 contextu,
2756 5212 2814 5255 ut
2837 5204 2907 5255 sit
2948 5203 3091 5270 quod
3124 5202 3449 5271 respondeat

1870 5295 1946 5366 τῷ
1993 5298 2241 5365 primum.
2296 5294 2498 5365 Sicque
2559 5295 2685 5347 illud
2735 5297 2967 5361 primum
3007 5310 3111 5347 non
3164 5293 3447 5362 impediet,

1872 5386 1999 5453 quin
2050 5384 2318 5455 signiticet
2362 5385 2568 5438 ultimis
2598 5385 2781 5438 verbis
2825 5384 3189 5453 Epiphanius,
3245 5381 3451 5453 princi-

219 5480 495 5534 narratione
556 5475 891 5535 conciliare.
966 5477 1210 5549 Denique
1263 5477 1416 5545 lapsu
1469 5475 1648 5536 Ruﬁni
1714 5484 1767 5529 et
1801 5478 2013 5545 Dpium
2045 5492 2224 5546 operte
2260 5491 2370 5530 sua:
2411 5475 2611 5529 Lucam
2633 5474 2884 5543 posuisse
2933 5475 2984 5528 in
3024 5474 3219 5528 Gallia.
3283 5473 3444 5535 Exci-

217 5568 669 5644 Christopltorsoni
722 5569 1055 5635 observato,
1103 5568 1281 5621 locum
1326 5566 1569 5636 epistolae
1627 5565 1769 5621 illius

212 5659 456 5738 insignem,
486 5666 554 5720 de
581 5658 973 5734 preliensione
1002 5671 1322 5730 martyrum,
1350 5667 1404 5719 et
1443 5659 1509 5713 de
1532 5660 1766 5717 interro-

202 5758 374 5833 gatione
438 5758 591 5814 facta
661 5771 696 5809 a
768 5751 989 5819 tribuno
1040 5752 1276 5815 cohortis
1345 5767 1463 5821 quae
1518 5751 1769 5808 tendebat

1875 5568 2027 5635 piunt
2105 5568 2199 5621 viri
2261 5567 2496 5630 eruditi,
2543 5566 2756 5620 nescire
2813 5581 2871 5619 se
2921 5567 2986 5621 ab
3034 5566 3141 5619 ullo
3199 5574 3444 5619 veterum

1877 5634 2156 5713 auctorum
2176 5658 2406 5727 prodita,
2431 5634 2552 5728 qua:
2582 5656 2799 5726 scripsit
2824 5657 3173 5727 Epiphanius.
3204 5657 3447 5714 Scilicet.

1878 5751 1984 5808 Sed
2021 5767 2124 5807 non
2158 5751 2277 5807 ideo
2308 5751 2484 5806 minus
2525 5761 2649 5806 sunt
2697 5765 2821 5804 vera
2869 5767 2989 5821 quae
3042 5762 3191 5823 gesta
3253 5750 3443 5809 refert.
