3966 6264
516 329 578 387 3|
1819 318 2024 378 PETRI
2061 321 2149 376 DE
2186 321 2424 378 MARCA
3748 321 3820 376 δῖ

517 450 712 505 Petivit
739 448 827 504 ille
851 464 1005 505 suam
1041 449 1410 507 narrationem
1440 465 1505 505 ex
1547 448 1832 504 vetnstiori
1867 450 2091 512 scripto-
2125 458 2169 514 Α
2200 449 2527 519 Epiphanio,
2553 449 2941 522 Chrysostomo
2967 463 3030 505 ac
3062 448 3454 511 Theodoreto,
3495 454 3555 500 et
3588 459 3622 500 e
3662 443 3816 499 Lati-

521 558 597 606 re,
629 557 757 611 quo,
782 542 1126 612 utplerisque
1146 542 1290 609 aliis,
1312 557 1586 598 caremus.
1613 541 1867 597 Fortasse
1888 558 1954 595 ex
1988 542 2096 596 Ile-

519 634 743 705 gesippo
774 634 900 689 illud
929 635 1225 700 hauserat,
1262 634 1352 703 qui
1384 636 1434 689 in
1480 635 1784 705 pandendis
1818 634 2094 690 Ecclesia-

519 742 636 781 rnm
659 727 958 797 originibus
982 743 1041 783 se
1069 729 1336 785 exercuit.
1361 728 1623 782 Exstabat
1659 728 1929 794 integrum
1957 742 2095 796 opus

518 820 830 892 llegesippi,
876 836 981 875 non
1031 822 1206 877 solum
1255 821 1506 887 Eusebii,
1560 821 1655 875 sed
1692 821 1856 874 etiam
1911 819 2098 875 Hiero-

518 912 661 982 nymi
699 914 1056 982 temporibus,
1091 925 1256 983 atque
1287 913 1421 967 adeo
1456 911 1767 982 Epiphanii.
1801 910 2095 979 Supererat

518 1017 732 1072 quoque
765 1003 984 1074 Georgii
1045 1004 1285 1076 Syncclli
1318 1013 1519 1068 aetate,
1567 1004 1658 1075 qui
1699 1002 1817 1071 ejus
1852 1003 2095 1058 auctoris

517 1091 882 1162 fragmentum
942 1095 1145 1164 profert
1179 1097 1230 1150 in
1268 1094 1554 1163 Chronico,
1591 1095 1735 1148 aliud
1764 1109 1793 1147 a
1830 1093 2096 1166 fragmen-

521 1188 589 1242 tis
634 1203 756 1257 quae
804 1190 998 1244 recitat
1034 1190 1318 1245 Eusebius.
1367 1187 1600 1245 Gravius
1656 1188 1813 1244 doleo
1869 1188 1938 1243 de
1989 1187 2091 1241 viri

518 1281 661 1336 illius
695 1282 1081 1349 eruditissimi,
1124 1284 1329 1353 tibique
1370 1300 1434 1339 ac
1473 1284 1605 1337 mihi
1651 1282 1923 1351 quondam
1953 1281 2094 1335 ami-

514 1374 719 1429 cissimi
773 1374 1145 1445 glossemate,
1189 1378 1280 1446 qui
1315 1376 1368 1430 in
1412 1374 1983 1431 animadversionihns
2025 1375 2093 1428 ad

514 1452 639 1522 eum
693 1466 983 1536 Epiphanii
1030 1467 1228 1530 locum,
1267 1467 1378 1521 vim
1427 1465 1725 1520 teStimonii
1770 1464 1912 1519 illius
1942 1464 2095 1518 nobis

515 1560 755 1615 adimere
791 1571 1041 1615 conatur.
1090 1561 1165 1615 De
1204 1558 1382 1615 Gallia
1431 1560 1574 1615 enim
1618 1557 1892 1626 Cisalpina
1947 1556 2093 1627 loqui

520 1632 874 1720 Epiphanium
909 1660 1078 1705 notat.
1138 1650 1361 1707 Scilicet
1413 1651 1557 1721 apud
1616 1649 1766 1704 illum
1815 1659 2093 1703 auctorem

517 1742 847 1812 Cisalpinam
887 1743 1117 1800 Galliam
1167 1744 1559 1813 intelligimus,
1605 1757 1727 1812 qua:
1775 1744 1919 1795 nulla
1967 1754 2095 1797 tunc

2197 542 2282 594 n'is
2332 540 2683 613 Hieronymo,
2716 550 2837 612 post
2893 543 3128 611 primum
3177 542 3494 594 adventum
3543 551 3712 592 suum
3760 534 3813 592 in

2196 628 2420 699 Urbem,
2453 634 2541 687 ubi
2573 634 2848 688 biennium
2881 634 3060 703 exegit
3125 645 3152 684 a
3210 627 3366 682 Luca
3430 632 3810 683 memoratum

2195 720 2325 794 (quo
2369 725 2626 792 temporis
2663 723 2947 779 intervallo
2990 725 3198 780 l'ortean
3237 724 3430 778 Lucas
3497 722 3552 775 in
3631 720 3814 777 Gallia

2194 814 2635 882 praedicationem
2668 815 2945 883 Evangelii
2993 815 3311 885 auspicatus
3377 809 3538 885 est),
3603 810 3811 881 Hispa-

2195 906 2316 959 nias
2347 906 2540 970 adivit,
2578 906 2642 961 ad
2689 906 3140 976 promnlgandam
3191 906 3300 961 illis
3352 905 3414 960 in
3472 904 3809 970 regionibus

2194 1000 2559 1055 Christianam
2603 999 2784 1052 tidem.
2835 999 2999 1067 Atqui
3050 999 3337 1068 Hispanias
3378 998 3629 1068 petenti,
3674 1013 3806 1064 pero

2194 1092 2425 1162 gendum
2456 1092 2558 1145 fuit
2587 1107 2686 1161 per
2726 1091 3145 1146 celeberrimam
3181 1093 3319 1161 apud
3377 1101 3618 1145 veteres
3656 1088 3804 1144 viam

2195 1183 2343 1238 illam
2374 1183 2675 1254 publicam,
2709 1196 2832 1252 quae
2861 1185 2930 1236 ab
2963 1182 3121 1237 Italia
3160 1198 3255 1251 per
3302 1181 3526 1243 Gallias
3554 1181 3612 1236 in
3642 1180 3808 1235 Baeti-

2194 1292 2315 1332 cam
2348 1277 2519 1347 ipsam
2566 1276 2735 1331 ducit.
2783 1276 2914 1347 Ejus
2951 1275 3375 1344 descriptionem
3420 1275 3664 1331 exhibet
3696 1289 3804 1329 non

2195 1369 2368 1425 solum
2396 1367 2655 1424 Antonini
2685 1368 3036 1423 ltinerarium
3067 1384 3095 1422 a
3139 1367 3314 1422 Nicaea
3346 1383 3451 1437 per
3486 1367 3806 1433 Arelatem,

2193 1462 2526 1526 Narbonem,
2571 1476 2843 1516 sumnmm
2877 1460 3225 1532 Pyrenmnm;
3268 1460 3638 1526 Juncariam,
3672 1459 3811 1516 Bar-

2194 1555 2472 1621 cinonetn,
2522 1564 2577 1608 et
2611 1552 2820 1623 reliqua
2873 1553 3038 1610 loca:
3088 1553 3181 1608 sed
3224 1554 3391 1608 etiam
3425 1552 3664 1618 Strabo,
3711 1554 3805 1624 qui

2194 1645 2385 1700 sedulo
2424 1659 2484 1700 se
2527 1644 2718 1699 habuit
2751 1645 2804 1698 in
2836 1644 2940 1699 viae
2968 1644 3116 1699 illius
3164 1643 3556 1714 explicatione
3588 1660 3605 1702 :
3639 1659 3805 1715 quam

2197 1737 2250 1790 in
2281 1738 2554 1808 plerisque
2582 1735 2851 1806 capitibus
2882 1736 3065 1791 minus
3095 1735 3164 1791 ab
3199 1737 3615 1806 interpretibus
3652 1737 3811 1791 intel-

515 1846 656 1901 erat,
685 1837 752 1891 ab
787 1837 919 1907 ipsis
948 1838 1173 1909 Augusti
1209 1836 1576 1905 temporibus,
1621 1836 1714 1903 qui
1749 1851 1941 1888 novam
1975 1850 2099 1904 pro-
2130 1814 2172 1871 Β
2202 1830 2422 1894 lectam,
2455 1844 2554 1884 nos
2585 1826 2893 1898 patefacere
2928 1830 3111 1885 conati
3167 1845 3358 1884 sumus
3411 1829 3568 1884 libro
3626 1830 3809 1899 primo

515 1930 815 1984 vinciarum
842 1929 1051 1999 imperii
1084 1929 1404 1984 divisionem
1440 1929 1697 1982 instituit.
1754 1914 1979 1982 Anto'vit
2034 1924 2102 1979 ab

515 2021 668 2076 Italia
696 2036 891 2077 nomen
927 2021 1403 2090 Galliarum,quas
1434 2020 1648 2086 objectn
1672 2020 1886 2089 Alpium
1916 2018 2104 2073 termi-

516 2112 701 2177 navit;
759 2112 969 2166 Italiam
1032 2114 1258 2169 solidam
1318 2113 1373 2167 in
1423 2113 1676 2183 regiones
1736 2128 1790 2166 XI
1843 2111 2098 2182 partitus,

516 2205 705 2261 Galliis
728 2206 781 2261 in
805 2215 1035 2274 quatuor
1059 2206 1393 2276 provincias,
1424 2205 1859 2268 Narbonensem,
1888 2201 2104 2272 Lugdu-

517 2312 768 2363 nensem,
804 2296 1111 2368 Belgicam,
1145 2306 1199 2352 et
1222 2296 1608 2366 Aquitanicam
1633 2338 1646 2360 ,
1686 2297 1884 2361 sectis;
1918 2306 1976 2349 ut
2006 2295 2102 2349 do-

516 2398 644 2446 cent
684 2388 906 2454 Strabo,
938 2390 1072 2445 Mela
1105 2401 1158 2445 et
1184 2389 1422 2446 Plinius.
1455 2389 1627 2456 Quam
1660 2390 1931 2444 rationem
1967 2402 2101 2459 quo-

520 2499 627 2551 que
655 2493 876 2539 secutus
911 2493 996 2539 est
1044 2482 1370 2539 Ptolemaeus
1412 2483 1465 2537 in
1502 2484 1617 2539 suis
1657 2482 1894 2547 tabulis,
1943 2490 2000 2534 nt
2047 2490 2099 2534 et

515 2575 861 2642 Ammianus,
918 2592 982 2631 ac
1032 2575 1253 2646 reliqui,
1308 2591 1445 2645 quos
1498 2576 1566 2630 de
1606 2575 1798 2632 Galliis
1849 2582 1904 2629 et
1949 2574 2099 2627 Italia

516 2668 789 2724 disserere
823 2669 1040 2723 occasio
1087 2669 1283 2736 coegit.
1312 2666 1504 2736 Itaque
1546 2683 1651 2722 non
1694 2668 1800 2720 alia
1843 2676 1927 2720 est
1960 2667 2099 2734 apud

520 2759 882 2827 Epiphanium
917 2758 1118 2823 Gallia,
1167 2774 1329 2828 quam
1365 2774 1484 2828 quae
1518 2768 1641 2827 post
1686 2756 1964 2813 Christum
2003 2771 2100 2809 na-

522 2856 632 2898 tum
667 2846 734 2901 ab
763 2848 1016 2902 omnibus
1058 2848 1376 2902 auctoribus
1429 2859 1658 2907 vocatur
1704 2847 1899 2912 Gallia,
1941 2847 2098 2918 juxta

521 2935 724 2993 limites
764 2938 829 2993 ab
860 2940 1106 3009 Angusto
1141 2940 1444 2993 institutos.

589 3027 707 3082 Non
750 3030 922 3083 solum
965 3040 1148 3085 autem
1202 3031 1406 3088 Lucam
1454 3032 1822 3088 adhibuerunt
1865 3030 2097 3101 apostoli

519 3121 588 3176 ad
608 3120 979 3178 inl‘ortnandas
1007 3122 1059 3176 in
1091 3123 1612 3194 religione.Gallias,
1644 3126 1739 3180 sed
1770 3125 1934 3178 etiam
1966 3125 2099 3179 Cre-

519 3225 786 3270 scentem.
840 3215 972 3284 Ejus
1040 3217 1117 3272 rei
1183 3219 1339 3274 testis
1394 3219 1509 3288 ipse
1568 3218 1789 3285 Paulus,
1850 3215 1895 3271 II
1946 3217 2092 3272 Tim.

518 3321 598 3377 tv,
630 3308 717 3377 qui
748 3309 972 3364 missum
1006 3308 1173 3365 fuisse
1203 3311 1359 3366 docet
1384 3311 1735 3367 Crescentem
1769 3312 1821 3365 in
1845 3310 2096 3365 Galliam.

519 3400 743 3458 Certum
779 3402 997 3472 quidem
1044 3413 1128 3458 est
1160 3404 1365 3457 variam
1411 3403 1580 3458 fuisse
1623 3403 1783 3471 hujus
1822 3404 1923 3457 loci
1962 3403 2101 3457 Pan-

521 3492 615 3547 lini
645 3492 956 3553 lectionem.
994 3494 1158 3549 etiam
1203 3496 1343 3564 apud
1391 3504 1622 3548 veteres.
1680 3494 1889 3549 Etenim
1925 3492 2100 3564 Chryr

519 3596 791 3641 sostomns
825 3595 881 3640 et
921 3585 1296 3641 Theodoretus
1325 3588 1469 3654 apud
1515 3585 1768 3652 Grmcos;
1833 3586 2101 3655 angatns

523 3679 812 3747 interpres,
851 3688 906 3733 et
932 3679 1339 3734 Ambrosiaster
1366 3679 1505 3746 apud
1538 3678 1797 3744 Latinos,
1850 3676 2100 3746 legerunt

523 3765 813 3831 Galatiam,
858 3783 961 3823 non
1003 3778 1180 3823 autem
1223 3767 1478 3823 Galliam.
1541 3766 1647 3823 Sed
1694 3767 2006 3821 vetustioris
2048 3774 2103 3820 et

524 3859 756 3914 verioris
802 3860 1052 3916 lectionis
1082 3862 1351 3916 vindicem
1403 3860 1670 3916 habemus
1714 3859 2099 3928 Ep-iphanintn,

525 3953 616 4021 qui
648 3962 964 4008 constanter
989 3954 1187 4009 scribit
1223 3956 1275 4006 in
1326 3953 1518 4008 hmresi
1570 3967 1622 4007 LI
1659 3967 1753 4007 eos
1780 3965 1970 4005 errare
2007 3950 2099 4018 qui

526 4042 631 4097 hoc
667 4042 782 4097 loco
829 4041 980 4097 Pauli
1010 4042 1278 4095 Galatiam
1327 4043 1547 4112 legunt.
1584 4059 1705 4097 cum
1749 4042 2098 4096 scribendum

527 4134 719 4189 doceat
769 4132 1019 4187 Galliam.
1066 4134 1139 4188 Οὐ
1189 4134 1298 4206 γὰρ
1327 4137 1383 4187 ὲν
1412 4139 1476 4209 τῇ
1525 4135 1789 4205 Γαλατίᾳ,
1838 4133 1915 4196 ὣς
1956 4151 2102 4201 τινες

530 4224 900 4297 πλανηθέντες
940 4224 1275 4295 νομίζουσιν.
1325 4225 1463 4282 ἀλλὰ
1512 4229 1568 4280 ὲν
1622 4226 1845 4298 Γαλλίᾳ.
1901 4225 2099 4279 Eodem

529 4323 688 4371 modo
754 4317 966 4376 cancris
1022 4319 1297 4386 antiquior
1343 4318 1610 4373 Eusebius
1679 4328 1802 4373 tnns
1859 4318 1991 4386 legit
2048 4318 2100 4373 in

528 4407 717 4463 codice
752 4407 904 4462 Pauli
936 4407 1203 4477 Calliam,
1240 4412 1692 4479 quemadmodum
1747 4412 2099 4482 Epiphanius,

529 4502 576 4558 si
623 4510 770 4557 recte
817 4504 982 4557 verba
1041 4501 1158 4571 ejus
1214 4504 1616 4572 cxpendantur,
1683 4512 1737 4556 et
1780 4519 1906 4557 vera
1957 4502 2095 4572 apud
2133 4529 2180 4583 υ

528 4605 808 4651 auctorem
839 4593 990 4647 illum
1026 4592 1188 4650 lectio
1217 4595 1515 4648 retineatur
1545 4609 1609 4647 ex
1648 4592 1867 4660 Ilulino,
1898 4603 1953 4646 et
1985 4609 2103 4647 om-

526 4686 687 4741 nibus
717 4685 995 4741 codicibus
1028 4701 1185 4752 mss.,
1223 4695 1281 4739 nt
1303 4696 1356 4738 tu
1388 4685 1591 4741 diserte
1616 4686 1896 4740 monuisti.
1928 4684 2105 4739 Theo-

528 4776 747 4830 doretus
792 4791 963 4844 sane,
1010 4778 1100 4846 qui
1136 4774 1367 4830 Galatiae
1391 4775 1687 4831 dictionem
1731 4775 1784 4828 in
1842 4784 2103 4830 contextu

527 4865 681 4925 Pauli
739 4869 958 4935 retinet,
994 4867 1119 4924 licet
1168 4869 1236 4924 de
1282 4867 1494 4924 Galatia
1548 4867 1790 4922 Asiatica
1836 4869 2106 4936 potuisset

529 4960 675 5015 illam
701 4961 970 5031 accipere,
1010 4958 1201 5013 maluit
1224 4960 1291 5014 ad
1325 4957 1553 5014 Galliam
1590 4965 1831 5011 nostram
1861 4997 1877 5022 ,
1920 4956 1973 5010 id
2023 4966 2107 5011 est

529 5053 595 5107 ad
624 5051 892 5110 Galatiam
920 5050 1316 5106 occidentalem
1347 5050 1571 5106 referre.
1607 5048 1760 5104 Adeo
1809 5058 1957 5103 certa
1984 5055 2104 5102 erat

529 5144 670 5214 apud
697 5158 889 5198 omnes
920 5153 1157 5207 veteres,
1185 5142 1497 5197 Crescentis
1543 5141 1600 5197 in
1633 5140 1807 5198 Gallia
1843 5142 2107 5211 praedica-

532 5238 626 5290 tio.
664 5234 719 5290 In
750 5251 859 5305 quo
885 5252 1008 5289 cum
1041 5236 1321 5290 veteribus
1367 5233 1606 5291 Usuardi
1634 5244 1690 5289 et
1721 5235 1930 5288 Adonis
1966 5232 2109 5287 Mar-

532 5330 814 5403 tyrologiis
845 5330 1203 5393 conveniunt;
1250 5329 1341 5399 qui
1394 5338 1515 5397 post
1541 5329 1699 5381 tidem
1743 5343 1772 5382 a
1812 5325 2107 5381 Crescente

531 5425 584 5477 in
631 5422 821 5480 Galliis
843 5421 1261 5492 promulgatam,
1307 5421 1606 5476 meminere
1647 5420 1851 5475 reditus
1883 5418 2027 5474 illius
2054 5419 2105 5473 in

528 5516 797 5572 Galatiam
832 5514 1151 5571 Asiaticam.

602 5606 893 5662 Enimvero
931 5607 1060 5676 quid
1106 5615 1276 5665 vetat,
1330 5603 1457 5675 quin
1499 5603 1660 5659 Luete
1706 5613 1761 5659 et
1804 5601 2105 5670 Crescenti,

532 5698 766 5754 assiduis
808 5697 960 5753 Pauli
1006 5698 1317 5762 comitibus,
1368 5696 1730 5769 adjnngamns
1769 5706 1826 5751 et
1880 5695 2105 5750 Paulum

532 5789 707 5860 ipsum
738 5792 1071 5862 apostolum,
1097 5791 1212 5862 qui,
1240 5791 1477 5847 testibus
1508 5788 1747 5858 Crzccis,
1784 5788 2105 5856 Athanasio,

2203 1919 2498 1975 Cutatonia:
2542 1920 2849 1987 illustratur,
2886 1920 3041 1991 cujus
3086 1921 3385 1977 editionem
3427 1931 3804 1976 maturamns.

2203 2014 2317 2068 Non
2358 2015 2509 2071 iners
2563 2014 2666 2070 l'uit
2699 2015 2899 2070 Paulus
2955 2016 3008 2070 in
3056 2014 3252 2070 Galliis
3293 2014 3656 2080 erudiendis,
3713 2014 3805 2083 qui

2201 2107 2444 2176 gentium
2496 2107 2726 2162 salutem
2753 2107 2856 2162 sibi
2890 2104 3206 2176 specialiter
3240 2110 3611 2162 commissam
3634 2149 3652 2174 ,
3692 2116 3803 2161 tam

2200 2199 2452 2270 ﬂagranti
2487 2201 2671 2255 studio
2709 2200 3027 2271 peragratis
3063 2201 3381 2271 regionibus
3426 2202 3805 2270 undequaquo

2199 2292 2526 2363 procurabat
2557 2310 2573 2351 :
2606 2308 2712 2363 qua
2737 2293 2806 2348 de
2840 2306 2898 2347 re
2929 2293 3114 2348 statim
3147 2293 3369 2349 uberius
3403 2308 3667 2364 agentns.

2269 2381 2565 2438 Possumus
2593 2399 2808 2454 quoque
2853 2382 3085 2454 Philippi
3117 2384 3345 2451 apostoli
3380 2400 3624 2453 operam
3677 2382 3806 2438 Gal-

2200 2473 2287 2533 liis
2318 2474 2596 2529 vindicare
2627 2514 2642 2540 ,
2692 2475 2935 2545 ipsisque
2968 2475 3270 2530 Britanniis
3298 2515 3313 2541 ,
3346 2490 3421 2530 ex
3457 2478 3674 2531 Isidoro
3713 2476 3804 2530 Hi-

2198 2564 2455 2632 spalensi,
2485 2564 2579 2618 lib.
2615 2563 2689 2618 De
2729 2566 2833 2619 vita
2857 2575 2906 2619 et
2947 2579 3114 2618 morte
3155 2578 3470 2621 sanctorum
3500 2608 3516 2632 ,
3546 2584 3672 2638 Cap.
3713 2567 3802 2623 74.

2199 2657 2478 2727 Philippus
2528 2657 2702 2712 Gallis
2754 2659 3013 2728 prtedicat
3074 2655 3381 2724 Christum;
3432 2659 3801 2730 barbarasque

2197 2762 2371 2821 gentes
2402 2752 2702 2820 vicinasque
2736 2753 2964 2807 tenebris
2987 2791 3002 2816 ,
3045 2763 3092 2805 et
3135 2751 3359 2804 tumenti
3406 2751 3636 2807 Oceano
3670 2769 3801 2805 con-

2189 2845 2430 2915 junctus,
2454 2845 2524 2899 ml
2551 2846 2789 2901 scientiae
2821 2844 2998 2898 lumen
3027 2846 3255 2915 ﬁdeique
3292 2856 3515 2913 portum
3549 2846 3791 2899 deducit.

2197 2938 2471 3007 Additqne
2521 2938 2627 2993 hoc
2658 2950 2886 2992 munere
2936 2934 3281 3004 perfunctum
3331 2935 3661 3021 Philippum
3689 2977 3705 3003 ,
3742 2938 3793 2988 in

2196 3026 2485 3101 Phrygiam
2523 3029 2828 3101 migrasse,
2872 3028 2963 3083 ubi
3006 3026 3282 3097 Hierapoli
3332 3029 3631 3085 occubuit.
3686 3027 3794 3082 Sed

2201 3123 2455 3188 quoniam
2487 3121 2633 3175 hunc
2674 3119 2973 3189 apostolum
3022 3117 3195 3174 Gallis
3232 3134 3461 3190 quoque
3486 3160 3502 3185 ,
3545 3129 3659 3174 tum
3696 3117 3798 3170 Bst-

2205 3215 2408 3279 l’OttittS,
2444 3224 2557 3268 tum
2583 3229 2647 3268 eo
2678 3214 2815 3268 duce
2843 3213 2932 3267 alii
2962 3214 3289 3268 subtrahere
3321 3223 3630 3277 conantur,
3666 3227 3796 3265 nar-

2203 3311 2467 3363 rationem
2500 3308 2657 3361 istam
2693 3306 2758 3359 ad
2810 3305 3033 3362 Galatas
3082 3306 3356 3360 Asiaticos
3404 3305 3795 3368 traducendo,

2204 3416 2308 3454 non
2360 3399 2564 3468 pigebit
2597 3400 2696 3451 viri
2744 3399 3098 3453 eruditissimi
3127 3438 3143 3462 ,
3197 3398 3328 3453 licet
3376 3413 3407 3453 e
3462 3408 3793 3453 novatorum

2204 3506 2384 3561 grege,
2425 3490 2630 3545 Usserii
2666 3491 2999 3545 Armachani
3035 3494 3195 3546 verba
3229 3491 3319 3545 hic
3358 3492 3745 3545 transcribere
3768 3505 3796 3542 e

2204 3600 2325 3653 cap.
2390 3600 2428 3637 lt
2486 3582 2549 3635 de
2572 3581 2978 3652 Antiquitatibus
3033 3585 3395 3640 Ecclesiarum
3450 3584 3797 3639 Britannica-

2206 3692 2319 3728 rum
2346 3692 2364 3729 :
2391 3675 2544 3741 Quod
2569 3688 2740 3729 autem
2783 3677 2846 3730 de
2879 3675 3113 3743 Philippi
3149 3678 3203 3729 in
3250 3674 3441 3730 Galliis
3487 3675 3796 3742 apostolatu

2205 3766 2359 3819 habet
2389 3763 2670 3831 Freculfus
2711 3784 2741 3818 α
2773 3765 3234 3820 Malmesburiensi
3262 3768 3568 3826 citatus.”
3596 3752 3814 3820 lsirlori'

2216 3859 2351 3912 libro
2394 3859 2469 3913 De
2503 3859 2757 3913 Patribns
2797 3862 3086 3929 utriusque
3116 3859 3456 3914 Testatnenti
3482 3900 3500 3926 ,
3539 3877 3661 3928 cap.
3697 3857 3792 3917 74.

2205 3952 2274 4004 ad
2302 3954 2508 4006 verbum
2537 3951 2813 4020 expressit.
2850 3950 3006 4018 Apud
3041 3961 3319 4017 utrumque
3342 3952 3484 4006 enim
3516 3954 3739 4023 legimus
3774 3967 3792 4005 :

2216 4061 2234 4094 ι
2281 4043 2586 4111 Philippum
2619 4041 2787 4097 Gallis
2825 4044 3141 4112 pra’dicasse
3182 4043 3475 4107 Christum,
3510 4044 3795 4097 barbarus-

2204 4151 2302 4205 que
2340 4145 2516 4205 gentes
2540 4175 2556 4202 ,
2587 4135 2888 4207 vicinasque
2931 4138 3186 4202 tenebris,
3237 4147 3284 4190 et
3315 4139 3543 4190 tumenti
3582 4136 3794 4190 Oceano

2206 4227 2513 4298 conjunctas
2534 4269 2549 4293 ,
2582 4228 2653 4281 ad
2679 4228 2916 4283 scientia:
2970 4228 3138 4281 lucem
3182 4228 3413 4297 ﬁdeique
3460 4241 3672 4297 portum
3705 4230 3788 4279 de-

2206 4318 2441 4372 duxisse.
2470 4336 2489 4369 ι
2533 4315 2716 4388 Neque
2734 4318 2818 4371 hic
2849 4317 2976 4370 mihi
3008 4316 3230 4370 Barouii
3256 4315 3565 4384 conjectura
3599 4315 3791 4384 placet,

2207 4409 2409 4465 Isidori
2454 4412 2556 4464 ista
2604 4428 2635 4465 a
2674 4409 2844 4466 Gallis
2897 4409 3089 4464 nostris
3140 4409 3207 4462 ad
3246 4407 3473 4462 Galatas
3527 4409 3793 4462 Asiaticos

2205 4504 2528 4556 traducentis
2558 4516 2578 4555 :
2600 4504 2868 4573 multoque
2898 4504 3077 4555 minus
3116 4500 3302 4568 nuperi
3336 4518 3557 4565 operum
3592 4497 3793 4553 Isidori

2207 4594 2445 4660 editoris,
2473 4592 2661 4647 Jacobi
2693 4593 2897 4647 Breulii
2920 4594 3187 4646 temeritas
3211 4633 3226 4656 ,
3256 4591 3467 4647 Galatis
3490 4608 3589 4660 pro
3619 4590 3791 4646 Gallis

2208 4682 2263 4735 in
2298 4684 2409 4749 ipso
2446 4692 2596 4736 textu
2641 4682 2777 4755 (siue
2802 4683 2911 4736 ulla
2936 4683 3122 4736 veteris
3150 4683 3389 4735 lectionis
3414 4695 3790 4735 commemora-

2208 4770 2370 4842 tione)
2400 4774 2716 4841 reponentis.
2757 4769 2898 4824 Nam
2922 4782 3274 4842 pra-terquem
3297 4774 3439 4838 quod
3467 4771 3711 4825 Isidorus
3734 4767 3789 4821 in

2207 4866 2304 4919 hoc
2325 4866 2437 4927 ipso
2470 4882 2644 4933 apere,
2674 4882 2789 4935 cap.
2821 4864 2910 4931 82,
2949 4873 2998 4917 et
3028 4866 3080 4918 in
3114 4864 3303 4919 Ollicio
3334 4863 3596 4919 Toletano
3627 4860 3787 4933 (quod

2208 4957 2487 5013 Gothicam
2518 4968 2567 5012 et
2607 4957 2957 5012 Mazarabum
2996 4958 3151 5028 vulgo
3185 4958 3530 5029 appellatur),
3564 4958 3789 5025 iteman

2206 5049 2459 5105 Julianus
2495 5050 2777 5104 Toletanns
2829 5050 3255 5118 archiepiswpus
3296 5051 3353 5103 in
3400 5047 3617 5102 Nahum
3657 5061 3783 5116 pro-

2206 5151 2418 5218 phetam
2445 5149 2699 5215 scribens,
2733 5158 2780 5201 et
2821 5145 2969 5199 Beda
3001 5146 3098 5216 (vel
3126 5148 3423 5217 quicunque
3471 5153 3660 5199 auctor
3684 5139 3784 5209 fuit

2210 5238 2681 5294 Collectaneorum
2729 5250 2782 5293 et
2816 5236 3061 5311 Florum)
3103 5238 3347 5308 Philippo
3379 5237 3607 5293 Galliam
3646 5229 3783 5286 assi—

2208 5342 2369 5401 gnant
2396 5348 2415 5385 :
2469 5332 2706 5399 idemque
2731 5330 2898 5385 Gallis
2932 5330 3318 5399 prmdicavisse
3344 5329 3620 5385 Christum
3653 5321 3784 5394 legi—

2210 5435 2296 5474 tur
2329 5422 2380 5473 in
2402 5421 2579 5474 libello
2614 5420 2687 5475 De
2715 5422 2865 5475 festis
2890 5418 3285 5490 apostolorum,
3314 5422 3407 5489 qui
3435 5423 3489 5473 in
3518 5406 3805 5483 Hierony?

2208 5513 2388 5565 miauo
2431 5509 2816 5580 Martyrologio
2857 5526 2956 5563 ms.
3001 5510 3225 5562 habetur
3264 5510 3349 5580 (ea:
3391 5526 3493 5578 quo
3538 5506 3782 5574 pleraque

2210 5605 2386 5657 omnia
2409 5605 2464 5655 in
2498 5602 2690 5655 librum
2714 5619 2868 5656 suum
2896 5604 2968 5658 De
3000 5601 3256 5657 Patribns
3280 5601 3413 5657 Novi
3450 5593 3778 5655 Testatnenti

2211 5693 2543 5761 transcripsi!
2599 5689 2934 5764 Isidorus):
2979 5692 3075 5744 illa
3130 5692 3477 5745 barbararum
3541 5685 3771 5757 gentium

2214 5785 2421 5841 Oceano
2453 5787 2855 5854 euujunclarum
2884 5785 3094 5851 mentio,
3122 5781 3408 5852 Europam:
3444 5779 3646 5844 Gallos,
3676 5788 3777 5829 non
