3966 6264
239 359 300 417 ΞΒ
1223 362 1562 419 EPISTULA
1602 365 1691 419 AD
1730 364 2090 421 HENRICUM
2131 366 2503 425 VALESIUM.
3422 376 3492 429 54

244 476 607 535 (ἐσΗο-(ἱτατω
646 482 715 533 ab
756 481 987 537 Isidoro
1024 486 1315 540 intellectas
1352 504 1461 542 esse
1493 490 1625 542 satis
1670 489 1810 541 euin-
1842 488 1991 550 Ales
2016 531 2028 555 ,
2066 492 2154 543 sed
2190 503 2361 544 tamen
2393 494 2555 546 uirtus
2588 492 2890 548 traditionis
2924 511 3030 549 una
3076 505 3127 550 et
3159 498 3339 552 eadem
3385 509 3486 557 est.

246 574 325 627 cit.

309 660 388 715 His
421 661 838 731 adjungendum
885 667 1073 735 putavi
1126 666 1491 721 testimonium
1554 670 1812 725 vetustis-

246 759 345 811 εῐιιιι
376 756 574 809 codicis
604 758 975 825 manuscripti
1004 773 1069 811 ex
1089 758 1409 812 bibliotheca
1447 760 1636 814 Sancti
1670 760 1809 815 Ger-

241 848 364 900 mani
396 846 755 913 Parisiensis,
796 850 850 903 in
877 866 985 919 quo
1020 852 1120 904 iste
1155 860 1423 906 tractatus
1453 850 1639 906 Isidori
1688 863 1813 908 ante

236 942 559 1009 octingentos
608 958 787 996 annos
817 942 1147 1011 descriptus.
1202 960 1305 997 una
1339 961 1460 999 cum
1510 947 1632 1000 aliis
1659 947 1808 1015 ejus-

232 1034 338 1084 dem
367 1034 614 1087 auctoris
650 1036 809 1088 libris
861 1038 1191 1101 continetur,
1241 1037 1328 1089 ubi
1391 1039 1607 1107 antiqua
1645 1040 1807 1092 lectio

229 1128 585 1181 disertissime
634 1128 855 1195 przel‘ert
888 1128 1190 1198 Philippum
1241 1128 1410 1183 Collis
1440 1132 1764 1195 przedicasse
1790 1174 1804 1200 ,

226 1222 686 1286 quemadmodum
719 1238 841 1290 cap.
869 1221 960 1285 82,
996 1223 1227 1276 habetur
1258 1222 1489 1276 Galliam
1533 1224 1607 1276 illi
1639 1223 1807 1278 fuisse

223 1312 579 1378 assignatam.
608 1312 722 1366 Nec
737 1314 1186 1368 dissimulandum
1213 1316 1371 1368 estin
1403 1315 1589 1369 eodem
1619 1317 1805 1370 codice

221 1404 314 1470 legi
335 1445 349 1466 ,
378 1404 707 1472 "irplllliilln
744 1405 949 1461 Jacobo
978 1404 1679 1477 apostoIOdatam,eutuque
1713 1408 1805 1462 lli-

219 1498 399 1565 spauis
452 1498 618 1551 ﬁdem
673 1500 1015 1568 praedicasse.
1049 1501 1179 1567 Qua:
1211 1511 1407 1555 vetusti
1447 1501 1652 1555 codicis
1703 1517 1801 1555 au-

218 1592 440 1643 ctoritas
475 1608 505 1644 a
541 1593 872 1661 quibusdam
908 1605 1225 1662 conceptam
1280 1594 1645 1660 suspicionem
1688 1594 1803 1645 exi-

219 1698 361 1734 mere
391 1685 563 1736 debet
593 1684 801 1737 vitiata:
831 1684 1040 1738 l'orteau
1087 1686 1206 1739 loco
1239 1686 1291 1738 io
1328 1687 1423 1739 illo
1466 1686 1716 1739 lectionis
1745 1686 1798 1739 in

218 1777 493 1843 prioribus
543 1776 881 1833 editiouibus
916 1781 983 1831 ab
1031 1778 1218 1847 aliquo
1266 1778 1627 1847 ilispauarum
1679 1795 1802 1846 par-

219 1866 347 1917 tium
382 1866 658 1919 studioso.
714 1867 1061 1937 Disceptatur
1095 1871 1312 1940 quidem
1363 1872 1503 1939 apml
1556 1872 1799 1923 eruditos

221 1958 281 2008 de
313 1955 504 2011 Jacobi
559 1959 611 2012 iu
657 1959 970 2030 Hispaniam
1015 1965 1245 2017 adventu
1276 2004 1289 2025 ,
1323 1980 1386 2016 ex
1434 1981 1500 2018 eo
1531 1965 1799 2033 prtecipue

221 2054 428 2119 capite,
470 2054 618 2120 quod
651 2055 879 2121 apostoli
930 2056 1162 2109 nondum
1213 2074 1241 2110 a
1286 2056 1467 2111 Jttdzctt
1498 2098 1511 2120 ,
1562 2058 1799 2112 sortibus

224 2146 320 2197 sibi
354 2146 501 2213 apud
552 2156 744 2215 gentes
782 2147 1109 2215 prazdiraudi
1162 2149 1469 2203 disuibutis
1498 2190 1511 2211 ,
1540 2149 1797 2202 recessis-

225 2242 359 2287 sent.
406 2235 517 2287 Sed
556 2237 1015 2304 quemadmodum
1064 2242 1386 2293 auctoritate
1439 2238 1621 2292 l‘itlﬂri
1648 2278 1664 2304 ,
1700 2243 1791 2309 qui

226 2342 316 2378 sua
345 2342 408 2377 ex
460 2328 744 2393 prioribus
777 2328 996 2381 haurire
1044 2335 1237 2397 potuit,
1282 2346 1338 2382 se
1392 2329 1519 2382 tueri
1562 2335 1784 2396 possunt

228 2418 434 2484 llispaui
482 2419 747 2472 adversiis
787 2420 1059 2487 opinionis
1083 2418 1323 2473 conﬁcta:
1350 2421 1635 2477 novitatem
1667 2436 1787 2491 quae

225 2512 320 2563 illis
367 2512 571 2578 Opponi
606 2512 784 2575 solet,
835 2514 905 2564 ita
940 2513 1094 2567 nobis
1137 2513 1204 2565 de
1251 2515 1497 2583 Philippo
1526 2516 1791 2569 disserere

224 2603 374 2665 licet,
407 2619 477 2657 eo
532 2612 716 2657 tamen
765 2605 1053 2669 securius,
1109 2606 1251 2674 quod
1296 2607 1437 2659 illius
1484 2608 1796 2674 praedicatio

220 2696 349 2765 apud
376 2694 591 2750 Gallias
639 2713 761 2751 cum
798 2699 1001 2751 incidat
1052 2708 1171 2768 post
1203 2699 1543 2752 sortitionem
1576 2700 1796 2766 provin-

217 2788 422 2840 ciarum
455 2789 526 2841 ab
573 2788 840 2856 apostolis
875 2788 1071 2842 factam
1101 2830 1114 2853 ,
1145 2790 1313 2843 libera
1349 2800 1433 2843 est
1463 2788 1531 2841 ab
1568 2806 1633 2842 eo
1666 2788 1793 2853 telo,

218 2894 315 2945 quo
343 2880 668 2945 prmdicatio
710 2877 898 2934 Jacobi
929 2881 1068 2948 apud
1102 2879 1371 2949 Hispanos
1400 2880 1589 2949 impeli
1635 2882 1791 2933 solet.

216 2969 481 3022 ueterum
543 2971 675 3023 illttd
730 2969 831 3023 fuit
886 2971 1253 3037 apostolorum
1310 2972 1688 3040 propositum,
1739 2978 1796 3022 ut

214 3077 653 3129 quaquaversum
701 3062 848 3115 orbis
885 3070 1073 3130 patet,
1129 3063 1475 3130 Evangelium
1523 3062 1793 3116 diliuude-

214 3164 349 3215 rent,
388 3169 457 3205 ex
496 3156 757 3205 mandato
782 3153 1008 3207 Christi.
1041 3154 1219 3220 Quare
1244 3194 1259 3217 ,
1294 3167 1351 3208 ut
1382 3156 1583 3224 optime
1626 3156 1791 3209 aduo-

214 3246 331 3296 lat-it
355 3242 655 3305 Eusebius.
684 3244 774 3299 lib.
802 3260 861 3299 tu
898 3245 1186 3299 Demonstr.
1217 3245 1415 3314 Evang.
1454 3262 1571 3316 cap.
1600 3247 1657 3311 5,
1687 3264 1791 3300 non

212 3338 377 3388 solum
420 3336 659 3390 Romam
698 3347 861 3406 caput
907 3339 1144 3406 imperii,
1175 3349 1336 3407 atque
1364 3338 1639 3392 Romanas
1668 3355 1790 3407 pro-

211 3427 433 3488 vuicias,
465 3428 564 3480 sed
597 3428 764 3480 etiam
796 3428 899 3479 alia
937 3444 1118 3496 regna.
1140 3438 1252 3483 tum
1291 3429 1651 3495 Parthorum,
1681 3440 1789 3483 tum

213 3518 593 3571 Armeniorum
625 3558 641 3581 ,
695 3519 1023 3589 Scytharum
1050 3562 1063 3585 ,
1101 3522 1350 3573 ludorum
1381 3562 1396 3585 ,
1430 3521 1746 3589 Ethiopuut
1772 3562 1788 3585 ,

213 3612 421 3679 ipsimet
452 3613 939 3679 prwdicatiouibus
971 3615 1081 3667 suis
1110 3615 1463 3667 instituerunt
1497 3632 1509 3667 :
1545 3616 1684 3668 adeo
1712 3626 1787 3679 ut,

211 3706 673 3772 quemadmodum
728 3706 1006 3773 subjungit
1056 3705 1315 3758 Eusebius
1346 3743 1363 3769 ,
1407 3705 1538 3771 ipsis
1588 3722 1790 3773 quoque

216 3797 536 3850 Britannicis
574 3799 789 3862 insulis,
832 3796 1096 3850 Oceanum
1127 3800 1449 3865 prtelerrecti
1478 3838 1492 3862 ,
1532 3800 1656 3866 ﬁdei
1704 3799 1790 3849 lu-

215 3906 319 3941 men
346 3889 660 3941 intulerint.
706 3891 852 3941 Sane
888 3889 1159 3941 nemiuem
1192 3899 1315 3956 puta
1352 3898 1458 3939 tam
1500 3889 1787 3955 insipiduut

216 3982 300 4047 qui
350 3982 455 4034 sibi
487 3982 859 4049 persuadeat,
894 3986 959 4033 de
988 3981 1175 4033 tli\isis
1216 3991 1327 4033 toto
1355 3981 1485 4033 orbe
1516 3980 1790 4033 Britannis

217 4070 473 4124 Sollicitos
500 4071 779 4138 apostolos
807 4110 823 4132 ,
856 4068 1274 4137 neglige-tutiores
1307 4069 1472 4121 fuisse
1506 4070 1556 4121 iu
1590 4068 1788 4124 Galliis

219 4178 306 4229 per
334 4179 472 4229 quas
512 4163 619 4215 iter
650 4171 731 4215 est
787 4164 853 4215 ad
889 4161 1223 4225 Britannias,
1253 4178 1348 4229 per
1376 4178 1433 4214 se
1463 4176 1555 4214 aut
1589 4179 1685 4230 per
1715 4163 1790 4214 Ic-

221 4267 366 4317 gaios
394 4254 635 4306 veritate
668 4252 991 4303 imbuendis.
1032 4252 1184 4315 Quod
1227 4252 1441 4319 egregie
1471 4253 1541 4303 illi
1578 4255 1789 4320 pra-sti-

222 4352 395 4398 teruut
443 4360 542 4413 per
586 4343 892 4411 Philippum
926 4382 941 4405 ,
975 4359 1139 4395 unum
1184 4360 1248 4396 ex
1298 4360 1485 4397 eorttm
1523 4346 1786 4414 collegio,

222 4431 439 4504 Lucam,
465 4436 819 4490 Crescentem
845 4475 859 4496 ,
890 4435 1278 4501 Throphimum
1307 4476 1322 4500 ,
1362 4435 1609 4500 Paulum,
1646 4437 1789 4491 Mar-

1916 581 1985 635 Et
2013 592 2174 651 neque
2208 585 2288 635 lue
2315 600 2433 655 qua:
2464 585 2519 638 in
2546 583 2836 639 Germania
2876 588 3116 655 fundata:
3146 602 3265 643 sunt
3313 590 3489 646 Eccle-

1912 674 2038 739 siae,
2075 674 2232 726 aliter
2269 675 2527 739 credunt,
2568 688 2659 728 aut
2691 676 2849 729 aliter
2889 680 3106 731 tradunt
3143 693 3161 731 :
3204 696 3366 751 neque
3401 681 3485 736 Ita:

1911 781 2031 834 quw
2062 767 2114 818 in
2149 765 2314 819 Iberis
2340 779 2460 819 sunt
2490 807 2505 833 ,
2555 785 2718 838 neque
2744 769 2824 822 Ita:
2857 787 2974 840 qua:
2996 771 3049 823 in
3083 770 3267 839 Celtis,
3322 791 3487 843 neque

1912 855 1993 907 Ita:
2016 872 2131 925 qua'
2158 858 2211 909 in
2255 856 2488 921 Oriente,
2510 875 2671 928 neque
2697 860 2783 912 ha:
2812 878 2929 925 qua:
2953 864 3007 915 in
3032 862 3289 932 Egypto,
3323 882 3486 936 neque

1909 948 1991 999 Ita:
2018 964 2136 1013 qua'
2168 949 2221 1000 in
2260 948 2462 1018 Libya,
2519 966 2679 1017 neque
2723 952 2805 1003 Ita:
2842 969 2960 1021 qua:
3002 954 3056 1005 in
3096 956 3264 1007 medio
3300 957 3483 1010 mundi

1910 1048 2034 1091 sunt
2065 1042 2382 1095 constitutas.
2416 1041 2520 1095 Sed
2558 1045 2695 1097 sicut
2736 1043 2815 1097 sol
2855 1055 3099 1099 oreatura
3136 1046 3236 1099 Dei
3271 1048 3325 1100 in
3370 1050 3485 1102 uni‘

1909 1146 2055 1183 uerso
2088 1135 2281 1183 mundo
2306 1150 2439 1186 unus
2468 1146 2512 1185 et
2552 1136 2686 1188 idem
2738 1147 2833 1199 est,
2870 1138 2946 1189 sic
2985 1148 3032 1189 et
3066 1140 3240 1191 lumen
3273 1150 3318 1192 et
3347 1157 3483 1208 pne-

1908 1226 2105 1277 tlicatio
2135 1226 2370 1277 veritatis
2388 1227 2576 1294 ubique
2605 1228 2763 1290 lucet,
2791 1238 2838 1280 et
2871 1229 3140 1284 illuminat
3181 1247 3355 1283 omnes
3385 1233 3481 1285 Ito-

1906 1319 2074 1371 mincs
2096 1320 2185 1382 qui
2209 1319 2384 1372 volunt
2412 1321 2481 1371 ad
2513 1322 2861 1389 cognitionem
2894 1322 3129 1375 veritatis
3155 1328 3348 1377 venire.
3384 1323 3476 1378 Illa

1909 1419 2273 1476 tempestate,
2326 1411 2635 1465 Germania:
2688 1414 2903 1481 quidem
2952 1423 3005 1467 et
3057 1412 3308 1484 Hispanis
3351 1431 3480 1471 suas

1906 1497 2176 1553 Ecclesias
2211 1501 2379 1553 nostri
2414 1500 2715 1555 liberaliter
2766 1503 2972 1571 absque
3002 1504 3104 1559 ulla
3134 1508 3479 1563 restrictione

1905 1590 2222 1654 concedent,
2254 1592 2347 1645 sed
2379 1593 2818 1662 digladiabuntur
2861 1596 2925 1650 de
2957 1595 3123 1651 Celtis
3153 1608 3340 1651 contra
3371 1601 3480 1653 Ire-

1904 1698 2077 1736 nazum
2116 1702 2129 1737 :
2161 1684 2250 1751 qui
2286 1684 2616 1753 generaliter
2641 1701 2763 1739 cum
2801 1688 2871 1740 sit
2916 1686 3128 1743 locutus
3174 1689 3238 1743 de
3268 1689 3431 1744 Celtis
3460 1732 3475 1755 ,

1902 1774 2019 1841 ejus
2051 1777 2375 1830 sententiam
2407 1778 2472 1830 ad
2507 1778 2795 1847 Speeialem
2834 1788 3064 1833 tractum
3101 1778 3361 1849 Lugduno
3397 1783 3480 1836 vi-
3566 1770 3571 1775 ’

1902 1868 2078 1920 cinum
2109 1868 2371 1923 invidiose
2398 1872 2746 1925 coercebunt.
2780 1872 2934 1925 Absit
2964 1871 3103 1925 livor
3144 1874 3244 1927 iste
3274 1890 3302 1927 a
3344 1874 3473 1929 Cal-

1902 1956 2073 2011 lorum
2109 1961 2417 2027 pectoribus
2444 2002 2458 2024 ,
2505 1978 2676 2029 neque
2702 1965 2879 2032 gentis
2908 1964 3097 2017 honori
3130 1981 3324 2020 manus
3359 1971 3475 2021 vio-

1901 2048 2074 2103 lentas
2106 2051 2367 2117 inferant,
2405 2056 2494 2107 cui
2540 2058 2708 2108 exteri
2746 2068 3013 2124 parcunt,
3053 2073 3218 2126 seque
3249 2060 3472 2114 multum

1900 2144 2178 2197 venditant
2211 2160 2277 2199 eo
2309 2147 2526 2200 nomine
2556 2190 2569 2214 ,
2605 2151 2745 2215 quod
2779 2152 2927 2218 paria
2962 2151 3239 2204 nobiscum
3276 2150 3477 2204 facian'

1900 2240 1951 2293 in
2003 2239 2124 2292 lidei
2160 2249 2427 2308 susceptio
2463 2239 2651 2295 initiis.
2690 2240 2832 2293 Sane
2867 2256 2973 2308 quo
3012 2242 3062 2292 iu
3099 2252 3243 2295 statu
3286 2250 3432 2295 esset

1899 2331 2080 2384 lrenasi
2112 2338 2269 2384 artate
2297 2372 2311 2394 ,
2342 2329 2473 2383 ﬁdes
2503 2331 2812 2385 Christiana
2851 2334 2991 2399 apud
3025 2332 3211 2387 Gallos
3234 2375 3248 2397 ,
3284 2334 3373 2387 ille
3402 2335 3477 2387 fa-

1894 2420 1995 2472 cile
2026 2420 2275 2485 couiieiet
2303 2462 2317 2483 ,
2344 2424 2433 2491 qui
2469 2422 2858 2477 Tcrtulliatmm
2896 2426 3118 2494 triginta
3152 2436 3271 2494 post
3310 2431 3472 2483 annis

1897 2513 2248 2566 disserentem
2298 2514 2614 2581 expemlerit
2666 2516 2732 2568 de
2782 2530 3000 2584 recepto
3034 2518 3325 2587 Evangelio
3375 2538 3473 2588 per

1896 2618 2083 2653 animos
2115 2603 2355 2657 Orientis
2392 2614 2635 2671 tractus;
2679 2606 2875 2675 quibus
2904 2624 3025 2661 mox
3072 2611 3470 2679 subjuuguntur

1898 2692 1965 2743 ab
1993 2687 2592 2754 auctorewatulorum
2636 2698 2935 2760 varietates,
2979 2699 3287 2753 Maurorum
3329 2706 3473 2755 ntul-

1897 2784 2082 2849 ti/ines
2107 2825 2120 2849 ,
2168 2784 2556 2851 Hispaniarum
2595 2805 2771 2840 omnes
2808 2790 3059 2853 termini,
3094 2803 3140 2844 et
3174 2790 3470 2847 Galliarum

1897 2876 2114 2928 diversm
2150 2877 2405 2933 notiones.
2431 2887 2478 2929 et
2506 2876 2884 2932 Britannorum
2919 2882 3188 2935 inaccessa
3223 2883 3471 2939 Romanis

1896 2967 2031 3031 loca,
2061 2966 2277 3021 Christo
2309 2985 2425 3023 vero
2455 2971 2669 3021 subdita
2706 2984 2724 3021 .'
2758 2982 2805 3023 et
2834 2968 3241 3040 Sarmatarum,
3281 2987 3328 3027 et
3358 2977 3471 3029 Du-

1895 3076 2096 3121 corum,
2123 3074 2169 3113 et
2199 3058 2604 3125 Germanorum,
2630 3072 2674 3114 et
2701 3060 3041 3131 Scytharum,
3074 3075 3121 3116 et
3163 3066 3467 3120 abditarum

1898 3154 2183 3207 multarum
2236 3154 2470 3222 gentium
2530 3164 2577 3205 et
2631 3156 3022 3220 provinciarum
3074 3168 3121 3209 et
3174 3159 3470 3213 insularum

1900 3246 2187 3300 multarum
2235 3247 2380 3299 nobis
2424 3247 2721 3313 ignotarum
2751 3288 2765 3311 ,
2809 3256 2858 3300 et
2888 3265 3005 3317 qua:
3031 3266 3332 3305 enumerare
3367 3268 3469 3306 non

1899 3355 2195 3407 possumus.
2230 3338 2335 3393 Per
2367 3338 2663 3393 Galliarum
2714 3341 2960 3394 diversas
3004 3342 3252 3397 nationes
3280 3383 3293 3405 .
3332 3342 3466 3397 Ter-

1901 3432 2155 3486 tulliauus
2184 3439 2415 3500 quatuor
2447 3429 2742 3484 Galliarum
2773 3432 3081 3499 provincias
3109 3449 3170 3487 ex
3204 3434 3470 3490 divisione

1899 3523 2118 3593 Augusti
2148 3560 2162 3586 ,
2203 3520 2607 3575 Narbonensem
2637 3560 2652 3584 ,
2686 3521 3097 3590 Lugdunensem
3125 3562 3141 3585 ,
3178 3523 3466 3593 Belgicam,

1897 3626 1952 3667 et
1985 3612 2364 3680 Aquitanicam
2413 3612 2699 3680 intelligit:
2738 3627 2803 3664 ex
2853 3612 3054 3679 quibus
3103 3627 3296 3679 corpus
3342 3612 3470 3665 Gul.

1896 3705 2092 3759 liarum
2123 3716 2251 3758 tunc
2287 3701 2582 3757 conﬂatum
2625 3713 2762 3767 erat,
2798 3704 2939 3770 quod
2971 3713 3156 3772 postea
3192 3705 3245 3758 in
3282 3706 3467 3759 decent

1895 3806 1949 3848 et
1988 3804 2193 3863 septem
2226 3793 2530 3861 provincias
2557 3795 2899 3848 distributum
2932 3796 3051 3850 l'uit.

1968 3886 2146 3953 Quare
2181 3902 2302 3941 cum
2331 3887 2658 3940 testimoniis
2703 3888 3090 3942 vetustissimis
3118 3903 3183 3943 ac
3218 3888 3467 3944 ﬁrmissi-

1894 3978 1996 4031 mis
2022 3979 2224 4031 nitatur
2251 3979 2533 4031 exordium
2574 3977 2879 4045 praedicata}
2913 3978 3032 4031 lidei
3081 3979 3133 4032 iu
3184 3978 3371 4034 Galliis
3401 3998 3466 4034 ex

1894 4071 2259 4138 apostolorum
2293 4071 2629 4139 delegatione
2654 4110 2671 4137 ,
2716 4080 2770 4123 et
2796 4080 3061 4136 suscepta:
3090 4086 3117 4121 a
3147 4070 3313 4123 Celtis
3338 4114 3352 4137 ,
3411 4082 3469 4126 ιιι
3506 4093 3511 4101 τ

1895 4160 2139 4229 loquitur
2168 4160 2423 4221 Iremeus,
2455 4174 2548 4212 seu
2579 4174 2609 4212 a
2646 4158 2873 4213 diversis
2910 4160 3218 4212 nationibus
3264 4158 3469 4223 Gallia-

1894 4268 2012 4305 rum
2040 4291 2055 4316 ,
2106 4261 2165 4303 ut
2193 4252 2269 4303 ait
2302 4250 2667 4303 Tertullianus
2702 4267 2715 4302 :
2748 4249 3031 4317 aegerrime
3064 4249 3179 4303 iero
3206 4264 3467 4317 QUOI'UIIP

1892 4343 2013 4397 dam
2068 4343 2121 4397 in
2174 4358 2324 4395 suam
2359 4342 2585 4411 patriam
2635 4342 3030 4405 acerbitatem,
3079 4341 3169 4409 qui
3224 4341 3467 4410 origines

1891 4437 2132 4490 omnium
2165 4435 2530 4489 Ecclesiarum
2573 4433 2994 4497 Gallicanarum,
3030 4445 3227 4502 praeter
3257 4434 3469 4499 Lugdu-

226 4528 419 4589 tialem,
449 4527 697 4594 aliosque
724 4528 773 4579 in
806 4525 1000 4580 tabulis
1026 4526 1410 4580 ecclesiasticis
1453 4529 1781 4592 adnotatos;
1820 4562 1861 4617 Β
1894 4542 2115 4582 uensem
2160 4538 2213 4580 et
2245 4528 2378 4581 alias
2411 4542 2613 4595 paucas
2637 4566 2655 4591 ,
2702 4526 2769 4579 ad
2806 4526 3042 4579 medium
3095 4526 3238 4579 tertii
3283 4526 3466 4579 saeculi

227 4630 272 4671 et
319 4620 551 4687 perfecit
582 4621 831 4672 Clemens
864 4634 960 4683 per
990 4618 1301 4688 Dionysium
1333 4658 1348 4681 ,
1388 4619 1740 4673 Saturninum
1769 4661 1784 4685 ,

230 4713 531 4782 [intrepium
587 4710 979 4765 Santonensctu
1007 4754 1021 4777 ,
1056 4712 1309 4766 Ursinum
1368 4710 1785 4780 Bituriceuseut,

229 4817 274 4857 et
301 4807 454 4858 alios.

289 4897 468 4967 Neque
491 4911 625 4949 sane
656 4894 978 4965 iul'rugiiera
1013 4896 1113 4948 fuit
1143 4892 1402 4963 Philippi,
1432 4893 1615 4955 Lucro,
1656 4894 1785 4948 Cre-

231 4991 413 5042 scentis
440 5000 495 5041 et
537 4988 876 5055 reliquorum
911 5025 925 5045 .
954 5001 1113 5053 quam
1167 4987 1218 5037 iu
1250 4984 1438 5038 Galliis
1474 4993 1790 5051 sparserant

230 5081 535 5134 Christiana:
567 5079 694 5133 ﬁdei
729 5079 993 5132 sementis
1018 5118 1032 5139 ,
1062 5078 1152 5132 Dei
1192 5079 1504 5142 clementia,
1538 5079 1627 5146 qui
1660 5078 1787 5129 reli-

231 5188 350 5243 quas
392 5174 541 5227 orbis
597 5173 853 5242 regiones
896 5172 1152 5235 fovebat,
1206 5168 1409 5224 Gallias
1460 5185 1564 5222 nou
1622 5169 1789 5222 desti—

232 5277 413 5321 tuente.
442 5266 595 5320 Dicet
624 5280 724 5334 pro
762 5265 921 5317 nobis
958 5263 1191 5316 lreuzeus
1223 5302 1237 5324 ,
1268 5263 1358 5330 qui
1395 5262 1615 5315 circiter
1648 5275 1790 5313 anno

232 5361 318 5415 i90
348 5362 578 5432 scripsit,
614 5362 667 5414 in
698 5360 798 5415 lib.
834 5373 873 5421 ι,
908 5373 1027 5425 cap.
1063 5359 1116 5421 ’5,
1150 5373 1341 5412 verum
1378 5357 1537 5409 [idem
1570 5356 1786 5423 probari

226 5467 278 5507 es
321 5455 553 5526 ejusdem
602 5453 885 5508 doctrina:
937 5449 1315 5519 professione,
1362 5464 1483 5516 quae
1534 5448 1584 5498 in
1617 5447 1789 5500 variis

222 5541 449 5602 Ecclesiis
484 5563 583 5618 per
621 5545 951 5599 universum
989 5542 1175 5593 orbem
1194 5538 1507 5592 constitutis
1534 5547 1790 5591 constan-

221 5644 548 5706 tia-traditur,
588 5650 713 5695 tum
758 5635 817 5688 in
855 5632 1103 5694 Orieutc,
1152 5634 1203 5685 in
1240 5631 1476 5700 {Egypto
1506 5641 1558 5683 et
1584 5628 1786 5699 Libya;

210 5745 294 5788 ιιηη
324 5739 370 5790 in
406 5733 749 5791 Ger-"mnia,
787 5725 931 5793 apud
974 5725 1262 5792 Hispanos,
1295 5735 1348 5775 et
1392 5722 1594 5784 Gallos,
1628 5734 1790 5788 atque

202 5831 321 5887 “ibi.
350 5829 489 5886 ,ναιη
524 5842 572 5885 ει
606 5831 689 5892 εξ,
735 5818 941 5886 inquit,
979 5817 1031 5869 in
1064 5818 1257 5869 mundo
1304 5814 1523 5885 loqnclw
1554 5814 1789 5867 dissimi-

1892 4616 2220 4681 detruduut;
2255 4614 2414 4669 allixo
2445 4631 2511 4668 ex
2544 4614 2809 4684 Gregorio
2834 4613 3136 4668 Turoueusi
3162 4616 3318 4683 paulo
3340 4624 3465 4668 ante

1889 4705 2039 4761 Decii
2068 4717 2122 4761 et
2146 4706 2298 4761 Grati
2328 4706 2697 4766 consulatum,
2727 4706 2777 4757 id
2802 4714 2886 4758 est
2914 4704 3072 4774 paulo
3101 4715 3228 4757 aute
3262 4719 3462 4761 annum

1889 4799 2018 4864 9.50,
2049 4800 2205 4853 initio
2236 4810 2442 4866 septem
2483 4800 2757 4852 sociorum
2790 4797 3188 4864 episcoporum.
3218 4794 3461 4850 Gratiani

1892 4889 2243 4956 Turonensis,
2274 4890 2549 4958 Tropbimi
2584 4888 2931 4951 Arelatensis,
2966 4886 3114 4940 Pauli
3148 4885 3463 4940 Narbonen-

1891 4985 1966 5039 sis
1994 5025 2009 5049 ,
2041 4983 2301 5038 Martialis
2331 4982 2732 5037 Lemovicensis
2760 5023 2774 5047 ,
2820 4980 3061 5050 Dionysii
3094 4979 3418 5033 Parisiensis
3445 5020 3461 5040 ,

1893 5078 2175 5131 Saturnini
2220 5075 2471 5129 Tolosani
2500 5117 2516 5141 ,
2544 5083 2600 5129 et
2635 5074 2929 5129 Stremouii
2960 5072 3346 5137 Arveruensis,
3371 5073 3461 5140 qui

1891 5169 2051 5238 primi
2095 5169 2145 5221 iu
2183 5168 2300 5221 illas
2350 5166 2645 5222 Galliarum
2702 5176 2889 5235 partes
2941 5164 3124 5217 lumen
3184 5164 3461 5233 Evangelii

1892 5261 2210 5326 intulerunt,
2244 5269 2301 5315 et
2335 5260 2388 5315 in
2420 5259 2681 5314 Ecclesiis
2709 5274 2738 5311 a
2768 5272 2827 5312 se
2854 5256 3163 5311 constitutis
3189 5254 3466 5311 stabilive-

1893 5363 2036 5410 runt.

1962 5446 2102 5512 Quin
2129 5444 2287 5513 primi
2322 5444 2397 5497 illi
2429 5444 2595 5497 duces
2624 5441 2878 5512 praecipui
2912 5440 3114 5495 fuerint
3142 5438 3468 5495 Christianae

1892 5536 2253 5604 expeditionis
2284 5534 2580 5600 provinciis
2616 5532 2955 5585 Narbonensi
3004 5542 3060 5585 et
3093 5531 3418 5599 Aquitanica
3448 5567 3466 5592 ,

1892 5638 1945 5683 et
1969 5630 2020 5682 iu
2050 5628 2430 5681 remotioribus
2460 5626 2706 5695 partibus
2738 5625 2849 5693 Lug
2874 5623 3116 5677 luuensis
3146 5621 3468 5691 provincia,

1894 5734 1920 5771 a
1962 5717 2178 5770 nemine
2209 5717 2505 5778 dubitatur,
2534 5715 2998 5769 consentientibus
3033 5714 3341 5768 tabularum
3370 5726 3465 5765 ec-

1894 5811 2320 5867 clesiasticarum
2371 5810 2772 5871 monumentis,
2822 5818 2875 5862 et
2920 5805 3252 5861 solemnibus
3295 5803 3471 5859 sacris
