3966 6264
523 358 594 412 3b
1829 362 2031 419 PETRI
2067 361 2156 418 DE
2194 362 2431 420 MARCA
2709 415 2714 428 ,
3734 366 3809 420 56

518 489 643 543 quae
664 473 718 528 in
750 485 934 530 eorum
961 479 1278 533 memoriam
1307 490 1488 535 annuo
1511 481 1642 550 ritu,
1670 483 1850 539 dlviuo
1879 483 2094 539 Numini
2123 491 2172 545 Α
2201 483 2346 538 latus
2371 485 2440 539 ab
2469 483 2774 539 Arelatensi
2806 483 3095 556 episcopo,
3130 485 3397 557 Simplicii
3442 485 3807 540 Viennensis

519 577 854 635 peraguntur
885 569 938 622 in
970 571 1197 637 singulis
1226 571 1502 626 Ecclesiis.
1538 573 1750 628 Illarum
1786 587 1962 630 autem
1988 592 2087 630 an-

521 658 684 726 tiquae
716 661 1031 726 traditioni,
1063 663 1213 716 Beda!
1241 704 1255 729 ,
1291 663 1519 720 Usuardi
1551 668 1860 737 Adonisque
1890 669 2089 741 Marty-

522 751 747 820 rologiis
781 758 835 805 ct
869 753 1018 808 Actis
1048 756 1318 809 veteribus
1351 755 1498 811 fultae
1531 759 1580 810 in
1621 762 1874 830 temporis
1901 761 2087 815 cousi-

523 843 780 908 guatione
806 871 819 904 ,
851 857 948 895 cur
997 845 1243 911 derogari
1286 847 1476 900 debeat
1501 889 1516 913 ,
1546 847 1708 916 plane
1737 862 1841 901 non
1885 851 2042 905 video
2067 889 2084 917 ,

519 936 820 1002 prwsertim
859 951 980 988 cum
1011 936 1131 989 aliis
1158 953 1370 1005 quoque
1417 941 1749 1008 argumentis
1785 942 1896 996 lucc
1945 944 2089 996 veri-

520 1033 604 1074 tas
634 1024 918 1079 innitatur.
957 1023 1214 1080 Sumatur
1242 1029 1450 1081 initium
1493 1031 1842 1085 discussionis
1880 1049 1909 1085 a
1953 1034 2089 1088 Tro-

527 1115 712 1182 pliimo
739 1157 751 1176 ,
780 1127 834 1170 et
895 1121 1263 1186 expenduntur
1313 1124 1494 1176 verba
1533 1125 1691 1179 libelli
1720 1125 1787 1180 ab
1816 1126 2086 1195 episcopis

518 1207 806 1273 proxim-Le
853 1208 1172 1265 Viennensis
1201 1212 1360 1266 Leoni
1397 1232 1543 1285 papa:
1568 1217 1734 1271 oblati
1761 1233 1902 1272 anno
1933 1218 2037 1272 450
2068 1233 2082 1274 ξ

521 1296 777 1354 Omnibus
811 1298 1101 1355 Gallicanis
1134 1307 1424 1372 regionibus
1462 1319 1638 1361 notum
1666 1320 1780 1375 est,
1817 1313 2081 1380 inquiunt,

520 1390 612 1441 sed
644 1407 734 1442 nec
762 1407 1112 1448 sacrosanctae
1157 1395 1410 1450 Romamn
1460 1397 1709 1455 Ecclesia:
1738 1402 1959 1456 habetur
2005 1406 2088 1458 in-

518 1482 805 1547 cognitum,
831 1486 968 1550 quod
993 1487 1163 1554 prima
1192 1489 1330 1541 intra
1364 1488 1568 1544 Gallias
1607 1493 1928 1548 Arelatensis
1954 1496 2082 1549 civi-

516 1581 598 1624 tas
627 1575 840 1627 missum
864 1591 896 1628 a
931 1576 1237 1633 beatissimo
1265 1579 1420 1634 Petro
1440 1584 1670 1650 apostolo
1698 1577 1935 1640 sanctum
1961 1587 2084 1642 Tro-

515 1664 749 1731 pltimum
785 1667 977 1722 habere
1007 1674 1197 1724 meruit
1223 1677 1544 1727 sacerdotem
1571 1717 1586 1741 ,
1632 1687 1681 1731 et
1722 1681 1910 1734 exinde
1961 1681 2081 1737 aliis

515 1755 769 1820 paulatim
818 1759 1116 1827 regionibus
1161 1759 1460 1817 Galliarum
1505 1769 1692 1820 bonum
1725 1768 1849 1836 ﬁdei
1878 1781 1925 1823 et
1954 1772 2078 1825 reli-

514 1845 683 1912 gionis
714 1848 966 1918 infusum.
999 1853 1167 1917 Quem
1200 1853 1492 1925 Gregorius
1533 1859 1764 1926 ponebat
1789 1864 1888 1917 sub
1921 1865 2080 1920 Decio

514 1935 868 2006 Trophinium
898 1981 913 2006 ,
963 1954 1139 1998 cmtus
1189 1946 1565 2016 episcoporum
1620 1952 2074 2023 provincialium,

513 2031 710 2098 quibus
737 2045 1050 2103 perspectus
1079 2049 1195 2090 erat
1219 2053 1412 2093 census
1435 2040 1796 2096 Ecclesiarum
1832 2061 2072 2110 suarum,

511 2121 713 2190 quique
761 2123 1082 2194 Gregorium
1132 2139 1350 2182 centum
1405 2141 1459 2184 et
1517 2134 1908 2204 quinquaginta
1964 2137 2078 2192 lere

510 2215 669 2269 annis
699 2216 1129 2282 antecedebant,
1169 2219 1524 2289 Tropliimum
1566 2241 1594 2277 ει
1642 2225 1803 2280 Petro
1853 2228 2074 2282 missum

511 2311 707 2362 docent
733 2347 746 2370 ,
778 2320 831 2362 et
867 2319 924 2363 ut
969 2325 1081 2364 rem
1134 2313 1389 2368 omnibus
1427 2320 1919 2385 perspectissimum
1955 2338 2080 2375 nar-

509 2411 634 2452 rant
660 2417 674 2466 ;
707 2399 1127 2471 subjiciuntque,
1155 2405 1341 2459 exinde
1358 2409 1478 2460 aliis
1497 2409 1750 2476 paulatim
1780 2415 2075 2482 regionibus

510 2487 847 2556 Galliarum,
877 2493 1066 2546 bonum
1105 2497 1230 2562 fidei
1265 2507 1313 2551 et
1362 2499 1628 2570 religionis
1667 2503 1925 2572 infusum.
1963 2507 2075 2564 Hoc

508 2581 685 2648 ipsum
735 2584 1009 2652 signillcnt
1053 2585 1299 2642 Zosimus
1347 2606 1480 2659 papa
1517 2593 1673 2660 epist.
1698 2593 1730 2648 5
1766 2613 1780 2649 :
1814 2598 1893 2649 Ad
1917 2615 2074 2666 quam

507 2668 897 2739 (Arelatensem
929 2675 1142 2746 urbem)
1170 2678 1395 2745 primum
1413 2697 1476 2734 ea:
1498 2687 1595 2735 hac
1623 2686 1743 2738 sede
1765 2685 2073 2749 Trophimus

506 2776 740 2815 summus
768 2765 1018 2833 antistes,
1065 2785 1129 2822 ex
1166 2773 1318 2840 cujus
1367 2775 1510 2841 [ante
1561 2785 1686 2829 totw
1731 2774 1921 2832 Gallia;-
1947 2779 2074 2848 [it/ei

507 2851 705 2908 rivulos
739 2869 1071 2926 acceperunt,
1103 2861 1334 2922 directus
1361 2874 1456 2916 est.
1485 2864 1656 2919 Porro
1689 2868 1804 2924 haec
1843 2872 2071 2939 epistola

507 2938 705 2997 Zosimi
739 2947 879 3000 edita
907 2966 932 2999 ιι
960 2946 1024 3006 ν.
1051 2949 1109 3002 C.
1136 2951 1447 3018 Sirmondo,
1469 2967 1522 3010 et
1554 2957 1767 3013 laudata
1801 2938 1926 3014 olim
1962 2973 2070 3018 tam

507 3036 562 3088 in
595 3037 824 3090 concilio
855 3038 1354 3107 Francolordiensi,
1387 3059 1548 3113 quam
1575 3048 1739 3101 etiam
1773 3052 1838 3104 ab
1874 3051 2074 3107 Usuar-

506 3128 576 3180 do
603 3136 661 3183 et.
691 3131 879 3183 Adone
906 3170 923 3198 ,
973 3148 1093 3185 cum
1125 3135 1326 3202 scripta
1370 3137 1443 3190 sit
1491 3155 1633 3194 anno
1663 3140 1796 3208 “7,
1826 3143 2070 3215 Gregorii

508 3217 836 3275 Turonensis
865 3225 1172 3280 testimonio
1203 3228 1376 3294 potior
1405 3245 1524 3284 esse
1553 3231 1711 3286 debet
1740 3234 1792 3287 in
1822 3240 2069 3304 ponenda

505 3308 785 3377 'l‘ropliimi
825 3316 1026 3382 epocba
1053 3355 1068 3381 ,
1117 3332 1276 3386 quam
1309 3323 1664 3378 disertissime
1692 3329 1928 3395 synodus
1957 3332 2070 3400 epi-

504 3419 788 3472 sc0poruin
827 3409 1244 3474 provincialium
1287 3414 1454 3468 relcrt
1496 3418 1562 3471 ad
1609 3416 1826 3474 Petrum
1853 3433 2071 3492 aposto-

503 3496 646 3560 lum;
695 3515 724 3550 a
751 3500 953 3568 quibus
1002 3517 1108 3555 non
1160 3504 1384 3558 discedit
1415 3505 1697 3574 Zosimus,
1728 3529 1848 3566 cum
1879 3516 2071 3572 doceat

501 3589 732 3656 primum
785 3592 837 3643 in
872 3590 1060 3646 Galliis
1101 3592 1455 3662 Tropbimum
1505 3600 1673 3654 fuisse
1715 3606 2066 3662 constitutum

500 3679 829 3749 episcopum.
890 3682 1081 3738 Libelli
1139 3687 1400 3755 supplicis
1453 3692 1520 3746 ad
1570 3706 1628 3747 se
1679 3695 1746 3749 ab
1797 3699 2066 3768 episcopis

499 3770 652 3824 missi
697 3775 959 3828 rationem
993 3775 1182 3831 babuit
1213 3777 1322 3833 Leo
1359 3783 1602 3850 pontifex
1634 3788 1894 3858 rescripto
1926 3793 2064 3860 quod

499 3861 568 3914 ad
614 3878 711 3917 eos
757 3866 939 3920 statim
997 3869 1186 3936 dedit,
1237 3886 1344 3941 quo
1376 3883 1610 3928 veterem
1650 3876 1980 3935 Arelatensis
2012 3890 2067 3936 et

500 3951 830 4011 Viennensis
858 3959 1108 4016 Ecclesia:
1141 3963 1206 4017 de
1235 3966 1628 4034 metropolitica
1655 3969 1914 4040 dignitate
1942 3988 2066 4028 con-

500 4047 793 4101 tentionem
820 4087 835 4113 ,
869 4049 1194 4106 Viennensis
1224 4057 1516 4122 provincize
1537 4059 1802 4114 divisione
1850 4076 2064 4131 compo~

498 4135 600 4189 nit.
634 4136 863 4193 Necesse
895 4151 976 4194 est
1001 4146 1385 4200 controversia:
1416 4148 1560 4203 illius
1585 4159 1782 4205 statum
1813 4167 2062 4222 compen-

498 4227 590 4280 dio
631 4231 1036 4298 perstringere:
1073 4243 1129 4286 ut
1180 4237 1269 4302 qui
1322 4241 1526 4292 suborti
1577 4254 1701 4297 sunt
1743 4259 1807 4298 ex
1858 4260 1920 4299 co
1957 4262 2061 4301 non

495 4330 628 4369 sane
657 4329 915 4387 percepto
956 4321 1008 4374 iu
1041 4325 1373 4379 eruditorum
1414 4331 1606 4386 annuis
1635 4334 1892 4403 scrupuli,
1919 4339 2060 4403 quod

495 4409 561 4459 ad
587 4406 866 4476 Tropbimi
895 4415 1278 4482 antiquitatem
1307 4430 1536 4487 spectat,
1571 4425 1780 4482 lucilius
1815 4409 2061 4484 eximan-

2191 575 2578 644 impudentiam
2605 576 2821 629 damnat
2853 578 3011 645 epist.
3048 577 3102 642 7,
3159 578 3374 645 quodin
3418 593 3495 632 eo
3546 577 3806 631 Concilio

2190 665 2535 734 postulasset,
2566 675 2623 720 ut
2657 653 2756 720 sibi
2790 668 3140 720 creaudormn
3200 670 3557 722 sacerdotum
3590 669 3647 720 in
3673 678 3811 733 pro-

2189 759 2363 812 vincia
2425 759 2712 814 Viennensi
2762 759 3164 828 permitteretur
3223 761 3518 813 arbitrium
3578 779 3591 812 :
3646 757 3802 829 quod

2189 849 2265 903 ait
2293 865 2411 903 esse
2438 862 2629 904 contra
2667 861 2867 904 statuta
2905 849 3147 916 Patrum,
3182 863 3235 906 et
3265 854 3434 909 sancti
3477 851 3795 920 Ττοιιιιὶιιιί

2189 943 2549 996 reverentiam
2580 959 2594 996 :
2632 944 2982 1013 decernitque
3009 985 3026 1009 ,
3061 946 3216 1014 juxta
3279 961 3471 1014 preces
3529 944 3796 1000 Patrocli

2188 1033 2541 1097 Arelatensis,
2577 1044 2635 1086 ιιι
2665 1034 2782 1105 ejus
2812 1036 3050 1088 civitatis
3083 1038 3390 1105 cpiscopus,
3420 1037 3550 1104 jam
3589 1037 3724 1090 inde
3761 1055 3793 1090 a

2191 1123 2470 1193 Trophimo
2500 1127 2850 1180 ordinationis
2879 1129 3065 1181 seriem
3108 1130 3422 1194 temporibus
3451 1129 3793 1182 roboratam

2187 1218 2505 1287 possideat,
2538 1234 2642 1272 non
2679 1221 2848 1273 solum
2891 1220 2940 1273 in
2969 1221 3244 1288 provincia
3282 1221 3592 1276 Viennensi
3628 1259 3644 1283 ,
3692 1221 3790 1272 sed
3880 1243 3882 1245 >

2187 1309 2351 1364 etiam
2396 1309 2450 1362 in
2499 1319 2724 1380 utraque
2764 1309 3122 1364 Narbonensi.
3176 1311 3344 1380 Cujus
3388 1311 3790 1378 prmi-agmine

2188 1401 2450 1455 rationem
2479 1416 2695 1471 quoque
2729 1403 2903 1457 reddit
2935 1403 3094 1470 epist.
3133 1401 3186 1469 8,
3229 1403 3293 1455 ad
3329 1403 3607 1455 llilarium
3644 1401 3790 1454 Nar--

2185 1491 2476 1547 bonensem
2507 1512 2521 1548 :
2557 1494 2815 1558 Quoniam
2866 1493 3179 1561 Tropltimus
3215 1496 3455 1548 sacerdos
3491 1493 3786 1563 quondam

2185 1579 2485 1635 Arelatensi
2511 1584 2625 1636 urbi
2653 1592 2716 1636 ab
2745 1585 3036 1651 apostolica
3071 1585 3190 1637 sede
3212 1581 3569 1665 transmissus
3603 1584 3680 1636 ad
3717 1583 3788 1635 il-

2187 1674 2266 1728 las
2320 1679 2553 1745 regiones
2628 1677 2869 1749 (scilicet
2919 1687 3201 1745 utramque
3247 1677 3676 1731 Narbonensem
3731 1684 3788 1729 ct

2189 1767 2590 1839 Viennensem)
2623 1773 2756 1823 tanti
2785 1770 3010 1824 nominis
3039 1772 3381 1824 reverentiam
3417 1769 3641 1838 primus
3687 1784 3785 1820 cx.

2185 1860 2374 1926 liibuit,
2417 1872 2465 1915 et
2494 1864 2548 1917 in
2577 1863 2709 1915 alios
2740 1880 2843 1917 non
2885 1866 3164 1929 immerito,
3203 1881 3264 1917 ea
3297 1881 3453 1933 quam
3488 1871 3782 1930 acceperat

2185 1956 2499 2007 auctoritate
2538 1955 2850 2024 transfudit.
2892 1957 3078 2010 Totam
3104 1971 3234 2024 ergo
3259 1956 3528 2024 primatus
3557 1962 3781 2006 metro-

2182 2045 2386 2114 politici
2426 2062 2666 2109 causam,
2713 2051 2770 2102 ἐν
2810 2051 2876 2120 τῇ
2947 2047 3351 2120 πρωτοκλησίᾳ,
3390 2064 3485 2100 seu
3529 2047 3585 2099 in
3631 2047 3784 2116 prio-3

2185 2152 2243 2192 re
2278 2141 2561 2194 vocatione
2589 2140 2654 2193 ad
2687 2139 2868 2197 ﬁdem.
2899 2150 2953 2194 et
2992 2143 3042 2195 in
3080 2143 3377 2196 vetustiore
3406 2141 3777 2209 episcopatus

2183 2230 2521 2284 institutione
2556 2229 2696 2298 apud
2724 2229 2998 2283 Arelatem
3037 2246 3064 2283 a
3108 2229 3398 2300 Trophimo
3429 2230 3584 2282 facta
3613 2269 3628 2294 ,
3658 2227 3774 2281 Zo-

2182 2321 2351 2375 simus
2385 2321 2586 2374 diserte
2639 2322 2942 2375 constituit.
2989 2321 3253 2376 Czeterum
3285 2361 3301 2385 ,
3334 2323 3602 2390 quoniam
3653 2321 3775 2374 [nec

2181 2413 2382 2467 Zosimi
2419 2415 2680 2481 rescripta
2726 2413 3111 2466 consuetudine
3143 2413 3358 2482 quidem
3396 2422 3622 2466 vetusta
3651 2451 3669 2477 ,
3712 2423 3772 2465 ut

2182 2505 2296 2573 ipse
2333 2505 2445 2570 ait,
2479 2519 2545 2557 ex
2594 2504 2852 2557 relatione
2887 2504 3117 2557 Patrocli
3153 2506 3488 2569 nitebantur,
3542 2505 3643 2558 sed
3683 2504 3770 2556 di—

2181 2594 2457 2662 sciplinam
2509 2595 2760 2649 Ecclesia:
2817 2596 3137 2650 universalis
3185 2613 3212 2650 a
3271 2597 3480 2666 synodo
3538 2595 3770 2648 Niiaena

2180 2687 2452 2740 decretam
2507 2686 2920 2748 convellebant,
2971 2701 3092 2755 quze
3141 2687 3382 2759 singulas
3435 2687 3770 2756 provincias

2190 2777 2302 2830 suis
2328 2778 2676 2832 commiserat
2711 2778 3141 2846 metropolitanis
3167 2818 3182 2842 ,
3217 2793 3320 2832 non
3358 2789 3545 2831 autem
3579 2779 3770 2848 plures

2179 2868 2484 2938 provincias
2524 2869 2652 2934 uni;
2705 2869 2831 2923 hinc
2877 2869 3075 2922 factum
3103 2910 3119 2936 ,
3164 2880 3222 2924 ut
3271 2871 3591 2924 Bonifacius
3623 2885 3766 2938 papa

2180 2975 2287 3014 non
2322 2961 2668 3030 exprobrarit
2697 2961 2912 3030 quidem
2937 2960 3186 3014 Patroclo
3215 2962 3523 3016 Arelatensi
3558 2974 3768 3016 metro-

2179 3052 2411 3121 politica:
2452 3054 2735 3121 petestatis
2777 3055 3228 3123 usurpationem,
3266 3057 3360 3108 sed
3395 3058 3583 3125 potius
3621 3058 3766 3110 inte-

2101 3183 2144 3240 Ο
2177 3162 2328 3217 gram
2365 3147 2439 3200 illi
2481 3147 2787 3215 relinquens
2819 3149 2870 3201 in
2919 3149 3192 3218 provincia
3225 3148 3524 3205 Viennensi
3558 3191 3574 3216 ,
3614 3152 3764 3206 illius

2183 3249 2361 3294 tamen
2396 3241 2754 3293 temeritatem
2789 3241 3122 3294 damnaverit
3151 3243 3374 3310 epistola
3399 3244 3527 3297 data
3567 3247 3637 3298 ad
3672 3243 3765 3296 lli-

2178 3330 2371 3384 laritnn
2404 3329 2808 3387 Narbonensem
2839 3349 2982 3386 anno
3008 3333 3134 3398 422,
3163 3341 3302 3402 quod
3329 3335 3540 3390 sciLcet
3571 3337 3626 3391 in
3653 3337 3766 3390 Lu-

2180 3422 2391 3475 tubensi
2423 3422 2662 3477 Ecclesia
2693 3423 3091 3479 ordinationem
3127 3426 3363 3495 episcopi
3414 3427 3762 3482 celebrasset

2176 3513 2230 3565 in
2265 3512 2436 3565 aliena
2465 3514 2730 3580 provincia
2759 3553 2775 3580 ,
2803 3513 3016 3585 inquit',
3045 3517 3250 3570 scilicet
3281 3518 3332 3570 in
3361 3517 3714 3575 Narbonensi
3743 3559 3759 3584 ,

2177 3620 2298 3672 qua:
2345 3620 2375 3658 ει
2409 3604 2699 3659 Viennensi
2750 3617 2869 3660 erat
2918 3608 3195 3662 distincta.
3248 3609 3381 3663 lllud
3433 3622 3624 3665 autem
3676 3614 3762 3664 la-

2175 3706 2318 3750 etum
2382 3698 2659 3764 pertendit
2710 3708 2896 3751 contra
2948 3700 3139 3769 synodi
3191 3698 3423 3754 Nicmntn
3469 3705 3758 3757 constitu-

2177 3789 2376 3841 tionem
2404 3827 2420 3855 ,
2449 3803 2608 3857 quam
2639 3789 2902 3843 describit
2927 3806 2942 3857 ;
2980 3805 3398 3861 commonetque
3435 3792 3708 3849 Hilarium
3737 3833 3754 3858 ,

2174 3892 2236 3937 ut
2271 3883 2810 3954 inetropoliticojure
2859 3886 3121 3951 munitus,
3181 3898 3236 3941 et
3287 3891 3755 3956 prmceptionibus

2172 3974 2284 4029 suis
2318 3975 2510 4040 fretus,
2536 3991 2655 4045 qua:
2685 3977 2931 4032 facienda
2965 3987 3092 4033 sunt
3135 3979 3186 4032 in
3219 3977 3516 4034 Lutubensi
3553 3979 3753 4034 Eccle-

2171 4067 2251 4122 sia
2283 4075 2520 4137 pra‘stet.
2566 4067 2748 4122 Noluit
2806 4069 3045 4124 llilarius
3091 4071 3456 4136 Arelatensis,
3505 4071 3751 4128 Patrocli

2171 4172 2478 4222 successor,
2524 4158 2688 4212 fultus
2720 4169 2771 4212 et
2795 4157 2996 4212 Zosimi
3032 4160 3196 4228 priori
3229 4161 3490 4230 rescripto
3523 4173 3581 4216 et
3612 4178 3751 4216 con-

2170 4251 2455 4304 suetudine
2485 4260 2714 4316 vetusta,
2737 4267 2925 4321 parere
2949 4253 3166 4306 decreto
3188 4251 3471 4314 Bonifacii,
3508 4255 3749 4308 restrin-

2170 4341 2344 4409 gentis
2377 4341 2515 4394 intra
2544 4341 2899 4395 Viennensem
2926 4342 3255 4410 provinciam
3277 4345 3618 4399 Arelatensis
3635 4343 3750 4413 cpi--

2169 4434 2314 4502 SCO|ll
2352 4441 2692 4502 potestatem.
2723 4433 2892 4499 Quam
2927 4433 2995 4487 ob
3034 4449 3170 4498 rem,
3211 4441 3264 4486 et
3299 4447 3523 4502 propter
3556 4436 3748 4491 Cbeli-

498 4510 603 4554 tur.
631 4501 835 4556 Vienna
867 4505 1064 4562 civitas
1093 4515 1409 4581 metropolis
1443 4528 1563 4570 erat
1592 4523 1881 4587 provinciae
1902 4525 2060 4580 Vicn—
2093 4540 2138 4594 ι)
2167 4501 2312 4577 donii
2347 4539 2588 4585 causam,
2622 4523 2865 4591 aliasque
2893 4523 3242 4592 gravissimas
3273 4524 3536 4590 rationes,
3569 4527 3746 4578 iratus

495 4594 677 4646 nensis
709 4594 762 4647 in
818 4595 1077 4653 laterculo
1113 4602 1344 4671 imperii.
1399 4605 1572 4673 llndc,
1611 4611 1768 4680 juxta
1822 4630 2060 4674 canones

492 4683 779 4755 Nicarnos,
815 4688 906 4759 jus
959 4696 1417 4764 metropoliticum
1473 4701 1538 4754 ad
1591 4719 1651 4758 se
1701 4708 1968 4774 pertinere
2005 4712 2059 4766 in

492 4777 683 4832 ordine
712 4780 1088 4839 ecclesiastico
1137 4790 1495 4843 contenderat
1526 4791 1658 4847 olim
1710 4795 2021 4866 Simplicius
2045 4842 2060 4868 ,

493 4869 735 4926 civitatis
766 4873 909 4929 illius
936 4879 1225 4948 episcopus
1269 4881 1534 4936 adversus
1559 4884 1934 4942 Arelatensem
1963 4932 1978 4954 ,
2007 4891 2059 4946 in

491 4965 730 5018 concilio
763 4966 1113 5035 'l'aurinensi,
1145 4986 1286 5024 anno
1316 4971 1441 5026 597.
1471 4973 1586 5040 Qua
1624 4977 1676 5029 in
1709 4977 1802 5032 lite
1835 4980 2059 5036 interlo-

492 5055 603 5107 cuti
642 5066 770 5110 sunt
799 5057 1006 5122 Patres,
1038 5077 1158 5114 eam
1184 5063 1457 5119 civitatem
1489 5066 1591 5121 l'rui
1627 5070 1824 5126 debere
1855 5074 2060 5131 honore

492 5143 754 5208 primatus
780 5182 796 5207 ,
822 5160 942 5213 qtae
972 5149 1192 5203 doceret
1223 5166 1280 5205 se
1310 5168 1430 5207 esse
1460 5158 1753 5223 provinciae
1787 5177 2058 5235 metropo-

489 5231 616 5297 lim;
642 5233 765 5288 dato
801 5236 1015 5291 interim
1046 5240 1111 5294 ad
1134 5241 1419 5298 fovendam
1456 5253 1802 5306 concordiam
1837 5231 2054 5325 episco-

489 5325 574 5393 pis
605 5327 856 5392 consilio,
891 5340 947 5384 ut
983 5334 1214 5403 quisque
1249 5337 1542 5392 viciniores
1571 5343 1671 5395 sibi
1707 5345 1958 5401 civitates
1988 5349 2054 5403 ad

489 5431 641 5468 suam
669 5432 853 5470 curam
896 5432 1196 5477 revocaret.
1249 5423 1472 5478 Pessum
1515 5428 1636 5482 data
1685 5433 1804 5485 erat
1835 5433 1936 5487 hac
1969 5434 2054 5487 in-

490 5506 843 5562 terlocutione
874 5512 1214 5568 Arelatensis
1251 5517 1507 5574 Ecclesiae
1548 5523 1782 5589 dignitas
1807 5564 1824 5589 ,
1856 5540 1976 5594 qua:
2000 5529 2053 5582 in

485 5599 678 5654 ordine
737 5603 918 5656 civilis
979 5606 1352 5674 dispositionis
1400 5627 1428 5664 a
1497 5616 1780 5683 metropoli
1833 5618 2054 5672 civitate

489 5688 776 5748 Viennensi
809 5697 1013 5766 absque
1041 5698 1206 5754 dubio
1255 5704 1546 5772 pendebat.
1596 5705 1775 5772 Quare
1801 5707 2052 5763 Zosimus

484 5784 670 5855 viginti
700 5799 818 5856 post
870 5791 1136 5858 synodum
1173 5794 1569 5853 Taurincnsem
1605 5801 1761 5855 annis
1794 5800 2051 5874 interpel-

2165 4613 2372 4669 llilario
2397 4615 2504 4669 Leo
2540 4614 2644 4668 PP.
2667 4614 2811 4684 quod
2844 4615 3025 4669 minus
3053 4617 3234 4672 colere
3261 4616 3600 4685 majestatem
3632 4617 3746 4670 Ro-

2163 4723 2340 4763 mame
2369 4710 2514 4764 sedis
2535 4708 2834 4774 videretur,
2872 4709 3067 4764 acerbe
3111 4710 3165 4765 in
3219 4725 3339 4766 cum
3377 4713 3653 4768 invehitur
3685 4713 3740 4765 in

2163 4803 2389 4872 epistola
2422 4803 2488 4855 ad
2516 4801 2796 4871 episcopos
2818 4802 3146 4858 Viennensis
3180 4807 3474 4874 provincia:
3530 4807 3738 4874 scripta

2163 4911 2309 4948 anno
2335 4893 2462 4949 £45.
2507 4893 2652 4947 Inter
2685 4904 2882 4948 ca‘tera
2935 4894 3010 4948 illi
3059 4896 3264 4962 objicit,
3302 4900 3445 4966 quod
3492 4899 3736 4967 projecto

2161 4987 2413 5056 episcopo
2442 4985 2657 5041 inlirtno
2681 4995 2736 5042 et
2771 4987 3058 5052 nescienti,
3106 4987 3267 5040 alium
3297 4991 3737 5055 superposuisset

2160 5080 2492 5147 episc0pum,
2522 5078 2684 5144 idque
2711 5080 2765 5131 in
2791 5079 2968 5131 aliena
3002 5081 3294 5146 provincia,
3337 5081 3543 5135 scilicet
3573 5092 3732 5135 extra

2160 5171 2542 5224 Viennensem.
2598 5168 2738 5234 Quid
2791 5171 2893 5223 sibi
2947 5169 3188 5224 Hilarius
3243 5173 3429 5240 qucerit
3465 5173 3520 5225 in
3550 5172 3730 5225 aliena

2159 5263 2456 5331 provincia,
2476 5261 2668 5330 inquit,
2697 5271 2743 5314 et
2774 5261 2827 5314 id
2851 5261 2990 5330 quod
3009 5261 3185 5314 nullus
3209 5263 3536 5317 decessorum
3561 5263 3729 5330 ipsius

2158 5365 2279 5405 ante
2313 5350 2658 5404 Patroculum
2686 5351 2899 5417 habuit,
2931 5367 3026 5402 cur
3055 5363 3296 5420 usurpat,
3330 5369 3448 5405 cum
3477 5363 3524 5406 et
3557 5356 3728 5421 ipsum

2156 5442 2296 5511 quod
2334 5439 2583 5494 Patroclo
2631 5458 2661 5492 α
2703 5445 2823 5494 sede
2869 5443 3160 5504 apostolica
3194 5444 3559 5512 temporaliter
3587 5443 3727 5494 vide-

2157 5537 2312 5589 batur
2339 5552 2449 5589 esse
2482 5550 2782 5588 concessum
2806 5574 2818 5596 ,
2869 5534 3200 5602 postmodum
3230 5537 3293 5587 sit
3337 5535 3550 5589 meliore
3597 5549 3725 5587 sen-

2157 5630 2320 5680 tentia
2353 5627 2657 5680 mutatum?
2692 5624 2896 5690 Quibus
2923 5624 3102 5677 verbis
3131 5625 3239 5680 Leo
3275 5628 3620 5696 apertissime
3646 5626 3726 5675 si-

2157 5720 2382 5788 gniticat
2405 5717 2584 5787 priora
2617 5715 2813 5769 Zosimi
2847 5719 3135 5785 rescripta,
3166 5727 3218 5770 et
3257 5719 3526 5786 posterius
3556 5713 3723 5772 Boni-

2157 5809 2278 5865 facii
2313 5814 2611 5877 decretum,
2655 5824 2762 5878 quo
2794 5817 3036 5879 potestas
3089 5809 3424 5868 Arelatensis
3482 5803 3723 5882 episcopi
