3966 6264
241 317 302 374 57
1209 319 1544 376 EPISTOLA
1588 322 1676 376 AD
1717 321 2074 380 IIENRICUM
2115 321 2488 380 VALESIUM.
3420 331 3489 385 58

252 441 381 494 intra
402 437 602 493 limites
638 440 982 496 Viennensis
1014 441 1304 511 provincize
1345 447 1722 506 coercebatur,
1763 450 1820 495 ut
1847 451 1893 505 Α
1922 441 2122 507 clesite,
2179 457 2298 511 qua:
2345 442 2477 496 vitio
2509 441 2747 511 episcopi
2774 443 2854 498 sui
2883 441 3075 498 l-Iilaril
3114 443 3339 513 antiquo
3365 442 3489 510 jure

263 531 487 599 superius
543 533 760 587 mooui.
820 535 953 598 Quae
1002 545 1184 589 autem
1238 534 1588 603 exceptiones
1617 533 1817 602 objice-

262 632 431 676 rentur
460 623 721 678 adversus
772 622 978 678 Zosimi
1035 625 1402 694 rescriptum,
1440 624 1587 677 ineo
1637 624 1814 693 capite

262 717 389 782 quod
434 713 814 768 ordinationes
846 716 896 767 in
933 725 1164 783 utraque
1208 714 1543 768 Narbonensi
1570 712 1816 768 Patroclo

256 821 538 861 concessas
579 808 824 873 respicit,
880 807 1020 860 idem
1079 807 1367 862 manifeste
1399 807 1577 869 docet,
1615 807 1657 858 si
1701 805 1815 872 ejus

255 901 410 951 vrba
479 900 634 968 juxta
689 899 905 968 regulas
951 899 1088 966 juris
1137 899 1531 967 expendamnr.
1600 897 1817 952 Scilicet

257 990 784 1059 obreptanosimo
849 1007 944 1060 per
995 992 1184 1044 falsam
1229 991 1460 1045 Patrocli
1513 991 1815 1060 suggestio-

246 1098 363 1136 nem
387 1123 404 1145 ,
432 1083 528 1150 qui
586 1083 856 1137 referebat
896 1083 960 1136 ad
1020 1084 1460 1137 consuetudinem
1507 1092 1772 1136 vetustam
1797 1122 1813 1148 ,

244 1187 399 1240 quam
463 1173 582 1239 ipse
642 1174 847 1242 primus
894 1173 1183 1242 usurpabat
1245 1175 1526 1229 ordinandi
1581 1183 1818 1243 potesta-

251 1274 350 1316 tem
386 1265 438 1317 in
475 1265 757 1332 provincia
789 1265 1148 1319 Narbonensi.
1189 1266 1387 1320 Deinde
1438 1267 1719 1335 signiﬁcat,
1749 1266 1815 1320 ad

243 1372 509 1408 summum
580 1357 993 1426 prterogativam
1028 1357 1174 1410 illam
1233 1373 1261 1410 a
1314 1356 1528 1412 Zosimo
1568 1360 1632 1412 ad
1679 1369 1815 1414 tem-

241 1457 338 1510 pus
372 1441 630 1496 Patroclo
680 1458 992 1498 concessam
1028 1445 1249 1515 intelligi
1305 1446 1521 1501 debere.
1578 1449 1816 1518 Denique

245 1536 410 1587 utitor
445 1537 756 1602 posteriore
787 1536 1045 1592 Bonifacii
1075 1538 1313 1602 decreto,
1349 1544 1490 1608 quod
1536 1541 1692 1611 juxta
1722 1559 1814 1597 ca-

242 1641 436 1678 nonum
469 1628 873 1692 praescriptum,
902 1629 1246 1681 ambitiosum
1284 1630 1411 1684 illud
1449 1641 1502 1686 et
1535 1647 1633 1701 per
1662 1631 1816 1687 frau-

240 1716 354 1770 dem
384 1717 636 1770 elicitum
671 1717 873 1772 Z0sitni
904 1722 1225 1789 rescriptum
1255 1761 1271 1785 ,
1323 1723 1457 1776 duas
1507 1725 1815 1792 provincias

1918 533 1970 586 in
1994 541 2311 602 perpetuum
2341 533 2540 601 priVari
2567 548 2671 588 non
2701 544 2930 604 poterat.
2968 535 3150 604 Itaque
3175 549 3285 590 rem
3316 545 3483 589 totam

1910 620 2063 688 juxta
2120 621 2339 675 concilii
2391 620 2743 677 Taurinensis
2770 623 3053 678 consilium
3114 624 3296 678 datum
3357 625 3484 678 olim

1916 713 2363 766 contendentilms
2383 713 2605 765 duarmn
2624 713 2900 766 civitatum
2931 715 3214 782 episcopis.
3242 714 3324 768 sic
3349 724 3484 768 tem-

1918 806 2152 875 peravit,
2186 817 2246 858 ut
2277 805 2532 874 majorem
2590 816 2792 875 partem
2823 808 3114 875 provinciae
3166 804 3487 862 Viennensis

1916 897 2235 951 restitueret
2293 897 2597 951 Arelatensi
2654 897 2952 963 Ecclesiae;
2994 898 3123 951 solis
3147 910 3382 966 quatuor
3409 900 3486 953 ci-

1919 989 2178 1042 vitatibus
2209 1003 2372 1057 penes
2410 986 2768 1042 Viennensem
2803 989 3111 1056 episcopum
3147 991 3349 1043 relictis
3371 1029 3386 1052 ,
3418 1007 3486 1044 ne

1916 1079 2173 1133 honorem
2210 1079 2657 1149 metropoliticum
2686 1119 2701 1140 ,
2734 1094 2893 1146 qttem
2933 1081 3162 1148 ipsemet
3190 1094 3484 1134 concesse-

1916 1179 2019 1235 rat,
2045 1170 2282 1223 adimere
2307 1186 2402 1236 per
2433 1170 2852 1224 inconstantiam
2889 1169 3247 1238 autinjutiam
3275 1170 3486 1222 videre-

1917 1269 2036 1326 tur;
2067 1272 2141 1323 et,
2170 1270 2226 1313 ut
2252 1261 2362 1328 ipse
2395 1260 2646 1327 loquitur,
2682 1277 2748 1313 ne
2779 1261 3111 1322 Viennensis,
3139 1263 3222 1314 cui
3248 1271 3484 1330 potesta-

1919 1359 2023 1404 tem
2061 1350 2511 1417 metropoliticam
2551 1350 2755 1403 Ililario
2800 1351 3033 1404 ablatam
3076 1352 3431 1420 depalaverat
3463 1390 3480 1416 ,

1914 1440 2190 1507 semetipso
2217 1439 2389 1508 factus
2418 1441 2680 1493 videretur
2703 1441 2940 1505 inferior.
2975 1439 3080 1493 Sed
3118 1449 3229 1492 tum
3283 1441 3350 1493 de
3405 1439 3480 1492 is-

1919 1531 2042 1584 thac
2089 1531 2496 1597 controversia,
2557 1542 2666 1584 tttm
2704 1531 2865 1584 etiam
2923 1530 2987 1585 de
3023 1531 3279 1599 dignitate
3335 1529 3481 1584 civili

1913 1619 2237 1675 Viennensis
2260 1629 2312 1672 et
2334 1620 2663 1675 Arelatensis
2692 1621 2943 1684 civitatis,
2965 1631 3266 1674 accuratam
3299 1622 3480 1680 disce-

1915 1710 2206 1778 ptationem
2239 1710 2483 1762 dabimus
2527 1711 2578 1761 in
2609 1711 2843 1762 secunda
2884 1709 3123 1762 editione
3155 1707 3277 1762 libri
3309 1708 3479 1764 nostri

240 1809 324 1860 uni
362 1810 786 1874 metropolitano
812 1813 1150 1875 concedens,
1197 1813 1515 1868 resciderat.
1569 1815 1807 1872 Tandem

1914 1801 1988 1855 De
2020 1801 2355 1870 primatibus,
2378 1815 2539 1870 quant
2572 1803 2919 1854 adornamus.

238 1897 522 1971 prtefracta
557 1899 748 1954 Ililarii
778 1901 1115 1957 Arelatensis
1145 1907 1486 1960 contumacia
1532 1905 1640 1962 Leo
1673 1924 1810 1978 papa

235 2004 558 2054 succensus,
598 1993 805 2060 absque
834 1995 1146 2063 cognitione
1191 2012 1371 2052 causae
1401 1998 1660 2055 inauditis
1710 2003 1813 2056 illis

234 2093 465 2147 quorum
496 2082 793 2148 intererat,
823 2083 911 2153 jns
940 2101 1101 2140 omne
1144 2090 1597 2157 metr0politicum
1648 2095 1810 2146 etiam

236 2169 286 2223 in
315 2173 601 2238 provincia
641 2173 932 2230 Viennensi
965 2181 1166 2233 ademit
1205 2182 1459 2251 episcopo
1482 2184 1810 2254 Arelatensi,

236 2259 476 2326 illudque
519 2260 817 2318 Viennensi
863 2267 1214 2335 adjndieavit,
1267 2287 1332 2325 ac
1379 2273 1422 2325 si
1479 2275 1545 2326 ad
1575 2290 1697 2328 eum
1743 2291 1809 2329 ex

229 2351 349 2417 jure
380 2353 565 2406 civilis
598 2358 958 2425 metropoleos
1001 2358 1156 2426 juxta
1198 2378 1432 2417 canones
1466 2367 1763 2433 pertineret
1792 2409 1807 2433 ,

234 2442 694 2503 quemadmodum
725 2447 1039 2515 Simplicius
1073 2452 1124 2503 in
1166 2454 1397 2506 concilio
1427 2454 1746 2511 Taurinensi
1780 2477 1806 2511 ει

236 2528 488 2583 Patribus
514 2533 646 2585 olim
689 2534 984 2600 impetrare
1011 2546 1333 2593 tentaverat.
1370 2539 1522 2596 I'Ianc
1561 2541 1810 2610 injuriam

235 2619 540 2672 Arelatensi
583 2620 845 2677 Ecclesiae
897 2625 1102 2679 illatam
1131 2630 1394 2683 adversus
1429 2633 1812 2687 vetustissima:

232 2713 645 2767 consuetudinis
667 2715 724 2766 ἐν
750 2718 814 2786 τῇ
849 2718 1234 2792 πρωτοκλησίᾳ
1264 2719 1501 2777 fundatae
1539 2734 1592 2777 et
1615 2740 1642 2776 a
1671 2724 1809 2779 Tro-

233 2801 414 2869 phimo
443 2804 629 2858 ductae
675 2810 1073 2875 auctoritatem,
1109 2813 1349 2882 episcopi
1395 2815 1692 2883 provincia:
1724 2814 1811 2869 Vi-

231 2892 512 2956 enn2nsis,
545 2894 647 2947 hac
679 2897 922 2951 novitate
949 2901 1204 2967 perculsi,
1234 2918 1489 2958 amovere
1519 2917 1808 2975 curarunt,

233 2988 524 3037 occasione
551 3000 773 3057 arrepta
806 3005 870 3043 ex
912 2990 1060 3044 obitu
1115 2993 1302 3048 lltlarii
1330 3035 1344 3058 ,
1393 3005 1448 3049 et
1481 2999 1749 3051 electione
1779 3013 1810 3052 a

234 3091 294 3128 se
317 3077 456 3134 facta
481 3077 775 3146 Ravennii,
796 3084 895 3136 viri
933 3085 1240 3152 gravissimi
1267 3098 1321 3140 et
1347 3084 1514 3141 Leoni
1548 3091 1806 3158 pergrati.

232 3167 419 3240 Itaque
461 3172 646 3225 libello
677 3173 908 3241 supplici
941 3177 1006 3227 ad
1041 3175 1271 3229 Leonem
1309 3178 1437 3231 dato
1465 3219 1480 3242 ,
1541 3182 1806 3247 primatus

233 3264 574 3316 Arelatensis
618 3267 883 3334 originem
932 3280 1218 3322 arcessunt
1254 3285 1281 3322 a
1333 3269 1675 3340 Tropbimo:
1717 3273 1806 3341 qui

235 3357 431 3410 missus
461 3373 490 3409 a
523 3355 588 3409 Β.
624 3359 803 3424 Petro,
824 3360 1028 3426 primus
1053 3361 1102 3414 in
1130 3360 1316 3415 Galliis
1348 3364 1562 3417 Arelate
1595 3365 1808 3435 episco-

237 3458 413 3515 patum
448 3450 690 3502 instituit
722 3469 734 3502 :
769 3453 922 3518 cujus
950 3455 1165 3520 quidem
1198 3457 1468 3522 pritna'va:
1508 3455 1809 3510 institutio-

238 3541 318 3592 nis
347 3541 489 3594 ratio
524 3543 704 3609 potior
733 3543 805 3596 sit
855 3544 1124 3608 habenda,
1165 3563 1326 3615 quam
1361 3547 1538 3602 civilis
1577 3550 1809 3618 disposi-

239 3635 417 3699 tionis,
441 3651 566 3703 qua:
603 3637 822 3689 Viennae
871 3637 960 3706 jus
1003 3641 1361 3708 tnetropoleos
1413 3642 1643 3710 politicte
1678 3643 1806 3697 olim

241 3725 529 3780 tribuerat.
559 3728 714 3794 Quod
764 3727 930 3782 telum
961 3745 1027 3783 ex
1076 3732 1266 3785 ordine
1301 3733 1446 3786 civili
1495 3734 1718 3802 petitum
1753 3743 1810 3788 ut

241 3818 503 3886 repellant
536 3819 800 3888 episcopi,
834 3836 939 3874 non
971 3821 1218 3875 dubitant
1248 3823 1460 3877 civilem
1485 3839 1700 3894 queque
1725 3825 1810 3878 di-

241 3905 521 3971 gnitatem,
554 3921 659 3974 qua
692 3908 1027 3976 temporibus
1076 3909 1180 3964 illis
1206 3909 1432 3965 ﬂorebat
1455 3913 1648 3966 civitas
1681 3915 1810 3969 Are-

243 3993 483 4063 latensis,
519 3997 683 4052 Leoni
711 4017 1041 4070 proponere:
1071 4003 1122 4056 in
1154 4019 1216 4057 ea
1245 4019 1434 4074 nempe
1460 4008 1641 4060 sedem
1674 4023 1810 4076 prte-

243 4086 454 4142 l'ectnra:
487 4091 782 4145 Galliarum
803 4111 832 4145 a
864 4095 1080 4149 civitate
1114 4090 1458 4151 Trevirorum
1489 4115 1552 4154 eo
1576 4102 1806 4155 transla-

242 4185 345 4229 tam
382 4185 681 4235 consistere
714 4201 728 4237 :
771 4195 930 4252 atque
963 4188 1102 4240 adeo
1167 4189 1350 4242 urbem
1408 4189 1567 4243 illam:
1588 4204 1809 4246 matrem

243 4273 472 4324 eninium
501 4273 799 4328 Galliarum
821 4293 958 4330 esse.
983 4276 1134 4343 Quod
1169 4281 1392 4347 dictum,
1424 4292 1480 4337 ιιι
1509 4298 1810 4352 oppOnatnr

246 4360 480 4426 Vienna,
508 4382 630 4433 qua:
657 4383 752 4434 pro
788 4380 960 4423 matre
984 4365 1308 4427 Viennensis
1345 4385 1548 4428 tantum
1587 4380 1808 4446 provin-

1982 1895 2248 1948 Ctelerunt
2287 1895 2400 1947 haec
2441 1891 2721 1959 Tropltimi
2775 1894 3078 1963 antiquitas
3122 1894 3478 1948 conﬁrmatur

1912 1985 2141 2054 epistola
2167 1985 2418 2055 Cypriani
2446 1987 2512 2039 ad
2547 1985 2879 2055 Stephanum
2913 2002 3138 2056 papam,
3179 2001 3284 2056 qua
3344 1987 3480 2054 petit

1912 2083 1970 2128 ut
1999 2077 2066 2130 ab
2115 2089 2180 2130 eo
2226 2076 2536 2128 scribantur
2572 2076 2765 2130 littera:
2795 2078 2845 2128 in
2875 2075 3215 2130 Provinciam
3271 2076 3358 2145 (id
3395 2086 3479 2128 est

1913 2165 2318 2220 Narbonensem
2361 2165 2612 2230 solidam,
2646 2182 2802 2232 quam
2842 2147 3010 2221 veteri
3057 2167 3352 2220 Provinciae
3381 2182 3478 2218 no-

1911 2257 2057 2310 mine
2089 2257 2395 2327 nuncupat)
2443 2258 2638 2324 quibus
2685 2257 2961 2311 lllarciano
2991 2258 3242 2326 epismpo
3296 2259 3480 2311 Arela-

1915 2349 2051 2402 tensi
2117 2349 2388 2412 abstento,
2421 2349 2558 2402 alius
2607 2350 2657 2402 in
2693 2350 2808 2417 ejus
2843 2351 3021 2402 locum
3072 2353 3472 2412 substituatur;

1911 2441 2164 2509 quoniam
2201 2441 2397 2508 Spretis
2431 2440 2762 2508 collegarum
2799 2441 3038 2504 monitis,
3079 2439 3358 2494 Novatiani
3384 2457 3476 2495 er-

1911 2532 2130 2586 roribus
2163 2532 2520 2600 pervicaciter
2546 2532 2873 2584 adlnere-bat.
2901 2530 3188 2584 Necessum
3235 2546 3360 2585 vero
3391 2540 3474 2584 est

1911 2620 2049 2676 hanc
2078 2620 2334 2692 Cypriani
2388 2621 2669 2692 epistolam
2701 2626 2961 2694 scriptam
3001 2639 3120 2679 esse
3150 2626 3303 2678 initio
3331 2627 3476 2680 sedis

1912 2710 2196 2782 Stephani,
2228 2716 2444 2786 quando
2480 2719 2614 2772 duos
2645 2719 2786 2772 inter
2818 2717 2935 2770 illos
2957 2717 3236 2786 pontifices
3264 2718 3476 2771 dissen-

1910 2803 1992 2858 sio
2024 2807 2262 2859 nondutn
2297 2808 2400 2862 ulla
2439 2809 2839 2864 intercesserat.
2884 2808 3097 2861 Initium
3135 2818 3312 2862 autem
3344 2807 3474 2862 illud

1912 2895 2171 2965 Stephani
2208 2915 2327 2953 cum
2356 2902 2518 2954 cadat
2548 2901 2599 2954 in
2645 2915 2849 2953 annum
2881 2896 3010 2965 256,
3044 2899 3289 2968 sequitur
3333 2897 3475 2952 Mar-

1910 2989 2054 3043 ciani
2091 2990 2311 3045 exordia
2355 2991 2681 3046 antecedere
2729 2991 2875 3045 Decii
2928 2991 3292 3043 consulatum.
3325 2989 3475 3046 Unde

1912 3082 2216 3136 rectissime
2254 3082 2558 3151 colligitur,
2590 3083 2899 3137 missionem
2927 3078 3205 3152 Trophimi
3231 3086 3282 3138 itt
3315 3095 3464 3137 ante-

1912 3173 2049 3224 riora
2073 3174 2514 3239 promovendam,
2537 3176 2706 3227 invito
2725 3175 2848 3228 licet
2867 3172 3130 3240 Gregorio
3149 3173 3472 3244 'I‘uronensi,

1911 3262 2118 3320 scilicet
2145 3267 2212 3319 ad
2238 3265 2382 3320 Petri
2435 3276 2670 3328 tetatem,
2699 3266 2854 3336 juxta
2897 3266 3060 3320 libelli
3092 3267 3472 3336 episcoporum

1908 3359 2200 3425 provinciae
2242 3358 2566 3415 Viennensis
2598 3360 2964 3414 testationem.
2997 3359 3119 3416 Sola
3151 3360 3270 3413 falsi
3295 3363 3475 3429 suspi-

1910 3447 2064 3502 cione
2099 3448 2238 3502 ultro
2266 3451 2570 3518 excogitata
2608 3460 2715 3502 tum
2767 3451 3030 3505 adversus
3054 3447 3310 3520 Cypriani
3359 3452 3476 3521 cpi:

1910 3541 2126 3605 stolam,
2158 3553 2267 3595 tum
2295 3544 2553 3596 adversus
2576 3541 2778 3598 Zosimi
2821 3546 3084 3614 rescripta
3112 3557 3164 3598 et
3191 3547 3475 3615 episcopo-

1912 3648 2030 3686 rum
2060 3633 2317 3697 libcllnm,
2343 3634 2534 3688 nollem
2558 3650 2585 3687 a
2615 3635 2912 3691 manifestis
2936 3637 3040 3692 illis
3066 3639 3472 3707 probationibus

1910 3738 1968 3778 se
2000 3723 2290 3779 liberarent
2322 3724 2568 3795 Gregorii
2599 3724 2861 3782 fautores.
2892 3729 3142 3783 Admisso
3170 3732 3366 3800 quippe
3389 3746 3475 3785 sc-

1909 3815 2016 3870 mel
2059 3817 2159 3870 hac
2212 3818 2570 3885 respondendi
2606 3827 2662 3872 et
2697 3813 3081 3888 praiscribendi
3119 3824 3344 3886 ratione,
3379 3824 3476 3876 ad-

1909 3921 2098 3961 versus
2127 3909 2324 3977 scripta
2344 3924 2464 3979 qua:
2490 3910 2618 3964 stilo
2648 3919 2704 3964 et
2736 3923 3066 3966 vetustorum
3090 3913 3333 3968 codicum
3353 3909 3471 3969 edi-

1910 3999 2221 4067 tionumque
2263 4000 2387 4062 lide,
2442 4001 2796 4071 veterumque
2824 4011 3112 4056 auctorum
3159 4006 3472 4058 testimonio

1911 4090 2251 4153 muniuntur,
2283 4090 2428 4144 cadit
2466 4094 2641 4146 omnis
2669 4093 2735 4145 de
2765 4093 3154 4162 quaestionibus
3189 4093 3471 4150 litterariis

1911 4184 2210 4238 disserendi
2241 4185 2576 4252 ingeniorum
2611 4185 2913 4241 delectatio.
2943 4187 3158 4240 Interim
3211 4189 3470 4242 omitten-

1911 4277 2036 4328 dmn
2071 4294 2173 4331 non
2211 4287 2291 4331 est
2325 4291 2587 4330 assertum
2638 4279 2915 4349 Cypriano
2943 4277 3222 4344 epistolam
3247 4296 3274 4331 a
3307 4277 3370 4334 γ.
3408 4281 3469 4334 C.

1912 4365 2148 4434 Rigaltio
2185 4367 2235 4419 itt
2271 4365 2417 4419 notis
2443 4367 2508 4419 ad
2533 4352 2884 4437 Cyprianum,
2917 4369 3096 4435 discus
3131 4367 3178 4423 is
3212 4369 3329 4423 falsi
3379 4385 3471 4422 ar-

245 4454 336 4504 cite
392 4467 450 4506 se
506 4457 750 4522 gerebat.
808 4458 1030 4513 Addunt
1082 4464 1242 4514 etiam
1277 4477 1291 4514 :
1326 4461 1634 4532 Quicunque
1665 4466 1806 4519 intra

1914 4461 2181 4525 gumentis
2207 4474 2236 4510 a
2263 4458 2380 4511 viro
2418 4459 2734 4514 doctissimo
2765 4461 2960 4513 allatis.
2991 4460 3222 4529 Operam
3254 4476 3470 4531 quoque

245 4539 464 4605 Callias,
496 4544 708 4598 seilicet
731 4545 843 4612 jam
882 4547 1002 4602 inde
1044 4566 1072 4602 a
1110 4552 1466 4606 Constantino
1491 4554 1723 4610 Maximo
1753 4567 1806 4610 et

252 4631 642 4695 Valentiniano,
679 4645 942 4691 ostentare
975 4630 1135 4693 uoluit
1163 4643 1396 4712 insignia
1423 4646 1720 4714 dignitatis,
1750 4650 1806 4702 in

248 4718 336 4772 lim:
357 4731 485 4776 urbe
515 4727 848 4780 consulatum
874 4734 1155 4798 accepisse,
1199 4746 1244 4786 et
1291 4737 1494 4789 dedisse
1523 4754 1540 4791 :
1578 4739 1677 4793 hoc
1723 4753 1807 4793 ρει

249 4815 574 4869 consttlatum
602 4818 937 4875 circensibus
953 4822 1335 4890 celrbravisse,
1356 4830 1803 4893 quemadmodum

248 4907 449 4974 egregie
486 4908 629 4962 hunc
664 4909 838 4964 locum
880 4913 1264 4982 interpretatur
1289 4917 1374 4970 vir
1397 4921 1802 4976 eruditissimus

246 4996 502 5050 Adrianus
551 4997 818 5066 Valesius,
864 5003 1167 5059 litterarum
1197 5018 1250 5060 et
1281 5011 1558 5079 sanguinis
1591 5027 1806 5080 germa-

248 5087 402 5140 nitate
437 5087 605 5144 frater
647 5104 795 5154 tuns,
832 5109 865 5146 ο
911 5097 1041 5148 mibi
1091 5099 1414 5155 cbarissime
1447 5102 1676 5158 Ilenrice
1699 5103 1806 5157 Va-

245 5174 350 5239 lcsi,
381 5181 430 5231 in
457 5181 592 5235 libro
627 5199 724 5237 vm
763 5176 958 5238 Rerum
994 5181 1396 5254 Francicarum,
1431 5210 1568 5261 quas
1599 5197 1804 5250 doctis-

248 5267 385 5320 simis
413 5273 558 5324 curis
591 5285 645 5326 et
676 5274 880 5339 ingenii
939 5278 1018 5330 sui
1067 5279 1288 5333 solertia
1348 5283 1662 5338 illustravit.
1699 5287 1805 5339 Ex-

245 5362 402 5423 pensis
456 5367 675 5417 tamlem
733 5367 1010 5420 rationum
1063 5372 1348 5426 momentis
1379 5412 1395 5438 ,
1449 5388 1569 5443 quae
1625 5376 1804 5430 libello

240 5457 594 5526 episcoporum
630 5459 1063 5513 Provincialium
1115 5465 1553 5531 continebantur,
1605 5471 1804 5526 auditis

233 5547 422 5618 quoque
448 5549 885 5620 allegationibus
911 5551 1147 5619 episcopi
1175 5554 1514 5624 Viennensis,
1540 5556 1647 5611 Leo
1665 5576 1801 5628 papa

223 5642 464 5714 privilegii
498 5641 874 5708 Arelatensis
907 5643 1167 5698 rationem
1205 5645 1508 5702 habendam
1545 5652 1755 5705 cen5nit
1785 5691 1802 5715 ,

218 5737 728 5808 restitncndamque
757 5734 1212 5804 metropoliticam
1242 5737 1553 5810 dignitatem
1593 5743 1665 5798 illi
1704 5743 1804 5800 Ec-

1910 4564 2017 4602 non
2074 4549 2443 4619 indiligentem
2493 4552 2672 4620 posuit
2734 4553 2812 4605 vir
2844 4553 3004 4621 plane
3043 4555 3284 4608 eruditus
3318 4554 3470 4621 llugo

1906 4635 2193 4691 Menardns
2229 4641 2280 4691 in
2319 4639 2628 4693 rel‘ellendis
2678 4645 3006 4709 argumentis
3060 4643 3317 4696 adversus
3367 4641 3471 4711 Cy-

1909 4729 2082 4796 priani
2123 4730 2430 4799 epistolam,
2461 4741 2515 4784 ιιι
2566 4733 2768 4788 Zosimi
2814 4735 3100 4803 rescripta,
3138 4745 3299 4803 atque
3327 4734 3473 4789 libel-

1909 4819 2016 4871 lum
2044 4821 2336 4888 supplicent
2373 4822 2638 4876 adductis.

1977 4908 2106 4977 Quae
2145 4913 2471 4976 testimonia,
2524 4915 2648 4968 licet
2681 4914 2747 4968 ad
2777 4916 3152 4970 vindicandam
3187 4918 3468 4972 veritatem

1907 5003 2197 5070 solliciant,
2236 5019 2339 5057 non
2372 5004 2605 5058 alienmn
2649 5007 2750 5060 erit
2784 5010 2852 5060 ad
2903 5009 3206 5064 traditionis
3237 5011 3473 5080 antiqute

1907 5101 2104 5156 seriem
2151 5103 2645 5170 comprobandum,
2683 5104 2924 5159 Adonem
2976 5105 3333 5163 Viennensem
3367 5123 3473 5166 tes-

1910 5205 2012 5250 tem
2041 5193 2298 5257 laudare;
2340 5193 2492 5260 cujus
2517 5196 2626 5248 lucc
2658 5207 2784 5250 sunt
2813 5199 2972 5251 verba
3007 5201 3056 5252 in
3087 5200 3472 5274 Martyrologio

1907 5301 1958 5339 tv
1994 5284 2122 5339 Kal.
2171 5284 2466 5338 Januarii:
2519 5287 2671 5354 Apud
2719 5287 3006 5353 Arelatem,
3059 5295 3248 5345 natalis
3297 5296 3468 5347 sancti

1909 5375 2177 5445 Trapltimi
2207 5378 2436 5445 episcOpi
2459 5387 2505 5431 et
2528 5381 2864 5448 confessoris,
2916 5384 3163 5449 discipuli
3206 5387 3472 5444 apostolo-

1906 5487 2023 5523 rum
2063 5467 2204 5521 Petri
2229 5481 2276 5522 et
2323 5467 2505 5526 Pauli.
2556 5470 2700 5526 Idem
2736 5475 2956 5529 uberius
2985 5477 3035 5528 in
3071 5477 3250 5529 libello
3292 5481 3358 5531 de
3393 5478 3476 5530 fe-

1905 5562 2241 5616 etivitatibus
2269 5564 2657 5631 apostolorum.
2694 5563 2911 5620 Natalis
2959 5570 3126 5620 sancti
3159 5568 3428 5633 Troii'tinti
3451 5609 3468 5634 ,

1906 5655 2090 5723 dequo
2119 5655 2296 5708 scribit
2338 5655 2622 5724 Apostolus
2668 5659 2736 5710 ad
2791 5657 3161 5713 Timotheum:
3193 5680 3211 5712 ι
3249 5660 3471 5730 Troplii-

1906 5762 2044 5800 munt
2069 5759 2242 5800 autem
2284 5749 2469 5806 reliqui
2497 5749 2764 5814 iniit-mum
2794 5747 2989 5805 Mileti.
3025 5772 3045 5805 ι
3090 5752 3190 5807 llic
3241 5753 3306 5807 ab
3342 5770 3471 5821 apo—
