3966 6264
489 359 561 416 39
1798 355 2005 437 PETRI
2046 354 2132 412 DE

2173 353 2406 410 MARCA
3713 339 3786 395 ιο

489 481 639 537 stolis
673 478 856 534 Romae
885 460 1158 531 ordinatus
1186 479 1476 545 episcopus,
1519 477 1721 543 primus
1757 477 1829 529 ad
1883 475 2074 529 Arela—
2100 481 2147 537 Α
2177 491 2299 528 cum
2334 473 2500 529 Paulo
2528 472 2856 544 proconsule
2908 468 3121 536 niiscct,
3174 470 3564 536 eamdemque
3619 462 3782 523 facit.

490 585 591 629 tem
614 573 793 627 urbem
814 560 1008 625 Gallia:
1034 570 1097 623 ob
1147 568 1345 623 Cltristi
1387 566 1734 638 Evangelium
1769 567 2063 637 praedicano

490 669 616 718 dum
650 663 879 715 directus
916 668 1037 714 est:
1095 674 1160 713 ex
1194 660 1346 728 cujus
1403 657 1566 727 fonte,
1617 667 1673 711 ut
1708 659 1888 713 beatus
1922 672 2062 726 papa

488 751 733 809 Zosimus
765 749 964 810 scribit,
987 755 1116 802 tota:
1141 745 1329 801 Callia:
1352 746 1477 815 ﬁdei
1528 748 1669 800 rivos
1694 757 2009 817 acceperunt
2041 761 2062 801 .'

488 845 580 915 qui
607 842 747 909 apud
775 841 1009 894 eamdem
1040 840 1219 893 urbem
1257 839 1314 891 in
1342 854 1469 908 pace
1495 839 1712 909 quievit.

560 933 761 986 Errare
790 924 1040 1000 Gregorii
1073 928 1411 982 Turonensis
1441 928 1493 981 itt
1529 926 1897 996 consignanda
1924 923 2062 981 Tro-

491 1025 658 1096 pbimi
695 1023 901 1093 epocba
952 1021 1263 1088 dispuncto,
1296 1032 1356 1074 re
1388 1017 1814 1088 impetrabiliore
1844 1026 2064 1073 utemur

490 1116 544 1171 in
580 1113 858 1184 probanda
888 1111 1083 1166 similis
1107 1110 1354 1178 ejusdem
1394 1111 1637 1163 auctoris
1688 1107 2064 1163 ballucinatio-

491 1208 577 1262 nis
617 1204 1007 1260 confutatione.
1057 1200 1285 1256 Paulum
1339 1199 1750 1255 Narbonensem
1803 1201 1868 1254 ad
1919 1200 2062 1256 Decii

489 1308 732 1367 tempora
753 1295 1052 1366 Gregorius
1084 1294 1296 1364 dejicit.
1326 1293 1426 1349 Cui
1463 1307 1797 1363 opponemus
1820 1293 2061 1364 locuple-

488 1390 761 1444 tissimutn
791 1387 1158 1443 testimonium
1205 1385 1564 1441 vetustissimi
1609 1383 1973 1456 Martyrologii
2029 1399 2061 1440 a

490 1479 796 1551 Rosweydo
825 1478 978 1541 editi,
1007 1492 1114 1548 quo
1150 1474 1391 1531 Ecclesia
1422 1474 1665 1530 Romana
1697 1476 1840 1532 inter
1864 1476 2061 1531 solem-

489 1588 589 1627 nes
641 1575 777 1626 ritus
821 1570 1093 1634 utebatur,
1146 1579 1286 1625 teste
1323 1568 1583 1638 Gregorio
1611 1568 1803 1640 Magno
1845 1568 1936 1624 lib.
1968 1583 2057 1635 vtt,

489 1663 651 1733 epist.
684 1660 775 1717 29.
812 1660 1179 1732 Martyrologii
1223 1660 1367 1716 illius
1402 1661 1516 1714 haec
1538 1670 1666 1715 sunt
1693 1661 1856 1715 verba
1892 1660 1959 1715 ad
2004 1676 2059 1715 ιιι

490 1754 610 1810 Kal.
639 1752 841 1824 Aprilis
871 1769 888 1805 :
931 1752 1222 1816 Narbontc,
1262 1751 1436 1805 sancti
1469 1748 1632 1804 Pauli
1661 1753 1926 1822 episcopi,
1978 1752 2062 1805 di-

490 1846 678 1916 scipuli
702 1844 1078 1916 appstolorum.
1120 1843 1200 1897 En
1229 1843 1453 1898 Paulum
1487 1846 1800 1915 episcopum
1847 1843 2057 1899 Narbo-

490 1956 739 2007 nensem,
770 1937 1095 2006 discipulum
1143 1936 1539 2004 apostolorum,
1576 1937 1629 1991 id
1677 1945 1761 1992 est
1815 1939 1883 1992 ab
1929 1938 2061 2008 ipsis

491 2031 752 2103 apostolis
792 2031 1164 2087 Christianam
1196 2027 1357 2083 ﬁdem
1416 2031 1688 2084 edoctum.
1740 2029 1914 2085 Causa
1966 2045 2059 2086 ca-

492 2124 638 2186 dam,
670 2121 770 2175 nisi
807 2130 1064 2175 constans
1094 2120 1170 2174 sit
1199 2120 1250 2173 in
1282 2118 1470 2173 eodem
1496 2116 1880 2189 Martyrologio
1910 2121 2058 2174 verbi

492 2216 636 2270 illius
666 2230 825 2283 quam
854 2214 1110 2285 proposui
1163 2211 1536 2281 signiﬁcatio;
1592 2227 1713 2283 quae
1760 2214 1866 2267 alia
1912 2222 2062 2268 certe

491 2323 611 2362 esse
644 2322 748 2360 non
772 2314 949 2375 potest
991 2304 1148 2373 juxta
1188 2305 1467 2375 proprium
1520 2304 1777 2360 dictionis
1816 2318 2057 2358 sensum.

490 2396 741 2451 Referam
776 2396 915 2458 loca,
946 2411 1013 2450 ex
1047 2395 1245 2464 quibus
1283 2395 1399 2451 btec
1433 2395 1752 2464 signiﬁcatio
1780 2394 1929 2449 verbi
1958 2393 2060 2448 ad-

491 2490 740 2544 struitur.
778 2487 958 2543 Pridie
998 2484 1184 2542 Nanas
1209 2484 1481 2541 Januarii.
1511 2485 1666 2555 Apud
1687 2485 1921 2549 Cretam,
1953 2484 2061 2542 Titi

491 2580 846 2649 apostolorum
871 2580 1117 2649 discipuli
1160 2595 1223 2636 tu
1268 2577 1396 2632 Kal.
1426 2576 1578 2632 Maii.
1607 2578 1757 2641 Apud
1792 2575 2060 2644 Paphum,

492 2672 704 2745 Tycltici
749 2675 1105 2739 apostolorum
1141 2671 1408 2739 discipuli.
1444 2685 1517 2724 vtt
1585 2667 1854 2723 Kalendas
1883 2668 2057 2723 Junii.

490 2764 645 2832 Apud
676 2765 928 2829 Athenas,
955 2763 1214 2827 Quadrati
1239 2761 1597 2829 apostolorum
1632 2762 1897 2832 discipuli.
1931 2760 2058 2815 Pti-

491 2856 577 2908 die
604 2854 788 2908 Nonas
815 2855 1060 2924 Augusti.
1115 2852 1411 2907 Aristarchi
1429 2853 1671 2920 discipuli
1684 2854 2056 2923 apostolorum.

493 2962 546 3002 tv
583 2944 709 2999 Kal.
740 2947 1060 3000 Decembris.
1103 2943 1393 2999 ~Sostltenis
1416 2944 1657 3015 discipuli
1683 2945 2057 3015 apostolorum.

500 3054 557 3092 vt
606 3035 872 3091 Kalendas
913 3035 1188 3091 Januarii.
1224 3034 1493 3106 Trophimi
1535 3036 1784 3106 episcopi,
1816 3037 2061 3107 discipuli

493 3128 849 3200 apostolorum
891 3128 1068 3195 Quare
1098 3127 1300 3182 diserta
1334 3137 1440 3192 est,
1466 3127 1675 3192 utdixi,
1697 3126 2059 3198 Martyrologii
2091 3159 2133 3214 Ο

505 3221 710 3276 veteris
738 3220 963 3275 Romani
1000 3220 1236 3285 testatio,
1260 3220 1330 3275 ad
1371 3219 1639 3288 ﬁgendum
1666 3218 1815 3273 Pauli
1852 3217 2062 3275 Narbo-

492 3315 678 3369 nensis
709 3313 1078 3383 episcopatum
1127 3312 1179 3367 iu
1236 3311 1369 3382 ipsis
1398 3310 1763 3381 apostolorum
1800 3311 2062 3381 tempori-

494 3406 615 3473 bus,
666 3404 916 3473 quamvis
965 3402 1248 3474 Trophimi
1303 3403 1620 3473 episcopatu
1675 3402 2059 3472 posteriorem.

492 3494 919 3549 Celeberritnum
955 3494 1176 3564 quidem
1226 3491 1368 3562 apud
1393 3490 1645 3560 antiquos
1702 3488 1874 3544 fuisse
1908 3486 2061 3544 Pauli

493 3586 653 3658 hujus
691 3601 908 3652 nomen,
931 3587 1088 3643 docet
1115 3584 1449 3642 Prudentius
1477 3584 1531 3639 itt
1562 3582 1891 3654 Hartyribus
1937 3579 2059 3636 Cte-

491 3675 893 3743 saraugustanis
920 3690 941 3730 :

565 3767 799 3824 Barcina
830 3770 975 3824 claro
1011 3766 1269 3841 Cucufate
1299 3769 1439 3841 {ulla

564 3860 772 3931 Surget,
803 3872 849 3917 et
883 3861 1053 3917 Paulo
1073 3863 1310 3934 speciosa
1340 3852 1546 3917 Narbo.

494 3950 601 4009 Sed
629 3953 882 4024 temporis
906 3970 1088 4009 veram
1120 3955 1587 4025 consignatioaem
1642 3966 1708 4008 ex
1750 3949 2060 4006 testimonio

493 4045 864 4101 vetustissimo
895 4047 1152 4100 Romanae
1188 4045 1445 4102 Ecclesiae
1473 4060 1636 4116 supra
1667 4045 1885 4100 laudato
1923 4044 2060 4098 hau-

496 4136 606 4189 rire
651 4137 930 4192 debemus.
971 4134 1306 4190 'l‘raditionis
1352 4151 1481 4191 vero
1518 4139 1689 4192 series
1720 4140 1947 4206 petenda
1975 4143 2061 4190 est

495 4235 605 4278 tum
628 4238 693 4278 ex
720 4223 985 4290 Usuardo,
1008 4237 1061 4278 et
1086 4240 1151 4279 ex
1166 4224 1318 4280 Actis
1335 4227 1459 4280 vitae
1484 4224 1630 4280 Pauli
1656 4225 2019 4281 Narbonensis
2043 4243 2057 4292 ;

496 4323 609 4367 tum
633 4314 797 4368 etiam
827 4328 891 4367 ex
944 4315 1151 4368 Adonis
1177 4314 1557 4386 Martyrologio
1581 4357 1595 4382 ,
1633 4325 1795 4385 atque
1824 4331 1890 4370 ex
1916 4316 2061 4384 ejus-

492 4410 613 4461 dem
650 4406 831 4463 libello
872 4408 940 4462 de
989 4405 1383 4463 festivitatibus
1446 4408 1850 4478 apostolorum;
1907 4410 2061 4477 cujus

2163 565 2429 621 Praeterea
2464 566 2622 621 docet
2647 566 2698 620 in
2734 565 3078 636 possessione
3128 564 3494 632 episcopatus
3543 556 3787 613 institu-

2161 665 2278 713 tum
2314 671 2344 709 a
2381 654 2550 711 Paulo
2598 653 2840 726 apostolo
2883 653 2935 708 in
2975 650 3287 724 Hispaniam
3334 652 3780 723 proticiscente.

2163 748 2293 816 Qua:
2326 747 2544 816 quidem
2569 747 2864 814 prudenter
2890 747 3009 800 Ado
3044 760 3148 799 non
3181 745 3428 801 asseruit
3479 749 3547 797 ut
3590 749 3781 803 certa,

2164 840 2256 893 sed
2284 848 2337 892 ut
2364 836 2504 892 fama
2549 836 2845 891 vetustiore
2876 846 3092 904 recepta
3122 856 3135 890 :
3193 836 3351 905 cujus
3407 830 3782 886 narrationis

2165 940 2417 984 auctores
2439 928 2680 992 Braulio,
2709 927 2979 993 Leander,
3012 924 3287 989 Julianus,
3319 935 3376 980 et
3406 924 3508 978 alii
3547 929 3781 976 veteres

2163 1017 3082 1088 scriptoresilispaniproferuntur
3111 1018 3166 1071 in
3216 1016 3422 1071 litteris
3477 1014 3775 1083 Stephani

2163 1126 2313 1185 papae
2339 1111 2500 1167 editis
2530 1128 2557 1165 a
2578 1111 2712 1165 viris
2741 1109 3066 1165 clarissimis
3112 1116 3167 1163 et
3189 1108 3600 1165 eruditissimis
3629 1105 3773 1162 Gui-

2165 1200 2347 1255 lielmo
2375 1200 2600 1264 Catella,
2633 1210 2887 1255 senatore
2917 1199 3208 1265 Tolosauo,
3235 1208 3288 1254 et
3320 1198 3590 1268 Philippo
3619 1196 3771 1252 Lab-

2162 1293 2301 1358 baeo,
2326 1292 2614 1348 Societatis
2642 1291 2767 1346 Jesu
2818 1292 3165 1361 presbytero;
3196 1304 3424 1360 quarum
3467 1287 3774 1357 escntplar

2168 1374 2348 1439 exstat
2379 1386 2541 1438 etiam
2576 1384 2632 1438 in
2680 1383 2917 1437 archivis
2948 1382 3206 1437 Ecclesia:
3263 1381 3725 1436 Tarraconensis
3751 1418 3768 1444 ,

2162 1488 2499 1543 quarumque
2551 1472 2706 1527 [idem
2752 1482 2808 1527 et
2838 1471 3156 1526 sententiam
3181 1471 3553 1540 expendimus
3584 1469 3645 1524 in
3673 1483 3770 1524 se-

2163 1564 2335 1618 cunde
2376 1563 2612 1617 editione
2637 1562 2757 1616 libri
2785 1561 2955 1616 nostri
2987 1563 3060 1614 De
3091 1561 3425 1630 primatibus.

2232 1655 2388 1723 Quod
2414 1656 2609 1710 attinet
2637 1655 2704 1710 ad
2747 1652 3085 1723 Martialem,
3136 1654 3266 1708 illud
3299 1668 3469 1707 unum
3511 1651 3767 1706 habetur

2160 1745 2214 1803 in
2243 1744 2645 1818 Martyrologiis
2697 1743 2996 1809 veteribus,
3048 1758 3171 1797 eum
3221 1727 3535 1796 Letnovicae
3583 1739 3769 1796 fuisse

2093 1824 2136 1880 Β
2163 1840 2500 1910 episc0punt.
2550 1836 2937 1891 Verumtamen
2997 1836 3218 1904 antiqua
3252 1835 3367 1904 ejus
3400 1834 3536 1888 vitae
3574 1833 3719 1887 Acta
3745 1870 3762 1896 ,

2163 1945 2328 1984 unum
2360 1928 2527 1983 fuisse
2559 1941 2590 1981 e
2631 1941 2736 1979 Lxx
2802 1924 3080 1995 discipulis
3130 1923 3376 1988 Domini,
3419 1932 3479 1977 et
3525 1938 3557 1975 a
3593 1918 3766 1976 Petro

2164 2021 2412 2091 apostolo
2438 2021 2506 2074 ad
2544 2020 2845 2087 Aquitanos
2877 2019 3101 2071 missum
3139 2015 3370 2080 docent;
3400 2030 3581 2084 quam
3642 2023 3764 2068 tra-

2162 2116 2421 2171 ditionem
2448 2111 2693 2182 amplexa
2716 2121 2811 2165 est
2857 2110 3096 2180 synodus
3138 2108 3559 2163 Lemovicensis
3610 2121 3762 2161 anno

2164 2204 2304 2261 1054
2336 2205 2390 2258 in
2421 2201 2818 2271 disceptatione
2858 2213 2978 2269 qua:
3029 2200 3097 2254 de
3133 2198 3395 2254 Martialis
3432 2198 3759 2269 apostolatu

2162 2297 2216 2352 in
2239 2296 2428 2353 Galliis
2459 2296 2641 2350 habita
2669 2302 2771 2350 est.

2234 2389 2478 2461 Dionysii
2512 2388 2835 2444 Parisiensis
2858 2388 3105 2444 succedit
3135 2397 3330 2443 vexata
3353 2385 3760 2458 disputationi-

2161 2484 2262 2539 bus
2294 2467 2743 2551 graviSsimorum
2792 2484 3033 2536 virorum
3061 2482 3272 2552 epocba
3302 2498 3317 2535 :
3355 2481 3440 2535 his
3465 2472 3755 2535 stantibus

2162 2584 2191 2622 a
2225 2568 2506 2637 Gregorio,
2538 2578 2596 2624 et
2643 2571 2710 2622 ad
2750 2569 2898 2623 Decii
2931 2579 3172 2640 tempora
3222 2571 3534 2625 antistitetn
3593 2570 3751 2623 illum

2161 2661 2593 2727 detrudentibus,
2622 2676 2729 2731 quo
2775 2676 2899 2731 spes
2932 2663 3111 2717 omnis
3143 2662 3514 2718 Parisiensem
3543 2662 3754 2733 Diony-

2161 2751 2299 2806 sium
2328 2767 2448 2806 cum
2478 2754 2807 2824 ArcOpagita
2849 2754 3208 2824 permiscendi
3246 2755 3656 2810 abscindatur:
3693 2755 3753 2808 il-

2162 2842 2232 2898 lis
2256 2857 2411 2911 vero,
2444 2844 2718 2898 contrario
2739 2846 3041 2915 proposito,
3068 2844 3137 2898 ad
3170 2844 3510 2900 Clementem
3542 2845 3754 2899 Roma-

2164 2951 2290 2991 num
2315 2936 2431 3005 ejus
2460 2936 2770 2991 missionem
2803 2936 3184 2992 referentibus.
3216 2935 3360 2990 Sane
3388 2950 3421 2989 a
3452 2935 3757 2991 Clemente

2162 3030 2214 3084 in
2239 3029 2444 3085 Gallias
2468 3028 2782 3100 Dionysium
2813 3029 3036 3083 missum
3074 3026 3258 3095 fuisse,
3285 3026 3426 3082 Beda
3443 3039 3498 3084 et
3541 3027 3759 3084 Usuar-

2164 3123 2262 3175 ι1ι18
2290 3121 2489 3176 docent
2513 3120 2704 3176 iu-suis
2724 3118 3122 3192 Martyrologiis
3146 3139 3160 3175 :
3189 3134 3351 3190 quam
3384 3120 3755 3175 traditionem

2166 3223 2258 3264 eos
2290 3211 2539 3268 hausisse
2562 3223 2767 3268 certum
2808 3224 2982 3268 estex
3013 3212 3159 3267 Actis
3205 3212 3447 3282 antiquis
3494 3212 3649 3270 Vitae
3691 3212 3752 3265 S.

2164 3306 2452 3377 Dionysii,
2508 3320 2628 3376 quae
2673 3307 2873 3361 dudum
2925 3321 2992 3360 ex
3044 3321 3172 3361 mss.
3231 3305 3519 3360 codicibus
3581 3303 3758 3360 edidit

2164 3400 2232 3458 ν.
2254 3401 2315 3456 C.
2345 3410 2401 3455 et
2434 3400 2835 3455 eruditissimus
2889 3399 3214 3455 Franciseus
3242 3398 3578 3468 Bosquetus,
3606 3398 3753 3452 nunc

2167 3487 2554 3542 meritissimus
2582 3488 2871 3557 episcopus
2896 3487 3153 3542 Eculesite
3174 3488 3620 3557 Monspeliensis.
3648 3487 3756 3542 Νο-

2165 3593 2288 3633 men
2313 3578 2552 3633 auctoris
2596 3578 2742 3632 illius
2777 3570 2914 3632 Vitae
2947 3574 3271 3646 deprehendi
3322 3579 3374 3633 in
3409 3579 3614 3634 codice
3646 3594 3750 3633 tns.

2164 3667 2496 3725 Turonensis
2526 3669 2804 3736 Ecclesiae,
2852 3670 2945 3740 qui
3007 3669 3386 3741 complectitur
3420 3668 3579 3725 Vitas
3615 3685 3750 3725 san-

2162 3773 2373 3818 etorum
2398 3761 2602 3830 aliquot
2632 3778 2661 3815 a
2694 3760 2993 3817 Fortunato
3021 3762 3348 3837 descriptas,
3373 3772 3429 3816 et
3461 3764 3611 3818 inter
3643 3776 3753 3816 cte-

2162 3863 2333 3919 teras,
2372 3853 2611 3924 Dionysii
2640 3853 2966 3909 Parisiensis
3008 3855 3152 3909 illam
3184 3869 3303 3924 quae
3335 3853 3481 3922 jatn,
3516 3865 3582 3910 ut
3607 3854 3748 3921 dixi,

2161 3948 2307 4004 edita
2338 3958 2420 4003 est
2454 3948 2508 4001 in
2543 3947 2841 4017 publicum.
2892 3947 3162 4002 Habemus
3215 3965 3344 4016 ergo
3372 3947 3745 4004 Fortunatam

2167 4040 2546 4096 Pictavensem
2581 4040 2893 4109 episcopum
2915 4080 2931 4107 ,
2962 4041 3225 4108 mqua‘lem
3263 4039 3506 4110 Gregorii
3567 4041 3748 4094 Tur:-

2163 4133 2370 4198 nensis,
2394 4133 2481 4202 qni
2511 4126 3096 4204 DiauysiLParisiensis
3120 4132 3381 4203 epocham
3398 4133 3465 4187 ad
3493 4141 3744 4202 tempora

2164 4225 2458 4283 Clementis
2484 4225 2734 4281 retrahit.
2764 4223 2939 4291 Quam
2995 4225 3323 4280 sententiam
3382 4226 3558 4280 secuti
3615 4233 3748 4279 sunt

2161 4320 2399 4390 episcopi
2427 4320 2723 4391 Galliarum
2757 4322 2812 4375 in
2849 4322 3073 4391 epistola
3105 4323 3171 4376 ad
3210 4322 3505 4393 Eugenium
3541 4337 3744 4393 papam

2165 4415 2364 4480 scripta
2395 4427 2539 4466 anno
2570 4412 2698 4479 824,
2725 4428 2848 4484 quae
2876 4415 3107 4469 habetur
3141 4416 3281 4482 apud
3327 4415 3624 4469 Baronium
3664 4431 3679 4467 :
3712 4428 3742 4466 ι

498 4502 612 4556 batc
633 4508 759 4554 sunt
788 4499 950 4554 verba
982 4506 1050 4553 ad
1083 4500 1224 4555 diem
1261 4515 1313 4553 xl
1340 4499 1571 4555 Kalend.
1599 4500 1839 4568 Aprilis:
1882 4497 2059 4552 Nata-
2092 4499 2136 4554 D
2166 4503 2362 4571 quibus
2388 4501 2689 4558 Fortunato
2729 4513 2862 4558 teste
2895 4505 3030 4560 adeo
3078 4504 3350 4576 locuplete
3384 4503 3532 4562 fuitis
3562 4505 3744 4561 disces

389 4642 397 4650 ,
490 4591 555 4645 lis
577 4592 745 4646 sancti
775 4588 959 4656 Pauli,
987 4600 1139 4662 quem
1163 4590 1301 4645 beati
1331 4591 1556 4659 apostoli
1604 4592 1914 4645 ordinatum
1944 4590 2060 4645 urbi

491 4683 762 4740 Narbona:
789 4684 1089 4754 episcopum
1141 4684 1419 4740 miserunt.
1463 4682 1632 4750 Quem
1666 4684 1884 4737 tradunt
1914 4700 2061 4738 eum-

490 4771 607 4832 dem
641 4780 810 4845 ipsum
841 4778 1007 4846 fuisse
1036 4775 1279 4847 Sergium
1313 4775 1541 4830 Paulum
1560 4775 1919 4845 proconsulem
1941 4816 1954 4841 ,
1985 4777 2061 4831 oi-

490 4886 606 4923 rum
632 4871 958 4937 prudentem,
987 4885 1020 4921 a
1052 4884 1155 4939 quo
1197 4869 1306 4937 ipse
1341 4866 1562 4935 Paulus,
1585 4868 1801 4921 sortitus
1849 4877 1924 4922 est
1966 4882 2062 4922 ηο·

487 4976 626 5025 men,
660 4962 786 5030 quia
850 4977 969 5015 eum
1017 4960 1144 5028 ﬁdei
1192 4958 1393 5014 Cltristt
1423 4959 1740 5028 subegerat:
1772 4959 1966 5029 quique
1995 4959 2059 5013 ab
2099 5007 2102 5010 .

488 5052 878 5105 codemsancto
930 5051 1208 5121 apostolo,
1256 5066 1376 5103 cum
1424 5055 1490 5103 ad
1547 5048 1838 5119 Hispanias
1869 5050 2062 5118 prwdi-

497 5144 657 5197 condi
694 5145 865 5213 gratia
911 5151 1165 5212 pergeret.
1198 5143 1338 5211 apud
1387 5141 1666 5212 praefatam
1688 5142 1868 5194 urbem
1902 5140 2060 5195 Nar-

489 5241 677 5291 bonam
704 5235 938 5301 relictus,
966 5234 1359 5305 praedicationis
1387 5235 1553 5304 ofﬁcio
1579 5249 1682 5287 non
1708 5235 1937 5303 segniter
1966 5234 2060 5287 im-

486 5326 649 5397 pleto,
677 5325 854 5380 clarus
886 5324 1159 5379 miraculis
1189 5332 1472 5378 coronatus
1501 5324 1775 5387 sepelitur.
1828 5322 1926 5378 llic
1951 5325 2058 5379 duo

488 5422 735 5490 qumdam
764 5418 1100 5472 observanda
1131 5427 1278 5473 sunt.
1323 5418 1404 5472 Ac
1441 5418 1618 5488 primo
1646 5406 1885 5488 quidem,
1922 5417 2058 5471 Pau-

488 5514 599 5567 lum
628 5509 970 5566 Narbonensi
1001 5509 1261 5566 Ecclesia:
1292 5509 1610 5579 praelectum
1649 5509 1965 5579 episcopum
1992 5510 2060 5564 ab

493 5605 627 5674 ipsis
661 5604 1028 5676 apostolorum
1068 5602 1426 5673 temporibus,
1469 5601 1713 5657 absoluta
1767 5612 1853 5657 est
1873 5614 2060 5657 aucto-

487 5697 644 5761 ritas,
676 5710 799 5749 cum
830 5708 1015 5749 eorum
1043 5694 1339 5763 discipulus
1393 5693 1579 5761 fuerit,
1632 5703 1693 5748 ut
1738 5694 1871 5749 dixi.
1909 5694 2062 5748 Alte-

488 5804 607 5844 tum
640 5787 854 5858 respicit
890 5798 1129 5845 veterem
1187 5788 1388 5843 famam
1414 5829 1429 5856 ,
1480 5803 1599 5858 quia
1634 5786 1856 5842 Paulum
1904 5788 2053 5845 illum

2162 4593 2311 4656 dere,
2338 4592 2610 4662 piaculum
2635 4608 2758 4648 esse
2787 4604 2937 4662 puto.

2233 4684 2310 4738 De
2346 4682 2665 4749 Saturnino,
2699 4685 2932 4741 Gatiano
2961 4695 3014 4740 tl
3054 4684 3371 4741 Stremonio
3418 4700 3544 4741 mox
3579 4697 3741 4757 agant

2162 4778 2419 4850 quoniam
2451 4778 2704 4848 specialis
2728 4779 2942 4833 illorum
2974 4785 3056 4833 est
3081 4793 3264 4833 causa.

2234 4868 2351 4925 Non
2389 4885 2474 4924 tne
2504 4870 2660 4935 latet,
2691 4871 2823 4941 quid
2854 4873 3096 4927 eruditos
3129 4872 3278 4927 viros
3306 4868 3375 4925 ad
3422 4867 3739 4938 deprimen-

2162 4962 2286 5018 dam
2345 4961 2396 5016 in
2443 4963 2749 5033 posteriora
2800 4970 3042 5032 tempora
3102 4973 3310 5032 septem
3357 4962 3737 5031 episcoporum

2163 5054 2451 5123 cpochant,
2482 5053 2647 5107 veluti
2696 5054 3005 5124 praecipites
3045 5056 3252 5124 egerit:
3288 5052 3478 5108 Severi
3519 5045 3739 5116 Sulpitii

2173 5159 2393 5213 nempe,
2418 5155 2583 5213 atque
2615 5143 2857 5214 Gregorii
2888 5144 3224 5200 Turonensis
3244 5143 3558 5207 auctoritas.
3588 5138 3737 5194 Scri-

2161 5237 2270 5305 psit
2293 5237 2382 5292 ille
2405 5279 2421 5304 ,
2469 5236 2578 5293 Sub
2612 5238 2824 5292 Aurelio
2848 5237 3115 5292 Antonino
3137 5238 3245 5291 visa
3270 5238 3494 5306 primum
3522 5235 3574 5286 in
3600 5229 3734 5287 Gal-

2163 5331 2253 5384 liis
2279 5332 2556 5402 martyrio,
2596 5330 2697 5385 Dei
2726 5330 2974 5401 religione
3011 5340 3156 5384 trans
3182 5329 3334 5397 Alpes
3359 5330 3530 5382 serius
3558 5339 3734 5379 susce-

2161 5433 2272 5489 pta.
2325 5420 2480 5479 Unde
2534 5421 2733 5478 tabulis
2797 5422 3184 5477 ecclesiasticis
3246 5421 3404 5473 ﬁdem
3465 5435 3570 5472 nun
3641 5431 3731 5470 ese

2162 5528 2220 5568 se
2253 5513 2552 5568 habendam
2579 5514 2857 5583 colligunt.
2885 5528 3006 5582 qua:
3040 5512 3141 5566 sub
3170 5511 3492 5575 Domitiano,
3519 5507 3600 5561 vel
3631 5504 3731 5559 sub

2163 5604 2420 5676 Trajano,
2456 5617 2548 5659 aut
2575 5607 2816 5661 Adriano
2872 5621 3059 5674 passos
3113 5606 3332 5658 tradunt
3374 5602 3633 5671 quosdam
3664 5608 3728 5648 es

2160 5695 2434 5764 prioribus
2468 5694 2572 5749 illis
2623 5694 2995 5766 pontilicibus.
3034 5692 3255 5748 Utinam
3305 5690 3618 5745 maluissent
3648 5685 3728 5738 in-

2165 5784 2552 5857 terpretatione
2581 5801 2646 5841 ex
2706 5786 2838 5856 ipsis
2867 5785 3008 5855 juris
3041 5796 3096 5838 et
3130 5785 3405 5839 rhetorum
3456 5773 3742 5852 principiis
