3966 6264
263 350 317 406 ll
1533 348 1799 405 VALESll
1840 349 1844 403 1

1951 346 2231 402 ΕΕΑΤΙυ.
3446 344 3513 399 ﬁ

266 471 431 525 docta.
458 461 719 517 Severum
745 477 877 519 cum
919 464 1189 536 diptychis
1219 466 1603 544 ecclesiasticis
1636 470 1689 523 in
1716 486 1845 547 con_-
1872 476 1919 532 Α
1946 484 2050 524 non
2087 468 2267 530 debet,
2288 465 2415 534 quin
2447 461 2691 534 Gregorii
2715 469 2951 531 tempore
2975 461 3168 531 duplex
3199 462 3514 519 invaluisset

272 559 493 615 cordia'm
526 556 806 612 adducere
833 575 848 621 ;
881 559 1067 628 generi
1096 558 1293 628 quippe
1344 574 1439 629 per
1468 563 1702 630 speciem
1737 562 1834 617 de-

276 660 497 720 rogatur,
531 659 589 702 ut
644 651 851 705 docent
875 651 1272 719 jurisconsulti.
1311 651 1386 707 De
1434 654 1707 723 martyriis
1746 670 1837 723 ge-

274 742 532 798 neralibus
578 740 829 811 loquitur
883 743 1159 806 Severus,
1196 743 1407 799 scilicet
1457 745 1522 799 de
1553 746 1696 800 caede
1724 755 1833 799 tum

269 834 599 903 pontiﬁcum,
648 845 761 887 tum
808 835 981 903 plebis
1036 834 1395 895 Christianre.
1433 852 1529 905 per
1578 838 1836 907 supplicia

267 937 729 996 ronsumptorum,
769 938 826 982 ut
857 929 1056 983 accidit
1082 931 1133 982 in
1179 929 1432 984 Ecclesiis
1460 930 1749 986 Viennensi
1784 940 1838 985 et

264 1014 605 1084 Lugduneusi
646 1017 747 1069 sub
781 1018 1092 1081 Antonino,
1126 1034 1235 1087 quo
1288 1020 1460 1073 solum
1516 1022 1839 1097 respiciebat

262 1108 524 1167 Severus;
555 1108 645 1159 cui
681 1109 821 1162 cladi
860 1109 1055 1163 similis
1092 1119 1215 1163 ante
1263 1110 1405 1164 nulla
1437 1114 1736 1180 coatigerat
1783 1115 1837 1169 in

259 1198 464 1254 Galliis.
502 1198 661 1265 Quod
705 1210 885 1255 tamen
940 1219 1040 1257 non
1076 1204 1296 1273 impedit
1335 1205 1461 1273 quin
1505 1208 1712 1275 priores
1742 1209 1839 1261 ali—

260 1300 387 1356 quot
409 1290 657 1357 episcopi
687 1306 783 1359 pro
809 1290 1028 1346 Christo
1068 1304 1295 1347 mortem
1338 1294 1591 1361 obierint,
1633 1299 1839 1367 absque

260 1382 360 1435 ulla
395 1391 579 1435 tamen
619 1385 856 1451 generali
898 1384 1067 1451 plebis
1086 1386 1411 1441 Christiana:
1447 1399 1643 1458 strage,
1667 1400 1725 1444 ut
1755 1391 1838 1444 fa-

259 1487 399 1527 Clum
425 1482 619 1540 postea
642 1478 741 1527 sub
772 1474 952 1540 Decio,
976 1476 1065 1546 qui
1096 1477 1239 1531 solos
1271 1476 1322 1529 in
1356 1478 1637 1547 episcopos
1665 1481 1839 1534 anim-
1892 1488 1893 1491 ‘

258 1565 594 1618 advertebat.
618 1565 803 1634 Neque
829 1583 959 1622 vero
987 1572 1233 1638 sequitur
1258 1586 1472 1627 errasse
1500 1572 1753 1627 Severum
1785 1575 1836 1628 in

258 1659 596 1724 perterenda
666 1675 844 1714 rerum
894 1663 1065 1726 serie,
1122 1678 1244 1716 cum
1305 1679 1402 1730 per
1461 1668 1837 1736 compendium

255 1765 474 1804 summa
503 1751 719 1806 illarum
750 1754 927 1821 capita
960 1754 1238 1824 attigerit,
1268 1772 1445 1826 neque
1476 1759 1529 1811 in
1560 1774 1618 1814 se
1658 1775 1842 1816 susce-

1946 560 2221 629 opinio,et
2249 560 2379 627 quin
2414 566 2642 625 utraque
2677 555 2790 609 sola
2821 555 3084 609 relatione
3108 555 3390 610 niteretur.
3422 557 3516 611 AI-

1945 662 2057 707 tera
2094 642 2362 720 estquam
2395 651 2641 721 sequitur
2669 649 2960 719 Gregorius
2994 650 3097 703 hoc
3129 649 3265 710 loco,
3295 663 3511 717 passum

1942 721 2064 797 esse
2113 741 2461 795 Saturninum
2514 739 2659 793 Decii
2689 737 2995 792 consulatu.
3027 734 3159 791 Illud
3200 745 3380 790 autem
3419 751 3515 789 au-

1945 840 2063 885 ctor
2087 829 2152 883 ab
2183 845 2247 884 eo
2271 829 2518 883 laudatus
2541 828 2741 891 hausit,
2761 843 2864 882 non
2884 842 2947 881 ex
2978 827 3206 882 vetustis
3236 826 3513 881 Saturnini

1945 921 2209 989 passionis
2245 922 2410 984 Actis,
2445 921 2537 973 sed
2568 935 2633 973 ea:
2663 918 2809 987 ﬁdeli
2841 919 3218 981 recordatione,
3252 928 3309 971 ut
3338 918 3513 986 loqui»

1947 1023 2054 1067 tur.
2100 1012 2319 1067 Vetusta
2349 1014 2488 1067 enim
2518 1012 2785 1081 passionis
2809 1012 2962 1077 Acta,
2996 1011 3083 1065 vel
3118 1026 3211 1080 per
3249 1011 3515 1069 incnria‘m

1948 1114 2188 1173 tempore
2220 1103 2310 1156 illo
2338 1104 2539 1171 scripta
2582 1117 2687 1155 non
2736 1102 2975 1165 fuerant,
3005 1101 3088 1155 vel
3122 1116 3189 1155 ex
3225 1101 3514 1170 praesidum

1947 1197 2165 1251 decreto
2230 1196 2559 1264 temporibus
2591 1193 2739 1249 Decii
2798 1194 2921 1265 igne
2974 1195 3287 1262 perierant;
3336 1203 3396 1247 ut
3451 1193 3517 1247 de

1945 1290 2096 1344 Actis
2121 1297 2413 1359 martyrum
2442 1286 2766 1359 generaliter
2795 1295 3023 1341 testatur
3048 1286 3390 1340 Prudentius.
3419 1285 3518 1339 AI-

1949 1392 2061 1436 tera
2099 1383 2396 1445 sententia,
2443 1395 2537 1433 sua
2594 1394 2807 1449 quoque
2850 1379 3118 1434 relatione
3172 1378 3299 1432 fulta
3339 1378 3519 1446 (cujus

1949 1474 2105 1529 testis
2123 1475 2235 1543 ipse
2262 1474 2446 1542 Greg.,
2470 1473 2558 1526 lib.
2587 1489 2625 1537 ι,
2644 1488 2696 1526 c.
2720 1472 2813 1535 48,
2836 1472 2908 1524 De
2930 1469 3241 1536 miraculis),
3270 1468 3518 1522 tradebat

1948 1565 2169 1619 missum
2201 1564 2551 1618 Saturninum
2572 1581 2596 1616 a
2622 1562 2898 1633 discipulis
2923 1562 3306 1630 apostolorum,
3330 1559 3382 1613 id
3409 1570 3514 1624 est,

1947 1657 2067 1726 plus
2101 1672 2262 1726 quam
2302 1667 2515 1712 centum
2546 1666 2599 1710 ct
2627 1656 3020 1724 quinquaginta
3065 1653 3222 1707 anuis
3247 1654 3385 1718 fante
3417 1651 3520 1705 De-

1949 1749 2115 1803 cium.
2167 1750 2315 1803 Adeo
2347 1759 2406 1802 ut
2458 1750 2509 1802 in
2555 1748 2774 1815 ancipiti
2825 1746 3016 1816 positis
3042 1786 3056 1809 ,
3086 1746 3246 1828 liceat
3274 1740 3516 1798 ultimam

254 1844 417 1910 perit,
454 1845 702 1915 origines
732 1846 1093 1902 Ecclesiarum
1125 1848 1548 1918 Gallicanarum,
1569 1868 1704 1921 quas
1728 1869 1843 1908 om-

1951 1838 2189 1907 Gregorii
2222 1839 2544 1894 sententiam
2585 1838 2772 1906 sequi,
2803 1853 2921 1907 qua:
2943 1842 3181 1891 coluerat
3215 1835 3385 1903 priori
3442 1834 3516 1889 illi

257 1934 385 1988 nino
434 1936 675 1990 intactas
727 1938 984 2006 reliquit,
1018 1947 1073 1994 et
1130 1934 1467 2009 singulorum
1525 1944 1841 2010 pontiﬁcum

254 2038 488 2081 eventus
524 2030 766 2084 tradere.
802 2030 953 2095 Quod
976 2038 1153 2085 autem
1178 2033 1473 2102 subjuugit,
1505 2034 1671 2087 serius
1692 2043 1844 2089 trans

255 2117 410 2182 Alpes
439 2129 742 2188 susceptam
784 2120 1107 2191 religionem,
1131 2137 1317 2177 verum
1351 2135 1454 2187 est,
1488 2125 1667 2178 habita
1698 2140 1844 2179 com-

256 2210 545 2277 paratione
573 2210 811 2278 partium
844 2209 1230 2274 Orientalium,
1269 2221 1430 2280 atque
1462 2212 1630 2277 ipsius
1658 2211 1841 2278 italiae,

264 2316 375 2369 qure
426 2301 585 2370 prius
616 2303 821 2357 imbuta
875 2312 958 2357 est
1007 2302 1251 2357 doctrina
1305 2303 1459 2367 ﬁdei.
1490 2314 1544 2359 et
1596 2304 1843 2360 fortassis

262 2407 377 2445 cum
401 2395 650 2447 uberiori
679 2404 733 2447 et
762 2393 993 2449 faciliori
1026 2404 1286 2465 proventu
1334 2411 1498 2465 quam
1527 2396 1581 2452 in
1629 2396 1841 2465 Galliis,

260 2486 545 2557 gentilium
571 2486 1015 2555 superstitionum
1052 2488 1525 2555 retinentioribus.

329 2582 566 2648 Depulsa
597 2596 662 2635 ex
716 2580 918 2636 Severo
967 2588 1134 2652 petita
1183 2584 1431 2639 machina
1460 2624 1475 2647 ,
1514 2584 1670 2639 liberi
1719 2599 1842 2639 esse

259 2686 548 2739 possumus
578 2687 606 2725 a
644 2681 786 2726 metu
814 2673 1078 2745 Gregorii.
1108 2677 1276 2731 Docet
1302 2677 1416 2745 ipse
1444 2676 1547 2729 duo
1573 2677 1840 2745 qumdam,

262 2759 356 2812 lib.
390 2776 404 2813 ι
475 2760 645 2825 llist.,
681 2777 802 2829 cap.
838 2763 907 2816 50
940 2783 951 2816 :
986 2764 1237 2829 alterum,
1273 2775 1477 2835 septem
1502 2763 1621 2820 illos
1667 2768 1843 2823 socios

262 2853 450 2907 eodem
485 2863 730 2923 tempore
763 2855 817 2909 in
847 2853 1049 2910 Gallias
1083 2857 1415 2927 pervenisse,
1448 2857 1719 2914 Ecclesias
1751 2872 1841 2913 sev

262 2954 409 3014 ptem
460 2945 528 2999 ab
581 2961 646 2999 eo
694 2956 1146 3002 commemoratas
1192 2947 1409 3017 ‘primos
1471 2950 1839 3011 constituisse;

269 3037 493 3091 alterum
540 3052 673 3092 vero
704 3079 719 3102 ,
774 3040 965 3093 horum
1028 3041 1316 3095 adventum
1382 3039 1722 3096 referendum
1774 3044 1840 3098 ad

271 3139 506 3198 tempora
543 3132 852 3185 consulatui
886 3131 1032 3186 Decii
1066 3141 1120 3187 et
1171 3132 1323 3187 Grati
1358 3132 1560 3199 vicina,
1587 3134 1638 3187 id
1660 3142 1743 3188 est
1776 3133 1840 3187 ad

1947 1933 2087 2001 apud
2111 1946 2233 1985 eum
2263 1946 2364 1984 non
2396 1940 2774 1993 controversa,
2806 1929 2870 1982 de
2900 1944 3007 1983 non
3040 1927 3355 1982 divellendis
3384 1926 3518 1981 adeo

1946 2024 2155 2094 prolixa
2194 2032 2498 2093 temporum
2533 2021 2936 2090 intercapedine
2968 2036 2997 2073 a
3026 2034 3083 2074 se
3116 2013 3344 2074 invicem
3373 2018 3514 2086 prio-

1948 2117 2099 2170 ribus
2137 2116 2404 2186 episcopis
2442 2138 2452 2169 :
2485 2116 2634 2184 quia
2674 2114 2836 2169 Petro
2866 2124 2919 2167 et
2948 2112 3131 2178 Paulo,
3176 2122 3232 2166 et
3261 2111 3518 2179 deinceps

1943 2223 1974 2263 a
2004 2209 2280 2263 Clemente
2307 2208 2671 2277 apostolorum
2696 2206 2957 2277 discipulo
2978 2245 2993 2270 ,
3025 2221 3134 2261 non
3162 2204 3322 2274 longo
3350 2206 3519 2260 inter-

1944 2300 2084 2355 vallo
2130 2300 2301 2362 missi,
2328 2300 2550 2355 exordia
2586 2299 2706 2352 ﬁdei
2742 2314 2837 2366 per
2881 2298 3091 2355 Gallias
3127 2307 3516 2367 propagarnnt.

1946 2392 2083 2446 llinc
2115 2392 2339 2455 factum,
2387 2374 2448 2447 ut
2476 2392 2592 2447 Ado
2644 2391 2697 2446 in
2735 2392 3119 2462 Martyrologio
3165 2390 3516 2446 Saturninum

1947 2485 2153 2540 scribat
2183 2499 2398 2553 passum
2427 2484 2526 2538 sub
2572 2484 2753 2545 Decio,
2796 2484 2951 2553 juxta
3002 2485 3232 2552 primam
3268 2482 3517 2552 Gregorii

1945 2575 2256 2646 Opinionem
2284 2592 2298 2630 :
2326 2573 2578 2627 Rabauus
2610 2582 2789 2626 autem
2826 2573 2880 2626 in
2908 2588 3005 2627 suo
3026 2572 3410 2644 Martyrologio
3428 2586 3518 2626 se-

1928 2656 2142 2737 ‘quatur
2190 2666 2505 2726 secundam,
2537 2665 2810 2733 usurpatis
2841 2679 3055 2734 quoque
3104 2664 3353 2734 Gregorii
3397 2677 3520 2716 ver-

1944 2762 2028 2817 bis
2061 2778 2076 2816 :
2103 2760 2213 2814 Iste
2237 2775 2376 2824 vero,
2409 2757 2604 2825 inquit,
2637 2756 2957 2812 Saturninus
2987 2766 3208 2825 martyr,
3238 2762 3294 2807 ut
3329 2754 3518 2822 fertur,

1943 2855 2007 2909 ab
2038 2853 2392 2924 apostolorum
2417 2851 2685 2921 discipulis
2707 2851 2999 2914 ordinatus,
3017 2851 3073 2902 in
3107 2851 3283 2901 urbem
3311 2844 3525 2899 Tolosa-

1946 2955 2058 2998 tum
2086 2955 2158 2998 est
2192 2945 2446 2997 directus.
2476 2942 2627 3009 Quod
2679 2940 3081 3008 intelligendum
3115 2938 3183 2993 de
3209 2937 3518 2997 Clemente.

1944 3046 1973 3085 a
2000 3047 2107 3101 quo
2127 3032 2322 3085 missus
2356 3030 2551 3085 dicitur
2582 3028 2913 3084 Saturninus
2940 3042 3043 3081 una
3090 3042 3211 3080 cum
3242 3027 3524 3097 Dionysio,

1945 3124 1999 3179 in
2052 3124 2195 3177 Actis
2232 3125 2509 3177 veteribus
2558 3122 2616 3177 S.
2663 3122 2903 3192 Dionysii
2952 3119 3268 3189 compositis
3311 3135 3343 3174 a
3388 3120 3525 3175 For-

268 3237 466 3275 annum
502 3222 632 3288 250,
666 3235 760 3275 aut
795 3224 1032 3277 circiter.
1084 3224 1214 3290 Qum
1259 3226 1503 3280 narratio
1557 3224 1843 3279 manifeste
1869 3208 1911 3267 C
1949 3225 2135 3269 tunato
2164 3214 2486 3278 Pictavensi,
2511 3214 2602 3285 qui
2658 3213 2949 3269 secundam
2993 3210 3245 3281 Gregorii
3297 3219 3522 3265 senten-

266 3324 469 3383 pugnat
502 3330 627 3369 cum
683 3314 914 3378 Irenaeo,
951 3316 1042 3384 qui
1072 3315 1353 3386 sexaginta
1394 3324 1450 3370 et
1481 3315 1713 3385 amplius
1747 3331 1843 3368 an-

268 3404 351 3459 nis
386 3414 514 3459 ante
547 3405 691 3460 hunc
719 3406 1059 3460 consulatum
1089 3406 1455 3460 Ecclesiarum
1486 3407 1625 3476 apud
1664 3405 1843 3461 Celtas

268 3496 614 3551 fundatarum
654 3498 921 3552 meminit.
965 3496 1175 3567 Pugnat
1224 3514 1439 3568 (ιιιοιιιιο
1469 3513 1591 3551 cum
1630 3497 1836 3551 Tertul-

268 3588 434 3653 liano,
455 3591 551 3657 qui
584 3591 809 3659 triginta
844 3590 1147 3661 etamplius
1175 3590 1336 3645 anuis
1363 3600 1487 3644 ante
1535 3589 1682 3645 Decii
1714 3605 1844 3659 epo-

273 3684 453 3750 cham,
483 3684 730 3739 diversas
756 3684 1049 3741 Galliarum
1098 3683 1353 3738 nationes
1391 3683 1550 3738 ﬁdem
1582 3682 1847 3738 Chrisua-

271 3790 394 3828 nam
453 3776 697 3843 proﬁteri
754 3784 1037 3832 testatur:
1079 3790 1198 3845 qua:
1253 3790 1373 3831 cum
1407 3778 1477 3830 sit
1524 3792 1592 3830 ex
1636 3775 1842 3839 auditu,

273 3870 429 3936 plane
462 3868 873 3935 prtedicantium
924 3869 1217 3923 missorum
1270 3869 1572 3923 ministerio
1620 3869 1848 3937 diversis

275 3958 377 4013 illis
403 3957 708 4011 nationibus
736 3957 1062 4011 infundenda
1092 3958 1227 4024 luit;
1262 3958 1350 4027 qui
1376 3958 1588 4027 quidem
1619 3958 1710 4013 alii
1741 3974 1847 4012 non

276 4059 397 4102 sunt
421 4060 617 4118 prmlcr
638 4065 731 4104 eos
753 4088 767 4112 ,
793 4064 928 4118 quos
950 4049 1141 4103 tabulze
1164 4050 1541 4104 ecclesiasticae
1567 4052 1846 4106 exhibent.

280 4141 489 4196 Erravit
516 4158 645 4203 ergo
671 4141 982 4210 Gregorius,
1012 4150 1275 4210 praetextu
1298 4140 1433 4195 Viue
1455 4143 1625 4197 sancti
1658 4142 1854 4196 Satur-

285 4236 414 4295 nini.
434 4235 583 4302 cujus
608 4237 772 4289 verba
791 4236 991 4300 laudat,
1020 4236 1071 4289 in
1106 4236 1313 4306 epocha
1342 4236 1487 4291 Decii
1517 4238 1847 4291 constituen-

286 4328 351 4379 da
376 4344 391 4389 ;
421 4344 581 4397 quam
617 4329 852 4396 scriptor
875 4328 962 4383 ille
988 4344 1108 4382 cum
1132 4329 1231 4383 soli
1268 4329 1565 4383 Saturnino
1589 4327 1849 4397 adigeret,

284 4416 568 4486 Gregorius
590 4419 656 4472 de
686 4433 785 4473 suo
809 4417 874 4471 ad
904 4416 1040 4471 alios
1089 4418 1364 4481 extendit,
1398 4432 1464 4471 ex
1496 4427 1708 4485 recepta
1740 4415 1849 4483 jam

283 4519 388 4563 tum
434 4512 694 4581 Opinione
717 4512 786 4566 de
816 4520 1023 4580 septem
1072 4510 1289 4565 illorum
1334 4510 1610 4564 societate.
1649 4509 1724 4563 De
1752 4524 1849 4563 suo

283 4603 550 4658 addidisse
577 4604 712 4667 dixi,
746 4603 1003 4671 quoniam
1039 4603 1091 4656 in
1144 4601 1324 4656 verbis
1376 4603 1625 4655 Actorum
1659 4600 1850 4655 Satur-

284 4697 386 4749 nini
413 4711 534 4766 qua:
581 4696 872 4766 Gregorius
908 4696 1110 4758 laudat,
1144 4696 1288 4749 nulla
1336 4695 1393 4748 ﬁt
1416 4711 1509 4750 sex
1538 4694 1848 4764 pontiﬁcum

285 4788 481 4842 mentio
517 4806 533 4855 ;
574 4804 747 4857 neque
778 4789 939 4843 etiam
973 4789 1023 4842 in
1049 4804 1276 4859 corpore
1302 4789 1548 4841 Actorum
1571 4803 1690 4858 qua:
1713 4788 1851 4856 apud

285 4880 497 4935 Surium
555 4890 771 4935 exstant
806 4898 821 4946 ;
859 4897 979 4950 qua:
1014 4881 1172 4949 plane
1210 4890 1336 4935 sunt
1369 4881 1556 4935 eadem
1613 4896 1733 4935 cum
1785 4882 1852 4935 iis

285 4974 424 5025 Actis
463 4987 527 5027 ex
581 4973 779 5041 quibus
826 4972 1004 5027 locum
1058 4987 1089 5026 a
1132 4989 1189 5027 se
1234 4972 1508 5027 laudatum
1557 4970 1852 5042 Gregorius

288 5065 569 5134 decerpsit,
596 5082 719 5120 cum
762 5065 951 5119 iisdem
1004 5065 1225 5120 omnino
1254 5065 1435 5120 verbis
1464 5067 1534 5121 ibi
1570 5066 1718 5122 locus
1764 5065 1853 5120 ille

291 5155 582 5222 descriptus
639 5156 965 5224 reperiatur.
1025 5154 1194 5210 Porro
1226 5157 1358 5210 Acta
1408 5156 1499 5210 illa
1555 5158 1854 5226 composita

292 5257 406 5296 utut
434 5244 587 5315 longo
621 5246 908 5301 intervallo
940 5258 1065 5319 post
1112 5248 1316 5302 obitum
1353 5247 1635 5317 Exsuperii
1688 5247 1850 5301 Tolo-

294 5330 430 5391 sani,
459 5338 610 5404 cujus
647 5339 963 5407 meminere,
996 5350 1053 5393 ut.
1087 5348 1233 5393 recte
1265 5339 1518 5393 observat
1557 5338 1711 5408 Ηυςο
1744 5338 1854 5393 Me-

295 5425 510 5478 nardtts.
561 5424 884 5483 Destituitur
934 5433 1115 5500 itaque
1161 5430 1453 5501 Gregorius
1500 5432 1579 5485 sui
1615 5431 1854 5485 auctoris

298 5512 617 5574 ῖεειίιιιοῐιίου
673 5511 729 5563 in
776 5526 871 5566 Sex
920 5520 1265 5583 pontiﬁcibus
1305 5521 1487 5574 :adeo
1537 5530 1595 5573 ut
1647 5522 1849 5590 epocha

290 5606 594 5660 consulatus
625 5603 807 5668 Decii,
841 5602 907 5656 ad
947 5612 1119 5662 solum
1153 5614 1505 5668 Saturninum
1544 5614 1850 5684 episc0pum

287 5714 345 5753 ex
386 5698 474 5751 illo
502 5698 761 5750 Actorum
797 5697 1054 5765 scriptore
1082 5701 1355 5759 referenda
1379 5706 1469 5760 sit.

352 5792 505 5859 Quod
548 5798 741 5845 autem
787 5789 853 5842 ad
882 5790 1231 5851 Saturninum
1278 5799 1488 5866 attinet,
1520 5798 1851 5856 controverti

604 5884 880 5943 ΡΛτῖιοι.
922 5885 1035 5947 Gn.
1073 5887 1214 5948 XX.

1943 3308 2074 3363 tiam
2148 3307 2507 3361 disertissime
2570 3305 2877 3361 conﬁrmat.
2934 3302 3259 3372 Quanquam
3309 3310 3523 3356 vetusta

1893 3452 1903 3467 ,
1946 3397 2003 3453 S.
2045 3397 2320 3452 Saturnini
2357 3397 2492 3451 Acta
2519 3396 2741 3452 missum
2797 3412 2828 3451 a
2876 3397 3035 3451 Petro
3082 3397 3331 3459 doceant,
3365 3401 3420 3447 et
3468 3393 3524 3448 in

1945 3492 2185 3547 Elusana
2235 3492 2373 3547 urbe
2399 3490 2904 3560 Novempopulaniae
2937 3489 3145 3543 scilicet
3186 3486 3474 3556 metropoli
3504 3528 3521 3550 ,

1946 3583 2141 3638 deinde
2164 3583 2515 3651 Pompelone,
2537 3593 2593 3638 et
2620 3586 2674 3637 in
2702 3581 2822 3636 aliis
2850 3579 3231 3649 Hispaniarum
3267 3577 3523 3647 gentibus

1947 3675 2220 3731 Ecclesias
2253 3649 2641 3741 constituisse;
2674 3685 2733 3729 ut
2776 3690 2842 3729 ex
2882 3673 3009 3727 suis
3055 3686 3272 3742 quoque
3330 3668 3527 3724 tabulis

1946 3765 2187 3821 fatentur
2216 3777 2468 3821 auctores
2501 3765 2743 3834 Hispani.
2793 3763 2899 3818 Sed
2941 3762 3113 3817 satius
3164 3769 3267 3824 est,
3300 3770 3359 3814 ut
3413 3758 3529 3813 ba:-

1949 3874 2167 3914 reamus
2194 3858 2382 3914 relatae
2418 3872 2449 3911 a
2502 3856 2764 3927 Gregorio
2798 3854 3100 3917 traditioni,
3132 3852 3343 3909 scilicet
3366 3866 3397 3905 a
3443 3850 3526 3903 di-

1947 3949 2171 4019 scipulis
2195 3949 2561 4018 apostolorum
2598 3946 2928 4010 ordinatum,
2963 3945 3014 3999 id
3048 3952 3133 3999 est
3163 3958 3192 3996 a
3223 3941 3524 4005 Clemente,

1944 4042 2097 4110 juxta
2122 4040 2502 4096 Fortunatum.

2022 4132 2219 4186 Eadem
2242 4130 2531 4199 explicatio
2572 4127 2874 4184 adhibenda
2906 4137 2988 4182 est
3022 4126 3177 4181 alteri
3205 4127 3346 4190 loco,
3382 4139 3433 4180 c.
3468 4126 3527 4190 8,

1952 4227 2028 4282 De
2053 4227 2222 4298 gloria
2250 4225 2639 4295 Confessorum,
2669 4226 2757 4280 ubi
2786 4226 2951 4280 tradit
2981 4224 3235 4279 Bituricae
3259 4224 3378 4278 urbi
3405 4237 3530 4276 vcr-

1951 4318 2104 4383 bum,
2133 4318 2325 4371 salutis
2354 4317 2679 4386 przedicasse
2720 4313 2976 4371 Ursinum
3019 4314 3356 4383 episcolium,
3383 4311 3472 4381 qui
3495 4327 3530 4362 a

1952 4408 2224 4475 discipulis
2259 4406 2617 4475 apostolorum
2667 4406 2725 4459 in
2773 4402 2980 4459 Callias
3011 4405 3302 4457 destinatus
3334 4402 3528 4468 luerat,

1954 4499 2166 4553 scilicet
2198 4514 2228 4553 a
2274 4497 2577 4562 Clemente,
2624 4502 2682 4548 ut
2709 4494 2827 4564 ejus
2858 4494 2990 4548 Vitae
3030 4492 3161 4544 Acta
3207 4485 3528 4559 perantiQuu
3612 4547 3616 4551 ‘

1955 4599 2243 4646 testantur.
2338 4578 2347 4649 ί

2026 4681 2303 4752 Speciales
2328 4694 2466 4751 quas
2512 4678 2858 4733 adhibuimus
2899 4675 3245 4745 probationes
3280 4686 3379 4741 pro
3427 4668 3533 4723 lul-

1955 4775 2147 4831 cienda
2185 4775 2357 4829 veteri
2410 4773 2614 4843 epocha
2648 4772 2886 4840 quinque
2927 4769 3263 4837 pontiﬁcum,
3296 4763 3532 4832 Trophi-

1955 4865 2049 4930 mi,
2082 4864 2256 4929 Pauli,
2285 4863 2567 4925 Martialis,
2593 4861 2854 4933 Dionysii,
2874 4858 3178 4924 Saturnini,
3209 4859 3530 4928 quibuscum

1954 4969 2053 5024 par
2115 4962 2200 5009 est
2238 4969 2403 5008 causa
2449 4951 2679 5022 plurium
2732 4951 2959 5006 aliorum
3014 4950 3102 5019 qui
3161 4949 3433 5003 Ecclesias
3479 4947 3532 5001 in

1959 5046 2148 5104 Galliis
2172 5048 2557 5110 lundaverunt,
2598 5045 2880 5115 generales
2921 5045 3264 5113 probationes
3306 5058 3372 5097 ex
3421 5042 3535 5097 Ire-

1960 5155 2096 5205 naeo,
2148 5140 2477 5194 Tertulliano
2507 5148 2561 5191 ct
2590 5138 2843 5204 Eusebio,
2873 5139 2939 5191 de
2963 5145 3230 5191 vetustate
3266 5133 3537 5189 Ecclesia-

1959 5251 2099 5298 rum,
2132 5246 2188 5287 ut
2211 5234 2419 5303 juvant,
2444 5233 2523 5287 sic
2568 5240 2814 5285 mutuum
2839 5245 3055 5299 quoque
3090 5246 3157 5284 ex
3202 5229 3309 5283 illis
3353 5227 3533 5282 subsi-

1956 5326 2103 5379 dium
2126 5325 2363 5393 capiunt.
2400 5324 2513 5390 Qua
2547 5323 2613 5378 de
2647 5338 2705 5378 re
2745 5323 3031 5392 diligenter
3083 5322 3341 5383 disseruit
3395 5320 3535 5390 juris

1959 5419 2241 5487 utriusque
2272 5416 2658 5472 celeberrimus
2691 5425 3006 5469 autecessor
3031 5416 3082 5468 in
3108 5412 3400 5469 Academia
3425 5410 3536 5467 To-

1958 5510 2142 5566 losana
2178 5510 2444 5564 Antonius
2493 5508 2729 5561 Dadinus
2760 5508 3061 5574 Alteserra,
3099 5507 3195 5560 lib.
3227 5520 3283 5559 tv
3339 5504 3536 5558 Rerum

1959 5606 2415 5676 Aquitanicarum,
2444 5618 2493 5656 c.
2519 5601 2573 5656 9.

2030 5700 2183 5767 Quod
2235 5709 2415 5754 autem
2480 5699 2674 5752 attinet
2732 5698 2796 5751 ad
2847 5696 3139 5751 Gatianum
3200 5694 3539 5748 Turonensrs

1961 5792 2216 5850 Ecclesiae
2264 5793 2597 5862 episcopum,
2625 5806 2746 5845 cum
2771 5788 2886 5857 ejus
2912 5803 3194 5844 successor
3221 5785 3539 5857 Gregorius,

3226 5883 3267 5943 2
