3966 6264
410 242 481 299 η

1667 244 1935 304 νΑιΕειι
1969 247 2356 313 ΡΒΔΕΡΔΤΙΟ.

3597 262 3676 322 ιι

410 365 497 421 cui
525 373 809 435 perspecta
838 374 999 422 erant
1042 364 1300 423 Ecclesiae
1332 382 1442 423 suae
1472 370 1757 439 tabularia,
1790 374 1982 431 doceat
2010 378 2058 437 Α
2088 378 2244 436 ﬁdem
2303 381 2358 437 in
2418 396 2482 439 ea
2538 382 2889 440 Instituerunt
2950 381 3234 454 Dionysius
3302 384 3666 456 Parisiensis,

408 456 687 526 conceptis
715 456 918 524 verbis,
964 457 1057 512 lib.
1090 473 1143 513 ix
1205 458 1346 514 Hist.
1369 503 1386 528 ,
1417 475 1534 531 cap.
1560 462 1624 518 51
1652 505 1667 529 ,
1696 462 1972 520 Gatiannm

2088 471 2408 530 Savinianus
2450 474 2778 531 Senonensis
2808 516 2827 543 ,
2882 474 3130 533 Nicasius
3180 476 3671 548 Rothomagensis,
3712 529 3730 560 ὦ

408 564 551 606 anno
574 548 718 605 Decii
747 551 922 620 primo
957 566 986 603 a
1035 564 1174 621 papa
1213 552 1356 607 sedis
1401 552 1657 610 Romanae
1697 558 1983 615 transmis-

406 654 552 709 sum,
571 641 768 697 additis
793 656 1009 712 quoque
1031 642 1237 712 aliquot
1269 645 1386 713 ejus
1412 647 1649 716 episcopi
1674 649 1861 720 gestis,
1890 664 1984 705 ne—

406 750 513 808 que
537 735 642 790 ulla
690 736 842 791 nobis
878 736 1096 793 aliunde
1137 748 1389 810 suppetat
1417 741 1732 808 auctoritas,
1759 759 1867 814 qua
1916 744 1984 798 il-

405 829 516 884 lum
552 830 619 884 ad
650 829 947 885 vetustiora
979 839 1218 899 tempora
1254 847 1602 899 revocamus,
1631 836 1978 890 temerarium

372 906 602 980 fcenseo
659 921 926 978 adversus
975 922 1299 993 Gregorium
1345 924 1413 979 de
1457 926 1689 996 propriae
1730 926 1997 996 Ecclesiae,

403 1026 547 1074 statu
581 1018 879 1088 disputare.
913 1017 1058 1073 Idem
1100 1017 1388 1073 dicendum
1416 1028 1547 1090 puto
1577 1018 1644 1075 de
1687 1018 1981 1075 Streinonii

398 1111 758 1167 Arvernensis
796 1111 1031 1181 episcopi
1090 1111 1294 1176 initiis;
1329 1126 1449 1180 qure
1503 1110 1857 1183 Gregorium,
1897 1122 1981 1166 ut-

398 1217 528 1275 p0te
552 1205 724 1274 patria
756 1203 1080 1267 Arvernum,
1104 1212 1265 1274 atque
1289 1204 1424 1258 adeo
1458 1204 1511 1257 in
1543 1204 1657 1260 suis
1689 1218 1791 1259 non
1822 1218 1981 1274 pere-

398 1295 638 1367 grinum,
699 1297 871 1349 latere
915 1310 1021 1350 non
1074 1303 1349 1365 poterant.
1411 1295 1541 1364 Quae
1595 1294 1829 1351 fortasse
1878 1295 1982 1351 fuit

397 1389 615 1444 occasio
636 1402 735 1443 cur
761 1387 1122 1458 negligentius
1151 1402 1212 1443 se
1236 1388 1494 1443 habuerit
1534 1389 1587 1443 in
1620 1389 1849 1443 aliarum
1878 1389 1983 1445 Ec-

396 1480 687 1537 clesiarum
760 1478 1157 1550 invesﬁgandis
1229 1478 1422 1535 initiis.
1479 1480 1686 1547 Quibus
1754 1482 1979 1538 exordia

395 1575 629 1629 duarum
695 1573 796 1628 sibi
850 1572 1178 1638 chararum,
1209 1570 1546 1630 Turonensis
1593 1582 1648 1628 et
1696 1573 1977 1641 Arvernis,

392 1668 597 1736 aequari
647 1680 754 1743 nep
806 1680 970 1736 posse
1021 1680 1145 1721 cum
1176 1666 1408 1734 videret,
1442 1665 1635 1722 maluit
1684 1667 1754 1722 ad
1787 1667 1977 1723 barum

394 1767 643 1829 tempora
674 1758 922 1830 priorum
968 1757 1212 1828 quinque
1261 1757 1611 1817 fundationes
1641 1761 1976 1818 indiscussas

391 1852 718 1921 deprimere.
777 1849 960 1919 Quare
1002 1865 1128 1905 cum
1185 1851 1330 1920 apud
1378 1851 1525 1908 viros
1578 1853 1974 1911 eruditissimos

391 1945 615 2015 antiqua
641 1942 1010 1999 Ecclesiarum
1032 1942 1442 2015 Gallicanarum
1466 1945 1738 2017 diptyeha,
1770 1945 1823 2002 in
1854 1947 1974 2018 qui-

388 2040 491 2095 bus
514 2037 800 2108 pontiﬁces
836 2035 961 2092 ﬁdei
1003 2038 1307 2108 praedicata:
1336 2041 1679 2110 antesignani
1715 2041 1973 2111 descripti

388 2139 540 2196 sunt,
592 2145 715 2185 cuin
766 2130 1041 2186 missionis
1089 2131 1404 2199 apostolicae
1441 2132 1808 2189 vetustissima
1840 2147 1971 2203 epo-

387 2221 512 2290 eba,
546 2236 614 2277 ex
652 2235 718 2277 eo
747 2220 867 2277 solo
901 2220 1079 2293 capite
1124 2221 1369 2277 nutarint
1416 2222 1472 2277 in
1514 2223 1773 2293 temporis
1833 2225 1974 2282 assi-

386 2315 666 2386 gnatione,
692 2313 835 2385 quod
871 2327 995 2369 cum
1049 2313 1257 2371 Severo
1305 2325 1362 2371 et
1413 2314 1681 2387 Gregorio
1728 2333 1973 2390 pugnare

383 2403 724 2469 viderentur,
779 2401 1180 2473 religiosissimi
1222 2405 1468 2475 episcopi
1515 2406 1738 2478 collegae
1793 2408 1969 2464 nostri

383 2504 643 2566 poterunt
704 2495 973 2565 intrepide
1028 2495 1081 2550 in
1126 2496 1241 2552 suis
1297 2497 1556 2555 Ecclesiis
1615 2499 1970 2556 decessornm

383 2602 610 2646 suorum
638 2588 898 2643 traditam
931 2603 1178 2647 asserere
1198 2599 1549 2659 vetustatem,
1573 2591 1753 2647 securi
1779 2591 1847 2648 de
1877 2590 1969 2647 illa

381 2694 504 2751 quae
530 2680 737 2736 nostris
779 2679 954 2749 ebjici
999 2681 1138 2737 solet
1161 2690 1408 2738 veterum
1434 2692 1718 2738 auctorum
1749 2683 1971 2754 ignora-

383 2772 535 2826 tione
563 2782 658 2826 aut
691 2781 1028 2842 contemptu,
1069 2781 1182 2828 tum
1215 2774 1380 2829 etiam
1414 2774 1482 2829 de
1507 2772 1690 2844 aliquo
1721 2774 1969 2833 veritatis

382 2864 658 2921 historica:
681 2864 965 2935 dispendio
995 2883 1011 2921 :
1039 2878 1158 2936 quae
1191 2864 1397 2936 alioqui
1425 2865 1722 2935 laboraret,
1748 2867 1795 2923 si
1817 2867 1967 2923 Actis

381 2959 625 3032 antiquis
653 2959 785 3016 ﬁdes
812 2973 909 3016 sua
948 2958 1352 3017 detraheretur.
1380 2959 1570 3030 Itaque
1618 2967 1817 3032 praiter
1855 2978 1967 3019 cte-

381 3062 532 3110 teros
559 3052 812 3123 superius
839 3061 1196 3118 memoratos,
1225 3050 1558 3107 Clementem
1589 3067 1618 3106 a
1638 3052 1815 3110 Petro
1835 3068 1968 3125 apo-

380 3146 522 3205 stolo
556 3147 781 3201 missum
818 3146 925 3202 sibi
973 3143 1328 3202 vindicabunt
1374 3145 1670 3213 Metenses,
1700 3160 1769 3202 ex
1817 3147 1965 3201 Actis

380 3239 535 3294 unde‘
576 3237 953 3307 narrationem
1003 3252 1159 3293 suam
1204 3237 1384 3294 hausit
1426 3235 1630 3293 Paulus
1680 3237 1963 3304 diaconus,

2008 1729 2051 1784 B

381 3334 572 3388 mediae
628 3331 828 3398 astatis,
878 3340 934 3387 et
991 3346 1103 3388 non
1153 3330 1567 3388 contemnenda:
1621 3331 1965 3387 auctoritatis
2008 3392 2015 3399 _

379 3426 638 3497 scriptor.
663 3423 915 3494 Ejusdem
945 3422 1175 3493 apostoli
1201 3438 1348 3479 curae
1368 3463 1384 3490 ,
1408 3433 1464 3479 et
1496 3431 1682 3494 postea
1717 3423 1968 3480 Clemen-

380 3520 473 3587 tis,
505 3519 694 3590 plures
736 3516 916 3590 pepuli
964 3526 1243 3586 aeceptam
1268 3531 1483 3587 quoque
1523 3516 1668 3573 ferre
1710 3524 1968 3587 poterunt

378 3628 448 3671 ex
484 3613 758 3669 veteribus
800 3611 946 3666 Actis
970 3620 1024 3667 et
1061 3608 1466 3682 Martyrologiis
1498 3610 1728 3681 primam
1757 3609 1968 3680 episco-

378 3722 574 3778 porum
619 3721 840 3762 suorum
896 3704 1320 3767 institutionem.
1354 3702 1599 3772 Quorum
1654 3701 1873 3758 labores
1920 3701 1967 3758 si

378 3800 492 3856 suis
520 3799 813 3871 provinciis
845 3813 913 3855 ex
960 3796 1191 3870 Augusti
1227 3795 1478 3854 instituto
1525 3792 1803 3865 dispositis
1838 3792 1967 3850 red-

377 3896 599 3961 dantur,
665 3891 985 3948 Tertulliani
1013 3892 1282 3949 sententia
1331 3898 1674 3959 quantopere
1706 3900 1836 3941 vera
1873 3884 1967 3950 sit,

377 3984 446 4040 de
470 3983 698 4040 diversis
717 3982 1014 4040 Galliarum
1044 3981 1358 4039 nationibus
1381 3980 1694 4037 Christiana
1723 3977 1828 4033 ﬁde
1858 3978 1967 4033 im-

377 4076 546 4145 butis,
589 4077 815 4147 patebit.
861 4075 1235 4132 Narbonensis
1281 4076 1483 4147 quippe
1530 4074 1806 4146 provincia
1857 4089 1965 4128 non

376 4171 552 4227 solum
577 4186 608 4225 a
641 4170 938 4226 Crescente
987 4168 1302 4234 Viennensi,
1330 4170 1424 4224 sed
1472 4168 1637 4225 etiam
1665 4182 1695 4222 a
1727 4166 1966 4238 Trophi—

374 4279 466 4322 mo
495 4264 824 4331 Arelatensi,
852 4279 884 4319 a
909 4262 1075 4319 Paulo
1099 4262 1460 4327 Narbonensi,
1486 4260 1579 4334 qui
1602 4261 1852 4333 proxime
1877 4274 1966 4315 se-

374 4363 537 4412 cutus
580 4365 667 4413 est
699 4355 1055 4425 Trophimum
1077 4396 1094 4423 ,
1122 4364 1178 4411 et
1209 4355 1426 4411 demum
1457 4370 1490 4409 a
1540 4353 1838 4410 Saturnino
1866 4351 1968 4408 To-

2084 563 2366 623 Caraunns
2408 566 2793 633 Carnotensis,
2836 576 2889 623 et
2924 567 3169 624 Julianus
3217 564 3725 640 Cenomanensis“,

2086 653 2346 725 Superest
2395 665 2456 712 ut
2512 658 2578 714 de
2630 657 2977 730 Lugdunensi
3023 659 3242 715 civitate
3295 676 3605 730 quaeramus
3648 679 3666 719 :
3713 663 3719 666 ’

2082 764 2202 818 qua:
2226 751 2449 820 quidem
2479 767 2601 808 cum
2640 752 2904 822 principia
2948 753 3291 821 episcopatus
3334 752 3529 809 debeat
3562 754 3669 811 Po-

2085 839 2255 907 thino,
2302 842 2393 910 qui
2447 857 2640 911 passus
2693 842 2793 897 sub
2815 844 3069 907 Antonio,
3130 858 3272 896 anno
3300 845 3499 899 Christi
3537 846 3668 914 177,
3727 849 3734 863 '

2082 932 2452 1000 nonagenario
2514 930 2706 1000 major,
2750 933 2842 988 sed
2885 932 3113 988 inferior
3143 934 3422 1003 Trophimi
3474 937 3668 990 Arela-

2082 1019 2258 1079 tensis
2312 1023 2685 1090 institutione,
2726 1039 2836 1101 non
2888 1025 3079 1081 dubito
3108 1026 3239 1096 quin
3290 1027 3450 1096 hujus
3481 1031 3669 1084 studio

2082 1114 2278 1173 debeat
2326 1116 2595 1187 primitias
2648 1116 2795 1171 Iidei.
2849 1115 3164 1187 Siquidem,
3212 1127 3270 1173 nt
3306 1120 3671 1196 tradiderunt

2081 1209 2316 1278 episcopi
2349 1210 2401 1264 in
2450 1208 2632 1265 libello
2669 1210 2851 1265 oblato
2889 1209 3055 1264 Leoni
3098 1224 3248 1280 papa:
3273 1227 3415 1265 anno
3444 1212 3570 1276 450,
3593 1229 3664 1268 ex

2082 1301 2377 1372 Trophimo
2408 1302 2553 1358 velut
2585 1318 2649 1357 ex
2684 1302 2830 1358 fonte
2864 1303 3235 1374 proﬂuxerunt
3264 1304 3422 1358 rivnli
3456 1307 3574 1359 tidei
3606 1308 3661 1360 in

2082 1396 2218 1451 alias
2249 1394 2544 1451 Galliarum
2580 1407 2800 1465 partes;
2825 1395 2968 1464 quod
2996 1397 3519 1467 conﬁrmatquoqne
3551 1395 3663 1452 Zoo

2081 1488 2203 1542 simi
2259 1502 2409 1556 papae
2465 1487 2712 1554 epistola.
2769 1488 2948 1554 Quare
3027 1503 3149 1543 cum
3205 1489 3397 1544 Arelas
3453 1489 3661 1554 Italiin,

2081 1577 2321 1635 Orientis
2347 1587 2403 1633 et
2454 1576 2653 1633 Africae
2698 1578 3042 1634 commerciis
3071 1590 3299 1650 pateret,
3335 1592 3390 1636 et
3425 1579 3497 1637 ob
3536 1595 3659 1635 eam

2083 1668 2346 1725 rationem
2397 1667 2658 1738 Lugduuo
2699 1667 3083 1727 ﬂorentissimo
3112 1670 3414 1728 Galliarum
3463 1688 3661 1742 entpoo

2084 1759 2164 1814 rio
2185 1758 2622 1829 coniungeretur,
2660 1758 2878 1814 obvium
2911 1760 3014 1814 fuit
3044 1758 3342 1831 Tropliimo
3383 1778 3483 1834 per
3509 1778 3570 1819 se
3603 1772 3661 1820 et

2081 1867 2180 1923 per
2208 1850 2347 1906 alios
2368 1851 2574 1922 legatos
2612 1850 2734 1907 ﬁdei
2775 1852 3099 1909 Christiana:
3135 1867 3428 1911 sementem
3463 1856 3534 1911 ibi
3565 1869 3659 1911 se—

2080 1957 2226 2007 rere,
2254 1957 2372 2011 quar
2405 1943 2618 1997 tandem
2658 1943 2709 1996 in
2751 1958 2873 1998 eum
2930 1943 3165 1998 ﬁdelium
3210 1957 3410 2000 coctum
3460 1946 3658 2013 crevit,

2079 2035 2227 2106 quia
2262 2033 2492 2090 Pothino
2524 2034 2778 2105 episcopo
2812 2036 2920 2106 regi
2947 2048 3267 2094 mereretur.

2149 2126 2265 2183 Non
2288 2142 2374 2183 me
2405 2127 2557 2189 latet.
2582 2126 2639 2181 in
2672 2128 2921 2198 quietiam
2951 2131 3110 2195 Acta,
3145 2130 3344 2201 quibus
3369 2131 3495 2187 vitae
3520 2147 3660 2203 pono

2079 2222 2288 2278 tiﬁcum
2328 2220 2543 2277 illorum
2595 2219 3001 2286 describuntur,
3052 2225 3239 2288 multa,
3277 2224 3420 2294 quod
3457 2225 3657 2281 attinet

2078 2314 2147 2369 ad
2170 2327 2358 2369 eorum
2392 2328 2480 2370 res
2511 2322 2719 2381 gestas,
2756 2312 3061 2382 irrepsisse,
3095 2328 3215 2383 quae
3250 2329 3409 2369 manu
3445 2318 3654 2370 medica

2076 2414 2291 2477 egeant,
2329 2413 2388 2461 ut
2439 2415 2841 2477 repurgentnr;
2890 2409 3345 2477 quemadmodum
3395 2408 3463 2464 de
3510 2412 3656 2466 Actis

2076 2497 2303 2567 hujusce
2341 2496 2562 2568 generis
2596 2490 2913 2556 deci'everat
2938 2501 3064 2554 olim
3092 2498 3382 2555 concilium
3416 2500 3657 2556 Franeoo

2076 2587 2352 2644 I'nrdiense
2386 2603 2530 2643 anno
2554 2588 2677 2646 794.
2704 2589 2756 2644 Id
2786 2599 2964 2645 tamen
3013 2604 3121 2644 non
3165 2588 3331 2644 oIIicit
3377 2590 3657 2647 missionis

2076 2679 2314 2746 veritati,
2348 2680 2414 2735 de
2441 2666 2549 2750 qua
2610 2679 2724 2736 sola
2767 2682 3055 2736 asserenda
3094 2697 3237 2737 nunc
3259 2683 3458 2753 agitur,
3482 2684 3658 2737 omis-

2075 2771 2152 2827 sis
2180 2773 2391 2827 cmteris
2435 2789 2556 2844 quae
2600 2773 2654 2828 iu
2688 2774 3044 2841 qumstiorieiti
3089 2775 3425 2830 adducentur
3458 2791 3491 2830 a
3522 2777 3656 2831 viris

2074 2866 2326 2932 eruditis,
2364 2868 2430 2923 de
2453 2868 2650 2937 quibus
2689 2866 2822 2922 alias
2849 2864 3079 2923 fortasse
3116 2870 3441 2924 sententiam
3473 2883 3655 2924 meam

2073 2963 2338 3031 aperiam.
2363 2963 2580 3018 Interim
2609 2965 2814 3017 amicos
2856 2973 3070 3016 nosnos
3110 2962 3375 3029 obtestor,
3424 2971 3482 3017 ut
3524 2963 3654 3017 b-mi

2072 3053 2511 3124 consulantquae,
2525 3052 2653 3108 licet
2681 3053 2857 3109 aliena
2885 3056 2957 3109 ab
2979 3069 3164 3109 eorum
3191 3055 3481 3117 sententia,
3512 3054 3655 3122 dixi,

2068 3155 2393 3215 provocatus
2414 3146 2624 3200 tuendae
2652 3148 2900 3202 veritatis
2936 3147 3224 3210 desiderio,
3258 3147 3324 3202 ad
3354 3149 3653 3203 restituen-

2070 3239 2191 3291 dam
2247 3237 2509 3294 Ecclesia-
2558 3216 2855 3292 Gallicana;
2881 3239 3247 3306 maiestatem,
3280 3239 3460 3309 aliquo
3483 3252 3653 3310 pacto

2068 3331 2408 3387 imminutam
2442 3346 2506 3386 ex
2542 3332 2799 3401 depressa
2850 3332 3079 3401 originis
3139 3331 3285 3387 illius
3333 3340 3601 3388 vetustate
3632 3350 3651 3388 :

2067 3437 2189 3492 quae
2236 3425 2290 3478 in
2346 3425 2509 3479 rebus
2556 3425 2731 3480 sacris
2783 3439 2890 3478 non
2931 3424 3209 3495 vulgarem
3238 3426 3652 3481 venerationem

2068 3516 2364 3572 conciliare
2402 3515 2561 3581 solet,
2589 3525 2700 3570 tum
2744 3515 3025 3582 Eeclesiis,
3056 3525 3167 3570 tum
3194 3516 3359 3570 etiam
3406 3517 3653 3586 imperiis

2067 3607 2400 3664 Christianis
2446 3608 2502 3661 in
2536 3607 2733 3678 quibus
2779 3616 2907 3662 sunt
2953 3609 3284 3664 constitutae.
3312 3607 3494 3674 Quare
3538 3625 3651 3664 non

2067 3699 2413 3780 evertendas,
2449 3699 2547 3753 sed
2594 3699 2904 3753 retinendas
2931 3697 3111 3768 putavi
3155 3712 3274 3766 quae
3311 3712 3437 3753 vero
3460 3698 3652 3752 nitur:-

2070 3800 2159 3846 tur
2208 3789 2529 3846 traditiones
2573 3799 2806 3854 nostras,
2857 3791 3129 3860 praicipne
3154 3805 3279 3845 cum
3322 3791 3374 3844 in
3405 3789 3649 3846 Ecclesia

2062 3882 2340 3949 Romana,
2374 3897 2439 3939 ac
2479 3892 2594 3939 toto
2627 3885 2681 3937 in
2732 3883 2867 3937 orbe
2894 3881 3205 3938 Christiano
3242 3883 3353 3954 jam
3388 3882 3514 3938 olim
3558 3898 3649 3937 re-

2067 3986 2239 4047 cepta:
2260 3976 2497 4044 fuerint;
2528 3975 2664 4031 adeo
2696 3985 2757 4030 ut
2796 3990 2903 4030 non
2926 3989 3181 4045 egeamus
3212 3990 3373 4042 prava
3407 3974 3494 4028 illa
3523 3973 3654 4029 dili-

2068 4071 2248 4143 gentia
2269 4085 2431 4141 quam
2469 4070 2837 4126 adhibuerunt
2882 4069 2960 4123 illi
2989 4068 3080 4138 qui
3112 4068 3276 4123 etiam
3304 4066 3453 4121 falsis
3478 4076 3648 4136 atque

2054 4163 2316 4219 conﬁctis
2342 4161 2444 4217 sub
2468 4162 2687 4219 nomine
2727 4170 2970 4217 veterum
3009 4171 3294 4216 auctorum
3326 4175 3649 4214 monumen-

2069 4254 2161 4323 tis,
2197 4262 2521 4311 vetustatem
2566 4253 2894 4310 Christianae
2925 4252 3205 4323 religionis
3242 4252 3346 4308 sibi
3386 4266 3648 4321 arrogare

2068 4347 2332 4415 nituntur,
2366 4345 2454 4403 vel
2483 4347 2651 4402 etiam
2677 4356 2948 4416 receptam
2986 4346 3333 4401 conﬁrmare.

373 4448 566 4506 losano
598 4448 815 4505 exculta
848 4448 967 4507 fuit.
1008 4451 1336 4522 Aquitanica
1374 4462 1403 4504 a
1444 4447 1691 4504 Martiale
1713 4446 1965 4503 Lemovi-
1995 4471 2041 4528 ι)
2142 4440 2224 4495 'l‘u
2253 4454 2403 4507 vero,
2433 4440 2518 4494 vir
2566 4438 2895 4505 clarissime,
2923 4452 3022 4509 pro
3064 4452 3129 4491 ea
3177 4452 3283 4507 qua
3319 4434 3489 4506 polles
3533 4450 3645 4490 non

290 4582 293 4589 -
372 4542 551 4609 censi,
585 4541 780 4599 Ursino
806 4540 1158 4607 Bituricensi,
1182 4541 1463 4598 Frontone
1497 4538 1960 4610 Petragoricensi,

372 4647 425 4693 et
477 4636 741 4706 Eutropio
767 4632 1120 4701 Santonensi,
1165 4649 1329 4705 atque
1382 4633 1545 4689 etiam
1593 4646 1624 4685 a
1662 4630 1960 4688 Saturnino

374 4727 431 4781 in
472 4724 987 4804 Novempopnlauia,
1016 4740 1136 4798 qua;
1162 4740 1289 4796 pars
1321 4735 1439 4780 erat
1480 4722 1802 4793 Aquitaniae.
1848 4722 1961 4778 Bel-

372 4816 549 4884 gicam
598 4826 927 4874 curaverunt
962 4817 1268 4874 Eucharius
1297 4815 1661 4881 Trevirensis,
1706 4814 1958 4870 Clemens

372 4904 652 4975 Metensis,
690 4907 868 4979 thus
920 4907 1229 4973 Remeusis,
1281 4916 1336 4962 et
1371 4903 1655 4962 Memmius
1707 4902 1959 4960 Catalau-

371 5000 582 5058 nensis.
629 5000 786 5073 Quod
819 5000 1014 5058 attinet
1036 5002 1107 5058 ad
1133 5000 1547 5074 Lugdunensem
1578 4997 1912 5070 provinciam
1939 5035 1956 5065 ,

2068 4535 2242 4592 solum
2285 4534 2611 4599 eruditione,
2641 4533 2737 4588 sed
2783 4533 2948 4588 etiam
2996 4530 3316 4602 prudentia,
3354 4529 3421 4584 de
3453 4540 3647 4584 nostro

2066 4625 2173 4681 isto
2205 4632 2606 4696 conatu,prout
2635 4641 2733 4695 par
2773 4633 2884 4689 est,
2910 4623 3190 4688 decernes,
3230 4631 3287 4676 et
3320 4620 3647 4691 dignitatem

2065 4713 2435 4774 Ecclesiarum
2502 4714 2908 4772 Gallicanarum
2979 4712 3256 4782 robustius
3318 4709 3641 4765 vindieabis.

2067 4809 2362 4961 valljitetia:
2380 4900 2737 4968 Parisiorum,
2750 4898 2919 4956 Nonis
2938 4895 3298 4971 Septembris,
3315 4909 3461 4953 anno
3483 4889 3645 4951 1658.
