3966 6264
280 304 358 362 57
1330 303 1680 362 HISTORIEJ
1716 303 2274 362 ECCLESIASTICIE
2313 303 2441 361 LIB.
2482 305 2524 360 Ι.
3223 375 3230 386 1
3476 301 3548 360 58

287 439 461 481 ποντα
492 423 744 478 Μωῢσέα
765 464 780 488 ,
813 424 913 479 καὶ
946 427 1055 495 πρό
1081 443 1144 490 γε
1161 425 1326 480 αὐτοῦ
1358 427 1574 498 πρῶτος
1602 427 1866 500 Ἀϐραὰμ,

1976 438 2033 481 ιιι
2061 442 2286 498 magnus
2309 427 2396 482 ille
2414 427 2503 481 Dei
2529 422 2766 481 famulus
2790 424 3023 496 Moyses,
3041 434 3100 478 ut
3128 424 3217 492 qui
3251 433 3375 477 ante
3397 423 3544 476 illum

284 519 473 574 τούτου
501 533 560 570 τε
600 517 651 569 οἱ
702 518 899 582 παῖδες
926 519 1020 572 καὶ
1063 520 1177 573 ὅσοι
1215 520 1509 590 μετέπειτα
1539 521 1733 574 δίκαιοι
1776 538 1874 573 πε-

284 610 490 680 φήνασι
513 606 610 659 καὶ
634 608 938 678 προφῆται,
970 608 1228 680 καθαροῖς
1252 609 1487 673 διανοίας
1512 608 1719 680 ὄμμασι
1745 626 1875 678 φαν-

282 700 576 763 τασθέντες
613 695 766 768 (9.6),
815 699 1060 766 ἐγνωσάν
1102 717 1162 752 τε
1206 701 1298 753 καὶ
1331 695 1418 753 οἶα
1464 700 1596 753 Θεοῦ
1632 700 1786 754 Παιδὶ
1815 699 1876 754 τὸ

279 793 564 865 προσῆκον
613 793 923 862 ἀπένειμαν
966 793 1146 856 σέϐας.
1167 793 1337 856 Αὐτὸς
1360 793 1416 845 δὲ
1445 792 1693 863 οὐδαμῶς
1715 795 1876 864 ἀπορ-

281 885 550 956 ῥαθυμῶν
583 887 683 955 τῆς
715 885 809 938 τοῦ
852 886 1060 956 [ἰατρὸς
1095 885 1391 949 εὐσεϐείας,
1423 885 1737 949 διδάσκαλκ
1763 889 1875 950 τοῖς

278 981 412 1030 πᾶσι
443 978 550 1048 τῆς
586 977 1198 1048 Πατρικῆςκαθίσταται
1231 977 1480 1046 γνώσεως
1505 978 1634 1050 (27).
1673 975 1875 1049 Ὧφθαι

277 1071 410 1140 γοῦν
439 1070 561 1141 (28)
597 1071 801 1141 Κύριος
834 1072 861 1122 6
891 1070 1018 1133 Θεὸς
1047 1071 1330 1141 ἁνείρηται
1355 1065 1444 1124 οἷά
1463 1088 1544 1134 τις
1573 1071 1753 1134 κοινὸς
1781 1071 1874 1124 ἅν-

279 1163 503 1234 θρωπος
545 1165 628 1234 τῷ
673 1164 926 1235 Ἀϐραὰμ
965 1164 1258 1235 καθημένῳ
1293 1163 1442 1234 παρὰ
1481 1165 1580 1236 τὴν
1617 1164 1746 1236 δρῦν
1778 1165 1873 1235 τὴν

279 1254 559 1326 Μαμϐρῆ.
614 1256 672 1308 '0
696 1255 739 1307 δ’
771 1255 1056 1308 ὑποπεσὼν
1089 1256 1288 1309 αὐτίκα
1319 1255 1556 1323 καίτοιγε
1592 1255 1873 1328 ἆνθριτιπον

279 1347 590 1417 ὀφθαλμοῖς
617 1347 758 1418 ὀρῶν
781 1388 795 1412 ,
828 1350 1118 1418 προσκυνεῖ
1149 1349 1244 1418 μὲν
1272 1347 1348 1410 ὡς
1379 1347 1530 1410 Θεὸν,
1563 1347 1788 1400 ἱκετεύει
1817 1348 1873 1401 δὲ

280 1437 355 1500 ὡς
384 1437 620 1508 Κύριον.
671 1438 950 1509 Ὁμολογεῖ
980 1457 1038 1491 τε
1090 1437 1164 1509 μὴ
1195 1439 1406 1505 ἀγνοεῖν
1437 1439 1583 1501 ὅστις
1629 1438 1736 1510 εἴη,
1773 1441 1872 1511 ρή-

283 1544 452 1598 μασιν
504 1533 695 1594 αὐτοῖς
739 1531 934 1599 λέγων’
989 1551 1006 1581 ι
1045 1531 1215 1602 Κύριε
1253 1531 1280 1582 ὁ
1328 1532 1527 1601 κρίνων
1572 1533 1748 1585 πᾶσαν
1775 1533 1871 1602 τὴν

280 1623 404 1692 γῆν,
442 1623 504 1675 οὐ
543 1624 791 1694 ποιήσεις
825 1623 1039 1694 κρίσιν;
1082 1643 1101 1673 ›
1137 1625 1199 1676 Ei
1229 1622 1336 1693 γὰρ
1374 1623 1560 1693 μηδεὶς
1590 1624 1871 1695 ἐπιτρέποι

280 1716 437 1784 levo;
479 1715 584 1786 τὴν
617 1716 910 1786 ἀγέννητον
947 1716 1039 1768 καὶ
1071 1715 1336 1786 ἄτρεπτον
1366 1717 1550 1769 οὐσίαν
1591 1716 1726 1769 Θεοῦ
1762 1717 1869 1789 (29)

1982 521 2121 573 visit
2147 518 2416 572 Abraham
2449 529 2502 571 et
2539 518 2655 588 ejus
2680 517 2794 582 ﬁlii,
2821 526 2875 570 et
2903 516 3206 585 quicunque
3232 526 3413 584 postea
3445 510 3546 566 viri

1975 609 2105 678 justi
2133 626 2196 664 ac
2232 611 2510 680 prepbeta:
2541 608 2888 672 exstiterunt,
2931 622 3119 661 omnes
3159 609 3307 676 puris
3354 606 3548 660 mentis

1979 704 2153 756 oculis
2194 700 2540 768 contemplati
2587 707 2942 768 agnoverunt,
2972 699 3256 767 eidemque
3291 708 3546 766 tanquam

1995 795 2091 848 Dei
2123 794 2261 848 Filio
2303 793 2540 847 debitum
2577 793 2775 845 cnltmn
2818 791 3198 846 exhibuerunt.
3253 791 3368 860 Ipse
3421 807 3548 844 vero

1982 888 2188 954 absque
2222 886 2325 938 ulla
2365 887 2704 938 etmctalione
2756 883 2933 938 Patris
2961 884 3038 937 sui
3073 885 3276 938 cnltnm
3308 899 3371 937 ac
3405 885 3548 937 noti-
3580 863 3590 876 ’

1985 979 2110 1032 tiam
2147 978 2399 1032 omnilms
2449 994 2658 1046 semper
2706 987 2958 1044 tanquam
3011 978 3267 1045 magister
3301 979 3543 1035 tradidit.

1983 1071 2244 1140 Apparuit
2289 1071 2453 1139 igitur
2512 1069 2769 1123 Dominus
2825 1070 2967 1124 Deus
3023 1070 3256 1140 volgaris
3310 1072 3546 1126 hominis

1981 1164 2166 1230 specie
2196 1163 2424 1216 Abrahae
2452 1161 2516 1214 ad
2547 1177 2800 1229 tptercnm
2828 1162 3067 1216 Mambre
3095 1163 3324 1217 sedenti.
3354 1165 3425 1216 At
3459 1164 3546 1218 ille

1979 1255 2164 1309 statim
2202 1256 2254 1308 in
2281 1270 2452 1322 genua
2490 1255 2801 1324 prolapsus,
2852 1255 3062 1307 tametsi
3112 1255 3385 1308 hominem
3429 1265 3548 1309 tan-

1983 1355 2092 1399 tmn
2126 1346 2295 1400 oculis
2323 1347 2552 1410 videret,
2583 1349 2828 1401 adoravit
2863 1347 3222 1402 nihilominus
3259 1359 3315 1401 ut
3341 1350 3504 1402 Deum
3528 1389 3544 1414 ,

1979 1450 2033 1495 et
2071 1450 2323 1509 tanquam
2356 1442 2584 1494 Domino
2611 1441 2962 1509 supplicavit,
3017 1452 3070 1495 et
3110 1443 3357 1510 quisnam
3403 1451 3548 1498 esset

1979 1548 2038 1586 se
2061 1548 2217 1587 nosse
2241 1533 2515 1602 professus
2541 1533 2716 1587 esthis
2745 1534 2947 1588 verbis:
2980 1553 2999 1585 ι
3027 1533 3267 1598 Domine,
3299 1535 3385 1603 qui
3405 1533 3548 1600 judi-

1979 1641 2072 1679 cas
2091 1639 2304 1680 onmem
2327 1636 2544 1689 terram,
2577 1626 2815 1694 nunquid
2846 1625 3330 1692 faciesjmlieium?
3361 1643 3381 1678 ι
3410 1625 3543 1679 Nam

1979 1731 2102 1768 cum
2135 1716 2425 1770 absurdmn
2457 1714 2602 1768 etab
2628 1717 2775 1769 omni
2803 1715 3012 1770 ratione
3042 1714 3278 1768 alienum
3309 1715 3399 1779 sit,
3432 1724 3545 1766 tum

282 1805 372 1859 τοῦ
411 1808 858 1878 παντοκράτορος
890 1808 968 1870 εἰς
1002 1806 1192 1878 ἀνδρὸς
1220 1802 1359 1871 εἶδος
1395 1808 1768 1877 μεταϐάλλειν,
1799 1810 1866 1881 μὴ

1976 1817 2034 1860 ut
2061 1809 2296 1879 ingenita
2325 1819 2378 1862 et
2409 1809 2760 1863 immutabilis
2788 1808 3190 1878 omnipotentis
3221 1807 3313 1861 Dei
3353 1817 3545 1862 natura

282 1898 325 1950 δ’
356 1895 423 1952 αὖ
467 1899 737 1970 γεννητοῦ
775 1899 1000 1971 μηδενὸς
1046 1899 1319 1970 φαντασίᾳ
1365 1898 1462 1962 τὰς
1487 1899 1596 1952 τῶν
1627 1899 1878 1971 ὁρώντων

283 1993 430 2063 west;
457 1995 765 2063 ὲξαπατᾷν,
804 1992 936 2063 μηδὲ
977 1991 1080 2063 μὴν
1123 1991 1335 2062 ψευδῶς
1363 1991 1431 2044 τὰ
1457 1993 1680 2046 τοιαῦτα
1705 1993 1876 2047 πλάτ-

281 2084 471 2139 τεσθαι
503 2084 605 2155 τὴν
638 2085 674 2135 Γ
682 2082 876 2153 ραφὴν,
906 2081 1037 2144 Θεὸς
1057 2081 1152 2134 καὶ
1174 2080 1376 2152 Κύριος
1408 2082 1436 2133 ὁ
1464 2081 1662 2152 κρίνων
1695 2083 1874 2135 πᾶσαν

282 2180 381 2249 τὴν
421 2178 533 2248 γῆν
583 2178 680 2231 καὶ
733 2176 900 2229 ποιιῖιν
946 2175 1123 2246 κρίσιν
1169 2177 1227 2228 ὲν
1269 2173 1555 2245 ἀνθρώπου
1600 2173 1874 2246 ὁρώμενος
1919 2195 1922 2198 ’

285 2272 549 2340 σχήματι,
583 2270 666 2334 τίς
715 2269 782 2322 ἂν
829 2270 1010 2340 ἕτερος
1054 2268 1457 2339 ἀναγορεύοιτο,
1493 2269 1541 2320 εἰ
1593 2268 1665 2339 μὴ
1709 2268 1871 2337 φάναι

282 2362 439 2433 Θέμις
467 2363 531 2415 τὸ
558 2361 773 2433 πρῶτον
807 2360 913 2414 τῶν
945 2360 1078 2413 ὅλων
1123 2360 1314 2424 αἴτιον,
1349 2361 1381 2432 ἢ
1424 2361 1583 2431 μόνος
1619 2362 1647 2413 ὁ
1692 2361 1874 2431 προὼν

280 2455 445 2509 αὐτοῦ
491 2456 709 2523 Λὸγος;
754 2456 882 2522 περὶ
923 2448 984 2507 οὗ
1029 2452 1122 2506 καὶ
1163 2454 1220 2505 ὲν
1268 2453 1519 2523 Ψαλμοῖς
1549 2452 1866 2523 ιίινείρηται⁹

285 2566 306 2598 ι
343 2547 658 2600 Ἀπέστειλε
681 2547 770 2599 τὸν
807 2546 976 2614 Λόγον
1002 2543 1185 2607 αὐτοῦ,
1221 2545 1315 2598 καὶ
1338 2545 1524 2598 ίάσατο
1541 2545 1754 2606 αὐτοὺς,
1776 2545 1870 2597 καὶ

280 2641 555 2709 ἐρρύσατο
582 2641 778 2702 αὐτοὺς
809 2641 874 2691 ἐκ
906 2639 1009 2692 τῶν
1033 2638 1338 2710 διαφθορῶν
1371 2637 1570 2692 αὐτῶν.
1610 2657 1628 2688 ι
1669 2637 1869 2689 Τοῦτον

277 2733 533 2804 δεύτερον
569 2733 708 2804 μετὰ
739 2733 829 2785 τὸν
861 2733 1083 2804 Πατέρα
1122 2732 1326 2802 Κύριον
1373 2729 1683 2799 σαφέστατα
1703 2731 1868 2782 Mm?»-

281 2826 380 2895 σῆς
405 2825 730 2896 ἀναγορεύει
757 2825 958 2892 λέγων·
999 2845 1017 2876 ι
1050 2824 1281 2896 Ἕϐρεξε
1308 2824 1511 2896 Κύριος
1539 2824 1632 2876 ἐπὶ
1664 2823 1872 2894 Σόδομα

279 2917 374 2970 καὶ
422 2918 680 2988 Γόμορρα
711 2917 852 2970 θεῖον
886 2918 976 2969 καὶ
1003 2934 1112 2987 πυρ
1147 2895 1299 2986 παρᾶ
1337 2915 1565 2985 Κυρίου.
1604 2934 1621 2966 ι
1672 2914 1870 2969 Τοῦτον

279 3009 374 3058 καὶ
399 3005 478 3074 τῷ
511 3005 706 3058 Ἰακὼϐ
724 3001 877 3069 αὖθις
904 3009 958 3058 ὲν
975 3005 1163 3077 ἀνδρὸς
1186 3005 1422 3073 φανέντα
1449 3007 1708 3076 σχήματι,
1736 3005 1868 3059 Θεὸν

275 3098 310 3167 ἡ
348 3097 470 3150 θεία
506 3097 901 3169 προσαγορεύει
931 3098 968 3150 Γ
976 3097 1119 3169 ραφὴ
1145 3138 1158 3161 ,
1204 3098 1478 3166 φάσκοντα
1523 3097 1599 3168 τῷ
1629 3098 1822 3151 Ἰακώϐ
1848 3115 1863 3128 ο

1977 1903 2028 1958 in
2059 1901 2294 1971 speciem
2329 1901 2564 1955 hominis
2602 1910 2972 1966 convertatur,
3001 1909 3057 1954 et
3085 1916 3347 1968 corporeo
3376 1901 3550 1955 simu-

1976 1995 2124 2048 lacro
2199 1995 2386 2049 oculos
2439 1994 2760 2047 intuentium
2822 1992 3012 2056 fallat,
3087 2003 3197 2046 tum
3266 2003 3326 2046 ut
3386 2008 3545 2046 sacra

1977 2087 2259 2155 Scriptura
2318 2087 2612 2155 quidquam
2669 2085 2972 2151 hujnsmodi
3025 2084 3164 2140 falso
3216 2087 3542 2153 conlingat:

1975 2180 2118 2233 Deus
2161 2181 2250 2232 ille
2284 2188 2338 2232 et
2389 2178 2648 2233 Dominus
2695 2181 2788 2246 qui
2827 2179 3039 2246 judicat
3088 2195 3302 2232 omnem
3345 2189 3544 2232 terram

1971 2280 2025 2324 et
2074 2270 2204 2324 facit
2245 2269 2534 2336 judicium,
2573 2269 2674 2321 sub
2727 2269 2966 2324 hominis
3022 2271 3204 2337 specie
3254 2284 3542 2337 apparens,

1973 2363 2224 2432 quisnam
2259 2362 2398 2415 alius
2439 2360 2699 2429 appellari
2749 2361 2920 2427 possit
2965 2360 3445 2429 (quamloquidem
3481 2361 3547 2415 de

1972 2457 2150 2524 primo
2179 2469 2361 2508 rerum
2391 2455 2634 2507 omnium
2672 2465 2896 2508 auctore
2947 2455 3059 2508 ha‘c
3100 2456 3352 2521 accipere
3393 2455 3545 2509 nefas

1973 2547 2096 2614 est)
2139 2555 2332 2614 prmter
2378 2545 2550 2614 ipsum
2608 2546 2750 2613 quod
2792 2556 2916 2598 ante
2949 2545 3130 2598 omnia
3166 2545 3408 2599 substitit
3450 2545 3542 2599 Dei

1971 2635 2240 2691 Verbum?
2274 2635 2345 2688 De
2372 2650 2477 2703 quo
2509 2636 2672 2688 etiam
2705 2635 2757 2686 in
2791 2633 3019 2688 Psalmis
3068 2635 3268 2686 dicitur
3304 2651 3317 2686 :
3355 2653 3374 2685 ι
3400 2634 3547 2688 Μίε⁷ι

1976 2730 2208 2784 Verbum
2282 2742 2440 2780 suum
2487 2735 2543 2780 et
2592 2727 2807 2780 sanavit
2861 2741 2955 2779 eos
2991 2766 3004 2787 ,
3058 2736 3112 2778 et
3171 2725 3373 2793 eripuit
3452 2741 3546 2780 eos

1971 2823 2036 2874 de
2079 2820 2518 2889 corruptionibns
2577 2819 2818 2886 ipsorum
2876 2819 2968 2876 ⁵.)
3033 2818 3187 2872 llunc
3242 2818 3538 2871 secundmn

1972 2914 2022 2984 7
2059 2923 2176 2980 post
2196 2911 2409 2966 Patrem
2440 2910 2722 2964 Dumimnn
2749 2909 2962 2981 Moyses
2985 2911 3274 2964 manifeste
3306 2910 3546 2979 appellat

1970 3023 2089 3060 cum
2127 3005 2240 3058 ait:
2284 3025 2302 3053 ε
2337 3003 2484 3056 ΡΙιιίι
2518 3003 2774 3056 Dominus
2820 3017 2982 3070 super
3015 3002 3306 3054 Sodomam
3340 3011 3393 3052 et
3433 2999 3545 3054 (ἑοι-

1973 3114 2205 3151 morram
2245 3096 2471 3166 sulphur
2517 3105 2571 3150 et
2627 3096 2799 3164 ignem
2838 3109 2866 3146 a
2913 3092 3136 3147 Domino
3160 3095 3257 3147 δ’.»
3286 3092 3543 3148 Eumdexn

283 3207 303 3239 ι
341 3189 544 3242 Οὐκέτι
594 3189 924 3260 κληθήσεται
969 3189 1027 3242 τὸ
1081 3190 1251 3260 ὄνομα
1308 3207 1398 3243 σου
1463 3191 1696 3254 Ἰακὼϐ,
1748 3192 1860 3244 ἀλλ’

1976 3193 2159 3246 iterum
2195 3191 2294 3244 sub
2321 3189 2555 3244 hominis
2571 3189 2750 3258 specie
2779 3188 2981 3242 Jacobo
3004 3188 3175 3240 vismn
3211 3203 3365 3241 saera
3397 3188 3546 3241 Seri-

287 3281 506 3354 Ἶσραὴλ
535 3282 688 3336 ἔσται
708 3283 768 3336 τὸ
786 3283 953 3352 ὄνομά
976 3299 1088 3348 σου,
1112 3284 1490 3356 ὅτιὲνίσχυσας
1512 3286 1649 3356 μετὰ
1672 3285 1825 3340 Θεοῦ.
1841 3306 1862 3339 ι

283 3377 407 3430 Ὅτε
439 3378 534 3430 καὶ
580 3376 838 3430 ἐκάλεσεν
877 3375 1070 3428 Ἰακὼϐ
1113 3376 1173 3428 τὸ
1205 3376 1375 3447 ὄνομα
1403 3377 1495 3430 τοῦ
1528 3379 1692 3431 τόπου
1722 3379 1866 3431 ὲκεί-

279 3486 390 3533 νου,
414 3466 592 3534 Εἶδος
620 3469 789 3532 Θεοῦ,
821 3468 1019 3537 λέγων’
1052 3487 1071 3518 ι
1109 3465 1258 3521 Εἶδον
1285 3469 1394 3540 γὰρ
1417 3470 1506 3522 τὸν
1538 3470 1668 3523 Θεὸν
1697 3471 1865 3541 πρόσ-

281 3577 423 3612 ωπον
451 3560 590 3631 πρὸς
619 3560 927 3629 πρόσωπον,
959 3561 1050 3613 καὶ
1082 3558 1258 3628 ἐσώθη
1292 3561 1324 3630 ἠ
1360 3559 1504 3631 ψυχή
1535 3579 1656 3631 μου.
1697 3580 1715 3612 ι
1753 3563 1862 3614 Καὶ

287 3653 388 3722 μὴν
413 3653 523 3706 οὐδ’
551 3652 970 3722 ὐποϐεϐηκότων
994 3652 1240 3721 ἀγγέλων
1267 3653 1360 3704 καὶ
1381 3652 1709 3724 λειτουργῶν
1726 3654 1859 3707 Θεοῦ

285 3743 377 3806 vi;
419 3743 828 3814 ἁναγραφείσας
855 3744 1174 3812 θεοφανείας
1203 3745 1449 3797 ὑπονοεῖν
1489 3743 1666 3814 θέμις.
1712 3744 1864 3796 Ἐπει

284 3834 373 3884 καὶ
416 3833 624 3886 τούτων
674 3836 800 3888 ὅταν
845 3853 928 3898 τις
963 3835 1268 3906 ἀνθρώποις
1309 3836 1733 3908 παραφαίνηται,
1765 3837 1862 3890 οὐκ

286 3931 679 4000 ἐπικρύπτεται.
716 3932 746 4000 ὴ
781 3929 998 4001 Γραφὴ,
1032 3931 1291 4002 ὀνομαστὶ
1325 3933 1382 3983 οὐ
1418 3930 1570 3993 Θεὸν,
1606 3929 1724 3984 οὐδὲ
1757 3930 1862 4002 μὴν

286 4018 505 4089 Κύριον,
553 4019 667 4072 ἀλλ’
699 4019 962 4088 ἀγγέλους
1003 4020 1340 4091 χρηματίσαι
1370 4019 1621 4088 λέγουσα,
1654 4020 1729 4083 ὡς
1774 4019 1864 4074 διὰ

287 4112 484 4182 κυρίων
532 4113 844 4184 μαρτυριῶν
877 4112 1249 4167 πιστώσασθαι
1301 4114 1497 4182 ῥᾴδιον.
1533 4113 1733 4167 Τοῦτον
1767 4113 1860 4168 καὶ

285 4203 560 4268 Μωῦσέως
605 4205 843 4276 διάδοχος
882 4205 1107 4275 Ἰησοῦς,
1138 4206 1213 4269 ὼς
1242 4205 1305 4258 ἂν
1327 4205 1434 4258 τῶν
1463 4205 1728 4277 οὐρανίων
1755 4207 1860 4276 ἀγυι

353 4323 373 4356 ³
397 4322 538 4376 Psal.
579 4338 688 4377 οτι.
763 4324 807 4355 ⁸·
835 4323 969 4379 Gen.
1005 4341 1120 4379 χιχ.
1197 4325 1218 4356 ⁸
1246 4325 1384 4381 Gen.
1419 4339 1508 4380 xv.

1969 3296 2125 3353 plura
2164 3285 2330 3337 Deum
2380 3283 2655 3344 nominat,
2701 3285 2790 3350 qui
2832 3283 2910 3336 sic
2962 3280 3224 3337 Jacobum
3276 3281 3544 3335 allocutus

1967 3386 2050 3430 est
2083 3394 2097 3433 :
2133 3394 2152 3427 ι
2193 3374 2306 3429 Non
2343 3375 2575 3443 amplius
2619 3376 2902 3429 vocabitur
2930 3391 3125 3429 nomen
3174 3385 3320 3427 tunm
3356 3373 3544 3439 .lacob,

1966 3469 2060 3523 sed
2115 3467 2279 3522 Israel
2333 3467 2439 3521 erit
2474 3482 2668 3521 nomen
2714 3478 2900 3532 tuum,
2937 3469 3062 3537 quia
3099 3467 3371 3522 invaluisti
3421 3482 3548 3522 eun:

1968 3564 2074 3616 Deo
2104 3564 2143 3615 °.
2181 3580 2198 3612 ι
2237 3559 2384 3617 Unde
2406 3568 2460 3625 et
2486 3559 2716 3615 Jacobus
2750 3560 2922 3615 locum
2955 3562 3098 3615 illum
3130 3561 3344 3614 vocavit
3381 3559 3549 3614 Visio-

1968 3671 2079 3707 nem
2109 3655 2226 3707 Dei.
2259 3673 2276 3704 ι
2318 3654 2434 3707 Vidi
2459 3653 2627 3715 enim,
2655 3653 3034 3722 inqniI,Denm
3067 3653 3204 3706 facie
3235 3653 3299 3706 ad
3333 3650 3546 3714 faciem,

1967 3755 2020 3797 et
2049 3745 2194 3798 salva
2225 3743 2363 3798 facta
2396 3754 2479 3799 est
2510 3746 2690 3798 anima.
2723 3762 2860 3799 mea.
2897 3763 2916 3795 ι
2948 3743 3108 3798 Nefas
3143 3759 3303 3812 porro
3329 3755 3414 3798 est
3449 3744 3551 3797 hu-

1963 3836 2201 3904 jusmodi
2242 3837 2334 3889 Dei
2396 3837 2632 3890 visiones
2665 3852 2784 3906 quae
2847 3839 3019 3892 sacris
3067 3838 3258 3891 litteris
3319 3838 3551 3906 prodita:

1969 3937 2113 3993 sunt,
2148 3929 2521 3983 ministrorum
2554 3930 2644 3983 Dei
2677 3940 2732 3983 et
2771 3930 3082 3998 angelorum
3109 3929 3344 3984 visiones
3381 3928 3549 3982 fuisse

1969 4021 2255 4090 suspicari.
2290 4022 2500 4076 Etenim
2529 4022 2746 4091 quoties
2792 4023 3104 4092 angelorum
3143 4021 3338 4089 aliquis
3372 4021 3550 4075 homi-

1967 4113 2126 4168 nibus
2175 4115 2457 4184 apparuit,
2514 4130 2856 4185 nequaquam
2920 4116 2972 4170 id
3027 4115 3333 4171 dissimulat
3390 4129 3547 4170 sacra

1966 4205 2280 4278 Scriptura;
2306 4208 2736 4276 sednominatim
2754 4209 3023 4280 angelum,
3044 4225 3148 4263 non
3175 4221 3353 4264 autem
3381 4209 3549 4263 Deum

357 4421 470 4524 (9ίῇ
514 4439 806 4524 βαραροῖς
861 4440 1128 4522 διανοίας
1155 4441 1413 4524 ..ὄμμασι
1457 4440 1866 4524 ⁹,φιτσντασθὲνς

1976 4443 2165 4524 postri,
2190 4442 2414 4524 elegans
2438 4441 2682 4524 profecto
2717 4450 2879 4524 atque
2904 4442 3189 4524 eximium,
3237 4441 3440 4496 additis
3486 4447 3546 4496 et

291 4527 397 4575 τες.
433 4509 570 4561 Rob.
611 4511 919 4575 Stephanus
950 4511 1002 4563 in
1054 4511 1217 4565 Variis
1253 4511 1576 4565 lectionibus
1608 4527 1744 4578 quas
1793 4513 1858 4565 ad

292 4582 487 4651 calcem
525 4595 636 4651 sum
660 4582 916 4633 editionis
942 4581 1158 4649 adjecit,
1191 4589 1344 4634 notat
1373 4581 1511 4636 alias
1548 4581 1650 4650 legi
1703 4599 1860 4651 φωτι·

293 4650 518 4713 σθέντες.
557 4649 726 4716 Qnam
756 4661 931 4703 tamen
969 4652 1295 4718 Scriptura"!
1334 4652 1384 4704 in
1431 4649 1631 4704 nostris
1656 4649 1854 4705 codici-

294 4721 383 4774 bus
417 4738 521 4772 non
557 4723 876 4788 reperimus.
911 4721 1010 4772 nisi
1047 4723 1185 4789 quod
1212 4720 1477 4775 Henricus
1533 4721 1768 4776 Savilins
1794 4724 1858 4774 ad

293 4803 433 4842 omn
462 4791 583 4842 libri
623 4793 704 4842 sui
760 4793 1064 4844 emendavit
1113 4791 1494 4858 φωτισθέντες·
1562 4803 1742 4845 utrum
1793 4810 1858 4846 ex

295 4861 622 4924 conjectura.
653 4877 720 4913 an
755 4877 818 4914 ex
853 4863 955 4914 fide
1007 4864 1356 4930 maimseripti
1386 4863 1733 4927 exemplaris.
1775 4865 1859 4914 in-

297 4943 515 4986 certum.
579 4931 1112 4998 Christuphorsmtus
1167 4941 1346 4985 tamen
1395 4949 1513 4985 eam
1575 4933 1856 4986 lectionem

299 5011 502 5053 secutus
537 5012 642 5057 est.
671 5013 724 5053 ut
747 5017 810 5054 ex
845 5003 1294 5067 interpretatione
1331 5001 1446 5069 ejus
1472 5003 1860 5069 apparet.Ver—

302 5072 360 5142 tit
389 5072 579 5123 enim:
630 5070 777 5124 Puro
821 5074 1124 5141 sinceraque
1166 5075 1353 5124 mentis
1403 5084 1449 5125 et
1500 5075 1860 5142 intelligentia:

300 5141 480 5193 lumine
508 5141 786 5194 illustrati.
814 5142 1025 5206 Quanto
1052 5145 1251 5195 rectius
1305 5143 1572 5196 Mosenlus
1595 5184 1610 5206 ,
1661 5141 1750 5208 qui
1782 5144 1860 5197 sic

301 5215 446 5264 vertit
500 5231 512 5262 :
571 5211 884 5272 Rennrqntis
936 5215 1120 5264 utentis
1188 5215 1357 5264 oculis
1424 5215 1855 5280 contemplantes.

302 5281 440 5334 Certe
465 5281 836 5349 φαντάζεσθαι
862 5283 998 5332 idem
1023 5293 1104 5333 cst
1132 5298 1192 5335 ac
1220 5285 1519 5336 κατανοεῖν.
1566 5284 1656 5336 Sic
1700 5285 1860 5338 Euse-

305 5351 481 5405 hinsin
514 5353 698 5404 lihro’t
735 5352 805 5402 De
833 5354 936 5404 vim
987 5352 1344 5411 Constantini.
1395 5371 1498 5405 uun
1551 5358 1737 5421 procul
1788 5355 1857 5405 ab

305 5422 440 5494 initio
466 5441 478 5474 :
507 5421 797 5494 κάνταῦθα
817 5422 912 5491 τὴν
937 5423 1339 5494 τρισμακαρίαν
1361 5423 1534 5494 ψυχὴν
1561 5424 1707 5493 αὐτῷ
1741 5423 1860 5493 Θεῷ

305 5491 554 5545 συνοῦσαν
577 5477 930 5559 φαντάζεται.
956 5477 1134 5557 Quare
1160 5477 1336 5546 in'boe
1370 5477 1504 5547 inde.
1530 5479 1860 5562 φαντασθένζ

301 5578 375 5625 τες
400 5565 591 5615 referri
621 5564 786 5614 debet
816 5565 881 5614 ad
910 5579 1094 5616 vocem
1120 5563 1306 5617 τοῦτον
1331 5579 1450 5630 quae
1475 5565 1628 5618 initio
1654 5565 1857 5630 periodi

302 5634 456 5703 posita
483 5641 592 5686 est.
624 5631 797 5703 Porro
828 5633 1042 5685 verbum
1072 5634 1172 5687 hoc
1222 5634 1618 5703 φαντασθέντες
1663 5636 1860 5703 legitur

300 5707 442 5757 etiam
473 5705 619 5771 apud
647 5702 1014 5767 Nicephorum
1041 5704 1092 5755 in
1123 5703 1213 5755 lib.
1236 5702 1252 5757 ι
1285 5704 1538 5757 Historiw
1592 5702 1860 5758 lin-lesio-

300 5775 447 5843 uita,
473 5787 600 5844 cap.
627 5772 686 5839 2,
719 5772 810 5841 qui
853 5773 949 5827 hoc
998 5775 1317 5843 principium
1345 5773 1598 5829 Historia:
1641 5774 1857 5831 Eusebii

1972 4513 2310 4570 internuntiis
2337 4514 2519 4565 verbis
2543 4514 2865 4579 quibusdam
2892 4513 3232 4579 eompilavit.

2039 4583 2152 4647 (9.7)
2179 4582 2550 4648 Διδάσκαλος
2575 4582 2700 4648 τοῖς
2725 4582 2876 4636 πᾶσι
2899 4580 3011 4647 τῆς
3040 4581 3338 4648 Πατρικῆς
3384 4581 3551 4634 καθί-

1967 4667 2180 4705 σταται
2207 4653 2500 4722 γνώσεως.
2530 4657 2600 4705 lta
2628 4654 2846 4722 quidem
2874 4653 2925 4705 in
2957 4654 3089 4720 licg.
3118 4655 3306 4706 codice
3347 4651 3550 4718 legitur

1967 4732 2019 4773 et
2045 4724 2096 4774 in
2125 4725 2396 4777 veteribus
2422 4725 2656 4785 seliedis,
2693 4725 2782 4775 sed
2811 4724 2863 4774 in
2893 4725 3119 4791 nptimis
3143 4723 3548 4788 excitiplaribus

1969 4792 2106 4846 Maz.
2152 4793 2359 4847 scilicet
2412 4808 2474 4844 ac
2522 4794 2661 4846 Med.
2707 4795 2968 4845 scribitur
3012 4792 3326 4845 καθίστατο.
3375 4792 3548 4859 Quam

1969 4865 2292 4931 scripturam
2323 4865 2574 4930 equidem
2604 4865 2775 4932 magis
2802 4866 2990 4930 probo.
3021 4865 3220 4930 quippe
3247 4879 3368 4929 qua:
3418 4879 3543 4915 cunt

1967 4935 2326 5002 scquenlibns
2351 4934 2570 4988 Eusebii
2599 4936 2778 4986 verbis
2806 4935 2982 4998 aptius
3009 4936 3294 4985 cuba-real.
3326 4935 3378 4985 In
3411 4932 3546 4990 Fnk.

1967 5018 2031 5055 ac
2057 5004 2332 5072 Saviliano
2365 5019 2460 5072 pro
2487 5005 2648 5057 verbo
2673 5003 2996 5058 καθίσταται
3022 5005 3218 5072 legitur
3242 5003 3451 5071 γέγονε.

2039 5074 2148 5141 (28)
2177 5070 2394 5142 7.05:0th
2423 5075 2590 5143 γοῦν.
2621 5075 2710 5128 Sic
2745 5076 2913 5126 nostri
2933 5070 3150 5128 codices
3192 5070 3351 5134 Maz..
3381 5075 3543 5138 Med.,

1969 5143 2104 5198 Fnk.
2135 5155 2188 5197 et
2214 5145 2400 5214 S:_tvilii
2428 5146 2689 5212 scriptum
2718 5146 2938 5198 habent.
2969 5147 3040 5198 lla
3089 5161 3304 5214 quoque
3349 5147 3549 5214 legitur

1967 5217 2103 5280 apud
2152 5211 2734 5280 NicéphormMPorro
2762 5215 2827 5267 ab
2855 5217 2939 5267 his
2967 5211 3147 5268 verbis
3193 5211 3312 5284 t-ap.
3340 5217 3371 5267 ‘2
3399 5211 3549 5268 uidi-

1971 5295 2134 5336 untur
2179 5287 2338 5338 iidem
2370 5288 2606 5348 codices,
2637 5287 2833 5354 quibus
2880 5286 3101 5339 lioherti
3144 5287 3402 5351 Stephani
3433 5286 3548 5339 edi-

1967 5355 2041 5407 lio
2065 5357 2355 5408 consentit.
2406 5358 2509 5409 Sed
2566 5374 2689 5418 uos,
2739 5357 3293 5425 Christuphorsonum
3348 5357 3542 5418 seculi,

1967 5425 2126 5478 aliter
2163 5427 2335 5492 capita
2369 5427 2735 5490 distinximus,
2764 5427 2920 5496 cujus
2947 5429 3019 5480 rei
3041 5428 3152 5494 jam
3178 5428 3426 5496 superius
3455 5442 3546 5478 ra-

1973 5497 2048 5548 tio
2079 5497 2284 5548 reddita
2313 5507 2416 5548 est.

2040 5564 2151 5635 (‘29)
2187 5568 2416 5638 Ot'vm’ar
2447 5567 2615 5620 Θεοῦ.
2643 5567 2753 5621 Hoc
2779 5568 2897 5621 loco
2919 5568 3105 5620 οὐσίαν
3134 5568 3294 5620 sumit
3319 5583 3416 5634 pro
3453 5567 3545 5638 hyo

1966 5638 2194 5704 postasi.
2224 5637 2296 5689 Ita
2323 5637 2467 5690 enim
2518 5638 2661 5704 loqui
2705 5639 2952 5692 solebant
3001 5639 3356 5692 ecclesiastici
3410 5637 3538 5691 sert-

1969 5717 2152 5778 plores
2180 5717 2304 5760 ante
2329 5707 2588 5778 synodum
2633 5709 2926 5776 Nicarnam,
2957 5719 3014 5762 ut
3040 5711 3193 5766 ducet
3220 5707 3442 5764 Plautius
3491 5709 3551 5762 iu

1974 5775 2322 5842 Bibliotheca,
2352 5775 2470 5849 cap.
2504 5778 2624 5834 119.
