3966 6264
445 346 516 402 63
1154 338 1425 396 EUSEBII
1460 333 1941 395 CESARIENSIS
1977 332 2130 390 OPP.
2169 329 2351 386 ΡΑιιε
2389 329 2430 386 l.
2468 359 2539 370 —
2574 321 2965 382 HlSTORlCA.
3120 356 3130 368 ι
3614 320 3679 375 61

446 469 650 528 tam,et
676 459 959 517 rationalia
982 472 1048 514 ac
1077 458 1230 513 mitia
1254 458 1475 512 virtutis
1502 456 1705 512 semina
1732 454 1992 511 hominm!

2111 450 2214 523 χῆς
2241 450 2527 522 σπέρματα
2558 446 3016 519 αὐτοπροαιρέτου
3046 441 3241 507 κακίας
3270 439 3544 514 ὑπερϐολῇ
3566 440 3681 495 δια.

445 554 641 609 animis
668 553 854 617 insita,
893 561 1210 619 spontaneaa
1258 549 1476 605 malitiae
1521 548 1850 605 facinoribus
1891 561 2010 601 eor-

445 645 767 715 rumpebant
795 661 810 698 :
845 644 1255 713 cuiusquemodi
1287 652 1466 696 autem
1492 642 1787 697 sceleribus
1805 641 2013 710 seipsos

444 738 910 806 mancipaverant.
943 736 1092 790 Adeo
1122 743 1182 788 ut
1225 750 1368 790 nunc
1412 734 1638 805 stupris,
1668 748 1813 789 nunc
1844 734 2011 788 caedi-

438 827 544 882 bus
596 824 800 879 mutuis
857 839 979 879 sese
1031 826 1487 886 contaminarent,
1536 823 1804 878 interdum
1845 823 2008 877 etiam

439 918 711 973 humanas
733 931 926 993 carnes
955 926 1247 981 vorarent;
1285 917 1384 984 ipsi
1417 916 1646 984 denique
1676 916 1783 968 Deo
1807 914 2009 968 bellum

439 1008 662 1073 inferre,
695 1018 749 1062 et
795 1009 1070 1078 gigantum
1106 1010 1290 1079 przrlia
1340 1008 1429 1062 illa
1460 1020 1579 1077 qua!
1607 1006 1674 1060 ab
1703 1006 2011 1060 hominibus

437 1099 815 1159 celebrantur.
854 1108 1065 1154 tentare
1101 1102 1355 1155 auderent
1385 1118 1400 1166 ;
1443 1115 1507 1154 ac
1541 1107 1740 1153 terram
1791 1098 2009 1166 quidem

435 1189 608 1258 ipsam
672 1192 932 1246 adversus
985 1191 1182 1247 ccrlum
1232 1202 1489 1260 tanquam
1546 1188 2006 1258 propugnaculum

434 1282 647 1335 munire
673 1284 1007 1348 statuissent,
1050 1285 1219 1339 Deum
1256 1298 1386 1336 vero
1419 1298 1599 1337 rerum
1629 1284 1869 1335 omnium
1912 1294 2009 1334 au-

433 1384 637 1428 ctorem
667 1391 697 1430 e
727 1376 867 1430 cmlo
898 1379 1191 1432 deturbare
1224 1376 1443 1431 immani
1482 1376 1717 1445 quadam
1751 1374 2005 1429 vecordia

433 1466 879 1533 aggrederentur.
926 1469 1099 1536 Quam
1130 1470 1201 1524 ob
1234 1482 1455 1522 causam
1487 1482 1608 1524 cum
1653 1481 1714 1521 se
1741 1467 1820 1521 sic
1848 1481 2001 1536 gere-

431 1564 579 1620 rent,
610 1574 791 1613 rerum
834 1561 1073 1614 omnium
1121 1563 1398 1630 inspector
1447 1562 1585 1615 Deus
1619 1559 1765 1614 velut
1816 1558 2005 1614 silvam

430 1659 702 1715 agrestem
729 1667 825 1719 per
857 1652 1167 1706 universum
1203 1663 1470 1707 terrarum
1497 1652 1684 1707 orbem
1707 1651 2005 1722 dispersam

431 1739 876 1797 inundationibus
903 1753 1064 1812 atque
1098 1745 1365 1800 incendiis
1405 1760 1501 1799 eos
1540 1745 1765 1800 adortus
1794 1754 1920 1800 est:
1952 1752 2006 1797 et

2112 544 2442 616 φθείροντες,
2468 538 2860 612 ἀνοσιουργίαις
2879 538 2937 592 δὲ
2962 537 3161 601 πάσαις
3182 534 3333 598 ὅλους
3363 535 3501 603 σφᾶς
3530 533 3682 588 ὲκδεο

2108 634 2360 699 δωκότες,
2385 633 2460 698 ὡς
2484 632 2604 687 τοτὲ
2633 632 2731 703 μὲν
2766 629 3199 702 ἁλληλοφθορεῖν,
3225 626 3345 680 τοτὲ
3370 626 3427 680 δὲ
3459 621 3685 696 ἀλληλο-

2110 728 2335 789 κτονεῖν,
2364 725 2550 781 ἄλλοτε
2572 723 2629 777 δὲ
2671 721 3103 794 ἁνθρωποϐορεῖν
3122 762 3136 785 ,
3167 718 3471 790 Θεομαχίας
3496 735 3557 770 τε
3585 716 3684 772 καὶ

2108 816 2206 880 τὰς
2238 815 2392 887 παρὰ
2434 817 2567 869 πᾶσι
2602 813 2878 885 βοωμένας
2905 810 3330 882 γιγαντομαχίας
3360 807 3682 879 ὲπιτολμᾷν,

2108 906 2201 960 καὶ
2244 905 2349 975 γῆν
2391 905 2488 975 μὲν
2536 901 2886 972 ἐπιτειχίζειν
2929 900 3040 972 (38)
3078 897 3292 971 οὐρανῷ
3334 895 3681 961 διανοεῖσθαι,

2111 997 2280 1069 μανίᾳ
2303 997 2358 1049 δὲ
2382 998 2724 1067 φρονήματος
2756 994 2821 1046 ὲκ
2841 993 3004 1046 τόπου
3028 991 3189 1046 αὐτὸν
3229 990 3318 1043 τὸν
3349 988 3440 1042 ἐπὶ
3464 989 3684 1042 πάντων

2106 1088 2237 1143 Θεὸν
2265 1089 2519 1159 πολεμεῖν
2552 1084 3080 1159 παρασκευάζεσθαι.
3119 1084 3231 1152 Ἐφ’
3252 1078 3332 1146 οἷς
3348 1081 3535 1135 τοῦτον
3555 1082 3687 1135 ἐαυ-

2104 1182 2231 1246 τοὺς
2277 1181 2469 1249 ἄγουσι
2509 1180 2597 1233 τὸν
2643 1179 2843 1251 τρόπον
2889 1178 2998 1248 ('59)
3043 1175 3449 1246 κατακλυσμοῖς
3486 1173 3687 1238 αὐτοὺς

2106 1273 2200 1327 καὶ
2244 1272 2645 1344 πυρπολήσεσιν
2680 1270 2867 1341 ὥσπερ
2915 1268 3108 1343 ἀγρίαν
3155 1267 3286 1338 ὓλην
3335 1266 3472 1320 κατὰ
3498 1267 3684 1337 πάσης

2103 1364 2203 1435 τῆς
2231 1363 2337 1435 γῆς
2363 1363 2706 1435 κεχυμένην,
2746 1362 2879 1426 Θεὸς
2925 1364 2953 1415 ό
2992 1360 3207 1413 πάντων
3248 1358 3440 1431 ἔφορος
3471 1357 3681 1429 μετῄει,

2103 1459 2283 1529 λιμοίς
2312 1473 2371 1510 τε
2405 1456 2650 1527 συνεχέσι
2683 1456 2778 1509 καὶ
2815 1454 3056 1525 λοιμοῖς,
3088 1451 3344 1522 πολέμοις
3386 1468 3446 1503 τε
3488 1446 3554 1504 αὖ
3586 1452 3684 1505 καὶ

2105 1548 2382 1621 κεραυνῶν
2422 1547 2602 1619 βολαῖς
2638 1547 2845 1602 ἄνωθεν
2870 1546 3063 1608 αὐτοὺς
3095 1543 3453 1614 ὑπετέμνετο,
3489 1542 3682 1615 ὥσπερ

2103 1642 2223 1696 τινὰ
2250 1641 2427 1712 δεινὴν
2460 1641 2554 1695 καὶ
2582 1638 2972 1711 χαλεπωτάτην
3010 1637 3163 1691 νόσον
3189 1635 3396 1708 ψυχῶν,
3422 1635 3683 1709 πικροτέ-

2108 1750 2222 1805 ροις
2248 1732 2453 1803 ἀνέχων
2486 1735 2596 1796 τοῖς
2624 1730 3017 1802 κολαστηρίοις.
3052 1729 3183 1782 Τότε
3218 1728 3314 1799 μὲν
3343 1723 3456 1792 οὖν,
3481 1728 3569 1781 ὅτε
3609 1728 3680 1801 δὴ

429 1830 684 1884 continua
731 1830 875 1887 fame
905 1849 968 1888 ac
1020 1844 1192 1904 peste,
1217 1836 1374 1893 bellis
1414 1851 1629 1906 quoque
1665 1837 1916 1899 assiduis,
1947 1846 1992 1891 et

2103 1826 2267 1889 πολὺς
2288 1821 2357 1896 ἦν
2384 1825 2773 1895 ὲωκεχυμένος
2797 1822 2975 1891 ὀλίγου
2996 1822 3105 1875 δεῖν
3130 1821 3271 1875 κατὰ
3293 1821 3505 1875 πάντων
3526 1822 3554 1875 ὁ
3574 1820 3679 1891 τῆς

428 1917 745 1975 fulminibus
798 1922 1012 1979 coalitus
1048 1926 1228 1983 missis
1287 1929 1505 1983 eosdem
1566 1928 1815 1995 succidit,
1845 1928 2000 1997 quasi

427 2025 650 2080 gravem
679 2016 966 2081 quemdam
992 2032 1054 2072 ac
1105 2015 1477 2071 dillicillimum
1529 2020 1832 2073 animorum
1858 2033 2005 2074 mor-

424 2099 555 2155 bum
602 2104 905 2159 acrioribus
932 2106 1215 2175 suppliciis
1256 2123 1642 2176 comprimens.
1672 2109 1843 2165 Porro
1873 2119 2001 2165 tunc

423 2197 662 2250 maxime
688 2212 810 2251 cum
838 2198 1057 2253 malitia:
1092 2209 1275 2273 torpor
1302 2202 1580 2256 universos
1604 2202 1716 2258 fere
1739 2217 1999 2271 occupas-

425 2295 527 2348 set,
561 2293 616 2339 et
642 2286 823 2356 gravis
855 2288 1098 2355 qtucdam
1122 2290 1360 2343 ebrietas
1380 2291 1620 2343 omnium
1654 2306 1821 2361 prope
1849 2307 1998 2346 mor-

423 2375 612 2430 talium
676 2380 946 2432 mentilms
999 2381 1248 2435 tenebras
1294 2380 1606 2447 oﬂ‘odisset,
1636 2383 1995 2453 primogenita

423 2465 518 2520 Del
559 2466 856 2537 Sapientia,
892 2470 1064 2537 ipsum
1098 2472 1307 2527 scilicet
1357 2471 1589 2528 Verbum
1636 2484 1761 2529 ante
1811 2477 1994 2531 omnia

419 2558 708 2623 exsistcns,
745 2560 1057 2614 admirabili
1093 2564 1329 2631 quodam
1368 2564 1643 2618 hominum
1676 2580 1863 2619 arnore
1895 2565 1994 2618 lla-

420 2665 607 2719 grans,
650 2668 790 2706 nunc
829 2669 925 2722 per
966 2656 1187 2725 angelos
1222 2659 1488 2711 creaturis
1535 2658 1648 2710 suis
1693 2657 1991 2726 apparuit:

420 2756 565 2795 nunc
595 2758 689 2810 per
713 2746 1083 2815 semetipsum,
1111 2757 1294 2815 utpote
1320 2747 1573 2801 salutaris
1610 2748 1699 2802 Dei
1730 2748 1991 2816 potentia,

419 2836 513 2888 ιιιιί
549 2846 643 2890 aut
673 2837 829 2891 alteri
867 2854 928 2892 ex
967 2840 1068 2907 piis
1097 2856 1159 2893 ac
1195 2842 1302 2895 Deo
1338 2842 1582 2906 dilectis,
1613 2844 1715 2895 sub
1755 2842 1992 2897 hominis

420 2925 600 2994 specie
640 2927 877 2996 (quando
904 2928 1061 2981 aliter
1085 2930 1196 2982 lieri
1228 2946 1332 2983 non
1364 2933 1593 3000 poterat)
1617 2947 1675 2985 se
1700 2931 1989 3007 videndum

420 3017 671 3085 pra‘buit.
703 3016 835 3072 Cum
873 3034 1001 3075 vero
1033 3023 1101 3075 ab
1149 3020 1268 3075 istis
1299 3024 1605 3078 hominibus
1639 3025 1853 3093 pietatis
1902 3038 1990 3077 se-

2101 1918 2298 1982 κακίας
2348 1918 2508 1988 κόρος
2538 1916 2688 1989 (40),
2738 1910 2827 1970 οἷα
2869 1914 3038 1986 μέθης
3082 1913 3257 1985 δεινῆς
3288 1914 3387 1978 τὰς
3422 1914 3678 1968 ἁπάντων

2101 2010 2286 2081 σχεδὸν
2321 2008 2620 2079 ἀνθρώπων
2665 2007 3088 2078 ὲπισκιαζούσης
3133 2007 3226 2061 καὶ
3280 2007 3676 2079 ἐπισκοτούσης

2097 2100 2293 2172 ψυχὰς,
2324 2101 2358 2170 ἡ
2385 2099 2726 2172 πρωτόγονος
2748 2098 2843 2152 καὶ
2864 2098 3261 2170 πρωτόκτιστος
3284 2095 3378 2150 τοῦ
3410 2096 3545 2150 Θεοῦ
3571 2098 3674 2150 Σο·-

2099 2194 2196 2265 φία
2220 2193 2329 2262 (41)
2348 2232 2363 2256 ,
2395 2192 2490 2247 καὶ
2517 2192 2677 2257 αὐτὸς
2719 2193 2748 2246 ὁ
2779 2190 2966 2263 προὼν
3030 2192 3201 2260 Λόγος
3222 2230 3236 2255 ,
3267 2189 3674 2262 φιλανθρωπίας

2098 2284 2387 2357 ὑπερϐολῇ,
2415 2285 2535 2339 τοτὲ
2562 2286 2659 2356 μὲν
2686 2285 2752 2338 δι’
2784 2284 3048 2348 ὀπτασίας
3072 2283 3318 2352 ἀγγέλων
3342 2285 3455 2346 τοῖς
3474 2281 3676 2336 ὑποϐε-

2096 2378 2311 2449 ϐηκόσι,
2342 2377 2463 2430 τοτὲ
2486 2376 2543 2429 δὲ
2575 2376 2669 2429 καὶ
2699 2375 2763 2428 δι’
2792 2373 2987 2427 ἑαυτοῦ
3024 2368 3112 2427 οἶα
3139 2372 3273 2426 Θεοῦ
3308 2372 3533 2441 δύναμις
3564 2388 3673 2424 σω-

2092 2472 2296 2541 τήριος,
2333 2468 2412 2523 ἑνί
2440 2484 2541 2521 που
2574 2468 2668 2521 καὶ
2695 2467 2930 2538 δευτέρῳ
2962 2466 3068 2518 τῶν
3091 2465 3257 2519 πάλαι
3286 2463 3546 2534 θεοφιλῶν
3571 2463 3677 2517 ἀν’

2092 2562 2254 2634 δρῶν,
2302 2562 2402 2616 οὐκ
2432 2560 2605 2622 ἄλλως
2649 2559 2682 2631 ἢ
2714 2559 2780 2612 δι’
2816 2557 3100 2630 ἀνθρώπου
3154 2557 3364 2629 μορφῆς
3384 2595 3399 2620 ,
3430 2557 3511 2609 ὅτι
3544 2553 3670 2626 μηδ’

2095 2653 2295 2724 ἑτέρως
2323 2648 2390 2723 ἦν
2410 2650 2653 2716 δυνατὸν,
2687 2650 2868 2713 αὐτοῖς
2893 2650 3238 2719 ὑπεφαίνετο.
3275 2649 3360 2711 Ὠς
3386 2647 3429 2701 δ’
3458 2648 3557 2719 ήδη
3580 2645 3671 2701 διὰ

2090 2744 2295 2799 τούτων
2320 2743 2389 2798 τὰ
2434 2742 2741 2805 θεοσεϐείας
2776 2741 3064 2812 σπέρματα
3104 2743 3183 2804 είς
3215 2739 3415 2811 πλῆθος
3460 2738 3669 2809 ἀνδρῶν

2091 2837 2479 2907 καταϐέϐλητο,
2507 2835 2627 2888 ὅλον
2656 2852 2713 2887 τε
2732 2833 2790 2887 τὸ
2807 2834 2955 2897 ἔθνος
2979 2834 3071 2886 ἐπὶ
3096 2836 3162 2905 τῇ
3189 2832 3464 2903 θεοσεϐείᾳ
3493 2847 3672 2901 προσ-

2089 2929 2276 2999 ανέχον
2314 2930 2381 2982 ὲκ
2431 2926 2539 2981 τῶν
2567 2926 2828 2980 ἀνέκαθεν
2872 2925 3140 2997 Ἑϐραίων
3184 2925 3421 2994 ὑπέστη,
3456 2922 3679 2987 τούτοις·

2093 3023 2191 3094 μὲν
2224 3021 2423 3075 ὡσανεὶ
2458 3019 2715 3093 πλήθεσιν
2741 3018 2822 3072 ἔτι
2845 3021 2967 3081 ταῖς
3010 3017 3264 3081 παλαιαῖς
3300 3018 3541 3084 ἀγωγαῖς
3568 3015 3665 3067 ὲκ-

418 3107 563 3162 mina
596 3109 705 3178 jam
739 3112 791 3165 in
820 3112 1009 3182 vulgus
1048 3124 1234 3183 sparsa
1267 3124 1470 3180 essent,
1513 3123 1568 3169 et
1613 3130 1745 3185 gens
1778 3114 1987 3185 integra

2093 3113 2484 3185 δεδιῃτημένοις
2510 3111 2642 3183 (42),
2672 3110 2759 3165 διὰ
2781 3109 2877 3164 τοῦ
2908 3110 3185 3181 προφήτου
3220 3107 3492 3172 Μωῦσέως
3520 3105 3668 3168 είκός

491 3263 600 3339 (38)
634 3262 764 3339 Γὴν
805 3265 922 3335 μὲν
966 3266 1357 3335 ἐπιτειχίζειν.
1399 3268 1588 3323 Mirum
1614 3280 1714 3331 est,
1748 3269 1801 3322 in
1828 3266 1991 3336 hujus

2095 3269 2224 3339 quin
2275 3266 2542 3339 Eusebius
2590 3265 2874 3339 scripserit
2916 3262 3460 3339 πρωτόκτιστοςητοῢ
3494 3261 3661 3339 ⁸βεςιιῖ

420 3337 568 3408 verbi
601 3337 959 3408 explicatione
980 3348 1031 3389 et
1062 3339 1355 3391 Mttscttlttttt
1375 3339 1984 3408 ethristophorsouum

420 3405 596 3471 lapsos
624 3422 762 3459 esse.
793 3407 1061 3459 Musculus
1094 3409 1236 3461 enim
1265 3411 1443 3474 vertit,
1464 3405 1868 3462 coelum-tellure
1894 3409 1976 3461 ob-

418 3489 622 3529 struere
670 3479 866 3548 conati.
909 3476 1412 3548 (Chistopborsonus
1452 3496 1577 3532 vero
1612 3481 1769 3548 longe
1813 3480 1987 3545 pejus,

420 3556 635 3619 terram,
669 3547 969 3619 interposito
1026 3548 1371 3619 muroycwlo
1427 3551 1731 3619 adjuugere.
1770 3548 1987 3603 Rectius

417 3614 652 3668 Joannes
684 3614 914 3680 Longus,
942 3618 1029 3680 qui
1067 3616 1422 3682 Nicephorum
1453 3614 1642 3673 Latine
1675 3621 1991 3684 interpreta-

422 3695 508 3737 tus
536 3697 650 3739 est:
680 3686 1052 3756 Ἐπιτειχίζειν
1074 3687 1278 3743 Cra-cis
1306 3699 1389 3742 est
1420 3701 1702 3743 tBXsll‘Ilel‘e
1730 3689 1989 3743 munitio-

420 3770 544 3808 nem
578 3757 839 3809 atlversus
887 3761 1139 3826 aliquem,
1184 3769 1240 3810 ιιι
1268 3776 1388 3810 cum
1422 3759 1608 3812 dicunt
1645 3760 1989 3814 Lacedwmo-

424 3826 543 3897 [rios
571 3826 829 3878 tnuniisse
872 3827 1134 3881 Dereliattt
1160 3831 1417 3881 adversus
1445 3831 1820 3897 Atheuienses,
1857 3827 1989 3883 Vide

423 3893 898 3969 llarpoc_r.-ttiouem
953 3901 1001 3952 in
1062 3914 1190 3951 voce
1238 3899 1683 3969 i’Emtet'ztoyta.
1765 3893 1871 3952 Sed
1931 3909 1987 3952 et

418 3967 594 4034 τεῖχος
616 3965 819 4019 Cra-cis
844 3970 1068 4021 munitio
1103 3979 1202 4021 est.
1236 3968 1405 4022 Porro
1446 3965 1727 4023 ridiculum
1760 3980 1841 4022 est
1867 3985 1987 4022 cre-

420 4035 548 4088 dere
581 4036 824 4089 hommes
852 4053 918 4091 eo
946 4040 1228 4092 dementia:
1251 4055 1482 4106 unquam
1507 4055 1818 4108 progressos
1841 4053 1983 4101 esse,

419 4115 498 4167 ut,
528 4110 819 4177 esstrntnis
839 4108 1139 4177 aggeribus,
1154 4110 1349 4162 coelum
1376 4112 1757 4173 conscendere,
1789 4111 1986 4163 Deum-

420 4190 525 4242 que
551 4176 841 4246 exturbare
884 4176 1122 4246 aggressi
1168 4182 1307 4241 sint,
1340 4181 1479 4246 quod
1515 4190 1691 4233 tamen
1727 4182 1827 4234 hoc
1868 4179 1984 4233 loco

421 4244 719 4297 credidisse
781 4244 992 4299 videtur
1043 4248 1325 4301 Eusebius.
1359 4244 1504 4301 ‘Sunt
1558 4251 1672 4303 lucc
1728 4253 1982 4318 ligtnenta

420 4325 725 4381 poetarum.
759 4319 848 4381 qui
884 4319 1190 4383 superbiam
1224 4320 1497 4371 hominum
1534 4319 1674 4374 illius
1721 4321 1896 4374 inlatis
1930 4328 1984 4371 et

418 4384 583 4504 ιιίἷίηι
619 4383 862 4440 Numinis
893 4398 1257 4455 contemptum
1305 4390 1405 4443 hac
1443 4390 1675 4459 imagine
1704 4390 1983 4444 declarare

418 4467 484 4504 vo
509 4464 695 4504 uerttttt
723 4468 739 4504 :

415 4464 695 4507 valuerunt
723 4468 739 4507 :

563 4544 661 4599 Ter
692 4547 867 4600 conati
889 4553 1011 4600 sunt
1042 4548 1303 4616 imponere
1329 4547 1516 4603 Pelion
1546 4548 1713 4614 035w,
1742 4558 1846 4606 etc.

419 4661 680 4731 Gigantes
700 4662 914 4728 quidem
946 4670 1331 4716 commemorat
1354 4675 1507 4715 sacra
1549 4661 1867 4729 Scriptura;
1889 4661 1983 4715 sed

420 4738 487 4785 de
513 4735 615 4784 lllls
647 4733 780 4784 nihil
817 4732 1080 4798 ejusmodi
1123 4734 1271 4786 dicit.
1314 4732 1380 4785 Et
1417 4733 1607 4784 turrim
1640 4732 1783 4784 illam
1822 4747 1926 4785 non
1952 4747 1983 4785 a

415 4805 739 4869 gigantibus,
770 4806 862 4855 SCtl
889 4820 917 4854 ιι
958 4803 1078 4856 liliis
1102 4812 1152 4856 et
1184 4802 1412 4871 posteris
1444 4800 1552 4856 Noe
1581 4813 1701 4872 post
1730 4801 1982 4855 diluvium

416 4874 732 4925 addit-ataui
756 4888 874 4923 esse
900 4882 1142 4925 testatur.

488 4940 602 5012 (59)
653 4941 775 5009 ‘Eg’
806 4937 896 5007 οἷς
932 4941 1148 4996 τοῦτον
1180 4941 1432 5006 ἑαυτοὺς
1472 4939 1686 5010 ἄγουσι
1718 4939 1826 4994 τὸν
1853 4940 1983 5008 τρόο

415 5024 552 5064 πον.
590 5012 724 5064 Male
749 5012 800 5063 in
833 5014 1018 5065 codice
1047 5012 1213 5075 Regio
1259 5022 1314 5065 et
1361 5014 1412 5064 itt
1461 5013 1733 5065 veteribus
1763 5011 1982 5067 schedis

416 5092 676 5148 St'l‘lplltllt
714 5093 792 5133 cst
824 5083 908 5150 ἐφ’
935 5080 1029 5145 οὒς
1057 5082 1245 5136 τοῦτον
1297 5083 1526 5145 ἑαυτοῖς.
1565 5092 1672 5134 etc.
1730 5080 1837 5135 Sed
1885 5095 1983 5135 nec

417 5167 547 5203 Sana
572 5162 654 5222 est
688 5152 899 5222 vulgata
931 5153 1112 5214 let-tio,
1180 5157 1425 5222 quamuis
1475 5155 1794 5220 scriptorum
1834 5152 1983 5205 codi-

418 5238 537 5272 ('llllt
568 5219 729 5276 Μ.ιι..
759 5219 898 5274 Med.
943 5237 1005 5274 ac
1044 5223 1175 5277 Fnk.
1198 5219 1531 5276 auctoritate
1568 5219 1832 5276 tirmetur.
1864 5222 1981 5287 Quo

415 5291 558 5342 enim
618 5292 882 5343 referetur
932 5297 1154 5345 verbum
1195 5292 1409 5361 ἄγουσι,
1465 5308 1586 5347 cum
1641 5292 1979 5360 scquaturin

418 5364 610 5433 eadem
652 5362 1097 5433 pertoleiabrob;
1127 5363 1334 5433 μετῄει.
1364 5364 1487 5415 Mihi
1524 5362 1982 5433 scribemluntLvif

419 5438 576 5504 detur
598 5430 681 5497 ἐφ’
706 5428 785 5493 οἷς
807 5432 994 5485 τοῦτον
1008 5428 1489 5502 ἑαυτοὺς”ἅγοντας
1512 5432 1849 5504 τὸνίτρόπον.
1868 5431 1978 5504 Nisi

422 5501 577 5573 malis
609 5516 763 5573 \oces
794 5504 911 5554 illas
942 5508 1152 5571 penitus
1186 5501 1511 5573 eitpungere,
1546 5501 1730 5557 τοῦτον
1756 5502 1981 5565 ἑαυτοὺς

419 5570 611 5651 ἄγουσι
638 5570 726 5651 τόν
758 5570 1128 5651 τρόπενηιιιιιρ
1152 5570 1388 5651 glossam
1414 5577 1647 5651 sapiunt.

492 5642 603 5717 (ρο)
736 5639 845 5703 τῆς
868 5639 1079 5717 κακίας
1100 5639 1294 5713 κόρος.
1312 5639 1503 5717 (Scribe
1525 5646 1713 5717 κάρος,
1730 5653 1786 5717 ut
1800 5644 1902 5712 leg.
1927 5642 1979 5696 in

417 5713 603 5783 codice
623 5710 755 5783 Fuit.
780 5727 844 5765 ac
871 5716 1032 5783 bas-il.
1059 5727 1113 5768 et
1142 5710 1275 5783 apud
1308 5710 1658 5778 Neirphoru'm
1676 5710 1976 5768 Callistum.

492 5779 604 5852 (ll)
643 5779 1301 5853 Υιιιε.πρωτότοκορτοῦ
1322 5784 1599 5853 Θ.Σοφ[α.
1640 5784 1755 5839 Non
1800 5785 1978 5839 dubito

2095 3333 2283 3403 Σοφία,
2318 3347 2376 3391 ιιι
2422 3338 2474 3390 ἰιι
2501 3333 2731 3401 quatuor
2760 3333 3053 3401 codicibus,
3084 3336 3217 3390 Maz.
3240 3335 3465 3398 scilicet,
3494 3333 3661 3398 κού..

2095 3357 2164 3392 LO
2210 3357 2283 3403 ια,
2318 3357 2376 3391 ιιι
2424 3357 2474 3390 Ill
2501 3357 2731 3401 ιιιιιιιιιυι·
2760 3357 3053 3401 υοιιιριιιιιδ,
3084 3357 3217 3390 Mill.
3240 3357 3465 3398 ιιωιιωι,
3495 3357 3661 3398 atem,

2094 3357 2230 3463 ιείιτι.
2288 3424 2351 3461 ac
2399 3407 2563 3461 Savil.
2620 3407 2881 3473 scriptum
2916 3406 3163 3460 1ι.ιι›υιιιι’.
3215 3405 3338 3459 llaec
3386 3406 3526 3457 enim
3556 3419 3663 3461 vox

2095 3480 2266 3547 magis
2298 3478 2549 3531 convenit
2585 3476 2887 3547 Eusebiauo
2920 3476 3121 3541 sensui,
3162 3491 3284 3530 cum
3300 3475 3464 3547 paulo
3491 3492 3659 3547 supra

2094 3544 2269 3602 locum
2304 3548 2448 3599 illmn
2495 3562 2559 3600 ex
2594 3546 2899 3600 Proverbiis
2933 3547 3194 3604 citaverit.
3232 3545 3434 3616 Κύριος
3476 3544 3667 3598 ἔκτισὲ

2101 3635 2190 3689 με.
2219 3618 2617 3689 Certenveteres
2639 3617 2893 3685 theologi,
2937 3630 3001 3689 ac
3034 3617 3304 3684 przecipue
3343 3616 3376 3667 ii
3416 3617 3504 3689 qui
3535 3626 3660 3689 ante

2095 3684 2307 3741 corteilii
2344 3685 2542 3739 Nicami
2576 3697 2813 3753 tempora
2830 3684 3194 3752 scripserunt.
3222 3701 3316 3752 per
3337 3684 3657 3739 vocabulum

2093 3758 2297 3820 κτίζειν
2327 3772 2431 3808 non
2458 3756 2630 3809 solum
2660 3756 2989 3809 creationem
3020 3755 3424 3816 intellexerunt,
3448 3772 3566 3823 qua:
3589 3770 3659 3809 ex

2093 3829 2259 3882 nihilo
2288 3827 2364 3889 lit,
2390 3826 2481 3879 sed
2505 3840 2718 3878 omnem
2750 3825 3074 3893 generaliter
3098 3826 3527 3892 productionem,
3550 3837 3654 3878 tam

2092 3913 2209 3961 qua:
2239 3896 2307 3949 ab
2349 3905 2554 3949 atterno
2588 3905 2730 3948 esset
2765 3910 2923 3963 quam
2975 3895 3117 3947 illam
3148 3910 3267 3963 quae
3303 3895 3353 3947 in
3387 3905 3650 3960 tempore.

2046 3975 2053 3981 '
2090 3967 2229 4021 Hinc
2256 3976 2339 4020 est
2383 3966 2524 4032 quod
2564 3964 2742 4018 lllelito
2774 3967 2965 4018 librum
3010 3965 3326 4032 scripserat,
3357 3964 3495 4031 Περὶ
3531 3965 3656 4018 κτί-

2089 4052 2243 4103 σεως
2268 4035 2366 4090 καὶ
2397 4034 2687 4104 γενέσεως
2718 4033 2998 4103 Χριστοῦ,
3034 4045 3090 4086 ιιι
3123 4036 3418 4088 videbimus
3445 4035 3510 4087 ..ιι
3558 4035 3652 4090 lib.

2090 4122 2142 4162 tv
2186 4109 2341 4176 hujus
2390 4105 2664 4159 Ηίθεοι-ια’.
2702 4106 2852 4170 Quod
2890 4106 2934 4157 si
2979 4106 3063 4157 hic
3100 4104 3341 4176 legamus
3381 4104 3655 4174 πρωτότου

2090 4195 2203 4242 κος,
2241 4172 2418 4243 inepta
2443 4187 2584 4229 esset
2604 4176 2851 4243 repetitio
2879 4189 3039 4241 quam
3055 4172 3408 4242 ταυτολογίσν
3428 4172 3653 4238 vireat",

2088 4250 2122 4320 ή
2150 4248 2488 4319 πρωτόγονος
2514 4245 2608 4320 καὶ
2631 4245 2992 4320 πρωτότοκος.
3021 4244 3172 4320 Adde
3203 4247 3343 4320 quod
3383 4244 3655 4315 πρωτότο-

2088 4314 2319 4381 κοςίιοιι
2350 4314 2617 4371 convenit
2657 4314 2993 4383 generalium
3032 4315 3244 4368 divitue.
3279 4314 3497 4368 Rectius
3522 4331 3652 4384 ergo

2086 4401 2165 4459 est
2214 4387 2633 4459 πρωτόκτιστος.
2678 4385 2837 4439 Certe
2877 4385 3126 4459 Clemens
3169 4385 3323 4459 Αιοξ.
3379 4386 3428 4459 i_u
3480 4384 3571 4439 Ιιί).
3620 4400 3654 4435 v

2088 4454 2287 4527 Stroui.
2321 4458 2510 4527 Filium
2544 4458 2632 4509 Dei
2670 4467 2821 4527 vocat
2845 4454 3490 4527 ﬁpwtdgtttstovﬁogoiav.

2158 4527 2268 4597 (4‘2)
2311 4525 2444 4592 Ταῖς
2495 4523 2777 4589 παλαιαῖς
2826 4523 3083 4597 ἀγωγαῖς
3113 4523 3647 4593 ἐκδεδιῃτημένοις.

2086 4593 2227 4649 Male
2263 4602 2407 4650 littnc
2438 4598 2612 4648 locum
2665 4597 2927 4649 intellexit
2980 4593 3334 4662 Nicephorius,
3388 4599 3539 4662 quasi
3596 4601 3648 4651 in

2084 4666 2295 4720 laudem
2353 4663 2657 4719 Judteorum
2698 4663 2801 4717 hoe
2833 4668 2901 4717 ab
2929 4664 3157 4718 Eusebio
3189 4666 3385 4717 dictum
3435 4666 3643 4721 luisset.

2085 4736 2177 4790 Sic
2210 4738 2352 4790 enim
2391 4737 2549 4788 habet
2588 4734 2953 4799 Nicephorum:
2990 4736 3159 4788 Τοῦτο
3186 4735 3281 4805 μὲν
3300 4734 3499 4787 ὡσανεὶ
3526 4742 3648 4802 ταῖς

2082 4806 2247 4861 πάλαι
2268 4805 2494 4878 καὶᾼπρὺ
2528 4805 2753 4877 βραχέος
2776 4805 3003 4878 διαίταις
3049 4805 3227 4868 καλῶς
3269 4805 3647 4878 ἐκτεθραμμέ-

2082 4894 2193 4940 νον,
2223 4887 2327 4930 etc.
2351 4876 2477 4945 Quae
2509 4882 2591 4929 sic
2621 4880 2779 4929 vertit
2807 4876 3049 4944 Longus:
3074 4878 3133 4927 Et
3167 4877 3305 4943 genti
3337 4891 3454 4942 qua:
3479 4891 3523 4927 et
3547 4876 3644 4928 uu-

2084 4946 2301 5015 tiquitus
2332 4958 2379 4999 et
2444 4962 2548 4999 non
2597 4947 2674 4998 ita
2725 4948 2926 5013 pridem
2980 4948 3083 5008 ritu
3125 4958 3173 4998 et
3229 4946 3460 4998 moribus
3507 4961 3643 5001 recte

2083 5021 2291 5070 excttlla
2313 5025 2467 5079 esset,
2508 5028 2615 5071 etc.
2647 5015 2716 5068 At
2753 5017 3084 5070 contrarium
3116 5017 3273 5080 plane
3306 5031 3520 5068 sensum
3552 5020 3643 5070 ha-

2084 5091 2212 5142 bent
2236 5087 2448 5141 Eusebii
2478 5086 2660 5140 verba.
2686 5085 2774 5138 Ait
2796 5089 2937 5140 enim
2956 5101 3077 5139 cum
3100 5085 3266 5141 Juda-i
3298 5086 3490 5151 prioris
3519 5090 3639 5141 vitae

2080 5157 2401 5225 contagione
2455 5155 2693 5223 corrupti
2746 5166 2942 5217 essent,
2984 5155 3149 5209 Deum
3200 5157 3331 5209 satis
3385 5158 3639 5211 habuisse

2082 5227 2284 5295 legales
2312 5229 2390 5280 eis
2420 5227 2772 5280 caeremonias
2819 5227 3191 5296 praescribere,
3223 5236 3277 5279 et
3307 5227 3452 5277 velut
3483 5226 3635 5296 signa

2081 5299 2324 5363 quaedam
2360 5312 2423 5349 ac
2478 5296 2719 5366 symbola
2753 5311 3071 5349 arcanorum
3127 5299 3503 5366 mysteriorum
3556 5301 3637 5351 eis

2084 5368 2314 5428 tradere,
2341 5377 2528 5432 utpote
2553 5365 2729 5435 adhuc
2764 5366 2984 5418 rudibus
3022 5374 3076 5419 et
3107 5365 3471 5435 superstitioni
3503 5382 3636 5432 geo-

2083 5438 2254 5487 tilium
2291 5436 2539 5489 assuetis.
2577 5434 2716 5487 Idem
2751 5437 2935 5489 scribit
2963 5436 3378 5505 Chrysmtoums
3401 5440 3453 5488 in
3488 5437 3631 5489 Mat-

2070 5507 2295 5557 ‘tltaeum.
2332 5507 2383 5559 Id
2433 5505 2719 5558 tttanilesto
2760 5506 2861 5558 sibi
2903 5507 3085 5559 volunt
3134 5509 3245 5559 hare
3280 5509 3459 5567 verba,
3512 5510 3631 5571 ταῖς

2081 5574 2336 5638 παλαιαῖς
2348 5577 2590 5644 ἀγωγαῖς
2603 5573 2876 5646 ὲκδεδιῃτη
2887 5576 3085 5646 μένοις.
3095 5576 3196 5629 Pro
3210 5592 3315 5644 quo
3327 5580 3460 5629 male
3475 5577 3631 5630 Chri-o

2082 5649 2468 5718 Stophorsonus
2511 5650 2636 5714 legit
2658 5645 3137 5718 ἐνδεοιῃτημένοις.
3166 5663 3193 5698 a
3224 5646 3541 5718 biit-ephoro.
3572 5658 3628 5701 ιιι

2082 5719 2310 5779 videtur,
2346 5717 2398 5770 in
2436 5731 2674 5770 errorem
2708 5716 2979 5771 inductus.
3016 5716 3627 5772 ’ExGrarrdoﬂatGra-cis

2083 5787 2223 5843 idem
2271 5798 2354 5841 est
2396 5787 2536 5857 quod
2571 5787 2843 5849 corrumpi
2877 5797 2931 5842 et
2962 5803 3025 5842 ex
3069 5789 3290 5858 pristina
3345 5790 3639 5858 disciplinat
