3966 6264
246 334 325 391 65
1305 334 1653 392 HlSTOlllE
1690 332 2245 390 ECCLESIASTICA!
2281 334 2412 392 LIB.
2451 335 2495 393 1.
3451 341 3522 401 66

256 470 356 516 νας
386 451 476 504 καὶ
502 448 750 521 σύμϐολα
788 453 1064 507 σαϐϐάτου
1102 454 1246 518 me;
1277 453 1537 525 μυστικοῦ
1567 454 1662 508 καὶ
1694 472 1845 525 περιο

1953 455 2013 508 ab
2059 455 2296 523 antiquis
2348 454 2456 509 illis
2491 453 2733 509 Hebraeis
2765 456 3033 526 originem
3068 458 3309 526 ducens,
3338 460 3524 516 divino

261 546 447 614 τομῆς,
484 543 686 614 ἑτέρων
715 561 777 597 τε
825 546 1033 616 νοητῶν
1064 546 1432 617 θεωρημάτων
1465 546 1574 617 (45)
1619 548 1847 615 εἰσαγω-

258 636 383 703 γὰς,
410 633 520 686 ἀλλ’
565 635 666 687 οὐκ
696 634 872 699 αὑτὰς
908 638 1158 709 ἐναργεῖς
1201 638 1484 709 παρεδίδου
1510 638 1609 703 τὰς
1642 656 1847 709 μυστα-

258 728 486 797 γωγίας.
534 728 621 790 Ὡς
649 728 709 780 δὲ
741 730 843 800 τῆς
878 731 1028 801 παρά
1054 730 1261 793 τούτοις
1290 730 1606 801 νομοθεσίας
1643 731 1847 802 βοωμέ-

256 838 376 889 νης,
409 822 504 873 καὶ
534 821 707 890 πνοῆς
734 822 892 892 δίκην
910 822 1139 886 εὐώδους
1163 826 1241 887 εἰς
1268 824 1512 888 ἅπαντας
1531 824 1846 897 ἀνθρώπους

254 911 652 983 διαδιδομένης,
678 912 780 984 ήδη
814 913 938 966 τότε
964 914 1022 980 ἐξ
1045 915 1220 967 αὐτῶν
1250 917 1344 969 καὶ
1375 921 1487 981 τοῖς
1512 919 1716 972 πλείοσι
1740 920 1846 972 τῶν

254 1004 428 1057 ἐθνῶν
462 1005 552 1058 διὰ
596 1006 707 1058 τῶν
751 1008 1054 1077 πανταχόσε
1082 1008 1383 1079 νομοθετῶν
1422 1028 1480 1063 τε
1516 1012 1607 1067 καὶ
1636 1014 1846 1082 φιλοσόο

253 1114 373 1165 φων
415 1098 757 1169 ἡμερώτατα
806 1102 1125 1171 φρονήματα
1170 1102 1312 1173 (44),
1364 1104 1463 1174 τῆς
1512 1106 1710 1177 ἀγρίας
1752 1107 1846 1161 καὶ

253 1188 507 1259 ἀπηνοῦς
537 1190 605 1261 θη
616 1191 834 1261 ριωδίας
860 1191 951 1245 ἐπὶ
978 1193 1036 1246 τὸ
1058 1195 1229 1264 πρᾶον
1254 1196 1551 1269 μεταϐεϐλη
1563 1198 1747 1268 μένης,
1771 1200 1847 1262 ὡς

252 1284 350 1338 καὶ
376 1284 609 1355 εἰρήνην
642 1285 859 1354 βαθεῖαν
893 1286 1070 1355 φιλίας
1094 1306 1152 1340 τε
1176 1289 1269 1341 καὶ
1297 1291 1575 1359 ἐπιμιξίας
1600 1292 1734 1363 πρὸς
1755 1293 1847 1347 ἁλ-

254 1376 457 1449 λήλους
491 1380 639 1451 ἔχειν
665 1401 680 1413 θ
728 1385 1025 1455 τηνικαῦτα
1057 1387 1189 1438 πᾶσι
1222 1384 1283 1454 δὴ
1330 1384 1512 1437 λοιπὸν
1542 1384 1845 1456 ἀνθρώποις

255 1471 355 1523 καὶ
376 1474 494 1534 τοῖς
526 1472 632 1524 ἀνὰ
668 1474 763 1541 τὴν
791 1474 1112 1545 οἰκουμένην
1148 1474 1373 1538 ἔθνεσιν,
1402 1476 1476 1537 ὼς
1500 1474 1563 1527 ἂν
1595 1493 1845 1546 προωφε-

256 1562 519 1633 λημένοις
543 1566 638 1618 καὶ
661 1567 759 1636 ήδη
790 1569 1140 1637 τυγχάνουσιν
1170 1569 1494 1638 ἐπιτηδείοις
1517 1569 1651 1640 πρὸς
1677 1586 1751 1621 πα
1759 1587 1847 1639 ρα-

258 1653 424 1723 δοχὴν
454 1656 561 1724 τῆς
599 1655 693 1708 τοῦ
745 1658 955 1729 Πατρῆς
1003 1658 1271 1724 γνώσεως,
1314 1662 1342 1712 6
1382 1660 1541 1723 αὐτὸς
1584 1661 1646 1730 δὴ
1687 1662 1845 1715 πάλιν

262 1744 474 1808 ἐκεῖνος
517 1749 548 1799 6
584 1747 695 1800 τῶν
741 1749 948 1819 ἀρετῶν
989 1750 1302 1813 διδάσκαλος
1328 1750 1439 1821 (i5)
1467 1792 1480 1814 ,
1517 1753 1545 1803 6
1590 1754 1645 1805 ὲν
1681 1755 1844 1806 πᾶσιν

261 1837 491 1903 ἀγαθοῖς
518 1838 614 1890 τοῦ
643 1840 853 1910 Πατρὸς
888 1840 1184 1910 ὑπουργὸς,
1212 1842 1240 1893 6
1285 1839 1426 1903 θεῖος
1476 1842 1569 1895 καὶ
1600 1842 1847 1913 οὐράνιος
1879 1823 1919 1875 Β

263 1928 357 1980 τοῦ
389 1928 529 1981 Θεοῦ
566 1930 770 1998 Λόγος,
812 1931 879 1983 δι’
908 1930 1190 2001 ἀνθρώπου
1234 1931 1376 1984 κατὰ
1408 1934 1571 2002 μηδὲν
1599 1932 1849 2003 σώματος

264 2021 423 2091 οὐσία
448 2022 554 2090 τὴν
582 2022 854 2093 ἡμετέραν
886 2022 1044 2091 φύσιν
1087 2022 1509 2086 διαλλάττοντος,
1542 2024 1848 2094 ἀρχομένης

265 2112 364 2183 τῆς
396 2113 687 2183 Ῥωμαίων
716 2094 987 2183 βασιλείας
1016 2115 1313 2181 ἐπιφανεὶς,
1333 2114 1554 2167 τοιαῦτα
1579 2114 1770 2185 ἔδρασε
1788 2132 1849 2168 τε

270 2204 363 2257 καὶ
410 2204 715 2269 πέπονθεν,
760 2200 847 2257 οἷα
900 2208 1019 2268 ταῖς
1059 2205 1414 2276 προφητείαις
1457 2206 1723 2260 ἀκόλουθα
1758 2204 1846 2279 ἦν,

272 2295 557 2367 ἄνθρωπον
580 2295 717 2367 ὁμόῢ
751 2297 844 2350 καὶ
868 2298 998 2350 Θεὸν
1026 2298 1180 2368 ὲπιδη
1192 2300 1382 2369 μησειν
1413 2298 1489 2368 τῷ
1531 2299 1630 2369 βίῳ
1671 2318 1849 2371 παρα-

272 2388 432 2452 δόξων
461 2389 641 2461 ἔργων
676 2391 924 2461 ποιητὴν,
960 2392 1052 2445 καὶ
1092 2394 1224 2445 πᾶσι
1250 2395 1363 2456 τοῖς
1390 2392 1565 2445 ἔθνεσι
1591 2393 1848 2447 διδάσκα-

274 2480 357 2533 λον
387 2481 489 2549 τῆς
520 2481 616 2533 τοῦ
642 2482 852 2554 Πατρός
876 2483 1153 2546 εὐσεϐείας
1176 2483 1677 2555 ἀναδειχθὴσεσθαι,
1705 2485 1765 2537 τό
1790 2503 1849 2538 τε

274 2571 572 2641 παράδοξον
602 2572 765 2626 αὐτοῦ
805 2574 904 2644 τῆς
935 2574 1200 2641 γενέσεως
1224 2576 1316 2628 καὶ
1361 2574 1458 2645 τὴν
1488 2575 1678 2645 καινὴν
1711 2577 1852 2629 διδα-

274 2662 521 2723 σκαλίαν,
556 2664 776 2717 καὶτῶν
808 2664 981 2734 ἔργων
1022 2666 1091 2719 τά
1133 2665 1406 2734 θαύματα,
1441 2666 1531 2719 ἐπί
1571 2684 1627 2719 τε
1644 2667 1851 2731 τούτοις

268 2752 359 2807 τοῦ
390 2754 625 2809 θανάτου
655 2755 745 2808 τὸν
769 2756 989 2827 τρόπον,
1010 2759 1106 2828 τήν
1129 2774 1188 2810 τε
1217 2758 1281 2810 ἐκ
1300 2758 1509 2830 νεκρῶν
1533 2758 1848 2823 ἀνάστασιν,

273 2848 363 2900 ita}:
392 2848 487 2899 ἐπὶ
516 2851 681 2901 πᾶσιν
709 2848 809 2919 τὴν
849 2851 927 2913 είς
953 2849 1210 2919 οὐρανοὺς
1244 2848 1421 2902 ἔνθεον
1468 2850 1850 2907 ἀποκατάστα-

269 2956 352 2991 σιν
384 2940 549 2993 αὐτοῦ
600 2941 1118 3012 προκηρυττούσαις.
1152 2942 1263 3013 Τὴν
1294 2942 1425 3010 γοῦν
1459 2944 1551 2996 ἐπὶ
1585 2944 1727 2997 τέλει
1759 2945 1853 3015 βα-

272 3031 481 3084 σιλείαν
509 3032 676 3085 αὐτοῦ
706 3033 901 3105 Δανιὴλ
921 3035 949 3085 6
979 3035 1261 3104 προφήτης
1290 3034 1418 3105 θείῳ
1435 3034 1712 3107 Πνεύματι
1736 3054 1853 3090 συν-

269 3123 434 3195 ορῶν,
481 3118 586 3177 ὧδέ
615 3144 689 3195 πη
714 3125 1071 3199 ὲθεοφορεῖτο,
1098 3126 1577 3199 ἀνθρωπινώτερον
1609 3128 1709 3199 τὴν
1731 3127 1851 3182 θεο-
1877 3164 1919 3222 C

271 3216 433 3270 πτίαν
485 3218 840 3289 ὑπογράφων·
881 3237 900 3269 ι
924 3218 1219 3290 Ἐθεώρουν
1250 3220 1388 3291 γὰρ,
1422 3221 1605 3291 φησὶν,
1651 3221 1755 3287 ἓως
1788 3213 1849 3275 οὗ

270 3307 450 3377 θρόνοι
482 3308 746 3380 ἐτέθησαν
769 3348 781 3371 ,
820 3308 917 3361 καὶ
945 3310 1178 3371 Παλαιὸς
1206 3310 1429 3382 ἡμερῶν
1460 3310 1713 3380 ἐκάθητο.
1742 3313 1851 3365 Καὶ

274 3397 330 3451 c6
358 3398 565 3472 ἔνδυμα
590 3399 754 3453 αὐτοῦ
800 3400 990 3454 λευκὸν
1032 3400 1164 3454 ὡσεὶ
1200 3398 1354 3473 χιὼν,
1401 3401 1497 3455 καὶ
1550 3401 1729 3474 ήθρὶξ
1752 3403 1851 3475 τῆς

326 3496 349 3527 ⁹
371 3495 505 3563 Cap.
543 3511 638 3549 ιἰι.

273 3608 325 3661 in
360 3608 643 3661 mollitiem
676 3606 806 3661 labi.
847 3605 1465 3679 υηιιθνὲκδεδιῃτημένος
1496 3608 1606 3678 βίος
1636 3617 1717 3663 est
1745 3610 1853 3664 vita

274 3680 451 3731 mollis
488 3696 554 3730 ac
598 3681 809 3739 soluta;
848 3678 1223 3732 translatione
1260 3682 1327 3731 ab
1364 3680 1853 3748 iutcmperantihus

274 3749 610 3809 hominibus,
646 3750 735 3817 qui
775 3749 972 3800 nullam
1010 3749 1063 3800 in
1122 3748 1243 3801 cibo
1295 3763 1357 3801 ac
1394 3760 1518 3816 potu
1553 3761 1607 3802 et
1642 3750 1691 3802 in
1744 3758 1854 3805 toto

276 3834 471 3883 genere
501 3819 717 3871 vivendi
750 3818 918 3886 lcgem
949 3818 1258 3871 observant.
1296 3817 1426 3883 Qua:
1454 3834 1555 3872 vox
1595 3819 1850 3887 frequen-

278 3897 356 3943 ter
376 3890 622 3942 occurrit
654 3890 703 3938 iit
739 3888 889 3941 lihris
918 3889 1098 3941 Dionis
1125 3887 1317 3941 Cassii.

343 3961 457 4027 (55)
489 3957 737 4024 Νοητῶν
753 3956 1166 4030 ,θεωρημάτωνὶ
1186 3958 1278 4011 Sic
1304 3974 1365 4030 ex
1397 3960 1582 4014 codice
1605 3960 1772 4030 Regio
1795 3970 1850 4015 et.

280 4026 654 4083 exrreterilins
686 4029 903 4082 Sclicdis
935 4029 1103 4081 edidit
1136 4026 1272 4081 Rob.
1305 4028 1629 4096 Stephanus.
1662 4026 1767 4085 Sed
1795 4033 1844 4085 in

281 4100 503 4163 reliquis
535 4099 954 4165 exemplaribus,
978 4096 1113 4150 Maz.
1168 4099 1395 4164 scilicet,
1430 4099 1594 4159 Med.,
1625 4100 1755 4154 Fuk.
1795 4112 1848 4156 et

283 4170 449 4224 Savil.
488 4170 750 4234 scriptum
784 4168 1295 4240 ἰιινριιί,μυστικῶν
1329 4169 1719 4240 θεωρημάτων.
1751 4170 1845 4223 Ni-

284 4242 546 4311 cephorus
587 4254 715 4311 vero
750 4255 844 4306 pro
887 4239 1180 4311 hi._s_h:ihet,
1224 4239 1514 4310 θειοτέρων
1540 4242 1844 4311 νοημάτων.

286 4307 356 4363 Et
384 4325 493 4377 quo
526 4308 797 4377 conjicere
827 4317 909 4362 est
945 4307 1308 4373 Nicephorum
1339 4307 1850 4376 vulgatamdectio-

287 4395 401 4433 nem
436 4381 491 4432 in
529 4394 629 4432 suo
655 4380 843 4432 codice
886 4379 1191 4447 reperisse;
1228 4395 1455 4447 cumque
1499 4396 1618 4434 eam
1670 4383 1850 4437 minus

286 4454 576 4513 probaret,
627 4448 741 4517 ejus
792 4450 907 4504 loco
948 4451 1089 4503 hanc
1141 4466 1304 4519 quam
1358 4451 1592 4506 diximus
1652 4453 1851 4507 substi-

288 4524 468 4574 tuisse.

351 4592 462 4657 (44)
522 4589 884 4658 Ἠμερὼτατα
924 4588 1286 4659 φρονήματα.
1322 4589 1477 4644 llnnc
1512 4589 1685 4644 locum
1742 4608 1848 4646 non

289 4660 673 4714 intellexerunt
718 4662 1067 4726 interpretes,
1126 4670 1183 4714 ut
1238 4676 1303 4713 ex
1358 4661 1608 4715 versione
1657 4676 1848 4716 eorum

288 4742 542 4801 apparet;
594 4746 713 4782 nam
744 4746 926 4801 vocem
958 4732 1277 4801 φρονήματα
1306 4732 1615 4785 retulerunt
1642 4732 1707 4783 ad
1760 4748 1849 4785 νο-

293 4799 675 4869 μοθετῶνίκαὶ
704 4799 1024 4868 φιλοσόφων.
1067 4799 1594 4865 Christophorsmtus
1631 4802 1847 4869 quidettt

292 4868 443 4923 rertit
481 4888 492 4922 :
528 4868 760 4939 Cumque
796 4881 1002 4938 propter
1044 4872 1492 4924 mansuetissimus
1534 4868 1849 4939 legumlato-

293 4958 396 4992 rum
427 4952 474 4993 et
516 4940 945 5009 philosophorum
967 4950 1039 4993 tot
1075 4940 1263 5007 ubique
1287 4943 1745 4994 commentationes
1786 4959 1848 4993 ac

291 5016 568 5078 ρηοδερῑη,
625 5022 708 5063 etc
784 5011 1052 5063 Musculus
1112 5026 1260 5073 vero,
1315 5024 1405 5079 per
1462 5011 1846 5073 placidissimo:

292 5096 461 5133 eorum
503 5081 595 5147 qui
656 5082 843 5147 ubique
862 5080 1004 5151 leges
1036 5081 1271 5151 ferebant
1321 5089 1386 5151 et,
1421 5079 1846 5151 philosophorum

294 5167 485 5212 unius,
521 5164 624 5204 etc.
668 5152 827 5218 Atqui
858 5149 1013 5217 longe
1045 5150 1145 5203 alia
1171 5149 1389 5205 Eusi-bii
1421 5166 1571 5204 mens
1596 5160 1697 5203 est.
1738 5150 1845 5203 Ne—

296 5235 389 5287 que
421 5224 567 5273 enim
621 5231 832 5274 tantum
875 5222 1062 5273 tribuit
1117 5220 1556 5286 legumlatorilms
1604 5220 1845 5288 philoso-

299 5291 509 5357 phisipte
540 5291 844 5359 gentilium,
882 5300 938 5342 ut
973 5292 1146 5359 prisca
1194 5292 1279 5343 illa
1310 5290 1616 5343 mortalium
1661 5289 1847 5345 feritas

298 5373 444 5426 atque
477 5362 790 5414 immanitas
829 5364 1112 5430 prmreptis
1145 5361 1357 5413 illorutu
1392 5372 1553 5425 atque
1586 5361 1848 5414 institutis

300 5432 533 5499 paulatim
585 5432 652 5483 ad
691 5433 1065 5483 humaniorem
1099 5431 1297 5485 cultum
1329 5439 1574 5482 revocata
1608 5431 1717 5496 sit;
1752 5432 1844 5484 sed

302 5503 435 5565 hujus
466 5501 541 5554 rei
573 5516 801 5553 causam
837 5500 1043 5554 confert
1074 5502 1125 5553 in
1176 5501 1346 5571 legem
1378 5500 1689 5563 Mosuieum,
1726 5518 1845 5567 qua:

300 5586 397 5624 cum
449 5574 713 5625 universo
748 5580 1010 5624 terrarum
1041 5571 1158 5625 orbi
1211 5572 1552 5632 iunotttisset,
1601 5572 1840 5629 omnium

297 5640 547 5696 hominum
584 5655 776 5694 mores
806 5643 1012 5695 tandem
1050 5640 1422 5695 mansuefecit.
1453 5640 1659 5693 Etenim
1685 5642 1843 5711 legis-

289 5712 465 5769 latores
512 5730 579 5767 ac
617 5711 929 5779 philosophi
966 5712 1268 5780 gentilium,
1306 5727 1427 5765 cum
1455 5712 1656 5777 optima
1696 5728 1845 5779 quie-

282 5800 368 5856 φο
395 5797 687 5856 ριίεεεριίι
717 5793 791 5835 ex
817 5780 953 5837 illius
984 5782 1116 5853 legis
1140 5780 1373 5837 fontibus
1423 5781 1751 5843 hausissent,
1779 5798 1840 5835 ea

1951 545 2119 599 cultui
2161 546 2338 599 dedita
2372 555 2555 613 esset;
2595 558 2846 617 tanquam
2903 548 3229 603 multitudini
3283 553 3523 619 priorum

1952 638 2132 690 adhuc
2166 637 2537 692 institutorum
2588 638 2708 693 labe
2756 650 3046 708 corruptae,
3072 656 3166 709 per
3211 644 3523 711 prophetam

1952 727 2174 800 Moysen
2209 729 2471 798 imagines
2505 739 2560 785 et
2591 730 2746 800 signa
2776 733 2959 785 arcani
2997 733 3271 797 cujusdam
3318 735 3525 789 Saliliati

1952 834 2007 878 et
2065 824 2517 887 circumcisionis,
2551 822 2888 893 aliorumque
2919 828 3279 895 spiritualium
3328 845 3529 897 priet-c-

1953 924 2166 983 ptorum
2195 915 2581 977 institutiones,
2626 916 2720 969 sed
2753 932 2858 970 non
2890 918 3059 985 ipsum
3092 934 3374 974 sacrorum
3416 938 3529 972 ina-

1953 1005 2202 1060 nifcstam
2229 1006 2493 1060 visionem
2531 1006 2635 1061 illis
2680 1009 2918 1062 tradidit.
2958 1008 3191 1063 Tauietn
3243 1026 3370 1063 vero
3428 1011 3529 1065 lle-

1950 1100 2221 1155 brteortttn
2256 1099 2371 1169 lege
2402 1101 2541 1168 apud
2566 1118 2755 1157 omnes
2782 1103 3074 1171 divulgala,
3108 1115 3158 1157 et
3204 1105 3372 1157 instar
3406 1120 3532 1158 sua-

1951 1193 2156 1247 vissimi
2217 1194 2403 1247 odoris
2438 1209 2533 1262 per
2589 1195 2872 1249 universas
2921 1207 3107 1264 gentes
3141 1196 3248 1250 late
3288 1196 3477 1248 diffusa
3510 1212 3526 1249 :

1949 1298 2072 1337 cum
2123 1298 2187 1337 ex
2242 1284 2327 1337 illa
2392 1285 2664 1354 pleraeque
2707 1290 2957 1341 nationes
3002 1288 3413 1356 legumlatorqu
3467 1303 3532 1343 ac

1928 1374 2393 1443 philosophorum
2443 1391 2605 1445 opera
2656 1377 2900 1431 mitiores
2923 1378 3033 1444 jam
3070 1394 3265 1432 sensus
3316 1379 3531 1432 hausis-

1950 1476 2090 1532 sent,
2124 1476 2179 1521 et
2211 1482 2416 1520 morum
2450 1468 2641 1521 feritas
2665 1477 2827 1539 atque
2856 1470 3167 1523 immanitas
3201 1471 3251 1522 in
3279 1486 3530 1523 mansue-

1953 1559 2144 1613 tiorem
2196 1558 2398 1613 cultum
2450 1574 2711 1615 conversa
2759 1571 2955 1625 esset,
2991 1564 3123 1614 adeo
3161 1572 3219 1615 ut
3267 1564 3528 1630 profunda

1952 1664 2053 1718 pax
2088 1659 2139 1702 et
2159 1650 2397 1704 amicitia
2428 1663 2722 1719 mutuaque
2756 1652 2897 1707 inter
2920 1653 3176 1706 mortales
3199 1655 3531 1708 commercia

1955 1742 2059 1812 ιο
2083 1742 2480 1797 intercederent
2508 1759 2523 1802 :
2560 1753 2686 1799 tunc
2708 1745 2940 1799 'tlemum
2990 1746 3210 1814 reliquis
3238 1748 3401 1800 etiam
3432 1746 3532 1799 ho-

1950 1832 2213 1895 minibus,
2256 1832 2577 1902 cunctisque
2608 1848 2705 1902 per
2741 1838 2925 1889 orbem
2955 1845 3220 1889 terrarum
3260 1836 3531 1904 gentibus,

1951 1933 2138 1994 utpote
2183 1924 2299 1992 jam
2354 1926 2673 1995 praeparatis
2717 1936 2771 1980 et
2804 1927 2873 1979 ad
2924 1927 3171 1980 notitiam
3229 1928 3317 1980 Dei
3354 1926 3533 1981 Patris

1950 2017 2350 2086 percipiendam
2409 2018 2638 2081 idoneis,
2674 2018 2788 2087 ipse
2818 2018 2910 2072 ille
2955 2020 3212 2072 virtutum
3252 2021 3530 2088 magister,

1949 2123 2002 2168 et
2028 2112 2203 2168 Patris
2235 2114 2316 2168 sui
2352 2114 2404 2166 in
2437 2115 2689 2169 omnibus
2714 2116 2871 2169 bonis
2906 2116 3175 2178 minister,
3206 2115 3446 2168 divinum
3478 2126 3533 2170 e‘.

1950 2206 2173 2260 cmleSte
2200 2205 2295 2260 Dei
2328 2205 2591 2272 Verbum,
2631 2207 2682 2260 in
2709 2206 2944 2260 hominis
2984 2207 3186 2275 specie,
3224 2207 3533 2263 nullatenus

1952 2312 1980 2350 ιι
2016 2312 2303 2366 corporum
2356 2308 2664 2351 nostrorum
2716 2308 2905 2351 natura
2943 2298 3163 2358 diversi,
3209 2297 3367 2350 simul
3405 2314 3529 2352 cum

1952 2389 2070 2459 ipso
2102 2390 2330 2443 Romani
2380 2390 2591 2458 imperii
2637 2391 2862 2443 exordio
2912 2405 3201 2457 apparens,
3231 2406 3291 2443 ca
3322 2390 3447 2444 fecit
3478 2398 3533 2444 et

1950 2482 2192 2552 pertulit,
2233 2498 2352 2550 qua:
2383 2484 2769 2552 prophetarum
2799 2484 3039 2537 oraculis
3069 2484 3487 2537 consentiebant
3514 2500 3529 2536 :

1952 2577 2145 2646 quibus
2193 2576 2463 2629 hominem
2519 2578 2726 2646 pariter
2778 2593 2842 2631 ac
2902 2578 3066 2631 Deum
3131 2578 3530 2631 admirabili-um

1950 2686 2172 2738 operum
2190 2671 2498 2725 effectorem
2518 2673 2569 2725 in
2591 2683 2762 2727 terras
2785 2684 3068 2725 venturum
3114 2688 3253 2736 esse,
3278 2683 3330 2725 ct
3356 2672 3534 2726 l‘atris

1952 2762 2156 2815 cultum
2191 2777 2254 2815 ac
2286 2762 2598 2832 religionem
2628 2766 2841 2817 cunctis
2870 2761 3118 2832 gentibus
3164 2764 3485 2815 traditurum
3514 2781 3528 2817 :

1953 2851 2266 2906 inusitatam
2312 2868 2528 2921 quoque
2559 2852 2674 2920 ejus
2712 2853 2966 2907 nascendi
3021 2854 3308 2915 rationein,
3336 2868 3530 2906 novatn

1953 2945 2277 3009 doctrinam,
2313 2946 2605 3012 miracula,
2652 2945 2718 2999 ad
2758 2946 2871 2999 haec
2918 2945 3108 2999 mortis
3143 2959 3310 3012 genus
3343 2953 3397 2998 et
3446 2960 3535 2998 re-

1953 3036 2368 3099 surrectionem,
2400 3048 2677 3105 postremo
2706 3036 2944 3089 divinum
2996 3037 3048 3090 in
3081 3036 3248 3090 cmlos
3298 3036 3531 3089 reditum

1953 3117 2078 3181 oliin
2110 3129 2491 3195 praedixerant.
2525 3129 2769 3199 Regnum
2806 3143 2968 3197 porro
2996 3128 3139 3181 illius
3158 3129 3298 3194 quod
3337 3127 3388 3179 in
3425 3126 3533 3179 ﬁne

1956 3219 2275 3274 saeculorum
2320 3223 2675 3276 adventurutn
2709 3231 2813 3285 est,
2866 3221 3052 3275 Daniel
3087 3221 3271 3275 divino
3323 3217 3534 3272 aﬂlatus

1957 3313 2159 3381 Spiritu
2184 3331 2306 3370 cum
2343 3317 2575 3383 videret,
2612 3318 2677 3371 ad
2720 3315 2999 3370 hominum
3030 3324 3245 3382 captum
3296 3326 3415 3365 sese
3449 3324 3534 3363 ac-

1956 3408 2331 3476 commodans,
2362 3408 2628 3463 visionem
2679 3407 2773 3463 Dei
2817 3407 2897 3462 sic
2927 3404 3225 3462 describit”
3258 3420 3271 3457 :
3321 3421 3339 3455 ι
3378 3405 3535 3471 Aspi-

1963 3616 2206 3681 postliaec
2242 3610 2549 3663 auditorum
2582 3624 2801 3663 suorum
2831 3606 3105 3681 mentibus
3159 3604 3528 3681 infuderunt:

1963 3677 2157 3748 quibus
2194 3682 2390 3733 exculti
2429 3681 2693 3742 homines,
2742 3682 2806 3732 ad
2841 3678 3170 3747 evangelica:
3221 3677 3355 3743 legis
3384 3678 3527 3748 noti-

1963 3753 2088 3803 tiam
2120 3751 2490 3817 accipiendam
2525 3750 2699 3802 idonei
2722 3749 2932 3802 tandem
2955 3750 3303 3817 exstiterunt.
3322 3747 3529 3814 Quippe

1960 3820 2042 3874 lex
2084 3820 2314 3874 Mosaicu
2357 3820 2501 3871 Velut
2531 3820 2724 3886 ιιι-ξυνίει
2778 3834 2841 3871 ac
2878 3818 3177 3886 pr:cnuntia
3215 3816 3315 3868 fuit
3352 3817 3529 3868 Evan-

1957 3891 2102 3958 gelii,
2132 3890 2440 3957 Christique
2471 3884 2834 3956 priedicationi
2865 3884 3529 3958 viainst_r:ivit._Scrilu-n-

1957 3954 2081 4013 dum
2122 3970 2206 4013 est
2244 3954 2405 4027 igitur
2454 3954 2555 4011 hoc
2603 3960 2761 4012 loco:
2798 3959 2922 4019 Τοῖς
2960 3954 3167 4027 πλείοσι
3198 3954 3311 4007 τῶν
3357 3954 3528 4027 ἐθνῶν

1953 4030 2041 4084 διὰ
2078 4028 2183 4083 τῶν
2213 4024 2511 4097 πανταχόσε
2535 4028 2839 4099 νομοθετῶν
2867 4044 2923 4079 τε
2950 4026 3040 4077 καὶ
3062 4025 3363 4099 φιλοσόφων
3394 4024 3531 4099 ᾑμέ-

1954 4119 2097 4172 ρωτο
2130 4099 2199 4153 τὰ
2241 4097 2609 4172 φρονήματα,
2642 4109 2716 4172 ut
2747 4101 2947 4172 diserte
2977 4099 3300 4172 scriptum”
3325 4097 3528 4172 habent

1956 4164 2124 4225 itostri
2188 4164 2430 4225 codices"
2458 4170 2621 4228 Maz.,
2664 4170 2832 4230 Med.,
2893 4164 3029 4219 Fuk.
3071 4178 3122 4218 et
3155 4166 3321 4219 Savil.
3365 4166 3526 4218 Certe

1956 4242 2057 4296 nisi
2092 4244 2164 4294 ita
2203 4240 2512 4307 scripseris,
2543 4256 2647 4291 nou
2684 4240 2977 4291 rolimrchit
3016 4238 3214 4290 oratio.
3246 4236 3525 4307 Quoqcuitu

1956 4313 2226 4365 referetur
2257 4305 2520 4375 particula
2553 4310 2640 4362 illa
2673 4308 2747 4372 ώς
2770 4308 2848 4373 δὲ,
2887 4324 3007 4376 quae
3051 4309 3221 4374 posita
3250 4318 3331 4358 est
3375 4305 3528 4357 initio

1956 4383 2162 4449 periodi
2202 4381 2224 4433 ?
2257 4381 2351 4433 list
2379 4390 2430 4433 et
2462 4380 2563 4432 alia
2603 4378 2888 4433 dillirultas
2919 4379 3101 4449 inlioc
3138 4377 3351 4449 Eusebii
3384 4378 3525 4449 loco,

1957 4446 2211 4518 quidnam
2247 4451 2346 4504 sibi
2380 4449 2543 4501 velint
2579 4451 2692 4503 hinc
2726 4453 2887 4503 verba
2941 4448 2999 4512 ἐξ
3028 4446 3350 4518 αὐτῶνηΑιι
3380 4446 3523 4497 enim

1956 4516 2238 4584 Eusebius,
2288 4520 2388 4590 ἤδη
2412 4519 2531 4595 τότε
2566 4518 2624 4584 ἐξ
2651 4518 2828 4574 αὐτῶν
2864 4519 2958 4571 καὶ
2994 4522 3104 4595 τοῖς
3127 4516 3357 4580 πλείοσι,
3393 4527 3523 4595 etc.,

1954 4601 2013 4644 ut
2042 4607 2227 4661 supra.
2264 4592 2392 4656 Quae
2423 4591 2639 4656 quidem
2679 4593 2837 4642 verba
2874 4592 3318 4662 ιιιηιβὶιισιιιιιδιι
3340 4591 3519 4662 posita

1952 4675 2073 4715 esse
2103 4655 2232 4715 inihi
2269 4655 2549 4723 videntur,
2588 4670 2645 4713 ut
2680 4662 2930 4712 ostendat
2965 4658 3230 4711 Eusebius
3258 4655 3520 4724 quidquid

1951 4747 1981 4785 a
2026 4732 2467 4799 leguutlatoribus
2506 4748 2569 4783 ac
2607 4731 2942 4797 philosophis
2998 4733 3279 4781 commode
3314 4726 3517 4799 dii-tum

1948 4811 2051 4865 est,
2080 4797 2133 4854 id
2174 4815 2335 4853 omne
2377 4801 2443 4854 ab
2479 4801 2715 4854 Ilehtmis
2753 4816 2847 4853 eos
2869 4814 2991 4851 esse
3025 4809 3313 4848 mutuatos.
3348 4797 3524 4858 Atque

1951 4872 2023 4924 ita
2073 4871 2217 4925 ltunc
2254 4872 2429 4923 locum
2472 4873 2683 4938 accepit
2720 4869 2968 4928 Rufinus,
3001 4878 3056 4919 ut
3082 4882 3147 4919 ex
3194 4868 3522 4938 interpreta-

1953 4942 2095 4995 tione
2123 4942 2239 5011 cjtts
2262 4941 2463 5009 liquido
2492 4936 2734 5009 apparet.
2758 4939 2924 5011 Multa
2960 4939 3011 4990 itt
3035 4939 3175 4990 lianc
3196 4936 3520 5011 sententiam

1950 5004 2168 5065 disserii
2219 5004 2483 5064 Eusebius
2528 5004 2583 5062 iu
2645 5010 2796 5063 lihris
2850 5009 2922 5060 De
2969 5017 3381 5075 pratpurutione,
3433 5004 3523 5057 ubi

1949 5085 2186 5135 Ostendit
2217 5082 2354 5135 (Si-iet
2374 5097 2530 5133 orum
2558 5079 2901 5148 philosophos
2936 5074 3003 5133 ex
3040 5078 3203 5131 Musis
3228 5076 3382 5129 libris
3411 5074 3520 5143 ple-

1950 5152 2442 5225 raquesulfuratos
2471 5153 2683 5225 fuisse:
2726 5220 2744 5225 Δ
2776 5218 2786 5225 _
2933 5223 2944 5225 _
3081 5215 3111 5225 Α
3454 5223 3461 5225 _
3506 5213 3519 5225 .

2019 5215 2133 5293 (—45)
2176 5224 2237 5274 '0
2269 5220 2387 5274 τῶν
2414 5218 3040 5293 ἀρετῶφξδιὸἁςκᾳλος.
3064 5215 3319 5293 Quatuor
3346 5215 3519 5293 nostri

1948 5289 2327 5355 codices,.\laz.
2358 5294 2589 5355 scilicet,
2618 5292 2780 5355 Med.,
2813 5289 2945 5343 Fuk.
2981 5300 3031 5343 et
3059 5289 3521 5355 Sinil.,sCriptuui

1951 5365 2145 5415 habent
2168 5353 2421 5434 ἀρρήτων
2438 5353 2845 5425 διδάσκαλοςζιιι
2874 5362 3085 5434 optimo
3102 5374 3277 5412 tamen
3302 5353 3522 5434 Illazl‘ad

1952 5424 2274 5499 Inurgitteiii,
2300 5424 2474 5485 altera
2504 5434 2663 5486 lectio
2695 5424 2927 5498 ascripta
2972 5442 3047 5481 est
3078 5432 3176 5481 hoc
3208 5427 3364 5499 modo
3388 5424 3522 5499 :_F9.

1947 5494 2179 5572 ἀρετῶν.
2233 5494 2399 5556 Paulo
2425 5514 2543 5570 post
2576 5504 2664 5556 ubi
2709 5494 2905 5571 legitur
2939 5499 3047 5572 τῶν
3079 5499 3253 5572 ἔργων
3279 5496 3349 5548 τά
3392 5494 3520 5547 θαύ-

1951 5571 2113 5642 ματα,
2148 5575 2303 5627 iitlent
2351 5577 2565 5627 codices
2626 5574 2916 5640 praeferunt
2950 5571 3265 5642 θαυμάσια,
3307 5579 3518 5642 θυιιιυκ

1947 5635 2039 5696 Stati
2073 5635 2171 5716 τὴν
2200 5645 2290 5698 ἐπὶ
2323 5644 2486 5698 πᾶσιν
2523 5645 2602 5708 εἰς
2626 5635 2895 5716 ὀὐρανοὺς
2934 5635 3113 5694 ἔνθεον
3142 5635 3517 5693 ἀποκατάστα-

1950 5730 2031 5767 σιν
