3966 6264
441 335 512 392 6⁸1
1145 332 1414 391 EUSEBll
1453 326 1932 388 CESABIENSIS
1968 327 2120 385 OPP.
2162 327 2341 383 PARS
2377 326 2418 383 l.
2457 357 2527 366 —-
2565 318 2955 381 BlSTORlCA.
3649 312 3736 370 σε

439 453 684 517 ciebam,
723 453 918 523 inquit,
951 454 1126 510 donec
1163 455 1340 510 throni
1377 453 1534 524 positi
1577 461 1726 517 sunt,
1767 461 1824 505 et
1869 451 2012 505 Anti-

2118 449 2361 520 κεφαλῆς
2389 448 2556 504 αὑτοῦ
2599 446 2730 501 ὡσεὶ
2753 444 2896 516 ἔριον
2920 441 3174 513 καθαρόν.
3224 440 3283 494 '0
3309 437 3495 512 θρόνος
3529 433 3733 492 αὐτοῦ

440 559 581 613 quas
641 545 852 599 dierum
907 546 1067 603 sedit.
1119 544 1511 600 Vestimentum
1565 545 1682 612 ejus
1729 541 2012 596 candidum

2121 542 2250 612 φλὸξ
2283 540 2470 611 πυρός.
2502 541 2564 594 Οἱ
2603 538 2789 612 τροχοὶ
2833 535 2997 590 αὑτοῦ
3038 534 3150 604 πῦρ
3186 533 3399 603 φλέγον.
3435 527 3736 600 Ποταμδς

439 635 582 689 sicut
611 637 739 690 nix:
766 647 821 690 et
857 638 1038 706 capilli
1083 639 1276 706 capitis
1309 639 1428 707 ejus
1465 637 1606 690 sicut
1645 635 1764 688 lana
1796 635 2012 690 munda.

2119 632 2288 702 πυρὸς
2315 626 2493 686 εἷλκεν
2519 629 2826 702 ἔμπροσθεν
2853 625 3036 681 αὑτοῦ.
3073 625 3255 678 Χίλιαι
3284 623 3522 694 χιλιάδες
3567 620 3735 673 ἐλει-

441 725 689 779 Thronus
731 727 855 795 ejus
895 725 1112 782 ﬂamma
1151 729 1325 798 ignis,
1377 736 1508 782 rota:
1559 725 1674 791 ejus
1736 724 1874 794 ignis
1925 723 2012 778 lla-

2118 721 2388 792 τούργουν
2415 721 2564 791 αὐτῷ
2595 720 2730 791 (46),
2763 719 2857 773 καὶ
2893 715 3082 788 μύριαι
3117 716 3370 787 μυριάδες
3391 711 3734 784 παρειστή-

440 831 624 884 graus.
680 816 903 872 Flumen
955 818 1094 888 ignis
1141 821 1396 873 manabat
1443 820 1495 872 in
1541 827 1836 887 conspectu
1880 816 2012 886 ejus.

2118 829 2306 866 κεισαν
2319 812 2624 884 ἔμπροσθεν
2643 809 2836 864 αὑτοῦ.
2853 809 3147 880 Κριτήριον
3168 806 3385 860 ἐκάθισε
3401 806 3493 860 καὶ
3520 803 3732 875 βίϐλοι

439 908 770 964 ΜίΙΙοοιιιὶιΙίο
805 911 1187 964 ministrabant
1213 911 1263 965 ei
1297 929 1311 965 :
1341 917 1396 965 et
1423 909 1605 966 decies
1655 909 1854 964 millies
1880 911 2017 964 dena

441 1001 605 1054 millia
646 1001 972 1056 assistebant
1018 1002 1090 1056 ei.
1134 1000 1404 1056 Judicium
1460 1001 1761 1065 constituit,
1792 1009 1847 1055 et
1894 1001 2016 1056 libri

439 1094 610 1163 aperti
636 1102 782 1147 sunt.
823 1110 843 1144 ι
877 1091 944 1146 Ει
969 1093 1126 1160 paulo
1151 1103 1271 1161 post
1309 1111 1322 1146 :
1358 1111 1378 1144 ι
1425 1092 1792 1160 Aspicieham,
1819 1090 2014 1158 inquit,

438 1193 496 1240 et
520 1199 644 1238 ecce
667 1198 793 1238 cum
827 1185 1058 1238 nubibus
1101 1185 1222 1239 caeli
1257 1184 1412 1255 quasi
1458 1184 1628 1239 Filius
1659 1183 1894 1238 hominis
1925 1196 2018 1236 ve-

439 1276 596 1330 niens
634 1291 804 1346 usque
849 1275 917 1330 ad
967 1277 1268 1345 Antiquum
1312 1277 1520 1330 dierum
1578 1273 1854 1342 pervenit,
1881 1273 2013 1327 etin

439 1379 732 1436 conspectu
765 1368 882 1441 ejus
915 1369 1192 1424 exhibitus
1235 1377 1338 1424 est.
1389 1369 1450 1424 Et
1485 1371 1641 1424 datus
1673 1376 1756 1422 est
1790 1368 1837 1422 ei
1868 1365 2014 1436 prin-

437 1460 650 1529 cipatus
681 1470 736 1514 et
773 1461 982 1524 honos,
1011 1471 1065 1514 et
1093 1476 1352 1529 regnum;
1384 1471 1435 1515 et
1468 1471 1652 1516 luntres
1679 1459 1880 1530 populi,
1919 1458 2016 1512 tri-

439 1553 541 1608 bus
572 1563 626 1607 et
656 1552 848 1623 lingua:
871 1554 971 1624 ipsi
1008 1557 1269 1611 servient.
1304 1555 1548 1610 Potestas
1591 1553 1740 1623 ejus,
1774 1561 2013 1622 potestas

437 1653 640 1699 aeterna
672 1659 792 1713 qua:
846 1660 950 1698 non
1011 1647 1307 1715 praeteribit
1339 1655 1434 1699 τοι
1481 1659 1700 1714 regnum
1739 1642 1854 1710 ejus
1904 1657 2010 1694 non

437 1745 836 1805 corrumpetur.
877 1756 896 1788 ι
935 1736 1059 1792 lituo
1111 1753 1242 1792 vero
1291 1736 1736 1791 manifestissime
1780 1749 1887 1789 non
1943 1731 2011 1787 ad

2115 901 2488 974 ἠνεῴχθησαν.
2519 920 2538 954 ι
2565 901 2674 955 Καὶ
2699 899 2856 970 ἐξῆςο
2890 916 2909 950 ι
2933 896 3248 969 Ἐθεώρουν,
3271 895 3429 966 φησὶ,
3455 897 3558 950 καὶ
3594 892 3730 947 ἰδοὺ

2118 993 2254 1065 μετὰ
2277 993 2385 1046 τῶν
2418 992 2653 1063 νεφελῶν
2686 990 2780 1044 τοῦ
2813 987 3042 1060 οὐρανοῦ
3087 987 3218 1040 ὡσεὶ
3251 988 3377 1050 Υἱὸς
3401 984 3729 1058 ἀνθρώπου

2115 1085 2428 1159 ἐρχόμενος,
2460 1085 2554 1138 καὶ
2582 1083 2687 1146 ἕως
2706 1081 2799 1135 τοῦ
2826 1079 3066 1134 Παλαιοῦ
3088 1078 3197 1132 τῶν
3227 1078 3448 1150 ἡμερῶν
3463 1077 3726 1148 ἔφθασε,

2115 1177 2210 1229 καὶ
2233 1173 2459 1229 ὲνὼπιον
2491 1173 2654 1228 αὑτοῦ
2676 1170 3016 1245 προσηνέχθη
3046 1169 3156 1240 (47)
3179 1183 3198 1202 ο
3230 1167 3503 1248 καὶ-αὐτῷ
3539 1166 3726 1238 ἐδόθη

2113 1269 2148 1338 ἡ
2168 1265 2423 1338 ἀρχὴκαὶ
2449 1267 2482 1336 ἡ
2509 1265 2661 1336 τιμὴ,
2684 1265 2779 1318 καὶ
2801 1266 2833 1335 ή
2861 1261 3124 1332 βασιλεία,
3145 1261 3240 1314 καὶ
3256 1260 3454 1325 πάντες
3475 1262 3525 1314 οἱ
3555 1257 3724 1320 λαοὶ,

2113 1355 2296 1425 φυλαὶ,
2324 1353 2583 1423 γλῶσσαι,
2617 1352 2765 1424 αὐτῷ
2795 1353 3168 1406 δουλεύσουσιν
3195 1349 3328 1420 (48).
3377 1350 3441 1402 Ἠ
3468 1347 3723 1416 ἐξουσία

2112 1444 2298 1510 αὑτοῦ,
2327 1443 2541 1509 ὲξουσία
2572 1442 2808 1508 αἰώνιος,
2841 1444 2962 1514 ἥτις
2983 1442 3044 1495 οὐ
3073 1439 3480 1513 παρελεύσεται.
3513 1437 3643 1492 Καὶ
3683 1439 3722 1508 ἠ

2114 1537 2358 1608 βασιλεία
2393 1533 2556 1590 αὑτοῦ
2582 1537 2640 1590 οὐ
2669 1535 3116 1606 διαφθαρήσεται.
3155 1552 3174 1584 ›
3208 1532 3391 1586 Ταῦτα
3420 1531 3476 1584 δὲ
3501 1529 3722 1599 σαφῶς

2112 1633 2212 1684 οὐκ
2239 1631 2321 1700 ἐφ’
2353 1630 2558 1700 ἕτερον,
2585 1627 2699 1682 ἀλλ’
2727 1627 2818 1682 ἐπὶ
2843 1627 2934 1680 τὸν
2957 1625 3223 1698 ἡμέτερον
3252 1623 3478 1696 Σωτῆρα
3506 1621 3616 1674 τὸν
3653 1622 3720 1674 ὲν

2112 1727 2253 1796 ἀρχῇ
2287 1724 2422 1796 πρὸς
2453 1723 2542 1776 τὸν
2565 1721 2717 1784 Θεὸν,
2741 1721 2872 1774 Θεὸν
2905 1719 3076 1788 Λόγον
3097 1718 3418 1789 ἀναφέροιτο
3447 1714 3538 1778 ἂν,
3569 1715 3720 1767 Υἰδν

438 1826 604 1878 alium
643 1841 804 1894 quam
839 1827 906 1880 ad
961 1827 1307 1882 Servatorem
1361 1837 1606 1881 nostrum
1663 1825 1852 1880 referri
1885 1838 2012 1894 pos-

2118 1795 2398 1888 ανθρὼπου
2427 1814 2515 1869 διὰ
2541 1815 2640 1886 τὴν
2662 1813 2898 1882 ὑστάτην
2933 1811 3098 1866 αὐτοῦ
3123 1809 3531 1883 ὲνανθρώπησιν
3572 1824 3721 1878 χρη-

436 1925 588 1980 sunt,
606 1916 694 1985 qui
717 1925 836 1970 erat
857 1917 909 1970 in
934 1919 1200 1988 principio
1230 1917 1372 1988 apud
1397 1920 1560 1972 Deum
1590 1917 1730 1972 Deus
1753 1913 2009 1978 Verbum,

437 2017 494 2061 et
543 2008 634 2075 qui
690 2017 978 2076 propterea
1024 2011 1168 2078 quod
1217 2011 1270 2064 in
1321 2010 1634 2064 novissimis
1680 2009 2010 2082 temporibus

438 2101 599 2154 homo
633 2098 807 2152 factus
853 2109 970 2166 est,
1002 2101 1169 2157 Filius
1218 2101 1452 2156 hominis
1485 2100 1703 2156 dicitur.
1751 2097 1859 2154 Sed
1887 2113 2011 2153 cum

437 2194 828 2262 pr0pbetarum
865 2192 1084 2247 oracula
1118 2192 1184 2246 de
1217 2189 1440 2244 Domino
1471 2200 1658 2244 nostro
1689 2185 1818 2243 Jesu
1853 2186 2013 2241 Chri-

437 2296 524 2339 sto
562 2286 705 2340 edita
735 2287 786 2340 in
825 2284 1194 2354 peculiaribus
1224 2282 1340 2353 jam
1392 2280 1812 2336 Commentariis
1849 2278 2013 2333 colle-

2116 1909 2424 1984 ματιζοντα.
2467 1907 2628 1962 Ἀλλὰ
2675 1907 2784 1980 γὰρ
2832 1907 2890 1960 ὲν
2935 1905 3156 1969 οἰκείοις
3186 1903 3544 1974 ὑπομνήμασι
3585 1895 3716 1969 (49)

2110 2003 2210 2067 τὰς
2242 2003 2371 2075 περ).
2402 2001 2496 2054 τοῦ
2529 2001 2778 2072 Σωτῆρος
2805 1998 2962 2069 ἡμῶν
2997 1997 3170 2069 Ἰησοῦ
3204 1994 3442 2069 Χριστοῦ
3475 2008 3716 2065 προφη-

2111 2095 2268 2160 τικὰς
2303 2093 2529 2162 ἐκλογὰς
2553 2093 2664 2163 (50)
2708 2085 3124 2160 συναγαγόντες,
3167 2085 3712 2158 ἀποδεικτικὼτερόν

2113 2202 2173 2239 τε
2196 2184 2264 2238 τὰ
2286 2184 2414 2256 περὶ
2433 2183 2596 2237 αὑτοῦ
2620 2181 2924 2254 δηλούμενα
2953 2183 3010 2234 ὲν
3054 2181 3257 2253 ἑτέροις
3285 2181 3664 2250 συστήσαντες
3694 2213 3711 2236 .

2113 2280 2225 2342 τοῖς
2261 2275 2581 2348 εἰρημένοις
2613 2274 2706 2328 ἐπὶ
2733 2272 2824 2327 τοῦ
2860 2274 3124 2346 παρόντος
3181 2269 3671 2342 ἀρκεσθησόμεθα.

436 2378 697 2444 gerimus,
735 2388 791 2433 et
820 2392 1150 2448 quaecunque
1179 2378 1246 2432 de
1279 2376 1372 2431 illo
1436 2376 1741 2442 traduntur,
1797 2369 2125 2429 ﬁrmissimis
2179 2369 2733 2428 demonstrationibus
2783 2369 2913 2423 alibi
2954 2366 3370 2433 astruxerimus,
3434 2365 3519 2420 his
3573 2376 3710 2435 qua:

435 2480 580 2527 dicta
609 2483 757 2542 sunt,
792 2473 846 2528 in
886 2473 1173 2545 praesentia
1199 2472 1408 2529 erimus
1429 2471 1698 2528 contenti.

1049 2615 1276 2671 CAPUT
1313 2614 1403 2668 Ill.

503 2720 658 2787 Quod
692 2739 861 2790 ipsum
885 2723 1014 2776 Jesu
1055 2723 1351 2791 Christique
1378 2739 1564 2776 nomen
1597 2721 1721 2776 olim
1758 2732 1939 2777 notum

673 2791 847 2856 θείω,
874 2796 1176 2862 cultumque
1203 2811 1237 2846 a
1260 2794 1451 2845 diuinis
1485 2792 1769 2863 praphetis.

506 2922 688 2991 Ipsum
723 2939 853 2978 vero
878 2923 1004 2979 Jesu
1037 2923 1350 2996 Christique
1389 2926 1709 2981 vocabulum
1751 2927 1890 2997 apud
1925 2942 2010 2981 ve-

437 3018 586 3066 teres
615 3012 736 3066 illos
771 3013 879 3068 Deo
925 3014 1152 3068 dilectos
1198 3017 1492 3085 prophetas
1519 3015 1570 3068 in
1602 3015 1805 3070 honore
1855 3015 2002 3070 habi-

437 3111 554 3158 tum
581 3102 772 3171 fuisse,
799 3115 1162 3174 opportunum
1195 3121 1340 3160 nunc
1376 3117 1590 3176 tempus
1619 3115 1702 3161 est
1729 3116 1785 3160 ut
1812 3113 2002 3162 osten-

508 3211 1306 3303 (ἑδὶεζιῗνὲεεῖεπῖργογνιξξθτςῖξ
1325 3215 1403 3303 ἔκ
1429 3215 1808 3303 castissima
1824 3216 2012 3303 οράίςε
2039 3245 2080 3303 c

437 3281 718 3338 Ma‘Zarino
758 3294 879 3356 post
910 3281 1006 3337 has
1034 3300 1194 3356 voces
1238 3285 1486 3356 addimus
1530 3286 1690 3356 verba
1719 3303 1730 3337 :
1768 3287 1874 3339 Καὶ
1903 3287 2009 3356 μύ-

439 3369 556 3476 ριαι
610 3353 868 3424 μυριάδες
928 3355 1392 3426 παρειστήκεισαν
1445 3354 1751 3426 ἔμπροσθεν
1821 3353 2006 3410 αὐτοῦ.

461 3424 640 3476 "adent
677 3424 926 3476 uericone
973 3426 1200 3476 habetur
1233 3428 1283 3476 in
1314 3426 1504 3476 codice
1549 3425 1684 3476 Fuk.
1738 3440 1801 3476 ac
1834 3428 2004 3476 Savil.

461 3424 640 3476 Eadem
677 3424 926 3490 pericope
973 3424 1200 3479 habetur
1233 3428 1283 3477 in
1314 3424 1504 3478 codice
1549 3425 1684 3479 Fuit.
1738 3440 1801 3478 ac
1834 3428 2004 3481 Savil.

437 3495 569 3546 etin
605 3493 876 3546 veteribus
907 3495 1142 3563 scbedis,
1183 3494 1283 3547 nisi
1323 3495 1470 3563 quod
1505 3497 1767 3563 scriptum
1805 3497 2010 3550 habent

439 3563 899 3635 παρειστήκεισαν
925 3561 1280 3635 αὑτῷηρτουι
1309 3561 1507 3635 legitur
1535 3561 1697 3619 etiam
1737 3567 1876 3635 apud
1917 3564 2012 3620 Ju-

439 3634 737 3704 stinunrct
769 3634 818 3685 in
847 3635 1084 3704 etilllt)|_t_e
1105 3633 1346 3686 Rotnana
1381 3634 1616 3689 Danielis
1645 3633 1885 3704 cap.‘rtt,
1922 3635 2013 3689 ubi

436 3703 559 3754 vide
598 3703 988 3756 Atluotatiunes
1019 3701 1239 3755 Nobilii.

511 3769 622 3844 (47)
660 3769 956 3844 ςῌνώπιον
1003 3772 1190 3825 αὐτοῦ
1218 3773 1627 3843 προσηνέχθη.
1665 3773 1721 3826 ln
1770 3776 2016 3844 margine

439 3841 794 3916 codicisjlzus.
813 3845 1072 3916 scriptum
1103 3841 1506 3916 est‘receutiore
1521 3841 1679 3916 manu
1699 3861 1711 3896 :
1731 3844 1827 3916 Γρ.
1856 3841 2020 3916 προσ-

438 3907 600 3980 ήχθη,
641 3909 669 3962 ὃ
696 3911 788 3963 καὶ
831 3914 1099 3982 κρεῖττον.
1143 3911 1202 3982 ld
1236 3923 1337 3975 est,
1371 3913 1424 3966 in
1451 3907 1786 3982 qubusdam'
1820 3907 2015 3968 codici-

440 3983 550 4052 bus
594 3981 846 4052 scribitur
876 3981 879 3982 ⁷
907 3981 1223 4052 προσῄχθη,
1284 3983 1439 4052 idque
1501 3988 1715 4038 rectius.
1763 3982 1918 4038 Certe
1964 3987 2016 4038 in

439 4051 652 4122 optimo
689 4050 779 4102 illo
817 4050 1002 4105 codice
1049 4050 1240 4105 Rettuli
1287 4050 1586 4118 Marchalli,
1632 4054 1722 4122 qui
1759 4071 1896 4106 nunc
1925 4063 2010 4108 est

441 4119 493 4190 in
532 4119 853 4173 bibliotheca
881 4123 1286 4175 Clarontontani
1330 4123 1560 4190 collegii,
1598 4119 1748 4176 c._\'tt
1778 4123 2014 4179 Dauielis

439 4187 643 4263 diserte
676 4193 940 4258 scriptum
999 4200 1081 4242 est
1104 4192 1252 4263 ,καὶ
1283 4187 1564 4263 προσήχθη
1591 4193 1756 4263 αὐτῷ.
1798 4193 2000 4248 Tamen

441 4256 584 4310 inter
624 4274 660 4327 η
703 4268 761 4312 ct.
790 4256 842 4329 ’χ
877 4261 1302 4328 superScriplunt
1327 4256 1671 4315 'cstmcailrnt
1708 4256 1877 4315 inanu
1908 4281 1964 4314 νε
1995 4281 2008 4317 ;

439 4341 666 4396 prorsus
715 4339 772 4398 nt
817 4339 1077 4397 appareat
1099 4329 1414 4398 jamdudum
1443 4333 1683 4386 variasse
1705 4333 1920 4386 codices
1950 4335 2000 4386 in

437 4412 504 4473 eo
549 4397 781 4473 Danielis
810 4402 959 4462 loco;
996 4410 1051 4473 et
1077 4397 1452 4473 aliosquidem
1485 4402 1768 4473 προσήχθη
1807 4415 2006 4472 prartn-

438 4466 588 4539 lisse.
621 4469 758 4539 alios
798 4457 1166 4539 προσηνέχθη.
1213 4457 1379 4523 Porro
1413 4472 1462 4523 in
1504 4457 1867 4526 tetus't'iss'in'to
1915 4474 2004 4526 illo
2037 4457 2078 4510 θ

439 4538 632 4608 codice
679 4536 744 4592 Β.
793 4536 1075 4592 ιιξιτυιίυιιί
1131 4536 1221 4608 qui
1265 4542 1554 4608 prophetas
1602 4543 2002 4608 complectitur,

441 4607 678 4676 Danielis
713 4609 851 4663 libro
885 4609 974 4661 hic
1007 4607 1257 4676 pratlixus
1282 4607 1375 4665 est
1395 4611 1582 4666 titulus
1610 4607 1801 4666 εΚατὰ
1819 4612 2007 4665 Θεοδο-

432 4675 644 4742 τιωνος,
670 4682 856 4747 supple
880 4677 980 4748 τὴν
1007 4675 1234 4733 ἔκδοσιν.

506 4749 619 4823 με)
647 4748 817 4823 Atinii
861 4747 1329 4823 δουλεύσουσιν.
1383 4748 1461 4803 Ita
1501 4749 1701 4820 legitur
1752 4753 1914 4804 etiam
1952 4753 2005 4804 in

432 4815 671 4872 editione
700 4819 943 4872 liotnana
985 4821 1242 4874 Daniclis.
1285 4821 1481 4874 Verqu
1508 4815 1619 4874 trits
1659 4824 1826 4874 nostri
1854 4823 2002 4875 codi-

433 4901 547 4957 ces,
563 4886 870 4954 Med.,Fnk.
890 4898 944 4942 et
962 4888 1148 4942 Savilti
1162 4893 1363 4944 diserte
1375 4892 1632 4957 scriptum
1659 4891 1878 4954 habent,
1896 4891 2008 4944 δου-

434 4955 705 5010 λεύουσιν.
752 4961 922 5022 Quatn
976 4960 1305 5028 scripturam
1338 4955 1626 5026 conﬁrmat
1677 4959 1927 5024 Ruﬁnus,
1958 4973 2006 5015 et

437 5043 614 5099 omnes
636 5029 836 5095 papuli,
871 5028 1060 5092 tribus,
1092 5031 1287 5099 lingula
1328 5030 1428 5098 ipsi
1463 5031 1712 5082 serviunt.
1738 5032 1829 5099 Sic
1863 5033 2004 5084 enim

436 5095 637 5165 legitur
667 5099 716 5150 in
753 5099 1124 5152 vetustissimo
1154 5095 1693 5154 codice'Parisiensis
1726 5098 2004 5166 Ecclesiae,

435 5182 543 5236 non
576 5179 633 5219 ut
655 5167 833 5233 vulgo,
861 5180 905 5219 et
934 5168 1130 5236 lingua:
1154 5171 1251 5234 ipsi
1281 5171 1521 5222 servient.

503 5235 615 5308 (49)
668 5235 1031 5309 Ἐν-οὶκεζοιςλ
1061 5239 1472 5309 ὑπομνήμασι.
1533 5239 1788 5309 lntelligit
1837 5239 2007 5295 libros

375 5351 379 5364 .
439 5303 522 5378 De
560 5303 858 5376 euangelica
903 5303 1394 5376 demonstratione,
1449 5323 1514 5363 ex
1574 5303 1770 5378 quibus
1817 5311 2004 5364 decem

379 5388 382 5394 λ
435 5375 780 5446 ιΙιιιιιειχιιιειιΙ
808 5393 904 5431 nos
929 5391 1316 5446 pervenerunt.
1348 5375 1402 5436 In
1427 5375 1799 5435 vetustissimo
1821 5382 2007 5434 codice

435 5444 574 5518 hlaz.
608 5444 940 5502 scltoliastcs‘
969 5450 1186 5517 quidam
1220 5461 1372 5503 notat
1428 5451 1516 5503 hic
1563 5451 1787 5518 intelligi
1839 5451 2007 5504 libros

429 5513 522 5590 De
544 5519 929 5590 pra'paratione
969 5513 1014 5590 et
1051 5521 1498 5572 demonstratione
1529 5513 1829 5589 evangelica
1858 5538 1867 5567 ;
1902 5521 2008 5590 Ση-

430 5584 768 5667 μείωσαιδτι
801 5587 1015 5667 ῥπομνή
1026 5605 1168 5667 ματα
1199 5590 1294 5667 τῂν
1311 5584 1752 5667 ῌΕὺαγτελιξίὴν
1783 5584 2010 5667 προστά-

427 5659 739 5725 ρασκευὴν
770 5659 931 5712 αὐτοῦ
974 5659 1068 5710 καὶ
1089 5659 1399 5725 ἀπόδειξιν
1432 5663 1607 5724 καλεῖ,
1638 5662 1690 5713 id
1724 5674 1832 5724 est,
1865 5660 1910 5713 Ν
1921 5672 2008 5713 ota

427 5727 567 5797 quod
606 5731 1010 5784 commentarios
1043 5742 1207 5796 vocat,
1231 5734 1393 5786 libros
1421 5748 1546 5786 suos
1581 5751 1598 5784 ι
1627 5731 1701 5786 De
1729 5747 2006 5801 prwpara-

2646 2603 3042 2660 ΚΕΦΑΛΑῘΟΝ
3091 2603 3165 2656 Γ⁹.

2116 2699 2211 2764 Ὠς
2247 2697 2342 2751 καὶ
2390 2695 2459 2750 τὸ
2514 2696 2707 2764 Ἰησοῦ
2757 2697 2964 2765 ὄνομα,
3007 2693 3114 2765 λκαὶ
3155 2690 3301 2746 αὐτὸ
3329 2689 3427 2765 -ὃῂ
3460 2689 3536 2765 τὸ.
3580 2687 3703 2742 τοῦ

2176 2760 2456 2834 Χριστοῦ,
2510 2760 2779 2835 ἕῇνωστό
2806 2760 2875 2819 τέ
2910 2761 3344 2835 ἀνέκαθεν-καὶ
3381 2760 3704 2835 ᾖτε-τίμητο

2171 2827 2330 2905 παρὰ
2352 2827 2474 2902 τοῖς
2492 2827 2836 2901 θεσπεσίοις
2853 2834 3180 2902 προφήταις
3199 2830 3338 2897 (Nic.
3371 2830 3442 2883 Η.
3463 2827 3509 2881 Ε
3516 2827 3597 2892 .t,
3613 2829 3699 2897 4).

2179 2929 2300 2982 Ὀτι
2349 2928 2405 2981 δὲ
2443 2928 2538 2982 καὶ
2577 2927 2706 2982 αὐτὸ
2743 2926 2982 2998 τοῦνομα
3013 2925 3123 2997 (51)
3152 2923 3243 2978 τοῦ
3283 2939 3344 2976 τε
3383 2921 3554 2992 Ἰησοῦ
3600 2922 3703 2974 καὶ

2110 3018 2175 3090 δη
2213 3019 2307 3072 καὶ
2336 3019 2398 3071 τὸ
2427 3018 2520 3071 τοῦ
2556 3017 2789 3090 Χριστοῦ
2824 3019 2953 3088 παρ’
2996 3017 3176 3078 αὐτοῖς
3217 3016 3326 3078 τοῖς
3361 3012 3526 3068 πάλαι
3571 3011 3702 3064 θεο-

2107 3112 2285 3182 φιλέσι
2319 3112 2624 3184 προφήταις
2655 3109 2962 3180 ἐτετίμητο,
2995 3107 3094 3180 ἤδη
3128 3107 3316 3178 καιρὸς
3361 3101 3698 3158 ἀποδεικνύ-

2117 3225 2254 3276 tione
2289 3239 2352 3274 ac
2385 3221 2598 3275 demons
2623 3221 2856 3274 tratione
2880 3220 3205 3288 erangelica.
3269 3218 3534 3272 Caeterum
3576 3220 3699 3272 haec

2116 3293 2332 3348 Eusebii
2363 3291 2732 3345 Ecclesiastica
2767 3289 3010 3343 Historia
3037 3298 3184 3342 tanto
3219 3289 3375 3343 nobis
3409 3303 3699 3341 commen-

2116 3363 2291 3417 datior
2315 3376 2435 3416 esse
2461 3362 2638 3423 debet,
2667 3361 2808 3428 quod
2844 3368 2962 3427 post
2998 3360 3214 3428 reliqua
3238 3359 3354 3413 fere
3378 3357 3492 3428 eius
3519 3373 3695 3426 opera

2114 3441 2341 3486 exarata
2379 3439 2482 3493 est,
2542 3426 2789 3497 atleoitue
2822 3426 2944 3496 post
2977 3429 3142 3483 libros
3177 3426 3694 3495 Chronologicorum

2115 3517 2394 3565 canonum,
2446 3509 2505 3552 ut
2550 3500 2662 3567 ipse
2714 3499 2981 3553 Eusebius
3010 3514 3169 3567 supra
3227 3509 3452 3567 testatus
3480 3505 3582 3550 est.
3619 3497 3694 3549 At

2115 3570 2430 3626 Blondellus
2474 3569 2526 3622 in
2559 3566 2814 3638 Apologia
2851 3584 2947 3636 pro
2972 3566 3243 3638 sententia
3268 3568 3325 3620 Β.
3359 3566 3685 3638 liieronytni

2116 3641 2186 3695 de
2215 3639 2482 3708 episcopis
2520 3647 2574 3691 et
2600 3636 2954 3706 presbyteris,
2980 3653 3104 3708 cap.
3127 3637 3399 3708 l9,libros
3432 3636 3502 3688 De
3531 3651 3693 3689 tann-

2115 3707 2283 3780 gelica
2338 3708 2785 3780 demonstratione
2851 3707 3211 3780 ah__Eusebio
3280 3709 3691 3780 scriptos_esse

2118 3774 2300 3833 censet
2332 3787 2451 3846 post
2479 3778 2903 3830 Ecclesiasticam
2935 3776 3248 3832 Historiam.
3277 3776 3484 3844 Quippe
3507 3774 3688 3846 Ense-

2121 3850 2264 3911 bius,
2295 3845 2487 3916 inquit,
2526 3847 2578 3899 in
2611 3845 2747 3898 libro
2773 3861 2854 3916 vr
2877 3847 2950 3899 I)e
2971 3848 3430 3916 demonstratione,
3448 3845 3684 3916 capqiﬁ,

2121 3914 2414 3971 Historiam
2450 3932 2602 3970 suam
2634 3916 2788 3970 citat.
2833 3915 2937 3969 Sed
2971 3915 3301 3968 Blundellunt
3328 3916 3538 3980 dect-pit
3569 3914 3686 3968 La-

2124 3988 2233 4040 tina
2264 3985 2662 4054 interpretatio,
2693 4000 2810 4052 qua:
2833 3988 2910 4038 sic
2935 3987 3130 4039 habet:
3156 3984 3306 4050 Quod
3328 3986 3372 4037 si
3394 3985 3684 4054 quidquam

2116 4066 2295 4110 nostra
2319 4071 2520 4124 quoque
2549 4055 2770 4107 historia
2794 4056 2944 4117 valet,
2977 4057 3167 4107 nostris
3207 4055 3438 4121 ipsarum
3477 4067 3682 4120 tempo-

2113 4128 2257 4179 ribus
2285 4127 2433 4178 illam
2458 4125 2745 4192 antiquitus
2777 4124 3090 4177 celebratam
3121 4124 3246 4178 Sion
3282 4125 3486 4194 junctis
3516 4125 3683 4194 bobus

2110 4213 2142 4248 α
2179 4195 2427 4248 Romanis
2467 4195 2590 4246 viris
2608 4195 2774 4257 arari,
2801 4193 2964 4246 oculis
2985 4199 3175 4248 nostris
3202 4193 3549 4260 inspeximus.
3574 4193 3681 4243 Vc—

2113 4281 2230 4319 rutu
2251 4266 2403 4332 longe
2421 4264 2562 4332 aliud
2577 4275 2771 4316 sonant
2795 4263 2982 4317 Grazca
3004 4263 3219 4318 Eusebii
3252 4265 3428 4320 verba.
3453 4279 3570 4330 qua:
3590 4264 3680 4316 hic

2109 4331 2554 4402 ροιιιιηιεΕἱγοῦν
2582 4350 2636 4385 τι
2661 4332 2880 4386 δύναται
2917 4333 3011 4385 καὶ
3047 4333 3286 4402 ἡμετέρα
3308 4333 3534 4403 ἱστορία,
3549 4332 3678 4403 καθ’

2106 4406 2254 4474 ἡμᾶς
2286 4401 2482 4474 αὐτοὺς
2501 4403 2600 4474 τὴν
2623 4403 2794 4474 πῷαι
2826 4401 3270 4474 βοωμὲνηνΣιὼν
3302 4401 3520 4470 ζεύγεσι
3538 4401 3679 4474 βοῴν

2108 4471 2212 4527 ὑπὸ
2247 4472 2532 4544 Ῥῳμαίων
2547 4471 2754 4544 ἀνδρῶν
2773 4471 3077 4544 ἀρουμένην
3109 4472 3403 4544 ὀφθαλμοῖς
3423 4471 3680 4544 προειλή-

2107 4561 2303 4615 φαμεν.
2328 4541 2382 4595 ιιι
2412 4556 2492 4597 est
2522 4561 2552 4615 :7
2575 4541 2727 4615 Quod
2748 4547 2792 4596 si
2811 4541 3057 4615 nostrum
3089 4541 3296 4613 quoque
3317 4541 3676 4615 testiinonium

2108 4612 2312 4684 aliquid
2340 4614 2583 4684 ponderis
2604 4614 2777 4677 habet,
2815 4612 3030 4668 Sionem
3065 4612 3368 4684 illanihqute
3399 4613 3523 4684 olim
3563 4622 3679 4684 tau-

2107 4681 2282 4751 toPere
2311 4681 2571 4736 celebrata
2610 4693 2706 4746 est,
2735 4694 2889 4736 wtale
2923 4695 3100 4735 nostra
3131 4701 3160 4735 a
3206 4681 3457 4735 Romanis
3502 4683 3672 4746 arari,

2107 4756 2233 4816 ipsis
2268 4753 2430 4807 oculis
2451 4754 2642 4806 nostris
2678 4753 2924 4806 vidimus.
2960 4751 3118 4806 Vides
3153 4753 3435 4806 Eusebium
3473 4766 3576 4802 non
3605 4753 3675 4803 du

2110 4822 2350 4877 Historia
2394 4838 2490 4875 sua
2540 4822 2706 4888 loqui.
2755 4822 2891 4894 Nam
2965 4822 3175 4894 ἱστορία
3241 4837 3306 4874 eo
3361 4820 3481 4875 loco
3540 4821 3677 4874 nihil

2109 4895 2254 4948 aliud
2293 4902 2376 4945 est
2410 4908 2570 4960 quam
2605 4893 2974 4945 testimonium
3017 4893 3320 4945 oculorum.

2179 4963 2286 5030 (50)
2304 4959 2675 5030 Προφητικὰς
2696 4961 2968 5031 ἐκλογάς.
2987 4960 3076 5015 Sic
3097 4962 3309 5015 codices
3334 4959 3493 5025 Maz.,
3512 4959 3674 5026 Med.,

2107 5033 2304 5089 Fuk.et
2347 5033 2518 5086 Savil.
2550 5041 2807 5100 scrtptuut
2847 5034 3062 5102 habent,
3102 5043 3287 5102 recte,
3319 5032 3462 5084 Editi
3504 5047 3672 5102 προφ.

2107 5103 2371 5165 ἐκδόσεις.
2411 5103 2501 5154 Sic
2534 5112 2710 5154 autem
2758 5113 2918 5155 vocat
2967 5101 3227 5155 Eusebius
3276 5101 3424 5153 locos
3486 5101 3677 5155 ext-er-

2108 5185 2232 5244 ptos
2274 5175 2340 5244 de
2387 5172 2540 5224 libris
2576 5173 3000 5244 prophetarum,
3043 5172 3097 5224 in
3147 5171 3566 5244 quibusqagitnr
3612 5173 3677 5224 de

2109 5241 2392 5296 i'ocatione
2445 5242 2682 5309 gentium
2729 5250 2783 5293 et
2821 5243 2887 5294 de
2936 5242 3166 5294 adventu
3241 5242 3467 5294 Christi.
3517 5241 3677 5294 Certe

2111 5313 2166 5367 in
2200 5311 2352 5366 libris
2401 5309 2870 5363 Demonstrationis
2911 5311 3042 5362 nihil
3081 5311 3225 5363 aliud
3260 5311 3368 5376 agit
3415 5310 3676 5364 Eusebius

2110 5397 2270 5452 quam
2311 5389 2370 5434 ut.
2403 5380 2708 5452 testimonia
2739 5381 3146 5452 prophetarum
3192 5395 3257 5434 ex
3303 5395 3486 5434 eorum
3528 5379 3679 5452 libris

2114 5449 2625 5521 colligataQuibus
2703 5449 2914 5521 deinde
2993 5450 3301 5503 uberiorem
3383 5450 3677 5518 expositio-

2115 5519 2330 5575 netu'ac
2361 5519 2874 5574 demonstratiOuent
2911 5521 3248 5589 adjecmrunt
3297 5534 3356 5572 se
3389 5535 3509 5572 esse
3555 5535 3679 5589 pro-

2113 5591 2300 5645 mittit.
2329 5590 2383 5643 In
2421 5591 2685 5658 protentio
2718 5590 2838 5642 libri
2887 5587 3105 5643 secundi
3144 5600 3298 5645 vocat
3324 5589 3421 5652 τὰς
3463 5591 3528 5641 ἐκ
3573 5587 3680 5641 τῶν

2112 5660 2464 5736 πρρφητξξῶν
2491 5659 2679 5736 sevit?
2712 5660 3034 5736 μερῖυρίες-

2185 5727 2298 5801 (51)
2341 5733 2461 5785 Ὅτι
2485 5727 2553 5784 δὲ
2575 5731 2670 5784 καὶ
2698 5727 2844 5785 αὐτὸ
2876 5727 3153 5800 τοῦνομα.
3180 5728 3237 5785 In
3267 5729 3453 5786 codice
3480 5727 3676 5783 Blazar.
