3966 6264
272 319 339 379 69
1300 318 1655 379 HISTORIA
1692 319 2252 383 ECCLESIASTICE
2291 320 2420 378 LIB.
2460 320 2504 378 ι.
3464 328 3534 385 70

264 460 369 499 ναι.
394 438 593 495 Σεπτδν
625 438 705 505 ὡς
744 438 831 495 ἔνι
870 443 1108 515 μάλιστα
1139 443 1235 498 καὶ
1266 444 1476 510 ἔνδοξον
1508 445 1569 499 τὸ
1595 446 1690 500 τοῦ
1719 448 1844 519 Χρι-

1959 447 2173 504 damus.
2199 445 2416 503 Primus
2450 447 2567 519 ipse
2585 444 2799 519 Moyses
2827 462 2951 503 cum
2982 462 3178 505 nomen
3216 448 3417 505 Christi
3436 464 3535 506 au-

268 533 388 590 στοῦ
423 532 592 604 ὄνομα
616 532 844 604 πρῶτος
879 536 1043 600 αὐτὸς
1073 535 1346 608 γνωρίσας
1367 539 1627 609 Μωῦσῆς,
1650 540 1855 604 τύπους

266 625 523 699 οὐρανίων
572 626 668 679 καὶ
739 627 1013 696 σύμϐολα,
1076 629 1473 700 μυστηριώδεις
1524 646 1584 682 τε
1640 631 1855 694 εἰκόνας

266 718 568 783 ἀκολούθως
620 722 863 794 χρησμῷ
910 724 1142 794 φήσαντι
1203 721 1389 793 αὐτῷ’
1441 741 1459 774 ι
1497 724 1658 793 Ὅρα,
1702 724 1857 794 ποιή-

264 831 374 877 σεις
406 813 590 867 πάντα
625 816 771 870 κατὰ
815 816 909 870 τὸν
942 816 1111 869 τύπον
1150 815 1242 869 τὸν
1269 815 1545 888 δειχθέντα
1580 835 1660 871 σοι
1688 818 1747 871 ἐν
1779 817 1856 889 τῷ

260 907 369 978 ὄρει
389 923 402 936 ·
431 927 452 959 ι
493 910 844 980 παραδιδοὺς,
885 911 1169 982 Ἀρχιερέα
1186 911 1342 977 Θεοῦ,
1367 912 1442 975 ὡς
1467 912 1593 983 ἐνῆν
1623 912 1857 984 μάλιστα

257 995 505 1061 δυνατὸν,
530 997 821 1071 ἄνθρωπον
854 1001 1216 1072 ἐπιφημίσας,
1249 1001 1438 1056 τοῦτον
1466 1003 1698 1074 Χριστὸν
1721 1004 1854 1056 ἀνα-

257 1089 500 1158 γορεύει.
538 1091 654 1144 Καὶ
696 1091 871 1165 ταύτῃ
902 1110 965 1162 γε
1015 1096 1081 1165 τῇ
1118 1094 1259 1148 κατὰ
1300 1095 1403 1165 τὴν
1446 1094 1855 1167 ἀρχιερωσύνην

256 1180 401 1251 ἀξίᾳ,
440 1184 628 1236 πᾶσαν
650 1184 1063 1258 ὑπερϐαλλούσῃ
1093 1186 1223 1258 παρ’
1257 1185 1406 1256 αὑτῷ
1433 1187 1530 1258 τὴν
1558 1189 1615 1241 ὲν
1649 1185 1856 1257 ἀνθρώ-

255 1288 378 1335 ποις
413 1274 742 1347 προεδρίαν,
800 1277 893 1329 ἐπὶ
934 1281 1068 1349 τιμῇ
1106 1279 1201 1331 καὶ
1234 1277 1361 1351 δόξῃ
1391 1278 1453 1331 τὸ
1490 1276 1581 1331 τοῦ
1620 1279 1854 1350 Χριστοῦ

255 1365 615 1437 περιτίθησιν
653 1368 845 1438 ὄνομα.
882 1368 1068 1433 Οὕτως
1094 1370 1202 1441 ἄρα
1231 1369 1322 1424 τὸν
1365 1370 1598 1441 Χριστὸν
1628 1369 1767 1424 θεῖόν
1802 1389 1855 1424 τι

254 1456 445 1526 χρῆμα
477 1458 768 1527 ἠπίστατο.
784 1458 845 1512 '0
869 1459 913 1511 δ’
939 1460 1101 1523 αὐτὸς
1122 1461 1215 1513 καὶ
1233 1460 1331 1532 τὴν
1354 1461 1449 1514 τοῦ
1483 1460 1657 1533 Ἰησοῦ
1687 1477 1856 1533 προσ-

260 1549 499 1619 ηγορίαν
566 1546 653 1607 εὖι
682 1551 826 1622 μάλα
874 1552 1154 1624 Πνεύματι
1206 1553 1335 1624 θείῳ
1368 1552 1621 1625 προϊδὼν,
1692 1553 1854 1607 πάλιν

252 1641 402 1705 τινὸς
434 1643 726 1714 ἐξαιρέτου
760 1646 1062 1716 προνομίας
1085 1647 1181 1699 καὶ
1220 1646 1424 1717 ταύτην
1458 1646 1617 1713 ἀξιοῖ.
1645 1644 1855 1699 Οὔποτε

255 1732 388 1801 γοῦν
467 1736 738 1808 πρότερον
790 1736 1103 1808 ὲκφωνηθὲν
1158 1738 1240 1801 εἰς
1283 1736 1623 1810 ἀνθρώπους,
1686 1737 1853 1810 πρινὴ

1961 550 2181 613 gustum
2214 541 2268 595 in
2314 541 2504 611 primis
2550 549 2605 595 et
2639 542 2933 610 gloriosum
2979 556 3097 596 esse
3146 543 3532 610 cognovisset,

1961 635 2115 704 signa
2145 649 2328 689 rerum
2378 632 2689 688 caelestium
2721 644 2776 687 et
2810 634 3067 704 mysticas
3116 633 3377 705 imagines
3423 649 3534 688 tra-

1962 724 2095 779 dens
2124 738 2188 779 ex
2224 735 2493 794 praecepto
2524 723 2667 778 illius
2699 725 2901 779 oraculi
2939 726 2981 755 ιο
3012 743 3026 780 :
3063 744 3081 778 ι
3122 725 3309 782 Facies
3350 729 3531 780 omnia

1956 815 2113 885 juxta
2144 814 2372 885 ﬁguram
2406 831 2527 886 quae
2572 816 2668 871 tibi
2699 817 2751 871 in
2784 826 2965 871 monte
3007 828 3306 871 monstrata
3338 826 3423 871 est
3454 831 3476 883 ς
3507 835 3529 869 ι

1965 909 2240 964 hominem
2276 924 2435 978 quem
2488 910 2645 978 ipse,
2693 918 2950 979 quantum
3001 911 3213 964 mortali
3260 910 3338 964 l’as
3375 918 3533 976 erat,

1963 1011 2237 1053 summum
2275 997 2368 1052 Dei
2413 997 2763 1054 Sacerdotem
2792 1009 3223 1069 nuncupaverat,
3255 1000 3533 1054 Christum

1962 1088 2198 1143 vocavit.
2235 1088 2413 1159 Atque
2442 1091 2544 1145 hoc
2580 1090 2744 1145 modo
2785 1091 2983 1145 summi
3030 1091 3320 1147 sacerdotii
3355 1092 3536 1162 digiti-

1964 1181 2083 1246 tati,
2112 1197 2235 1251 qua:
2263 1183 2433 1253 ipsius
2467 1185 2683 1253 quidem
2715 1183 2917 1251 judicio
2947 1199 3162 1239 omnem
3190 1184 3332 1238 inter
3357 1184 3535 1239 horni-

1962 1289 2061 1329 ncs
2110 1274 2332 1330 honoris
2381 1278 2795 1347 prmrogativam
2849 1277 3184 1346 superabat,
3223 1277 3444 1332 honoris
3476 1287 3534 1333 et

1962 1365 2149 1437 gloria:
2172 1382 2334 1423 causa
2361 1367 2561 1424 Christi
2593 1385 2787 1425 nomen
2823 1370 3097 1440 imposuit.
3119 1369 3264 1424 Adeo
3296 1370 3348 1424 in
3372 1371 3532 1425 Chri-

1964 1466 2050 1512 sto
2088 1457 2330 1513 divinum
2380 1459 2509 1528 quid
2555 1460 2777 1516 subesse
2812 1462 3166 1530 intelligebat.
3216 1461 3357 1515 Idem
3405 1478 3529 1517 cum

1960 1549 2146 1604 divino
2177 1549 2388 1605 amatus
2434 1552 2639 1621 Spiritu
2694 1569 2889 1609 nomen
2942 1552 3067 1608 Jesu
3114 1554 3314 1624 optime
3346 1556 3531 1623 praevi-

1960 1641 2152 1709 disset,
2178 1643 2379 1697 eximio
2403 1643 2635 1713 quodam
2674 1644 2955 1715 privilegio
2987 1660 3176 1699 rursus
3208 1644 3338 1699 illud
3369 1660 3532 1700 orna-

1960 1735 2058 1790 vit.
2092 1733 2207 1790 Hoc
2232 1735 2378 1790 enim
2423 1737 2746 1792 vocabulum
2778 1739 2921 1807 quod
2953 1748 3078 1792 ante
3114 1739 3283 1809 ipsius
3311 1750 3527 1794 aetatem

254 1826 502 1880 Μωῦσέα
533 1827 845 1901 γνωσθῆναι
886 1828 1022 1900 (52),
1057 1829 1119 1882 τὸ
1162 1830 1256 1883 τοῦ
1318 1828 1491 1899 Ἰησοῦ
1541 1830 1844 1903 πρόσρημαἸ

1962 1841 2237 1896 numquam
2293 1827 2437 1881 inter
2486 1827 2736 1884 homines
2782 1829 3048 1900 prolatum
3088 1828 3299 1895 fuerat,
3352 1831 3529 1901 primo

251 1920 427 1989 τούτῳ
461 1920 709 1990 Μωῦσῆς
734 1918 936 1992 πρώτῳ
968 1922 1062 1975 καὶ
1097 1921 1243 1993 μόνῳ
1256 1922 1615 1993 περιτίθησιν,
1640 1922 1699 1976 ὃν
1716 1921 1858 1976 κατά

252 2010 424 2064 τύπον
463 2007 628 2076 αὖθις
655 2013 749 2066 καὶ¹
775 2013 1040 2084 σύμϐολον
1072 2014 1213 2083 ἔγνω
1245 2017 1384 2086 μετά
1418 2014 1516 2087 τὴν
1546 2013 1711 2068 αὐτοῦ
1763 2031 1853 2067 τε-

253 2104 448 2175 λευτὴν
494 2105 875 2179 διαδεξόμενον
920 2107 1019 2179 τὴν
1071 2108 1212 2161 κατὰ
1270 2108 1487 2162 πάντων
1533 2109 1730 2178 ἀρχήν.
1775 2107 1851 2160 Ού

256 2195 526 2267 πρότερον
566 2198 698 2265 γοῦν
731 2196 823 2250 τὸν
846 2197 1011 2250 αὐτοῦ
1044 2197 1287 2269 διάδοχον
1316 2203 1382 2271 τῇ
1411 2200 1504 2254 τοῦ
1552 2200 1723 2273 Ἰησοῦ
1757 2217 1853 2253 κε-

262 2288 551 2361 χρημένον
576 2290 940 2362 προσηγορίᾳ,
997 2290 1218 2362 ὀνόματι
1273 2293 1328 2346 δὲ
1378 2293 1548 2365 ἑτέρῳ
1586 2293 1663 2365 τῷ
1700 2294 1849 2366 Αὑσῇ

258 2380 392 2451 (55),
422 2382 565 2452 ὅπερ
590 2384 641 2434 οἱ
687 2383 1051 2452 γεννήσαντες
1086 2382 1236 2454 αὐτῷ
1264 2383 1553 2450 τέθεινται,
1581 2382 1850 2458 καλούμε-

259 2490 366 2537 νον,
411 2472 624 2544 Ἰησοῦν
652 2473 815 2537 αὐτὸς
845 2473 1191 2545 ἀναγορεύει,
1234 2475 1401 2548 γέρας
1443 2474 1634 2549 ὥσπερ
1670 2478 1851 2548 τίμιον

257 2563 459 2627 παντὸς
487 2564 626 2617 πολὺ
658 2563 841 2634 μεῖξον
892 2563 1171 2633 βασιλικοῦ
1218 2565 1567 2638 διαδήματος,
1602 2566 1847 2639 τοῦνομα

257 2654 404 2725 αὐτῷ
436 2654 804 2727 δωρούμενος,
842 2655 924 2708 ὅτι
950 2656 1014 2726 δὴ
1042 2657 1136 2708 καὶ
1180 2656 1343 2720 αὐτὸς
1365 2660 1392 2711 ὁ
1419 2656 1513 2710 τοῦ
1561 2657 1851 2729 Ναυῆ,Ἰη-

258 2734 383 2808 σοῦς
408 2744 503 2797 τοῦ
529 2744 781 2817 Σωτῆρος
811 2745 967 2815 ἡμῶν
996 2744 1092 2817 τὴν
1117 2746 1301 2799 είκόνα
1342 2745 1527 2819 ἔφερε,
1555 2747 1648 2800 τοῦ
1686 2748 1848 2819 μόνου

259 2834 397 2905 μετά
465 2836 709 2889 Μωῦσέα
788 2835 884 2889 καὶ
954 2834 1018 2888 τὸ
1090 2820 1465 2909 συμπέρασμα
1510 2838 1609 2908 τῆς
1660 2839 1850 2911 ἐκείνῳ

255 2922 659 2999 παραδοθείσης
681 2927 791 2998 (54)
824 2927 1159 2998 συμϐολικῆς
1182 2928 1455 3000 λατρείας,
1485 2931 1587 3001 τῆς
1616 2931 1847 3004 ἀληθοῦς

254 3022 347 3074 καὶ
374 3020 783 3093 καθαρωτάτης
804 3019 1087 3085 εὐσεδείας
1116 3022 1214 3093 τὴν
1238 3024 1412 3095 ἀρχὴν
1443 3022 1843 3094 διαδεξαμένου.

251 3114 365 3170 Καὶ
396 3115 606 3185 Μωσῆς
660 3114 760 3185 μὲν
795 3113 968 3188 ταύτῃ
1000 3132 1075 3187 πη
1102 3115 1224 3169 δυσὶ
1257 3118 1368 3181 τοῖς
1392 3117 1512 3170 κατ’
1541 3116 1701 3170 αὑτὸν
1723 3118 1848 3188 ἀρε-

251 3210 317 3279 τῇ
351 3209 448 3261 καὶ
476 3208 606 3279 δόξῃ
657 3206 810 3279 παρὰ
844 3208 1021 3261 πάντα
1062 3208 1154 3261 τὸν
1183 3208 1312 3262 λαὸν
1346 3210 1710 3281 προφέρουσιν
1750 3210 1845 3262 ἀν-
1876 3192 1915 3247 C

254 3299 517 3371 θρώποις,
554 3298 634 3368 τῷ
666 3300 765 3370 μὲν
798 3300 1062 3372 ἀρχιερεῖ,
1094 3301 1178 3372 τῷ
1212 3301 1270 3354 δὲ
1308 3302 1422 3371 μετ’
1450 3300 1611 3355 αὐτὸν
1639 3303 1843 3372 ἡγησο-

255 3392 419 3463 μένῳ,
445 3392 548 3463 τὴν
568 3391 662 3446 τοῦ
689 3392 943 3462 Σωτῆρος
982 3392 1139 3464 ἡμῶν
1180 3392 1352 3463 Ἰησοῦ
1398 3392 1632 3465 Χριστοῦ
1679 3408 1849 3460 προσ-

247 3486 484 3559 ηγορίαν
508 3485 602 3539 ἐπὶ
624 3488 757 3556 τιμῇ
792 3488 858 3557 τῇ
894 3488 1125 3558 μεγίστῃ
1154 3485 1538 3556 περιτέθειται.
1562 3484 1763 3554 Σαφῶς
1784 3484 1844 3537 δὲ

249 3582 343 3634 καὶ
376 3583 426 3633 oi
483 3580 625 3650 μετά
671 3580 843 3634 ταῦτα
884 3580 1181 3651 προφῆται,
1207 3579 1465 3650 ὀνομαστὶ
1494 3579 1583 3632 τὸν
1611 3577 1845 3650 Χριστὸν

249 3672 678 3745 προανεφώνουν
749 3674 884 3745 (55),
940 3673 1074 3745 ὁμοῦ
1142 3674 1241 3743 τὴν
1293 3672 1588 3744 μέλλουσαν
1629 3670 1849 3725 ἔσεσθαι

248 3768 369 3819 κατ’
404 3766 577 3819 αὐτοῦ
602 3766 872 3838 συσκευὴν
900 3766 995 3819 τοῦ
1032 3765 1303 3819 Ἰουδαίων
1323 3764 1474 3829 λαοῦ,
1500 3764 1636 3835 ὁμοῦ
1662 3764 1720 3817 δὲ
1749 3764 1845 3817 καὶ

247 3859 346 3931 τὴν
401 3859 517 3912 τῶν
556 3858 728 3912 ἐθνῶν
758 3859 824 3912 δι’
861 3859 1024 3912 αὐτοῦ
1072 3859 1267 3929 κλῆσιν
1307 3858 1839 3930 προμαρτυρόμενοι.

248 3954 381 4007 Terre
422 3953 524 4024 μὲν
548 3948 653 4008 ὧδέ
694 3972 812 4017 πως
851 3954 1118 4024 Ἱερεμίας
1146 3952 1351 4021 λέγων·
1392 3971 1411 4003 ι
1464 3950 1688 4020 Πνεῦμα
1734 3949 1841 4021 πρὸ

249 4046 550 4116 προσώπου
585 4045 742 4117 ἡμῶν
768 4045 1000 4115 Χριστὸς
1034 4044 1258 4116 Κύριος,
1292 4039 1599 4112 συνελήφθη
1632 4042 1689 4093 ἐν
1720 4042 1840 4102 ταῖς

250 4137 575 4209 διαφθοραῖς
602 4137 814 4192 αὐτῶν·
850 4133 909 4192 οὗ
938 4136 1171 4207 εἴπαμεν
1199 4137 1256 4189 ὲν
1283 4138 1349 4206 τῇ
1388 4135 1515 4205 σκιᾷ
1548 4131 1711 4186 αὐτοῦ
1739 4130 1839 4202 ζη-

332 4233 379 4265 ¹⁶
413 4233 585 4287 Exod.
617 4250 745 4288 xxv.
784 4235 826 4265 ¹¹
863 4232 1064 4287 Thren.
1099 4248 1170 4288 tv.
1250 4231 1293 4262 “
1320 4230 1461 4286 Psal.
1488 4246 1526 4284 ι.

252 4341 303 4386 et
336 4329 476 4386 Fuk.
506 4330 653 4384 trulla
693 4331 784 4385 hic
837 4330 896 4383 ﬁt
942 4328 1066 4383 novi
1126 4327 1319 4397 capitis
1365 4324 1663 4381 distinctio.
1699 4323 1833 4397 Nam

254 4412 416 4467 caput
467 4402 503 4455 5
550 4402 721 4454 multo
780 4413 904 4453 ante
956 4399 1257 4467 incipiunt,
1310 4406 1364 4449 ut
1418 4412 1576 4467 supra
1628 4396 1830 4451 notavi.

1958 1915 2165 1985 solique
2200 1917 2397 1971 indidit
2423 1918 2470 1973 ei
2501 1957 2517 1983 ,
2548 1934 2709 1988 quem
2731 1917 2884 1986 juxta
2919 1919 3145 1990 ﬁguram
3171 1930 3229 1975 et
3255 1921 3529 1991 signiﬁca-

1956 2008 2159 2063 tionem
2198 2023 2453 2091 arcanam
2486 2010 2629 2068 illius
2679 2013 2917 2068 nominis
2941 2053 2956 2078 ,
3002 2022 3123 2083 post
3169 2028 3324 2067 suum
3355 2028 3385 2067 e
3415 2014 3527 2067 vita

1956 2100 2259 2159 discessum
2304 2104 2473 2157 totius
2500 2104 2712 2172 imperii
2748 2119 3119 2161 successorem
3146 2106 3381 2161 futurum
3409 2122 3527 2161 esse

1954 2204 2316 2264 prmnoverat.
2364 2194 2536 2261 Quem
2569 2196 2823 2263 quidem,
2853 2212 2974 2251 cum
3006 2208 3168 2251 antea
3205 2214 3309 2252 non
3343 2197 3525 2266 Iesus,

1954 2289 2049 2345 sed
2072 2287 2218 2343 Ause
2246 2287 2457 2342 inditoa
2475 2287 2789 2356 parentibus
2811 2288 3028 2342 nomine
3057 2300 3362 2356 vocaretur;
3387 2290 3529 2362 Moy-

1954 2397 2041 2438 ses
2075 2381 2259 2437 Jesum
2293 2380 2631 2435 nominavit:
2662 2380 2768 2436 hoc
2806 2380 3127 2440 vocabulum
3162 2382 3309 2436 velut
3344 2386 3527 2453 prazci-

1951 2490 2116 2546 puum
2164 2474 2389 2529 honoris
2427 2474 2657 2543 insigne,
2688 2473 2833 2528 omni
2877 2475 3025 2543 regio
3061 2473 3364 2530 diademate
3391 2490 3524 2543 pra:-

1953 2565 2191 2621 stantius
2218 2565 2271 2620 ei
2306 2565 2571 2631 tribuens,
2598 2580 2666 2619 eo
2690 2566 2835 2634 quod
2869 2566 3176 2620 Servatoris
3200 2566 3369 2620 nostri
3398 2567 3525 2619 ima-

1953 2658 2131 2728 ginem
2159 2658 2479 2722 exhiberet,
2506 2656 2600 2727 qui
2632 2668 2753 2726 post
2786 2656 2984 2711 Mosem
3013 2697 3027 2721 ,
3057 2668 3110 2712 et
3135 2667 3256 2726 post
3285 2659 3525 2727 comple-

1952 2762 2195 2808 mentum
2244 2751 2523 2821 religionis
2570 2752 2638 2805 ab
2690 2750 2880 2805 eodem
2936 2751 2990 2803 in
3031 2750 3217 2819 ﬁguris
3271 2753 3521 2818 traditaa,

1952 2845 2098 2900 solus
2160 2844 2212 2897 in
2247 2857 2389 2896 verae
2434 2852 2489 2896 et
2537 2843 2766 2896 sincerae
2807 2842 3024 2910 pietatis
3075 2841 3357 2909 imperium
3406 2854 3525 2897 erat

1951 2946 2328 2987 successurus.
2361 2932 2429 2983 Et
2464 2930 2674 2999 Moyses
2705 2930 2921 2999 quidem
2955 2932 3059 2985 hoc
3109 2932 3267 2985 modo
3316 2932 3525 2988 duobus

1951 3021 2085 3075 viris
2112 3022 2203 3090 qui
2248 3020 2338 3074 illa
2368 3030 2528 3074 aetate
2570 3034 2681 3088 pra:
2725 3021 2935 3075 caeteris
2962 3021 3215 3077 oninibus
3247 3024 3445 3077 virtute
3470 3032 3525 3076 et

1952 3114 2126 3185 gloria
2171 3112 2475 3179 ﬂorebant,
2506 3112 2661 3168 alteri
2713 3113 3021 3178 sacerdoti,
3057 3112 3212 3167 alteri
3251 3114 3371 3168 duci
3401 3126 3524 3183 post

1949 3208 2153 3260 exitum
2188 3221 2345 3259 suum
2374 3204 2557 3258 futuro
2582 3244 2598 3270 ,
2632 3205 2940 3259 Servatoris
2965 3206 3135 3259 nostri
3164 3203 3295 3259 Jesu
3321 3205 3520 3261 Christi

1951 3312 2171 3361 nomen,
2208 3297 2426 3350 maximi
2454 3296 2884 3363 honorisinstar,
2921 3297 3198 3366 imposuit.
3229 3298 3334 3353 Sed
3358 3309 3411 3353 et
3435 3314 3524 3354 se-

1950 3392 2063 3444 cuti
2099 3389 2356 3459 deinceps
2399 3393 2676 3459 prophetae
2723 3390 3083 3447 disertissime
3113 3402 3168 3446 et
3205 3391 3521 3446 nominatim

1951 3483 2224 3538 Christum
2256 3484 2779 3554 prarnttntiaverunt,
2812 3483 2972 3537 simul
3003 3494 3056 3538 et
3083 3483 3393 3539 .Iudzeorum
3426 3486 3523 3536 ad-

1951 3590 2139 3630 versus
2174 3577 2347 3646 ipsum
2385 3576 2609 3630 insidias
2633 3616 2648 3643 ,
2683 3587 2736 3630 et
2765 3577 3006 3646 gentium
3040 3592 3136 3645 per
3170 3576 3325 3629 illum
3353 3590 3519 3629 voea-

1954 3666 2154 3721 tionem
2190 3667 2357 3722 tnulto
2388 3680 2515 3723 ante
2546 3678 2823 3723 testantes.
2855 3667 3124 3722 Jeremias
3150 3667 3367 3737 quidem
3396 3683 3518 3722 cum

1946 3758 2031 3812 sic
2057 3759 2174 3813 ait:
2210 3776 2229 3810 ι
2284 3757 2520 3828 Spiritus
2564 3768 2687 3812 ante
2719 3758 2927 3811 vultum
2976 3768 3223 3811 nostrum
3272 3756 3521 3811 Christus

1949 3850 2211 3905 Dominus
2254 3851 2680 3919 comprehensus
2728 3859 2814 3905 est
2864 3850 2916 3903 in
2950 3850 3391 3918 corruptionibus
3424 3865 3522 3902 no-

1947 3942 2100 3997 stris.
2138 3941 2212 3998 De
2242 3957 2350 4013 quo
2394 3944 2630 3997 diximus
2662 3961 2675 3996 :
2707 3942 2763 3995 In
2811 3942 2999 3995 umbra
3048 3942 3165 4010 ejus
3194 3942 3436 3994 vivemus
3463 3940 3518 3994 in

1949 4036 2200 4107 gentibus
2234 4036 2300 4089 “.
2341 4054 2360 4088 ›
2391 4034 2558 4089 David
2592 4047 2718 4087 vero
2748 4042 2967 4101 stupore
2995 4032 3203 4085 deﬁxus
3231 4030 3299 4085 de
3326 4033 3516 4084 eodem

1946 4130 2061 4185 haec
2086 4130 2218 4185 dicit
2252 4129 2295 4160 “
2334 4149 2347 4185 ε
2385 4146 2403 4180 ι
2442 4127 2627 4194 Quare
2656 4125 2993 4180 fremuerunt
3021 4133 3210 4195 gentes
3236 4132 3290 4178 et
3337 4123 3519 4194 populi

1942 4320 2085 4389 filius
2130 4315 2288 4389 Nan,
2337 4324 2619 4389 antequam
2663 4315 2715 4389 ei
2755 4330 2803 4389 ag
2831 4312 2939 4389 Deo
2984 4310 3519 4389 vocabulumumuta-

1944 4381 2106 4445 retur.
2143 4388 2264 4441 Non
2299 4387 2433 4439 enim
2453 4381 2478 4450 ,’
2506 4396 2559 4437 ut
2608 4384 2743 4437 uirile
2788 4386 2839 4437 in
2879 4382 3078 4437 Grtecis
3125 4381 3391 4435 codicibus
3431 4382 3509 4435 le-

252 4454 446 4556 Codex.
469 4485 653 4556 autem
688 4470 971 4551 Mediczeus
998 4454 1079 4523 ab.
1106 4469 1193 4523 his
1233 4454 1413 4556 verbis
1456 4454 1671 4556 inchoat
1711 4480 1831 4534 cap.
1868 4501 1912 4556 Β
1941 4465 2184 4556 ρὶιιιηει,
2207 4456 2803 4556 ιιιιίηὲεἍΑἎεοῖηιίίεέηε
2835 4465 2933 4556 ξεί,
2960 4454 3507 4556 Ζιιρὶιίωιιὶίίιίιιριηηίρο

254 4543 305 4598 ι.
339 4541 447 4597 Sed
503 4542 638 4595 nihil
682 4543 886 4594 certius
919 4550 1003 4594 est
1048 4554 1211 4609 quam
1241 4539 1293 4592 id
1328 4538 1470 4606 quod
1516 4553 1675 4609 supra
1721 4552 1838 4591 Ino-

253 4615 368 4675 nui,
400 4614 469 4664 ah
504 4613 593 4667 his
627 4612 807 4665 verbis
836 4608 1198 4665 inchoandum
1230 4623 1351 4663 esse
1383 4616 1546 4678 caput
1574 4608 1640 4673 ‘5;
1672 4609 1839 4676 idque

254 4684 337 4738 vel
370 4683 563 4750 titulus
598 4683 713 4749 ipsc
744 4685 1094 4735 demonstrat.

324 4746 438 4823 (5i)
482 4746 671 4820 Πριιλὴ
702 4751 959 4805 Μωῦσέα
981 4748 1351 4823 γνωσθῆναι-,μ
1376 4747 1446 4823 In
1476 4746 1834 4823 codice_Mc_tI.

261 4819 604 4878 ac'Sa'vil.iet
636 4825 687 4876 in
720 4825 999 4876 veteribus
1034 4820 1249 4874 Si-heilis
1283 4820 1624 4873 bibliotheca:
1657 4819 1837 4888 Regia:

260 4896 516 4963 scriptum
572 4902 659 4948 est
707 4892 1092 4963 γνωρισθῆναι.
1145 4891 1216 4943 At
1270 4889 1542 4963 Musculns
1609 4891 1833 4942 verbum

260 4961 563 5034 γνωσθῆναι
596 4964 648 5016 in
677 4961 857 5018 activa
882 4961 1277 5034 signiﬁcatione
1306 4961 1519 5034 accepit
1547 4975 1643 5029 pro
1674 4963 1838 5034 srvio-

259 5031 423 5097 κέναι,
453 5031 600 5103 quod
635 5036 860 5088 omnino
896 5032 1168 5103 lerrinon
1210 5031 1610 5103 potestal’orro
1664 5032 1831 5103 nostri

260 5100 664 5170 codices—Max,
697 5104 836 5159 Med.
864 5120 926 5159 ac
956 5102 1091 5157 Fuk.
1121 5104 1386 5171 scriptum
1423 5102 1623 5155 habent
1642 5102 1770 5171 πρὶν
1797 5100 1829 5173 ἢ

263 5176 463 5229 duobus
496 5175 701 5229 verbis.

322 5246 428 5316 (53)
446 5246 713 5314 Ὀνόματι
734 5244 802 5298 δὲ
822 5244 998 5313 ἑτέρῳ
1019 5244 1099 5311 τῷ
1136 5244 1329 5313 Αὐσῇ.
1360 5241 1417 5296 In
1463 5239 1832 5316 vetustissimo

263 5311 585 5387 codicejltaz.
608 5319 710 5371 hoc
726 5311 986 5387 scholium
1006 5311 1304 5387 appositum
1329 5316 1493 5387 estad
1509 5311 1827 5387 marginem:

263 5381 558 5458 Σημείωσαι
586 5389 671 5441 ὅτι
702 5389 731 5439 ὁ
771 5386 863 5458 τοῦ
905 5381 1089 5458 Ναυῆ
1110 5385 1320 5458 Ἰησοῦς
1347 5384 1614 5458 ⁸πρότερον
1650 5381 1832 5458 Λύσης

265 5431 739 5520 ῖῶἓὶῖζίιῖὲὲιξ
780 5431 1093 5519 magna
1130 5431 1656 5523 32;;.'.'ﬁi':;.;1v;w.
1683 5431 1830 5523 prii};

270 5531 409 5583 Auscs
447 5531 760 5583 vocabatur.
804 5526 909 5581 Sed
950 5522 1398 5597 leerouymusin
1444 5532 1599 5597 caput
1647 5538 1662 5575 ι
1700 5522 1831 5575 Osee

267 5604 391 5655 notat
442 5603 588 5655 hunc
641 5614 767 5653 esse
824 5613 1069 5652 errorem
1120 5594 1363 5651 o'nminm
1417 5594 1667 5649 codicum
1718 5604 1826 5644 tam

261 5670 546 5729 Grtecorurn
613 5684 785 5735 quam
844 5667 1199 5729 Latinorum,
1242 5667 1330 5734 qui
1384 5666 1525 5717 Ante
1565 5665 1827 5735 scriptum

256 5744 430 5799 habent
458 5760 562 5813 pro
593 5732 756 5797 Osce.
790 5736 944 5813 Osee,
971 5740 1165 5807 inquit,
1198 5732 1468 5813 intingua
1498 5732 1829 5813 nostrani-

250 5802 470 5876 morem
518 5822 725 5876 sonat;
772 5802 1158 5879 quodam-neu
1217 5802 1400 5862 habuit
1439 5807 1596 5862 etiam
1665 5802 1828 5858 Josue

1942 4521 2313 4598 intelligitur:
2363 4528 2453 4579 sed
2507 4527 2666 4598 Os_ee,
2718 4527 2783 4598 id,
2821 4535 2906 4598 gest
2960 4521 3230 4598 Salvator.
3276 4521 3519 4598 ιξξθιιιιη-

1941 4591 2195 4657 Clemens
2244 4599 2295 4651 in
2347 4598 2482 4649 libro
2512 4613 2527 4650 ι
2561 4595 2991 4665 Recognitionum
3019 4609 3038 4647 :
3070 4593 3247 4661 Igitur
3286 4591 3516 4661 Moyses,

1941 4672 2138 4739 inquit,
2192 4669 2275 4721 his
2344 4667 2735 4739 administratis
2806 4669 2999 4739 Ausem
3066 4667 3381 4739 qiwnutunt_
3425 4679 3520 4715 no-

1939 4733 2081 4796 mine
2126 4733 2434 4809 pra’ponens
2479 4737 2693 4809 populo,
2738 4737 2827 4809 qui
2864 4752 2960 4809 eos,
3000 4745 3261 4787 revocaret
3294 4733 3381 4809 _(_1_d
3424 4748 3518 4798 pa-

1940 4814 2096 4866 triam
2125 4802 2342 4863 terram.
2371 4809 2461 4861 Sic
2479 4802 2888 4867 etLactautius,
2912 4804 2983 4857 lih
3033 4821 3106 4867 tv,
3135 4819 3253 4871 cap.
3287 4802 3371 4856 17.

2009 4881 2125 4953 (54)
2168 4879 2320 4953 ηΤῆίςί
2353 4879 2572 4953 ,ἐκείνῳ
2649 4875 3129 4953 παραδοθείσης..
3180 4874 3520 4953 Nicephorius

1937 4945 2227 5023 liabet'rﬁ;
2252 4945 2323 5004 δι’
2348 4950 2578 5017 ἐκείνου,
2616 4949 2901 5023 quomodo
2930 4948 3092 5023 etiam
3122 4946 3173 4997 in
3195 4945 3517 5023 quibusdam

1936 5026 2090 5079 libris
2127 5015 2195 5078 se'
2244 5015 2806 5092 reperisse_testatu_r_
2843 5018 3201 5092 Steplianus._
3230 5015 3320 5068 Sic
3360 5024 3519 5092 certe

1977 5097 2233 5150 rzel‘erunt
2274 5083 2448 5146 codex
2501 5090 2637 5144 Med.
2672 5099 2724 5143 et
2760 5087 2897 5141 Maz.
2941 5083 3069 5141 cum
3107 5083 3243 5141 Fnk.
3270 5094 3325 5139 et
3357 5086 3550 5144 Savi-,

1977 5113 2233 5150 rteteruut
2274 5113 2448 5146 couex
2501 5113 2637 5144 mcu.
2672 5113 2724 5143 Cl
2760 5113 2897 5141 tua!"
2947 5113 3069 5141 cum
3107 5113 3243 5141 run.
3270 5113 3325 5139 Cl.
3357 5113 3515 5138 ouu-

1936 5113 2099 5221 Iiano.
2147 5164 2346 5219 Parum
2397 5172 2571 5215 tamen
2608 5162 2833 5214 interest
2883 5167 3003 5212 utro
3052 5159 3209 5209 modo
3256 5156 3515 5224 legamus,

1934 5253 2057 5291 cum
2096 5237 2236 5289 idem
2272 5234 2342 5287 sit
2390 5233 2594 5293 dicere,
2641 5233 2815 5300 legem
2848 5226 3033 5282 datam
3065 5242 3188 5281 esse
3237 5226 3431 5296 Moysi,
3463 5232 3518 5277 et

1934 5309 2115 5361 datam
2148 5320 2267 5358 esse
2298 5319 2391 5371 per
2421 5302 2683 5368 Moysmn.
2875 5369 2885 5373 _
3113 5366 3126 5373 _
3226 5366 3238 5373 _
3315 5367 3325 5373 _
3464 5365 3476 5373 ἣ

2005 5378 2115 5448 (55)
2154 5374 2273 5448 _Tdr
2295 5366 2553 5448 Χριστὸν·
2583 5369 3067 5448 προ-ανεφώτςσυγ.
3112 5366 3188 5448 |_t_:t
3226 5366 3423 5448 legitur
3462 5366 3516 5418 in

1933 5437 2121 5503 codice
2150 5437 2405 5514 Regio'et
2448 5446 2499 5497 in
2542 5437 2817 5514 reici-ilius
2854 5441 3093 5514 schedis.
3128 5439 3322 5514 Verum
3371 5437 3511 5489 Mat.

1933 5522 2100 5572 codex
2134 5509 2258 5570 cuni
2312 5515 2450 5569 Med.
2483 5524 2537 5566 et
2583 5512 2719 5567 Fuk.
2754 5516 3020 5578 scriptum
3058 5509 3220 5561 habet
3248 5523 3513 5579 Απροανα-

1933 5589 2222 5658 φωνοῦσιν,
2262 5586 2405 5655 quod
2433 5587 2610 5658 magis
2646 5585 2833 5658 probo.
2864 5576 3147 5658 Sic-paulo
3180 5576 3329 5630 infra
3352 5580 3514 5658 iidem

1931 5648 2153 5714 codices
2186 5648 2385 5714 habent
2414 5653 2579 5709 Δαυτδ
2622 5648 2701 5718 ε’ξς
2733 5652 2793 5706 τὸ
2826 5651 2990 5706 αὑτοῦ
3042 5648 3335 5721 πρόσωπον
3379 5650 3511 5701 ἁνα-

1932 5748 2116 5803 φωνει.
