3966 6264
454 329 517 387 ἠ
1153 328 1419 384 ευεεηιι
1455 322 1930 381 (ἶΔΕΞΛΒΙΕΝΒΙΒ
1966 322 2011 380 0

2158 322 2340 380 PARS
2376 323 2417 378 l.
2457 354 2527 366 -—
2564 318 2957 379 HISTORICA.
3612 322 3689 377 ἹΞ

453 426 700 508 meditati
750 459 882 505 sunt
929 448 1169 504 inania?
1209 450 1511 504 Astiterunt
1565 462 1717 517 reges
1758 457 1916 502 teme
1957 457 2014 502 et

2119 446 2322 518 σόμεθα
2368 447 2427 500 ὲν
2458 448 2572 509 τοῖς
2624 444 2832 498 ἐθνεσι-
2864 462 2884 496 ι
2923 442 3045 498 τοτὲ
3075 443 3132 497 δὲ
3168 441 3462 515 ἀμηχανῶν
3499 440 3683 507 Auum,

452 542 727 615 principes
771 553 1141 596 convenerunt
1189 543 1241 594 in
1289 556 1493 602 uuqu,
1543 540 1803 594 adversus
1836 540 2013 594 Domi-

452 651 581 691 num
604 646 658 689 et
690 634 951 687 adversus
975 632 1251 687 Christum
1278 632 1420 699 ejus.
1452 649 1470 681 i
1491 629 1698 697 Quibus
1727 631 1842 685 haec
1866 632 2016 684 dein-

452 727 520 781 de
548 722 825 796 suhjuugit
854 739 919 777 ex
968 737 1198 791 persona
1242 720 1449 775 Christi
1481 737 1496 772 :
1537 736 1557 769 ι
1595 718 1853 774 Dominus
1882 717 2017 772 dixit

451 817 520 871 ad
550 831 633 871 me
669 834 683 868 :
709 814 878 869 l-‘ilius
905 828 1057 867 meus
1077 827 1136 866 es
1164 823 1217 864 tu
1249 826 1382 880 ,ego
1417 812 1574 866 hodie
1614 811 1773 881 genui
1810 819 1882 863 te.
1913 810 2016 864 Po-

452 906 592 961 stula
622 922 649 959 a
684 921 792 969 me,
822 918 879 960 et
911 904 1049 960 dabo
1085 905 1177 957 tihi
1210 904 1805 973 gentes‘haereditatetn
1844 910 2012 965 tuam,

449 1009 506 1054 et
537 1001 931 1069 possessionem
968 1009 1110 1052 tuam
1133 996 1398 1052 terminos
1426 1006 1603 1050 terrae.
1643 1013 1663 1048 ι
1682 993 1864 1064 Neque
1887 1009 2014 1048 vero

449 1088 549 1144 Soli
592 1090 784 1142 summi
817 1088 1159 1151 sacerdotes,
1191 1096 1377 1155 utpote
1419 1086 1515 1155 qui
1539 1084 1664 1139 oleo
1691 1084 1757 1138 ad
1797 1084 1848 1137 id
1878 1098 2016 1151 pra:-

452 1191 643 1249 parato
673 1182 854 1233 arcani
905 1181 1184 1248 cujusdam
1239 1178 1478 1250 mysterii
1535 1192 1700 1230 causa
1746 1191 2016 1248 ungeren-

453 1281 561 1335 tur,
588 1271 792 1325 Christi
825 1272 1040 1325 nomine
1069 1271 1409 1323 ornabantur
1432 1270 1573 1338 apud
1603 1268 1893 1332 Hebraeos;
1924 1283 2015 1320 ve-

452 1381 568 1418 rum
599 1364 761 1417 etiam
811 1376 1005 1431 reges,
1050 1376 1187 1430 quos
1238 1361 1516 1429 propheta:
1568 1361 1749 1414 divino
1808 1360 2012 1415 incitati

449 1454 653 1525 Spiritu
683 1470 802 1508 eum
838 1455 1116 1508 uuxisseut
1144 1494 1159 1520 ,
1193 1456 1397 1525 typicos
1429 1454 1686 1523 quosdam
1725 1466 1781 1509 et
1822 1456 2016 1509 adum-

447 1547 633 1602 bratos
671 1547 913 1600 Christus
945 1543 1278 1601 eﬂ‘eceruut:
1308 1546 1570 1616 siquidem
1596 1554 1651 1601 et
1694 1546 1798 1616 ipsi
1847 1546 2007 1613 regis!

454 1636 603 1689 illius
632 1636 909 1703 potestatis
939 1652 1001 1690 ac
1023 1635 1409 1690 dominationis
1454 1636 1545 1690 Dei
1574 1636 1756 1701 Verbi,
1800 1637 1889 1707 qui
1921 1653 2006 1692 so-

452 1727 539 1782 lus
572 1741 838 1796 verosque
865 1726 1116 1780 Christus
1143 1734 1228 1779 est
1251 1765 1266 1789 ,
1296 1725 1583 1795 imaginem
1604 1728 1679 1780 «in
1708 1728 2012 1798 semetipsis

2113 538 2201 592 διὰ
2231 537 2431 591 τούτων
2456 556 2469 568 ·
2526 555 2547 589 ι
2570 537 2686 590 Ἰνα
2722 535 2775 589 τί
2820 533 3094 607 ἐφρύαξαν
3131 532 3257 603 ἔθνη
3286 533 3379 586 καὶ
3400 531 3518 585 λαοὶ
3549 532 3686 603 ἔμεν

2111 629 2342 700 λέτησαν
2370 629 2501 684 κενά
2519 647 2532 660 ’
2576 629 2925 701 παρέστησαν
2956 629 3004 680 οί
3034 625 3272 698 βασιλεῖς
3303 626 3401 696 τῆς
3431 626 3554 696 γῆς,
3587 624 3685 678 καὶ

2110 723 2162 775 οἱ
2190 722 2446 793 ἄρχοντες
2477 720 2819 792 συνήχθησαν
2849 719 2941 773 ἐπὶ
2986 719 3048 772 τὸ
3088 718 3237 781 αύτὺ,
3278 716 3417 771 κατὰ
3445 716 3539 769 τοῦ
3571 718 3687 769 Κυ-

2116 815 2231 886 ρίου
2255 815 2349 868 καὶ
2380 814 2521 868 κατὰ
2555 814 2650 867 τοῦ
2697 813 2933 887 Χριστοῦ
2960 811 3124 866 αὐτοῦ
3151 828 3165 875 ;
3204 830 3224 862 ι
3261 808 3355 874 Οἷς
3384 809 3512 880 ἑξῆς
3561 811 3687 862 ἐπι-

2111 905 2257 976 λέγει
2292 905 2351 971 ὲξ
2384 905 2546 959 αὐτοῦ
2572 906 2636 976 δὴ
2665 905 2955 977 προσώπου
2990 903 3084 957 τοῦ
3122 901 3386 974 Χριστοῦ·
3422 920 3440 952 ι
3478 900 3686 972 Κύριος

2111 997 2232 1053 εἷπε
2264 998 2400 1072 πρὸς
2434 999 2523 1070 μὲ,
2553 998 2678 1062 Υἱός
2705 1016 2804 1069 μου
2838 992 2888 1050 εἷ
2914 998 2998 1062 σὺ,
3024 996 3135 1066 ἐγὼ
3167 997 3400 1067 σήμερον
3424 995 3689 1065 γεγέννη-

2112 1093 2185 1147 κά
2210 1109 2295 1145 σε.
2329 1090 2559 1163 Αἵτησαι
2595 1090 2720 1163 παρ’
2767 1089 2922 1161 ἐμοῦ,
2960 1089 3054 1142 καὶ
3095 1086 3248 1140 δώσω
3273 1086 3398 1156 ἔθνη
3426 1086 3524 1156 τὴν
3549 1085 3684 1155 κληο

2114 1185 2369 1258 ρονομίαν
2411 1202 2528 1249 σου,
2571 1184 2665 1239 καὶ
2718 1184 2814 1256 τὴν
2846 1180 3173 1252 κατάσχεσιν
3218 1196 3311 1233 σου
3355 1179 3425 1232 τὰ
3467 1178 3687 1249 πέρατα

2110 1278 2211 1346 τῆς
2237 1277 2359 1348 γῆς.
2391 1296 2410 1329 i
2444 1278 2518 1330 Οὐ
2550 1276 2740 1346 μόνους
2771 1275 2828 1327 δὲ
2858 1275 2967 1346 ἄρα
2998 1275 3121 1336 τοὺς
3148 1269 3521 1343 ἀρχιερωσύνη
3544 1285 3687 1323 τετι-

2116 1370 2389 1440 μημένους
2428 1368 2591 1439 ἐλαίῳ
2628 1367 2910 1437 σκευαστῷ
2932 1365 3024 1419 τοῦ
3064 1364 3328 1435 συμϐόλου
3363 1361 3687 1436 χρωμένους

2110 1461 2293 1527 ἕνεκα,
2327 1462 2388 1515 τὸ
2438 1460 2532 1514 τοῦ
2581 1459 2817 1532 Χριστοῦ
2871 1458 3197 1527 κατεκόσμει
3249 1457 3378 1527 παρ’
3413 1453 3687 1527 Ἑϐραίοις

2112 1551 2299 1623 ὄνομα,
2330 1552 2465 1607 ἀλλὰ
2491 1552 2586 1607 καὶ
2629 1553 2755 1615 τοὺς
2784 1550 3054 1620 βασιλέας,
3078 1547 3171 1612 οὓς
3196 1548 3288 1601 καὶ
3335 1547 3530 1610 αὐτοὺς
3561 1544 3688 1599 νεύ-

2118 1662 2245 1715 ματι
2276 1644 2403 1716 θείῳ
2445 1644 2720 1716 προφῆται
2761 1643 3025 1714 χρίοντες,
3059 1638 3355 1701 είκονικούς
3386 1654 3536 1700 τινας
3561 1653 3688 1708 χρι-

2116 1736 2273 1796 στοὺς
2294 1731 2704 1805 ἀπειργάζοντο.
2740 1734 2862 1785 Ὅτι
2890 1731 2954 1803 δὴ
2989 1731 3086 1784 καλ⁸
3112 1729 3286 1791 αὐτοὶ,
3321 1728 3420 1797 τῆς
3445 1724 3540 1778 τοῦ
3583 1723 3687 1795 μό·-

449 1818 733 1889 gerebant.
761 1819 901 1884 Quin
929 1820 1089 1872 etiam
1119 1835 1184 1873 ex
1211 1818 1492 1886 prophetis
1522 1818 1807 1873 nonnullos
1849 1836 2007 1875 sacro

2119 1844 2203 1879 νου
2233 1827 2328 1879 καὶ
2348 1824 2580 1896 ἀληθοῦς
2613 1824 2850 1897 Χριστοῦ
2880 1823 2973 1876 τοῦ
3018 1822 3159 1877 κατὰ
3186 1821 3402 1875 πάντων
3433 1815 3687 1897 βασιλεύ-

445 1913 567 1967 oleo
594 1912 901 1974 delibutus,
941 1912 1122 1982 typice
1165 1910 1412 1965 Christos
1463 1909 1626 1964 fuisse
1672 1912 1997 1981 accepimus.

443 2003 596 2059 Adeo
622 2013 680 2056 ut
700 2018 891 2057 omnes
922 2002 974 2055 hi
1004 2001 1070 2055 ad
1105 2016 1286 2055 verum
1321 2000 1633 2064 Christum,
1667 2001 1907 2057 divinum
1945 2020 2009 2060 ac

445 2095 668 2152 emleste
707 2094 939 2148 Verbum
966 2092 1307 2158 referantur;
1338 2094 1538 2161 quippe
1579 2092 1670 2162 qui
1707 2093 1856 2149 solus
1888 2111 2006 2148 ons-

445 2190 598 2243 nium
622 2189 858 2258 gentium
890 2186 1151 2255 pontifex,
1183 2186 1333 2241 solus
1372 2201 1466 2239 rex
1505 2200 1569 2240 ac
1597 2186 1858 2242 Dominus
1886 2202 2008 2241 orn—

443 2282 530 2337 uis
558 2291 844 2343 creatum,
871 2279 1018 2334 solus
1046 2280 1281 2348 denique
1299 2279 1441 2333 inter
1459 2280 1750 2348 prophetas
1772 2294 2015 2333 summus

443 2374 705 2443 propheta
752 2371 924 2425 Patris
969 2371 1223 2424 exsistat.
1276 2369 1446 2439 Hujus
1491 2380 1673 2424 autem
1727 2370 1803 2424 rei
1848 2385 2014 2440 argu-

446 2475 687 2519 mentum
719 2463 848 2517 illud
880 2472 988 2523 est,
1020 2461 1160 2529 quod
1184 2476 1250 2516 ex
1279 2462 1533 2515 omnibus
1561 2461 1651 2530 qui
1684 2460 1827 2528 apud
1862 2470 2012 2515 vete-

446 2571 535 2611 res
565 2556 686 2611 oleo
731 2570 894 2610 sacro
935 2555 1113 2625 typice
1144 2556 1632 2617 consecrabantur,
1667 2553 1783 2606 sive
1824 2565 1893 2607 ex
1926 2567 2013 2606 sa-

446 2648 779 2712 cerdotibus,
810 2647 924 2699 sive
953 2663 1016 2700 ex
1049 2646 1288 2716 regibus,
1332 2646 1447 2700 sive
1487 2660 1554 2700 ex
1586 2645 1885 2714 prophetis.
1920 2660 2017 2699 ne-

447 2755 536 2795 mo
562 2742 738 2794 adbuc
765 2749 968 2792 tantam
997 2738 1191 2791 divina:
1223 2736 1438 2789 virtutis
1466 2738 1762 2806 potentiam
1790 2737 2015 2792 sortitus

443 2841 530 2886 est
550 2871 566 2897 ,
599 2841 859 2900 quantam
889 2830 1152 2885 Servatur
1182 2831 1537 2885 aebominus
1583 2838 1770 2884 noster
1811 2828 1973 2884 Jesns
1994 2867 2011 2893 ,

445 2925 543 2995 qui
587 2923 733 2978 solus
762 2938 1031 2991 verosque
1080 2921 1332 2978 Christus
1361 2933 1446 2977 est
1471 2962 1488 2988 ,
1517 2923 1776 2977 ostendit.
1825 2921 2015 2977 Nullus

444 3025 593 3071 certe
628 3032 814 3071 eorum
849 3015 1201 3084 quantumvis
1248 3015 1511 3085 dignitate
1538 3024 1593 3069 et
1642 3016 1847 3069 honore
1873 3015 2012 3084 apud

445 3122 573 3162 suos
591 3123 683 3173 per
704 3107 1016 3162 continuam
1055 3105 1452 3173 antiquiSsinne
1474 3106 1662 3174 stirpis
1690 3110 1885 3160 seriem
1918 3118 2015 3157 no-

444 3198 707 3265 bilitatus,
738 3215 802 3252 ex
839 3214 902 3252 ea
933 3197 1133 3252 Christi
1167 3213 1329 3266 quant
1362 3197 1588 3267 gerebat
1618 3197 1793 3267 typica
1826 3201 2012 3265 appel-

444 3290 646 3346 latione
678 3291 920 3346 subditos
949 3291 1050 3345 sihi
1079 3288 1424 3345 Christianos
1448 3291 1874 3359 cognominavit.
1905 3290 2014 3345 Sed

444 3398 517 3440 ne
540 3385 744 3438 cultum
779 3385 991 3451 quidem
1027 3385 1191 3437 ullum
1221 3400 1251 3436 a
1285 3383 1543 3451 subjectis
1572 3382 1859 3450 quisquam
1893 3382 2013 3435 illo-

443 3460 566 3528 rum
601 3483 684 3528 est
715 3484 1039 3529 consecutus
1068 3489 1084 3528 :
1115 3489 1215 3528 nec
1247 3489 1379 3528 vero
1412 3474 1465 3527 in
1517 3473 1680 3526 ultum
1723 3487 1788 3527 ex
1824 3472 2015 3527 iisdem

445 3563 537 3633 qui
570 3565 675 3617 fato
698 3562 807 3631 jam
835 3564 1050 3619 functus
1097 3563 1322 3627 fuisset,
1350 3573 1500 3617 tanta
1532 3579 1769 3629 unquam
1794 3578 2018 3632 propen-

446 3658 533 3711 sio
580 3656 792 3710 exstitit
843 3659 1195 3721 animorum,
1241 3665 1301 3709 ut
1348 3657 1596 3711 homines
1660 3656 1801 3710 illius
1844 3657 2017 3724 gratia

447 3757 676 3800 mortem
713 3759 973 3816 oppetere
1016 3748 1188 3817 parati
1238 3758 1438 3803 essent.
1483 3749 1562 3804 Ac
1608 3765 1675 3804 ne
1722 3765 1786 3804 ex
1834 3751 2019 3805 omni-

446 3837 549 3893 bus
600 3839 819 3908 quidem
868 3840 974 3894 illis
1031 3854 1169 3910 quos
1215 3840 1326 3895 disi
1381 3840 1520 3896 ullus
1578 3857 1815 3910 unquam
1875 3843 2016 3907 fuit,

447 3928 603 3996 cujus
660 3945 825 3986 causa
883 3931 949 3985 ab
1001 3932 1272 3986 universis
1322 3946 1441 4000 qua:
1503 3933 1692 3987 orbem
1750 3944 2018 3986 terrarum

447 4019 691 4076 incolunt
714 4023 962 4094 gentibus
995 4032 1176 4078 tantus
1198 4024 1397 4091 ubique
1420 4033 1597 4078 motus
1627 4026 1700 4079 sit
1723 4026 2014 4079 excitatus.

445 4110 632 4183 Neque
659 4114 801 4167 enim
832 4114 1016 4182 ligurm
1057 4114 1141 4165 vis
1173 4122 1380 4166 tantum
1418 4113 1469 4165 iu
1503 4114 1610 4167 illis
1640 4123 1854 4180 poterat
1885 4126 2018 4177 ope-

449 4204 580 4266 rari,
615 4215 874 4271 quantutn
908 4203 1109 4257 veritas
1133 4205 1247 4272 ipsa
1276 4221 1370 4273 per
1401 4204 1745 4259 Servatorem
1774 4214 2017 4258 IIOSll‘ttlll

446 4295 707 4350 exhibita.
737 4295 836 4360 Qui
875 4311 999 4349 cum
1041 4311 1141 4349 nec
1194 4294 1425 4364 insignia
1479 4296 1672 4350 summi
1722 4294 2017 4349 sacerdotii

448 4387 518 4443 ab
551 4387 662 4440 ullo
694 4388 1016 4454 accepisset,
1056 4403 1120 4442 ac
1147 4404 1214 4441 ne
1243 4387 1568 4441 sacerdotali
1600 4387 1819 4455 quidem
1854 4402 2021 4455 gene-

448 4494 508 4535 re
530 4480 824 4535 secundum
865 4495 1084 4533 carnem
1115 4489 1261 4534 esset
1286 4479 1579 4543 oriundus;
1614 4492 1712 4533 nec
1740 4478 2019 4554 hominum

446 4572 705 4629 Satellitio
760 4573 826 4627 ad
862 4588 1089 4642 regnum
1129 4580 1278 4627 esset
1318 4581 1574 4637 evectus,
1613 4586 1712 4625 nec
1755 4572 2017 4641 propheta

447 4678 688 4721 veterum
720 4668 1107 4737 prophetarum
1151 4658 1256 4722 ritu
1286 4666 1461 4721 factus
1491 4665 1719 4730 fuisset;
1749 4678 1870 4718 cum
1902 4665 2020 4717 nul-

445 4757 554 4812 lam
578 4759 802 4814 omnino
835 4759 1153 4827 dignitatem
1180 4768 1277 4812 aut
1304 4757 1717 4827 pra-rogativam
1758 4756 1897 4825 apud
1925 4754 2019 4809 Ju-

448 4849 595 4904 dteos
621 4850 894 4904 obtineret
921 4865 935 4902 :
972 4849 1326 4904 nihilominus
1373 4847 1627 4901 omnibus
1659 4861 1766 4900 non
1797 4846 2015 4915 quidem

522 4992 634 5066 (Fili)
675 4994 877 5066 Μόνον
908 4995 1226 5066 προφητῶν
1246 4992 1721 5066 ἀρχιπροφήτην.
1753 4992 1863 5045 Vox
1896 5010 2022 5065 προ-

450 5060 636 5183 φητῆῦν
670 5064 895 5117 delenda
930 5060 1061 5117 mihi
1094 5060 1560 5134 Vvidctu'rfut'poie
1598 5060 1771 5118 otiosa
1817 5077 1883 5116 ac
1924 5060 2020 5117 stt-

450 5148 547 5183 ber
593 5148 675 5183 ua.

489 5148 675 5184 Bl'lllla.

450 5148 773 5269 ΡΒξὲἕῖἚκ
805 5200 912 5271 τῆς
939 5204 1069 5271 περὶ
1100 5202 1285 5258 αὑτοῦ
1313 5202 1615 5269 εὶκονικῆς
1640 5202 1746 5259 τοῦ
1768 5201 2021 5271 Χριστοῦ

451 5270 843 5345 προσρήσεως
866 5270 1063 5345 (ι’όὶἆὶι
1086 5273 1438 5345 Stephanus).
1475 5272 1531 5327 lu
1561 5274 1745 5345 codice
1767 5270 2021 5345 Medicam

452 5344 774 5415 emendatur
807 5345 959 5415 περὶ
982 5346 1210 5409 αὐτοὺς,
1246 5359 1351 5410 quo
1375 5349 1531 5399 modo
1580 5344 1772 5415 etiam_
1794 5344 1845 5395 in
1878 5354 2026 5397 vete-

407 5412 416 5439 ⁸
456 5412 607 5466 ribus
654 5414 870 5467 srhedis
905 5412 1137 5467 ’diserte
1173 5416 1433 5479 scriptum
1483 5413 1687 5467 iuveni.
1737 5413 1895 5467 Certe
1935 5423 2027 5466 aut

452 5483 582 5553 περὶ
611 5482 809 5547 αὐτούς
842 5487 1182 5555 εοτϋιριιιιιιηι
1210 5493 1309 5555 est
1357 5492 1451 5537 aut
1488 5483 1615 5555 περὶ
1659 5482 1839 5555 αὐτόν,
1867 5493 1973 5537 etc.
2010 5500 2024 5537 :

454 5556 727 5623 praecessit
779 5556 922 5606 enim
954 5554 1127 5618 οὐδείς
1155 5554 1220 5623 γέ
1246 5571 1328 5607 τοι
1365 5554 1635 5623 ἐκείνωνμ
1796 5554 1799 5623 ί

524 5621 636 5693 (58)
680 5625 946 5692 Τοσαύτη
1008 5621 1217 5695 γέγονε
1281 5625 1539 5695 κίνησις.
1591 5622 1728 5679 Male
1780 5622 2027 5677 Christo-

455 5692 761 5814 pgiorsouns
824 5692 1198 5760 persecutionis
1265 5694 1549 5748 tunmltnm
1614 5696 2024 5761 interpretatur.

513 5762 684 5814 ίνησις
716 5764 814 5814 huc
856 5766 973 5814 loco
1002 5766 1224 5814 verbum
1258 5776 1339 5814 est
1375 5765 1631 5814 medium.
1660 5764 1800 5814 aliud
1832 5772 1938 5814 tam
1972 5763 2023 5814 in

513 5762 684 5834 ίνησις
716 5764 814 5821 huc
856 5766 973 5822 loco
1002 5766 1224 5822 verbum
1258 5776 1339 5822 est
1374 5765 1631 5833 medium,
1660 5764 1800 5834 quod
1832 5772 1938 5817 tam
1972 5763 2023 5817 in

2111 1934 2262 1982 οντος
2305 1917 2451 1970 θείου
2478 1896 2675 1985 Λόγου
2701 1915 2983 1987 βασιλικῆς
3022 1915 3116 1968 καὶ
3165 1913 3396 1985 ἀρχικῆς
3436 1896 3689 1976 ἐξουσίας

2109 2014 2235 2076 τοὺς
2262 2010 2461 2074 τύπους
2491 2010 2558 2064 δι’
2607 2009 2814 2062 ἑαυτῶν
2855 2007 3068 2079 ἔφερον.
3107 2005 3242 2075 Ἤδη
3271 2004 3326 2057 δὲ
3369 2003 3465 2056 καὶ⁵
3504 2000 3690 2055 αὐτῶν

2111 2102 2221 2155 τῶν
2265 2100 2556 2173 rvpem-:th
2614 2114 2770 2161 τινας
2813 2096 2903 2150 διὰ
2953 2096 3251 2168 χρίσματος
3315 2092 3569 2163 χριστοὺς
3625 2090 3687 2144 ὲν

2110 2189 2265 2260 τύπῳ
2285 2190 2564 2259 γεγονέναι
2592 2188 3041 2259 παρειλήφαμεν·
3072 2185 3149 2248 ὡς
3185 2183 3405 2247 τούτους
3439 2182 3686 2243 ἅπαντας

2112 2281 2209 2352 τὴν
2239 2283 2331 2336 ἐπὶ
2351 2282 2441 2335 τὸν
2464 2280 2635 2352 ἀληθῆ
2669 2279 2924 2351 Χριστὸν,
2954 2278 3046 2331 τὸν
3073 2276 3256 2330 ἔνθεον
3298 2274 3394 2329 καὶ
3435 2274 3689 2346 οὐράνιον

2113 2373 2306 2441 Λόγον,
2330 2371 2607 2445 ἀναφορὰν
2627 2373 2790 2442 ἔχειν’
2824 2371 2982 2441 μόνον
3000 2368 3263 2440 ἀρχιερέα
3292 2367 3398 2421 τῶν
3429 2366 3566 2421 ὅλων
3593 2364 3691 2419 καὶ

2118 2465 2275 2535 μόνον
2305 2464 2517 2534 ἁπάσης
2540 2462 2639 2533 τῆς
2658 2463 2886 2526 κτίσεως
2919 2460 3162 2532 βασιλέα,
3180 2460 3274 2514 καὶ
3293 2459 3449 2529 μόνον
3477 2472 3693 2529 προφη-

2114 2554 2221 2608 τῶν
2278 2554 2693 2625 ἀρχιπροφὴτην
2748 2553 2857 2624 (56)
2902 2553 2997 2606 τοῦ
3060 2553 3273 2623 Πατρὸς
3330 2550 3688 2621 τυγχάνοντα.

2116 2644 2315 2711 Τούτου
2346 2646 2389 2698 δ’
2436 2644 2728 2710 ἀπόδειξις,
2768 2647 2829 2700 τὸ
2864 2647 3069 2719 μηδένα
3105 2666 3193 2702 πω
3235 2648 3343 2703 τῶν
3390 2647 3558 2701 πάλαι
3600 2647 3690 2701 διὰ

2114 2737 2209 2790 ⁶ιτοῦ
2236 2737 2505 2808 συμϐόλου
2530 2738 2928 2810 κεχρισμένων,
2965 2740 3102 2810 μήτε
3151 2739 3339 2810 ἱερέων
3367 2739 3503 2809 μήτε
3533 2737 3694 2809 βασι-

2113 2831 2270 2896 λέων,
2311 2832 2447 2902 μήτε
2488 2830 2591 2902 μὴν
2613 2830 2927 2903 προφητῶν,
2966 2830 3235 2901 τοσαύτην
3270 2830 3473 2901 ἀρετῆς
3506 2829 3691 2883 ἐνθέου

2115 2924 2344 2994 δύναμιν
2364 2923 2688 2995 κτήσασθαι,
2721 2925 2853 2995 ὅσην
2881 2925 2910 2978 ὁ
2941 2923 3129 2996 Σωτὴρ
3170 2924 3265 2999 κα).
3298 2923 3502 2995 Κύριος
3531 2924 3692 2994 ἡμῶν

2128 3018 2335 3090 Ἰησοῦς
2357 3018 2385 3069 ὁ
2420 3016 2579 3088 μόνος
2605 3017 2701 3071 καὶ
2731 3016 2982 3087 ἀληθινὸς
3027 3015 3263 3087 Χριστὸς
3307 3014 3689 3069 ἐπιδέδεικται.

2118 3111 2306 3174 Οὐδείς
2330 3110 2395 3179 γέ
2422 3127 2504 3164 τοι
2524 3110 2747 3164 ἐκείνων
2782 3109 2984 3181 καίπερ
3016 3107 3281 3179 ἀξιώματι
3312 3109 3406 3163 καὶ
3429 3110 3560 3179 τιμῇ
3595 3107 3695 3160 ἐπὶ

2119 3203 2396 3266 πλείσταις
2416 3203 2568 3266 ὅσαις
2595 3204 2808 3272 γενεαῖς
2851 3202 3018 3274 παρὰ.
3042 3205 3155 3265 τοῖς
3196 3202 3417 3265 οἰκείοις
3462 3200 3693 3272 διαλαμ-

2114 3296 2352 3366 ψάντων,
2381 3295 2507 3357 τοὺς
2537 3294 2814 3365 ὑπηκόους
2836 3293 3057 3346 πώποτε
3086 3295 3150 3346 ὲκ
3185 3294 3284 3363 τῆς
3333 3294 3460 3364 περὶ
3493 3291 3696 3355 αὐτοὺς

2116 3385 2389 3457 είκονικῆς
2426 3385 2521 3438 τοῦ
2555 3384 2791 3458 Χριστοῦ
2821 3385 3173 3456 προσρήσεως
3201 3384 3312 3455 (57)
3336 3384 3697 3457 Χριστιανοὺς

2116 3479 2486 3550 ὲπεφήμισεν·
2520 3478 2634 3533 ἀλλ’
2664 3476 2785 3531 οὐδὲ
2821 3474 3113 3547 σεϐάσμιός
3157 3494 3265 3530 τινι
3311 3476 3516 3530 τούτων
3555 3473 3697 3547 πρὸς

2116 3572 2225 3624 τῶν
2257 3573 2513 3644 ὑπηκόων
2555 3570 2769 3644 ὑπῆρξε
2809 3573 2942 3643 τιμή
2963 3589 2977 3601 ·
3001 3570 3114 3624 ἀλλ’
3145 3570 3265 3624 οὐδὲ
3308 3570 3444 3640 μετὰ
3470 3568 3568 3640 τὴν
3597 3585 3693 3622 τε-

2117 3663 2307 3734 λευτὴν
2334 3665 2570 3735 τοσαύτη
2601 3664 2860 3727 διάθεσις,
2892 3664 3033 3718 ὥστε
3066 3664 3160 3717 καὶ
3191 3663 3694 3737 ὑπεραποθνήσκειν

2118 3752 2349 3824 ἑτοίμως
2382 3753 2525 3824 ἔχειν
2553 3750 2645 3807 τοῦ
2675 3753 3010 3824 τιμωμένου.
3040 3753 3177 3806 Ἀλλ’
3204 3754 3323 3807 οὐδὲ
3345 3754 3562 3808 πάντων
3582 3751 3694 3805 τῶν

2118 3845 2222 3901 ἀνὰ
2241 3847 2341 3917 τὴν
2364 3845 2687 3917 οἰκουμένην
2721 3845 2891 3899 ἐθνῶν
2922 3846 3049 3918 περί
3076 3864 3197 3899 τινα
3218 3845 3324 3900 τῶν
3357 3845 3476 3900 τότε
3498 3843 3697 3899 τοσαύ-

2118 3950 2185 4006 τη
2213 3936 2402 4003 γέγονε
2433 3936 2645 4006 κίνησις
2684 3934 2815 4005 (58),
2848 3936 2968 3989 ἐπεὶ
2997 3935 3133 4007 μηδὲ
3158 3936 3411 3990 τοσοῦτον
3443 3937 3501 3990 ὲν
3544 3934 3693 3990 ὲκεί-

2118 4039 2232 4085 νοις
2260 4025 2293 4094 ἡ
2329 4023 2421 4078 τοῦ
2445 4024 2713 4094 συμϐόλου
2737 4024 2963 4095 δύναμις
2991 4025 3080 4078 οἵα
3107 4042 3165 4078 τε
3184 4022 3251 4097 ἦν
3284 4028 3542 4095 ἐνεργεῖν,
3565 4026 3692 4078 ὅσον

2120 4115 2154 4184 ὴ
2193 4115 2290 4186 τῆς
2317 4114 2572 4187 ἀληθείας
2616 4115 2958 4188 παράστασις
2985 4116 3074 4169 διὰ
3103 4114 3199 4170 τοῦ
3245 4116 3494 4188 Σωτῆρος
3533 4116 3694 4188 ἡμῶν

2122 4206 2497 4280 ὲνδεικνυμὲνη
2519 4226 2532 4239 ·
2559 4209 2616 4272 ὃς
2647 4208 2769 4261 οὔτε
2797 4209 3038 4280 σύμϐολα
3063 4210 3156 4261 καὶ
3187 4208 3386 4272 τύπους
3429 4210 3696 4279 ἀρχιερω-

2125 4301 2289 4372 σύνης
2317 4301 2466 4372 παρά
2486 4318 2577 4354 του
2603 4299 2804 4365 λαϐὼν,
2839 4301 2950 4354 ἀλλ’
2975 4301 3095 4354 οὐδὲ
3116 4300 3271 4368 γένος
3290 4301 3351 4355 τὸ
3380 4303 3505 4371 περὶ
3533 4301 3696 4371 σῶμα

2124 4394 2181 4459 ἐξ
2213 4393 2523 4464 ἱερωμένων
2548 4394 2824 4463 κατάγων,
2847 4394 2956 4446 οὐδ’
2987 4394 3195 4464 ἀνδρῶν
3217 4393 3565 4466 δορυφορίαις
3603 4392 3697 4445 ὲπὶ

2054 4511 2095 4564 D
2127 4483 2402 4554 βασιλείαν
2425 4484 2735 4557 προαχθεὶς,
2760 4484 2879 4537 οὐδὲ
2907 4483 3012 4554 μὴν
3046 4486 3328 4555 προφήτης
3355 4482 3553 4553 ὁμοίως
3584 4485 3698 4546 τοῖς

2126 4574 2291 4628 πάλαι
2311 4575 2617 4645 γενόμενος,
2648 4575 2757 4627 οὐδ’
2800 4575 2954 4641 ἀξίας
2982 4575 3117 4638 ὅλως
3145 4575 3178 4645 ἦ
3203 4592 3347 4637 τινος
3377 4572 3526 4644 παρὰ
3567 4573 3699 4626 ’1ου-

2124 4666 2291 4729 δαίοις
2313 4663 2490 4735 τυχὼν
2520 4666 2835 4738 προεδρίας,
2875 4667 3022 4736 ὅμως
3055 4669 3166 4729 τοῖς
3209 4668 3375 4720 πᾶσιν
3412 4668 3460 4718 εί
3496 4665 3588 4720 καὶ
3621 4666 3697 4736 μὴ

2124 4758 2236 4818 τοῖς
2269 4754 2577 4826 συμϐόλοις,
2620 4754 2736 4807 ἀλλ’
2782 4755 2917 4825 αὐτῇ
2960 4770 3023 4822 γε
3069 4756 3134 4824 τῇ
3170 4752 3395 4824 ἀληθείᾳ
3425 4752 3574 4823 παρὰ
3602 4750 3699 4804 τοῦ

2125 4845 2340 4917 Πατρός
2370 4846 2707 4917 ἐκεκόσμητο
2738 4845 2871 4917 (59).
2911 4846 3023 4914 Οὐχ
3045 4843 3245 4915 ὁμοίων
3269 4842 3311 4896 δ’
3347 4839 3439 4897 οῦν
3466 4837 3546 4906 οἶς
3567 4859 3702 4914 προ-

2128 4992 2324 5044 bonam
2357 5007 2517 5061 quam
2548 4992 2600 5044 in
2639 4991 2832 5044 malam
2864 5002 3067 5058 partem
3102 4989 3238 5044 sumi
3268 4996 3463 5057 potest,
3489 5002 3553 5041 ac
3588 4997 3694 5039 tam

2130 5063 2197 5115 de
2222 5064 2493 5115 ltrttcwilis
2516 5071 2564 5115 et
2594 5061 2783 5114 amicis
2812 5077 2970 5124 quam
2996 5063 3061 5112 de
3088 5061 3329 5112 hostibus
3354 5074 3417 5109 ac
3447 5072 3701 5124 perseeu-

2132 5132 2338 5185 torihus
2363 5133 2523 5185 debet
2550 5131 2794 5199 intelligi.
2823 5131 3003 5193 Itaque
3035 5130 3299 5199 Eusebius
3322 5128 3456 5179 dixit
3484 5127 3698 5197 κίνησιν

2128 5201 2256 5274 περί
2283 5219 2424 5265 τινα,
2458 5217 2561 5274 non
2597 5197 2773 5274 autem
2802 5200 2943 5274 κατά
2978 5216 3139 5263 τινος,
3179 5197 3300 5274 Vult
3332 5200 3475 5250 enirn
3514 5200 3699 5251 dicere

2132 5269 2405 5338 nunquam
2457 5272 2616 5323 ullius
2669 5273 2903 5322 hominis
2954 5284 3117 5324 causa
3171 5269 3330 5321 talem
3385 5279 3697 5334 tantumque

2135 5353 2337 5395 motum
2381 5340 2620 5394 omnium
2669 5342 2905 5405 gentium
2948 5339 3254 5402 exstitisse,
3293 5350 3525 5405 quantus
3570 5338 3698 5389 Ser-

2137 5414 2341 5465 vatoris
2384 5412 2553 5464 nostri
2596 5424 2757 5463 causa
2794 5410 3027 5471 exstitit;
3071 5409 3192 5463 aliis
3233 5408 3544 5477 religionem
3577 5407 3698 5473 ejus

2134 5482 2624 5550 amplectentihus,
2670 5480 2823 5550 aliis
2862 5478 3318 5548 iinpnguantibus.
3386 5478 3694 5545 Eleganter,

2135 5549 2254 5604 meo
2282 5553 2497 5618 quidem
2522 5550 2749 5617 judicio,
2786 5549 3117 5616 [Vit-ephorus
3149 5550 3290 5601 hunc
3317 5559 3517 5601 metum
3551 5561 3700 5601 σεισ-

2136 5621 2235 5691 μὸν
2260 5620 2359 5690 τῆς
2388 5620 2712 5691 οἰκουμένης
2746 5620 2995 5691 appellat.

2205 5684 2328 5773 (59]
2353 5689 2520 5773 Παρὰ
2544 5684 2677 5773 ’τρεῖ
2700 5684 3051 5773 πνεύματος
3072 5688 3457 5773 ἐκεκόσμηζρέ
3484 5684 3701 5773 ‘Omnes

2133 5758 2307 5819 u05tri
2330 5765 2569 5830 codices,
2601 5760 2802 5832 Regius
2847 5758 3087 5827 Scilicet,
3128 5759 3260 5813 Μία.
3290 5758 3354 5815 ac
3380 5758 3545 5824 Med..
3574 5772 3697 5812 cum
