3966 6264
263 373 338 426 73
1315 375 1661 442 IIISTORIAE
1703 377 2258 434 ECCIESIASTICZE
2299 381 2424 436 LIB.
2468 381 2507 434 I.
3480 384 3544 436 Ἠ

271 484 574 554 ειρῆκπξ-ιεν
608 485 817 556 τυχὼν,
861 489 1084 544 πάντων
1110 490 1331 542 ἐκείνων
1352 491 1443 542 καὶ
1465 491 1694 562 Χριστὸς
1734 489 1859 561 5’31"

1976 491 2144 561 signis
2178 509 2239 545 ar
2275 493 2435 564 typis,
2464 495 2557 548 sed
2596 493 2841 547 veritatis
2871 493 3054 547 infulis
3076 510 3101 546 a
3127 494 3286 550 Patre
3312 509 3542 550 (torua-

271 578 365 630 λον
395 578 784 650 ἀνηγόρευται.
811 583 927 635 Καὶ
960 583 1037 645 ὡς
1067 582 1131 636 ἂν
1154 583 1312 652 μόνος
1339 584 1430 636 καὶ
1465 580 1668 654 ἀληθὴς
1710 583 1870 645 αὐτὸς

277 667 351 722 ῶν
380 670 408 721 ό
430 671 667 738 Χριστὸς
693 673 792 725 τοῦ
823 673 986 738 Θεοῦ,
1028 673 1367 745 Χριστιανῶν
1421 672 1512 726 τὸν
1559 674 1734 726 πάντα
1777 673 1870 725 κό-

279 777 411 830 σμον
441 761 539 830 τῆς
568 759 742 824 ὅντως
775 765 983 834 σεμνῆς
1011 763 1172 816 αὐτοῦ
1205 764 1298 817 καὶ
1333 765 1480 834 ἱερᾶς
1502 763 1871 835 προσηγορίας

273 849 651 919 κατέπλησεν,
677 853 868 906 οὐκέτι
903 855 1106 917 τύπους
1133 854 1253 907 οὐδὲ
1275 855 1510 916 εἰκόνας,
1553 854 1668 906 ἀλλ’
1703 853 1872 917 αὑτὰς

271 941 487 1011 γυμνὰς
537 943 745 1013 ἀρετὰς
789 946 884 997 καὶ
934 945 1045 1017 βίον
1088 947 1335 1016 οὐράνιον
1383 944 1566 1008 αὐτοῖς
1617 945 1871 1015 ἀληθείας

267 1032 509 1102 δόγμασι
541 1037 658 1098 τοῖς
693 1035 991 1100 θιασώταις
1021 1034 1311 1108 παραδούς.
1350 1036 1422 1088 Τό
1450 1053 1508 1088 τε
1539 1039 1762 1107 χρῖσμα,
1809 1037 1868 1090 οὐ

268 1127 328 1179 τὸ
361 1126 455 1178 διὰ
487 1132 766 1198 σωμάτιον
792 1127 1090 1185 σκευαστὸν
1119 1131 1251 1202 (60),
1277 1131 1390 1184 ἀλλ’
1423 1130 1570 1201 αὐτῷ
1595 1129 1658 1201 δὴ
1702 1129 1871 1182 Ilvati-

270 1237 406 1288 ματι
443 1220 582 1291 Θείῳ
613 1221 675 1273 τὸ
697 1222 1024 1293 θεοπρεπὲς,
1066 1226 1266 1294 μετοχῇ
1312 1222 1410 1294 τῆς
1446 1223 1740 1293 ἀγεννήτου
1775 1224 1871 1275 καὶ

268 1312 556 1382 πατρικῆς
614 1313 869 1385 θεότητος
906 1315 1217 1385 ἀπειλήφει.
1255 1316 1320 1366 "O
1378 1313 1472 1366 καί
1524 1315 1656 1367 αὐτὸ
1709 1314 1868 1368 πάλιν

277 1404 515 1470 Ἡσαΐας
547 1407 813 1470 διδάσκει,
849 1409 924 1472 ὡς
953 1410 1015 1462 ἂν
1040 1408 1098 1474 ἐξ
1125 1409 1287 1463 αὐτοῦ
1333 1404 1435 1463 ἇδέ
1478 1427 1595 1472 πως
1625 1407 1868 1461 ἀναϐοῶν

267 1500 363 1552 τοῦ
397 1500 650 1572 Χριστοῦ
673 1517 686 1530 ο
724 1520 742 1550 ι
785 1503 1008 1572 Πνεῦμα
1053 1503 1260 1574 Κυρίου
1292 1504 1377 1556 ἐπ’
1419 1501 1540 1571 ἐμὲ,
1569 1495 1629 1553 οὗ
1664 1502 1867 1553 εἵνεκεν

266 1593 461 1662 ἔχρισὲ
500 1611 593 1663 με,
645 1594 1103 1662 εὐαγγελίσασθαι
1141 1598 1374 1664 πτωχοῖς
1423 1593 1730 1648 ἀπέσταλκε
1777 1613 1865 1666 με,

268 1687 569 1758 Ῑίἀσασθαι
619 1689 747 1751 τοὺς
791 1687 1284 1760 συντετριμμένους
1318 1687 1414 1758 τὴν
1445 1686 1695 1758 καρδίαν]
1729 1686 1862 1757 (61),

269 1779 516 1849 κηρύξαι
537 1778 910 1848 αἰχμαλώτοις
936 1781 1148 1847 ἄφεσιν,
1168 1779 1261 1831 καὶ
1280 1778 1498 1848 τυφλοῖς
1517 1777 1826 1847 ἀνάϐλεψιν.
1842 1798 1860 1829 ι

1982 593 2068 635 tus
2097 594 2200 635 est.
2227 585 2304 636 Ac
2337 586 2548 637 tametsi
2581 601 2685 639 non
2710 587 2894 640 eodem
2924 589 3080 639 modo
3104 601 3212 654 quo
3236 585 3309 638 illi
3340 589 3404 640 de
3428 590 3518 654 qui

1980 674 2076 727 bus
2111 690 2272 742 supra
2312 675 2444 738 dixi,
2477 691 2664 732 omnes
2712 678 2810 731 hos
2861 677 3044 732 titulos
3093 688 3413 732 consecutus
3451 681 3558 743 sit,-

1978 775 2153 820 tamen
2181 777 2235 821 et
2266 769 2375 836 ipse
2402 771 2570 838 magis
2602 784 2760 836 quam
2795 768 2866 822 illi
2911 770 3164 823 Christus
3197 771 3539 838 cegnomiua-

1977 867 2062 912 tus
2097 867 2178 912 est
2211 876 2223 911 ε
2254 869 2303 911 et
2338 869 2522 927 utpote
2553 861 2698 913 solus
2731 875 2999 930 verasque
3029 863 3117 917 Dei
3147 863 3397 916 Christus
3425 865 3540 914 uui-

1974 965 2191 1004 versum
2251 960 2517 1006 terrarum
2569 953 2756 1007 orbein
2806 965 3031 1023 augusto
3087 965 3141 1009 et
3189 969 3542 1011 sacrosancm

1972 1044 2408 1098 Christianorum
2439 1047 2656 1101 nomine
2687 1047 2910 1115 replevit
2942 1087 2956 1111 ,
3010 1062 3114 1101 non
3150 1049 3380 1118 amplius
3410 1050 3546 1119 ligu-

1975 1149 2060 1187 ras
2092 1144 2186 1187 aut
2221 1133 2500 1202 imagines,
2521 1137 2613 1189 sed
2652 1135 2878 1190 virtutes
2904 1138 3074 1192 nudas
3121 1139 3397 1208 vitamque
3429 1154 3546 1194 rm-

1974 1225 2160 1279 lesteni
2189 1225 2347 1279 simul
2405 1242 2525 1280 cum
2575 1228 2689 1296 ipsa
2725 1231 2969 1284 veritatis
3014 1231 3269 1285 doctrina
3323 1233 3542 1287 tradens

1975 1315 2225 1371 initiatis.
2262 1315 2527 1372 Caeterum
2561 1332 2889 1389 unguentum
2915 1337 3021 1376 non
3055 1323 3181 1377 illud
3217 1338 3280 1376 ex
3314 1325 3544 1378 Αἰνίδι-ῆς

1973 1408 2257 1476 speciebus
2302 1412 2697 1480 compositura,
2755 1415 2849 1467 sed
2901 1414 3142 1467 divinum
3193 1415 3446 1484 ingenita:
3482 1434 3544 1470 ac

1973 1510 2208 1567 paternae
2253 1501 2549 1556 divinitatis
2601 1503 3141 1574 participatioueuna
3195 1522 3315 1561 eum
3363 1510 3544 1562 divino

1971 1590 2178 1660 Spiritu
2205 1595 2432 1664 accepit.
2473 1596 2622 1662 Quod
2677 1598 2890 1664 quidem
2937 1601 3098 1654 docet
3130 1602 3292 1655 etiam
3349 1603 3538 1662 Isaias,

1972 1691 2226 1750 tanquam
2267 1697 2332 1737 ex
2380 1684 2551 1754 ipsius
2580 1683 2779 1740 Christi
2831 1701 3059 1755 persona
3093 1690 3173 1743 sic
3204 1690 3430 1759 loquens
3453 1691 3496 1722 ¹³
3527 1711 3540 1747 :

1979 1792 1996 1824 ι
2029 1775 2264 1843 Spiritus
2309 1776 2518 1832 Domini
2565 1791 2731 1848 super
2762 1795 2847 1834 me
2869 1795 2936 1835 eo
2967 1781 3111 1850 quod
3158 1783 3380 1836 tinxerit
3417 1799 3500 1835 me
3527 1802 3540 1834 :

270 1873 382 1924 Καὶ
416 1872 479 1924 οὐ
520 1871 685 1942 μόνον
718 1889 782 1939 γε
818 1871 1066 1934 Ἡσαΐας,
1100 1870 1235 1924 ἀλλά
1260 1871 1353 1924 καὶ
1383 1870 1546 1924 Δαϐἰδ
1579 1873 1656 1934 εἰς
1680 1871 1739 1923 τὸ
1766 1871 1859 1922 αὑ-

1969 1867 2035 1920 ad
2086 1866 2437 1936 Evangelium
2493 1873 2850 1927 nuntiandum
2883 1874 3213 1943 pauperibus
3250 1877 3395 1928 misit
3432 1891 3542 1937 uie,

271 1962 366 2016 τοῦ
422 1963 722 2035 πρόσωπον
773 1963 1065 2032 ἁναφωνεῖ,
1118 1963 1322 2032 λέγων·
1359 1982 1377 2014 ι
1428 1964 1484 2016 Ὀ
1518 1962 1702 2034 θρόνος
1752 1981 1864 2026 σου,

273 2053 430 2116 Θεὸς,
464 2057 551 2115 εἰς
576 2055 669 2106 τὸν
694 2054 865 2108 αἰῶνα
894 2053 987 2107 τοῦ
1011 2054 1221 2118 αἰῶνος.
1266 2053 1485 2118 Ῥάϐδος
1511 2053 1807 2123 εὐθύτητος
1834 2055 1866 2125 ἡ

279 2144 478 2214 ραὅδος
521 2145 627 2216 τῆς
673 2145 950 2214 βασιλείας
1009 2163 1122 2198 σου.
1162 2144 1484 2216 Ἡγάπησας
1521 2143 1866 2212 δικαιοσύνην

276 2240 371 2290 καὶ
402 2238 681 2309 ἐμίσησας
711 2239 962 2309 ἀνομίαν.
997 2238 1096 2291 Διά
1139 2238 1297 2290 τοῦτο
1342 2237 1523 2308 ἔχρισέ
1559 2255 1618 2289 σε
1648 2239 1675 2290 ὁ
1715 2235 1864 2300 Θεὸς,

275 2332 301 2382 ὁ
321 2329 458 2392 Θεός
487 2347 606 2395 σου,
633 2331 810 2384 ἔλαιον
833 2331 1205 2399 ἀγαλλιάσεως
1234 2331 1384 2403 παρὰ
1423 2331 1549 2394 τοὺς
1603 2329 1865 2400 μετόχους

277 2439 390 2475 σου.
433 2442 452 2474 ι
499 2423 590 2475 Ἐν
616 2417 696 2487 οἷς
725 2425 752 2474 ὁ
778 2423 934 2492 λόγος
967 2407 1031 2475 ὲν
1061 2423 1156 2492 μὲν
1189 2421 1266 2493 τῷ
1295 2420 1494 2493 πρώτῳ
1527 2420 1710 2490 στίχῳ,
1737 2419 1867 2472 Θεὸν

275 2517 438 2568 αὐτὸν
469 2514 799 2586 ἐπιφημίζει
820 2533 832 2545 ·
872 2517 929 2568 ἐν
951 2515 1007 2568 δὲ
1038 2515 1115 2586 τῷ
1148 2514 1384 2584 δευτέρῳ
1414 2513 1676 2584 σκήπτρῳ
1716 2511 1866 2582 βασι-

273 2606 412 2677 λικῷ
444 2608 605 2677 τιμᾷ.
649 2603 762 2658 Εἶθ’
807 2606 934 2676 ἑξῆς
966 2607 1173 2671 ὑποϐὰς
1207 2605 1343 2676 μετά
1403 2604 1500 2676 τὴν
1548 2603 1730 2657 ἔνθεον
1771 2603 1865 2657 καὶ

281 2698 576 2770 βασιλικὴν
607 2696 858 2768 δύναμιν,
883 2700 1041 2771 τρίτῃ
1069 2699 1218 2763 τάξει
1246 2697 1479 2770 Χριστὸν
1511 2696 1673 2750 αὑτὸν
1709 2712 1868 2764 γεγο-

276 2791 423 2844 νέναι
452 2790 642 2859 ἐλαίῳ,
671 2793 729 2843 οὐ
754 2789 830 2862 τῷ
853 2791 911 2857 ἐξ
939 2788 1071 2861 ’ὑλης
1106 2789 1396 2861 σωμάτων,
1431 2787 1566 2841 ἀλλά
1594 2786 1670 2858 τῷ
1700 2785 1867 2855 ἐνθέῳ

273 2885 372 2954 τῆς
397 2885 776 2953 ἀγαλλιάσεως
803 2885 1130 2957 ἦλειμμὲνον
1162 2883 1475 2955 παρίστησι.
1506 2880 1655 2954 Παρὸ
1687 2880 1780 2933 καὶ
1808 2880 1869 2932 τὺ

277 2977 560 3050 ἐξαίρετον
597 2978 760 3031 αὐτοῦ
787 2978 882 3032 καὶ
917 2977 1049 3030 πολὺ
1081 2979 1326 3047 κρεῖττον
1354 2977 1448 3028 καὶ
1471 2974 1728 3044 διάφορον
1758 2971 1865 3025 τῶν

279 3071 447 3124 παλαι
474 3070 563 3123 διὰ
584 3070 693 3123 τῶν
724 3071 950 3124 εἰκόνων
991 3066 1440 3140 σωματικώτερον
1491 3065 1865 3136 κεχρισμένων

280 3159 674 3228 ὑποσημαίνει.
716 3161 825 3213 Καὶ
879 3158 1109 3230 ἀλλαχοῦ
1139 3157 1196 3210 δὲ
1227 3159 1255 3209 ὁ
1290 3157 1451 3219 αὐτὸς
1500 3149 1602 3208 ὧδέ
1649 3173 1766 3218 πως
1797 3154 1869 3207 τά

1975 1965 2034 2010 ιιι
2064 1957 2312 2012 medercr
2347 1961 2595 2016 contritis
2626 1965 2808 2028 corde,
2834 1973 2894 2018 ut
2923 1966 3273 2034 praedicarem
3311 1968 3543 2034 captivis
3573 1989 3578 1996 ·

1972 2047 2373 2112 liberationem,
2399 2062 2451 2105 et
2477 2055 2636 2109 carcis
2670 2058 3131 2124 recuperationem
3167 2060 3340 2114 visus.
3371 2078 3393 2111 ι
3434 2058 3542 2113 Ne-

1971 2150 2073 2204 que
2109 2151 2235 2191 vero
2259 2139 2432 2193 solum
2470 2141 2654 2208 Isaias,
2689 2146 2781 2198 sed
2817 2146 2978 2200 etiam
3007 2147 3174 2202 David
3199 2149 3344 2202 illum
3367 2151 3539 2217 ipsum

1970 2221 2266 2292 alloquens,
2311 2227 2381 2278 ita
2433 2229 2607 2284 dicit:
2650 2251 2667 2282 ι
2706 2234 2874 2288 Sedes
2909 2245 3030 2303 tua,
3073 2239 3231 2303 Deus,
3272 2239 3323 2292 in
3371 2255 3540 2294 szecu-

1973 2311 2080 2366 lum
2110 2313 2315 2369 saeculi.
2347 2317 2504 2388 Virga
2544 2320 2893 2385 directionis,
2927 2327 3080 2396 virga
3133 2329 3283 2395 regni
3319 2329 3412 2382 tui.
3454 2329 3537 2384 Di-

1973 2402 2150 2459 lexisti
2196 2406 2486 2475 justitiam,
2523 2419 2578 2465 et
2625 2411 2786 2467 odisti
2838 2415 3213 2486 iniquitatem;
3253 2429 3537 2490 preptcrea

1969 2496 2128 2550 unxit
2155 2505 2210 2552 te
2240 2498 2402 2564 Deus,
2435 2501 2575 2556 Deus
2599 2512 2740 2570 tuus,
2781 2505 2901 2562 oleo
2931 2507 3126 2563 laztitize
3157 2509 3266 2576 ιιι-ὼ
3311 2526 3537 2567 consor-

1972 2586 2112 2642 tibus
2148 2590 2256 2644 tuis
2275 2591 2375 2644 ¹⁴.›
2402 2592 2607 2659 Quibus
2631 2597 2811 2652 verbis
2844 2614 3026 2654 sermo
3050 2601 3261 2657 divinus
3285 2603 3337 2657 in
3361 2605 3536 2673 primo

1968 2679 2186 2749 quidem
2215 2698 2375 2738 versu
2401 2685 2568 2740 Deum
2616 2686 2765 2742 illum
2806 2693 3082 2759 nominat;
3118 2693 3168 2746 in
3204 2693 3380 2750 altero
3407 2711 3536 2751 vero

1968 2780 2237 2840 sceptrum
2272 2776 2451 2845 regale
2489 2776 2668 2832 eidem
2716 2779 3002 2849 attribuit;
3051 2798 3116 2837 ac
3151 2784 3408 2853 paulatim
3449 2788 3536 2843 de.

1967 2864 2255 2930 sceudens,
2283 2877 2407 2936 post
2427 2867 2664 2923 divinam
2695 2885 2760 2925 ac
2795 2872 2996 2942 regiam
3020 2883 3358 2943 potestatem,
3382 2881 3537 2934 tertio

1971 2954 2187 3009 demum
2221 2956 2341 3013 loco
2371 2958 2646 3015 Christum
2675 2961 2847 3029 illum,
2884 2978 2989 3018 non
3021 2967 3292 3022 materiali
3324 2970 3537 3039 quidem

1968 3049 2062 3102 sed
2096 3048 2279 3103 divino
2313 3050 2512 3107 laetitiae
2552 3053 2672 3108 oleo
2699 3055 2996 3112 delibutum
3029 3073 3151 3114 esse
3181 3061 3442 3116 declarat.
3480 3065 3535 3118 In

1969 3152 2076 3208 quo
2113 3142 2274 3195 etiam
2307 3146 2679 3213 praestantiam
2715 3148 2857 3204 illius
2899 3149 3121 3218 indicat,
3169 3163 3538 3226 quantumth

279 3265 345 3302 πε
356 3252 407 3322 ρὶ
438 3251 605 3304 αὑτοῦ
634 3251 784 3321 δηλοῖ
807 3251 981 3320 λέγων
1004 3268 1017 3282 ο
1059 3270 1076 3301 ι
1110 3246 1274 3302 Εἶπεν
1303 3249 1331 3300 ὁ
1354 3247 1555 3319 Κύριος
1577 3245 1653 3318 τῷ
1671 3246 1859 3318 Κυρίῳ

1967 3229 2029 3284 iis
2068 3233 2318 3290 omnibus
2352 3237 2641 3292 antecellat
2675 3241 2763 3310 qui
2810 3255 3038 3311 corpore
3063 3253 3212 3298 tenus
3243 3248 3417 3318 typicc
3441 3264 3535 3300 un-

283 3362 401 3413 μου,
433 3343 606 3396 κάθου
633 3346 698 3396 ἐκ
721 3343 910 3410 δεξιῶν
944 3361 1065 3413 μου,
1102 3343 1206 3405 ἕως
1248 3341 1313 3393 ἂν
1343 3339 1419 3392 θῶ
1470 3340 1596 3401 τοὺς
1639 3337 1864 3408 ἐχθρούς

281 3447 373 3487 σου
395 3434 687 3487 ὑποπόδιον
700 3433 806 3488 τῶν
825 3433 996 3487 ποδῶν
1020 3449 1134 3485 amr
1163 3451 1180 3481 ι
1205 3432 1318 3495 καὶ,
1357 3451 1373 3480 ι
1398 3430 1493 3482 Ἐκ
1508 3429 1739 3499 γαστρὸς
1762 3428 1864 3499 πρὸ

289 3524 604 3596 Ἑωσφόρου
628 3525 894 3597 ἐγέννησά
921 3542 998 3579 σε.
1017 3526 1217 3594 Ὥμοσε
1245 3522 1469 3591 Κύριος,
1496 3521 1588 3573 καὶ
1608 3521 1668 3572 οὐ
1702 3537 1866 3589 μετα-

283 3619 682 3689 μεληθήσεται·
717 3619 781 3671 σὺ
809 3614 862 3671 εἷ
888 3619 1065 3688 ἱερεὺς
1092 3617 1171 3679 εἰς
1219 3615 1309 3668 τὸν
1353 3612 1523 3666 αἰῶνα
1578 3611 1718 3664 κατὰ
1765 3610 1862 3680 τὴν

280 3708 428 3772 τάξιν
452 3709 808 3778 Μελχισεδέκ.
853 3727 872 3760 ›
905 3701 1070 3769 Οὗτος
1109 3706 1163 3758 δὲ
1185 3704 1463 3771 εἰσάγεται
1485 3704 1542 3754 ὲν
1570 3705 1680 3765 τοῖς
1699 3703 1863 3772 ἱεροῖς

280 3802 508 3870 λόγοιςὸ
535 3801 889 3870 Μελχισεδὲκ,
930 3800 1106 3871 ἱερεὺς
1147 3796 1239 3850 τοῦ
1293 3793 1427 3848 Θεοῦ
1470 3793 1562 3847 τοῦ
1613 3793 1859 3863 ὑψίστου,

282 3895 380 3946 οὐκ
404 3897 461 3946 ὲν
495 3892 780 3963 σκευαστῷ
810 3909 917 3944 τινι
956 3890 1216 3962 χρίσματι
1247 3885 1712 3957 ἀναδεδειγμένος,
1749 3883 1860 3937 ἀλλ’

283 3987 399 4039 οὐδὲ
444 3986 664 4058 διαδοχῇ
719 3985 912 4054 γένους
960 3983 1250 4055 προσήκων
1292 3983 1356 4051 τῇ
1408 3978 1529 4033 καθ’
1581 3976 1861 4049 Ἑϐραίους

287 4080 570 4151 ἰερωσύνῃ.
597 4077 691 4130 Διὸ
723 4076 865 4130 κατά
900 4076 998 4144 τὴν
1043 4073 1207 4127 αὐτοῦ
1258 4072 1432 4138 τάξιν,
1466 4069 1581 4124 ἀλλ’
1614 4068 1673 4121 οὐ
1719 4067 1859 4122 κατά

287 4169 378 4239 τὴν
422 4169 532 4221 τῶν
571 4169 744 4223 ἄλλων
784 4169 845 4222 σύ
857 4168 1027 4239 μϐολα
1081 4167 1176 4219 καὶ
1220 4165 1421 4226 τύπους
1471 4160 1856 4230 ἀνειληφότων,

289 4260 513 4332 Χριστος
539 4263 633 4314 καὶ
679 4263 858 4333 ἱερεὺς
905 4260 1014 4330 (6'2)
1048 4259 1164 4330 μεθ’
1199 4259 1362 4330 ὅρκου
1413 4253 1777 4324 παραλήψεως
1829 4254 1858 4305 ὁ

292 4353 470 4424 Σωτὴρ
519 4354 676 4424 ἡμῶν
723 4352 1109 4424 ἀνηγόρευται.
1143 4348 1305 4402 Ὅθεν
1355 4347 1474 4400 οὐδὲ
1533 4341 1858 4415 σωματικῶς

292 4443 430 4514 παρὰ
467 4443 742 4506 Ἰουδαίοις
775 4441 1066 4514 χρισθέντα
1094 4438 1255 4493 αὐτὸν
1294 4439 1327 4508 ἡ
1374 4433 1580 4506 ἱστορία
1628 4432 1856 4502 παραδὶ-

291 4533 459 4599 δωσιν,
488 4535 602 4588 ἀλλ’
631 4534 739 4587 οὐδ’
765 4537 828 4586 ἐκ
851 4533 1020 4605 φυλῆς
1044 4531 1153 4586 τῶν
1187 4528 1498 4602 ἱερωμένων
1542 4526 1852 4600 γενόμενον,

357 4628 397 4658 ¹³
424 4627 556 4698 Cap.
589 4643 700 4681 LXI.
779 4625 824 4658 “
858 4625 999 4680 Psal.
1038 4638 1184 4678 κων.
1265 4621 1308 4653 ¹⁸
1337 4619 1482 4674 Psal.
1510 4631 1620 4670 cu.

1968 3322 2253 3391 gebantur.
2303 3326 2445 3382 Idem
2476 3331 2602 3386 alibi
2651 3333 2716 3386 de
2768 3331 2858 3387 illo
2895 3334 2973 3389 sic
3026 3335 3312 3406 loquitur:
3351 3357 3368 3389 ι
3396 3339 3535 3394 Dixit

1969 3414 2223 3473 Dominus
2269 3419 2496 3478 Domino
2526 3420 2828 3491 meo,Sede
2863 3441 2892 3481 a
2928 3427 3135 3482 dextris
3181 3431 3335 3494 meis,
3366 3432 3534 3487 donec

1967 3521 2160 3575 ponam
2182 3510 2430 3569 inimicos
2447 3523 2566 3570 tuos
2579 3515 2872 3572 scabelium
2887 3519 3197 3593 pedumlli.
3215 3525 3498 3580 tuorum”.
3513 3545 3532 3576 ι

1966 3598 2030 3652 Ει
2061 3616 2186 3656 mox
2223 3623 2235 3658 :
2275 3624 2293 3658 ι
2321 3600 2400 3662 Ex
2432 3618 2590 3663 utero
2629 3621 2755 3666 ante
2815 3613 3120 3669 Luciferum
3152 3619 3313 3685 genui
3346 3630 3414 3672 te.
3441 3619 3534 3675 Ju-

1966 3695 2104 3748 ravit
2140 3696 2418 3764 Dominus,
2443 3709 2498 3754 et
2546 3717 2652 3757 non
2708 3706 2993 3772 pmuitebit
3029 3722 3174 3760 eum.
3229 3708 3307 3763 Tu
3355 3727 3413 3766 es
3447 3728 3533 3765 sa-

1963 3787 2157 3842 cerdos
2204 3788 2262 3844 in
2311 3803 2569 3848 atemum
2625 3801 2923 3852 secundum
2971 3800 3218 3855 ordinem
3255 3801 3532 3859 Melchise-

1963 3879 2119 3935 dech.
2146 3901 2166 3935 ι
2205 3879 2300 3937 Hic
2333 3899 2498 3954 porro
2525 3887 2919 3945 Melchisedech
2949 3890 3001 3944 in
3035 3892 3211 3947 sacris
3258 3893 3414 3950 libris
3444 3896 3531 3950 iu-

1965 3975 2180 4030 ducitur
2212 3979 2472 4036 sacerdos
2522 3981 2618 4038 Dei
2662 3984 2937 4049 altissimi,
2967 3987 3060 4040 sed
3106 4000 3210 4040 non
3266 3987 3532 4056 ejusmodi

1962 4067 2052 4135 qui
2085 4066 2316 4122 confecti
2346 4067 2574 4139 alicujus
2599 4073 2701 4127 olei
2734 4073 2990 4131 unctione
3023 4089 3398 4148 consecratus,
3431 4097 3531 4138 nec

1959 4158 2049 4227 qui
2084 4162 2296 4226 generis
2329 4164 2672 4218 successione
2701 4164 2842 4235 apud
2873 4164 3130 4222 IIebrmos
3163 4170 3529 4226 sacerdotiqu

1960 4251 2032 4304 sit
2058 4252 2304 4321 adeptus.
2335 4253 2546 4311 Idcirco
2593 4257 2889 4313 secundum
2924 4258 3069 4314 illius
3100 4259 3364 4329 ordinem,
3420 4279 3528 4320 non

1961 4349 2139 4396 autem
2170 4348 2462 4400 secundum
2490 4349 2733 4404 ordinem
2759 4349 3010 4411 aliorum,
3043 4353 3132 4422 qui
3167 4353 3364 4422 ﬁguras
3387 4359 3527 4410 'dun-

1959 4439 2110 4487 taxat
2136 4443 2191 4489 et
2223 4437 2373 4507 signa
2402 4449 2774 4511 susceperant,
2801 4441 3058 4496 Servatur
3091 4454 3275 4498 noster
3292 4461 3414 4500 cum
3432 4447 3522 4514 ju-

1963 4523 2251 4593 risjurandi
2292 4529 2593 4597 adjectioue
2639 4533 2887 4590 Christus
2930 4544 2984 4589 et
3023 4537 3278 4592 sacerdos
3327 4553 3526 4594 renun-

294 4703 418 4777 Fuk.
443 4738 508 4776 ac
549 4722 717 4775 Savil.
746 4721 1012 4790 scriptum
1058 4721 1262 4790 habent
1306 4712 1466 4790 παρά
1497 4711 1590 4765 τοῦ
1620 4709 1850 4790 ’Πατρδς
1882 4712 1924 4766 D
1957 4708 2107 4790 εῖοῐξθ
2134 4704 2251 4774 eius
2275 4705 2998 4790 9_I?P3"Q!-_qu}el“r_tamen
3028 4709 3079 4761 ίη
3113 4708 3522 4790 οοάῖοοᾙςιξῑο.

295 4793 604 4863 κεκόσμητο,
647 4783 876 4847 rectius.
923 4791 1086 4863 Certe
1136 4783 1498 4863 Nicepliorus,
1543 4783 1631 4863 qui
1683 4783 1851 4863 Euse-

297 4867 424 4917 bium
447 4855 664 4930 "ubique
703 4863 838 4916 solet
866 4860 1196 4932 exscribere,
1243 4855 1345 4932 hoc
1381 4857 1498 4909 loco
1543 4855 1705 4932 habet
1745 4868 1852 4932 πα-

295 4932 484 5004 mea.
523 4921 592 4988 Et
649 4935 876 5004 verbum
919 4931 1060 4999 quod
1119 4921 1654 5004 praximeseqiiitur
1694 4921 1850 5003 κεκό-

301 4992 472 5072 σμητο,
503 5006 576 5057 ita
616 4992 959 5058 scribendum
990 4992 1435 5054 esse-convincit.
1477 4992 1847 5072 Nequeﬁenim

298 5061 572 5127 Ι·”ι1ιιιεί)θὶ
621 5090 654 5125 a
689 5073 896 5148 Spiritu
939 5082 1128 5148 sancto
1175 5064 1629 5148 ornaturnsedia
1663 5061 1844 5148 Dalre.

297 5145 346 5218 In
378 5144 669 5218 veteribus
693 5134 909 5218 sébedis
950 5142 1242 5218 scripturn.
1276 5135 1452 5218 inveni
1498 5139 1631 5218 πνξς.
1673 5134 1848 5218 Atque

299 5214 362 5266 ita
395 5215 455 5267 ad
500 5213 802 5282 marginem
845 5206 1088 5265 Medicaa
1127 5207 1329 5264 codicis
1375 5206 1720 5259 emendatum
1765 5211 1848 5255 est

299 5285 462 5337 eadem
495 5297 678 5349 manu.

356 5355 455 5426 (60)
635 5352 703 5426 τὸ
755 5351 852 5426 διὰ
913 5349 1200 5426 σωμᾲτςιγν
1258 5341 1621 5426 σζκριμαστόν.
1674 5340 1843 5426 (Ὶοιίίόζ

296 5421 411 5476 Fuk.
435 5412 488 5478 el
523 5425 696 5477 Savil.
741 5412 1014 5491 scriptum,
1045 5420 1245 5493 habent
1285 5417 1350 5470 δι’
1375 5413 1700 5493 ἀρωμάτων.
1739 5412 1844 5492 sed

298 5495 407 5546 nihil
456 5511 595 5565 opus
651 5501 736 5548 est
789 5487 890 5565 hac
939 5489 1341 5565 emendatione.
1391 5487 1650 5565 $cquitur
1699 5487 1843 5536 enim

296 5557 580 5642 paulqpost
617 5565 781 5642 ἐλαίῳ
807 5564 865 5615 οὐ
897 5562 973 5642 τῷ
1005 5560 1063 5626 ἐξ
1101 5559 1231 5629 ὕλης
1260 5557 1548 5642 σωμάτων.
1573 5623 1619 5642 Δ

352 5626 470 5705 (δυ’
503 5626 806 5690 Ἰάσασθὰι
832 5626 972 5698 τοὺς·
1001 5626 1536 5706 σ-υιττετριμμένοιξς
1563 5626 1681 5706 thin
1707 5639 1845 5706 σφρ-

292 5695 601 5760 δίάνίΤοιει
637 5708 753 5763 hcce
787 5695 1035 5775 pericope
1076 5695 1230 5775 abest
1264 5695 1842 5775 {nostris-codicibus

291 5775 426 5842 Μία..
459 5778 601 5832 Med.
629 5792 695 5830 ac
730 5766 864 5828 Fuit.
898 5766 1057 5833 Ds'cs.
1088 5773 1247 5824 etiam
1281 5770 1332 5822 in
1366 5767 1636 5842 veteribus
1680 5766 1838 5817 sche-

256 5850 371 5906 σοι.
397 5839 499 5905 Sed
531 5863 716 5916 neque
747 5845 972 5897 llulinus
1013 5857 1133 5895 eam
1181 5839 1456 5909 agnoscit,
1504 5845 1559 5889 ιιι
1602 5850 1666 5890 ex
1715 5848 1836 5887 ver-

587 5942 866 6001 ΡΑτιιοι..
913 5935 1028 5996 Gn.
1079 5935 1227 5994 XX.

1385 6009 1412 6027 ν

1955 4787 2008 4831 et
2054 4780 2106 4832 in
2155 4779 2366 4832 cunctis
2412 4777 2739 4831 editionihus
2786 4780 2938 4833 Isaiae
2985 4793 3101 4847 cap.
3143 4794 3252 4832 tu.
3307 4777 3524 4834 Videtur

1955 4858 2133 4920 tamen
2155 4847 2237 4920 fab
2268 4847 2518 4920 Eusebio
2570 4851 2928 4920 prajterniissa
2967 4849 3053 4902 hic
3098 4864 3250 4913 esse,
3297 4851 3376 4903 vel
3430 4867 3524 4920 per

1955 4918 2395 4986 imprudentiam,
2424 4917 2547 4969 dum
2583 4918 2733 4971 Isaiae
2756 4919 2919 4973 verba
2951 4921 3266 4973 memoriter
3288 4917 3522 4980 reeitat;

1959 4988 2037 5040 vel
2070 4987 2135 5041 de
2164 4987 2450 5051 industria,
2479 5005 2542 5040 eu
2573 4990 2713 5057 quod
2761 4989 2874 5044 bmc
2911 4989 3072 5042 verba
3107 5004 3295 5055 parum
3326 4992 3388 5044 ad
3432 4993 3515 5046 in-

1955 5059 2200 5111 stitutum
2243 5059 2412 5126 ipsius
2449 5057 2627 5112 facere
2667 5058 3004 5112 videbantur.
3037 5059 3127 5112 Sic
3159 5073 3321 5125 supra
3365 5071 3520 5117 nota-

1957 5128 2129 5180 vimus
2158 5128 2422 5198 integram
2464 5130 2770 5198 perieopem
2801 5143 2864 5182 ex
2899 5129 3190 5197 Evangelio
3205 5128 3433 5198 Joannis
3455 5134 3522 5181 ah

1953 5212 2018 5251 eo
2060 5199 2316 5250 omissam
2351 5197 2537 5251 fuisse.
2567 5197 2723 5252 Certe
2753 5198 3014 5268 Origenes
3042 5200 3097 5253 in
3131 5210 3276 5252 tomo
3313 5201 3326 5252 Ι
3366 5197 3522 5254 Com-

1953 5269 2328 5320 mentariorum
2370 5271 2425 5320 in
2455 5268 2741 5335 Joannem,
2791 5270 2882 5323 ubi
2930 5270 3108 5324 locum
3162 5269 3312 5323 Isaia).
3357 5271 3519 5331 citat,

1955 5339 2093 5409 hanc
2137 5353 2352 5406 quoque
2403 5339 2704 5408 perii-opem
2756 5354 2859 5394 non
2895 5341 3160 5409 agnoscit,
3199 5353 3298 5393 nec
3333 5338 3522 5393 Petrus

1952 5406 2430 5479 Alexandrinusin
2466 5406 2714 5463 seru—none
2747 5409 2822 5464 De
2859 5406 3184 5479 paenitentia,
3215 5412 3518 5469 eanoue‘z;

1954 5492 2051 5530 nec
2082 5477 2312 5531 Basilius
2343 5477 2688 5532 Seleucensis
2717 5481 2770 5533 in
2801 5477 3046 5535 oratione
3078 5480 3167 5534 58.

2024 5549 2134 5616 ((52)
2174 5549 2426 5616 Χριστὸς
2450 5547 2543 5600 καὶ
2588 5551 2796 5616 ἱερεύς.
2839 5551 3014 5604 Nostri
3043 5551 3260 5604 codices
3291 5547 3427 5602 Max.
3457 5563 3523 5602 ac

1955 5618 2090 5672 Med.
2130 5635 2250 5673 eum
2293 5616 2428 5690 Fuk.
2457 5633 2521 5670 ac
2553 5619 2716 5690 Savil.
2752 5621 3012 5688 scriptum
3051 5620 3250 5675 habent
3287 5617 3521 5690 Χριστὸς

1950 5691 2043 5761 καὶ
2082 5689 2396 5761 ἀρχιερεύς,
2437 5702 2596 5756 quam
2636 5689 2918 5743 lectionem
2968 5691 3132 5744 etiam
3183 5692 3238 5745 in
3281 5689 3522 5758 margine

1952 5759 2099 5830 ltegii
2121 5759 2332 5815 radicis
2359 5761 2646 5827 ascriptam
2679 5761 2876 5814 iuveni.

3167 5918 3207 5975 3
