3966 6264
238 336 311 389 77
1258 333 1605 389 HISTORIA!
1646 330 2199 388 ECCLESIASTICJS
2243 329 2367 382 LIB.
2408 328 2449 380 ι.
3404 333 3474 389 7g

244 457 415 515 ἐθνῶν
478 454 1035 527 πολυανθρωπότατὸν
1108 474 1165 510 τε
1223 460 1316 511 καὶ
1383 459 1813 521 θεοσεϐέστατον,

1923 454 2158 508 omnium
2190 452 2464 507 nationum
2494 449 2903 519 populosissima
2939 466 3003 505 ac
3030 451 3433 520 religiosissima
3456 499 3473 523 ,

244 550 419 621 ταύτῃ
445 565 501 599 τε
530 546 836 617 ἀνώλεθρον
868 550 964 602 καὶ
997 550 1281 619 ἀήττητον,
1395 552 1486 602 καὶ
1532 549 1679 601 ἐσαεὶ
1717 548 1817 618 τῆς

247 641 398 711 παρὰ
421 637 548 691 Θεοῦ
586 638 841 709 βοηθείας
892 639 1171 709 τυγχάνει,
1220 641 1423 711 χρόνων
1460 638 1817 711 προθεσμίαις

246 736 498 804 ἀρρἠοις
533 731 747 801 ἁθρόως
793 730 968 795 οὕτως
1003 732 1336 803 ἀναπέφηνε,
1394 733 1455 785 τὸ
1509 732 1660 803 παρὰ
1705 734 1818 795 τοῖς

245 828 375 877 πᾶσι
403 827 464 893 τῇ
496 823 590 875 τοῦ
615 823 850 893 Χριστοῦ
886 825 1223 896 προσηγορίᾳ
1252 825 1625 894 τετιμημένον.
1650 824 1819 877 Τοῦτο

240 918 333 968 καὶ
384 915 681 985 προφητῶν
728 917 1048 986 κατεπλάγη
1093 934 1175 981 τις
1216 917 1357 969 θείου
1403 917 1715 986 Πνεύματος
1764 918 1820 969 ό-

240 1005 472 1074 ᾳθαλμῴ
499 1006 558 1058 τὸ
575 1005 769 1075 μέλλον
791 1005 1009 1058 έσεσθαι
1037 1006 1441 1077 προθεωρήσας,
1472 1006 1546 1069 ὡς
1573 1006 1666 1060 καὶ
1696 1005 1817 1059 τάδε

236 1097 686 1165 ἀναφθέγξασθαι
709 1113 723 1127 δ
769 1117 787 1148 ι
817 1099 915 1161 Τίς
951 1099 1146 1168 ἤκουσε
1174 1099 1430 1163 retain;
1476 1100 1569 1152 καὶ
1590 1099 1673 1162 τίς
1703 1099 1817 1152 ἑλά-

235 1190 400 1258 λησεν
429 1190 612 1252 οὕτως
643 1189 788 1260 (67);
822 1190 869 1241 εἰ
904 1189 1055 1242 ὢδινε
1082 1190 1153 1260 γῆ
1185 1191 1241 1241 ὲν
1279 1192 1375 1260 μιᾷ
1405 1191 1607 1261 ἡμέρᾳ,
1644 1192 1738 1243 καὶ
1769 1193 1817 1242 εί

232 1281 432 1352 ἐτέχθη
482 1281 640 1344 ἔθνος
690 1280 945 1353 είσάπαξ;
975 1299 991 1332 ι
1030 1281 1415 1351 ’Υποσημαίνει
1458 1281 1516 1334 δέ
1562 1300 1676 1344 πως
1726 1285 1818 1335 καὶ

230 1377 332 1443 τὴν
361 1372 673 1441 μέλλουσαν
696 1374 725 1424 ό
756 1371 919 1434 αὐτὸς
962 1372 1345 1441 προσηγορίαν,
1382 1372 1585 1440 λέγων’
1629 1393 1647 1424 ι
1696 1372 1818 1436 Τοῖς

229 1466 287 1517 δὲ
310 1463 633 1517 δουλεύουσί
667 1480 756 1532 μοι
781 1461 1107 1534 κληθήσεται
1127 1462 1293 1533 ὄνομα
1323 1465 1523 1529 καινὸν,
1553 1465 1579 1518 ὃ
1600 1465 1819 1534 εὐλογη-

229 1556 467 1626 θῂσεται
525 1556 621 1607 ἐπὶ
662 1556 759 1625 τῆς
811 1554 934 1623 γῆς.
981 1572 997 1604 ι
1043 1553 1180 1605 Ἀλλ’
1235 1556 1283 1606 εἰ
1332 1555 1427 1607 καὶ
1473 1556 1580 1608 νέοι
1631 1554 1818 1623 σαφῶς

229 1648 419 1714 ἡμεῖς,
454 1645 732 1698 καὶτοῦτο
761 1644 944 1696 καινὸν
988 1644 1155 1708 ὗντως
1194 1646 1363 1715 ὄνομα
1390 1644 1451 1697 τὺ
1480 1645 1818 1714 Χριστιανῶν

231 1736 445 1804 ἀρτίως
478 1733 635 1804 παρὰ
668 1734 833 1785 πᾶσιν
862 1731 1033 1785 ἔθνεσι
1061 1734 1402 1806 γνωρίζεται,
1436 1738 1464 1788 ό
1511 1734 1622 1803 βίος
1660 1734 1703 1787 δ’
1727 1730 1818 1787 οὖν

227 1826 383 1893 ὅμως
414 1825 517 1877 καὶ
544 1824 878 1894 τῆςάγωγῆς
910 1826 937 1876 ὁ
964 1826 1181 1897 τρόπος,
1215 1826 1395 1889 αὐτοῖς
1432 1827 1709 1890 εὐσεϐείας
1733 1827 1817 1879 δά-

228 1933 465 1985 γμασιν,
488 1917 576 1969 ὅτι
608 1918 685 1989 μὴ
719 1918 941 1990 ἔναγχος
976 1919 1064 1987 ὑφ’
1108 1917 1264 1988 ἡμῶν
1302 1917 1719 1981 ἐπιπέπλασται,
1758 1922 1820 1972 ἐκ

230 2008 465 2081 πρώτης
484 2009 544 2061 δὲ
576 2010 653 2072 ὡς
668 2012 837 2062 εἰπεῖν
862 2010 955 2063 ὰνο
967 2028 1040 2081 ρω
1051 2009 1297 2076 πογονίας
1314 2012 1565 2076 φυσικαῖς
1595 2010 1821 2074 ἐννοίαις

231 2103 340 2154 τῶν
377 2103 558 2155 παλαι
591 2102 854 2169 θεοφιλῶν
898 2101 1105 2172 ἀνδρῶν
1150 2100 1515 2171 κατωρθοῦτο,
1573 2095 1674 2154 ὧδέ
1706 2119 1821 2164 πως

234 2191 606 2261 ἐπιδείξομεν.
658 2192 729 2243 Οὐ
758 2190 895 2252 νέον,
930 2189 1061 2242 ἀλλὰ
1101 2189 1193 2242 καὶ
1226 2188 1375 2258 παρὰ
1408 2189 1571 2239 πᾶσιν
1608 2185 1818 2257 ἀνθρώ-

237 2298 362 2344 ποις
415 2283 740 2353 ἀρχαιότητι
790 2280 1151 2350 τετιμημένον
1194 2278 1367 2342 ἔθνος,
1416 2281 1524 2341 τοῖς
1564 2281 1697 2330 πᾶσι
1731 2279 1821 2330 καὶ

238 2374 371 2424 αὐτὸ
392 2372 696 2443 γνώριμον,
730 2373 787 2423 τὸ
822 2373 1083 2441 Ἐϐραίων
1114 2371 1384 2441 τυγχάνει.
1403 2371 1562 2437 Λόγοι
1585 2369 1646 2440 δὴ
1676 2370 1821 2440 παρὰ

241 2463 417 2533 τούτῳ
462 2463 561 2515 καὶ
597 2461 901 2533 γράμματα
951 2462 1209 2523 παλαιοὺς
1243 2460 1438 2530 ἄνδρας
1486 2459 1819 2530 περιέχουσι,

244 2554 513 2616 σπανίους
560 2554 659 2624 μὲν
698 2555 790 2606 καὶ
833 2552 1048 2624 ἀριθμῷ
1079 2552 1318 2624 βραχεῖς,
1354 2551 1465 2603 ἀλλ’
1493 2552 1639 2619 ὅμως
1672 2551 1820 2602 adca-

246 2646 365 2716 δεία
400 2648 495 2697 καὶ
526 2640 840 2716 δικαιοσίδνῃ
871 2646 963 2698 καὶ
993 2645 1138 2717 πάσῃ
1171 2647 1233 2713 τῇ
1266 2643 1422 2713 λοιπῇ
1451 2641 1820 2708 διενεγκόντας

245 2738 435 2809 ἀρετῇ.
503 2738 619 2809 Πρδ
648 2738 745 2807 μέν
779 2755 842 2806 γε
898 2737 991 2790 τοῦ
1042 2735 1446 2805 κατακλυσμοῦ,
1498 2734 1821 2804 διαφόρους·

249 2831 388 2901 μετὰ
414 2831 473 2883 δὲ
498 2832 595 2883 καὶ
624 2830 832 2893 τοῦτον,
860 2831 1079 2900 ἐτέρους
1108 2828 1215 2880 τῶν
1246 2844 1306 2878 τε
1336 2826 1429 2878 τοῦ
1466 2824 1584 2877 Νῶε
1616 2824 1821 2879 παίδων

249 2925 339 2975 καὶ
371 2922 680 2988 ἀπογόνων,
706 2920 843 2992 ἀτὰρ
872 2923 962 2973 καὶ
993 2920 1083 2972 τὸν
1120 2920 1367 2990 Ἀϐραὰμ
1396 2919 1529 2990 (68),
1557 2919 1615 2971 ὃν
1647 2919 1820 2990 ἀρχη-

247 3015 340 3081 γὸν
394 3014 490 3066 καὶ
547 3016 867 3083 προπάτορα
903 3012 1051 3081 σφῶν
1099 3012 1278 3065 αὐτῶν
1326 3012 1514 3075 παῖδες
1560 3012 1822 3083 Ἐϐραίων

250 3104 498 3173 nixo-33:.
524 3104 740 3165 Πάντας
762 3103 805 3155 δ’
845 3103 1081 3164 ἐκείνους
1112 3102 1420 3172 δικαιοσύνῃ
1471 3118 1822 3173 μεμαρτυρη-

252 3196 472 3261 μένους,
504 3195 563 3259 ἐξ
590 3195 754 3248 αὐτοῦ
777 3195 870 3247 τοῦ
896 3193 1143 3265 Ἀϐραὰμ
1170 3196 1261 3247 ἐπὶ
1283 3196 1374 3247 τὸν
1396 3194 1612 3265 πρῶτον
1645 3193 1821 3247 ἀνιοῦ-

253 3306 333 3339 σιν
369 3288 680 3358 ἄνθρωπον,
705 3287 853 3357 ἔργῳ
897 3286 1251 3355 Χριστιανοὺς
1283 3289 1328 3339 εί
1368 3287 1461 3339 καὶ
1495 3285 1568 3356 μὴ
1600 3285 1823 3355 ὀνόματι

252 3376 565 3447 προσειπών
586 3394 689 3440 τις,
719 3377 818 3429 οὐκ
849 3375 913 3429 ἂν
937 3375 1090 3437 ἐκτὸς
1115 3375 1263 3444 βάλοι
1308 3376 1405 3446 τῆς
1449 3375 1723 3445 ἀληθείας.
1759 3375 1822 3426 Ὃ

254 3471 357 3539 γάρ
401 3486 485 3522 τοι
532 3468 727 3539 δηλοῦν
770 3467 940 3520 ἐθέλει
978 3465 1213 3537 τοῦνομα
1244 3467 1304 3520 τὸ
1332 3466 1656 3539 Χριστιανοῦ
1689 3466 1819 3536 (69),

254 3562 418 3631 ἄνδρα
445 3560 534 3612 διὰ
560 3560 661 3629 τῆς
694 3559 787 3612 τοῦ
818 3558 1051 3629 Χριστοῦ
1077 3557 1329 3626 γνώσεως
1352 3557 1819 3621 καὶδιδασκαλίας,

258 3652 580 3721 σωφροσύνῃ
616 3651 711 3704 καὶ
759 3650 1091 3721 δικαιοσύνῃ,
1146 3651 1407 3722 καρτερίᾳ
1452 3668 1511 3703 τε
1569 3650 1680 3719 βίου
1730 3649 1823 3703 καὶ

255 3744 449 3811 ἀρετῆς
483 3743 700 3813 ἀνδρίᾳ,
731 3742 1007 3806 εὐσεϐείας
1049 3760 1109 3796 τε
1153 3742 1411 3813 ὁμολογίᾳ
1442 3742 1557 3805 ἐνὸς
1596 3744 1689 3794 καὶ
1725 3742 1820 3811 μό-

256 3852 341 3886 νου
367 3836 459 3887 τοῦ
491 3836 586 3887 ἐπὶ
612 3836 830 3889 πάντων
861 3837 994 3889 Θεοῦ
1018 3835 1359 3905 διαπρέπειν,
1379 3834 1535 3887 τοῦτο
1561 3835 1667 3886 πᾶν
1690 3834 1824 3886 ἑκεί-

256 3941 360 3986 νοις
385 3925 445 3975 οὐ
467 3928 651 3994 χεῖρον
686 3925 840 3995 ἡμῶν
861 3925 1237 3988 ἐσπουδάζετο.
1268 3925 1391 3979 Οἴη*
1436 3921 1528 3978 οὖν
1575 3924 1822 3995 σώματος

256 4016 429 4078 αὐτοῖς
460 4016 767 4089 περιτομῆς
793 4015 1000 4086 ἔμελεν,
1032 4017 1114 4069 ὅτι
1157 4015 1289 4085 μηδὲ
1326 4018 1488 4087 ἡμῖν·
1527 4020 1586 4070 οὺ
1623 4018 1824 4071 σαϐϐα-

258 4124 359 4160 των
401 4110 806 4179 ὲπιτηρήσεως,
857 4110 938 4161 ὅτι
1008 4108 1141 4178 μηδὲ
1198 4111 1328 4178 ἡμῖν
1352 4125 1366 4138 ·
1406 4110 1519 4162 ἀλλ’
1550 4111 1669 4163 οὐδὲ
1708 4114 1821 4187 *τῶν

258 4200 464 4253 τοιῶνδε
489 4202 703 4271 τροφῶν
731 4202 1143 4271 παραφυλακῆς,
1172 4202 1292 4253 οὐδὲ
1336 4202 1443 4253 τῶν
1481 4203 1655 4255 ἄλλων
1708 4204 1823 4257 δια-

260 4291 461 4360 στολῆς,
493 4293 595 4345 ὂσα
617 4296 727 4355 τοῖς
753 4295 1043 4362 μετέπειτα
1075 4294 1289 4363 πρῶτος
1306 4297 1557 4348 ἁπάντων
1587 4296 1825 4366 “magis

260 4383 558 4453 ἀρξάμενος
588 4386 646 4436 ἐν
690 4385 975 4454 συμϐόλοις
1018 4387 1284 4439 τελιῖσθαι
1317 4388 1714 4458 παραδέδωκεν,
1741 4392 1823 4443 ὅτι

1921 540 2353 610 inexpugnabilis
2382 541 2446 593 ad
2475 540 2588 594 haec
2615 550 2669 593 et
2705 538 2900 593 invicta
2928 554 2992 595 eo
3012 543 3155 610 quod
3205 541 3297 597 Dei
3322 550 3477 600 auxi.

1918 634 1989 688 lio
2018 648 2230 702 semper
2259 632 2460 686 munita
2505 633 2594 694 sit,
2631 631 2848 685 statutis
2877 632 2942 687 ab
2984 647 3180 688 arcana
3215 636 3307 691 Dei
3352 654 3477 707 pro-
3531 611 3537 625 ‘

1919 724 2155 777 videntia
2176 723 2505 791 temporibus
2526 732 2743 792 repente
2760 724 2810 776 in
2831 724 2998 778 lucem
3017 727 3262 789 emersit,
3277 726 3477 783 Christi

1920 813 2138 877 nomine
2178 813 2319 881 apud
2366 828 2552 867 omnes
2581 813 2780 883 ubique
2820 814 3121 870 nobilitata.
3158 817 3309 871 llanc
3350 834 3479 885 pro-

1919 906 2077 973 pheta
2102 904 2316 972 quidam
2349 904 2509 957 divini
2536 903 2770 972 Spiritus
2801 908 2955 961 oculo
2997 922 3117 963 cum
3160 915 3475 980 prospexis-

1919 1003 2021 1058 set,
2053 1002 2202 1048 tanta
2237 994 2591 1049 admiratione
2619 998 2896 1064 perculsus
2926 1007 3026 1063 est,
3056 1009 3114 1053 ut
3142 1001 3225 1057 his
3252 1006 3478 1060 vocibus

1919 1086 2285 1142 exclamaret:
2323 1105 2342 1139 ι
2382 1086 2512 1153 Quis
2542 1088 3131 1162 andivittalia?etquis
3165 1096 3243 1149 sic
3273 1097 3478 1151 locutus

1919 1178 2041 1232 est?
2088 1177 2339 1246 Nunquid
2378 1181 2633 1246 parturiit
2685 1190 2823 1234 terra
2859 1183 2911 1235 in
2961 1199 3064 1237 una
3099 1186 3220 1239 die?
3247 1196 3300 1241 et
3333 1204 3477 1242 nun-

1918 1270 2045 1339 quid
2076 1286 2206 1339 gens
2226 1271 2367 1324 edita
2393 1279 2473 1325 est
2504 1286 2609 1325 uno
2642 1275 2840 1340 partu?
2878 1292 2896 1325 ι
2938 1275 3107 1344 ipSam
3139 1292 3265 1332 vero
3293 1283 3479 1349 appel-

1921 1363 2171 1416 lationem
2203 1364 2341 1417 idem
2367 1364 2625 1432 propheta
2662 1365 2923 1434 designat,
2964 1368 3077 1423 hac
3106 1370 3290 1425 dicens
3318 1390 3332 1428 :
3372 1392 3390 1425 ι
3414 1375 3479 1427 Et

1920 1454 2280 1507 servientibus
2312 1456 2441 1509 mihi
2492 1456 2796 1524 imponetur
2843 1474 3036 1514 nomen
3088 1477 3307 1528 novum,
3338 1469 3478 1533 quod

1923 1546 2268 1599 benedicetur
2308 1546 2360 1600 in
2420 1548 2662 1602 ιρι-τοίω.
2705 1568 2723 1601 ι
2770 1551 2962 1606 Verum
3027 1556 3242 1611 tametsi
3275 1558 3479 1626 absque

1919 1638 2286 1692 controversia
2343 1638 2540 1693 novelli
2585 1656 2791 1706 sumus,
2848 1653 2902 1697 et
2955 1645 3057 1700 hoc
3100 1662 3293 1702 novum
3334 1660 3482 1707 certe

1921 1728 2351 1783 Christianorum
2391 1744 2589 1784 nomen
2623 1748 2794 1801 nuper
2826 1735 3072 1792 omnibus
3100 1738 3361 1806 innotuit;
3395 1758 3481 1797 se-

1924 1828 2063 1873 ctam
2094 1829 2270 1874 tamen
2294 1822 2666 1891 rationemque
2697 1824 2902 1879 vivendi
2924 1842 3029 1883 non
3058 1843 3247 1886 recens
3272 1846 3300 1884 a
3324 1833 3481 1889 nobis

1922 1895 2299 1978 compositam:
2353 1914 2447 1966 sed
2491 1913 2603 1981 jam
2639 1916 2765 1969 inde
2806 1931 2836 1968 a
2865 1918 3057 1985 primo,
3087 1927 3146 1973 ut
3174 1922 3245 1974 ita
3277 1922 3475 1986 dicam,

1923 2004 2140 2057 conditu
2177 2005 2391 2072 generis
2415 2004 2653 2071 immani,
2683 2022 2748 2061 cx
2781 2008 3092 2065 notionibus
3122 2026 3151 2065 a
3184 2022 3372 2069 natura
3399 2017 3480 2070 in-

1923 2092 2063 2156 sitis,
2087 2094 2154 2147 ab
2192 2094 2502 2150 hominibus
2531 2096 2640 2150 Deo
2688 2102 2926 2168 acceptis
2954 2101 3271 2163 institutam
3313 2115 3482 2176 atque

1922 2186 2187 2237 excultam
2222 2185 2407 2250 fuisse,
2455 2187 2533 2241 sic
2584 2188 2956 2247 demonstrare
3005 2196 3343 2252 conabimur.
3376 2197 3481 2254 He.

1925 2279 2189 2331 brzeorum
2223 2286 2436 2347 gentem
2466 2280 2881 2351 haudquaquam
2923 2297 3191 2342 recentem
3219 2304 3359 2357 esse,
3386 2293 3481 2347 sed

1925 2370 2205 2424 vetustatis
2245 2372 2417 2438 gratia
2450 2372 2590 2440 apud
2615 2386 2804 2428 omnes
2832 2375 2883 2429 in
2910 2376 3116 2433 honore
3140 2379 3328 2436 haberi
3357 2396 3483 2437 cun-

1927 2462 2028 2515 ctis
2061 2460 2405 2515 notissimum
2432 2472 2535 2516 est.
2571 2462 2707 2517 Sunt
2734 2465 2873 2533 apud
2913 2481 3031 2521 eam
3070 2470 3251 2539 prisca
3288 2488 3475 2528 monu~

1927 2561 2125 2617 menta,
2180 2551 2458 2620 inquibus
2501 2554 2847 2610 continentur
2897 2573 2983 2614 res
3036 2571 3201 2629 gesta;
3238 2572 3480 2619 veterum

1925 2643 2276 2711 quorumdam
2312 2646 2679 2716 virorum,qui
2709 2648 2837 2703 licet
2865 2650 2973 2704 rari
2999 2667 3061 2707 ac
3089 2655 3363 2723 perpauci,
3395 2669 3483 2710 re-

1926 2738 2144 2808 ligione,
2174 2738 2380 2805 justitia
2404 2754 2467 2792 ac
2492 2741 2703 2795 caeteris
2729 2742 3015 2797 virtutibus
3041 2744 3275 2814 reliquos
3294 2762 3484 2803 omnes

1924 2827 2081 2897 longe
2122 2837 2466 2895 superarunt.
2504 2828 2569 2881 Et
2614 2840 2740 2882 ante
2786 2830 3044 2885 diluvium
3093 2834 3310 2897 quidem
3349 2850 3486 2889 non-

1924 2919 2051 2973 nulli
2107 2929 2637 2974 commemorantur:
2672 2930 2791 2989 post
2834 2921 3093 2976 diluvium
3140 2936 3319 2979 autem
3370 2927 3482 2990 alii,

1924 3010 2117 3079 partim
2149 3027 2212 3065 ex
2243 3011 2356 3065 Noe
2410 3012 2616 3078 liberis,
2653 3013 2849 3081 partim
2880 3029 2947 3069 ex
3001 3030 3187 3070 eorum
3230 3018 3483 3085 posteris.

1929 3101 2069 3155 Inter
2088 3118 2223 3171 quos
2249 3103 2413 3158 etiam
2438 3105 2704 3159 Abraham
2726 3120 2882 3175 quem
2908 3106 3125 3176 quidem
3152 3110 3484 3164 conditorem

1925 3204 2309 3263 auctoremque
2354 3196 2567 3262 generis
2605 3195 2685 3247 sui
2720 3196 2929 3263 jac-tant
2970 3194 3201 3251 Hebraei.
3243 3196 3393 3264 Quod
3441 3201 3487 3254 si

1924 3287 2046 3356 quis
2076 3302 2267 3341 omnes
2292 3286 2433 3349 illos,
2461 3302 2690 3356 quorum
2717 3286 2929 3354 justitia
2963 3296 3071 3339 tam
3110 3287 3309 3343 illustri
3343 3289 3487 3344 testi-

1925 3378 2106 3432 monio
2130 3378 2478 3447 comprobata
2505 3388 2619 3443 est,
2652 3378 2721 3452 ab_
2752 3378 3025 3432 Abraham
3069 3378 3222 3433 initio
3248 3392 3486 3450 sumpto,

1923 3470 1991 3525 ad
2029 3471 2262 3541 primum
2295 3485 2467 3539 usque
2499 3470 2774 3525 hominem
2806 3485 3112 3535 recurrens,
3151 3472 3491 3527 Christianos

1926 3578 2029 3616 non
2073 3562 2288 3631 quidem
2334 3562 2554 3618 nomine
2575 3562 2666 3617 sed
2700 3578 2757 3616 re
2802 3562 2914 3630 ipsa
2953 3561 3120 3617 fuisse
3168 3562 3415 3631 afﬁrmet,
3445 3565 3490 3619 is

1925 3663 2073 3707 certe
2107 3669 2210 3707 non
2248 3651 2432 3722 procul
2465 3666 2495 3705 a
2522 3651 2751 3706 veritate
2784 3653 3140 3706 aberravcrit.
3191 3652 3327 3707 Nam
3366 3669 3488 3709 cum

1924 3745 2218 3802 Christiani
2245 3746 2464 3800 nomine
2491 3744 2621 3799 nihil
2645 3745 2789 3797 aliud
2818 3744 3172 3814 significetur,
3203 3746 3307 3816 16
3328 3761 3488 3815 quam

1927 3840 2007 3892 vir
2048 3838 2138 3908 qui
2175 3853 2271 3906 per
2318 3836 2521 3891 Christi
2560 3835 2928 3904 cognitionem
2980 3847 3143 3905 atque
3187 3836 3488 3891 doctrinam

1926 3931 2207 3994 modestia,
2244 3928 2477 3998 justitia,
2510 3928 2817 3991 tolerantia,
2851 3926 3174 3981 fortitudine
3203 3935 3256 3981 et
3276 3927 3491 3998 pietatis

1925 4021 2211 4089 cultusque
2262 4020 2425 4074 unius
2475 4016 2566 4085 qui
2597 4031 2760 4086 super
2791 4016 2973 4069 omnia
3009 4024 3110 4080 est,
3149 4015 3240 4069 Dei
3272 4015 3487 4085 profes-

1926 4111 2076 4165 sione
2101 4118 2327 4165 ornatus
2351 4116 2466 4176 est;
2494 4108 2610 4162 haec
2633 4107 2814 4160 otriuia
2839 4116 3052 4159 veteres
3074 4105 3149 4159 illi
3174 4121 3277 4160 non
3310 4105 3489 4158 minus

1926 4204 2163 4258 studiose
2194 4216 2354 4272 quam
2381 4214 2478 4263 nos
2513 4200 2887 4254 excoluerunt.
2922 4196 3109 4267 Itaque
3136 4212 3232 4252 nec
3259 4198 3490 4251 circum-

1926 4295 2207 4359 cisiouem,
2246 4306 2346 4347 nec
2394 4290 2689 4345 Sabbatum
2724 4289 3015 4343 observare
3056 4304 3199 4343 cura:
3233 4287 3338 4342 illis
3387 4285 3490 4339 fuit

1926 4388 2067 4440 sicut
2104 4399 2205 4438 nec
2233 4382 2386 4438 nobis
2418 4400 2433 4435 :
2467 4396 2643 4449 neque
2670 4396 2699 4432 a
2740 4380 2906 4434 certis
2929 4379 3069 4432 cibis
3109 4378 3407 4440 abstinere,
3437 4387 3492 4428 et

266 4477 387 4545 μηδὲ
448 4476 544 4527 νῦν
567 4478 909 4546 Χριστιανῶν
949 4477 1014 4530 τὰ
1048 4478 1301 4533 τοιαῦτα·
1336 4481 1469 4533 ἀλλὰ
1510 4483 1602 4534 καὶ
1632 4484 1817 4551 σαφῶς

1923 4479 2025 4532 alia
2057 4479 2303 4548 quardam
2358 4476 2589 4530 sollicite
2627 4474 2919 4528 observare
2960 4488 3078 4541 qua:
3124 4473 3328 4541 primus
3372 4487 3491 4525 om-

333 4570 395 4599 ¹⁵⁰
424 4567 531 4636 lsa.
571 4584 697 4623 ιΑιί
725 4580 776 4621 et
807 4585 970 4622 van.

328 4658 432 4729 (67)
473 4658 583 4731 Kal
612 4660 703 4724 τίς
732 4658 1036 4731 ἐλάλησεν
1060 4661 1264 4726 οὕτως.
1287 4660 1341 4714 In
1377 4663 1523 4715 Isaia:
1549 4678 1666 4731 cap.
1693 4681 1815 4719 vat

269 4729 445 4800 legitur
495 4730 591 4781 καὶ
639 4730 720 4792 τίς
766 4729 1004 4799 ἑώρακεν
1051 4731 1243 4793 οὕτως.
1281 4733 1453 4800 Atque
1493 4734 1564 4785 ita
1618 4729 1717 4787 hoc
1764 4737 1814 4787 in

270 4799 367 4852 loco
419 4801 686 4867 scriptum
739 4801 937 4853 habent
980 4800 1135 4854 codd.
1179 4800 1311 4854 Ριιιί.
1342 4799 1396 4854 et
1448 4802 1659 4856 Savilii.
1710 4804 1814 4857 Sed

272 4870 523 4935 vulgatam
555 4871 839 4923 lectionem
876 4882 1120 4923 aSserunt
1151 4872 1340 4937 reliqui
1377 4874 1591 4925 codices
1619 4882 1673 4925 et
1705 4874 1815 4925 liu-

272 4942 345 4990 lini
375 4940 576 4994 Versio.
620 4940 707 4993 Sic
751 4940 893 4991 enim
938 4942 1101 4993 vcrtit
1147 4939 1407 4993 Ruﬁnus:
1444 4941 1573 5005 Quis
1612 4944 1811 4995 audivit

272 5009 403 5073 talia,
439 5021 487 5060 et
514 5012 631 5077 quis
667 5012 869 5063 loculus
896 5022 969 5067 est
1002 5011 1115 5063 ita?
1142 5008 1199 5062 Si
1231 5014 1420 5079 peperit
1452 5027 1591 5065 terra
1623 5014 1678 5066 in
1708 5030 1812 5066 una

271 5080 357 5139 die,
382 5090 427 5130 et
458 5081 506 5130 si
530 5082 704 5146 genita
735 5090 807 5131 est
844 5097 965 5148 gens
994 5082 1056 5132 de
1089 5081 1267 5133 semel.

330 5148 432 5218 (68)
485 5150 647 5216 Ἀτάρ
699 5150 797 5201 καὶ
855 5152 960 5205 τὸν
1027 5150 1289 5219 Ἀϐραάμ.
1338 5149 1605 5205 Musonius
1656 5153 1817 5205 vertit

274 5228 426 5289 utpote
453 5222 668 5271 Amrum
694 5226 743 5271 et
769 5220 1141 5274 Abrahamum.
1173 5224 1249 5273 Ad
1276 5236 1431 5289 quem
1465 5221 1637 5272 locum
1666 5231 1814 5273 notat

270 5287 482 5342 Joannes
521 5290 784 5359 Crynmus
824 5291 1098 5359 legendum
1140 5292 1238 5343 sibi
1279 5287 1443 5342 videri
1492 5290 1812 5358 'l'lmre,~qui

274 5360 355 5411 luit
375 5370 522 5425 pater
547 5361 805 5417 Abrahae.
832 5364 897 5413 de
925 5377 1029 5429 quo
1055 5362 1104 5412 in
1128 5376 1247 5429 cap.
1276 5377 1329 5414 χι
1356 5359 1645 5414 Geneseos.
1665 5363 1809 5427 Quin

272 5430 408 5480 etiam
432 5434 496 5481 ad
522 5431 826 5495 marginem
858 5432 1059 5485 codicis
1085 5430 1300 5492 ilionei,
1330 5434 1410 5482 vir
1435 5431 1627 5483 doctus
1650 5434 1814 5484 adno-

275 5510 451 5578 tari-rat
475 5503 615 5554 forte
638 5499 1203 5578 Θαρὰμέοιίὺριιιιιιιιι
1228 5516 1367 5578 οβεος
1386 5500 1496 5578 Sed
1524 5500 1636 5578 haec
1663 5516 1815 5578 nugze

272 5581 386 5625 sunt.
410 5571 599 5639 Neque
644 5569 797 5622 enim
843 5569 1099 5623 Tharram
1150 5580 1301 5638 pater
1336 5570 1565 5622 Abrahae
1613 5570 1711 5622 fuit
1748 5586 1814 5623 ex

266 5657 457 5695 munero
482 5656 681 5695 eorum
731 5654 868 5706 quos
894 5642 1031 5692 Deus
1069 5640 1339 5708 praecipuo
1379 5641 1608 5707 quodam
1635 5655 1817 5693 amore

262 5714 434 5767 dilexit.
464 5713 521 5767 Id
548 5721 712 5765 certe
751 5723 855 5760 non
902 5711 1093 5779 legitur
1120 5711 1168 5761 in
1217 5709 1386 5762 sacris
1433 5708 1815 5779 voluminibus.

255 5783 340 5839 bqu
362 5788 527 5855 plane
551 5780 905 5836 contrarium
932 5797 994 5833 ex
1023 5781 1104 5836 his
1146 5780 1267 5835 elici
1310 5788 1507 5847 potest.
1540 5778 1813 5847 Siquidem

1929 4666 2067 4719 Deus
2094 4679 2213 4716 cum
2239 4663 2605 4716 Abrahamum
2634 4660 2734 4713 sibi
2762 4658 2958 4727 eligere
2983 4656 3162 4719 vellet,
3187 4668 3239 4710 et
3265 4656 3330 4710 ad
3372 4672 3489 4709 ma-

1926 4738 2190 4788 ximarum
2218 4748 2398 4787 rerqu
2425 4746 2571 4799 spem
2596 4746 2661 4782 ac
2688 4728 3092 4795 promissionem
3122 4743 3334 4799 vocare,
3364 4741 3489 4777 ante

1922 4805 2102 4856 omnia
2143 4819 2263 4857 eum
2292 4818 2354 4855 ex
2396 4798 2552 4854 domo
2595 4800 2859 4852 Tharram
2912 4798 3078 4863 patris
3122 4798 3204 4850 sui
3254 4800 3489 4863 migrare

1917 4876 2095 4941 jussit.
2126 4877 2299 4939 Atque
2339 4873 2409 4924 ita
2456 4868 2757 4941 Tharramn
2800 4868 3100 4941 repudiato,
3145 4868 3284 4922 Deus
3308 4869 3486 4941 Abra-

1924 4937 2139 4998 hamum
2164 4937 2289 5013 ejus
2320 4942 2487 4995 lilium
2516 4942 2693 5013 elegit.
2720 4938 2878 5013 certe
2904 4937 3260 5013 'l‘harramuin
3290 4939 3487 5013 daemo-

1919 5030 2046 5067 num
2074 5007 2237 5067 cnltui
2265 5012 2505 5065 deditum
2557 5010 2724 5062 fuisse
2771 5008 2885 5071 ipse
2931 5018 3160 5059 testatur
3201 5007 3484 5068 Eusebius,

1915 5100 2038 5137 cum
2063 5085 2135 5137 ait
2161 5082 2317 5152 paulo
2341 5092 2473 5152 post
2498 5082 2559 5152 de
2588 5079 2893 5152 Ahrahamo
2922 5095 2936 5152 ι
2960 5078 3060 5152 τῆς
3090 5076 3358 5152 πατρῴας
3382 5077 3486 5152 Δμὲν

1916 5146 2171 5216 ἀποστὰς
2196 5150 2629 5220 δεισιδαιμονίας.
2670 5146 2833 5220 Ἀτόιρ
2870 5149 3136 5216 igiturhic
3176 5146 3486 5220 adverbium

1917 5237 2024 5287 est,
2051 5234 2107 5277 ut
2134 5236 2275 5276 recte
2304 5225 2351 5273 iu
2397 5218 2489 5273 ora
2536 5222 2739 5271 codicis
2769 5218 2917 5287 liegii
2947 5222 3239 5271 adnotatur
3276 5218 3486 5287 adita-4}

1916 5285 2111 5348 verba:
2131 5294 2269 5364 ἀτὰρ
2296 5294 2408 5356 καὶ,
2433 5290 2573 5343 τοῦτ’
2600 5289 2713 5341 ἐστι
2742 5287 2835 5339 καὶ
2858 5285 2939 5357 δὴ,
2968 5290 3000 5360 ἦ
3030 5290 3189 5359 πλὴν,
3220 5289 3310 5341 ἆτε
3343 5286 3426 5357 δὴ,
3456 5285 3489 5356 ἦ

1918 5364 2037 5418 ἀντὶ
2059 5364 2151 5416 τοῦ
2174 5364 2249 5417 δέ.

1991 5435 2103 5503 (69)
2148 5437 2208 5486 Ὃ
2233 5433 2345 5503 γάρ
2371 5450 2459 5487 τοι
2484 5431 2714 5499 δηλοῦν
2741 5430 2930 5491 ἐθέλει
2968 5432 3229 5501 τοῦνομα
3254 5430 3319 5483 τὸ
3358 5430 3492 5503 Χρι-

1921 5502 2192 5559 στιανοῦ.
2220 5502 2417 5559 Omnes
2446 5504 2615 5555 nostri
2657 5505 2868 5555 codices
2898 5518 3003 5554 uno
3045 5518 3311 5557 consensu
3353 5502 3493 5551 scri-

1923 5586 2072 5640 ptum
2106 5574 2391 5645 hahent,6
2415 5574 2523 5645 γάρ
2566 5590 2655 5645 τοι
2684 5572 2875 5643 δηλοῦν
2926 5572 3105 5645 ἐθέλοι
3143 5570 3375 5640 τοῦνομα
3401 5569 3493 5645 τον

1923 5636 2248 5717 Χριστιανὸν
2270 5636 2457 5717 ἄνδρα,
2486 5636 2589 5717 etc.
2609 5644 2696 5717 Ἐκ
2732 5636 2835 5709 quo
2861 5644 3201 5697 scribendum
3231 5636 3355 5710 puto
3380 5636 3495 5692 τοῦι

1925 5713 2064 5785 νομα
2089 5717 2145 5769 τὸ
2171 5713 2511 5786 Χριστιανὸν,
2536 5713 2723 5785 ἄνδρα,
2753 5722 2857 5768 etc.
