3966 6264
448 351 511 407 19
1144 345 1410 401 EUSEBil
1447 345 1559 403 CE
1570 344 1813 401 SAHIEN
1823 347 1926 402 SlS
1962 345 1991 402 (ἶ

2100 385 2113 400 .
2155 347 2334 400 PARS
2375 346 2415 400 ι.
2452 372 2515 385 -
2559 345 2946 404 HiS'l'OlilCA.
3607 348 3678 403 80

433 463 581 517 nium
611 458 824 530 Moyses
866 456 1040 528 typice
1060 458 1269 527 agenda
1319 469 1377 513 et
1395 459 1749 514 custodienda
1775 459 1991 528 posteris

2109 456 2273 511 αὐτὸν
2296 457 2492 529 ᾔδεσαν
2513 461 2603 514 τὸν
2627 459 2861 531 Χριστὸν
2877 459 2972 515 τοῦ
3015 459 3174 515 Θεοῦ’
3210 462 3323 530 εἴγε
3359 454 3537 531 ὦφθαι
3574 460 3678 530 μὲν

436 553 694 611 tradidit:
727 552 870 607 sicut
908 564 1082 619 neque
1127 565 1273 607 nunc
1302 552 1442 621 apud
1475 550 1816 606 Christianos
1848 551 2004 620 quid-

432 660 596 717 quam
630 645 820 700 horum
852 643 1080 714 geritur.
1125 643 1233 699 Sed
1282 652 1336 699 et
1367 643 1544 713 ipsum
1591 642 1868 698 Christum
1909 643 2000 698 Dei

433 735 688 790 distincte
729 735 1011 804 cognitum
1060 733 1705 803 habuerunt:siquidem
1759 734 1908 788 illum
1935 735 2003 787 ab

429 826 743 881 Abrahamo
793 825 1008 894 quidem
1051 826 1227 880 visum
1266 839 1406 890 esse,
1465 825 1651 881 lsaaco
1697 834 1876 880 autem
1919 837 2005 880 re-

429 932 685 986 sponsum
722 916 954 979 dedisse,
998 924 1055 971 et
1091 929 1213 970 cum
1234 912 1435 970 Jacoho
1464 914 1704 971 locutum
1732 928 1872 982 esse,
1913 915 2005 970 de-

430 1014 594 1081 nique
630 1023 751 1064 cum
780 1007 984 1079 Moyse,
1017 1015 1072 1063 et
1100 1006 1306 1063 secutis
1353 1015 1543 1078 postea
1580 1008 1858 1076 prophetis
1889 1023 2004 1063 ser-

426 1117 644 1159 monem
678 1100 937 1156 habuisse
959 1101 1211 1170 superius
1253 1099 1610 1154 ostendimus.
1648 1096 1802 1154 Unde
1835 1099 2000 1153 etiam

427 1195 549 1250 illos
576 1193 686 1248 Deo
718 1200 973 1261 acceptos
999 1191 1248 1246 homines
1274 1189 1549 1246 interdum
1580 1189 1820 1259 reperias
1847 1188 2002 1246 Chri-

424 1289 492 1343 sti
528 1284 886 1356 appellatione
908 1284 1193 1338 decoratos
1221 1281 1410 1347 fuisse,
1435 1292 1495 1337 ut
1520 1282 1574 1337 in
1607 1282 1693 1337 his
1716 1281 2002 1353 Propheta;

422 1379 641 1433 verbis:
675 1394 695 1428 ι
725 1374 1140 1446 Nolitelangere
1156 1375 1392 1430 christos
1407 1388 1578 1437 meos,
1603 1383 1657 1429 et
1685 1374 1736 1428 iu
1768 1376 2001 1444 prophe-

425 1471 493 1525 tis
518 1470 654 1525 meis
670 1467 838 1523 nolite
869 1467 1106 1538 maligne
1133 1481 1293 1536 agere
1314 1466 1410 1521 ιθ.»
1450 1466 1527 1519 Ex
1552 1466 1752 1535 quibus
1773 1475 1998 1535 apparet

422 1560 662 1615 omnium
697 1558 925 1631 primam
959 1572 1024 1613 ac
1059 1557 1490 1613 vetustissimam
1540 1572 1662 1612 esse
1715 1556 1998 1628 religionis

424 1649 650 1704 formam
687 1649 833 1705 illam
861 1649 928 1704 ab
959 1648 1044 1704 his
1070 1662 1211 1718 quos
1245 1648 1357 1704 dixi
1407 1649 1518 1704 Deo
1557 1649 1798 1718 acceptis
1824 1646 1998 1703 homi-

423 1742 581 1796 nibus
625 1738 951 1808 instittitam,
985 1755 1108 1811 quae
1148 1754 1323 1810 nuper
1359 1755 1458 1811 per
1489 1740 1691 1797 Christi
1739 1740 1997 1810 pradica-

2106 551 2185 622 τῷ
2213 550 2483 623 Ἀϐραὰμ,
2507 553 2842 624 χρηματίσαι
2875 554 2932 607 δὲ
2961 553 3039 626 τῷ
3078 554 3281 619 Ἰσαὰκ,
3321 554 3678 624 λελαληκέναι

2104 644 2163 698 δὲ
2186 645 2265 717 τῷ
2297 646 2509 711 Ἰακὼϐ,
2528 648 2750 700 Μωῡσεῖ
2778 665 2836 699 τε
2866 648 2961 701 καὶ
3003 651 3117 712 τοῖς
3148 648 3285 718 μετά
3330 648 3501 702 ταῦτα
3533 666 3677 721 προ-

2105 739 2301 808 φήταις
2329 737 2662 809 ὡμιληκέναι
2688 740 3080 810 προδέδεικται.
3119 740 3312 794 Ἔνθεν
3355 742 3553 805 αὐτοὺς
3604 741 3675 813 δὴ

2102 822 2228 885 τοὺς
2262 821 2528 891 θεοφιλεῖς
2558 822 2799 885 ἐκείνους
2836 822 3017 894 εὕροις
3045 823 3112 878 ἂν
3145 825 3238 877 καὶ
3267 825 3368 895 τῆς
3395 825 3490 878 τοῦ
3530 827 3677 898 Χρισ

2104 910 2228 966 στοῦ
2251 913 2686 984 κατηξιωμένους
2719 931 2965 985 προσωνυ
2974 914 3121 985 μίας,
3141 914 3280 969 κατὰ
3308 915 3406 987 τὴν
3434 915 3679 985 φάσκου-

2103 1022 2203 1060 σαν
2231 1007 2360 1079 περὶ
2386 1005 2564 1060 αὐτῶν
2595 1008 2795 1077 φωνήν
2835 1026 2853 1059 ι
2890 1008 2979 1078 Μὴ
3018 1007 3226 1079 ἆψησθε
3276 1008 3384 1064 τῶν
3435 1009 3679 1082 χριστῶν

2105 1114 2227 1167 μου,
2258 1099 2351 1151 καὶ
2376 1100 2432 1152 ὲν
2466 1101 2579 1160 τοῖς
2610 1100 2916 1170 προφήταις
2961 1114 3063 1168 μου
3097 1098 3170 1169 μὴ
3211 1099 3604 1171 πονηρεύησθε.
3648 1118 3671 1154 ι

2103 1190 2265 1242 Ὥστε
2296 1189 2484 1259 σαφῶς
2515 1190 2738 1262 πρώτην
2771 1189 3021 1260 ἡγεῖσθαι
3065 1189 3173 1242 δεῖν
3203 1192 3307 1258 καὶ,
3323 1192 3539 1245 πάντων
3571 1209 3679 1245 πα-

2100 1281 2388 1353 λαιοτάτην
2433 1299 2492 1334 τε
2543 1281 2637 1334 καὶ
2669 1281 3032 1354 ἀρχαιοτάτην
3082 1280 3390 1344 θεοσεϐείας
3429 1281 3673 1354 εὕρεσιν,

2098 1373 2277 1427 αὐτῶν
2310 1373 2532 1427 ἐκείνων
2561 1373 2623 1445 δὴ
2668 1373 2775 1427 τῶν
2812 1374 2957 1444 ἀμφὶ
2988 1373 3079 1427 τὸν
3115 1373 3364 1445 Ἀϐραὰμ
3410 1372 3680 1443 θεοφιλῶν

2098 1464 2330 1537 ἀνδρῶν,
2360 1467 2460 1536 τὴν
2482 1465 2682 1538 ἀρτίως
2714 1463 2801 1518 διὰ
2822 1464 2922 1535 τῆς
2943 1463 3035 1518 τοῦ
3066 1465 3302 1536 Χριστοῦ
3318 1465 3679 1527 διδασκαλίας

2098 1559 2262 1611 πᾶσιν
2302 1556 2477 1610 ἔθνεσι
2510 1556 2981 1629 κατηγγελμένην.
3029 1558 3091 1610 El
3132 1557 3189 1610 δὲ
3221 1558 3286 1629 δὴ
3319 1556 3513 1629 μακρῷ
3546 1557 3675 1610 ποθ’

2098 1650 2322 1722 ὕστερον
2349 1650 2526 1723 χρόνῳ
2559 1650 2860 1721 περιτομῆς
2880 1666 3013 1718 φασι
3037 1649 3127 1703 τὸν
3163 1649 3411 1721 Ἀϐραὰμ
3449 1648 3677 1718 ἐντολὴν

2096 1740 2396 1812 εἰληφέναι,
2443 1740 2578 1794 ἀλλά
2598 1757 2661 1809 γε
2691 1739 2797 1812 πρὸ
2822 1739 3024 1811 ταύτης
3068 1739 3410 1808 δικαιοσύνην
3454 1739 3542 1793 διὰ
3580 1739 3674 1792 πί-

422 1834 622 1888 tionem
658 1834 866 1889 cunctis
918 1834 1171 1904 gentibus
1224 1833 1547 1889 annuntiata
1600 1843 1704 1915 est.
1748 1834 1901 1900 Quod
1947 1835 1991 1890 si

2100 1849 2269 1897 στεως
2308 1831 2674 1904 μαρτυρηθεὶς
2719 1830 3023 1904 ἀνείρηται,
3059 1825 3160 1886 ὧδέ
3203 1847 3318 1894 πως
3372 1831 3465 1883 τοῦ
3524 1830 3675 1884 θείου

419 1926 765 1982 Abrahamus
788 1925 950 1997 longo
972 1936 1096 1995 post
1118 1935 1365 1994 tempore
1380 1926 1817 1982 circumcisionis
1846 1943 1997 1982 man-

419 2018 606 2073 datum
631 2019 911 2088 accepisse
938 2018 1164 2082 dicitur,
1188 2025 1317 2072 ante
1343 2016 1477 2073 illud
1502 2027 1682 2073 tamen
1714 2033 1812 2088 per
1834 2019 1993 2074 [idem

411 2108 748 2180 iustiﬁcatus
778 2108 947 2165 fuisse
983 2107 1281 2180 Scriptores
1323 2109 1633 2165 testimonio
1678 2110 1994 2181 comproba-

418 2208 530 2266 tur,
557 2202 636 2256 sie
658 2199 888 2257 dicentis
915 2219 930 2256 :
968 2219 987 2254 ι
1014 2201 1257 2259 Credidit
1286 2201 1559 2259 Abraham
1588 2200 1719 2267 Deo,
1746 2212 1800 2257 et
1823 2207 1993 2273 depu-

420 2303 590 2349 tatum
607 2303 694 2348 est
709 2293 760 2347 ei
792 2293 858 2347 ad
886 2293 1148 2362 iustitiam
1187 2295 1252 2348 ιτ.
1280 2313 1299 2348 ι
1326 2292 1698 2364 Cumquejam
1734 2304 1861 2349 ante
1887 2295 1994 2348 cir-

418 2386 807 2443 cumcisionem
834 2384 960 2440 talis
981 2395 1146 2453 esset,
1171 2399 1199 2439 a
1226 2387 1336 2442 Deo
1357 2385 1450 2456 qui
1475 2400 1535 2440 se
1561 2384 1664 2454 ipsi
1695 2384 1993 2440 videndum

417 2479 713 2544 obtulerat,
748 2479 800 2534 id
834 2489 917 2535 est
949 2495 979 2534 a
1025 2480 1243 2535 Christo
1293 2480 1388 2535 Dei
1441 2478 1650 2548 Verbo,
1685 2481 1753 2536 de
1794 2479 1862 2536 iis
1899 2480 1990 2548 qui

416 2568 813 2640 posterioribus
836 2568 1052 2625 saeculis
1079 2569 1244 2625 simili
1297 2584 1363 2625 ac
1397 2569 1512 2639 ipse
1557 2570 1771 2626 ratione
1787 2569 1992 2639 justiti-

415 2660 572 2716 candi
593 2667 796 2724 essent,
824 2658 1103 2714 oraculum
1129 2658 1336 2730 accepit
1359 2659 1666 2730 huiusmodi
1693 2677 1708 2714 :
1742 2677 1762 2710 ι
1803 2660 1866 2714 Et
1898 2663 1991 2715 be-

414 2753 735 2807 nedicentur
758 2750 811 2805 iu
842 2764 892 2805 te
912 2764 1101 2806 omnes
1147 2749 1321 2805 tribus
1349 2759 1510 2805 terra:
1531 2749 1604 2822 ης
1633 2768 1651 2802 ι
1685 2758 1742 2804 et
1770 2751 1987 2807 iterum:

427 2864 448 2898 ι
475 2845 628 2911 Quod
657 2844 872 2899 futurus
901 2843 974 2899 sit
995 2842 1049 2897 in
1079 2852 1295 2913 gentem
1327 2856 1576 2913 magnam
1605 2853 1660 2897 et
1689 2843 1987 2909 robustam,

413 2933 873 2990 et~beuedicendze
900 2933 1008 2988 sint
1031 2932 1083 2985 in
1114 2946 1179 2986 eo
1200 2945 1390 2985 omnes
1410 2928 1660 2984 nationes
1685 2939 1847 2985 terra:
1875 2930 1938 2983 υ.
1962 2948 1983 2982 ι

423 3025 582 3093 Quod
635 3024 853 3095 quidem
910 3023 963 3078 iu
993 3023 1150 3078 nobis
1197 3021 1411 3076 demum
1459 3021 1785 3092 completum
1820 3021 1989 3078 fuisse

413 3116 593 3189 quivis
640 3114 816 3213 facile.
858 3112 1247 3183 deprehendet.
1287 3112 1502 3213 Etenim
1561 3113 1658 3213 ille
1694 3128 1791 3182 per
1820 3109 1983 3169 iidem
2012 3154 2054 3213 Ο

413 3208 621 3265 iueum
671 3206 763 3277 qui
803 3205 905 3276 ipsi
946 3215 1277 3276 apparuerat
1303 3203 1584 3260 Christum
1612 3202 1850 3260 Verbum
1888 3206 1982 3261 Dei

412 3303 593 3361 fuerat
633 3301 964 3373 justiﬁeatus
1013 3319 1026 3355 :
1076 3315 1200 3355 cum
1253 3314 1282 3353 a
1340 3308 1565 3370 paterna
1627 3298 1845 3369 quidem
1893 3313 1987 3353 su-

412 3394 737 3464 perstitione
794 3403 850 3448 et
911 3390 1144 3462 pristino
1207 3404 1395 3446 errore
1470 3389 1811 3456 descivisset,
1865 3389 1985 3443 uni-

413 3503 538 3543 cum
582 3500 715 3542 vero
767 3481 1179 3540 moderaterem'
1211 3484 1451 3538 omnium
1500 3481 1665 3538 Deum
1696 3479 1985 3537 confessus

412 3590 859 3648 esseut-umque
906 3575 1126 3632 virtutis
1183 3575 1616 3646 cperi‘bus,;non
1671 3583 1850 3630 autem
1907 3574 1985 3628 le-

411 3674 493 3744 gis
515 3684 636 3741 qua:
659 3686 689 3724 a
722 3669 904 3742 Moyse
935 3675 1126 3739 postea
1154 3666 1349 3721 tradita
1378 3675 1463 3720 est
1505 3663 1844 3719 caeremoniis
1880 3663 1982 3733 17

412 3764 693 3821 coluisset.
734 3761 868 3817 Cum
921 3761 1083 3833 igitur
1140 3757 1405 3828 ejusmodi
1456 3764 1624 3823 esset,
1687 3755 1888 3809 dictum
1933 3756 1983 3809 ei

411 3854 592 3910 fuerat
619 3865 809 3907 omnes
835 3857 996 3905 terrae
1020 3846 1195 3902 tribus
1241 3859 1306 3900 ac
1336 3844 1602 3900 nationes
1634 3843 1688 3899 in
1717 3844 1835 3914 ipso
1862 3857 1984 3898 esse

408 3943 811 4004 benediceudas
839 3943 909 3998 ιθ.
942 3939 1098 4009 Apud
1127 3938 1274 3995 solos
1308 3947 1492 3995 autem
1516 3935 1863 3993 Christianos
1887 3951 1984 4006 per

410 4040 724 4095 universum
759 4047 1028 4092 terrarum
1053 4034 1267 4095 orbem,
1297 4029 1559 4100 operibus
1579 4042 1699 4097 quae
1731 4041 1985 4084 sermone

410 4132 557 4186 omni
586 4128 888 4185 etiicaciora
913 4133 1058 4190 sunt,
1094 4122 1310 4178 exculta
1341 4123 1453 4177 haec
1480 4120 1668 4176 eadem
1704 4118 1983 4187 religionis

409 4221 792 4277 Abrahamica:
843 4216 1018 4272 forma
1066 4213 1359 4283 reperitur.
1410 4211 1550 4277 Quid
1591 4224 1720 4280 ergo
1751 4211 1982 4280 posthac

410 4314 629 4371 obstare
678 4308 901 4376 poterit,
953 4304 1243 4378 quominus
1291 4316 1452 4356 unam
1497 4301 1854 4369 eamdemque
1899 4298 1982 4353 vi-

406 4404 568 4464 vendi
603 4403 867 4458 rationem
921 4412 987 4453 ac
1026 4396 1365 4467 religionem,
1416 4406 1538 4448 cum
1592 4391 1750 4447 nobis
1801 4390 1896 4460 qui
1951 4404 1982 4443 a

2099 1924 2406 1996 φάσκοντος
2466 1924 2624 1993 λόγου
2645 1941 2659 1955 °
2704 1942 2725 1975 ι
2765 1923 3082 1977 Ἐπίστευσε
3140 1922 3198 1976 δὲ
3268 1922 3528 1994 Ἀϐραὰμ
3588 1921 3676 1993 τῷ

2095 2016 2234 2088 Θεῷ,
2267 2017 2360 2071 καὶ
2384 2016 2634 2088 ἐλογίσθη
2681 2014 2829 2087 αὐτῷ
2859 2019 2938 2081 είς
2972 2015 3337 2088 δικαιοσύνην.
3379 2035 3398 2066 ι
3442 2015 3553 2067 Καὶ
3600 2014 3669 2085 δὴ

2093 2108 2319 2180 τοιούτῳ
2347 2108 2452 2180 πρὸ
2489 2109 2589 2179 τῆς
2637 2108 2942 2180 περιτομῆς
2990 2107 3235 2177 γεγονότι
3280 2106 3523 2178 χρησμὸς
3559 2105 3675 2159 ὑπὸ

2093 2197 2189 2252 τοῦ
2226 2201 2492 2270 φήναντος
2515 2195 2705 2251 ἑαυτὸν
2731 2194 2881 2267 αὐτῷ
2927 2196 3090 2249 Θεοῦ’
3121 2188 3274 2258 οὗτος
3313 2196 3357 2249 δ’
3403 2192 3470 2266 ἦν
3503 2194 3673 2259 αὐτὸς

2093 2288 2122 2342 ό
2144 2289 2377 2360 Χριστὸς
2406 2291 2434 2342 ό
2458 2288 2551 2342 τοῦ
2582 2287 2717 2342 Θεοῦ
2748 2288 2950 2357 Λόγος⁹
2980 2287 3107 2360 περὶ
3131 2287 3239 2340 τῶν
3274 2288 3330 2339 ἐν
3359 2288 3468 2351 τοῖς
3531 2299 3675 2352 μετ-

2104 2378 2295 2437 έπειτα
2313 2380 2522 2455 χρόνοις
2548 2380 2640 2434 τὸν
2680 2380 2863 2451 ὅμοιον
2908 2380 3056 2450 αὐτῷ
3090 2379 3428 2433 δικαιοῦσθαι
3463 2379 3671 2450 τρόπον

2097 2472 2412 2543 μελλόντων,
2449 2473 2685 2543 ῥήμασιν
2731 2471 2916 2535 αὐτοῖς
2973 2470 3412 2542 προεπήγγελται
3453 2469 3668 2538 λέγων’

2101 2583 2120 2615 ι
2160 2566 2269 2618 Καὶ
2294 2564 2808 2637 ἐνευλογηθήσονται
2847 2566 2905 2618 ὲν
2940 2564 3022 2617 σοὶ
3052 2564 3223 2617 πᾶσαι
3271 2566 3325 2617 αἱ
3357 2563 3520 2633 φυλαὶ
3563 2562 3671 2635 τῆς

2091 2655 2738 2728 γῆςδΚαὶὼςῇτιιέσται
2763 2658 2844 2720 εἰς
2882 2654 3033 2720 ἔθνος
3069 2657 3212 2729 μέγα
3253 2656 3348 2709 καὶ
3375 2654 3528 2709 πολύ·
3566 2654 3671 2709 καὶ

2089 2748 2601 2821 ὲνευλογηθήσονται
2634 2750 2693 2802 ὲν
2722 2748 2871 2820 αὐτῷ
2899 2749 3076 2802 πάντα
3112 2749 3178 2801 τὰ
3200 2747 3323 2818 ἔθνη
3352 2749 3453 2819 τῆς
3483 2748 3608 2819 γῆς.
3637 2765 3663 2801 ι

2090 2839 2277 2909 Τούτῳ
2300 2838 2356 2891 δὲ
2383 2839 2476 2891 καὶ
2528 2838 2818 2908 ἐπιστῆσαι
2869 2839 2948 2902 είς
2998 2838 3144 2909 ἡμᾶς
3179 2834 3668 2906 ὲκπεπληρωμένιρ

2090 2931 2344 3002 πάρεστι.
2380 2930 2567 2984 Πίστει
2597 2929 2697 3001 μὲν
2723 2930 2831 3000 γὰρ
2861 2930 3067 2993 ἐκεῖνος
3094 2932 3160 3000 τῇ
3191 2928 3271 2992 είς
3305 2928 3395 2981 τὸν
3425 2926 3664 2996 ὀφθέντα

2090 3022 2239 3094 αὐτῷ
2260 3023 2355 3076 τοῦ
2387 3023 2519 3076 Θεοῦ
2549 3022 2719 3092 Λόγον
2746 3023 2837 3076 τὸν
2877 3022 3111 3094 Χριστὸν
3148 3021 3506 3086 ἐδεδικαίωτο,
3558 3037 3667 3073 πα-

2089 3113 2270 3187 τρῴας
2316 3115 2413 3185 μὲν
2443 3114 2685 3178 ἀποστὰς
2723 3112 3144 3182 δεισιδαιμονίας
3172 3113 3266 3167 καὶ
3301 3111 3507 3183 πλάνης
3547 3110 3665 3182 βίον

2090 3204 2379 3276 προτέρας,
2414 3204 2510 3258 ἕνα
2552 3204 2609 3257 δὲ
2645 3204 2735 3258 τὸν
2769 3203 2862 3257 ἐπὶ
2895 3205 3112 3259 πάντων
3144 3194 3480 3276 ὁμολογήσας
3507 3204 3663 3268 Θεὸν,

2088 3295 2181 3347 καὶ
2203 3294 2390 3348 τοῦτον
2419 3294 2600 3367 ἔργοις
2619 3296 2837 3367 ἀρετῆς,
2862 3296 2983 3365 οὐχὶ
3011 3295 3068 3348 δὲ
3099 3295 3361 3367 θρησκεία
3382 3295 3544 3365 νόμου
3567 3294 3664 3348 τοῦ

2092 3386 2229 3456 μετὰ
2262 3386 2432 3440 ταῦτα
2456 3388 2733 3450 Μωῢσέως
2767 3387 3131 3460 θεραπεύσας.
3163 3384 3401 3460 Τοιούτῳ
3445 3406 3505 3442 τε
3549 3388 3665 3443 δντι

2087 3477 2292 3549 εἴρητο,
2316 3478 2481 3551 ὁτιδὴ
2504 3480 2675 3533 πᾶσαι
2707 3481 2762 3533 αἱ
2789 3480 2955 3550 φυλαὶ
2980 3480 3081 3550 τῆς
3103 3481 3205 3552 γῆς
3242 3482 3335 3535 καὶ
3365 3480 3544 3535 πάντα
3589 3480 3663 3535 τὰ

2087 3567 2212 3641 ἔθνη
2245 3571 2304 3624 ἐν
2330 3570 2479 3642 αὐτῷ
2504 3571 2982 3644 εὐλογηθήσονται.
3001 3575 3226 3646 Ἔργοις
3251 3572 3308 3626 δὲ
3322 3572 3495 3643 λόγων
3511 3576 3668 3645 ἐναρ-

2086 3660 2365 3731 γεστέροις
2383 3661 2477 3714 ἐπὶ
2509 3660 2604 3715 τοῦ
2638 3663 2906 3736 παρόντος
2931 3663 3085 3736 παρὰ
3119 3665 3299 3735 μόνοις
3319 3666 3664 3735 Χριπιανοίς

2086 3752 2206 3806 καθ’
2242 3752 2370 3824 ὅλης
2404 3754 2502 3825 τῆς
2532 3753 2855 3828 οἰκουμένης
2899 3757 3233 3828 ἀσκούμενος
3266 3757 3428 3821 αὐτὸς
3457 3759 3666 3822 ἐκεῖνος

2085 3845 2114 3896 ὁ
2140 3843 2239 3914 τῆς
2264 3843 2575 3909 θεοσεϐείας
2597 3845 2692 3899 τοῦ
2727 3846 2971 3919 Ἀϐραὰμ
3005 3848 3317 3920 ἀναπέφηνε
3347 3850 3565 3921 τρόπος.
3596 3849 3663 3902 Τί

2084 3935 2148 4006 δὴ
2176 3932 2267 3990 οὖν
2296 3936 2479 3991 λοιπὸν
2506 3937 2756 4009 ἐμποδὼν
2791 3938 2856 3993 ἂν
2882 3940 2989 4012 εἴη,
3030 3941 3104 4014 μὴ
3135 3943 3256 4013 οὐχὶ
3292 3943 3388 3997 ἕνα
3429 3944 3523 3996 καὶ
3569 3942 3664 3997 τὸν

2084 4024 2247 4077 αὐτὸν
2277 4024 2389 4095 βίον
2427 4042 2488 4079 τε
2510 4027 2604 4080 καὶ
2625 4028 2823 4098 τρόπον
2842 4031 3141 4096 εὐσεϐείας,
3166 4033 3296 4102 ἡμῖν
3324 4050 3383 4085 τε
3414 4035 3528 4097 τοῖς
3551 4034 3662 4088 ἀπὸ

2084 4117 2322 4187 Χριστοῦ
2365 4117 2460 4171 καὶ
2510 4120 2623 4181 τοῖς
2678 4118 2954 4189 πρόπαλαι
2992 4119 3298 4190 θεοφιλέσιν
3342 4122 3660 4193 όμολογεῖν;

2085 4209 2227 4264 ὥστε
2288 4214 2362 4283 μὴ
2409 4209 2535 4263 νέαν
2577 4210 2672 4263 καὶ
2725 4209 2904 4282 ξένην,
2932 4211 3069 4278 ἀλλ’,
3095 4213 3252 4266 είδεί
3302 4213 3470 4282 φάναι
3523 4214 3661 4284 ἀλη-

2085 4303 2329 4369 θεύοντα,
2352 4300 2573 4374 πρώτην
2597 4300 2860 4373 ὑπάρχειν
2886 4304 2979 4357 καὶ
3002 4304 3170 4375 μόνην
3195 4304 3289 4358 καὶ
3325 4304 3497 4376 ἀληθῆ
3528 4322 3665 4359 κατ-

2084 4391 2314 4463 όρθωσιν
2371 4393 2671 4456 εὐσεϐείας,
2702 4392 2802 4463 τὴν
2840 4395 2929 4449 διὰ
2958 4398 3056 4465 τῆς
3083 4395 3177 4448 τοῦ
3233 4395 3468 4467 Χριστοῦ
3518 4395 3683 4448 διδα-.

406 4497 626 4553 Christo
654 4498 1069 4562 cognomentum
1107 4485 1392 4550 traximus,
1437 4495 1549 4537 tum
1591 4481 1979 4537 vetustissimis

2094 4482 2309 4544 τκαλίας
2341 4482 2734 4554 παραδοθεῖσαν
2754 4484 2885 4554 ἡμῖν
2910 4485 3341 4541 ἀποδείκνυσθαι.
3364 4486 3472 4541 Καὶ
3485 4486 3665 4541 ταῦτα

408 4591 516 4647 illis
541 4589 649 4643 Deo
674 4582 940 4655 imprimis
975 4578 1212 4649 acceptis
1243 4575 1561 4632 hominibus
1590 4572 1759 4628 fuisse
1800 4572 1964 4626 latea-

2080 4573 2178 4644 μὲν
2211 4567 2311 4627 ὧδε
2330 4574 2535 4655 ἐχέτω.

411 4702 551 4742 mur.
578 4679 815 4739 Proinde
834 4674 1132 4750 perfectam
1158 4673 1306 4728 illam
1339 4670 1655 4739 religionem
1677 4683 1798 4738 qua:
1851 4667 2059 4722 Christi
2114 4669 2494 4738 praedicatione
2548 4668 2704 4726 nobis
2757 4670 2953 4725 tradita
3007 4677 3091 4727 est
3148 4683 3254 4723 non
3322 4683 3516 4723 novam
3567 4677 3665 4724 aut

410 4779 775 4856 peregrinam,
812 4773 928 4840 sed,
965 4770 1009 4826 si
1044 4783 1230 4823 verum
1266 4765 1452 4821 dicere
1512 4771 1750 4832 oportet,
1783 4760 2039 4832 primam,
2077 4758 2276 4824 Solam,
2337 4775 2633 4833 veramque
2676 4776 2798 4817 esse
2836 4762 3041 4833 liquido
3088 4769 3328 4831 apparet.
3365 4760 3433 4814 Et
3466 4760 3534 4814 de
3577 4761 3663 4815 his

408 4877 628 4949 quidem
656 4873 946 4927 hactenus.

1004 4958 1255 5017 CAPUT.
1316 4956 1381 5010 ν.

551 5063 629 5119 lle
663 5056 980 5128 temporibus
1021 5053 1211 5122 quibus
1259 5062 1489 5129 praesens
1538 5044 1840 5098 hominibus

1062 5132 1330 5191 apparuit.

481 5224 613 5280 Cum
645 5234 775 5276 vero
822 5227 1159 5287 quacunque
1200 5212 1266 5265 ad
1296 5205 1683 5265 ecclesiastica:
1737 5201 1977 5258 historia:

411 5332 571 5390 quam
615 5309 952 5368 tractandam
981 5306 1341 5374 suscepimus,
1380 5299 1626 5355 notitiam
1671 5306 1830 5352 erant
1873 5312 1976 5350 ue-

2614 4944 3009 5000 ΚΕΦᾹΛΑΙΟΝ
3054 4944 3129 4997 Ε’.

2089 5045 2228 5110 Περ.
2251 5040 2369 5094 τῶν
2406 5041 2640 5108 χρόνων
2683 5037 2792 5107 τῆς
2827 5036 3175 5110 ἐπιφανείας
3207 5033 3393 5110 αὐτοῦ
3416 5029 3526 5102 τῆς
3575 5032 3666 5098 είς

2435 5103 2784 5178 hymenaei
2816 5103 2952 5177 (Ne.
2987 5106 3059 5159 ll.
3093 5106 3161 5159 Ε.
3190 5121 3228 5168 1,
3254 5103 3329 5175 6).

2156 5204 2293 5275 Φέρε
2326 5203 2384 5257 δὲ
2418 5200 2554 5273 μετά
2579 5199 2673 5271 τὴν
2707 5198 2933 5251 δέουσαν
2958 5194 3068 5267 (70)
3097 5191 3548 5266 προκατασκευὴν
3563 5192 3663 5261 τῆς

2087 5295 2443 5368 προτεθείσης
2480 5296 2610 5366 ἡμῖν
2650 5289 3105 5362 ὲκκλησιαστικῆς
3133 5288 3390 5360 ἱστορίας,
3429 5284 3530 5357 ἤδη
3550 5284 3663 5337 λοι-

485 5449 529 5481 “
556 5444 700 5517 Psal.
748 5459 858 5500 etv.
936 5441 979 5475 ²⁴¹
1003 5440 1143 5497 Gen.
1170 5452 1261 5494 xv.
1340 5434 1539 5492 “Ceu.
1564 5448 1712 5489 xm.
1792 5432 1835 5465 "
1858 5431 1991 5489 Gen.

2094 5452 2186 5491 ’lli.
2277 5436 2322 5467 ²⁰
2348 5434 2481 5490 Gen.
2510 5449 2607 5487 λιι.

491 5560 973 5636 (70)‘Yulg.5_pépe
1002 5559 1270 5636 δὴ-ιιετά
1310 5559 1426 5636 τὴν
1456 5546 1892 5636 δέουσαν-ᾔδη.
1930 5559 1991 5636 In

421 5629 596 5692 coddf
618 5629 781 5697 Medi,
815 5629 949 5686 Maz.
992 5642 1045 5686 et
1073 5631 1207 5685 Fuk.
1238 5630 1430 5700 legitur
1464 5631 1595 5701 φέρε
1628 5629 1816 5701 δὲίῆδη
1854 5629 1991 5698 μετὰ

418 5707 516 5777 τὴν
548 5706 770 5759 δέουσαν
792 5701 1258 5777 προκατασκευὴν2
1281 5712 1384 5755 etc.
1407 5703 1473 5777 in
1497 5699 1785 5768 exemplari
1809 5708 1986 5777 autem

421 5768 592 5849 liégio
620 5787 673 5835 et
699 5777 752 5832 iu
781 5768 1054 5832 veteribus
1076 5768 1290 5831 schedis
1313 5774 1574 5838 scriptum
1610 5781 1689 5825 est
1720 5786 1731 5821 :
1771 5768 1899 5833 φέρε
1932 5769 1984 5822 δὲ

2093 5550 2230 5626 μετὰ
2254 5552 2352 5624 τὴν
2389 5550 2611 5603 δέουσαν
2636 5546 2768 5618 ἡμῖν
2808 5538 3281 5626 προκατασκεύήν;
3311 5534 3416 5592 Sed
3456 5545 3664 5626 utru‘m-

2087 5604 2564 5693 (rluewsuﬁperliuuut
2608 5604 2691 5671 est
2718 5604 2950 5693 taturﬁo'q
2981 5628 3142 5681 quam
3174 5604 3325 5681 ἡμῖν,
3354 5622 3474 5662 cum
3519 5604 3661 5662 infra

2089 5684 2141 5749 iit
2166 5684 2353 5751 eadem
2380 5688 2601 5765 periodo
2629 5687 2802 5759 positu
2828 5684 3094 5755 legantur.
