3966 6264
264 354 329 411 Si
1304 350 1655 409 HISTORIJE
1698 348 2258 406 ECCLESIASTICI‘E
2302 348 2426 403 LIB.
2469 349 2508 404 1,
3455 348 3523 401 82

275 475 369 527 πον
392 469 494 524 ἁπδ
520 471 611 541 τῆς
636 472 916 545 ἐνσὰρκου
944 476 1040 529 τοῦ
1069 474 1315 545 Σωτῆρος
1336 474 1491 545 ἡμῶν
1520 471 1831 541 ἐπιφανείας

1966 470 2227 535 ςεεεειιιῑολ,
2254 469 2366 539 jam
2400 468 2675 538 prtemissa
2728 468 2857 530 sint,
2905 476 3152 537 superest
3188 474 3242 519 ut
3271 483 3298 520 a
3330 481 3521 535 rorpn-

280 561 364 620 0’5.
417 580 548 625 τινος
597 564 916 635 ὁδοιπορίας
980 565 1333 636 ὲφαψώμεθα,
1384 564 1475 618 τὸν
1530 562 1622 617 τοῦ
1682 562 1854 628 Λόγου

284 656 491 725 Πατέρα
520 653 668 717 Θεὸν,
703 657 802 707 καὶ
830 658 925 710 τὸν
953 657 1273 727 δηλούμενον
1300 655 1460 708 αὑτὸν
1501 652 1704 725 Ἰησοῦν
1726 655 1856 724 Χριο

285 748 398 798 στὸν
430 746 514 797 τὸν
546 746 777 814 Σωτῆρα
813 748 912 799 καὶ
947 748 1150 817 Κύριον
1182 748 1337 818 ἡμῶν
1360 747 1450 799 τὸν
1478 746 1725 821 οὐράνιον
1760 746 1854 799 τοῦ

278 838 407 891 Ριεοῦ
435 838 618 905 λόγον,
656 838 852 910 βοηθὸν
888 844 1021 911 ἡμῖν
1054 842 1146 895 καὶ
1179 840 1433 912 συνεργὸν
1464 841 1561 909 τῆς
1595 838 1734 892 κατὰ
1756 840 1855 910 τὴν

274 932 431 1000 5x177,
442 948 517 982 σιν
558 931 822 1001 ἀληθείας
849 932 1324 1001 ἐπικαλεσάμενοι.
1350 928 1457 982 Ἦν
1478 930 1540 1001 δὴ
1568 927 1658 983 οὖν
1696 930 1856 983 τοῦτο

270 1025 518 1092 ξειίτερον
548 1025 645 1076 καὶ
667 1027 1105 1096 τεσσαρακοστὸν
1138 1025 1255 1088 ἔτος
1280 1024 1389 1095 (71)
1422 1025 1520 1094 τῆς
1548 1023 1852 1091 Αὐγούστου

270 1116 573 1185 ῥασιλείας,
625 1118 905 1186 Αἰγύπτου
938 1120 982 1171 δ’
1015 1120 1289 1190 ὑποταγῆς
1337 1118 1430 1172 καὶ
1480 1118 1578 1186 τῆς
1600 1117 1853 1188 τελευτῆς

276 1209 566 1260 Ἀντωνίου
612 1210 708 1262 καὶ
754 1210 1127 1282 Κλεοπάτρας,
1167 1215 1244 1275 είς
1285 1213 1350 1283 ἢν
1396 1210 1690 1281 ύστάτηνὴ
1732 1212 1851 1265 κατ’

263 1298 541 1363 Αἴγυπτον
562 1298 673 1349 τῶν
696 1300 862 1351 Πτολε
872 1301 1043 1369 μαίων
1062 1300 1321 1371 κατέληξε
1347 1300 1651 1365 δυναστεία,
1669 1300 1851 1369 ὃγδοον

265 1388 385 1449 ἔτος
415 1389 513 1440 καὶ
542 1391 808 1453 εἰκοστὸν,
830 1390 1064 1460 ὁπηνίκα
1094 1392 1122 1444 6
1150 1390 1337 1462 Σωτὴρ
1362 1391 1457 1444 καὶ
1480 1389 1849 1461 Κύριοςήμῶν

275 1479 488 1549 Ἰησοῦς
538 1481 775 1552 Χριστὸς
807 1481 897 1534 ἐπὶ
936 1481 1035 1552 τῆς
1084 1481 1202 1535 τότε
1241 1481 1461 1554 πρώτης
1504 1480 1847 1550 ἀπογραφῆς,

254 1572 534 1644 Κυρηνίου
558 1570 984 1643 ἡγεμονεύοντος
1022 1575 1119 1645 τῆς
1149 1574 1348 1645 Συρίας
1378 1575 1510 1645 (7:2),
1544 1573 1851 1638 ἀκολούθως

260 1665 379 1725 ταῖς
417 1665 551 1733 περὶ
601 1663 764 1717 αὐτοῦ
816 1665 1191 1737 προφητείαις,
1233 1666 1292 1718 ἐν
1322 1665 1567 1736 Βηθλεὲμ
1597 1666 1847 1733 γεννᾶται

261 1752 359 1820 τῆς
398 1753 684 1817 Ἰουδαίας.
707 1754 917 1825 Ταύτης
939 1755 994 1807 δὲ
1028 1756 1124 1825 τῆς
1151 1755 1292 1809 κατὰ
1320 1758 1587 1828 Κυρήνιον
1607 1757 1850 1827 ἀπογρα-

263 1843 367 1911 φῆς
395 1845 495 1897 καὶ
523 1847 554 1898 6
585 1847 693 1898 τῶν
735 1850 863 1919 παρ’
915 1848 1179 1920 Ἑϐραίοις
1222 1849 1618 1918 ἐπισημότατος
1647 1850 1845 1918 ίστορι-

265 1934 372 1986 χῶν
411 1934 644 2001 Φλαύῖος
696 1938 951 2007 Ἰώσηπος
981 1938 1304 2010 μνημονεύει
1355 1939 1491 2010 (75),
1524 1940 1619 1992 καὶ
1678 1938 1841 2010 ἄλλην

260 2028 650 2081 ἑπισανάτττων
684 2031 921 2101 ἱστορίαν
946 2049 1008 2083 πε
1020 2032 1071 2102 ρὶ
1099 2032 1196 2101 τῆς
1226 2031 1332 2084 τῶν
1372 2031 1667 2085 Γαλιλαίων
1703 2031 1843 2084 κατὰ

263 2120 386 2183 τοὺς
434 2121 636 2184 αὐτοὺς
684 2123 1007 2193 ἐπιφυείσης
1043 2124 1266 2194 χρόνους
1312 2123 1591 2194 αἱρέσεως,
1636 2118 1703 2194 ῆς
1748 2123 1842 2176 καὶ

264 2213 389 2282 παρ’
430 2215 566 2283 ἡμῖν
587 2214 615 2266 6
642 2215 853 2279 Λουκᾶς
877 2216 933 2267 ὲν
952 2218 1070 2279 ταῖς
1091 2215 1323 2287 Πράξεσι
1353 2217 1569 2287 μνήμην
1600 2208 1701 2268 ὧδέ
1724 2232 1839 2279 πως

265 2302 433 2371 λέγων
477 2305 797 2375 πεποίηται’
837 2325 853 2357 I
886 2304 1040 2359 Μετὰ
1086 2305 1271 2359 τοῦτον
1322 2305 1517 2377 ἀνέστη
1573 2302 1768 2368 Ἰούδας
1808 2306 1870 2364 ὁ,

331 2398 371 2428 εί
398 2395 536 2467 Cap.
575 2412 631 2454 v.

330 2515 440 2584 (Ἠ)
482 2516 771 2582 Δεύτερον
818 2514 916 2567 καί
963 2513 1451 2583 τεσσαρακοστὸν
1494 2514 1646 2580 ἐτος.
1699 2513 1839 2569 Idem

270 2600 524 2638 numerus
561 2587 791 2637 bubo-tur
818 2586 870 2637 iII
903 2584 1160 2638 Chronico
1193 2586 1516 2639 Enseblano.
1547 2586 1699 2637 Anno
1728 2600 1838 2639 XLII

269 2656 488 2721 Augusti
541 2655 698 2707 Jesus
752 2654 991 2707 Christus
1035 2653 1210 2709 Filius
1265 2656 1359 2708 Dei
1429 2657 1483 2708 in
1534 2654 1836 2708 Bethlehem

265 2725 415 2779 Judw
446 2728 710 2777 nascitur.
732 2727 930 2795 Annus
981 2740 1143 2795 porro
1173 2726 1375 2795 primus
1419 2727 1642 2792 Augusti
1664 2725 1832 2795 juxta

269 2796 701 2862 supputationem
727 2794 941 2848 Eusebii
983 2793 1041 2849 is
1068 2793 1185 2860 est,‘
1212 2811 1316 2863 quo
1345 2795 1549 2850 Hirtius
1580 2804 1635 2849 et
1662 2793 1833 2850 Pansa

268 2865 520 2918 consules
566 2863 802 2919 fuerunt.
838 2865 1073 2919 Proinde
1126 2866 1393 2920 secundus
1435 2876 1490 2919 et
1538 2865 1835 2934 quadrage-

268 2937 434 2988 simus
460 2936 688 3002 Augusti
734 2950 909 2988 annus
943 2936 1087 2989 cadit
1120 2937 1171 2989 in
1207 2936 1546 2989 consulatum
1594 2934 1832 3002 ejusdem

265 3006 491 3071 Augusti
551 3006 766 3058 tertium
822 3004 1115 3059 decimum.
1175 3005 1299 3059 Haec
1351 3005 1418 3058 de
1469 3020 1609 3058 anno
1668 3004 1834 3059 natali

264 3074 489 3129 Christi.
538 3076 688 3129 Diem
741 3090 868 3129 vero
915 3075 1169 3130 neutrubi
1218 3076 1486 3143 expressit
1545 3074 1831 3129 Eusebius.

1964 561 2058 613 rali
2088 558 2399 614 Servatoris
2450 561 2619 613 nostri
2672 560 2982 625 praesentia,
3014 570 3269 629 tauquam
3308 563 3522 615 itineris

1960 654 2125 705 nostri
2149 667 2424 706 sumamus
2471 653 2703 709 initium.
2772 651 2984 706 Patrem
3026 653 3180 706 Verbi
3216 653 3404 716 Deum,
3440 653 3531 721 ip-r

1957 754 2185 812 sumque
2222 743 2287 797 de
2324 758 2431 813 quo
2470 743 2703 814 agimus,
2747 741 2928 796 Jesum
2979 744 3280 806 Christum,
3329 744 3517 799 Domi-

1958 851 2084 889 num
2114 851 2177 890 ac
2208 835 2557 894 Servatorem
2595 852 2860 904 nostrum,
2890 841 3112 894 cmlcste
3148 840 3239 894 Dei
3286 840 3527 896 Verbum.

1958 928 2212 996 precibus
2248 929 2585 999 invocantes,
2617 941 2675 986 ut
2702 935 2765 986 ad
2810 934 3238 1002 prosequendum
3272 932 3517 986 ordinem

1956 1019 2206 1073 veritatis
2243 1020 2543 1077 auxiliator
2585 1024 2738 1077 nobis
2772 1033 2936 1094 atque
2966 1024 3178 1091 adjutor
3201 1026 3290 1079 sit.
3327 1023 3519 1078 Aunus

1949 1110 2060 1179 jam
2088 1110 2351 1181 agebatur
2385 1114 2656 1169 secundus
2706 1126 2759 1171 et
2808 1117 3258 1186 quadragesinms
3305 1115 3520 1184 imperii

1952 1208 2205 1278 Augusti,
2246 1223 2274 1260 a
2338 1210 2560 1265 subacta
2602 1221 2781 1265 autem
2840 1209 3095 1281 Egypto,
3122 1220 3173 1264 et
3204 1211 3270 1263 ab
3297 1208 3517 1261 interitu

1952 1300 2173 1356 Antonii
2228 1306 2282 1354 et
2324 1298 2646 1368 Cleopatrae,
2700 1300 2753 1354 in
2820 1317 2924 1371 qua
2987 1299 3394 1354 Ptolemaeorum
3461 1300 3515 1352 in

1954 1390 2187 1463 Egypto
2237 1392 2533 1446 dominatio
2586 1391 2765 1457 desiit,
2821 1399 3044 1446 octavus
3092 1405 3155 1444 ac
3184 1389 3514 1445 vicesimus:

1952 1498 2072 1538 cum
2122 1482 2384 1537 Servatur
2431 1494 2485 1538 et
2536 1483 2795 1539 Dominus
2848 1491 3030 1538 noster
3085 1480 3243 1536 Jesns
3268 1479 3517 1535 Christus

1953 1576 2130 1644 prima
2166 1575 2256 1630 illa
2293 1575 2658 1641 descriptione
2690 1589 2887 1628 census
2918 1589 3037 1641 quae
3066 1573 3206 1629 facta
3258 1582 3342 1627 est
3381 1571 3511 1639 Qui-

1952 1666 2094 1720 rinio
2123 1666 2295 1736 Syria:
2326 1667 2673 1734 praesidente,
2704 1666 3001 1719 secundum
3037 1666 3421 1733 pr0phetarum
3452 1663 3515 1715 de

1956 1757 2045 1812 illo
2074 1758 2356 1821 vaticinia,
2393 1761 2443 1811 in
2472 1756 2785 1811 Belhlehem
2830 1755 3025 1814 Iudaea!
3059 1767 3219 1811 natus
3250 1766 3351 1809 est.
3403 1754 3514 1807 llu-

1946 1846 2035 1916 jus
2086 1863 2245 1917 porro
2295 1847 2675 1915 descriptionis
2717 1862 2836 1916 qum
2884 1845 3112 1912 Quirinii
3180 1845 3515 1913 temporibus

1952 1936 2093 1992 facta
2146 1946 2251 2000 est,
2300 1936 2690 1991 celeberrimus
2724 1936 2862 2005 apud
2909 1935 3121 1990 Judaros
3166 1936 3511 1989 historiarum

1947 2027 2185 2097 scriptor
2215 2028 2434 2083 Flavius
2480 2027 2751 2096 Josephus
2786 2030 3117 2083 mentionem
3147 2029 3274 2081 facit
3305 2046 3317 2079 :
3347 2026 3511 2081 aliam

1946 2134 2162 2189 quoque
2220 2120 2585 2173 narrationem
2631 2120 2699 2175 de
2758 2120 3105 2175 Galilaeorum
3171 2128 3339 2181 secta,
3390 2131 3515 2185 qua:

1947 2213 2136 2266 iisdem
2177 2213 2510 2282 temporibus
2543 2214 2767 2269 emersit
2811 2213 2990 2268 statim
3041 2213 3410 2276 subnectens;
3447 2209 3513 2261 de

1946 2319 2050 2375 qua
2085 2315 2268 2358 noster
2300 2306 2466 2359 etiam
2518 2303 2690 2361 Lucas
2722 2307 2776 2360 in
2804 2306 3029 2361 Actibus
3065 2302 3432 2372 apostolorum
3465 2300 3508 2331 ⁸¹

1948 2514 2075 2572 facit
2098 2516 2476 2587 descriptionis
2489 2515 2631 2571 illius
2648 2530 2768 2587 qua:
2785 2530 2812 2569 a
2831 2514 3074 2582 Quirinio
3094 2513 3230 2587 facta
3246 2512 3509 2587 est_in__Syf

1948 2588 2023 2640 ria
2049 2601 2112 2641 ac
2135 2582 2315 2641 Jndm'a
2340 2589 2518 2641 statim
2553 2582 2679 2655 post
2700 2586 3078 2655 relegationem
3102 2582 3372 2655 Archelai.
3398 2584 3507 2655 Sed

1945 2657 2101 2723 hujus
2145 2658 2472 2725 scriptionis,
2501 2652 2660 2724 quam
2690 2652 2865 2710 Lucas
2896 2666 3154 2723 regnante
3180 2653 3371 2725 adhuc
3397 2652 3504 2725 lie-

1944 2722 2069 2780 rode
2098 2722 2295 2781 factam
2325 2742 2444 2780 esse
2470 2722 2567 2790 ait,
2595 2742 2698 2780 non
2729 2722 2995 2781 meminit.
3022 2726 3097 2777 Ac
3124 2722 3252 2776 mihi
3286 2722 3501 2788 quidem

1941 2797 2156 2850 videtur
2186 2798 2407 2850 errorin
2442 2806 2645 2849 textum
2688 2798 2844 2850 ante
2878 2795 3163 2864 irrepsisse
3193 2793 3242 2845 in
3274 2792 3501 2857 Quirinii

1943 2867 2179 2928 nomine,
2209 2875 2263 2919 et
2293 2881 2389 2936 pro
2418 2866 2662 2931 Quirinio
2694 2866 3084 2936 restituendum
3106 2934 3114 2936 ν
3134 2877 3276 2936 esse
3302 2877 3495 2936 nomen

1944 2938 2115 2991 Sentii
2170 2932 2469 2989 Saturnini.
2507 2936 2606 2990 Hic
2635 2938 2777 2989 enim
2811 2948 3010 3003 praeses
3043 2932 3317 3003 fuit_‘sub_
3345 2932 3499 3003 linem

1944 3007 2095 3075 regni
2151 3005 2379 3061 Herodis
2430 3016 2569 3061 teste
2627 3000 2881 3074 Josepho.
2927 3006 3086 3059 Certe
3138 3000 3503 3075 Tertullianus

1947 3070 2134 3133 in'lib.
2171 3092 2244 3139 tv,
2276 3080 2526 3131 adversus
2574 3070 2918 3139 Marcionem,
2967 3087 3162 3127 census
3210 3073 3260 3123 in
3316 3070 3500 3125 Judzea

263 3147 490 3200 Orosius
522 3147 739 3213 quidem
769 3146 820 3199 in
867 3145 959 3199 lib.
988 3160 1081 3211 vII,
1107 3160 1226 3213 cap.
1251 3142 1309 3210 2,
1347 3156 1631 3214 postquam
1679 3143 1829 3216 juxta
1860 3155 1903 3216 ε
1936 3157 2088 3201 artos
2121 3148 2316 3202 scribit
2350 3162 2446 3216 per
2476 3148 2725 3201 Sentium
2754 3145 3136 3216 Saturninum.
3167 3142 3245 3216 ΕΞ
3275 3156 3381 3208 quo
3404 3156 3501 3216 ap-

261 3216 586 3269 sententiam
632 3216 883 3277 Eusebii,
921 3230 1079 3284 quem
1122 3218 1320 3283 ubique
1367 3217 1633 3284 sequitur,
1672 3214 1831 3268 Chri-

262 3296 398 3339 stum
448 3298 637 3339 natum
674 3300 793 3338 esse
822 3286 959 3338 dixit
996 3300 1136 3339 anno
1171 3284 1383 3354 imperii
1414 3286 1643 3353 Augusti
1686 3300 1829 3351 XLII,

262 3355 404 3408 addit
430 3357 519 3409 die
559 3371 631 3408 vII
666 3354 936 3409 Kalendas
969 3353 1275 3410 Januarias.
1309 3354 1419 3409 Nec
1452 3356 1611 3409 aliter
1637 3355 1833 3424 legitur

261 3425 311 3479 in
344 3424 623 3494 veteribus
657 3426 812 3478 fastis
848 3440 982 3491 quos
1017 3427 1118 3494 sub
1164 3425 1321 3479 ldacii
1367 3425 1583 3479 nomine
1627 3427 1831 3494 primus

262 3496 429 3548 edidit
468 3493 587 3548 Jac.
620 3494 969 3556 Sirmoudus;
1006 3493 1215 3563 fuitque
1240 3495 1355 3549 haec
1385 3493 1685 3549 communis
1714 3496 1831 3563 Opi-

262 3566 347 3619 nio
373 3565 743 3619 Occidentalis
770 3564 1041 3620 Ecclesiae.
1069 3565 1175 3619 Sed
1204 3581 1324 3619 cum
1350 3564 1650 3620 Orientales
1673 3565 1832 3618 aliter

263 3635 567 3697 senserint,
616 3636 892 3693 Christum
923 3635 1129 3690 scilicet
1175 3644 1358 3688 natum
1403 3650 1522 3689 esse
1569 3650 1663 3688 VIII
1708 3634 1831 3689 idus

258 3700 572 3766 ianuarias,
602 3705 653 3756 in
689 3705 789 3759 hac
814 3720 1025 3774 quoque
1050 3706 1316 3759 sententia
1343 3705 1630 3759 Eusebium
1662 3704 1828 3759 fuisse

264 3776 481 3828 minime
516 3774 872 3829 dubitandum
900 3776 1005 3829 est.
1037 3774 1223 3843 itaque
1260 3789 1323 3828 ex
1358 3777 1623 3828 sententia
1663 3775 1831 3827 Euse-

261 3845 353 3909 bii,
379 3846 593 3913 primus
612 3842 818 3898 Christi
858 3859 1031 3899 annus
1068 3842 1343 3899 concurrit
1379 3859 1501 3898 cum
1542 3859 1683 3898 anno
1718 3860 1828 3899 XLII

263 3914 465 3982 imperii
519 3916 766 3982 Augusti.
820 3914 911 3968 Sic
949 3923 1097 3969 certe
1135 3915 1190 3969 in
1254 3914 1634 3969 vetustissimis
1678 3915 1828 3969 codi—

261 3985 408 4038 cibus
445 3984 738 4038 Eusebiani
788 3983 1057 4048 Chronici,
1090 3984 1381 4047 Acutiauo,
1419 3982 1588 4049 Lipsii
1631 3994 1685 4039 et
1730 3983 1831 4039 0r-

262 4055 367 4107 telii
406 4059 672 4123 scriptum
704 4056 957 4119 habetur,
988 4065 1044 4108 ut
1087 4065 1315 4108 testatus
1350 4064 1430 4108 est
1478 4053 1709 4108 Mimos.
1739 4056 1830 4109 Sic

262 4125 311 4177 in
353 4126 733 4195 antiquissima
780 4126 1014 4179 editione
1058 4124 1464 4195 Mediolanensi,
1514 4139 1675 4192 quam
1712 4139 1827 4195 nec

260 4193 506 4265 Scaliger
538 4210 639 4248 nec
684 4195 954 4249 Pontacus
1000 4196 1275 4249 viderunt.
1310 4193 1445 4248 Male
1490 4195 1559 4265 in
1589 4194 1829 4248 editione

262 4264 519 4335 Scaligeri
569 4266 774 4334 primus
830 4265 1032 4320 Christi
1081 4279 1256 4317 annus
1314 4264 1660 4333 componitur
1704 4278 1826 4318 cum

262 4352 397 4388 anno
437 4352 574 4390 XLIII
620 4336 870 4405 Augusti,
897 4347 1084 4389 contra
1136 4335 1291 4405 tidem
1328 4338 1649 4404 scriptorum
1681 4335 1828 4388 codi-

262 4421 403 4475 rum,
454 4404 937 4475 aileoque’contra
990 4405 1157 4473 ipsius
1207 4404 1423 4458 Eusebii
1480 4405 1823 4475 sententiam.

260 4474 469 4528 Etenim
513 4473 777 4530 Eusebius
812 4476 863 4527 in
900 4477 1004 4529 line
1044 4476 1137 4529 lib.
1168 4490 1239 4527 vII
1283 4475 1363 4526 ait
1403 4473 1683 4528 historiam
1734 4489 1822 4527 ec-

260 4544 579 4598 rlesiastica:
625 4546 989 4599 suceessionis
1017 4560 1045 4597 a
1086 4559 1142 4598 se
1178 4544 1562 4612 conscriptam,
1600 4559 1628 4596 a
1655 4544 1823 4597 natali

257 4616 458 4668 Christi
501 4616 566 4667 ad
611 4630 779 4683 usque
818 4615 1225 4669 subversionem
1272 4614 1650 4678 Ecclesiarum,
1678 4628 1826 4667 eoru-

258 4686 410 4751 piccti
454 4702 627 4739 annos
652 4686 889 4754 quinque
921 4700 985 4739 ac
1027 4694 1317 4754 trecentos.
1344 4684 1507 4752 Atqui
1539 4684 1582 4736 si
1619 4685 1828 4751 primus

258 4755 457 4808 Christi
498 4752 765 4808 annus—ab
802 4752 946 4808 anno
980 4769 1109 4808 Xthl
1153 4752 1380 4821 Augusti
1424 4754 1660 4815 ducitur,
1704 4755 1827 4807 inde

260 4828 320 4877 ad
359 4840 449 4877 nx
492 4824 805 4878 Diocletiani
843 4840 1045 4878 annum
1084 4840 1193 4893 quo
1238 4826 1528 4877 destructa:
1566 4834 1692 4877 sunt
1736 4824 1830 4877 Ec-

262 4895 457 4956 clesiae,
484 4906 717 4962 quatuor
756 4903 960 4947 tantum
986 4910 1062 4951 'ac
1102 4894 1331 4947 trecenti
1367 4904 1490 4947 sunt
1529 4894 1679 4947 anni.
1726 4894 1828 4948 Ve-

266 4965 538 5017 riSaiIIIUIII
585 4965 747 5032 igitur
788 4973 903 5028 est,
947 4966 1087 5034 quod
1136 4980 1296 5033 supra
1342 4966 1484 5029 dixi,
1540 4964 1825 5019 Eusebium

266 5035 469 5088 initium
500 5049 764 5087 annorum
792 5035 992 5089 Christi
1024 5049 1164 5088 anno
1196 5049 1298 5088 XLII
1334 5036 1593 5101 Augusti,
1647 5051 1829 5090 mense

263 5102 521 5157 Januario
593 5105 963 5159 collocavisse.
1039 5104 1106 5158 Et
1178 5106 1256 5174 sic
1326 5104 1659 5174 Epiphanius
1724 5106 1825 5159 ad-

263 5188 445 5253 verSIIs
478 5176 728 5228 literesim
774 5174 1065 5247 Alogorum
1105 5190 1171 5230 ex
1205 5172 1736 5241 Eusebii—Chronico,
1770 5186 1828 5231 ut

262 5258 463 5311 Opinor.

326 5314 433 5385 (72)
470 5315 775 5383 Κυρηνίου
826 5317 1290 5387 ἡγεμονεύοντος
1329 5313 1724 5387 τῆς-Συρίας.
1771 5317 1826 5371 Id

261 5394 355 5451 est,
385 5402 501 5440 cum
532 5388 795 5451 Quirinus
826 5385 1022 5456 legatus
1050 5397 1181 5441 esset
1224 5385 1418 5454 Syriw.
1452 5385 1682 5455 Legatos
1710 5387 1827 5441 Ca:-

258 5458 382 5510 saris
408 5461 499 5526 qui
527 5461 582 5510 in
620 5459 931 5525 provincias
960 5458 1330 5519 mittebantur,
1368 5457 1542 5509 civilia
1578 5460 1735 5510 simul
1771 5467 1827 5511 et

256 5527 500 5581 militaria
541 5528 773 5589 recturi,
807 5528 975 5583 (Ξτωεί
1024 5530 1137 5581 l'ere
1184 5526 1454 5597 ἡγεμόνας
1498 5537 1710 5581 vocant.
1750 5529 1826 5582 Ita

252 5598 438 5655 Strabo
494 5600 548 5654 in
583 5598 699 5651 ﬁne
742 5598 835 5652 lib.
888 5614 1017 5664 xvn,
1064 5599 1158 5651 Dio
1207 5600 1646 5668 Cltrysostomus,
1699 5599 1825 5652 alii-

248 5684 358 5736 que.

300 5740 414 5809 (75)
460 5738 706 5804 Ταύτης
737 5736 805 5789 δὲ
827 5735 936 5805 τῆς
966 5739 1115 5809 κατὰ
1140 5740 1437 5807 Κυριὶνιον
1474 5738 1825 5808 ἀπογραφῆς

249 5808 531 5880 Ἰώσηπος
556 5811 945 5878 I”'7U’0"é‘t"€t.
966 5808 1228 5880 Josepltus
1255 5814 1467 5881 quidem
1498 5824 1825 5867 mentionem

1937 3226 2111 3281 paret,
2144 3212 2462 3272 Tertulliani
2517 3227 2757 3283 tempore
2805 3218 3068 3283 quosdam
3120 3214 3172 3265 in
3206 3212 3501 3283 Evangelia

1935 3288 2093 3341 Lucae
2147 3302 2246 3357 pro
2273 3288 2521 3354 Quirinio
2570 3286 2930 3357 Saturninum
2982 3284 3200 3357 legisse.
3233 3283 3501 3357 Caatermn

1935 3359 2133 3411 mirum
2149 3350 2251 3412 'est
2284 3350 2440 3411 hanc
2470 3357 2702 3425 primam
2751 3350 3175 3424 descriptidnem
3206 3368 3233 3402 :I
3264 3350 3500 3425 Josepho

1935 3429 2355 3495 praetermissam
2394 3422 2581 3490 fuisse,
2619 3427 2707 3495 qui
2739 3436 2917 3480 tamen
2937 3422 3144 3493 patria:
3170 3437 3280 3475 suae
3324 3422 3498 3495 histo-

1935 3491 2075 3550 riam
2112 3507 2260 3551 tanta
2294 3498 2572 3566 diligentia
2609 3491 2925 3566 persecutus
2955 3491 3078 3559 est,
3124 3504 3185 3566 ut
3220 3500 3273 3566 et
3307 3491 3497 3566 praesi-

1932 3568 2027 3620 des
2061 3567 2232 3637 Syriae
2261 3562 2451 3622 omnes
2481 3562 2837 3637 recensuerit.
2874 3564 3006 3618 Nam
3035 3575 3089 3617 ct
3119 3563 3360 3637 Sentium
3398 3562 3501 3637 Sa-

1935 3632 2207 3691 turninum
2239 3648 2647 3700 commemorat,
2676 3636 2901 3704 ejusque
2926 3650 3297 3704 successorem
3327 3632 3498 3704 Quin-

1934 3706 2108 3759 tilium
2143 3707 2368 3761 Varum.
2397 3705 2522 3761 Haec
2557 3723 2678 3761 cum
2710 3703 3052 3775 intelligeret
3102 3703 3389 3764 Eusebius,
3417 3703 3499 3757 sit:

1932 3776 2176 3830 censuit:
2206 3793 2369 3830 unam
2403 3778 2755 3843 eamdemque
2782 3791 2900 3830 esse
2920 3775 3375 3843 descriptionem,
3398 3787 3498 3825 cu-

1927 3843 2017 3913 jus
2046 3846 2217 3901 Lucas
2244 3857 2298 3901 et
2330 3846 2596 3916 Iosephus
2627 3842 3033 3910 meminissent;
3079 3842 3497 3916 sedJosephum

1932 3911 2042 3969 l‘alli
2078 3918 2168 3986 qui
2200 3932 2317 3970 eam
2349 3911 2771 3984 descriptionem
2818 3927 2937 3982 post
2976 3911 3499 3986 relegationcmAr-

1932 3982 2111 4041 chelai
2147 3987 2439 4056 contigisse
2486 3982 2771 4039 scriberet.
2810 3987 2995 4056 lIanIe
3041 3982 3182 4056 idem
3222 3982 3497 4056 Eusebius

1934 4061 1987 4109 in
2024 4051 2324 4119 Chronico:
2347 4056 2631 4109 tumultum
2672 4057 2816 4108 illum
2849 4051 2999 4109 Judae
3027 4053 3257 4113 Galilazi,
3287 4051 3376 4119 qui
3412 4053 3497 4104 de-

1931 4127 2281 4194 scriptionem
2308 4126 2450 4179 illam
2479 4141 2509 4178 a
2539 4126 2792 4192 Quirinio
2820 4126 3018 4179 factam
3046 4126 3366 4194 subsecutus
3388 4129 3491 4179 est,

1931 4193 2258 4249 subortnm
2305 4196 2505 4250 Christi
2556 4204 2608 4249 et
2659 4205 2901 4249 extrema
2962 4193 3192 4248 Herodis
3247 4202 3493 4258 tempora

1931 4266 2180 4321 collocat.
2214 4265 2397 4335 Neque
2432 4266 2574 4319 enim
2612 4266 2746 4319 adeo
2778 4265 3024 4332 stupidus
3058 4263 3159 4335 fuit
3206 4262 3493 4335 Eusebius,

1931 4346 1989 4388 nt
2019 4351 2125 4389 non
2162 4333 2369 4391 videret
2399 4335 2597 4389 Lucam
2644 4344 2698 4388 et
2742 4335 3036 4403 Josephum
3073 4334 3127 4388 in
3171 4333 3496 4399 assignando

1933 4405 2319 4473 descriptionis
2375 4415 2617 4475 tempore
2666 4405 2809 4475 inter
2844 4420 2903 4461 se
2933 4404 3240 4460 dissentire.
3284 4404 3495 4475 Quippe

1936 4476 1984 4528 id
2017 4475 2235 4544 patebat
2267 4475 2430 4529 etiam
2456 4473 2620 4529 caeco.
2666 4474 2771 4530 Sed
2807 4477 2857 4530 in
2899 4476 3003 4529 hac
3033 4473 3493 4544 dissonantia,_ob

1934 4538 2209 4615 Evangelii
2238 4548 2595 4599 reverentiam
2631 4544 2827 4600 Lucam
2877 4546 3030 4613 sequi
3078 4544 3287 4607 maluit,
3323 4551 3378 4615 et
3399 4538 3494 4595 Jo-

1931 4612 2279 4682 sepho'lidem
2312 4618 2595 4685 abrogare.
2628 4620 2757 4682 Qua:
2773 4612 2989 4685 quidem
3019 4622 3288 4685 senten_IIa
3314 4612 3493 4685 longe

1930 4680 2268 4740 commodior
2303 4696 2386 4739 est
2417 4680 2474 4739 et
2496 4680 2822 4754 expeditior,
2873 4700 3035 4753 quam
3076 4684 3160 4736 illa
3202 4680 3487 4750 Scaligert,

1930 4756 2022 4823 qui
2088 4756 2225 4810 duas
2296 4756 2464 4810 fuisse
2518 4753 2703 4810 censet
2778 4756 2977 4810 Judaeae
3044 4753 3487 4823 descriptiones;

1932 4821 2221 4894 utramque
2245 4841 2273 4879 a
2311 4826 2557 4891 Quirinio
2591 4830 2805 4878 tactam.
2852 4826 2957 4879 Sed
2994 4826 3044 4876 in
3083 4825 3180 4877 hac
3225 4821 3491 4894 Scaligeri

1930 4892 2196 4949 sententia
2228 4900 2393 4949 multa
2416 4907 2791 4964 occurruntpa
2804 4911 2919 4948 rum
2948 4894 3282 4949 verisimilia.
3308 4892 3490 4944 Primo

1929 4966 2071 5017 enim
2104 4965 2410 5031 Quirinium
2443 4968 2525 5019 bis
2555 4969 2775 5020 missum
2810 4965 2979 5020 fuisse
3012 4973 3225 5033 oportet
3251 4964 3487 5029 legatum

1932 5036 1983 5087 in
2020 5034 2232 5106 Syriam
2261 5054 2274 5101 ;
2307 5036 2387 5089 bis
2421 5039 2490 5090 ad
2522 5037 2765 5090 eamdem
2807 5052 2939 5099 rem,
2972 5034 3223 5090 videlicet
3255 5040 3323 5106 ad
3355 5047 3488 5106 cen-

1928 5121 2020 5158 SIIS
2044 5104 2279 5175 agendos
2310 5120 2324 5157 :
2350 5108 2581 5174 primum
2616 5107 2829 5175 quidem
2854 5109 3000 5160 circa
3032 5114 3209 5159 ortum
3241 5104 3485 5175 Christi:

1929 5173 2121 5229 deinde
2157 5190 2284 5230 vero
2318 5173 2505 5231 decem
2535 5173 2756 5231 circiter
2807 5187 2927 5245 post
2968 5177 3147 5240 annis,
3179 5191 3300 5228 cum
3354 5173 3489 5245 rele-

1929 5254 2086 5312 gatus
2120 5245 2309 5300 fuisset
2336 5247 2654 5302 Archelaus.
2700 5244 2865 5315 Atqui
2908 5262 3012 5301 non
3058 5256 3143 5300 est
3186 5244 3488 5313 probabile,

1932 5318 2177 5369 eumdem
2214 5318 2487 5372 hominem
2538 5318 2619 5371 bis
2654 5318 2876 5371 missum
2905 5318 3072 5371 fuisse
3101 5318 3167 5369 ad
3198 5317 3488 5383 regendam

1928 5387 2291 5454 provinciam.
2354 5387 2512 5442 Certe
2546 5387 2812 5455 Josephus
2857 5388 3306 5456 diligentissimus
3354 5384 3491 5438 seri-

1925 5464 2068 5523 ptor,
2096 5471 2217 5511 cum
2241 5458 2467 5522 Quirinii
2499 5461 2786 5511 adventum
2814 5458 2865 5511 in
2895 5455 3109 5527 Syriam
3146 5472 3209 5511 ac
3244 5455 3488 5527 Judaeum

1930 5535 2132 5589 narrat,
2161 5541 2281 5580 eum
2307 5528 2417 5594 jam
2442 5542 2599 5582 antea
2630 5533 2682 5580 in
2708 5526 3163 5596 Syriam’venisse
3193 5543 3301 5581 non
3332 5526 3487 5587 dicit,

1928 5611 2030 5667 nec
2062 5598 2482 5665 descriptionem
2506 5610 2598 5652 aut
2620 5602 2687 5651 ab
2723 5600 2830 5662 illo,
2866 5607 2959 5651 aut
2990 5602 3056 5651 ab
3087 5599 3197 5651 alio
3229 5597 3487 5667 quopiam

1930 5666 2174 5737 Romano
2198 5667 2377 5735 judice
2412 5670 2520 5737 jam
2561 5678 2718 5721 antea
2775 5673 2971 5722 tactam
3011 5670 3195 5722 luisse.
3243 5666 3489 5734 Ωιιόάβί

1922 5736 2032 5803 jam
2079 5737 2220 5791 facta
2280 5736 2456 5791 fuerat
2505 5738 2817 5807 descriptio,
2880 5754 2977 5792 cur
3054 5742 3245 5794 iterum
3292 5744 3352 5791 lit
3395 5752 3487 5807 per

1930 5810 2176 5865 eumdem
2207 5808 2425 5865 virum?
2472 5809 2606 5869 Nam
2641 5814 2686 5864 si
2718 5819 2865 5866 recte
2897 5822 2949 5867 et
2979 5814 3094 5868 sine
3132 5812 3323 5867 fraude
3348 5808 3492 5865 facta
