3966 6264
251 326 315 381 8‘.)

1269 326 1618 384 HISTORle
1659 320 2214 382 ECCLIL‘SIASTICJE
2255 327 2383 381 LIB.
2428 326 2466 380 Ι.

3410 331 3472 392 9(

258 445 348 517 χὴν
369 443 472 495 τῶν
505 441 781 496 Ἰουδαίων
812 445 1236 518 παρειληφότας.
1281 447 1338 501 Ὀ
1380 448 1425 501 δ’
1459 445 1619 508 αὐτὸς
1652 444 1791 516 δηλοῖ

1929 443 2133 498 tulisse.
2163 443 2361 519 Eadem
2391 445 2443 496 in
2479 443 2826 514 designamlis
2872 444 3249 500 sacerdotibus
3295 447 3482 500 obser-

263 541 326 601 ὡς
353 538 450 605 ἄρα
480 535 568 588 καὶ
594 535 693 606 τὴν
725 538 879 608 ἱερὰν
913 539 1103 610 στολὴν
1128 539 1220 592 τοῦ
1267 539 1587 611 ἀρχιερέως,
1607 537 1818 607 πρῶτος

273 625 494 698 Ἡρώδης
511 627 870 694 ἀποκλείσας,
903 631 1008 684 ὑπὸ
1040 630 1173 684 ἰδίαν
1204 631 1474 703 σφραγῖδα
1501 629 1813 699 πεποίηται,

269 719 434 792 μηκέτ’
467 719 634 788 αὐτὴν
655 722 769 784 τοῖς
805 721 1148 793 ἀρχιερεῦσιν
1175 723 1315 793 ἔχειν
1335 722 1423 790 ὑφ’
1451 722 1672 784 ἑαυτοὺς
1699 723 1817 774 ἐπι-

267 813 462 884 τρέᾲας*
491 813 659 865 ταύτὸ
685 812 742 866 δὲ
777 815 872 868 καὶ
907 815 998 868 τὸν
1031 816 1146 886 μετ’
1183 816 1344 868 αὑτὸν
1380 814 1684 885 Ἀρχέλαον,
1722 814 1816 866 καὶ

269 904 384 973 μετὰ
411 903 592 956 τοῦτον
627 905 932 974 Ῥωμαίους
982 906 1401 978 διαπράξασθαι.
1436 907 1546 960 Καὶ
1575 905 1744 958 ταῦτα
1769 905 1814 958 δ’

266 997 378 1063 ἡμῖν
403 993 655 1063 εἰρήσθω,
689 995 769 1058 .—.l.-.;
803 995 993 1066 ἑτέρας
1018 995 1288 1060 ἀπόδειξιν
1315 994 1648 1066 προφητείας
1675 994 1813 1048 κατὰ

266 1086 346 1154 τὴν
388 1085 702 1152 ἐπιφάνειαν
729 1087 823 1140 τοῦ
867 1089 1131 1159 Σωτῆρως
1174 1087 1329 1159 ἡμῶν
1371 1085 1545 1158 Ἰησοῦ
1579 1085 1811 1157 Χριστοῦ

265 1179 677 1249 πεπερασμένης.
720 1180 1036 1247 Σαφὲστατα
1067 1179 1196 1248 γοῦν
1245 1181 1301 1232 ἐν
1343 1179 1420 1248 τῷ
1451 1177 1642 1248 Δανιὴλ
1668 1177 1814 1230 ἐϐδο-

269 1267 424 1337 μάδων
466 1268 628 1321 τινῶν
666 1269 896 1341 ἀριθμὸν
939 1271 1196 1340 ὀνομαστὶ
1237 1270 1342 1332 ἓως
1384 1267 1619 1340 Χριστοῦ
1651 1269 1812 1336 ἡγου-

267 1357 406 1428 μένου
434 1360 737 1430 περιλαεὼν
771 1363 799 1414 ὁ
847 1361 1022 1430 λόγος,
1067 1362 1194 1432 περὶ
1235 1354 1309 1414 ὧν
1354 1364 1410 1414 ἐν
1453 1360 1659 1430 ἑτέροις
1683 1360 1811 1412 διει-

267 1451 480 1518 λήςαμεν
522 1451 660 1520 (83),
708 1452 846 1522 μετὰ
881 1453 941 1505 τὸ
979 1454 1183 1506 τούτων
1225 1452 1599 1524 συμπέρασμα
1636 1451 1811 1517 ἐξολο-

264 1535 626 1607 ϐρευθήσεσθαι
665 1541 726 1594 τὸ
764 1542 914 1615 παρὰ
948 1543 1217 1605 Ἰουδαίοις
1232 1545 1435 1612 χρῖσμα
1459 1540 1805 1612 προφητεύει.

263 1629 349 1680 Καὶ
372 1629 522 1683 τοῦτο
552 1632 608 1684 δὲ
646 1633 833 1700 σαφῶς
861 1633 996 1687 κατὰ
1027 1635 1116 1688 τὸν
1147 1634 1336 1705 καιρὸν
1376 1634 1474 1704 τῆς
1513 1633 1605 1686 τοῦ
1636 1633 1811 1702 Σωτῆ-

260 1731 332 1788 ρος
365 1719 517 1789 ἡμῶν
574 1723 747 1792 Ἰησοῦ
791 1723 1029 1813 Χὶριστοῦ
1077 1727 1381 1795 γεννήσεως
1431 1724 1806 1778 ἀποδείκνυται

1923 550 2082 588 vasse
2114 536 2192 590 ait
2225 535 2552 590 Archelaum
2583 535 2817 590 Herodis
2849 537 3038 598 filium,
3069 552 3133 590 ac
3161 537 3354 590 deinde
3378 535 3487 591 Ro-

1924 640 2133 689 manos,
2179 627 2268 694 qui
2327 635 2449 694 post
2500 627 2645 680 illum
2688 624 2885 678 Judrem
2932 627 3212 694 imperium
3256 641 3487 693 occupa-

1924 727 2069 773 runt.
2109 718 2249 772 Idem
2284 717 2399 786 ipse
2449 715 2717 786 Iosephus
2763 718 2929 771 tradit
2960 719 3194 787 primum
3245 719 3482 773 omnium

1924 809 2188 863 Herodem
2214 824 2426 863 sacram
2456 809 2757 864 sacerdotis
2785 818 2989 862 vestem
3037 809 3136 863 sub
3167 809 3483 878 privato-si-

1921 900 2046 970 gillo
2095 900 2333 955 tenuisse
2375 899 2706 963 conclusam,
2745 915 2846 955 nec
2882 902 3139 968 deinceps
3180 901 3484 956 sacerdoti-

1921 994 2022 1046 bus
2049 993 2361 1062 permisisse
2408 1002 2468 1046 ut
2512 992 2656 1046 illam
2705 1009 2870 1061 penes
2895 1008 2954 1048 se
2983 994 3246 1047 haberent
3273 1012 3285 1048 :
3315 994 3484 1048 idem-

1918 1097 2022 1153 que
2051 1083 2118 1137 ab
2180 1083 2449 1138 Archelao
2506 1084 2621 1155 ejus
2684 1098 2993 1140 successore
3042 1093 3096 1139 et
3152 1100 3180 1138 a
3223 1082 3482 1141 Romanis

1918 1183 2107 1244 postea
2137 1174 2340 1228 factum
2387 1174 2571 1229 fuisse.
2597 1175 2772 1244 Atque
2799 1175 2914 1229 haec
2947 1190 2975 1228 a
3006 1175 3162 1230 nobis
3189 1175 3332 1230 dicta
3372 1174 3481 1230 sint

1917 1267 1983 1318 ad
2035 1266 2491 1336 comprobandam
2551 1265 2834 1320 veritatem
2891 1266 3110 1321 alterius
3163 1267 3476 1336 prophetiae,

1917 1373 2038 1424 qure
2099 1357 2152 1410 in
2200 1355 2436 1410 adventu
2511 1355 2819 1411 Servatoris
2871 1357 3082 1412 Domini
3129 1360 3295 1412 nostri
3351 1356 3478 1413 Jesu

1916 1450 2120 1506 Christi
2153 1450 2359 1504 exitum
2392 1450 2586 1502 sortita
2623 1457 2725 1503 est.
2770 1449 2980 1503 Etenim
3016 1451 3068 1502 in
3110 1451 3250 1504 libro
3282 1451 3476 1504 Danie-

1917 1543 2001 1604 lis,
2030 1552 2312 1612 pOSIquam
2343 1552 2549 1597 certum
2582 1556 2864 1596 numerum
2915 1543 3339 1614 septimanarum
3388 1557 3477 1596 us-

1915 1647 2020 1702 que
2049 1632 2114 1685 ad
2143 1631 2348 1686 Christi
2388 1631 2750 1701 principatum
2784 1646 2937 1686 sacra
2975 1632 3253 1702 Scriptura
3301 1633 3478 1686 nomi-

1919 1725 2082 1777 natim
2115 1724 2450 1792 percensuit,
2485 1724 2551 1777 de
2585 1724 2782 1792 quibus
2808 1723 2936 1780 alibi
2970 1726 3347 1788 disseruimus,
3389 1727 3474 1779 his

255 1811 797 1883 συμπεπληρωμένον.
829 1805 1013 1870 ’Ταῦτα
1031 1817 1074 1870 δ’
1103 1819 1231 1887 ἡμῖν
1251 1816 1565 1884 ἀναγκαίως
1597 1817 1676 1878 εἰς
1708 1833 1791 1868 πα¹

1912 1815 2127 1869 demum
2171 1814 2480 1882 completis,
2527 1815 2668 1869 sacri
2703 1816 2806 1871 olei
2845 1818 3159 1870 unctionem
3197 1815 3335 1884 apud
3377 1815 3474 1870 Ju-

255 1900 606 1972 ρέετασιντῆς
633 1905 738 1958 τῶν
764 1906 969 1976 χρόνων
1002 1907 1258 1978 ἀληθείας
1289 1905 1735 1978 προτετηρήσθω.

1917 1905 2059 1960 (ἴδιος
2101 1905 2419 1960 abolendam
2476 1921 2596 1960 esse
2647 1907 2908 1976 praedicit.
2961 1907 3111 1974 Quod
3158 1908 3372 1976 quidem
3407 1922 3474 1960 eo

252 1993 351 2062 ipso
379 2011 486 2063 quo
517 1997 784 2054 Servator
813 2013 994 2056 noster
1026 2002 1182 2058 Jesus
1226 2001 1480 2057 Christus
1521 2011 1678 2054 natus
1703 2009 1787 2054 est
1819 2008 2080 2070 tempore,
2119 2000 2403 2055 manifeste
2436 2001 2712 2070 impletum
2743 2018 2864 2058 esse
2892 2003 3250 2058 convincitur.
3299 2003 3472 2073 Atque

250 2085 344 2144 hac
369 2090 435 2145 ad
469 2095 864 2148 ostendendam
911 2105 1209 2164 temporum
1243 2097 1526 2151 veritatem
1558 2093 1864 2150 necessario
1886 2109 1913 2147 a
1945 2093 2096 2149 nobis
2124 2095 2398 2164 praemissa
2438 2095 2568 2149 sint.

765 2237 1158 2291 ΚΕΦΑΛΑΙΟΝ
1202 2239 1278 2294 Z'.

241 2366 367 2438 Περὶ
432 2364 547 2438 τῆς
600 2366 672 2419 ἐν
723 2366 870 2438 ’τοῖς
955 2368 1341 2437 Εὐαγγελίοις
1416 2365 1800 2438 νομιζομένης

303 2436 624 2510 {irrigari-ia;-
658 2435 804 2510 37‘1ng
839 2439 970 2505 περὶ
1017 2435 1137 2510 τοῦ
1204 2439 1461 2507 Χριστοῦ
1485 2435 1497 2438 ⁷
1521 2435 1798 2510 ferculo;

300 2508 426 2575 νίας
462 2507 608 2570 (Nic.
650 2506 723 2559 Η.
759 2507 824 2561 Ε.
857 2525 896 2570 ι,
921 2511 973 2573 7,
1008 2509 1115 2577 Η).

307 2598 520 2668 Ἐπειδὴ
549 2599 605 2650 δὲ
638 2597 735 2669 τὴν
764 2599 892 2670 περ).
918 2598 1012 2652 τοῦ
1036 2596 1271 2671 Χριστοῦ
1311 2600 1658 2670 γενεαλογίαν
1686 2603 1799 2655 δια-

236 2689 400 2760 φόρως
427 2692 562 2761 ἡμῖν
591 2693 620 2743 ὃ
657 2709 716 2743 τε
761 2691 1034 2756 Ματθαῖος
1067 2695 1159 2747 καὶ
1212 2697 1240 2748 ό
1272 2697 1480 2756 Λουκᾶς
1514 2696 1796 2765 εὐαγγελι-

233 2779 433 2849 ζόμενοι
461 2779 904 2851 παραδεδώκασι,
933 2782 1218 2851 διαφωνεῖν
1251 2802 1309 2836 τε
1335 2784 1647 2854 ,νομίζονται
1682 2790 1795 2851 τοῖς

231 2871 450 2934 πολλοῖς,
486 2871 597 2924 τῶν
619 2872 675 2924 δὲ
705 2873 909 2926 πιστῶν
952 2874 1177 2939 ἕκαστος
1215 2877 1324 2948 (86)
1364 2879 1554 2948 ἀγνοίᾳ
1586 2881 1631 2932 τ’
1665 2881 1794 2952 ἀληο

229 2958 337 3020 ϐοῦς
396 2960 764 3030 εὖρεσιλογεῖν
816 2964 895 3024 εἰς
938 2965 1062 3027 τοὺς
1109 2965 1308 3030 τόπους
1351 2967 1792 3041 πεφιλοτίμηται,

230 3053 343 3120 σερε
399 3053 497 3103 καὶ
542 3054 641 3120 τὴν
682 3055 811 3124 περὶ
855 3054 1056 3108 τούτων
1109 3057 1470 3112 κατελθοῦσαν
1517 3062 1596 3124 εἰς
1650 3064 1795 3132 ἡμᾶς

227 3143 459 3214 ἱστορίαν
505 3144 903 3214 παραθὼμεοα,
950 3146 1016 3217 ἣν
1047 3147 1111 3199 δι’
1144 3149 1429 3218 ἐπιστολῆς
1489 3151 1792 3227 Ἀριστείδῃ

226 3238 437 3307 γράψων
491 3238 621 3310 περὶ
666 3239 978 3308 συμφωνίας
1030 3239 1129 3309 τῆς
1171 3242 1228 3292 ὲν
1275 3243 1388 3305 τοῖς
1442 3237 1793 3311 Εῦαγγελίοις

226 3331 590 3398 γενεαλογίας,
619 3332 644 3383 ὁ
676 3331 856 3402 μικρῴ
886 3332 1116 3402 πρόσθεν
1146 3335 1275 3404 ἡμῖν
1302 3334 1562 3405 δηλωθεὶς
1601 3336 1790 3406 Ἀφρι-

226 3423 366 3485 κανὸς
407 3424 820 3493 ἐμνημόνευσε,
856 3424 954 3486 τὰς
995 3425 1092 3495 μὲν
1134 3425 1198 3497 δὴ
1245 3425 1353 3479 τῶν
1397 3425 1597 3479 λοιπῶν
1635 3427 1792 3493 δόξας

2496 2235 2724 2294 CAPUT
2767 2239 2876 2295 Vll.

1905 2371 1984 2428 De
2027 2372 2264 2427 dissensu
2313 2373 2403 2442 qui
2447 2373 2681 2444 creditur
2701 2389 2844 2444 _esse
2894 2374 3032 2428 inter
3073 2373 3359 2444 Evangelia
3415 2375 3468 2428 in

2481 2443 2644 2512 stirpe
2685 2441 2907 2497 Christi.

1975 2601 2081 2658 Sed
2123 2602 2375 2671 quoniam
2420 2601 2707 2658 Matthteus
2741 2610 2795 2658 et
2831 2602 3004 2658 Lucas
3047 2604 3102 2657 in
3148 2604 3468 2672 Evangelia-

1902 2715 2021 2753 rum
2043 2698 2200 2755 libris
2223 2697 2420 2755 Christi
2453 2718 2622 2771 genus
2647 2717 2710 2756 ac
2742 2702 2964 2771 stirpem
2997 2703 3144 2756 varie
3173 2705 3326 2758 nobis
3361 2714 3468 2758 tra-

1903 2793 2173 2857 diderunt,
2220 2803 2276 2846 et
2337 2793 2628 2862 plurimum
2675 2795 2818 2849 inter
2864 2809 2922 2849 se
2968 2795 3261 2849 dissentire
3302 2797 3466 2862 vulgo

1902 2883 2303 2948 existimantur,
2332 2886 2467 2940 adeo
2501 2896 2558 2939 ut
2587 2885 2788 2955 singuli
2823 2885 3062 2940 fidelium
3106 2886 3175 2939 ob
3218 2886 3468 2941 veritatis

1903 2976 2322 3045 ignorationem,
2353 2978 2534 3031 varias
2569 2993 2754 3032 eorum
2784 2977 3028 3032 locorum
3074 2977 3465 3046 explicationes

1900 3069 2148 3121 certatim
2175 3070 2609 3138 excogitaverint
2650 3087 2662 3122 :
2709 3069 2774 3123 de
2824 3070 2910 3124 his
2955 3070 3298 3125 traditionem
3343 3087 3464 3139 qua:

1900 3158 1965 3210 ad
1995 3174 2092 3213 nos
2123 3174 2291 3228 usque
2319 3160 2545 3214 deducta
2574 3170 2661 3213 est
2699 3174 3086 3228 prouonamus,
3116 3175 3276 3228 quam
3311 3160 3357 3214 is
3397 3161 3465 3214 de

1899 3264 2008 3318 quo
2039 3251 2199 3320 paulo
2245 3262 2370 3305 aute
2417 3251 2650 3305 diximus
2700 3251 3008 3316 Africanus,
3039 3252 3089 3305 in
3130 3251 3367 3320 Epistula
3395 3251 3464 3304 ad

1898 3341 2186 3396 Aristidem
2235 3342 2301 3397 de
2346 3357 2626 3410 consensu
2691 3342 3109 3413 Evangeliorum
3175 3343 3228 3396 in
3291 3343 3462 3411 stirpe

1898 3433 2098 3488 Christi
2151 3436 2457 3502 narranda,
2519 3435 2987 3490 commemoravit.
3063 3434 3164 3489 Ubi
3233 3435 3460 3490 aliorum

224 3515 288 3578 ὡς
319 3515 379 3568 ἂν
418 3515 640 3585 βιαίους
675 3517 768 3569 καὶ
811 3517 1199 3588 διεψευσμένας
1235 3518 1534 3588 ἀπελέγξας
1560 3520 1694 3590 (87),
1724 3522 1788 3592 ἢν

1899 3524 2114 3593 quidem
2153 3527 2438 3594 Opiniones
2481 3538 2740 3596 tanquam
2769 3527 3038 3581 violentas
3066 3537 3119 3580 et
3154 3524 3292 3581 falso
3323 3542 3459 3580 con-

223 3604 426 3670 8’a'31‘2g
453 3606 797 3678 παρείληφεν
829 3608 1087 3679 ἱστορίαν,
1117 3608 1326 3673 τούτοις
1359 3611 1540 3674 αὐτοῖς
1582 3611 1792 3664 ἐκτιθέ-

226 3715 362 3767 μενος
385 3701 511 3761 τοῖς
557 3699 796 3768 ῥήμασιν
815 3715 827 3728 ·
870 3718 888 3749 ι
933 3699 1148 3770 Ἐπειδὴ
1175 3699 1282 3771 γὰρ
1315 3701 1382 3754 τὰ
1410 3701 1648 3772 ὀνόματα
1679 3702 1786 3772 (88)

224 3790 312 3842 τῶν
336 3791 521 3860 γενῶν
561 3792 620 3842 ὲν
678 3789 893 3861 Ἰσραὴλ
931 3791 1215 3862 ἠριθμεῖτο
1254 3792 1286 3862 ἦ
1330 3791 1508 3860 φύσει,
1552 3793 1585 3862 ἢ
1617 3793 1785 3864 νόμῳ,

224 3881 359 3949 φύσει
405 3883 542 3952 μὲν,
586 3881 808 3952 γνησίου
858 3883 1172 3953 σπέρματος
1226 3884 1467 3956 διαδοχῇ,
1518 3887 1667 3957 νόμῳ
1709 3887 1786 3950 δὲ,

222 3973 384 4043 ἐτέρου
440 3973 936 4043 παιδοποιουμένου
998 3977 1078 4038 εἰς
1137 3974 1305 4046 ὄνομα
1370 3978 1788 4049 τελευτήσαντος

223 4064 425 4133 ἀδελφοῦ
461 4065 702 4119 ἀτέκνου
723 4081 737 4094 °
769 4066 849 4118 ὅτι
883 4066 989 4137 γὰρ
1016 4067 1226 4119 οὐδέπω
1266 4066 1442 4120 δέδοτο
1479 4068 1632 4131 ἐλπὶς
1658 4070 1788 4121 ἁνα-

223 4157 442 4220 οτάσεως
476 4156 684 4226 σατὴς,
713 4155 810 4226 τὴν
834 4155 1130 4226 μέλλουσαν
1176 4157 1505 4226 ἐπαγγελίαν
1551 4157 1786 4210 ἀναστά-

223 4263 294 4298 σει
316 4248 617 4318 ἐμιμοῦντο
644 4248 834 4319 Θνητῇ,
866 4248 951 4301 ἵνα
983 4248 1333 4302 ἀνέκλειπτον
1371 4250 1505 4320 μένῃ
1530 4249 1592 4302 τὸ
1619 4249 1787 4320 ὄνομα

221 4340 302 4392 τοῦ
333 4341 764 4413 μετηλλαχότος·
804 4341 925 4394 ἐπεὶ
954 4337 1046 4394 οὖν
1077 4343 1125 4394 οἱ
1166 4343 1230 4412 τῇ
1265 4341 1580 4412 γενεαλογίᾳ
1617 4343 1789 4416 ταύτῃ

1895 3615 2047 3668 fictas
2067 3617 2346 3682 coarguit;
2375 3617 2486 3684 ipse
2522 3630 2651 3669 vero
2697 3629 2855 3682 quam
2904 3622 3244 3680 compererat
3291 3613 3462 3666 histo-

1894 3705 2052 3772 riam,
2085 3706 2170 3759 his
2188 3705 2355 3759 refert
2379 3707 2557 3760 verbis
2585 3705 2772 3760 :cNam
2799 3706 3076 3774 quoniam,
3106 3705 3298 3773 inquit,
3319 3707 3460 3772 apud

1889 3795 2160 3850 lsraelitas
2183 3797 2589 3864 generationum
2613 3795 2982 3862 nomina,‘21
3027 3794 3110 3847 vel
3129 3809 3193 3846 ex
3230 3805 3454 3858 naturae,

1889 3887 1972 3942 vel
2002 3903 2068 3942 ex
2108 3887 2236 3955 legis
2276 3887 2468 3940 ordine
2495 3884 2919 3939 numerabantur
2945 3903 2960 3938 :
2986 3893 3190 3938 naturae
3212 3883 3454 3952 quidem,

1888 3994 2008 4034 cmn
2045 3978 2271 4047 legitimi
2308 3976 2403 4031 filii
2429 3977 2749 4046 parentibus
2780 3975 3114 4039 succedunt;
3142 3973 3275 4044 legis
3302 3987 3455 4037 vero,

1885 4072 2100 4139 quoties
2150 4070 2272 4138 quis
2323 4071 2374 4124 in
2420 4085 2618 4124 nomen
2683 4083 2748 4123 ac
2798 4066 3055 4121 familiam
3103 4067 3291 4122 fratris
3337 4066 3457 4120 sine

1885 4163 2070 4216 liberis
2127 4162 2361 4216 defuncti
2414 4163 2554 4216 filios
2606 4160 2848 4216 sustulit.
2903 4161 3036 4214 Cum
3091 4159 3235 4212 enim
3306 4168 3456 4213 certa

1889 4267 2010 4319 spes
2044 4252 2455 4305 resurrectionis
2494 4234 2729 4306 nondum
2762 4252 2841 4304 eis
2872 4252 2993 4303 data
3022 4260 3186 4313 esset,
3215 4248 3454 4303 futuram

1889 4342 2007 4410 ejus
2044 4343 2458 4412 promissionem
2505 4343 2723 4397 mortali
2779 4343 3007 4411 quadam
3058 4343 3456 4396 resurrectione

280 4540 380 4611 (85)
405 4539 564 4614 Περὶ
601 4533 689 4594 ὧν
830 4539 1052 4614 ἑτέροις
1095 4540 1500 4614 διειλτζφαμεν.
1532 4541 1782 4613 intelligit
1811 4547 1855 4602 D
1882 4541 1944 4614 δὴ
1971 4543 2085 4614 ,τῶν
2127 4541 2328 4614 λοιπῶν
2355 4541 2509 4608 δόξας
2552 4541 2760 4612 βιαίους
2791 4543 2883 4596 καὶ
2903 4541 3294 4614 Ῠδιεψευσμένας
3311 4543 3450 4614 ᾀπο-

221 4608 370 4664 libros
391 4608 875 4664 Demonstrationis
904 4611 1232 4677 evangelica}.
1260 4608 1471 4664 Etenim
1498 4614 1547 4665 iu
1582 4608 1777 4669 octavo

224 4678 323 4734 eius
370 4683 558 4748 operis
613 4681 753 4736 libro
798 4681 907 4748 agit
951 4683 1016 4734 de
1044 4682 1471 4734 hebdomadibus
1517 4682 1773 4748 Danielis,

223 4759 340 4813 Quas
365 4756 614 4821 adventu
632 4750 829 4803 Christi
837 4751 1146 4821 completas
1177 4765 1296 4804 esse
1319 4751 1598 4821 contendit
1619 4753 1773 4821 juxta

225 4819 523 4872 sententiam
543 4819 807 4873 Africani.
837 4818 1094 4874 Eumdem
1141 4821 1358 4874 Eusebii
1391 4820 1562 4874 locum
1587 4818 1653 4875 ex
1677 4823 1771 4877 lib.

224 4901 328 4963 vuL
355 4888 848 4963 Demonstrnlionis
882 4890 1194 4963 euangelica!
1242 4892 1375 4944 citat
1415 4889 1772 4963 Hieronymus

225 4955 270 5006 in
292 4955 686 5011 Commentariis
721 4959 776 5010 in
815 4955 1100 5011 Danielém.

285 5025 385 5095 (86)
403 5028 542 5096 ,Τῶν
565 5028 634 5082 δὲ
663 5029 893 5081 πιστῶν
919 5028 1194 5096 ἕκαστος.
1223 5029 1465 5094 Quatuor
1489 5032 1658 5085 nostri
1686 5049 1776 5087 co-

226 5091 376 5158 dices,
400 5095 598 5165 Begius
629 5099 837 5151 scilicet
876 5114 939 5152 ac
991 5091 1305 5162 Maz.,’cu_m
1358 5101 1494 5153 Med.
1525 5113 1578 5155 et
1612 5097 1770 5167 Fi:k.,

231 5167 464 5230 scriptum
493 5167 697 5222 habent
725 5167 834 5221 τῶν
864 5186 923 5220 τε
948 5169 1174 5231 πιστῶν,
1211 5181 1317 5222 etc.
1349 5169 1454 5223 Sed
1484 5171 1617 5225 μοι).
1649 5172 1771 5226 Ste-

229 5233 417 5309 phanus
446 5253 586 5309 cum,
607 5239 744 5291 hanc
758 5240 1069 5309 particulam
1097 5239 1205 5304 jam
1235 5249 1390 5293 antea
1414 5241 1464 5292 in
1495 5244 1770 5309 superiore

224 5304 444 5380 inertibro
471 5308 703 5380 positam
731 5308 956 5380 videret,
982 5309 1085 5380 hoc
1109 5310 1226 5364 loco
1251 5309 1307 5362 δέ
1331 5304 1639 5377 substituit;
1672 5329 1764 5367 no-

222 5367 728 5451 hisnlamenrect‘ior
757 5367 967 5432 videtur
985 5379 1183 5446 scripta
1209 5380 1384 5432 lectio.

285 5439 580 5520 (.871Vulg.
612 5447 1058 5520 -διεψευίσμένας
1096 5439 1439 5520 ἆποδείξας.
1491 5454 1604 5510 Hoc
1651 5456 1771 5511 loco

223 5503 342 5594 [ἰοὺ.
365 5503 624 5594 Stephani
647 5503 928 5594 consilium
952 5503 1169 5594 lauda-re
1188 5503 1767 5594 huiid’ﬁi’ddd'ﬁdssiirﬁ';

223 5582 303 5664 qui
325 5594 442 5634 cum
466 5582 693 5654 Regium
719 5589 954 5664 codicem
985 5593 1083 5645 sibi
1109 5595 1438 5664 sequendum
1465 5582 1770 5664 proposuis:

223 5654 451 5734 flgitium
478 5665 725 5734 cx__parte
747 5654 1305 5734 duntaxatcxprcssit.
1335 5654 1477 5718 Nam
1507 5654 1580 5719 in.
1603 5667 1768 5734 [legio

217 5717 416 5778 quidem
453 5717 643 5780 codice
669 5735 818 5782 totus
859 5729 941 5783 hic
987 5717 1134 5786 locus
1163 5733 1232 5787 i:a
1267 5717 1465 5798 legitur
1487 5717 1631 5799 5&5;

1880 4612 2080 4677 δείξας.
2131 4613 2187 4666 In
2238 4614 2463 4676 reliquis
2510 4623 2690 4666 autem
2725 4613 3016 4673 codicibus,
3055 4612 3192 4665 Med.
3245 4612 3450 4666 scilicet

1879 4693 1933 4736 et
1966 4683 2106 4736 Maz.
2158 4699 2221 4735 ac
2273 4682 2432 4743 Fuk.,
2484 4683 2556 4735 ita
2598 4683 2834 4748 scriptus
2866 4690 2950 4736 est
2982 4700 2994 4735 :
3025 4681 3122 4744 τὰς
3186 4681 3284 4750 μὲν
3342 4681 3450 4734 τῶν

1877 4751 2078 4805 λοιπῶν
2113 4751 2268 4816 δόξας
2315 4752 2459 4805 ὠσὰν
2509 4751 2714 4822 βιαίους
2757 4752 2860 4822 καὶ
2906 4751 3291 4822 διεψευσμένας
3317 4754 3452 4804 ἁπε-

1877 4822 2092 4890 λέγξας.
2138 4825 2313 4889 Atque
2355 4825 2425 4875 ita
2465 4821 2662 4890 legitur
2694 4821 2857 4874 etiam
2889 4821 3026 4889 apud
3066 4822 3446 4888 Nicephorum.

1879 4894 2080 4958 Duplex
2105 4894 2270 4960 igitur
2293 4893 2393 4946 fuit
2422 4895 2688 4957 scriptura
2729 4891 2888 4958 hujus
2911 4891 3030 4949 loci.
3053 4906 3174 4943 cum
3195 4891 3284 4943 alii
3316 4891 3450 4943 ἀπο-

1873 4961 2050 5027 δείξας
2074 4963 2324 5029 legereut.
2353 4962 2439 5014 alii
2458 4961 2787 5028 ἁπελέγξας.·
2807 4961 2910 5014 Sed
2937 4961 3029 5030 qui
3053 4961 3299 5026 legebant
3319 4961 3449 5013 ἀπο-

1881 5030 2080 5098 δείξας,
2111 5034 2477 5085 iiadverbium
2513 5032 2640 5084 illud
2669 5030 3230 5099 daaétvexpungebanl,
3250 5031 3446 5098 quippe

1879 5105 2018 5169 quod
2054 5103 2202 5156 nullo
2251 5103 2407 5154 modo
2436 5102 2724 5154 convenire
2758 5104 2925 5168 possit
2962 5117 3081 5154 cum
3115 5101 3276 5154 verbo
3308 5101 3444 5153 ἁπο-

1877 5171 2076 5238 δείξας.
2111 5171 2218 5224 Nos
2265 5171 2568 5238 ἀπελέγξας
2610 5172 2960 5238 ρηιξιυιίιιιιιε,
2994 5183 3102 5222 tum
3147 5171 3270 5236 quia
3320 5171 3441 5237 plu-

1877 5243 2016 5293 rium
2062 5241 2450 5307 exemplarium
2489 5241 2819 5293 auctoritate
2857 5241 3124 5301 firmatur,
3158 5250 3265 5291 tum
3295 5240 3436 5306 quod

1876 5310 2126 5364 Rufinum
2175 5311 2247 5363 ita
2304 5311 2495 5379 legisse
2553 5327 2619 5364 ex
2678 5309 2793 5375 ejus
2851 5311 3096 5363 versione
3163 5309 3435 5377 comperi-

1873 5399 2012 5435 lllllS.

1941 5448 2052 5522 (88)
2107 5449 2338 5522 Ἐπειδὴ
2390 5450 2500 5520 γὰρ
2545 5448 2951 5522 τὰηόνιτματα.
3002 5445 3274 5522 Particulit
3322 5447 3430 5522 γάρ

1869 5515 2074 5574 δὺθειὶι
2105 5521 2302 5573 nostris
2328 5515 2602 5574 codicibus
2634 5520 2792 5582 Μυκη
2813 5520 2972 5582 Med.,
3002 5515 3130 5571 Fuk.
3161 5527 3214 5569 et
3237 5515 3428 5581 Savil.,

1868 5605 1969 5647 nec
2021 5590 2251 5643 habetur
2296 5591 2345 5642 iu
2385 5588 3074 5658 interpretatione,illulini.
3124 5587 3308 5658 Exstat
3345 5597 3430 5639 ta-

1869 5659 2089 5781 ;ulepbin
2131 5661 2316 5715 codice
2355 5656 2607 5730 Regio‘et
2637 5658 2776 5726 apud
2824 5657 3184 5728 Nicephorum
3217 5656 3271 5710 in
3309 5671 3428 5725 cap.

1978 5746 1988 5780 ι
2034 5771 2046 5781 .
2082 5744 2122 5781 t.

1958 5731 2046 5785 lib.
2082 5744 2122 5785 ι..
