3966 6264
326 407 390 460 93
1355 405 1702 462 ιιιειτῦιυλι
1743 407 1869 462 ECC

1971 408 2299 464 SlASTlCAE
2340 407 2463 461 LIB.
2507 405 2550 460 1.
3494 401 3563 456 94

320 526 658 579 ἀποδεικτέον
690 526 813 590 πῶς
843 526 1104 600 ἑκάτερος
1142 527 1305 580 αὑτοῦ
1352 529 1533 599 πατὴρ
1582 531 1869 600 ἱστορεῖται

1999 530 2342 586 Salomonem
2383 526 2762 599 generationes
2801 540 2922 579 cum
2967 523 3224 578 Matlbazo
3247 535 3563 575 numerave-

313 621 339 674 ὃ
384 635 439 671 τε
482 617 676 672 Ἰακὼϐ
727 619 836 671 ἀπὸ
885 619 1273 690 Σολομῶντος,.
1301 621 1394 672 καί
1449 620 1564 673 Ἠλὶ
1592 623 1618 673 6
1645 622 1750 674 ἀπὸ
1791 621 1884 674 τοῦ

312 711 490 764 Νάθαν
518 710 785 782 ἑκάτερος
816 712 1144 780 κατάγοντες
1173 712 1231 765 τὸ
1260 713 1436 780 γένος,
1471 714 1619 776 ὅπως
1655 730 1714 766 τε
1757 713 1888 785 πρό-

309 819 456 873 τερον
499 798 648 856 οὗτοι
713 803 777 873 δη
813 804 840 856 ὃ
869 821 928 856 τε
981 802 1171 856 Ἰακὼϐ
1216 804 1310 856 καὶ
1368 804 1487 856 Ἠλὶ
1521 804 1613 856 δύο
1649 804 1884 873 ἀδελφοὶ,

304 893 559 964 καὶπρὸς
606 911 692 962 γε,
739 893 858 958 πῶς
902 896 951 947 οἱ
999 893 1204 948 τούτων
1240 895 1474 967 πατέρες
1514 895 1739 950 Ματθὰν
1796 897 1887 950 καὶ

303 984 476 1053 Μελχὶ
512 985 787 1056 διαφόρων
830 985 980 1048 ὄντες
1024 986 1216 1054 γενῶν,
1266 986 1358 1039 τοῦ
1420 988 1614 1059 Ἰωσὴφ
1658 987 1888 1055 ἀναφαί-

302 1094 481 1128 νονται
538 1077 780 1129 πάπποι.
819 1078 926 1130 Καὶ
959 1077 1022 1148 δὴ
1051 1074 1144 1131 οὖν
1179 1079 1208 1131 ὃ
1239 1095 1298 1130 τε
1338 1079 1563 1132 Ματοὰν
1593 1079 1687 1132 καὶ
1715 1079 1886 1149 Μελχὶ

301 1171 360 1221 ἐν
393 1169 549 1239 μέρει
576 1169 676 1238 τὴν
708 1169 873 1240 αὐτὴν
896 1169 1221 1239 ἁγαγόμενοι
1247 1173 1496 1237 γυναῖκα,
1521 1171 1885 1242 ὁμομητρίους

301 1261 562 1327 ἀδελτοὺς
595 1259 1101 1331 ἐπαιδοποιήσαντο,
1140 1260 1234 1313 τοῦ
1267 1261 1429 1331 νόμου
1467 1259 1540 1332 μὴ
1585 1261 1885 1326 κωλύοντος

299 1352 642 1422 χηρεύουσαν
694 1352 826 1422 (94),
871 1353 988 1422 ἤτοι
1018 1351 1449 1423 ἀπολελυμένην,
1484 1353 1517 1422 ἢ
1570 1353 1662 1406 καὶ
1700 1353 1884 1406 τελευ-

298 1445 569 1510 τήσαντος
615 1444 706 1496 τοῦ
759 1444 971 1515 ἀνδρὸς,
1019 1443 1162 1514 ἄλλῳ
1195 1445 1508 1514 γαμεῖσθαι.
1559 1446 1653 1497 Ἐκ
1686 1445 1750 1516 δὴ
1789 1449 1887 1517 τῆς

311 1533 496 1596 Ἐσ6ἄ,
524 1533 685 1586 τοῦτο
718 1534 826 1603 γὰρ
857 1533 1134 1587 καλεῖσθαι
1173 1534 1273 1605 τὴν
1315 1537 1547 1603 γυναῖκα
1590 1536 1880 1608 παραδέδο-

296 1639 408 1683 ται,
448 1622 668 1693 πρῶτος
703 1621 928 1676 Ματθὰν
961 1623 992 1674 ὃ
1038 1624 1146 1676 ἀπὸ
1187 1624 1280 1678 τοῦ
1331 1625 1676 1696 Σολομῶντος
1709 1629 1880 1681 κατά-

297 1729 409 1781 γων
440 1713 502 1765 τὸ
535 1713 715 1780 γένος,
743 1713 834 1766 τὸν
879 1714 1071 1767 Ἰακὼϐ
1097 1716 1285 1785 γεννᾷ·
1329 1718 1423 1769 καὶ
1464 1717 1882 1788 τελευτήσαντος

296 1805 389 1858 τοῦ
413 1804 665 1867 Ματθὰν,
698 1806 870 1876 Μελχὶ
895 1809 922 1860 6
953 1807 1044 1859 ἐπὶ
1072 1807 1163 1859 τὸν
1187 1807 1372 1861 Νάθαν
1407 1809 1547 1862 κατὰ
1570 1809 1723 1877 γένος
1751 1811 1881 1863 ἁνα-

297 1896 622 1967 φερὸμενος,
656 1896 992 1968 χηρεύουσαν
1025 1899 1090 1950 ἐκ
1129 1898 1226 1968 μὲν
1253 1898 1354 1967 τῆς
1392 1899 1557 1968 αὐτῆς
1593 1899 1783 1970 φυλῆς,
1820 1900 1877 1967 ἐξ

296 1988 451 2040 ἄλλου
498 1988 560 2040 δέ
599 1990 794 2056 γένους
843 1987 939 2054 ὼν,
993 1988 1068 2051 ὡς
1115 1989 1482 2060 προείπομεν,
1543 1990 1878 2060 ἀγαγόμενος

296 2081 484 2151 αὐτὴν,
517 2079 678 2150 ἔσχεν
715 2080 829 2133 υἱὸν
852 2080 942 2134 τὸν
991 2080 1127 2137 Ἠλὶ.
1167 2079 1324 2134 Οὕτω
1367 2080 1431 2152 δὴ
1471 2081 1742 2152 διαφόρων
1786 2082 1878 2136 δύο

293 2170 462 2234 γενῶν
520 2171 635 2242 (95)
671 2172 974 2242 εὑρήσομεν
1012 2171 1103 2224 τόν
1150 2189 1210 2224 τε
1253 2171 1447 2225 Ἰακὼϐ
1494 2173 1587 2226 καὶ
1626 2173 1716 2228 τὸν
1761 2173 1878 2227 Ἠλὶ

295 2263 662 2334 ὁμομητρίους
673 2263 952 2333 ἀδελφούς
973 2257 1046 2316 ὧν
1065 2266 1092 2316 6
1109 2263 1194 2316 ἓτε
1204 2280 1293 2334 ρος
1309 2263 1520 2331 Ἰακὼϐ,
1539 2265 1766 2319 ἀτέκνου
1781 2265 1876 2320 τοῦ

297 2355 523 2425 ἀδελφοῦ
559 2357 976 2427 τελευτήσαντος
1004 2356 1256 2428 Ἦλὶ,τὴν
1277 2361 1508 2426 γυναῖκα
1528 2358 1872 2429 παραλαϐὼν,

297 2447 581 2518 ἐγέννησεν
608 2448 668 2512 ἐξ
695 2449 864 2519 αὐτῆς
897 2449 1076 2520 τρίτον
1124 2449 1214 2503 τὸν
1255 2451 1368 2504 Ἰωσ
1386 2453 1475 2522 ﬁgo.
1523 2453 1680 2507 Κατὰ
1716 2453 1875 2522 φύσιν

299 2541 391 2610 μὲν
441 2539 646 2610 ἐαυτῷ,
693 2541 785 2593 καὶ
840 2542 979 2595 κατὰ
1025 2542 1209 2610 λόγον·
1255 2542 1334 2596 διὸ
1379 2543 1474 2596 καὶ
1523 2545 1870 2616 γέγραπται·

302 2651 321 2685 ι
351 2633 549 2686 Ἰακὼϐ
573 2633 631 2685 δὲ
660 2633 915 2704 ἐγέννησε
935 2635 1024 2687 τὸν
1048 2635 1268 2706 Ἰωσήφ.
1310 2654 1329 2686 ι
1351 2635 1508 2690 Κατὰ
1527 2638 1689 2707 νόμον
1703 2638 1760 2691 δὲ
1779 2637 1872 2692 τοῦ

305 2723 420 2778 Ἠλὶ
446 2725 564 2788 υἱὸς
592 2719 680 2795 ἦν·
711 2723 904 2796 ἐκείνῳ
931 2725 1038 2797 γὰρ
1065 2728 1094 2778 6
1135 2725 1326 2779 Ἰακὼϐ
1354 2726 1582 2795 ἁδελφὸς
1614 2727 1709 2791 ὼν,
1746 2729 1872 2782 ἀνέ-

295 2833 455 2887 στησε
498 2815 740 2886 σπέρμα.
769 2816 968 2889 Διόπερ
995 2817 1095 2871 οὐκ
1123 2817 1540 2888 ἀκυρωθήσεται
1570 2819 1662 2872 καὶ
1692 2822 1723 2890 ή
1751 2822 1871 2874 κατ’

294 2908 449 2962 αὑτὸν
475 2907 812 2976 γενεαλογία,
855 2909 922 2979 ἢν
963 2910 1240 2974 Ματθαῖος
1274 2911 1372 2980 μέν
1409 2912 1439 2963 ὁ
1482 2912 1872 2984 εὐαγγελιστὴς

293 2998 773 3070 ἐξαριθμούμενος,
805 3016 821 3042 ε
855 3002 1048 3055 Ἰακὼϐ
1080 3003 1160 3067 δὲ,
1209 3005 1398 3074 φησὶν,
1459 3005 1724 3076 ἐγέννησε
1781 3007 1873 3061 τὸν

303 3095 607 3164 Ἰωσήφ·›ο
651 3093 708 3147 δὲ
756 3095 968 3157 Λουκᾶς
1032 3095 1334 3150 ἀνάπαλινο
1388 3096 1446 3160 ὃς
1496 3092 1564 3168 ἦν
1615 3099 1750 3164 υἱὸς,
1797 3099 1872 3163 ὡς

293 3184 570 3252 ἐνομίζετο
603 3181 719 3253 (καὶ
747 3183 855 3257 γὰρ
881 3186 975 3238 καὶ
1009 3186 1166 3241 τοῦτο
1209 3188 1555 3260 προστίθησι)
1605 3189 1698 3243 τοῦ
1759 3191 1870 3245 Ἰω-

294 3274 414 3343 σὴφ,
450 3274 546 3327 τοῦ
593 3275 734 3338 Ἠλὶ,
767 3277 858 3330 τοῦ
885 3278 1089 3349 Μελχξ·
1126 3279 1223 3351 τὴν
1267 3280 1377 3352 γὰρ
1412 3281 1552 3334 κατὰ
1584 3282 1748 3352 νόμον
1773 3283 1866 3352 γέ-

293 3379 432 3419 νεσιν
469 3366 580 3437 (96)
626 3369 1021 3439 ἐπισημότερον
1069 3371 1167 3424 οὐκ
1212 3367 1279 3443 ἧν
1337 3372 1590 3437 ἐξειπεῖν.
1647 3374 1756 3428 Καὶ
1806 3375 1868 3428 τὸ

290 3455 578 3530 ἐγέννησεν
620 3461 712 3513 ἐπὶ
753 3461 854 3531 τῆς
883 3463 1094 3516 τοιᾶσδε
1137 3465 1480 3529 παιδοποιΐας
1515 3465 1643 3537 ἄχρι
1681 3458 1867 3532 τέλους

292 3547 585 3620 ἐσιώπησε,
620 3551 718 3622 τὴν
741 3553 1018 3626 ἀναφορὰν
1051 3555 1412 3626 ποιησάμενος
1437 3557 1540 3622 ἕως
1567 3557 1658 3611 τοῦ
1697 3558 1865 3629 Ἀδὰμ

293 3642 381 3693 καὶ
409 3641 504 3694 τοῦ
539 3642 676 3694 Θεοῦ
709 3643 818 3712 (97)
859 3647 980 3698 κατ’
1028 3646 1306 3700 ἀνάλυσιν.
1343 3649 1476 3702 Οὐδὲ
1523 3649 1626 3721 μὴν
1659 3651 1864 3704 ἀναπό-

292 3733 554 3805 δεικτονῆ
592 3736 1007 3807 ἐσχεδιασμένον
1055 3740 1172 3792 ἐστὶ
1218 3739 1410 3792 τοῦτο·
1447 3741 1540 3794 τοῦ
1576 3741 1704 3809 γοῦν
1753 3743 1864 3794 Σω-

292 3826 452 3895 τῆρος
480 3829 529 3879 οἱ
558 3827 698 3880 κατὰ
734 3829 912 3900 σάρκα
940 3834 1238 3898 συγγενεῖς,
1281 3830 1338 3884 ετ
1343 3835 1386 3884 τ’
1427 3830 1520 3886 οὖν
1566 3833 1864 3904 φανητιῶν-

292 3934 396 3981 τες,
428 3917 531 3970 εἴθ’
556 3918 744 3983 ἁπλῶς
773 3919 1198 3987 ἐκδιδάσκοντες,
1236 3924 1453 3988 πάντως
1479 3924 1534 3976 δὲ
1571 3925 1862 3996 ἀληθεύον-

358 4009 405 4041 ”
433 4008 563 4075 Cap.
599 4022 681 4063 ιιι.
755 4010 802 4042 ’⁸
827 4009 1016 4064 Matth.
1043 4027 1081 4065 ι.

311 4097 332 4122 ⁹
355 4099 468 4179 (94.)
500 4103 1070 4183 ΧηρερουσανΑ-Ηοο
1107 4105 1238 4183 loco
1279 4105 1565 4183 Africanus
1600 4105 1858 4183 χηρεύειν

288 4172 589 4250 promiscue
617 4172 751 4225 dixit
783 4184 901 4250 tam
922 4174 988 4227 de
1010 4176 1325 4250 mulieribus
1351 4172 1857 4247 repudiati-siquam

293 4243 353 4294 tle
385 4242 448 4291 iis
483 4257 713 4306 quarunt
746 4244 845 4294 viri
879 4242 986 4296 fato
1018 4243 1184 4299 functi
1218 4256 1362 4300 sunt.

357 4313 469 4381 (95)
495 4313 822 4391 Aragdpwt;
825 4311 932 4366 δύο
962 4315 1182 4391 ret-(Br.
1210 4316 1321 4391 Hoc
1353 4319 1471 4391 loco
1495 4317 1662 4391 γένος
1701 4320 1870 4391 sumi-

294 4395 378 4436 tur
409 4399 506 4460 p11)
533 4383 760 4460 familia.
785 4381 928 4460 Gens
957 4381 1388 4460 enim‘dividitur
1418 4390 1469 4442 in
1487 4381 1738 4460 familias.
1777 4389 1868 4445 Sic

290 4468 419 4575 fetis
455 4452 728 4514 Cornelia,
780 4453 927 4505 verbi
979 4456 1174 4523 gratia,
1234 4457 1285 4508 in
1322 4457 1502 4525 plures
1537 4469 1655 4512 erat
1692 4459 1864 4512 divisa

311 4523 545 4575 atnilias.
587 4531 715 4575 nuta
749 4521 1084 4575 Scipionum.
1132 4525 1424 4575 Sullarnm.
1479 4527 1858 4575 Lentulorum:

311 4523 545 4585 lautitias,
587 4531 715 4590 puta
749 4521 1084 4588 Scipionum.
1132 4521 1424 4583 Sullarum.
1478 4527 1858 4590 Lentulorum;

1991 623 2088 688 ris,
2143 623 2338 676 tertius
2383 638 2411 674 a
2456 620 2564 674 fine
2613 619 2917 688 reperietur
2951 615 3187 669 Mattltan
3237 614 3326 681 qui
3379 613 3562 676 genuit

1988 716 2155 772 Jacob
2184 729 2390 787 patrem
2421 715 2666 786 Josephi.
2699 713 2851 781 Quod
2875 713 2919 767 si
2955 727 3076 766 cum
3107 708 3252 764 Luca
3290 724 3318 760 a
3351 705 3562 760 Nathan

1990 813 2212 866 Davidis
2261 811 2370 864 ﬁlio
2414 824 2692 871 numeres,
2727 808 2917 862 tertius
2960 805 3148 860 itidem
3184 819 3213 855 a
3245 804 3350 855 fine
3382 805 3560 868 'repe-

1987 903 2158 956 rietur
2207 900 2424 962 Melchi,
2456 899 2615 967 cujus
2658 898 2802 951 ﬁlius
2838 895 2940 949 fuit
2979 893 3095 948 Heli
3138 901 3290 962 pater
3314 888 3559 958 Joseplti.

1988 991 2078 1046 Sic
2100 991 2242 1046 enim
2274 990 2448 1044 ait":
2484 1008 2501 1040 ι
2528 989 2727 1054 Joseplt
2761 987 2850 1056 qui
2883 985 2984 1038 fuit
3009 983 3147 1047 Heli,
3178 982 3268 1052 qui
3303 980 3402 1033 fuit
3431 977 3560 1032 Mel-

1985 1084 2093 1138 chi.
2126 1103 2144 1136 ι
2178 1082 2310 1137 Cum
2341 1083 2504 1151 igitur
2531 1081 2676 1135 velut
2705 1095 2902 1148 scopus
2946 1079 3105 1133 nobis
3138 1076 3444 1147 propositus
3487 1073 3559 1127 sit

1984 1173 2276 1243 Josepltus,
2317 1174 2695 1243 eitplicandum
2750 1172 2904 1225 nobis
2950 1179 3055 1233 est,
3087 1167 3357 1238 quomodo
3402 1175 3550 1220 uter-

1983 1281 2090 1336 que
2122 1278 2280 1336 pater
2311 1266 2456 1319 illius
2480 1280 2602 1318 esse
2634 1263 2872 1326 dicatur,
2905 1273 3010 1315 tam
3039 1259 3206 1314 Jacob
3241 1259 3331 1327 qui
3360 1271 3424 1311 cx
3457 1257 3558 1311 Sa-

1984 1359 2236 1421 lomOne,
2273 1373 2434 1426 quam
2477 1354 2704 1424 Heliqui
2735 1369 2798 1408 cx
2828 1352 3044 1406 Nathan
3081 1351 3345 1419 originem
3383 1347 3551 1402 ducit:

1983 1465 2045 1505 ac
2074 1459 2340 1517 praeterea
2377 1447 2652 1516 quomodo
2675 1446 2766 1500 isti
2797 1446 2904 1498 duo
2941 1443 3108 1498 Jacob
3136 1452 3191 1496 et
3217 1440 3330 1494 Heli
3357 1441 3554 1494 fratres

1982 1541 2217 1608 fuerint;
2243 1540 2436 1594 deinde
2463 1554 2591 1592 vero
2620 1553 2723 1606 qua
2760 1537 2970 1590 ratione
2991 1538 3181 1589 horum
3209 1544 3393 1602 patres
3422 1531 3553 1584 Mat-

1981 1632 2110 1687 than
2136 1642 2192 1686 et
2221 1631 2438 1695 Melclti,
2470 1631 2688 1684 diverso
2734 1643 2936 1698 genere
2965 1627 3234 1697 prognati,
3266 1626 3348 1678 avi
3395 1621 3551 1676 Jose-

1981 1725 2072 1793 plti
2101 1723 2270 1777 fuisse
2309 1722 2629 1789 probentur.
2662 1719 2899 1772 Matthan
2929 1731 2983 1772 et
3013 1717 3206 1771 Melchi
3241 1731 3362 1768 cum
3404 1730 3553 1767 catu-

1983 1817 2102 1870 dem
2119 1829 2340 1868 uxorem
2371 1813 2510 1867 alter
2529 1821 2646 1881 post
2675 1812 2902 1865 alterum
2923 1808 3466 1870 balinissentJiberos
3485 1820 3547 1859 ex

1913 1898 1949 1954 Β
1980 1922 2064 1972 ea,
2089 1907 2178 1975 qui
2199 1905 2394 1959 nterini
2419 1903 2618 1958 fratres
2639 1910 2815 1969 erant,
2842 1909 3216 1970 susceperunt.
3242 1899 3444 1966 Quippe
3467 1897 3546 1950 lex

1981 1997 2203 2050 minime
2226 1995 2462 2058 vetabat,
2483 2009 2550 2046 ne
2575 1993 2766 2048 mulier
2788 1992 2970 2056 vidua,
2995 2007 3089 2046 seu
3117 1990 3417 2059 repudiata,
3453 2001 3547 2041 seu

1977 2087 2096 2140 viro
2128 2085 2295 2154 ipsius
2327 2093 2569 2150 mortuo,
2616 2082 2767 2138 alteri
2815 2083 3061 2136 nuberet.
3092 2081 3259 2152 igitur
3286 2095 3347 2133 ex
3381 2079 3547 2132 Estlia

1980 2176 2103 2248 (hoc
2123 2176 2266 2230 enim
2299 2175 2543 2230 ll'lllliCl‘lS
2573 2190 2766 2228 nomen
2802 2174 2966 2228 fuisse
2989 2174 3318 2240 accepimus;
3343 2169 3548 2239 primus

1977 2264 2241 2328 Mattltan,
2271 2265 2362 2332 qui
2387 2264 2493 2333 22
2525 2279 2552 2316 a
2590 2264 2880 2317 Salomone
2903 2279 3072 2330 genus
3102 2263 3354 2326 ducebat,
3389 2257 3549 2314 Jaco-

1977 2357 2103 2411 bum
2134 2358 2299 2411 filium
2324 2355 2696 2418 sustulit.Post
2717 2355 3011 2409 Mattltanis
3035 2364 3214 2407 autem
3246 2354 3545 2414 interitum,

1975 2448 2188 2512 Melcbi,
2210 2451 2299 2516 qui
2324 2449 2393 2505 ad
2418 2445 2989 2514 Natltanemoriginem
3015 2444 3310 2510 referebat,
3331 2459 3451 2497 cum
3477 2459 3546 2498 ex

1975 2543 2162 2598 eadem
2205 2543 2348 2596 tribu
2395 2541 2490 2596 sed
2532 2542 2743 2596 diversa
2792 2539 2994 2592 familia
3039 2538 3217 2592 editus
3271 2547 3446 2599 esset,
3487 2546 3546 2590 ut

1983 2642 2146 2688 antea
2194 2633 2464 2695 diximus,
2494 2646 2718 2685 uxorem
2769 2645 2888 2684 eam
2937 2630 3181 2692 sortitus,
3219 2628 3335 2682 lleli
3376 2627 3542 2680 filium

1976 2724 2238 2792 suscepit.
2278 2723 2394 2778 Hoc
2419 2723 2581 2778 modo
2614 2719 2783 2776 Jacob
2817 2734 2871 2776 et
2899 2720 3016 2774 Heli
3047 2721 3172 2775 licet
3203 2720 3416 2774 diverso
3446 2735 3541 2789 ge-

1974 2831 2105 2871 nere
2140 2824 2461 2886 prognatos,
2506 2815 2747 2869 uterinos
2779 2813 2976 2866 fratres
3009 2813 3366 2880 reperiemus.
3394 2811 3544 2878 Quo-

1973 2925 2094 2964 rum
2138 2909 2299 2975 alter,
2327 2907 2496 2963 Jacob
2535 2908 2765 2972 scilicet,
2800 2922 2924 2960 cum
2989 2907 3159 2960 frater
3215 2905 3382 2974 ipsius
3425 2905 3541 2958 lleli

1972 3003 2092 3058 sine
2127 3001 2312 3056 liberis
2343 3001 2689 3064 decessisset,
2723 2999 2938 3052 viduam
2974 2996 3090 3066 ejus
3121 2997 3408 3065 conjugetn
3440 2997 3541 3051 sibi

1972 3096 2268 3166 accipiens,
2313 3098 2531 3151 tertium
2578 3109 2644 3148 ex
2689 3107 2750 3147 ea
2793 3090 3090 3161 Josepltum
3142 3090 3354 3160 genuit,
3390 3099 3543 3143 natu.

1973 3188 2074 3244 rali
2106 3190 2324 3260 quidem
2358 3190 2570 3243 ratione
2608 3187 2776 3241 tilium
2812 3201 2991 3238 suum.
3022 3183 3174 3238 Unde
3202 3183 3366 3236 etiam
3397 3183 3540 3237 scri-

1973 3293 2125 3353 ptum
2175 3283 2365 3337 est“:
2402 3299 2422 3333 ί
2454 3280 2621 3336 Jacob
2665 3291 2846 3334 autem
2906 3280 3090 3350 genuit
3130 3277 3350 3346 Josepb.
3377 3298 3396 3331 ι
3432 3277 3540 3335 Sed

1973 3377 2271 3432 secundum
2312 3375 2480 3445 legem
2524 3373 2666 3427 filius
2704 3380 2819 3426 erat
2862 3370 2998 3433 Heli,
3035 3370 3232 3438 quippe
3259 3386 3379 3424 cum
3420 3369 3539 3440 ejus

1972 3483 2157 3523 semen
2194 3466 2429 3522 Jacobus
2478 3467 2649 3519 frater
2703 3463 3102 3518 suscitavisset.
3162 3460 3396 3515 Proinde
3435 3475 3536 3518 nec

1971 3561 2187 3631 generis
2213 3575 2308 3629 per
2330 3573 2451 3613 eum
2476 3557 2704 3612 deducta
2749 3555 2938 3619 series,
2963 3569 3101 3608 vana
3147 3568 3209 3607 ac
3235 3551 3404 3606 futilis
3438 3552 3537 3606 de-

1971 3650 2337 3720 prehendetur
2372 3667 2385 3702 :
2426 3663 2586 3716 quam
2641 3645 2919 3700 Matthazus
2962 3643 3177 3713 quidem
3223 3654 3534 3706 recenseas,

1977 3760 1994 3792 ι
2023 3739 2210 3806 Jacob,
2243 3739 2442 3808 inquit,
2473 3738 2662 3808 genuit
2689 3735 2910 3806 Joseph,
2944 3754 2963 3786 ι
2983 3735 3158 3790 Lucas
3183 3746 3314 3786 vero
3340 3746 3371 3787 e
3405 3743 3538 3782 con-

1972 3831 2141 3884 trario
2187 3847 2217 3884 a
2267 3829 2391 3882 filiis
2433 3829 2499 3882 ad
2551 3837 2804 3897 parentes
2859 3826 3159 3880 ascendens
3191 3840 3205 3876 :
3237 3821 3415 3886 Jesus,
3449 3820 3535 3872 in-

1968 3922 2105 3992 quit,
2137 3921 2228 3990 qui
2261 3929 2400 3988 erat,
2434 3927 2491 3974 ut
2520 3919 2810 3989 putabatur
2835 3918 2960 3990 (hoc
2999 3917 3145 3972 enim
3201 3916 3407 3970 diserte
3440 3911 3534 3965 ad-

1961 4107 2050 4177 plii
2082 4106 2334 4175 nupsisse
2355 4105 2472 4173 ejus
2491 4103 2669 4170 fratri,
2699 4111 2858 4172 atque
2890 4115 2956 4177 ex
2990 4116 3060 4177 eo
3078 4099 3348 4177 Christum
3374 4105 3536 4167 pepe‘

1962 4169 2120 4242 risse,
2158 4169 2320 4243 'quod
2375 4169 2594 4240 impium
2647 4169 2820 4228 estet
2864 4169 3289 4243 absurdutn._ld
3352 4178 3530 4243 tamen

1963 4240 2278 4301 necessario
2311 4247 2557 4312 sequitur
2583 4259 2648 4297 ex
2683 4244 2864 4299 verbis
2901 4243 3161 4297 Africani.
3191 4240 3530 4312 Praetereasi

1963 4332 2122 4369 voces
2172 4317 2275 4370 il!:n
2318 4311 2402 4378 ὡς
2424 4314 2700 4384 ἐνομίζετο
2751 4315 3117 4368 extenduntur
3165 4312 3230 4363 ad
3269 4326 3330 4362 ea
3369 4311 3529 4384 verba

1962 4387 2056 4440 τοῦ
2103 4385 2240 4450 Ἦλί,
2271 4389 2456 4440 eadem
2493 4380 2700 4438 ratione
2727 4385 2942 4437 extendi
2987 4384 3149 4437 etiam
3184 4390 3434 4450 pOIerunt
3462 4380 3528 4450 ad

1963 4473 2150 4510 omnes
2195 4456 2606 4524 generatiunutn
2647 4452 2977 4524 gradusqui
3014 4449 3526 4524 scquuutttr.__anla

1966 4527 2110 4580 enim
2159 4520 2295 4579 ratio
2318 4535 2402 4578 est
2444 4540 2541 4575 cur
2586 4520 2912 4576 iit—secundo
2938 4523 3104 4590 gradu
3143 4520 3530 4590 subaudiamur

292 4595 384 4664 qui
406 4572 610 4645 omnesr
643 4606 709 4642 ex
745 4572 954 4645 diversa
1008 4594 1222 4662 quidem
1270 4595 1494 4660 familia,
1539 4599 1630 4650 sed
1661 4615 1722 4650 ex
1759 4572 1860 4651 una
1895 4577 1938 4632 Β
1967 4598 2140 4664 potius
2171 4609 2332 4664 quam
2357 4594 2410 4647 in
2435 4572 2659 4664 reliquis
2674 4572 3396 4664 lignei—sillaeigiturprinto
3425 4589 3530 4664 iut-

291 4663 590 4734 eademque
624 4670 778 4714 erant
798 4672 996 4734 gente;
1024 4678 1087 4715 ac
1118 4665 1341 4733 proinde
1358 4668 1582 4734 gentiles
1603 4668 1862 4721 dict-ban-

293 4737 394 4783 tur.
434 4732 635 4784 Eodem
687 4733 846 4783 modo
900 4731 1140 4787 Matthan
1189 4745 1244 4787 et
1293 4731 1483 4790 Me'lcbi
1531 4751 1596 4789 ex
1651 4738 1862 4790 (livetsa

291 4812 447 4876 erant
472 4801 714 4876 familia_;
742 4802 899 4876 ambo
925 4805 1396 4876 tamenexeadem
1423 4817 1580 4876 gente
1613 4806 1861 4860 Davidica

293 4883 404 4938 qua:
435 4871 489 4922 in
517 4871 654 4923 olnas
680 4870 914 4925 familias
942 4883 1060 4925 erat
1095 4874 1288 4938 divisa,
1308 4870 1736 4930 Salo'tnoniorum
1757 4879 1862 4930 sci-

293 4940 409 4994 licet
432 4949 487 4992 et
511 4938 948 4994 Nathauzeorum.

348 5010 467 5090 _(96)
509 5009 629 5076 Τὴν
654 5012 762 5090 γάρ
793 5011 941 5090 κατὰ
968 5014 1154 5090 scriptor
1182 5013 1440 5090 revectae.
1479 5015 1734 5090 llic_ver_n
1779 5017 1861 5068 ni-

297 5083 455 5132 mium
487 5083 728 5148 argutari
762 5083 975 5134 videtur
998 5083 1308 5138 Africanus.
1339 5087 1470 5138 Cum
1513 5087 1655 5137 enim
1691 5085 1860 5138 Litt-as

297 5150 830 5228 deut‘Jhristoaliscrit
865 5165 880 5204 :
943 5152 1343 5228 Ὠς-ἐνομίζετο
1365 5154 1478 5218 υἱὸς
1516 5155 1720 5228 ΔἸωσὴφ
1762 5155 1857 5206 τοῦ

305 5219 569 5306 1231,7107;
592 5219 1277 5306 ,μελαίνει-1ο.ςΑῐτίεειιιυε
1309 5240 1469 5306 voces
1495 5224 1616 5277 illas
1640 5219 1713 5306 ὼς
1744 5225 1859 5306 ἐνο-

300 5289 475 5379 μίζετο
526 5289 727 5379 referri
767 5290 883 5379 vult
919 5305 1027 5379 nop
1068 5294 1251 5379 solum
1295 5296 1364 5349 ad
1409 5295 1497 5348 illa
1541 5295 1704 5347 verba
1743 5296 1858 5375 υἱὸς

305 5360 516 5442 ῑξξιξξήφὶ,
578 5360 894 5442 sedetiam
946 5364 1011 5414 ad
1061 5364 1155 5442 illa
1225 5380 1346 5433 quae
1403 5373 1704 5442 sequuntur
1761 5365 1854 5417 τοῦ

321 5430 434 5482 illi.
467 5432 621 5496 Quod
654 5431 754 5483 etsi
777 5440 992 5501 acutum
1027 5430 1258 5499 videtur,
1291 5445 1374 5489 est
1407 5430 1584 5487 tamen
1616 5435 1853 5501 ineptum

298 5510 447 5573 atque
484 5501 770 5573 insulsum.
805 5498 936 5573 Nam
968 5503 1011 5573 si
1044 5501 1218 5557 Lucas
1235 5498 1566 5573 evangelista
1593 5505 1674 5557 his
1703 5498 1852 5557 voci-

297 5573 382 5648 bus
509 5569 824 5648 tvopiﬁaro,
846 5569 1068 5648 legalem
1119 5575 1268 5648 illam
1297 5569 1708 5648 generationem
1758 5589 1852 5628 seu

297 5639 628 5710 adoptionem
655 5639 927 5710 intelligit,
961 5650 1018 5710 ut
1052 5643 1161 5696 vult
1193 5639 1504 5707 Africanus,
1536 5652 1854 5710 sequeretur

295 5709 554 5782 Christum
574 5708 946 5782 tiliumfuisse
966 5709 1182 5781 Josephi
1217 5728 1313 5780 per
1339 5708 1676 5782 adoptionem
1701 5712 1849 5782 lega-

294 5779 405 5858 lem,
449 5781 647 5858 eodem
715 5778 878 5858 plane
928 5778 1233 5858 modoquo
1262 5778 1526 5852 Joseplius
1559 5783 1724 5858 fllius_
1750 5778 1853 5837 fuit

295 5849 413 5906 tleli.
455 5850 530 5904 Ita
561 5848 860 5904 dicendum
881 5860 1019 5904 esset
1043 5848 1265 5906 Mariam
1291 5848 1410 5912 post
1436 5863 1665 5910 mortem
1697 5849 1851 5906 lose-

1967 4658 2305 4734 probandum
2348 4671 2431 4717 est
2487 4658 2948 4734 iit—explieatione
2977 4658 3530 4734 Al'rieani._§eet_t_udo

1967 4727 2082 4789 loco
2103 4735 2396 4788 notandum
2433 4739 2516 4784 est
2539 4727 2683 4800 quod
2713 4731 2789 4783 ait
2811 4731 2862 4784 in
2893 4731 3239 4800 generatione
3260 4728 3348 4781 illa
3366 4727 3527 4800 Chri-

1964 4808 2034 4859 sti
2062 4820 2222 4872 quatn
2253 4803 2418 4872 refert
2447 4798 2624 4854 Lucas
2651 4800 2870 4872 tertium
2901 4798 3243 4872 esseAMelclti
3269 4799 3446 4864 :atqui
3473 4799 3527 4872 in

1963 4868 2255 4942 Evangelio
2282 4871 2661 4942 Lucmtertins
2687 4871 2997 4924 nominatur
3022 4869 3244 4942 Malliat,
3263 4868 3530 4942 avus_sci-

1966 4945 2090 4998 licet
2118 4937 2386 5010 'Josephi;
2434 4939 2625 4993 Melclti
2650 4956 2779 4993 vero
2809 4941 3048 5008 quintus,
3083 4939 3283 4992 abavus
3322 4937 3530 4991 scilicet

1960 5014 2205 5082 Joscplti.
2246 5013 2428 5079 Itaque
2445 5021 2538 5063 attt
2563 5010 2874 5082 Africanum
2908 5011 3161 5082 melnopia
3183 5011 3388 5082 lapsum
3411 5022 3529 5060 esse

1957 5078 2246 5138 dicendum
2293 5078 2410 5144 est,
2464 5089 2557 5132 aut
2600 5091 2748 5133 certe
2779 5081 2832 5133 iu
2864 5080 3048 5134 codice
3090 5078 3363 5144 Evangelii
3423 5092 3528 5142 quo

1960 5169 2090 5208 usus
2117 5163 2200 5206 est
2235 5153 2521 5205 Africanus
2552 5147 2748 5203 Helo/ti
2785 5153 3046 5218 scriptum
3075 5150 3238 5202 fuisse
3273 5162 3375 5218 pro_
3408 5145 3528 5199 Μα-

1959 5224 2070 5276 thal
2103 5240 2122 5277 :
2158 5237 2278 5288 qua:
2324 5231 2406 5274 est
2447 5221 2757 5288 conjectura
2798 5215 2951 5272 Beda:
2977 5223 3032 5273 in
3075 5231 3227 5284 caput
3259 5233 3316 5270 ιιι
3348 5215 3524 5288 Luae.

1957 5294 2118 5346 Certe
2166 5286 2459 5360 Gregorius
2517 5286 2884 5344 Nazianzenus
2940 5293 2991 5343 in
3032 5290 3272 5360 carmine
3302 5288 3410 5360 _58,
3452 5286 3526 5339 De

1958 5362 2152 5415 Clu-isti
2194 5356 2516 5430 gerfealogia,
2553 5361 2862 5413 Africanum
2910 5374 3171 5426 sequens,
3206 5356 3398 5430 Μαι-1ιί
3430 5371 3526 5420 pro

1957 5432 2166 5484 Mat/tat
2195 5426 2424 5499 posuit,
2446 5442 2500 5482 et
2529 5433 2848 5485 Ambrosius
2876 5431 2948 5484 in-
2975 5431 3064 5483 ltb.
3101 5446 3157 5482 ιιι
3192 5426 3530 5480 Commenta-

1956 5504 2154 5554 riorum
2187 5503 2243 5553 in.
2276 5500 2490 5552 Lucam.

2027 5575 2328 5649 (97)__Vulg.
2371 5573 2629 5649 399101")
2671 5570 2852 5649 ’ᾼᾷᾷμ
2880 5569 3004 5649 rei);
3019 5567 3185 5649 Θεοῦ.
3217 5567 3399 5649 Nostri
3417 5582 3528 5649 ὀο-

1957 5637 2366 5704 dices'Mazfac
2393 5637 2526 5700 Μέιι.
2554 5659 2676 5698 cum
2708 5637 2842 5696 Fuit.
2882 5659 2944 5694 ae
2973 5640 3160 5702 Savil.,
3202 5637 3521 5706 particulam

1957 5721 2290 5774 interserunt
2332 5719 2434 5770 hoc
2479 5715 2638 5768 modo
2661 5712 2765 5776 ἕως
2793 5711 2886 5765 τοῦ
2931 5711 3098 5779 Ἀδὰμ
3123 5709 3216 5762 καὶ
3239 5709 3333 5779 τοῦ
3366 5706 3521 5770 Θεοῦ,

1957 5789 2100 5859 quod
2125 5789 2359 5859 quidem
2413 5786 2542 5839 milii
2593 5785 2806 5859 videtur
2848 5778 3166 5859 elegantius.
3220 5778 3394 5849 Atque
3451 5780 3523 5832 ιω

1960 5854 2085 5916 leait
2123 5854 2370 5913 Rufinus.
2405 5867 2460 5909 ut
2493 5873 2554 5909 ex
2589 5854 2981 5912 versione-eius
3007 5859 3248 5910 apparet.
