3966 6264
385 322 456 379 95
1109 322 1381 380 EUSEBII
1420 322 1903 380 CAESARIENSIS
1940 323 2091 381 OPP.
2132 325 2317 381 PARS
2355 325 2398 381 l.
2436 355 2511 371 --
2547 322 2940 382 HISTORICA.
3583 324 3663 380 96

389 443 513 517 dit),
543 443 686 501 ﬁlius
730 442 931 514 Ioseph
986 445 1078 514 qui
1133 446 1236 498 luit
1276 444 1413 510 Heli,
1446 448 1539 514 qui
1586 444 1690 501 fuit
1741 446 1939 502 Melchi

2067 465 2180 513 τες,
2224 448 2531 519 παρέδοσαν
2580 448 2683 504 καὶ·
2719 448 2893 502 ταῦτα
2915 481 2933 508 ,
2987 443 3061 512 ὡς
3119 447 3406 519 Ἰδουμαῖοι
3456 447 3663 520 λῃστσὶ

386 536 575 607 Neque
610 537 756 594 enirn
793 547 1006 609 poterat
1057 536 1316 592 disertius
1359 537 1591 607 exprimi
1642 537 1833 593 ﬁctitia
1881 538 1936 593 ill

2088 540 2387 595 Ἀσκάλωνι
2428 541 2580 594 πόλει
2623 541 2725 612 τῆς
2784 539 3150 611 Παλαιστίνης
3192 539 3545 605 ἐπελθόντες,
3597 539 3663 607 ἐξ

383 628 681 696 generandi
726 629 864 683 ratio
903 641 1023 697 quae
1076 641 1145 682 ex
1188 626 1307 697 lege
1336 627 1579 698 profecta
1609 639 1712 685 est.
1746 628 1872 685 ldeo
1916 630 1939 684 ii

2072 630 2339 686 εἰδωλείου
2386 631 2735 697 ’Λπόλλωνος,
2775 631 2804 684 ὃ
2832 631 2964 704 πρὸς
3009 633 3124 694 τοῖς
3166 630 3401 702 τείχεσιν
3446 630 3659 702 ἰδρυτο,

385 717 700 789 huiusmodi
758 718 1056 777 liberorum
1114 720 1488 790 generatione,
1525 721 1751 775 verbum
1813 720 1939 776 illud

2085 725 2438 797 Ἀντίπατρον
2493 724 2732 796 Ἡρώδου
2767 723 2911 788 τινὸς
2962 723 3071 795 (98)
3114 724 3414 796 ἱεροδούλου
3461 722 3660 787 παῖδα,

384 812 591 880 genuit,
633 811 699 866 ad
744 811 905 865 ﬁnem
949 802 1123 881 usque
1168 810 1406 875 reticuit,
1436 827 1557 866 cum
1585 814 1651 867 ad
1684 813 1861 882 ipsum
1887 828 1939 868 us

2070 817 2206 889 πρὸς
2241 822 2354 881 τοῖς
2386 817 2564 882 ἄλλοις
2611 816 2788 880 σύλοις
2828 815 3173 887 αἰχμάλωτον
3212 816 3424 887 ἀπῆγον
3443 833 3456 845 ·
3488 814 3566 886 τῷ
3592 813 3658 867 δὲ

382 918 487 972 que
511 904 799 966 Adamum,
827 902 917 970 qui
941 902 1042 957 luit
1062 902 1179 969 Dei,
1212 903 1482 973 gradatim
1497 906 1858 972 ascendendo,
1887 913 1939 960 to

2068 909 2241 982 λύτρα
2274 910 2415 980 ὑπὲρ
2454 907 2546 962 τοῦ
2600 907 2719 962 υἱοῦ
2763 905 3092 961 καταθέσθαι
3134 906 3210 979 μὴ
3247 905 3504 960 δύνασθαι
3552 903 3656 959 τὸν

384 996 491 1051 tius
507 996 724 1066 generis
750 995 946 1050 seriem
976 995 1342 1065 perduxisset.
1368 994 1553 1065 Neque
1569 1011 1697 1051 vero
1730 997 1783 1051 id
1812 1005 1939 1051 certa

2069 1003 2220 1073 ἱερέα
2245 994 2377 1075 (99),
2409 1002 2438 1054 ὁ
2478 1001 2833 1071 Ἀντίπατρος
2853 1002 2967 1063 τοῖς
2987 999 3096 1052 τῶν
3131 999 3442 1069 Ἰδουμαίων
3469 996 3657 1052 ἔθεσιν

381 1087 591 1143 ratione
622 1088 937 1143 destitutum
964 1097 1059 1141 aut
1086 1096 1290 1143 temere
1316 1087 1606 1143 conﬁctam
1628 1096 1727 1143 est.
1750 1088 1963 1159 Cogna-

382 1181 422 1236 ti
454 1182 598 1236 enim
630 1180 937 1237 Servatoris
972 1181 1165 1244 nostri,
1198 1182 1313 1236 sive
1342 1181 1409 1235 ad
1455 1181 1842 1235 ostendendam
1870 1197 1965 1254 ge-

379 1275 531 1330 neris
559 1276 640 1330 sui
666 1275 1028 1342 nobilitatem,
1055 1274 1170 1330 sive
1198 1284 1258 1328 ut
1294 1273 1619 1342 simpliciter
1655 1287 1775 1328 rem
1799 1274 1961 1330 doce-

378 1376 523 1434 rent,
563 1366 751 1421 veraci
799 1366 985 1436 utique
1039 1379 1297 1420 sermone
1345 1366 1461 1420 haec
1504 1364 1660 1420 nobis
1718 1365 1959 1420 tradide-

375 1467 508 1513 runt
558 1477 572 1513 :
626 1459 870 1515 latrones
915 1459 1128 1514 scilicet
1180 1454 1468 1523 ldumaaos,
1526 1473 1648 1512 cum
1703 1457 1956 1514 Ascaloni

377 1549 683 1605 Palaestinae
714 1550 918 1605 civitati
960 1550 1428 1619 supervenissent,
1466 1564 1535 1602 ex
1568 1547 1797 1605 delubro
1827 1564 1957 1618 quo-

374 1644 499 1697 dam
531 1642 800 1713 Apollinis
831 1643 972 1713 quod
1001 1643 1068 1695 ad
1114 1642 1263 1712 ipsos
1312 1641 1468 1696 urbis
1504 1657 1690 1696 muros
1721 1643 1954 1711 positum

372 1742 514 1801 erat,
547 1734 893 1804 Antipatrum
939 1733 1169 1788 Herodis
1229 1731 1514 1802 cujusdam
1568 1733 1835 1790 bieroduii
1892 1731 1952 1787 ﬁ-

371 1825 502 1882 lium
535 1826 697 1881 simul
732 1842 854 1881 cum
890 1827 1093 1896 reliqua
1128 1841 1283 1881 sacra
1318 1829 1497 1895 praeda
1552 1827 1824 1896 captivum
1852 1827 1953 1881 du-

374 1919 545 1973 xisse.
576 1918 710 1973 Cum
743 1932 875 1972 vero
907 1933 1004 1988 pro
1032 1917 1405 1987 redemptione
1429 1916 1523 1971 lilii
1547 1916 1794 1972 minister
1817 1926 1952 1971 tem-

370 2009 441 2078 pli
471 2010 702 2078 pretium
731 2010 945 2065 solvere
976 2025 1083 2064 non
1117 2009 1347 2075 valeret,
1381 2009 1664 2079 Antipater
1692 2008 1952 2062 idumaea-

371 2114 489 2152 rum
520 2114 671 2153 more
714 2100 1075 2169 institutoque
1127 2100 1413 2163 educatus,
1443 2100 1785 2170 postmodum
1816 2099 1947 2153 Hir-

365 2188 488 2240 cani
542 2189 739 2242 summi
784 2188 1093 2244 Judazorum
1148 2191 1424 2260 pontiﬁcis
1478 2192 1690 2246 amicus
1719 2191 1943 2247 eﬁeclus

365 2287 470 2334 est.
503 2278 625 2334 Mox
658 2280 872 2350 legatus
899 2281 967 2335 ad
1000 2281 1317 2352 Pompeium
1351 2282 1550 2338 missus
1583 2285 1649 2338 ab
1680 2282 1942 2350 Hircano,

366 2386 491 2426 cum
519 2371 568 2427 ei
606 2387 829 2443 regnum
863 2374 1007 2443 quod
1034 2373 1385 2431 Aristobulus
1414 2375 1654 2430 maxima
1686 2389 1753 2430 ex
1788 2385 1945 2444 parte

365 2476 752 2536 occupaverat,
785 2466 1015 2522 liberum
1042 2468 1394 2533 restituisset,
1426 2470 1492 2523 ad
1519 2484 1784 2524 summam
1822 2469 1943 2525 feli-

363 2555 587 2611 citatem
657 2559 927 2627 pervenit,
986 2568 1207 2615 curator
1279 2560 1584 2617 Palaestinae
1640 2572 1943 2630 promotus.

366 2640 607 2696 Tandem
649 2644 716 2698 ab
758 2645 822 2700 iis
867 2646 957 2715 qui
1007 2646 1258 2703 felicitati
1301 2650 1417 2720 ejus
1462 2652 1803 2718 invidebant,
1844 2666 1940 2721 per

365 2731 595 2788 insidias
644 2734 986 2804 interfectus,
1038 2738 1309 2795 Herodem
1358 2741 1526 2795 liiiuin
1562 2757 1937 2798 successorem

367 2821 609 2892 reliquit,
664 2828 748 2881 cui
802 2837 990 2897 postea
1040 2830 1313 2885 Antonius
1344 2832 1449 2901 23
1480 2841 1534 2887 et
1572 2834 1848 2901 Angustus
1873 2848 1940 2887 ex

363 2916 838 2970 senatusconsulto
866 2933 1091 2986 regnum
1118 2917 1319 2974 Judmai
1344 2920 1744 2991 adjudicarunt.
1770 2918 1941 2988 Hujus

364 3004 595 3062 Herodis
638 3006 782 3062 ﬁlius
836 3008 939 3064 fuit
976 3008 1219 3067 Herodes
1259 3010 1461 3081 aliique
1513 3011 1821 3066 tetrarchae.
1873 3009 1940 3064 Et

2065 1093 2372 1163 ἐντραφεὶς,
2421 1092 2644 1164 ὕστερον
2704 1090 2954 1164 Ὑρκανῷ
3000 1089 3267 1161 φιλιοῦται
3301 1089 3376 1162 (1)
3419 1089 3500 1161 τῷ
3547 1088 3658 1161 τῆς

2076 1185 2334 1250 Ἰουδαίας
2372 1186 2635 1257 ἀρχιερεῖ.
2668 1183 3022 1256 Πρεσϐεύσας
3068 1183 3126 1237 δὲ
3177 1183 3311 1255 πρὸς
3358 1183 3653 1253 Πομπήϊον

2063 1277 2204 1349 ὑπὲρ
2236 1276 2329 1331 τοῦ
2368 1275 2658 1349 Ὑρκανοῦ,
2694 1277 2788 1330 καὶ
2827 1276 2926 1346 τὴν
2960 1274 3238 1348 βασιλείαν
3271 1274 3653 1348 ἐλευθερώσας

2063 1368 2213 1440 αὐτῷ
2250 1369 2357 1422 ὑπὸ
2422 1368 2828 1440 ’Δριστοϐούλου
2884 1367 2978 1421 τοῦ
3025 1366 3254 1438 ἀδελφοῦ
3308 1383 3651 1438 περικοπτο-

2062 1461 2250 1532 μένην,
2283 1460 2445 1524 αὐτὸς
2490 1459 2795 1532 ηὐτύχησεν
2838 1459 3171 1531 ἐπιμελητὴς
3202 1458 3304 1529 τῆς
3352 1456 3654 1512 Παλαιστί-

2057 1567 2156 1620 νης
2197 1550 2477 1623 προκόψας
2521 1551 2623 1620 (2)'
2659 1549 2964 1620 διαδέχεται
2994 1548 3073 1602 -δὲ
3121 1547 3213 1601 τὸν
3288 1546 3649 1617 Ἀντίπατρον

2057 1640 2238 1712 φθόνῳ
2275 1641 2376 1712 τῆς
2427 1640 2625 1712 πολλῆς
2667 1641 2918 1711 εὐτυχίας
2959 1638 3400 1711 δολοφονηθέντα,
3445 1641 3473 1693 ὁ
3518 1638 3649 1702 υἱὸς

2067 1734 2333 1807 Ἡρώδης,
2382 1734 2442 1798 ὃς
2491 1734 2714 1805 ὕστερον
2761 1734 2852 1786 ὑπ’
2913 1732 3197 1787 Ἀντωνίου
3245 1733 3339 1786 καὶ
3386 1730 3480 1785 τοῦ
3524 1732 3646 1784 Αὑ-

2056 1827 2307 1895 γούστου,
2361 1825 2664 1896 συγκλήτου
2697 1825 2929 1896 δόγματι
2973 1823 3081 1877 τῶν
3129 1822 3397 1877 Ἰουδαίων
3440 1823 3645 1897 ὲκρίοη

2059 1917 2393 1989 βασιλεύειν·
2451 1914 2513 1972 οὗ
2569 1917 2777 1980 παῖδες,
2848 1916 3096 1990 Ἡρώδης
3145 1915 3201 1969 οἴ
3241 1915 3289 1967 τ’
3339 1914 3488 1968 ἄλλοι
3541 1932 3642 1967 τε-

2054 2008 2314 2081 τράρχαι.
2353 2007 2540 2062 Ταῦτα
2594 2008 2691 2080 μὲν
2735 2007 2799 2078 δὴ
2854 2005 3008 2061 κοινά
3058 2006 3151 2060 καὶ
3202 2007 3321 2069 ταῖς
3364 2003 3645 2075 Ἑλλήνων

2056 2100 2336 2173 ἱστορίαις.
2381 2100 2772 2172 Ἀναγράπτων
2794 2098 2852 2152 δὲ
2881 2099 2961 2161 είς
2986 2097 3107 2151 τότε
3145 2098 3201 2150 ὲν
3243 2099 3356 2159 τοῖς
3390 2096 3643 2166 ἀρχείοις

2049 2192 2216 2247 ὄντων
2238 2192 2346 2247 τῶν
2380 2189 2684 2262 Ἑϐραϊκῶν
2721 2188 2916 2260 γενῶν,
2956 2187 3181 2243 καὶτῶν
3211 2187 3338 2259 ἄχρι
3361 2187 3658 2260 προσηλύο-

2049 2303 2156 2338 των
2177 2284 2250 2357 (5)
2280 2282 2723 2355 ἀναφερομένων,
2768 2281 2845 2345 ὡς
2883 2279 3083 2351 Ἀχιὼρ
3124 2279 3216 2333 τοῦ
3272 2279 3655 2350 Ἀμμανίτου,.

2051 2376 2145 2428 καὶ
2185 2374 2339 2429 Ῥοὺθ
2376 2374 2482 2445 τῆς
2514 2371 2881 2435 Μωαϐίτιδος,
2936 2369 3046 2423 τῶν
3087 2386 3149 2422 τε
3200 2369 3295 2422 ἀπ’
3348 2369 3653 2438 Αἰγύπτου

2052 2464 2490 2519 συνεκπεσόντων
2528 2462 2855 2532 ὲπιμίκτων,
2912 2456 3158 2530 Ἡρώδης
3194 2456 3345 2511 οὐδέν
3392 2476 3444 2513 τι
3487 2475 3645 2529 συμ-Δ

2052 2557 2382 2628 ϐαλλομένου
2411 2554 2504 2610 τοῦ
2525 2555 2634 2610 τῶν
2661 2551 3009 2626 Ἰσραηλιτῶν
3024 2550 3215 2620 γένους
3238 2549 3406 2621 αὐτῷ,
3427 2551 3522 2604 καὶ
3547 2547 3635 2622 τῷ

2046 2649 2308 2704 συνειδότι
2327 2648 2429 2719 τῆς
2461 2647 2777 2717 δυσγενείας
2814 2643 3164 2717 κρουόμενος,
3199 2642 3499 2714 ἐνέπρησεν
3530 2644 3639 2697 αὐ-

2043 2741 2152 2796 τῶν
2195 2740 2295 2805 τὰς
2338 2740 2660 2811 ἀναγραφὰς
2691 2739 2767 2810 (4)
2791 2736 2900 2792 τῶν
2933 2734 3128 2807 γενῶν,
3187 2735 3429 2807 οἰόμενος
3467 2736 3635 2806 εὐγε-

2043 2833 2142 2904 νὴς
2162 2833 2579 2903 ἁναφανείσθαι,
2604 2830 2685 2904 τῷ
2725 2829 2857 2900 μηδὲ
2901 2829 3059 2884 ἄλλον
3089 2827 3233 2898 ἔχειν
3263 2830 3329 2882 ἐκ
3361 2828 3633 2899 δημοσίου

2047 2926 2365 2998 συγγραφῆς
2407 2925 2468 2979 τὸ
2504 2924 2662 2994 γένος
2711 2923 2934 2991 ἀνάγειν
2973 2920 3065 2974 ἐπὶ
3116 2919 3241 2983 τοὺς
3280 2921 3631 2993 πατριάρχας

2043 3010 2079 3084 ἢ
2137 3010 2506 3084 προσηλύτους
2572 3013 2668 3085 (ὅ),
2736 3010 2862 3075 τούς
2924 3026 2985 3063 τε
3048 3007 3413 3080 καλουμένους
3460 3012 3632 3082 γειώ-

432 3164 545 3237 (98)
601 3166 988 3251 ’ᾼγτζπατροις
1039 3165 1288 3251 ᾘρώδου
1334 3169 1516 3251 uiroc.
1546 3167 1681 3251 ‘i'laec
1702 3166 1937 3251 narratio
1965 3170 2009 3233 ο
2039 3180 2159 3251 esse
2184 3166 3229 3251 τῶνρχριτῷν,ἀρχιπροσηλότωεδεις..
3248 3175 3628 3251 ιιιάρχιπροσ..

358 3252 587 3304 prorsus
622 3237 860 3291 fabulosa
907 3248 989 3292 est
1021 3247 1075 3292 et
1114 3239 1508 3293 commentitia.
1544 3237 1676 3290 Nam
1713 3238 1936 3305 Antipa-

360 3316 444 3362 ter
467 3317 673 3373 patrem
704 3309 887 3362 habuit
923 3325 1026 3361 non
1060 3306 1352 3371 Herodem,
1385 3308 1721 3362 hierodulum
1749 3307 1934 3372 templi

359 3377 644 3447 Apollinis,
682 3381 776 3430 sed
810 3379 1158 3448 Antipatrum
1197 3377 1511 3442 liluinznum,
1540 3388 1597 3432 ut
1622 3377 1814 3431 scribit
1844 3377 1936 3448 Jo-

358 3448 558 3518 sephus
599 3449 651 3518 in
687 3448 781 3503 lib.
833 3447 953 3515 xw,
985 3465 1109 3517 cap.
1138 3448 1193 3501 ἓ.
1234 3449 1402 3514 Quem
1437 3449 1778 3518 Antipatrum
1809 3447 1933 3500 Ale-

359 3515 568 3572 xaniler
614 3517 921 3572 Judaeoruui
982 3515 1074 3574 rei
1125 3518 1435 3585 praefectum
1482 3520 1645 3572 totius
1687 3515 1934 3572 Idumam:

2040 3237 2223 3308 ήλυτοι
2266 3237 2962 3315 siii’t'principesetqtiasi
3006 3244 3328 3315 patriarchae
3359 3237 3630 3315 ’pros'ely-

2045 3307 2256 3369 torum;
2289 3307 2588 3374 cuiusmodi
2630 3308 2730 3362 l'uit
2775 3307 2979 3366 Achior
3007 3307 3391 3374 _Ainmanitcs,
3410 3324 3463 3367 et
3488 3307 3628 3367 coii-

2039 3377 2296 3454 venaailli
2321 3379 2412 3446 qui
2458 3376 2716 3454 Israelitis
2748 3394 2814 3454 εξ
2842 3379 3077 3454 Egypto
3105 3383 3509 3454 egredientibus
3532 3399 3625 3436 se-

2039 3462 2099 3501 se
2127 3448 2507 3520 adiunxerunt.
2527 3448 2657 3520 Quae
2680 3451 2898 3520 quidem
2920 3448 3308 3520 interprEIatio
3335 3453 3467 3506 mihi
3488 3468 3618 3508 cer-

2041 3525 2229 3592 te_n_on
2264 3517 2530 3592 displicet.
2567 3519 2623 3592 In
2653 3517 2842 3592 codice
2872 3521 3039 3592 [legio
3061 3517 3322 3592 scriptum
3358 3533 3442 3577 est
3466 3535 3523 3576 ut
3562 3525 3616 3578 in

358 3587 1036 3662 constituit._Primusque
1081 3590 1168 3662 hic
1210 3590 1496 3657 Antipater
1534 3598 1723 3662 auctor
1770 3586 1937 3642 luisse
2032 3588 2217 3653 editis,
2272 3588 2805 3662 Δδιχοιπροσηλύτων.
2870 3586 3204 3662 Nicephorum
3257 3608 3470 3662 quoque
3499 3595 3622 3647 vul-

357 3657 572 3710 videtur
602 3657 761 3723 hujus
792 3661 1066 3727 potentiae,
1096 3659 1159 3711 ad
1179 3674 1338 3725 quam
1367 3658 1565 3726 posteri
1592 3658 1761 3727 ipsius
1787 3667 1935 3723 post-

357 3741 423 3780 ea
461 3739 843 3796 pervenerunt.
873 3729 1005 3783 Nam
1030 3740 1085 3784 et
1126 3728 1505 3798 praefecturam
1541 3727 1786 3782 ldumrcae
1812 3743 1936 3798 ges-

356 3798 431 3851 sit
453 3798 759 3852 Alexandro
787 3809 839 3852 et
872 3800 1181 3855 Alexandra
1225 3799 1607 3866 regnantibus;
1641 3808 1696 3850 et
1749 3798 1930 3866 hospi-

358 3867 436 3921 tio
483 3878 644 3936 atque
697 3870 937 3923 amicitia
986 3886 1106 3925 cum
1155 3869 1483 3923 Ascalonitis
1532 3880 1586 3922 et
1627 3866 1836 3923 Gazaiis
1879 3877 1934 3923 et

355 3936 625 4008 Arabibus
663 3938 813 3998 inita,
840 3942 1100 3994 maximas
1128 3941 1226 3995 sibi
1258 3954 1389 4008 opes
1411 3940 1766 4004 comparavit.

432 4006 544 4077 (99)
577 4008 688 4063 Τὸν
726 4008 902 4077 ἱερέα.
952 4010 1248 4079 ImprOprie
1285 4006 1626 4064 sacerdotem
1657 4018 1814 4079 vocat
1837 4009 1931 4079 qtti

357 4087 477 4130 erat
512 4079 842 4134 hieriidulus.
883 4078 1060 4149 Longe
1095 4082 1238 4134 enim
1271 4079 1542 4133 haecinter
1563 4093 1623 4134 se
1650 4078 1928 4146 diﬁ‘erunt,

357 4153 420 4200 ut
466 4162 629 4215 supra
660 4150 865 4205 notavi.
900 4149 1038 4202 Fieri
1077 4159 1254 4203 tamen
1296 4149 1488 4218 potuit,
1522 4158 1581 4202 ut
1610 4149 1748 4202 idem
1790 4160 1938 4204 esset

356 4219 619 4271 sacerdos
650 4227 704 4271 et
758 4219 1109 4281 hierodulus;
1149 4229 1276 4288 puta
1316 4220 1361 4272 si
1396 4219 1512 4273 hare
1547 4228 1664 4273 erat
1694 4220 1934 4275 conditio

358 4288 672 4351 sacerdotii,
715 4299 775 4342 ut
818 4304 924 4344 nou
977 4289 1081 4343 nisi
1124 4300 1288 4344 exuta
1338 4288 1590 4344 libertate
1624 4292 1935 4345 sacerdotes

356 4368 707 4424 caperentur.

426 4427 505 4498 (l)
539 4426 798 4496 Ὑρκανῷ
825 4428 1143 4498 φιλιοῦται.
1174 4428 1289 4483 Hoc
1311 4444 1523 4498 quoque
1541 4431 1593 4483 in
1623 4430 1739 4483 loco
1762 4428 1929 4483 nostri

353 4498 572 4553 codices
606 4499 824 4570 Regius,
846 4500 1172 4565 Mazariuus,
1207 4499 1570 4570 Medicaausac
1600 4499 1930 4555 Fukelianus

356 4578 671 4623 constanter
691 4568 958 4638 scriptum
986 4570 1187 4625 habent
1206 4568 1472 4638 φιλοῦται.
1494 4570 1665 4636 Quam
1696 4570 1932 4638 scriptu.

358 4653 472 4709 rain
504 4640 687 4695 nescio
716 4655 814 4695 cur
848 4639 1118 4693 ilobertus
1143 4641 1451 4706 Stephanus
1490 4641 1817 4709 repudiavit.
1842 4641 1934 4694 Φι-

353 4706 540 4783 λούται
558 4711 715 4783 _enim
751 4711 949 4783 dicitur
981 4720 1038 4761 ut
1058 4709 1369 4783 gxﬁpoﬁrat.

428 4778 505 4848 (2)
557 4780 959 4847 Ἐπιμελητὴς
1007 4778 1124 4848 τῆξ
1137 4778 1555 4850 Παλαιστίνης
1594 4780 1930 4850 προκόψας.

355 4847 642 4914 Antipater
677 4850 906 4904 Herodis
955 4847 1170 4919 parcns,
1207 4852 1307 4905 sub
1359 4847 1596 4905 Hircano
1620 4847 1930 4904 Iudaeorum

357 4921 936 4990 regeprocurationem
961 4921 1124 4973 totius
1148 4922 1293 4990 regni
1312 4921 1502 4990 gessit,
1516 4932 1572 4974 et
1589 4921 1800 4989 negotia
1823 4932 1931 4973 tam

356 4988 538 5059 civilia
571 5004 733 5054 quant
764 4990 1022 5059 militaria
1062 4988 1485 5044 administravit.
1525 4988 1712 5059 Itaque
1738 4991 1934 5058 ἐπιμεο

354 5055 523 5130 λητὴγς
551 5059 650 5130 τῆς
678 5056 939 5130 Ἰουδαίας
983 5069 1036 5111 et
1071 5055 1659 5130 ἐπίτροποςνυοιιιυτὶι
1696 5055 1933 5127 Josepho

357 5126 418 5200 in
449 5126 788 5200 d’icto'libro.
820 5129 994 5200 Δνοτε-ο
1038 5126 1211 5183 εοιιθιί
1261 5126 1396 5200 Μαίη.
1434 5143 1487 5183 et
1520 5131 1684 5200 savii.
1720 5126 1935 5200 χρημα-

350 5195 795 5270 wiaggscriptun‘i
818 5197 1036 5259 habent,
1063 5216 1165 5253 non
1199 5199 1494 5270 προκόψας.
1524 5199 1578 5252 In
1597 5195 1931 5256 Mazl‘au't'em

354 5276 410 5341 et
432 5265 567 5321 Fuk.
592 5265 794 5341 _legitur
824 5270 1179 5341 χρηματίσαι.
1218 5265 1762 5341 Quarti—scripturam
1804 5286 1934 5323 con-

358 5337 543 5410 lir‘mat
588 5336 982 5410 Nic-ephorus:
1005 5343 1096 5393 δια
1139 5340 1502 5410 θιιίιιινΙιειὺει
1550 5336 1672 5410 cap.
1728 5357 1779 5393 ix
1836 5340 1928 5394 lib.

355 5406 536 5473 primi,
587 5402 894 5483 ηὐτύχησεν
928 5402 1082 5473 οὗτος
1137 5409 1470 5483 ἐπιμελητὴς
1497 5412 1596 5483 τῆς
1620 5402 1936 5483 ’γΠαλαιστίτ

354 5478 1101 5601 νηςέσξενέσθαιλςιεςωιιθι·
1153 5478 1327 5535 (ἶτέεοί
1359 5478 1563 5549 dicunt,
1592 5482 1833 5552 εὐτυχεῖν
1871 5480 1933 5532 τὸ

356 5561 451 5601 γεν
551 5565 629 5601 αι.

356 5561 629 5615 γενεσθαι.

429 5619 502 5691 (5)
526 5617 796 5691 Τῷφςᾶχρι
825 5621 1243 5689 προσηλύτων.
1265 5620 1454 5676 Mirum
1474 5632 1556 5678 est
1582 5622 1634 5676 in
1659 5621 1932 5676 codicibus

357 5688 561 5763 matris
589 5688 757 5763 Μυκη
786 5688 952 5763 μελίη
981 5691 1114 5763 Fuit.
1147 5708 1210 5746 ac
1245 5693 1411 5747 Savil.
1443 5693 1609 5748 scribi
1633 5691 1739 5746 τῶν
1775 5694 1932 5763 ἀρχι-

360 5759 733 5828 προσηλύτων.
785 5761 936 5818 Unde
967 5762 1237 5833 conjicere
1265 5764 1387 5835 quis
1435 5773 1615 5835 posset
1642 5759 1928 5834 legendum

2033 3665 2214 3726 gatam
2271 3657 2558 3713 lectionem
2598 3657 2817 3715 'tuetur.
2878 3657 3047 3716 Paulo
3104 3673 3231 3717 ante
3273 3657 3461 3717 ’nos’tri
3514 3679 3616 3719 co-

2032 3728 2180 3802 dices
2240 3727 2401 3790 Maz.,
2428 3727 2567 3802 Med.
2629 3744 2691 3783 ac
2723 3729 2856 3802 Fuk.
2889 3733 3149 3802 scriptum
3199 3731 3402 3787 habent
3440 3733 3520 3797 είς
3551 3735 3614 3790 τὸ

2027 3796 2172 3867 τότε,
2207 3815 2326 3850 cum
2363 3798 2593 3853 articulo
2610 3800 2974 3867 prwpositivo.

2101 3866 2178 3938 (4)
2192 3867 2555 3941 Ἐνέπρησεν
2565 3866 2764 3923 αὐτῶν·
2778 3869 2883 3937 τὰς
2897 3870 3264 3941 ἀναγραφάς.
3281 3870 3356 3926 Ha
3366 3887 3431 3928 nc
3444 3876 3613 3931 etiam

2037 3938 2403 4013 narrationem
2429 3954 2619 4013 parum
2657 3949 2864 4013 certam
2899 3938 3169 4013 existimo.
3187 3943 3319 3999 Nam
3343 3942 3613 4013 Josephus

2038 4005 2095 4081 in
2130 4007 2270 4063 libro
2310 4009 2384 4062 De
2405 4011 2510 4064 vita
2536 4026 2634 4063 sua
2669 4009 2932 4081 originem
2968 4021 3031 4081 et
3060 4012 3432 4081 antiquitatem
3470 4005 3612 4069 stir-

2039 4078 2120 4145 pis
2147 4093 2259 4148 sua:
2286 4094 2743 4142 commemorans,
2762 4078 2834 4134 ex
2855 4080 3081 4148 publicis
3109 4078 3344 4136 archivis
3367 4098 3484 4138 eam
3519 4101 3611 4140 re-

2037 4148 2189 4221 petit.
2211 4146 2376 4218 Igitur
2408 4151 2688 4221 restabant
2718 4146 2897 4221 adhuc
2927 4161 3093 4221 actate
3129 4149 3347 4220 Josephi
3393 4155 3609 4221 publica

2040 4217 2321 4294 tabularia,
2354 4221 2406 4274 in
2431 4220 2626 4294 quibus
2651 4219 2996 4294 Judaicarum
3023 4217 3347 4294 familiarum
3367 4217 3609 4294 origines

2035 4288 2477 4344 continebantur.
2506 4290 2585 4344 Ac
2614 4289 2843 4358 proinde
2883 4291 3074 4345 falsum
3102 4300 3186 4346 est
3222 4288 3486 4348 Herodem
3542 4311 3605 4349 ea

2034 4359 2423 4433 combussisse.
2455 4359 2624 4433 Porro
2658 4361 2770 4414 haec
2810 4360 3073 4433 tabularia
3119 4372 3276 4417 erant
3318 4363 3370 4416 in
3405 4366 3607 4433 templo

2035 4426 2523 4501 llierosolymjtano
2544 4431 2643 4484 sub
2664 4430 2906 4501 custodia
2931 4431 3253 4495 scribarum,
3272 4440 3329 4487 ut
3353 4426 3604 4501 equidem

1965 4486 2305 4570 Dexistimo'.
2360 4498 2546 4570 itaque
2598 4501 2808 4570 optime
2857 4499 3086 4556 Ruﬁnus
3134 4486 3297 4556 verba
3359 4486 3607 4559 A'friean;

2037 4568 2108 4620 ita
2139 4569 2344 4623 vertit:
2390 4568 2582 4623 omnes
2625 4568 2965 4625 Ilebrarorum
3001 4572 3359 4639 generationes
3400 4574 3605 4629 descri-

2032 4648 2170 4708 ptae,
2196 4639 2251 4692 in
2279 4639 2505 4693 archim's
2540 4641 2718 4708 templi
2751 4642 3120 4695 secretioribus
3153 4642 3496 4696 habebantur.

2104 4707 2182 4784 (_5)
2210 4710 2279 4762 Ἢ
2313 4707 2752 4784 προσηλύτους.
2782 4710 3259 4784 Mallemscribere
3296 4712 3602 4784 ἀρχιπροσ-

2033 4777 2266 4849 ηλύτους
2280 4789 2338 4833 ut
2381 4795 2562 4847 supra.
2590 4781 2778 4849 Neque
2806 4782 2951 4835 enim
2987 4781 3053 4835 de
3075 4782 3293 4836 novitiis
3316 4777 3602 4839 ac'recen-

2036 4849 2178 4920 tibus
2208 4848 2495 4920 proselytis
2539 4850 2629 4904 hic
2664 4848 2902 4915 loquitur
2938 4851 3248 4916 Africanus,
3280 4854 3375 4907 sed
3417 4856 3483 4909 de
3507 4871 3606 4910 no-

2034 4916 2315 4991 bilissimis
2352 4916 2660 4991 quibusque
2701 4931 2756 4975 et
2794 4920 3206 4988 antiquissimis,
3237 4937 3466 4991 quorum
3500 4941 3602 4978 no-

2035 5003 2156 5063 men
2177 4989 2256 5063 _in_
2281 4987 2454 5063 sacris
2475 4987 2628 5044 libris
2653 4987 3136 5063 commemjiratum
3168 4987 3278 5056 cst';
3299 4997 3600 5063 cujusmodi

2036 5054 2137 5131 [nit
2161 5059 2385 5131 Acbior,
2406 5059 2486 5131 ‘de
2514 5075 2621 5128 quo
2662 5061 2719 5131 in
2737 5059 2876 5131 libro
2900 5058 3086 5114 Judith
3111 5077 3250 5131 saepe
3268 5054 3341 5115 ﬁt
3362 5054 3598 5121 'inentio.

2033 5125 2242 5202 Quippe
2272 5125 2376 5184 hoc
2398 5125 2668 5202 _loco'agit
2698 5127 2988 5202 Africanus
3018 5132 3082 5185 de
3111 5125 3413 5196 nobilitate,
3444 5135 3600 5202 cujus

2034 5200 2363 5270 praecipuum
2397 5199 2615 5270 insigne
2644 5201 3040 5270 estantiquitas
3062 5203 3298 5270 generis.
3338 5205 3427 5258 Ait
3449 5199 3597 5259 enim

2035 5267 2298 5324 Herodem
2330 5267 2569 5336 origines
2593 5267 2921 5323 familiarum
2961 5267 3086 5325 ideo
3105 5284 3505 5339 concremasse,
3529 5290 3600 5330 ne

2034 5340 2155 5411 quis
2194 5353 2261 5393 ex
2294 5339 2524 5411 publicis
2547 5340 2915 5411 monumentis
2940 5342 3170 5409 probare
3199 5355 3380 5411 posset
3422 5359 3480 5398 se
3529 5346 3600 5399 ab

2034 5408 2164 5483 ipsis
2193 5410 2641 5483 p'atrjarchisaut
2672 5408 2951 5483 prophetis
2979 5408 3241 5483 originem
3275 5414 3489 5483 generis
3513 5416 3599 5471 sui

2033 5479 2247 5552 ducere.
2292 5479 2445 5552 Quod
2477 5479 2544 5552 _si
2570 5479 2813 5552 novellos
2863 5479 3163 5550 proselytos
3184 5479 3595 5552 _iniﬂligamus,

2033 5549 2175 5624 perit
2200 5549 2673 5624 omnishujusloci
2697 5552 2990 5624 sententia,
3019 5549 3139 5624 cum
3179 5549 3409 5608 Herodis
3433 5565 3597 5624 aetate

2034 5618 2454 5674 innumerabiles
2478 5627 2662 5674 essent
2695 5619 2749 5690 in
2790 5618 2970 5674 Judaea
3007 5621 3098 5690 qni
3137 5637 3306 5690 genus
3337 5638 3497 5677 suum
3525 5618 3590 5680 aii

2033 5689 2271 5763 novellos
2312 5689 2610 5763 proselytos
2638 5688 2921 5763 referrent,
2952 5688 3264 5763 utpote'avo
3292 5695 3401 5748 nati
3434 5709 3585 5763 pros-

2033 5761 2194 5833 elyto.
2231 5760 2331 5828 Qui
2372 5760 2611 5831 proiecto
2652 5760 2996 5818 archivorum
3030 5761 3286 5832 suﬁ'ragio
3318 5760 3453 5834 Opus
3485 5781 3569 5820 nr:
