3966 6264
355 317 426 375 99

1055 311 1327 370 EUSEBll
1364 308 1839 368 CESABIENSIS
1877 310 2027 366 OPP.
2069 309 2253 366 PARS
2290 310 2332 364 1.
2372 340 2441 350 -
2479 301 2874 363 lllSTORICA.

3496 307 3607 361 100

355 435 516 492 avitae
535 433 832 492 nobilitatis
863 432 1181 488 memoriam
1216 438 1656 486 conservassem.
1680 427 1756 482 Ex
1783 443 1912 496 quo-

2027 429 2409 493 ἁποθανὸντος,
2457 430 2485 481 ὁ
2545 424 2739 481 Ἰακὼῦ
2791 425 3089 498 ἀνέστησεν
3146 424 3293 497 αὐτῷ
3344 424 3604 497 σπέρμα,

357 542 478 582 rum
520 541 753 582 numero
796 533 953 580 erant
1002 523 1056 577 hi
1107 524 1173 579 de
1223 521 1419 590 quibus
1463 536 1628 589 supra
1682 520 1815 584 dixi,
1858 520 1928 575 ob

357 621 818 689 propinquitatem
848 618 1064 687 generis
1098 631 1201 681 qua
1235 612 1512 668 Servatori
1549 618 1737 667 nostro
1754 610 1929 682 juncti

353 720 512 766 erant
556 711 872 764 δεσπόσυνοι
923 708 1200 778 appellati.
1247 706 1346 773 Qui
1388 719 1419 760 e
1454 704 1684 759 Nazaris
1732 714 1787 757 et
1831 702 1932 757 Co-

355 802 526 858 chaba
570 802 767 857 Judmae
807 800 938 855 vicis
979 800 1033 853 iu
1074 797 1253 852 varias
1287 796 1533 866 regiones
1561 793 1812 863 dispersi,
1842 808 1932 848 su-

354 895 658 964 pradictam
693 892 908 964 generis
943 891 1164 957 seriem,
1216 903 1281 943 ex
1333 884 1751 957 Ephemeridum
1784 884 1924 938 libro

353 1000 515 1054 quam
546 992 796 1053 poterant
827 980 1142 1035 ﬁdelissime
1166 985 1565 1048 exposuerunt.
1601 974 1734 1030 Sive
1757 974 1927 1045 igitur

354 1075 426 1126 ita
463 1088 521 1127 se
559 1088 644 1127 res
674 1073 857 1139 habet,
887 1073 1003 1126 sive
1032 1071 1214 1136 aliter,
1262 1067 1562 1138 planiorem
1587 1073 1736 1121 certe
1764 1067 1928 1120 inter-

353 1166 730 1232 pretationem,
778 1177 899 1218 meo
941 1163 1163 1233 quidem
1204 1161 1410 1232 judicio
1463 1159 1805 1228 aliorumque
1834 1157 1926 1227 qui

351 1258 488 1326 ωψιί
525 1270 709 1310 rerum
740 1256 1109 1309 :estimatores
1157 1266 1280 1308 esse
1309 1251 1516 1316 volent,
1570 1264 1728 1305 nemo
1772 1248 1932 1304 facile

350 1347 635 1416 repererit.
704 1345 939 1400 Proinde
988 1345 1102 1398 haec
1154 1341 1310 1397 nobis
1367 1340 1640 1407 sulliciat,
1704 1339 1922 1394 tametsi

350 1438 496 1492 nullo
529 1439 841 1491 testimonio
875 1436 1043 1500 fulta;
1083 1435 1301 1504 quando
1318 1449 1418 1488 nec
1447 1431 1727 1489 meliorem
1761 1433 1922 1486 aliam

2028 522 2292 591 γεννήσας
2319 519 2411 574 τὸν
2445 519 2661 589 Ἰωσὴφ,
2703 515 2843 571 κατὰ
2880 517 3042 583 φύσιν
3079 517 3176 588 μὲν
3214 515 3411 587 ἑαυτῷ,
3458 517 3606 571 κατὰ

2027 612 2190 683 νόμον
2214 612 2269 665 δὲ
2294 608 2379 680 τῷ
2411 611 2543 667 Ἠλί.
2581 610 2765 673 Οὕτως
2804 609 3128 682 ἀμφοτέρων
3161 608 3275 673 υἱὸς
3305 607 3373 681 ἦν
3411 611 3439 664 ὁ
3488 611 3606 664 Ἰω-

2029 706 2163 776 σήφ.
2215 724 2233 757 ι
2266 702 2515 757 Τοσαῦτα
2548 703 2613 775 δὴ
2645 704 2673 756 ὁ
2718 701 3061 773 Ἀφρικανός.
3104 702 3213 754 Καὶ
3249 701 3312 772 δὴ
3352 701 3443 754 τοῦ
3494 703 3607 755 Ἰω-

2030 796 2136 867 σὴφ
2157 789 2258 849 ὧδέ
2287 812 2401 859 πως
2426 793 2933 865 γενεαλογουμένου,
2964 793 3190 863 δυνάμει
3226 792 3319 846 καὶ
3346 794 3378 863 ἡ
3412 792 3606 864 Μαρια

2031 889 2126 941 σὺν
2154 886 2300 957 αὐτῷ
2328 886 2567 957 «sont/sv
2612 887 2676 939 ὲκ
2716 886 2816 956 τῆς
2862 885 3033 955 αὐτῆς
3063 880 3197 937 οὖσα
3234 883 3428 955 φυλῆς,
3481 884 3603 952 εἴγε

2022 979 2162 1034 κατὰ
2189 980 2277 1033 τὸν
2302 978 2576 1041 Μωῡσέως
2604 978 2764 1048 νόμον
2791 978 2890 1030 οὐκ
2913 977 3034 1046 ἐξῆν
3064 975 3277 1047 ἑτέραις
3310 976 3605 1049 ἐπιμίγνυο

2025 1069 2149 1123 σθαι
2174 1069 2402 1138 φυλαῖς*
2438 1069 2518 1122 ἐνὶ
2544 1067 2654 1139 γὰρ
2681 1068 2788 1121 τῶν
2830 1071 2893 1121 ὲκ
2936 1067 3031 1120 τοῦ
3082 1066 3247 1120 αὑτοῦ
3288 1067 3462 1139 δήμου
3503 1067 3603 1123 καὶ

2025 1162 2259 1233 πατριᾶς
2282 1160 2394 1234 (15)
2412 1160 2512 1230 τῆς
2536 1160 2705 1230 αὐτῆς
2735 1157 3058 1229 ζεῦγνυσθαι
3096 1158 3232 1230 πρὸς
3272 1160 3449 1230 γάμον
3487 1177 3602 1214 παι·

2030 1252 2399 1325 ρακελεύεται,
2433 1251 2508 1315 ὡς
2546 1251 2612 1306 ἃν
2660 1251 2734 1323 μὴ
2770 1251 3184 1324 περιστρέφοιτο
3231 1250 3342 1322 (Μ)
3367 1250 3461 1304 τοῦ
3500 1250 3601 1320 γέ-

2028 1360 2152 1406 νους
2173 1345 2201 1397 ὁ
2221 1343 2418 1414 κλῆρος
2446 1341 2553 1397 ἀπὸ
2580 1342 2754 1414 φυλῆς
2792 1343 2885 1395 ἐπὶ
2907 1342 3099 1415 φυλήν.
3140 1342 3248 1396 Ὧδὶ
3276 1343 3372 1414 μὲν
3394 1339 3487 1397 οὖν
3504 1343 3603 1400 καὶ

2029 1432 2201 1487 ταῦτα
2243 1433 2432 1505 ἐχέτω.

350 1544 449 1583 nec
491 1530 759 1584 veriorem
805 1529 1050 1599 proferre
1093 1542 1404 1597 possumus.
1475 1526 1742 1581 Caeterum
1784 1526 1914 1595 quin
1954 1541 2085 1581 vera
2122 1527 2192 1582 sit
2220 1526 2493 1597 Evangelii
2526 1528 2767 1582 narratio
2827 1526 3062 1582 dubitari
3112 1542 3217 1581 non
3258 1536 3455 1597 potest.
3487 1548 3507 1581 ι
3534 1524 3598 1581 lu

347 1626 457 1680 line
494 1634 671 1680 autem
696 1624 932 1694 ejusdem
962 1623 1212 1692 Epistula:
1244 1622 1535 1675 Africanus
1573 1620 1690 1676 haec
1726 1622 1912 1676 addit:
1947 1639 1966 1673 ι
2001 1621 2240 1676 Mattban
2267 1637 2295 1675 a
2320 1620 2608 1676 Salomone
2647 1637 2816 1691 genus
2853 1622 3075 1685 ducens,
3099 1620 3356 1676 Jacobum
3390 1620 3596 1690 genuit.

348 1717 562 1773 Mortuo
606 1717 798 1770 deinde
845 1714 1149 1778 Matthane,
1194 1714 1388 1769 Μοιριιί
1433 1713 1697 1768 oriundus
1724 1728 1789 1767 ex
1821 1712 2084 1768 Nathanis
2139 1714 2330 1779 stirpe,
2372 1728 2441 1769 ex
2474 1715 2662 1769 eadem
2732 1713 2960 1769 muliere
3033 1713 3220 1783 genuit
3264 1711 3403 1766 Heli.
3449 1713 3597 1780 Quo-

346 1815 488 1869 circa
535 1810 768 1867 Jacobus
812 1822 867 1866 et
912 1810 1026 1866 Heli
1079 1810 1279 1864 fratres
1322 1819 1479 1862 erant
1545 1809 1765 1863 uterini.
1816 1808 1934 1863 Βειί
1976 1808 2169 1864 deinde
2196 1809 2314 1864 sine
2341 1807 2522 1864 liberis
2545 1808 2818 1873 defuncto,
2848 1806 3079 1862 Iacobus
3142 1810 3190 1861 ei
3257 1821 3439 1860 semen
3470 1823 3600 1861 sus»

347 1906 555 1970 citavit,
582 1903 820 1973 Joseplio
860 1904 1048 1975 genito
1076 1922 1090 1958 :
1118 1903 1209 1973 qui
1240 1913 1435 1958 natura
1459 1902 1676 1972 quidem
1711 1900 1919 1967 Jacobi,
1962 1901 2080 1972 lege
2111 1912 2291 1957 autem
2326 1901 2442 1958 Heli
2485 1901 2630 1957 illius
2692 1900 2813 1956 fuit.
2847 1899 2940 1956 Sic
2996 1909 3224 1970 uterque
3255 1898 3472 1970 Josephi
3498 1915 3597 1970 pa-

348 2010 434 2055 ter
463 2012 611 2055 recte
641 2001 861 2055 dicitur.
909 2018 928 2051 ι
960 1998 1085 2054 "th
1117 1999 1428 2055 Africanus.
1465 1998 1637 2054 Porro
1700 2001 1966 2053 recensita
2009 2001 2110 2054 hoc
2139 1999 2299 2054 modo
2321 1998 2541 2069 Josephi
2571 1999 2760 2068 stirpe,
2789 1997 2948 2054 simul
2978 1998 3141 2052 etiam
3166 1997 3346 2052 Mariae
3404 2010 3598 2065 genus,

347 2109 467 2163 qute
492 2109 554 2147 ex
577 2093 765 2149 eadem
803 2094 944 2148 tribu
981 2104 1100 2150 erat
1127 2095 1379 2158 oriunda,
1417 2095 1580 2149 tacite
1608 2095 1912 2163 expositum
1954 2094 2063 2167 24,
2122 2105 2240 2164 est,
2289 2095 2406 2165 lege
2438 2096 2703 2166 siquidem
2745 2094 2949 2167 Moysis
2986 2094 3128 2149 inter
3167 2095 3392 2149 diversa:
3422 2093 3601 2149 uibus

347 2186 594 2240 homines
620 2196 776 2242 erant
811 2188 977 2242 vetita
1007 2190 1301 2243 connubia.
1338 2187 1439 2244 Uni
1468 2189 1613 2244 enim
1678 2203 1745 2242 ex
1807 2190 1996 2244 eodem
2036 2191 2233 2260 populo
2262 2192 2562 2259 eademque
2592 2200 2755 2262 gente
2797 2190 2990 2244 mulier
3023 2190 3230 2245 nubere
3255 2191 3600 2260 praccipitur,

348 2293 416 2335 ne
449 2295 570 2334 sors
614 2282 924 2350 patrimonii
975 2283 1028 2337 in
1073 2283 1235 2337 aliam
1274 2283 1474 2338 tribum
1528 2286 1910 2340 transferatur.
1951 2285 2021 2340 Et
2048 2288 2113 2341 de
2155 2286 2241 2342 his
2271 2287 2487 2357 quidem
2520 2288 2810 2343 hactenus.

933 2426 1159 2483 CAPUT
1203 2428 1339 2484 Vlll.
1951 2438 1995 2492 Β

355 2513 426 2570 De
452 2514 680 2573 Herodis
716 2520 967 2593 adversus
1008 2520 1242 2593 infantes
1270 2522 1610 2588 crudelitate,
1636 2532 1683 2578 et
1709 2520 1921 2593 qualem

770 2591 814 2642 is
834 2590 1031 2643 exitum
1066 2592 1186 2643 vita:
1214 2593 1480 2644 habuerit.

417 2749 638 2805 Christo
685 2749 854 2819 igitur
906 2750 1200 2805 secundum
1258 2751 1644 2820 prophetarum
1697 2751 1919 2808 oracula

347 2840 406 2898 in
455 2840 772 2896 Bethlehem
817 2839 1018 2896 Iudaea:
1070 2852 1200 2896 nato
1243 2842 1309 2896 iis
1350 2843 1551 2912 quibus
1591 2858 1752 2914 supra
1809 2844 1920 2899 dixi

348 2933 707 3002 temporibus,
731 2931 971 2987 Herodes
1003 2946 1125 2987 cum
1154 2933 1294 3003 magi
1325 2933 1551 3007 quidam
1587 2950 1652 2990 ex
1695 2935 1919 2990 Oriente

344 3024 624 3078 venientes
654 3023 832 3092 ipsum
862 3024 1297 3097 interrogassent
1320 3027 1541 3082 ubinam
1587 3040 1750 3084 natus
1778 3036 1922 3083 esset

345 3128 444 3170 rex
482 3112 794 3170 Iudaeorum
821 3134 834 3170 :
861 3119 1059 3186 quippe
1114 3117 1329 3172 stellam
1383 3119 1502 3188 ejus
1541 3118 1648 3173 sibi
1687 3135 1918 3189 conspe-

344 3221 487 3265 Ctam
520 3209 765 3276 aiebant,
817 3211 1066 3283 hancque
1101 3214 1236 3266 tanti
1285 3214 1498 3269 itineris
1551 3216 1656 3270 sibi
1695 3231 1918 3272 causam

342 3302 536 3368 fuisse,
584 3304 729 3373 quod
780 3305 928 3358 illum
978 3315 1163 3375 utpote
1196 3306 1363 3362 Deum
1411 3309 1642 3364 adorare
1668 3311 1920 3365 omnibus

343 3398 486 3454 votis
517 3398 773 3453 arderent
807 3414 823 3452 :
848 3413 911 3453 ea
938 3414 998 3453 re
1027 3415 1133 3453 non
1173 3401 1529 3456 mediocriter
1555 3404 1917 3459 conturbatus

343 3489 497 3559 quasi
538 3504 763 3558 regnum
811 3489 984 3559 ipsius
1016 3489 1069 3543 in
1103 3491 1402 3544 maximum
1452 3492 1743 3548 discrimen
1774 3502 1921 3550 esset

342 3580 656 3641 adductum,
690 3588 1042 3649 percontatus
1088 3590 1170 3635 est
1215 3597 1281 3636 ex
1317 3581 1454 3652 legis
1481 3583 1794 3639 doctoribus
1825 3585 1915 3654 qui

346 3671 398 3724 in
441 3686 539 3725 sua
580 3680 743 3739 gente
787 3681 981 3739 erant,
1030 3672 1255 3726 ubinam
1293 3672 1576 3729 Christum
1624 3686 1809 3730 natum
1851 3678 1915 3733 iri

2550 2431 2948 2486 ΚΕΦΑΛΑΙΟΝ
2981 2430 3061 2485 Η’.

2022 2523 2163 2593 Περὶ
2205 2523 2316 2592 τῆς
2350 2523 2611 2593 Ἡρώδου
2649 2524 2798 2578 κατὰ
2834 2522 2952 2577 τῶν
2979 2523 3210 2577 παίδων
3246 2523 3596 2593 ἐπιϐουλῆς,

2092 2593 2321 2717 shall-pla
2667 2595 2855 2648 αὐτὸν
2880 2593 3265 2664 καταστροφὴ
3276 2594 3421 2658 ,βίου
3449 2596 3593 2667 (L‘itc.

2151 2703 2165 2719 .
2255 2704 2269 2719 .
2298 2681 2337 2729 ι,
2447 2684 2470 2729 ,λ
2590 2704 2603 2717 .

2105 2754 2263 2809 Ἀλλᾶ
2301 2754 2409 2826 γὰρ
2436 2752 2530 2807 τοῦ
2557 2753 2793 2826 Χριστοῦ
2836 2753 3190 2826 γεννηθέντος
3218 2757 3338 2820 ταῖς
3376 2771 3599 2828 προφητ-

2021 2848 2190 2912 τεῐαις
2215 2846 2518 2912 ἀκολούθως
2546 2847 2602 2900 έν
2623 2846 2870 2919 Βηθλεὲμ
2899 2847 3000 2918 τῆς
3028 2847 3282 2912 Ἰουδαίας
3304 2849 3443 2904 κατὰ
3471 2850 3600 2907 τοὺς

2020 2939 2422 3015 δεδηλωμένους
2450 2936 2954 3009 χρόνους,Ἦρὼδης
2990 2940 3084 2993 ἐπὶ
3107 2940 3174 3010 τῇ
3209 2939 3314 2993 τῶν
3348 2939 3408 3005 ἐξ
3436 2941 3599 2995 Ἀναι-

2021 3035 2179 3107 τολῆς
2216 3035 2404 3105 μάγων
2434 3033 2787 3104 ἀνερωτήσει,
2822 3031 2931 3101 ὅπη
2965 3033 3049 3102 εἴη
3088 3032 3600 3105 διαπυνθανομένων

2019 3129 2049 3181 ὁ
2083 3126 2296 3197 τεχθεὶς
2343 3123 2595 3195 βασιλεὺς
2647 3123 2758 3176 τῶν
2805 3121 3111 3176 Ἰουδαίων·
3155 3125 3456 3197 ἑωρακέναι
3488 3125 3600 3198 γὰρ

2019 3217 2184 3274 αὐτοῦ
2221 3216 2312 3271 τὸν
2354 3215 2588 3287 ἀστέρα,
2635 3216 2729 3269 καὶ
2769 3214 2868 3286 τῆς
2916 3215 3142 3285 τοσῆσδε
3193 3216 3418 3288 πορείας
3449 3217 3597 3272 τοῦτ’

2020 3311 2193 3366 αἴτιον
2234 3311 2417 3374 αὐτοῖς
2450 3308 2753 3379 γεγονέναι,
2798 3302 2886 3361 οἷα
2932 3307 3051 3379 Θεῷ
3096 3309 3469 3380 προσκυνῆσαι
3517 3309 3599 3382 τῷ

2017 3404 2261 3475 τεχθέντι
2289 3401 2379 3457 διὰ
2408 3401 2644 3472 σπουδῆς
2674 3399 3093 3471 πεποιημένοιςο
3131 3401 3193 3454 οὐ
3223 3402 3472 3474 σμικρῶς
3501 3403 3596 3457 ἐπὶ

2016 3494 2098 3566 τῷ
2147 3495 2432 3567 πράγματι
2474 3492 2571 3547 ἆτε
2619 3490 3052 3562 κινδυνευούσης,
3104 3490 3181 3555 ὥς
3209 3509 3273 3561 γε
3304 3492 3368 3564 δὴ
3422 3491 3556 3563 ᾤετο
3580 3534 3596 3559 ,

2019 3584 2166 3657 αὐτῷ
2190 3587 2287 3657 τῆς
2310 3585 2482 3657 ἀρχῆς
2509 3582 2855 3654 διακινηθεὶς,
2875 3582 3176 3653 πυθόμενος
3195 3582 3301 3635 τῶν
3336 3584 3485 3656 παρὰ
3511 3584 3591 3656 τῷ

2020 3678 2164 3733 ἔθνει
2196 3677 2666 3749 νομοδιδασκάλων
2681 3677 2783 3730 ποῦ
2799 3676 2890 3731 τὸν
2917 3677 2962 3728 Χ
2972 3675 3151 3748 ριστὸν
3167 3675 3598 3748 γεννηθήσεσθαι

342 3772 746 3832 exspectarent.
797 3762 1094 3834 Postquam
1136 3780 1269 3820 vero
1316 3765 1550 3822 Micbaaae
1592 3768 1912 3824 vaticinium

2025 3770 2383 3843 προσδοκῷεν,
2436 3770 2512 3834 ὡς
2556 3769 2697 3839 ἔγνω
2736 3768 2833 3841 τὴν
2871 3769 3106 3841 Μιχαίου
3152 3772 3489 3842 προφητείαν
3536 3774 3596 3825 ὲν
3668 3792 3671 3795 ν

341 3944 565 4003 uxorem
578 3929 887 4003 ‘ducere..et
911 3945 977 3986 ex
999 3947 1061 3986 ea
1088 3931 1292 3988 liberos
1315 3948 1605 4003 procreare
1628 3933 1680 3989 in
1710 3949 1909 3989 nomen

343 4013 409 4053 ac
445 3998 702 4052 familiam
732 3998 918 4055 fratris
947 4004 1029 4056 sui
1071 3998 1420 4058 transituros.
1452 4004 1567 4058 Lex
1598 4005 1742 4058 enim
1770 4003 1913 4059 Deu-

341 4070 629 4153 terpnomii
656 4084 773 4136 cap.
806 4070 876 4153 25
912 4071 1151 4153 loquitur
1176 4074 1243 4128 de
1275 4072 1449 4153 fratre
1485 4076 1575 4153 (ιλιί
1625 4074 1835 4153 habitat
1862 4075 1913 4128 in

341 4138 528 4219 eadem
580 4139 761 4219 domo,
813 4151 870 4194 et
914 4138 1004 4209 qui
1058 4151 1142 4197 est
1178 4144 1467 4219 συγγενής.
1502 4138 1913 4219 Quodquidem

342 4208 471 4261 solis
520 4208 796 4282 germanis
841 4208 947 4264 aut
980 4208 1413 4282 consanguineis
1442 4208 1730 4282 competit:
1778 4213 1913 4266 Nam

342 4282 591 4349 uterinus
635 4277 805 4332 frater
846 4295 950 4333 non
994 4289 1078 4335 est
1120 4277 1402 4336 exvettdem
1452 4277 1613 4338 duino
1653 4299 1824 4349 neque
1846 4298 1913 4337 ex

341 4347 528 4401 eodem
557 4362 786 4416 genere;
834 4365 955 4404 cum
998 4366 1167 4420 genus
1191 4356 1488 4422 prtesertim
1524 4354 1664 4420 apud
1700 4347 1914 4406 Judams

341 4431 408 4470 ex
438 4426 657 4488 paterna
704 4422 872 4488 stirpe
898 4423 1147 4474 ducatur.
1200 4421 1361 4475 Certe
1396 4424 1687 4477 Africanus
1711 4422 1914 4476 diserte

345 4485 593 4551 testatur,
622 4485 880 4543 Jacobum
909 4500 964 4544 et
984 4491 1097 4544 lleli
1127 4491 1323 4545 fratres
1348 4494 1588 4546 uterinos
1624 4492 1908 4546 contribu-

343 4556 423 4629 les
449 4558 663 4629 quidem
704 4560 886 4622 fuisse,
916 4576 981 4614 rx
1011 4561 1225 4615 diverso
1248 4570 1424 4615 tamen
1460 4576 1679 4629 genere,
1699 4563 1763 4615 ὲκ
1794 4561 1912 4614 δια-

343 4626 650 4711 φόρωνδύο
681 4630 872 4711 γενῷν.
911 4629 1159 4711 Secundo
1208 4633 1325 4686 loco
1352 4626 1599 4711 dubitare
1631 4626 1755 4699 quis
1803 4647 1909 4687 non

344 4698 617 4771 immerito
665 4698 836 4771 possit
859 4713 1036 4754 utrmn
1065 4702 1114 4754 in
1157 4703 1597 4771 generatinnilnts
1628 4698 1913 4755 recensen-

343 4768 427 4839 dis
462 4769 599 4839 ratio
627 4786 654 4822 ιι
688 4769 886 4825 ludatis
912 4772 1095 4825 habita
1148 4768 1218 4825 sit
1267 4783 1479 4839 patrum
1509 4773 1906 4839 adoptivurum.

348 4837 661 4911 Exemplum
712 4840 974 4895 habemus
1002 4842 1211 4895 illustre
1236 4837 1288 4894 in
1314 4842 1485 4904 Obed,
1510 4837 1687 4911 icuj‘us
1737 4841 1790 4894 in
1819 4856 1912 4910 ge-

345 4906 584 4977 uealogia
612 4909 810 4963 Christi
839 4912 898 4963 lit
946 4913 1166 4966 mentio.
1195 4911 1329 4965 Nam
1357 4928 1478 4963 cum
1508 4906 1715 4965 Maalon
1761 4906 1911 4964 mor-

346 4978 700 5053 ‘tuusluisset
728 4981 779 5053 in
831 4981 1150 5053 Moabitide,
1194 4993 1246 5034 et
1281 4983 1663 5053 [individuam
1706 4980 1911 5053 absque

347 5045 526 5120 liberis
579 5050 903 5120 reliquisset,
936 5049 1074 5104 Buoz
1118 5062 1347 5120 agnatus
1398 5051 1677 5120 Maalonis,
1728 5045 1911 5119 proxi-

345 5117 513 5169 miore
553 5118 850 5189 agitatujus
877 5136 1030 5174 sumn
1061 5117 1177 5189 ipsi
1212 5122 1563 5185 concedente,
1605 5117 1748 5174 Ruth
1774 5135 1908 5174 uxo-

345 5264 522 5334 tamen
549 5260 761 5334 genitus
787 5261 1023 5334 Obedns,
1077 5277 1183 5334 non
1223 5261 1483 5334 Manlonis
1528 5262 1623 5334 sed
1657 5260 1813 5334 Boosi
1845 5263 1908 5312 li-

344 5326 447 5379 lius
469 5326 667 5382 dicitur
692 5332 760 5382 ab
789 5332 1134 5399 evangelistis
1209 5332 1298 5400 qui
1340 5332 1539 5387 Clu-isti
1588 5333 1904 5400 prosapiam

346 5405 665 5473 texuerunt,
711 5414 766 5453 et
810 5403 861 5473 in
893 5402 1033 5455 libro
1081 5402 1170 5471 qui
1207 5399 1521 5456 inscribitur
1575 5399 1906 5473 RuthnScio

343 5469 469 5543 quid
520 5471 830 5543 responderi
877 5474 1048 5543 possit
1072 5469 1369 5543 :llloysem
1398 5473 1607 5526 scilicet
1647 5475 1714 5525 de
1742 5469 1907 5543 [ratre

347 5537 906 5595 duntaxatlocutum?
938 5541 1165 5596 Boos-um
1190 5537 1318 5597 vero
1347 5542 1568 5595 fratrem
1594 5556 1700 5595 non
1743 5541 1909 5593 fuisse

343 5602 619 5683 Maalonis,
648 5613 967 5683 aeproinde
994 5614 1164 5682 legem
1199 5628 1303 5683 qua
1325 5615 1635 5681 jubebatur,
1660 5620 1741 5683 hut
1767 5608 1908 5664 illius

343 5690 406 5751 ex
431 5675 615 5751 fratris
642 5675 801 5734 vidua
831 5675 1113 5751 susceptus
1136 5675 1251 5749 eju's
1279 5675 1495 5735 nomine
1520 5680 1904 5751 appellaretur,

345 5750 405 5799 'ld
427 5748 654 5807 lloosuui
682 5768 786 5807 non
814 5748 1395 5822 pertinuissebeiude
1427 5752 1531 5807 dici
1558 5748 1741 5821 potest
1766 5748 1901 5805 Boo-
1936 5817 1957 5831 ν

2018 3950 2136 3990 sum
2175 3934 2379 3989 idcirco
2418 3932 2686 3987 nominari
2720 3931 2776 3987 in
2818 3931 3169 4000 generatione
3199 3930 3420 3996 Christi,
3450 3932 3595 4002 quod

2019 4006 2282 4060 illustrior
2306 4005 2609 4058 exstitisset
2633 4017 2795 4072 quam
2820 4002 3052 4058 Maalou.

2086 4075 2199 4143 (15)
2239 4074 2335 4126 Ἐκ
2380 4072 2486 4126 τοῦ
2530 4069 2717 4126 αὐτοῦ
2759 4073 2955 4143 δήμου
2984 4071 3081 4126 καὶ
3110 4069 3381 4140 πατριᾶς.
3418 4069 3596 4127 Judaei

2018 4142 2175 4199 divisi
2208 4151 2367 4198 erant
2394 4144 2446 4195 iu
2481 4143 2674 4205 tribus,
2713 4157 2835 4211 quae
2860 4142 3025 4211 φυλαί
3058 4143 3401 4197 dicebantur.
3462 4143 3594 4196 Sitt-

2053 4215 2152 4268 ιιιιὲ
2178 4224 2357 4266 autem
2386 4214 2556 4266 tribus
2580 4212 2962 4282 dividebantur
2986 4213 3041 4266 in
3069 4212 3295 4282 δήμους,
3330 4222 3386 4264 ιιι
3412 4215 3592 4265 mani-

2036 4280 2152 4338 este
2182 4292 2328 4353 patet
2350 4298 2414 4335 ex
2442 4283 2631 4353 capite
2649 4297 2814 4353 x‘xxw
2846 4280 3229 4353 Numerorum.
3259 4282 3432 4350 Δῆμοι
3459 4297 3595 4353 ergo

2014 4354 2154 4407 idem
2181 4349 2307 4407 sunt
2330 4352 2473 4420 quod
2500 4349 2639 4420 apud
2672 4349 2953 4406 Romanos
2977 4352 3234 4418 familias;
3263 4349 3403 4407 sicut
3426 4351 3595 4420 φυλαί

2010 4423 2214 4478 Judzeis
2257 4433 2383 4475 sunt
2431 4437 2567 4490 quas
2631 4421 2863 4475 Romani
2909 4431 3098 4489 gentes
3134 4422 3424 4476 vocabant.
3470 4421 3592 4475 Jam

2012 4507 2144 4547 vero
2168 4490 2394 4563 πατριαὶ
2423 4492 2562 4563 idem
2590 4499 2748 4563 erant
2771 4492 2918 4560 quod
2949 4490 3237 4563 6ipot.__Et
3259 4502 3410 4546 recte
3433 4501 3595 4563 vetus

2012 4558 2298 4629 interpres
2335 4563 2388 4616 in
2423 4561 2565 4615 libro
2609 4558 2972 4616 Numerorum
2999 4558 3238 4629 familias
3268 4563 3448 4623 venit,
3499 4562 3594 4617 ubi

2011 4631 2157 4687 LXX
2191 4632 2518 4699 Interpretes
2545 4631 2781 4700 πατριάς
2813 4629 3128 4700 posuerant.
3175 4630 3348 4685 llorus
3398 4629 3599 4700 Gram~

2012 4696 2841 4773 ῐῐιιιιίριιιτιειῗῐιοιτρία·σύνταγμα,Δ
2867 4696 2978 4755 οἷον
3020 4699 3247 4773 πατρία,
3291 4699 3464 4773 fitfit);
3498 4702 3592 4773 ἀφ’

2011 4772 2131 4844 ἑνὸς
2162 4773 2255 4826 καὶ
2287 4769 2549 4844 εῷγεῇιοῦς
2569 4769 2782 4844 ἀνδρὸς,
2811 4770 2889 4844 ὡς
2916 4769 3146 4844 πατρὸς,
3177 4769 3317 4844 κατὰ
3340 4769 3593 4844 διαδοχὰς

2009 4843 2303 4914 επέκτασιν
2329 4840 2470 4914 λάϐῃ
2498 4842 2566 4895 τὰ
2588 4839 2742 4914 γένη,
2760 4841 2829 4914 τά
2842 4858 2904 4914 τε
2935 4839 3172 4914 ὲπί’τινα
3195 4839 3591 4914 ἀναφέρεσθαιέ

2011 4859 2303 4896 επεκτασιν
2330 4859 2470 4914 Λαοῃ
2498 4859 2566 4895 τα
2588 4859 2652 4910 γε
2728 4880 2742 4902 ,
2762 4859 2824 4894 το
2844 4859 2904 4895 τε
2935 4859 3025 4895 επι
3050 4859 3172 4895 τινα
3195 4859 3588 4910 αναφερεσυαι.

2011 4913 2087 4975 ὡς
2110 4907 2476 4984 Ἡρακλεῖδαι.
2507 4859 3040 4984 Exstamicjllustris
3066 4912 3216 4984 locus
3241 4911 3367 4984 llori
3390 4910 3590 4984 Graiu-

2010 4980 2193 5036 matici
2248 4986 2389 5052 apud
2438 4993 2717 5035 auctorem
2785 4980 3160 5051 Elymologici.
3230 4980 3591 5052 Atque‘hinc

2012 5048 2730 5125 meptdpxctt__vocabantttr
2756 5048 2973 5125 generis
3007 5123 3019 5125 _
3030 5048 3286 5125 auctores
3310 5048 3450 5118 apud
3492 5048 3590 5103 Ju-

2017 5121 2181 5188 daaos,
2212 5121 2475 5190 auuibus
2502 5136 2839 5192 unaquaeque
2892 5121 3103 5177 familia
3133 5132 3590 5192 nomen__acccpe-

246 5246 259 5258 .
345 5201 455 5241 rem
480 5188 709 5261 accepit,
759 5204 866 5258 quo
889 5188 1328 5245 smneuhlaaloni
1381 5193 1691 5261 suscitaret.
1741 5190 1819 5244 Ex
1844 5205 1906 5243 ea
1940 5201 1984 5257 υ
2013 5202 2119 5256 rat,
2143 5188 2597 5261 quemadmodum
2625 5188 2808 5245 videre
2830 5202 2915 5247 est
2942 5195 2993 5247 in
3018 5207 3136 5261 cap.
3168 5206 3295 5247 xxvr
3323 5189 3590 5261 Numero-

2014 5259 2586 5333 rutn._Chrysostomus
2614 5262 2835 5316 homilia
2857 5264 2885 5315 7
2909 5264 2964 5317 in
2990 5259 3280 5330 Epistolam
3309 5262 3377 5315 ad
3405 5259 3586 5329 Ephe-

2011 5333 2140 5395 sios,
2175 5331 2406 5404 πατριάς
2430 5341 2484 5404 et
2505 5331 2638 5404 γένη
2674 5333 2815 5404 idem
2851 5347 2970 5387 esse
2995 5334 3089 5404 ait.

2078 5405 2189 5476 (14)
2215 5401 2374 5476 _\'Ulg.
2405 5403 2495 5476 ὡς
2527 5404 2604 5476 ἂν
2626 5401 2732 5476 ⁷μῂ
2765 5402 3198 5476 ἐπιστρέφοιτο.
3234 5401 3312 5457 Ita
3353 5403 3574 5476 quidem

2008 5472 2180 5532 codex
2212 5472 2428 5541 Regius.
2463 5472 2568 5528 Sed
2609 5474 2801 5541 reliqui
2848 5476 3081 5537 codices,
3118 5472 3316 5527 Mazar.
3346 5475 3573 5538 scilicet,

2007 5561 2072 5600 ac
2100 5545 2261 5607 Med.,
2289 5560 2412 5600 cum
2437 5544 2571 5598 Fnk.
2606 5559 2671 5598 ac
2700 5542 2865 5598 Savil.
2899 5546 3160 5614 scriptum
3193 5543 3392 5597 habent
3420 5561 3576 5614 περι-

2008 5614 2560 5688 στρέφο-ιτοηιῃιὶιιιιε
2592 5614 2860 5688 consentit
2889 5614 3053 5668 etiam
3096 5613 3453 5688 Nicephorus.
3499 5613 3576 5669 Et

2007 5683 2089 5757 sic
2119 5683 2313 5757 legitur
2339 5685 2542 5757 illcap.
2569 5700 2658 5742 xvr
2691 5683 3075 5753 Numerorum,
3097 5685 3166 5741 ad
3184 5698 3360 5757 quem
3388 5685 3571 5741 locum

2007 5753 2196 5817 alludit
2221 5753 2505 5814 Eusebius.
