  <div class='ocr_page' id='page_1' title='image "/cluster/home/n/w/nwhite01/storage/ocr_20150623/20/mdp.39015008802764/058.png"; bbox 0 0 3966 6264; ppageno 0'>
   <div class='ocr_carea' id='block_1_1' title="bbox 301 377 390 429">
    <p class='ocr_par' dir='ltr' id='par_1_1' title="bbox 301 377 390 429">
     <span class='ocr_line' id='line_1_1' title="bbox 301 377 390 429; baseline -0.022 0"><span class='ocrx_word' id='word_1_1' title='bbox 301 377 390 429; x_wconf 73' lang='grc' dir='ltr'>1θί</span> 
     </span>
    </p>
   </div>
   <div class='ocr_carea' id='block_1_2' title="bbox 1305 383 2506 445">
    <p class='ocr_par' dir='ltr' id='par_1_2' title="bbox 1305 383 2506 445">
     <span class='ocr_line' id='line_1_2' title="bbox 1305 383 2506 445; baseline 0.005 -7"><span class='ocrx_word' id='word_1_2' title='bbox 1305 383 1654 441; x_wconf 60' lang='grc' dir='ltr'>ΗιδΤοιιιλΕ</span> <span class='ocrx_word' id='word_1_3' title='bbox 1693 385 2253 444; x_wconf 67' lang='lat' dir='ltr'><strong>ECCLESlASTlC/E</strong></span> <span class='ocrx_word' id='word_1_4' title='bbox 2296 389 2424 445; x_wconf 86' lang='lat' dir='ltr'><strong>LlB.</strong></span> <span class='ocrx_word' id='word_1_5' title='bbox 2467 390 2506 444; x_wconf 94' lang='lat' dir='ltr'><strong>l.</strong></span> 
     </span>
    </p>
   </div>
   <div class='ocr_carea' id='block_1_3' title="bbox 3441 396 3544 452">
    <p class='ocr_par' dir='ltr' id='par_1_3' title="bbox 3441 396 3544 452">
     <span class='ocr_line' id='line_1_3' title="bbox 3441 396 3544 452; baseline 0.01 -2"><span class='ocrx_word' id='word_1_6' title='bbox 3441 396 3544 452; x_wconf 70' lang='grc'><strong>102</strong></span> 
     </span>
    </p>
   </div>
   <div class='ocr_carea' id='block_1_4' title="bbox 300 491 1848 578">
    <p class='ocr_par' dir='ltr' id='par_1_4' title="bbox 300 491 1848 573">
     <span class='ocr_line' id='line_1_4' title="bbox 300 491 1848 573; baseline 0.008 -29"><span class='ocrx_word' id='word_1_7' title='bbox 300 491 532 562; x_wconf 74' lang='grc' dir='ltr'>Βηθλεὲμ</span> <span class='ocrx_word' id='word_1_8' title='bbox 591 496 1114 564; x_wconf 75' lang='grc' dir='ltr'>προαναφωνοῦσαν,</span> <span class='ocrx_word' id='word_1_9' title='bbox 1147 498 1226 550; x_wconf 75' lang='grc' dir='ltr'><strong>ἑνὶ</strong></span> <span class='ocrx_word' id='word_1_10' title='bbox 1284 502 1667 573; x_wconf 83' lang='grc' dir='ltr'>προστάγματι</span> <span class='ocrx_word' id='word_1_11' title='bbox 1734 503 1848 566; x_wconf 78' lang='grc' dir='ltr'>τοὺς</span> 
     </span>
    </p>
   </div>
   <div class='ocr_carea' id='block_1_5' title="bbox 1953 491 3538 578">
    <p class='ocr_par' dir='ltr' id='par_1_5' title="bbox 1965 503 3538 578">
     <span class='ocr_line' id='line_1_5' title="bbox 1965 503 3538 578; baseline 0.006 -21"><span class='ocrx_word' id='word_1_12' title='bbox 1965 503 2248 572; x_wconf 87' lang='lat' dir='ltr'><strong>comperit,</strong></span> <span class='ocrx_word' id='word_1_13' title='bbox 2283 504 2375 573; x_wconf 88' lang='lat' dir='ltr'><strong>qui</strong></span> <span class='ocrx_word' id='word_1_14' title='bbox 2410 504 2461 558; x_wconf 92' lang='lat' dir='ltr'><strong>in</strong></span> <span class='ocrx_word' id='word_1_15' title='bbox 2487 503 2801 561; x_wconf 87' lang='lat' dir='ltr'><strong>Bethlehem</strong></span> <span class='ocrx_word' id='word_1_16' title='bbox 2834 506 3175 562; x_wconf 78' lang='lat' dir='ltr'><strong>nasciturum</strong></span> <span class='ocrx_word' id='word_1_17' title='bbox 3198 520 3318 562; x_wconf 79' lang='lat' dir='ltr'><strong>esse</strong></span> <span class='ocrx_word' id='word_1_18' title='bbox 3347 510 3538 578; x_wconf 81' lang='lat' dir='ltr'><strong>praedi-</strong></span> 
     </span>
    </p>
   </div>
   <div class='ocr_carea' id='block_1_6' title="bbox 305 583 1869 666">
    <p class='ocr_par' dir='ltr' id='par_1_6' title="bbox 305 583 1869 666">
     <span class='ocr_line' id='line_1_6' title="bbox 305 583 1869 666; baseline 0.008 -32"><span class='ocrx_word' id='word_1_19' title='bbox 305 583 615 653; x_wconf 73' lang='grc' dir='ltr'>ὑπομαζίους</span> <span class='ocrx_word' id='word_1_20' title='bbox 657 586 713 637; x_wconf 75' lang='grc' dir='ltr'>ἐν</span> <span class='ocrx_word' id='word_1_21' title='bbox 748 603 808 639; x_wconf 87' lang='grc' dir='ltr'><strong>τε</strong></span> <span class='ocrx_word' id='word_1_22' title='bbox 843 591 909 658; x_wconf 81' lang='grc' dir='ltr'>τῇ</span> <span class='ocrx_word' id='word_1_23' title='bbox 953 589 1196 660; x_wconf 82' lang='grc' dir='ltr'>Βηθλεὲμ</span> <span class='ocrx_word' id='word_1_24' title='bbox 1235 593 1328 644; x_wconf 81' lang='grc' dir='ltr'><strong>καὶ</strong></span> <span class='ocrx_word' id='word_1_25' title='bbox 1371 595 1503 645; x_wconf 77' lang='grc' dir='ltr'>πᾶσι</span> <span class='ocrx_word' id='word_1_26' title='bbox 1531 596 1646 658; x_wconf 80' lang='grc' dir='ltr'>,τοῖς</span> <span class='ocrx_word' id='word_1_27' title='bbox 1700 594 1869 666; x_wconf 81' lang='grc' dir='ltr'>ὁρίοις</span> 
     </span>
    </p>
   </div>
   <div class='ocr_carea' id='block_1_7' title="bbox 307 675 1868 751">
    <p class='ocr_par' dir='ltr' id='par_1_7' title="bbox 307 675 1868 751">
     <span class='ocr_line' id='line_1_7' title="bbox 307 675 1868 751; baseline 0.007 -25"><span class='ocrx_word' id='word_1_28' title='bbox 307 677 458 745; x_wconf 67' lang='grc' dir='ltr'>αὐτῆς</span> <span class='ocrx_word' id='word_1_29' title='bbox 491 675 594 727; x_wconf 75' lang='grc' dir='ltr'>ἀπὸ</span> <span class='ocrx_word' id='word_1_30' title='bbox 637 676 852 740; x_wconf 77' lang='grc' dir='ltr'>διετοῦς</span> <span class='ocrx_word' id='word_1_31' title='bbox 889 680 983 731; x_wconf 81' lang='grc' dir='ltr'><strong>καὶ</strong></span> <span class='ocrx_word' id='word_1_32' title='bbox 1014 681 1304 751; x_wconf 80' lang='grc' dir='ltr'>κατωτέρω</span> <span class='ocrx_word' id='word_1_33' title='bbox 1356 685 1553 746; x_wconf 82' lang='grc' dir='ltr'>παῖδας</span> <span class='ocrx_word' id='word_1_34' title='bbox 1585 685 1729 739; x_wconf 81' lang='grc' dir='ltr'><strong>κατὰ</strong></span> <span class='ocrx_word' id='word_1_35' title='bbox 1775 684 1868 738; x_wconf 86' lang='grc' dir='ltr'><strong>τὸν</strong></span> 
     </span>
    </p>
   </div>
   <div class='ocr_carea' id='block_1_8' title="bbox 307 767 1869 847">
    <p class='ocr_par' dir='ltr' id='par_1_8' title="bbox 307 767 1869 847">
     <span class='ocr_line' id='line_1_8' title="bbox 307 767 1869 847; baseline 0.005 -25"><span class='ocrx_word' id='word_1_36' title='bbox 307 767 736 839; x_wconf 75' lang='grc' dir='ltr'>ἀπηκριϐωμένον</span> <span class='ocrx_word' id='word_1_37' title='bbox 763 769 916 840; x_wconf 83' lang='grc' dir='ltr'>αὐτῷ</span> <span class='ocrx_word' id='word_1_38' title='bbox 941 771 1130 842; x_wconf 89' lang='grc' dir='ltr'>χρόνον</span> <span class='ocrx_word' id='word_1_39' title='bbox 1159 773 1306 844; x_wconf 79' lang='grc' dir='ltr'>παρὰ</span> <span class='ocrx_word' id='word_1_40' title='bbox 1338 775 1445 826; x_wconf 86' lang='grc' dir='ltr'><strong>τῶν</strong></span> <span class='ocrx_word' id='word_1_41' title='bbox 1479 777 1695 847; x_wconf 77' lang='grc' dir='ltr'>μάγων,</span> <span class='ocrx_word' id='word_1_42' title='bbox 1716 778 1869 830; x_wconf 84' lang='grc' dir='ltr'>ἀναι-</span> 
     </span>
    </p>
   </div>
   <div class='ocr_carea' id='block_1_9' title="bbox 309 860 1864 940">
    <p class='ocr_par' dir='ltr' id='par_1_9' title="bbox 309 860 1864 940">
     <span class='ocr_line' id='line_1_9' title="bbox 309 860 1864 940; baseline 0.006 -27"><span class='ocrx_word' id='word_1_43' title='bbox 309 860 508 932; x_wconf 72' lang='grc' dir='ltr'>ρεθῆναι</span> <span class='ocrx_word' id='word_1_44' title='bbox 556 861 905 931; x_wconf 74' lang='grc' dir='ltr'>προστάττει,</span> <span class='ocrx_word' id='word_1_45' title='bbox 963 863 1177 927; x_wconf 79' lang='grc' dir='ltr'>πάντως</span> <span class='ocrx_word' id='word_1_46' title='bbox 1220 882 1322 917; x_wconf 79' lang='grc' dir='ltr'><strong>που</strong></span> <span class='ocrx_word' id='word_1_47' title='bbox 1358 867 1450 919; x_wconf 81' lang='grc' dir='ltr'><strong>καὶ</strong></span> <span class='ocrx_word' id='word_1_48' title='bbox 1493 868 1582 922; x_wconf 72' lang='grc' dir='ltr'>τὸν</span> <span class='ocrx_word' id='word_1_49' title='bbox 1639 869 1864 940; x_wconf 77' lang='grc' dir='ltr'>Ἰησοῦν,</span> 
     </span>
    </p>
   </div>
   <div class='ocr_carea' id='block_1_10' title="bbox 306 947 1867 1028">
    <p class='ocr_par' dir='ltr' id='par_1_10' title="bbox 306 947 1867 1028">
     <span class='ocr_line' id='line_1_10' title="bbox 306 947 1867 1028; baseline 0.007 -25"><span class='ocrx_word' id='word_1_50' title='bbox 306 953 369 1014; x_wconf 77' lang='grc' dir='ltr'>ὡς</span> <span class='ocrx_word' id='word_1_51' title='bbox 396 967 453 1018; x_wconf 80' lang='grc' dir='ltr'><strong>γε</strong></span> <span class='ocrx_word' id='word_1_52' title='bbox 485 947 550 1020; x_wconf 76' lang='grc' dir='ltr'>ἦν</span> <span class='ocrx_word' id='word_1_53' title='bbox 573 952 742 1015; x_wconf 76' lang='grc' dir='ltr'>εἰκὸς,</span> <span class='ocrx_word' id='word_1_54' title='bbox 768 954 867 1024; x_wconf 84' lang='grc' dir='ltr'><strong>τῆς</strong></span> <span class='ocrx_word' id='word_1_55' title='bbox 895 954 1065 1024; x_wconf 78' lang='grc' dir='ltr'>αὐτῆς</span> <span class='ocrx_word' id='word_1_56' title='bbox 1089 959 1199 1018; x_wconf 84' lang='grc' dir='ltr'>τοῖς</span> <span class='ocrx_word' id='word_1_57' title='bbox 1220 956 1438 1028; x_wconf 82' lang='grc' dir='ltr'>δμήλιξι</span> <span class='ocrx_word' id='word_1_58' title='bbox 1467 961 1867 1014; x_wconf 84' lang='grc' dir='ltr'>συναπολαῦσαι</span> 
     </span>
    </p>
   </div>
   <div class='ocr_carea' id='block_1_11' title="bbox 309 1044 1866 1123">
    <p class='ocr_par' dir='ltr' id='par_1_11' title="bbox 309 1044 1866 1123">
     <span class='ocr_line' id='line_1_11' title="bbox 309 1044 1866 1123; baseline 0.005 -26"><span class='ocrx_word' id='word_1_59' title='bbox 309 1045 568 1113; x_wconf 58' lang='grc' dir='ltr'>σνμξορᾶς</span> <span class='ocrx_word' id='word_1_60' title='bbox 593 1044 859 1114; x_wconf 78' lang='grc' dir='ltr'>οἰόμενος.</span> <span class='ocrx_word' id='word_1_61' title='bbox 895 1048 1173 1117; x_wconf 78' lang='grc' dir='ltr'>Φθάνειγε</span> <span class='ocrx_word' id='word_1_62' title='bbox 1205 1049 1310 1121; x_wconf 80' lang='grc' dir='ltr'>μὴν</span> <span class='ocrx_word' id='word_1_63' title='bbox 1340 1049 1436 1120; x_wconf 82' lang='grc' dir='ltr'>τὴν</span> <span class='ocrx_word' id='word_1_64' title='bbox 1461 1051 1752 1123; x_wconf 80' lang='grc' dir='ltr'>ἐπιϐουλὴν</span> <span class='ocrx_word' id='word_1_65' title='bbox 1787 1055 1866 1117; x_wconf 79' lang='grc' dir='ltr'><strong>είς</strong></span> 
     </span>
    </p>
   </div>
   <div class='ocr_carea' id='block_1_12' title="bbox 305 1133 1864 1210">
    <p class='ocr_par' dir='ltr' id='par_1_12' title="bbox 305 1133 1864 1210">
     <span class='ocr_line' id='line_1_12' title="bbox 305 1133 1864 1210; baseline 0.007 -25"><span class='ocrx_word' id='word_1_66' title='bbox 305 1133 554 1200; x_wconf 71' lang='grc' dir='ltr'>Αἴγυπτον</span> <span class='ocrx_word' id='word_1_67' title='bbox 582 1133 957 1205; x_wconf 74' lang='grc' dir='ltr'><strong>διακομισθεὶς</strong></span> <span class='ocrx_word' id='word_1_68' title='bbox 984 1140 1011 1191; x_wconf 86' lang='grc' dir='ltr'>ὁ</span> <span class='ocrx_word' id='word_1_69' title='bbox 1037 1142 1186 1201; x_wconf 79' lang='grc' dir='ltr'>παῖς,</span> <span class='ocrx_word' id='word_1_70' title='bbox 1206 1139 1272 1191; x_wconf 81' lang='grc' dir='ltr'>δι’</span> <span class='ocrx_word' id='word_1_71' title='bbox 1291 1141 1609 1208; x_wconf 66' lang='grc' dir='ltr'>ἐπιφανείας</span> <span class='ocrx_word' id='word_1_72' title='bbox 1634 1142 1864 1210; x_wconf 79' lang='grc' dir='ltr'><strong>ἀγγέλου</strong></span> 
     </span>
    </p>
   </div>
   <div class='ocr_carea' id='block_1_13' title="bbox 303 1224 1866 1300">
    <p class='ocr_par' dir='ltr' id='par_1_13' title="bbox 303 1224 1866 1300">
     <span class='ocr_line' id='line_1_13' title="bbox 303 1224 1866 1300; baseline 0.007 -24"><span class='ocrx_word' id='word_1_73' title='bbox 303 1226 353 1276; x_wconf 59' lang='grc' dir='ltr'><strong>τέ</strong></span> <span class='ocrx_word' id='word_1_74' title='bbox 373 1224 551 1294; x_wconf 80' lang='grc' dir='ltr'>μέλλον</span> <span class='ocrx_word' id='word_1_75' title='bbox 576 1227 1083 1298; x_wconf 78' lang='grc' dir='ltr'>προμεμαθηκότων</span> <span class='ocrx_word' id='word_1_76' title='bbox 1104 1229 1269 1283; x_wconf 73' lang='grc' dir='ltr'>αὑτοῦ</span> <span class='ocrx_word' id='word_1_77' title='bbox 1299 1231 1404 1283; x_wconf 81' lang='grc' dir='ltr'><strong>τῶν</strong></span> <span class='ocrx_word' id='word_1_78' title='bbox 1437 1233 1658 1300; x_wconf 80' lang='grc' dir='ltr'>γονέων.</span> <span class='ocrx_word' id='word_1_79' title='bbox 1682 1233 1866 1287; x_wconf 75' lang='grc' dir='ltr'>Ταῦτα</span> 
     </span>
    </p>
   </div>
   <div class='ocr_carea' id='block_1_14' title="bbox 305 1313 1860 1397">
    <p class='ocr_par' dir='ltr' id='par_1_14' title="bbox 305 1313 1860 1397">
     <span class='ocr_line' id='line_1_14' title="bbox 305 1313 1860 1397; baseline 0.008 -30"><span class='ocrx_word' id='word_1_80' title='bbox 305 1316 389 1385; x_wconf 72' lang='grc' dir='ltr'><strong>μὲν</strong></span> <span class='ocrx_word' id='word_1_81' title='bbox 424 1313 512 1368; x_wconf 75' lang='grc' dir='ltr'>οὖν</span> <span class='ocrx_word' id='word_1_82' title='bbox 540 1319 634 1368; x_wconf 77' lang='grc' dir='ltr'><strong>καὶ</strong></span> <span class='ocrx_word' id='word_1_83' title='bbox 667 1319 698 1387; x_wconf 83' lang='grc' dir='ltr'><strong>ἡ</strong></span> <span class='ocrx_word' id='word_1_84' title='bbox 737 1318 858 1388; x_wconf 79' lang='grc' dir='ltr'>ἱερὰ</span> <span class='ocrx_word' id='word_1_85' title='bbox 885 1318 977 1372; x_wconf 79' lang='grc' dir='ltr'>τοῦ</span> <span class='ocrx_word' id='word_1_86' title='bbox 1021 1321 1355 1389; x_wconf 79' lang='grc' dir='ltr'>Εὐαγγελίου</span> <span class='ocrx_word' id='word_1_87' title='bbox 1391 1323 1628 1377; x_wconf 83' lang='grc' dir='ltr'><strong>διδάσκει</strong></span> <span class='ocrx_word' id='word_1_88' title='bbox 1655 1327 1860 1397; x_wconf 72' lang='grc' dir='ltr'>γραφή.</span> 
     </span>
    </p>
   </div>
   <div class='ocr_carea' id='block_1_15' title="bbox 305 1406 1862 1486">
    <p class='ocr_par' dir='ltr' id='par_1_15' title="bbox 305 1406 1862 1486">
     <span class='ocr_line' id='line_1_15' title="bbox 305 1406 1862 1486; baseline 0.008 -29"><span class='ocrx_word' id='word_1_89' title='bbox 305 1407 467 1470; x_wconf 81' lang='grc' dir='ltr'>Ἀξιον</span> <span class='ocrx_word' id='word_1_90' title='bbox 496 1406 538 1458; x_wconf 78' lang='grc' dir='ltr'>δ’</span> <span class='ocrx_word' id='word_1_91' title='bbox 564 1407 659 1459; x_wconf 75' lang='grc' dir='ltr'><strong>ἐπὶ</strong></span> <span class='ocrx_word' id='word_1_92' title='bbox 690 1407 899 1472; x_wconf 83' lang='grc' dir='ltr'>τούτοις</span> <span class='ocrx_word' id='word_1_93' title='bbox 928 1412 1155 1465; x_wconf 83' lang='grc' dir='ltr'>συνιδεῖν</span> <span class='ocrx_word' id='word_1_94' title='bbox 1174 1412 1466 1485; x_wconf 81' lang='grc' dir='ltr'>τάπίχειρα</span> <span class='ocrx_word' id='word_1_95' title='bbox 1489 1416 1588 1485; x_wconf 82' lang='grc' dir='ltr'>τῆς</span> <span class='ocrx_word' id='word_1_96' title='bbox 1625 1413 1862 1486; x_wconf 79' lang='grc' dir='ltr'>Ἡρώδου</span> 
     </span>
    </p>
   </div>
   <div class='ocr_carea' id='block_1_16' title="bbox 300 1498 1859 1580">
    <p class='ocr_par' dir='ltr' id='par_1_16' title="bbox 300 1498 1859 1580">
     <span class='ocr_line' id='line_1_16' title="bbox 300 1498 1859 1580; baseline 0.008 -31"><span class='ocrx_word' id='word_1_97' title='bbox 300 1498 422 1550; x_wconf 73' lang='grc' dir='ltr'>κατὰ</span> <span class='ocrx_word' id='word_1_98' title='bbox 451 1498 542 1551; x_wconf 79' lang='grc' dir='ltr'>τοῦ</span> <span class='ocrx_word' id='word_1_99' title='bbox 579 1500 820 1570; x_wconf 80' lang='grc' dir='ltr'>Χριστοῦ</span> <span class='ocrx_word' id='word_1_100' title='bbox 860 1503 952 1555; x_wconf 74' lang='grc' dir='ltr'><strong>καὶ</strong></span> <span class='ocrx_word' id='word_1_101' title='bbox 978 1503 1087 1555; x_wconf 81' lang='grc' dir='ltr'><strong>τῶν</strong></span> <span class='ocrx_word' id='word_1_102' title='bbox 1117 1505 1398 1573; x_wconf 76' lang='grc' dir='ltr'>ὁμηλίκων</span> <span class='ocrx_word' id='word_1_103' title='bbox 1430 1506 1578 1578; x_wconf 81' lang='grc' dir='ltr'>αὐτῷ</span> <span class='ocrx_word' id='word_1_104' title='bbox 1623 1507 1824 1580; x_wconf 82' lang='grc' dir='ltr'><strong>τόλμης</strong></span> <span class='ocrx_word' id='word_1_105' title='bbox 1845 1525 1859 1537; x_wconf 90' lang='grc'><strong>·</strong></span> 
     </span>
    </p>
   </div>
   <div class='ocr_carea' id='block_1_17' title="bbox 299 1589 1860 1670">
    <p class='ocr_par' dir='ltr' id='par_1_17' title="bbox 299 1589 1860 1670">
     <span class='ocr_line' id='line_1_17' title="bbox 299 1589 1860 1670; baseline 0.008 -30"><span class='ocrx_word' id='word_1_106' title='bbox 299 1589 363 1648; x_wconf 80' lang='grc' dir='ltr'>ὡς</span> <span class='ocrx_word' id='word_1_107' title='bbox 383 1592 693 1660; x_wconf 79' lang='grc' dir='ltr'>παραυτίκα</span> <span class='ocrx_word' id='word_1_108' title='bbox 726 1597 859 1668; x_wconf 78' lang='grc' dir='ltr'>μηδὲ</span> <span class='ocrx_word' id='word_1_109' title='bbox 892 1595 1128 1664; x_wconf 82' lang='grc' dir='ltr'>σμικρᾶς</span> <span class='ocrx_word' id='word_1_110' title='bbox 1155 1595 1423 1665; x_wconf 81' lang='grc' dir='ltr'>ἀναϐολῆς</span> <span class='ocrx_word' id='word_1_111' title='bbox 1438 1614 1664 1668; x_wconf 84' lang='grc' dir='ltr'>γεγεννη</span> <span class='ocrx_word' id='word_1_112' title='bbox 1675 1600 1860 1670; x_wconf 83' lang='grc' dir='ltr'>μένης,</span> 
     </span>
    </p>
   </div>
   <div class='ocr_carea' id='block_1_18' title="bbox 298 1681 1860 1763">
    <p class='ocr_par' dir='ltr' id='par_1_18' title="bbox 298 1681 1860 1763">
     <span class='ocr_line' id='line_1_18' title="bbox 298 1681 1860 1763; baseline 0.007 -29"><span class='ocrx_word' id='word_1_113' title='bbox 298 1681 460 1752; x_wconf 71' lang='grc' dir='ltr'>ή·θεία</span> <span class='ocrx_word' id='word_1_114' title='bbox 501 1682 626 1754; x_wconf 84' lang='grc' dir='ltr'>δίκη</span> <span class='ocrx_word' id='word_1_115' title='bbox 664 1685 923 1754; x_wconf 82' lang='grc' dir='ltr'>περιόντα</span> <span class='ocrx_word' id='word_1_116' title='bbox 952 1684 1026 1738; x_wconf 79' lang='grc' dir='ltr'><strong>ἔτ’</strong></span> <span class='ocrx_word' id='word_1_117' title='bbox 1058 1687 1219 1740; x_wconf 78' lang='grc' dir='ltr'>αὐτὸν</span> <span class='ocrx_word' id='word_1_118' title='bbox 1254 1687 1333 1759; x_wconf 84' lang='grc' dir='ltr'><strong>τῷ</strong></span> <span class='ocrx_word' id='word_1_119' title='bbox 1370 1689 1469 1760; x_wconf 85' lang='grc' dir='ltr'><strong>βίῳ</strong></span> <span class='ocrx_word' id='word_1_120' title='bbox 1501 1691 1860 1763; x_wconf 84' lang='grc' dir='ltr'>μετελήλυθε,</span> 
     </span>
    </p>
   </div>
   <div class='ocr_carea' id='block_1_19' title="bbox 294 1773 1860 1853">
    <p class='ocr_par' dir='ltr' id='par_1_19' title="bbox 294 1773 1860 1853">
     <span class='ocr_line' id='line_1_19' title="bbox 294 1773 1860 1853; baseline 0.008 -27"><span class='ocrx_word' id='word_1_121' title='bbox 294 1774 352 1827; x_wconf 76' lang='grc' dir='ltr'>τὰ</span> <span class='ocrx_word' id='word_1_122' title='bbox 378 1773 485 1826; x_wconf 82' lang='grc' dir='ltr'><strong>τῶν</strong></span> <span class='ocrx_word' id='word_1_123' title='bbox 531 1775 672 1846; x_wconf 88' lang='grc' dir='ltr'>μετὰ</span> <span class='ocrx_word' id='word_1_124' title='bbox 717 1775 817 1848; x_wconf 80' lang='grc' dir='ltr'>τὴν</span> <span class='ocrx_word' id='word_1_125' title='bbox 855 1777 1064 1830; x_wconf 79' lang='grc' dir='ltr'>ἐνθένδε</span> <span class='ocrx_word' id='word_1_126' title='bbox 1115 1779 1432 1852; x_wconf 82' lang='grc' dir='ltr'>ἀπαλλαγὴν</span> <span class='ocrx_word' id='word_1_127' title='bbox 1474 1781 1860 1853; x_wconf 81' lang='grc' dir='ltr'>διαδεξομένων</span> 
     </span>
    </p>
   </div>
   <div class='ocr_carea' id='block_1_20' title="bbox 298 1868 1860 1944">
    <p class='ocr_par' dir='ltr' id='par_1_20' title="bbox 298 1868 1860 1944">
     <span class='ocr_line' id='line_1_20' title="bbox 298 1868 1860 1944; baseline 0.005 -24"><span class='ocrx_word' id='word_1_128' title='bbox 298 1868 437 1920; x_wconf 74' lang='grc' dir='ltr'>αὐτὸν</span> <span class='ocrx_word' id='word_1_129' title='bbox 471 1869 853 1922; x_wconf 78' lang='grc' dir='ltr'>ἐπιδεικνύντα</span> <span class='ocrx_word' id='word_1_130' title='bbox 884 1870 1144 1941; x_wconf 81' lang='grc' dir='ltr'>προοίμια</span> <span class='ocrx_word' id='word_1_131' title='bbox 1199 1871 1328 1942; x_wconf 79' lang='grc'>(15).</span> <span class='ocrx_word' id='word_1_132' title='bbox 1369 1874 1455 1936; x_wconf 85' lang='grc' dir='ltr'>Ὠς</span> <span class='ocrx_word' id='word_1_133' title='bbox 1502 1873 1601 1944; x_wconf 77' lang='grc' dir='ltr'><strong>μὲν</strong></span> <span class='ocrx_word' id='word_1_134' title='bbox 1641 1870 1733 1927; x_wconf 81' lang='grc' dir='ltr'>οὖν</span> <span class='ocrx_word' id='word_1_135' title='bbox 1762 1876 1860 1940; x_wconf 76' lang='grc' dir='ltr'>τὰς</span> 
     </span>
    </p>
   </div>
   <div class='ocr_carea' id='block_1_21' title="bbox 295 1958 1863 2036">
    <p class='ocr_par' dir='ltr' id='par_1_21' title="bbox 295 1958 1863 2036">
     <span class='ocr_line' id='line_1_21' title="bbox 295 1958 1863 2036; baseline 0.005 -26"><span class='ocrx_word' id='word_1_136' title='bbox 295 1958 414 2011; x_wconf 76' lang='grc' dir='ltr'>κατὰ</span> <span class='ocrx_word' id='word_1_137' title='bbox 442 1960 543 2030; x_wconf 76' lang='grc' dir='ltr'>τὴν</span> <span class='ocrx_word' id='word_1_138' title='bbox 563 1960 838 2030; x_wconf 81' lang='grc' dir='ltr'>βασιλείαν</span> <span class='ocrx_word' id='word_1_139' title='bbox 857 1961 1006 2031; x_wconf 78' lang='grc' dir='ltr'>αὐτῷ</span> <span class='ocrx_word' id='word_1_140' title='bbox 1034 1962 1380 2032; x_wconf 86' lang='grc' dir='ltr'>νομισθείσας</span> <span class='ocrx_word' id='word_1_141' title='bbox 1399 1965 1722 2036; x_wconf 80' lang='grc' dir='ltr'>εὐπραγίας,</span> <span class='ocrx_word' id='word_1_142' title='bbox 1743 1969 1863 2031; x_wconf 85' lang='grc' dir='ltr'>ταῖς</span> 
     </span>
    </p>
   </div>
   <div class='ocr_carea' id='block_1_22' title="bbox 292 2047 1858 2129">
    <p class='ocr_par' dir='ltr' id='par_1_22' title="bbox 292 2047 1858 2129">
     <span class='ocr_line' id='line_1_22' title="bbox 292 2047 1858 2129; baseline 0.005 -28"><span class='ocrx_word' id='word_1_143' title='bbox 292 2049 416 2102; x_wconf 77' lang='grc' dir='ltr'><strong>κατά</strong></span> <span class='ocrx_word' id='word_1_144' title='bbox 457 2051 553 2104; x_wconf 77' lang='grc' dir='ltr'><strong>τὸν</strong></span> <span class='ocrx_word' id='word_1_145' title='bbox 605 2047 754 2104; x_wconf 83' lang='grc' dir='ltr'>οἷκον</span> <span class='ocrx_word' id='word_1_146' title='bbox 799 2051 1120 2123; x_wconf 81' lang='grc' dir='ltr'>ἐπαλλήλοις</span> <span class='ocrx_word' id='word_1_147' title='bbox 1177 2054 1476 2126; x_wconf 67' lang='grc' dir='ltr'>ἠμαύρωσε</span> <span class='ocrx_word' id='word_1_148' title='bbox 1533 2061 1858 2129; x_wconf 83' lang='grc' dir='ltr'>συμφοραῖς,</span> 
     </span>
    </p>
   </div>
   <div class='ocr_carea' id='block_1_23' title="bbox 288 2143 1862 2219">
    <p class='ocr_par' dir='ltr' id='par_1_23' title="bbox 288 2143 1862 2219">
     <span class='ocr_line' id='line_1_23' title="bbox 288 2143 1862 2219; baseline 0.004 -25"><span class='ocrx_word' id='word_1_149' title='bbox 288 2143 534 2210; x_wconf 77' lang='grc' dir='ltr'>γυναικὸς</span> <span class='ocrx_word' id='word_1_150' title='bbox 585 2145 680 2197; x_wconf 74' lang='grc' dir='ltr'><strong>καὶ</strong></span> <span class='ocrx_word' id='word_1_151' title='bbox 731 2144 937 2198; x_wconf 87' lang='grc' dir='ltr'>τέκνων</span> <span class='ocrx_word' id='word_1_152' title='bbox 971 2147 1065 2199; x_wconf 76' lang='grc' dir='ltr'><strong>καὶ</strong></span> <span class='ocrx_word' id='word_1_153' title='bbox 1108 2145 1216 2198; x_wconf 84' lang='grc' dir='ltr'><strong>τῶν</strong></span> <span class='ocrx_word' id='word_1_154' title='bbox 1246 2145 1446 2200; x_wconf 81' lang='grc' dir='ltr'>λοιπῶν</span> <span class='ocrx_word' id='word_1_155' title='bbox 1492 2146 1600 2200; x_wconf 81' lang='grc' dir='ltr'><strong>τῶν</strong></span> <span class='ocrx_word' id='word_1_156' title='bbox 1632 2148 1862 2219; x_wconf 82' lang='grc' dir='ltr'>μάλιστα</span> 
     </span>
    </p>
   </div>
   <div class='ocr_carea' id='block_1_24' title="bbox 285 2235 1862 2311">
    <p class='ocr_par' dir='ltr' id='par_1_24' title="bbox 285 2235 1862 2311">
     <span class='ocr_line' id='line_1_24' title="bbox 285 2235 1862 2311; baseline 0.004 -23"><span class='ocrx_word' id='word_1_157' title='bbox 285 2235 410 2305; x_wconf 75' lang='grc' dir='ltr'>πρὸς</span> <span class='ocrx_word' id='word_1_158' title='bbox 438 2237 636 2303; x_wconf 80' lang='grc' dir='ltr'>γένους</span> <span class='ocrx_word' id='word_1_159' title='bbox 664 2238 1108 2304; x_wconf 79' lang='grc' dir='ltr'>ἀναγκαιοτάτων</span> <span class='ocrx_word' id='word_1_160' title='bbox 1145 2256 1205 2290; x_wconf 87' lang='grc' dir='ltr'><strong>τε</strong></span> <span class='ocrx_word' id='word_1_161' title='bbox 1224 2241 1317 2291; x_wconf 83' lang='grc' dir='ltr'><strong>καὶ</strong></span> <span class='ocrx_word' id='word_1_162' title='bbox 1345 2239 1611 2308; x_wconf 78' lang='grc' dir='ltr'>φιλτάτων</span> <span class='ocrx_word' id='word_1_163' title='bbox 1645 2257 1862 2311; x_wconf 73' lang='grc' dir='ltr'>μιαιφο-</span> 
     </span>
    </p>
   </div>
   <div class='ocr_carea' id='block_1_25' title="bbox 285 2322 1860 2405">
    <p class='ocr_par' dir='ltr' id='par_1_25' title="bbox 285 2322 1860 2405">
     <span class='ocr_line' id='line_1_25' title="bbox 285 2322 1860 2405; baseline 0.004 -25"><span class='ocrx_word' id='word_1_164' title='bbox 285 2328 440 2390; x_wconf 73' lang='grc' dir='ltr'>νίαις,</span> <span class='ocrx_word' id='word_1_165' title='bbox 488 2328 614 2380; x_wconf 77' lang='grc' dir='ltr'>οὐδὲ</span> <span class='ocrx_word' id='word_1_166' title='bbox 661 2322 772 2382; x_wconf 78' lang='grc' dir='ltr'>οἶόν</span> <span class='ocrx_word' id='word_1_167' title='bbox 817 2346 876 2381; x_wconf 88' lang='grc' dir='ltr'><strong>τε</strong></span> <span class='ocrx_word' id='word_1_168' title='bbox 911 2329 1005 2382; x_wconf 79' lang='grc' dir='ltr'>νῦν</span> <span class='ocrx_word' id='word_1_169' title='bbox 1052 2329 1375 2398; x_wconf 81' lang='grc' dir='ltr'>καταλέγειν</span> <span class='ocrx_word' id='word_1_170' title='bbox 1417 2331 1550 2399; x_wconf 75' lang='grc'><strong>(16),</strong></span> <span class='ocrx_word' id='word_1_171' title='bbox 1597 2333 1860 2405; x_wconf 86' lang='grc' dir='ltr'>τραγικὴν</span> 
     </span>
    </p>
   </div>
   <div class='ocr_carea' id='block_1_26' title="bbox 283 2418 1858 2494">
    <p class='ocr_par' dir='ltr' id='par_1_26' title="bbox 283 2418 1858 2494">
     <span class='ocr_line' id='line_1_26' title="bbox 283 2418 1858 2494; baseline 0.004 -23"><span class='ocrx_word' id='word_1_172' title='bbox 283 2418 494 2471; x_wconf 78' lang='grc' dir='ltr'>ἃπασαν</span> <span class='ocrx_word' id='word_1_173' title='bbox 527 2419 974 2492; x_wconf 82' lang='grc' dir='ltr'>δραματουργὶαν</span> <span class='ocrx_word' id='word_1_174' title='bbox 1007 2419 1431 2491; x_wconf 82' lang='grc' dir='ltr'>ἐπισκιαζούσης</span> <span class='ocrx_word' id='word_1_175' title='bbox 1452 2422 1554 2491; x_wconf 72' lang='grc' dir='ltr'>τῆς</span> <span class='ocrx_word' id='word_1_176' title='bbox 1587 2424 1713 2494; x_wconf 75' lang='grc' dir='ltr'>περὶ</span> <span class='ocrx_word' id='word_1_177' title='bbox 1733 2424 1858 2477; x_wconf 88' lang='grc' dir='ltr'>τού-</span> 
     </span>
    </p>
   </div>
   <div class='ocr_carea' id='block_1_27' title="bbox 281 2510 1860 2583">
    <p class='ocr_par' dir='ltr' id='par_1_27' title="bbox 281 2510 1860 2583">
     <span class='ocr_line' id='line_1_27' title="bbox 281 2510 1860 2583; baseline 0.005 -21"><span class='ocrx_word' id='word_1_178' title='bbox 281 2527 380 2562; x_wconf 88' lang='grc' dir='ltr'><strong>των</strong></span> <span class='ocrx_word' id='word_1_179' title='bbox 409 2510 741 2574; x_wconf 58' lang='grc' dir='ltr'>ύποθέτπως,</span> <span class='ocrx_word' id='word_1_180' title='bbox 769 2513 836 2583; x_wconf 82' lang='grc' dir='ltr'>ἢν</span> <span class='ocrx_word' id='word_1_181' title='bbox 859 2516 938 2576; x_wconf 84' lang='grc' dir='ltr'>εἰς</span> <span class='ocrx_word' id='word_1_182' title='bbox 959 2514 1160 2576; x_wconf 82' lang='grc' dir='ltr'>πλάτος</span> <span class='ocrx_word' id='word_1_183' title='bbox 1186 2515 1244 2566; x_wconf 86' lang='grc' dir='ltr'><strong>ἐν</strong></span> <span class='ocrx_word' id='word_1_184' title='bbox 1259 2516 1379 2576; x_wconf 83' lang='grc' dir='ltr'>ταῖς</span> <span class='ocrx_word' id='word_1_185' title='bbox 1397 2515 1688 2568; x_wconf 85' lang='grc' dir='ltr'>κατάύτὸν</span> <span class='ocrx_word' id='word_1_186' title='bbox 1719 2517 1860 2573; x_wconf 81' lang='grc' dir='ltr'>ἱστο-</span> 
     </span>
    </p>
   </div>
   <div class='ocr_carea' id='block_1_28' title="bbox 283 2592 1854 2678">
    <p class='ocr_par' dir='ltr' id='par_1_28' title="bbox 283 2592 1854 2678">
     <span class='ocr_line' id='line_1_28' title="bbox 283 2592 1854 2678; baseline 0.006 -25"><span class='ocrx_word' id='word_1_187' title='bbox 283 2602 421 2673; x_wconf 79' lang='grc' dir='ltr'>ρίαις</span> <span class='ocrx_word' id='word_1_188' title='bbox 453 2605 482 2655; x_wconf 88' lang='grc' dir='ltr'>ὁ</span> <span class='ocrx_word' id='word_1_189' title='bbox 530 2603 792 2674; x_wconf 80' lang='grc' dir='ltr'>Ἰώσηπος</span> <span class='ocrx_word' id='word_1_190' title='bbox 817 2604 1140 2676; x_wconf 79' lang='grc' dir='ltr'>διελήλυθεν.</span> <span class='ocrx_word' id='word_1_191' title='bbox 1180 2608 1266 2670; x_wconf 88' lang='grc' dir='ltr'>Ὡς</span> <span class='ocrx_word' id='word_1_192' title='bbox 1291 2606 1334 2660; x_wconf 83' lang='grc' dir='ltr'>δ’</span> <span class='ocrx_word' id='word_1_193' title='bbox 1363 2607 1478 2677; x_wconf 80' lang='grc' dir='ltr'><strong>ἅμα</strong></span> <span class='ocrx_word' id='word_1_194' title='bbox 1497 2592 1566 2678; x_wconf 79' lang='grc' dir='ltr'>τῇ</span> <span class='ocrx_word' id='word_1_195' title='bbox 1596 2608 1737 2662; x_wconf 83' lang='grc' dir='ltr'>κατὰ</span> <span class='ocrx_word' id='word_1_196' title='bbox 1763 2607 1854 2662; x_wconf 75' lang='grc' dir='ltr'>τοῦ</span> 
     </span>
    </p>
   </div>
   <div class='ocr_carea' id='block_1_29' title="bbox 277 2696 1852 2775">
    <p class='ocr_par' dir='ltr' id='par_1_29' title="bbox 277 2696 1852 2775">
     <span class='ocr_line' id='line_1_29' title="bbox 277 2696 1852 2775; baseline 0.005 -27"><span class='ocrx_word' id='word_1_197' title='bbox 277 2696 527 2769; x_wconf 78' lang='grc' dir='ltr'>Σωτῆρος</span> <span class='ocrx_word' id='word_1_198' title='bbox 557 2697 714 2768; x_wconf 78' lang='grc' dir='ltr'>ἡμῶν</span> <span class='ocrx_word' id='word_1_199' title='bbox 742 2700 837 2752; x_wconf 69' lang='grc' dir='ltr'><strong>καὶ</strong></span> <span class='ocrx_word' id='word_1_200' title='bbox 865 2699 973 2752; x_wconf 86' lang='grc' dir='ltr'><strong>τῶν</strong></span> <span class='ocrx_word' id='word_1_201' title='bbox 998 2699 1172 2753; x_wconf 81' lang='grc' dir='ltr'>ἄλλων</span> <span class='ocrx_word' id='word_1_202' title='bbox 1203 2699 1411 2770; x_wconf 87' lang='grc' dir='ltr'>νηπίων</span> <span class='ocrx_word' id='word_1_203' title='bbox 1436 2699 1702 2774; x_wconf 69' lang='grc' dir='ltr'>ἐπιϐουλῇ</span> <span class='ocrx_word' id='word_1_204' title='bbox 1720 2700 1852 2775; x_wconf 85' lang='grc' dir='ltr'><strong>(Π),</strong></span> 
     </span>
    </p>
   </div>
   <div class='ocr_carea' id='block_1_30' title="bbox 343 2855 1855 2929">
    <p class='ocr_par' dir='ltr' id='par_1_30' title="bbox 343 2855 1855 2929">
     <span class='ocr_line' id='line_1_30' title="bbox 343 2855 1855 2929; baseline 0.005 -20"><span class='ocrx_word' id='word_1_205' title='bbox 343 2855 456 2926; x_wconf 80' lang='grc'><strong>(15)</strong></span> <span class='ocrx_word' id='word_1_206' title='bbox 524 2859 978 2914; x_wconf 74' lang='grc' dir='ltr'>Ἔπιδεικνύντα</span> <span class='ocrx_word' id='word_1_207' title='bbox 1040 2861 1336 2929; x_wconf 85' lang='grc' dir='ltr'>προοίμια.</span> <span class='ocrx_word' id='word_1_208' title='bbox 1393 2860 1518 2915; x_wconf 72' lang='lat' dir='ltr'><strong>llrcc</strong></span> <span class='ocrx_word' id='word_1_209' title='bbox 1575 2868 1658 2915; x_wconf 89' lang='lat' dir='ltr'><strong>est</strong></span> <span class='ocrx_word' id='word_1_210' title='bbox 1695 2859 1855 2917; x_wconf 78' lang='lat' dir='ltr'><strong>lectio</strong></span> 
     </span>
    </p>
   </div>
   <div class='ocr_carea' id='block_1_31' title="bbox 275 2929 1855 2999">
    <p class='ocr_par' dir='ltr' id='par_1_31' title="bbox 275 2929 1855 2999">
     <span class='ocr_line' id='line_1_31' title="bbox 275 2929 1855 2999; baseline 0.003 -17"><span class='ocrx_word' id='word_1_211' title='bbox 275 2931 481 2982; x_wconf 73' lang='lat' dir='ltr'><strong>Ctltllt&#39;ls</strong></span> <span class='ocrx_word' id='word_1_212' title='bbox 523 2929 697 2996; x_wconf 70' lang='lat' dir='ltr'><strong>Regii,</strong></span> <span class='ocrx_word' id='word_1_213' title='bbox 726 2946 888 2999; x_wconf 90' lang='lat' dir='ltr'><strong>quam</strong></span> <span class='ocrx_word' id='word_1_214' title='bbox 919 2931 1056 2984; x_wconf 81' lang='lat' dir='ltr'><strong>Rob.</strong></span> <span class='ocrx_word' id='word_1_215' title='bbox 1089 2931 1400 2999; x_wconf 85' lang='lat' dir='ltr'><strong>Stephanus</strong></span> <span class='ocrx_word' id='word_1_216' title='bbox 1429 2933 1721 2999; x_wconf 82' lang='lat' dir='ltr'><strong>expressit,</strong></span> <span class='ocrx_word' id='word_1_217' title='bbox 1755 2947 1855 2987; x_wconf 91' lang='lat' dir='ltr'><strong>nec</strong></span> 
     </span>
    </p>
   </div>
   <div class='ocr_carea' id='block_1_32' title="bbox 273 3000 1857 3067">
    <p class='ocr_par' dir='ltr' id='par_1_32' title="bbox 273 3000 1857 3067">
     <span class='ocr_line' id='line_1_32' title="bbox 273 3000 1857 3067; baseline 0.002 -15"><span class='ocrx_word' id='word_1_218' title='bbox 273 3015 366 3052; x_wconf 85' lang='lat' dir='ltr'><strong>nos</strong></span> <span class='ocrx_word' id='word_1_219' title='bbox 397 3000 756 3066; x_wconf 86' lang='lat' dir='ltr'><strong>rejiciendam</strong></span> <span class='ocrx_word' id='word_1_220' title='bbox 783 3016 902 3054; x_wconf 89' lang='lat' dir='ltr'><strong>esse</strong></span> <span class='ocrx_word' id='word_1_221' title='bbox 927 3001 1252 3054; x_wconf 85' lang='lat' dir='ltr'><strong>censuimus.</strong></span> <span class='ocrx_word' id='word_1_222' title='bbox 1283 3000 1524 3056; x_wconf 86' lang='lat' dir='ltr'><strong>Herodes</strong></span> <span class='ocrx_word' id='word_1_223' title='bbox 1552 3002 1717 3065; x_wconf 88' lang='lat' dir='ltr'><strong>enim,</strong></span> <span class='ocrx_word' id='word_1_224' title='bbox 1741 3009 1857 3067; x_wconf 70' lang='lat' dir='ltr'><strong>gra-</strong></span> 
     </span>
    </p>
   </div>
   <div class='ocr_carea' id='block_1_33' title="bbox 272 3070 1855 3138">
    <p class='ocr_par' dir='ltr' id='par_1_33' title="bbox 272 3070 1855 3138">
     <span class='ocr_line' id='line_1_33' title="bbox 272 3070 1855 3138; baseline 0.004 -20"><span class='ocrx_word' id='word_1_225' title='bbox 272 3070 498 3121; x_wconf 84' lang='lat' dir='ltr'><strong>vissimo</strong></span> <span class='ocrx_word' id='word_1_226' title='bbox 530 3085 822 3136; x_wconf 71' lang='lat' dir='ltr'><strong>oppressus</strong></span> <span class='ocrx_word' id='word_1_227' title='bbox 851 3072 1060 3132; x_wconf 85' lang='lat' dir='ltr'><strong>morbo,</strong></span> <span class='ocrx_word' id='word_1_228' title='bbox 1100 3072 1378 3138; x_wconf 71' lang='lat' dir='ltr'><strong>t‘lrgnnlt‘l‘</strong></span> <span class='ocrx_word' id='word_1_229' title='bbox 1416 3071 1613 3124; x_wconf 90' lang='lat' dir='ltr'><strong>dicitur</strong></span> <span class='ocrx_word' id='word_1_230' title='bbox 1656 3071 1855 3125; x_wconf 84' lang='grc' dir='ltr'>ἐπιδει-</span> 
     </span>
    </p>
   </div>
   <div class='ocr_carea' id='block_1_34' title="bbox 269 3137 1853 3210">
    <p class='ocr_par' dir='ltr' id='par_1_34' title="bbox 269 3137 1853 3210">
     <span class='ocr_line' id='line_1_34' title="bbox 269 3137 1853 3210; baseline 0.003 -19"><span class='ocrx_word' id='word_1_231' title='bbox 269 3137 454 3191; x_wconf 82' lang='grc' dir='ltr'>κνύειν</span> <span class='ocrx_word' id='word_1_232' title='bbox 482 3139 555 3190; x_wconf 76' lang='grc' dir='ltr'>τὰ</span> <span class='ocrx_word' id='word_1_233' title='bbox 583 3139 844 3210; x_wconf 82' lang='grc' dir='ltr'>προοίμια</span> <span class='ocrx_word' id='word_1_234' title='bbox 870 3140 978 3192; x_wconf 85' lang='grc' dir='ltr'><strong>τῶν</strong></span> <span class='ocrx_word' id='word_1_235' title='bbox 1010 3139 1146 3210; x_wconf 84' lang='grc' dir='ltr'><strong>μετά</strong></span> <span class='ocrx_word' id='word_1_236' title='bbox 1174 3137 1423 3205; x_wconf 79' lang='grc' dir='ltr'>θάνατον,</span> <span class='ocrx_word' id='word_1_237' title='bbox 1449 3142 1497 3195; x_wconf 94' lang='lat' dir='ltr'><strong>id</strong></span> <span class='ocrx_word' id='word_1_238' title='bbox 1535 3151 1639 3201; x_wconf 87' lang='lat' dir='ltr'><strong>est,</strong></span> <span class='ocrx_word' id='word_1_239' title='bbox 1670 3143 1853 3209; x_wconf 83' lang='lat' dir='ltr'><strong>profu-</strong></span> 
     </span>
    </p>
   </div>
   <div class='ocr_carea' id='block_1_35' title="bbox 1973 594 3540 665">
    <p class='ocr_par' dir='ltr' id='par_1_35' title="bbox 1973 594 3540 665">
     <span class='ocr_line' id='line_1_35' title="bbox 1973 594 3540 665; baseline 0.004 -18"><span class='ocrx_word' id='word_1_240' title='bbox 1973 602 2145 657; x_wconf 86' lang='lat' dir='ltr'><strong>xerat,</strong></span> <span class='ocrx_word' id='word_1_241' title='bbox 2207 594 2391 648; x_wconf 90' lang='lat' dir='ltr'><strong>statim</strong></span> <span class='ocrx_word' id='word_1_242' title='bbox 2447 608 2635 648; x_wconf 88' lang='lat' dir='ltr'><strong>omnes</strong></span> <span class='ocrx_word' id='word_1_243' title='bbox 2694 610 2895 665; x_wconf 85' lang='lat' dir='ltr'><strong>pueros</strong></span> <span class='ocrx_word' id='word_1_244' title='bbox 2949 596 3126 650; x_wconf 90' lang='lat' dir='ltr'><strong>adhuc</strong></span> <span class='ocrx_word' id='word_1_245' title='bbox 3177 595 3443 650; x_wconf 83' lang='lat' dir='ltr'><strong>lactentes</strong></span> <span class='ocrx_word' id='word_1_246' title='bbox 3487 599 3540 653; x_wconf 90' lang='lat' dir='ltr'><strong>in</strong></span> 
     </span>
    </p>
   </div>
   <div class='ocr_carea' id='block_1_36' title="bbox 1972 683 3542 760">
    <p class='ocr_par' dir='ltr' id='par_1_36' title="bbox 1972 683 3542 760">
     <span class='ocr_line' id='line_1_36' title="bbox 1972 683 3542 760; baseline 0.001 -22"><span class='ocrx_word' id='word_1_247' title='bbox 1972 683 2310 751; x_wconf 82' lang='lat' dir='ltr'><strong>Bctltlehem,</strong></span> <span class='ocrx_word' id='word_1_248' title='bbox 2349 694 2404 739; x_wconf 92' lang='lat' dir='ltr'><strong>et</strong></span> <span class='ocrx_word' id='word_1_249' title='bbox 2437 687 2488 738; x_wconf 93' lang='lat' dir='ltr'><strong>in</strong></span> <span class='ocrx_word' id='word_1_250' title='bbox 2524 688 2885 741; x_wconf 86' lang='lat' dir='ltr'><strong>conterminis</strong></span> <span class='ocrx_word' id='word_1_251' title='bbox 2923 687 3054 742; x_wconf 90' lang='lat' dir='ltr'><strong>locis</strong></span> <span class='ocrx_word' id='word_1_252' title='bbox 3109 704 3138 742; x_wconf 89' lang='lat' dir='ltr'><strong>a</strong></span> <span class='ocrx_word' id='word_1_253' title='bbox 3180 689 3338 742; x_wconf 83' lang='lat' dir='ltr'><strong>bimis</strong></span> <span class='ocrx_word' id='word_1_254' title='bbox 3371 705 3542 760; x_wconf 81' lang='lat' dir='ltr'><strong>usque</strong></span> 
     </span>
    </p>
   </div>
   <div class='ocr_carea' id='block_1_37' title="bbox 1969 774 3540 847">
    <p class='ocr_par' dir='ltr' id='par_1_37' title="bbox 1969 774 3540 847">
     <span class='ocr_line' id='line_1_37' title="bbox 1969 774 3540 847; baseline 0.006 -22"><span class='ocrx_word' id='word_1_255' title='bbox 1969 774 2034 826; x_wconf 90' lang='lat' dir='ltr'><strong>ad</strong></span> <span class='ocrx_word' id='word_1_256' title='bbox 2063 775 2432 829; x_wconf 86' lang='lat' dir='ltr'><strong>recentissitnc</strong></span> <span class='ocrx_word' id='word_1_257' title='bbox 2450 785 2604 828; x_wconf 87' lang='lat' dir='ltr'><strong>natos</strong></span> <span class='ocrx_word' id='word_1_258' title='bbox 2635 778 2932 831; x_wconf 88' lang='lat' dir='ltr'><strong>secundum</strong></span> <span class='ocrx_word' id='word_1_259' title='bbox 2962 779 3330 847; x_wconf 85' lang='lat' dir='ltr'><strong>tempus-quod</strong></span> <span class='ocrx_word' id='word_1_260' title='bbox 3367 795 3395 832; x_wconf 88' lang='lat' dir='ltr'><strong>a</strong></span> <span class='ocrx_word' id='word_1_261' title='bbox 3422 796 3540 834; x_wconf 85' lang='lat' dir='ltr'><strong>ma-</strong></span> 
     </span>
    </p>
   </div>
   <div class='ocr_carea' id='block_1_38' title="bbox 1969 864 3540 940">
    <p class='ocr_par' dir='ltr' id='par_1_38' title="bbox 1969 864 3540 940">
     <span class='ocr_line' id='line_1_38' title="bbox 1969 864 3540 940; baseline 0.004 -24"><span class='ocrx_word' id='word_1_262' title='bbox 1969 864 2050 934; x_wconf 81' lang='lat' dir='ltr'><strong>gis</strong></span> <span class='ocrx_word' id='word_1_263' title='bbox 2075 865 2366 935; x_wconf 79' lang='lat' dir='ltr'><strong>diligenter</strong></span> <span class='ocrx_word' id='word_1_264' title='bbox 2403 868 2778 937; x_wconf 87' lang='lat' dir='ltr'><strong>inquisiverat,</strong></span> <span class='ocrx_word' id='word_1_265' title='bbox 2815 885 2922 922; x_wconf 93' lang='lat' dir='ltr'><strong>uno</strong></span> <span class='ocrx_word' id='word_1_266' title='bbox 2966 870 3145 923; x_wconf 89' lang='lat' dir='ltr'><strong>edicto</strong></span> <span class='ocrx_word' id='word_1_267' title='bbox 3187 871 3417 924; x_wconf 89' lang='lat' dir='ltr'><strong>interfici</strong></span> <span class='ocrx_word' id='word_1_268' title='bbox 3452 871 3540 940; x_wconf 84' lang='lat' dir='ltr'><strong>ju-</strong></span> 
     </span>
    </p>
   </div>
   <div class='ocr_carea' id='block_1_39' title="bbox 1970 955 3541 1030">
    <p class='ocr_par' dir='ltr' id='par_1_39' title="bbox 1970 955 3541 1030">
     <span class='ocr_line' id='line_1_39' title="bbox 1970 955 3541 1030; baseline 0.004 -20"><span class='ocrx_word' id='word_1_269' title='bbox 1970 958 2078 1010; x_wconf 90' lang='lat' dir='ltr'><strong>bet.</strong></span> <span class='ocrx_word' id='word_1_270' title='bbox 2128 955 2310 1011; x_wconf 84' lang='lat' dir='ltr'><strong>Jesum</strong></span> <span class='ocrx_word' id='word_1_271' title='bbox 2348 960 2545 1028; x_wconf 91' lang='lat' dir='ltr'><strong>quippe</strong></span> <span class='ocrx_word' id='word_1_272' title='bbox 2590 961 2777 1013; x_wconf 88' lang='lat' dir='ltr'><strong>eadem</strong></span> <span class='ocrx_word' id='word_1_273' title='bbox 2830 976 2949 1015; x_wconf 90' lang='lat' dir='ltr'><strong>cum</strong></span> <span class='ocrx_word' id='word_1_274' title='bbox 2995 961 3290 1030; x_wconf 81' lang='lat' dir='ltr'><strong>:rqualibus</strong></span> <span class='ocrx_word' id='word_1_275' title='bbox 3314 963 3446 1028; x_wconf 88' lang='lat' dir='ltr'><strong>suis,</strong></span> <span class='ocrx_word' id='word_1_276' title='bbox 3483 971 3541 1016; x_wconf 91' lang='lat' dir='ltr'><strong>ut</strong></span> 
     </span>
    </p>
   </div>
   <div class='ocr_carea' id='block_1_40' title="bbox 1968 1049 3541 1122">
    <p class='ocr_par' dir='ltr' id='par_1_40' title="bbox 1968 1049 3541 1122">
     <span class='ocr_line' id='line_1_40' title="bbox 1968 1049 3541 1122; baseline 0.004 -22"><span class='ocrx_word' id='word_1_277' title='bbox 1968 1055 2085 1100; x_wconf 89' lang='lat' dir='ltr'><strong>crat</strong></span> <span class='ocrx_word' id='word_1_278' title='bbox 2125 1049 2457 1112; x_wconf 80' lang='lat' dir='ltr'><strong>verisimile,</strong></span> <span class='ocrx_word' id='word_1_279' title='bbox 2495 1051 2804 1104; x_wconf 77' lang='lat' dir='ltr'><strong>calamitate</strong></span> <span class='ocrx_word' id='word_1_280' title='bbox 2849 1052 3223 1106; x_wconf 87' lang='lat' dir='ltr'><strong>involvendum</strong></span> <span class='ocrx_word' id='word_1_281' title='bbox 3267 1069 3385 1106; x_wconf 86' lang='lat' dir='ltr'><strong>esse</strong></span> <span class='ocrx_word' id='word_1_282' title='bbox 3419 1070 3541 1122; x_wconf 87' lang='lat' dir='ltr'><strong>spc-</strong></span> 
     </span>
    </p>
   </div>
   <div class='ocr_carea' id='block_1_41' title="bbox 1969 1139 3540 1214">
    <p class='ocr_par' dir='ltr' id='par_1_41' title="bbox 1969 1139 3540 1214">
     <span class='ocr_line' id='line_1_41' title="bbox 1969 1139 3540 1214; baseline 0.006 -24"><span class='ocrx_word' id='word_1_283' title='bbox 1969 1139 2146 1194; x_wconf 87' lang='lat' dir='ltr'><strong>rabat.</strong></span> <span class='ocrx_word' id='word_1_284' title='bbox 2184 1139 2289 1194; x_wconf 91' lang='lat' dir='ltr'><strong>Sed</strong></span> <span class='ocrx_word' id='word_1_285' title='bbox 2325 1139 2550 1195; x_wconf 82' lang='lat' dir='ltr'><strong>insidias</strong></span> <span class='ocrx_word' id='word_1_286' title='bbox 2588 1144 2732 1211; x_wconf 82' lang='lat' dir='ltr'><strong>regis</strong></span> <span class='ocrx_word' id='word_1_287' title='bbox 2762 1145 3042 1212; x_wconf 79' lang='lat' dir='ltr'><strong>praevertit</strong></span> <span class='ocrx_word' id='word_1_288' title='bbox 3069 1160 3202 1214; x_wconf 90' lang='lat' dir='ltr'><strong>puer</strong></span> <span class='ocrx_word' id='word_1_289' title='bbox 3227 1154 3540 1211; x_wconf 81' lang='lat' dir='ltr'><strong>asportatus</strong></span> 
     </span>
    </p>
   </div>
   <div class='ocr_carea' id='block_1_42' title="bbox 1968 1226 3538 1305">
    <p class='ocr_par' dir='ltr' id='par_1_42' title="bbox 1968 1226 3538 1305">
     <span class='ocr_line' id='line_1_42' title="bbox 1968 1226 3538 1305; baseline 0.006 -25"><span class='ocrx_word' id='word_1_290' title='bbox 1968 1227 2020 1280; x_wconf 91' lang='lat' dir='ltr'><strong>in</strong></span> <span class='ocrx_word' id='word_1_291' title='bbox 2045 1226 2333 1298; x_wconf 68' lang='lat' dir='ltr'><strong>Egyptum</strong></span> <span class='ocrx_word' id='word_1_292' title='bbox 2361 1245 2390 1284; x_wconf 93' lang='lat' dir='ltr'><strong>a</strong></span> <span class='ocrx_word' id='word_1_293' title='bbox 2434 1233 2775 1300; x_wconf 87' lang='lat' dir='ltr'><strong>parentibus,</strong></span> <span class='ocrx_word' id='word_1_294' title='bbox 2810 1235 3012 1300; x_wconf 89' lang='lat' dir='ltr'><strong>quibus</strong></span> <span class='ocrx_word' id='word_1_295' title='bbox 3053 1250 3323 1305; x_wconf 89' lang='lat' dir='ltr'><strong>apparens</strong></span> <span class='ocrx_word' id='word_1_296' title='bbox 3373 1251 3538 1304; x_wconf 80' lang='lat' dir='ltr'><strong>ange-</strong></span> 
     </span>
    </p>
   </div>
   <div class='ocr_carea' id='block_1_43' title="bbox 1967 1318 3537 1396">
    <p class='ocr_par' dir='ltr' id='par_1_43' title="bbox 1967 1318 3537 1396">
     <span class='ocr_line' id='line_1_43' title="bbox 1967 1318 3537 1396; baseline 0.005 -24"><span class='ocrx_word' id='word_1_297' title='bbox 1967 1318 2052 1373; x_wconf 88' lang='lat' dir='ltr'><strong>lus</strong></span> <span class='ocrx_word' id='word_1_298' title='bbox 2095 1335 2206 1374; x_wconf 90' lang='lat' dir='ltr'><strong>rem</strong></span> <span class='ocrx_word' id='word_1_299' title='bbox 2240 1336 2456 1376; x_wconf 91' lang='lat' dir='ltr'><strong>omnem</strong></span> <span class='ocrx_word' id='word_1_300' title='bbox 2494 1335 2804 1391; x_wconf 87' lang='lat' dir='ltr'><strong>aperuerat.</strong></span> <span class='ocrx_word' id='word_1_301' title='bbox 2846 1326 2913 1379; x_wconf 87' lang='lat' dir='ltr'><strong>Et</strong></span> <span class='ocrx_word' id='word_1_302' title='bbox 2964 1327 3081 1380; x_wconf 82' lang='lat' dir='ltr'><strong>haec</strong></span> <span class='ocrx_word' id='word_1_303' title='bbox 3129 1329 3347 1396; x_wconf 82' lang='lat' dir='ltr'><strong>quidem</strong></span> <span class='ocrx_word' id='word_1_304' title='bbox 3385 1343 3537 1382; x_wconf 70' lang='lat' dir='ltr'><strong>sacer</strong></span> 
     </span>
    </p>
   </div>
   <div class='ocr_carea' id='block_1_44' title="bbox 1967 1410 3536 1488">
    <p class='ocr_par' dir='ltr' id='par_1_44' title="bbox 1967 1410 3536 1488">
     <span class='ocr_line' id='line_1_44' title="bbox 1967 1410 3536 1488; baseline 0.008 -26"><span class='ocrx_word' id='word_1_305' title='bbox 1967 1410 2247 1480; x_wconf 82' lang='lat' dir='ltr'><strong>Evangelii</strong></span> <span class='ocrx_word' id='word_1_306' title='bbox 2283 1426 2466 1467; x_wconf 84' lang='lat' dir='ltr'><strong>sermo</strong></span> <span class='ocrx_word' id='word_1_307' title='bbox 2489 1414 2758 1471; x_wconf 83' lang='lat' dir='ltr'><strong>declarat.</strong></span> <span class='ocrx_word' id='word_1_308' title='bbox 2782 1415 2900 1470; x_wconf 81' lang='lat' dir='ltr'><strong>Jam</strong></span> <span class='ocrx_word' id='word_1_309' title='bbox 2930 1433 3057 1471; x_wconf 89' lang='lat' dir='ltr'><strong>vero</strong></span> <span class='ocrx_word' id='word_1_310' title='bbox 3087 1434 3265 1487; x_wconf 72' lang='lat' dir='ltr'><strong>opera:</strong></span> <span class='ocrx_word' id='word_1_311' title='bbox 3297 1422 3536 1488; x_wconf 80' lang='lat' dir='ltr'><strong>pretium</strong></span> 
     </span>
    </p>
   </div>
   <div class='ocr_carea' id='block_1_45' title="bbox 1966 1501 3534 1574">
    <p class='ocr_par' dir='ltr' id='par_1_45' title="bbox 1966 1501 3534 1574">
     <span class='ocr_line' id='line_1_45' title="bbox 1966 1501 3534 1574; baseline 0.006 -19"><span class='ocrx_word' id='word_1_312' title='bbox 1966 1501 2127 1556; x_wconf 88' lang='lat' dir='ltr'><strong>fuerit</strong></span> <span class='ocrx_word' id='word_1_313' title='bbox 2156 1515 2405 1572; x_wconf 86' lang='lat' dir='ltr'><strong>spectare</strong></span> <span class='ocrx_word' id='word_1_314' title='bbox 2445 1521 2564 1574; x_wconf 74' lang='lat' dir='ltr'><strong>qua:</strong></span> <span class='ocrx_word' id='word_1_315' title='bbox 2599 1524 2811 1564; x_wconf 78' lang='lat' dir='ltr'><strong>merces</strong></span> <span class='ocrx_word' id='word_1_316' title='bbox 2839 1511 3064 1565; x_wconf 84' lang='lat' dir='ltr'><strong>sceleris</strong></span> <span class='ocrx_word' id='word_1_317' title='bbox 3099 1513 3153 1564; x_wconf 94' lang='lat' dir='ltr'><strong>in</strong></span> <span class='ocrx_word' id='word_1_318' title='bbox 3187 1513 3458 1566; x_wconf 81' lang='lat' dir='ltr'><strong>Christum</strong></span> <span class='ocrx_word' id='word_1_319' title='bbox 3484 1525 3534 1569; x_wconf 90' lang='lat' dir='ltr'><strong>et</strong></span> 
     </span>
    </p>
   </div>
   <div class='ocr_carea' id='block_1_46' title="bbox 1965 1595 3534 1666">
    <p class='ocr_par' dir='ltr' id='par_1_46' title="bbox 1965 1595 3534 1666">
     <span class='ocr_line' id='line_1_46' title="bbox 1965 1595 3534 1666; baseline 0.006 -18"><span class='ocrx_word' id='word_1_320' title='bbox 1965 1595 2201 1663; x_wconf 56' lang='lat' dir='ltr'><strong>aequales</strong></span> <span class='ocrx_word' id='word_1_321' title='bbox 2245 1596 2362 1666; x_wconf 90' lang='lat' dir='ltr'><strong>ejus</strong></span> <span class='ocrx_word' id='word_1_322' title='bbox 2399 1597 2634 1654; x_wconf 80' lang='lat' dir='ltr'><strong>infantes</strong></span> <span class='ocrx_word' id='word_1_323' title='bbox 2677 1601 2900 1654; x_wconf 84' lang='lat' dir='ltr'><strong>admissi</strong></span> <span class='ocrx_word' id='word_1_324' title='bbox 2955 1602 3218 1656; x_wconf 80' lang='lat' dir='ltr'><strong>Herodem</strong></span> <span class='ocrx_word' id='word_1_325' title='bbox 3247 1615 3534 1658; x_wconf 71' lang='lat' dir='ltr'><strong>consecuta</strong></span> 
     </span>
    </p>
   </div>
   <div class='ocr_carea' id='block_1_47' title="bbox 1965 1685 3534 1764">
    <p class='ocr_par' dir='ltr' id='par_1_47' title="bbox 1965 1685 3534 1764">
     <span class='ocr_line' id='line_1_47' title="bbox 1965 1685 3534 1764; baseline 0.005 -25"><span class='ocrx_word' id='word_1_326' title='bbox 1965 1685 2068 1740; x_wconf 89' lang='lat' dir='ltr'><strong>sit:</strong></span> <span class='ocrx_word' id='word_1_327' title='bbox 2100 1697 2289 1756; x_wconf 89' lang='lat' dir='ltr'><strong>etquo</strong></span> <span class='ocrx_word' id='word_1_328' title='bbox 2327 1700 2485 1756; x_wconf 89' lang='lat' dir='ltr'><strong>pacto</strong></span> <span class='ocrx_word' id='word_1_329' title='bbox 2516 1703 2546 1744; x_wconf 88' lang='lat' dir='ltr'><strong>e</strong></span> <span class='ocrx_word' id='word_1_330' title='bbox 2583 1691 2808 1760; x_wconf 80' lang='lat' dir='ltr'><strong>vestigio</strong></span> <span class='ocrx_word' id='word_1_331' title='bbox 2833 1692 2977 1746; x_wconf 91' lang='lat' dir='ltr'><strong>nulla</strong></span> <span class='ocrx_word' id='word_1_332' title='bbox 3015 1709 3160 1747; x_wconf 87' lang='lat' dir='ltr'><strong>mora</strong></span> <span class='ocrx_word' id='word_1_333' title='bbox 3193 1694 3534 1764; x_wconf 84' lang='lat' dir='ltr'><strong>interposita,</strong></span> 
     </span>
    </p>
   </div>
   <div class='ocr_carea' id='block_1_48' title="bbox 1967 1777 3538 1851">
    <p class='ocr_par' dir='ltr' id='par_1_48' title="bbox 1967 1777 3538 1851">
     <span class='ocr_line' id='line_1_48' title="bbox 1967 1777 3538 1851; baseline 0.006 -22"><span class='ocrx_word' id='word_1_334' title='bbox 1967 1777 2141 1831; x_wconf 88' lang='lat' dir='ltr'><strong>adhuc</strong></span> <span class='ocrx_word' id='word_1_335' title='bbox 2181 1777 2530 1844; x_wconf 87' lang='lat' dir='ltr'><strong>superstitem</strong></span> <span class='ocrx_word' id='word_1_336' title='bbox 2576 1780 2710 1834; x_wconf 86' lang='lat' dir='ltr'><strong>ultio</strong></span> <span class='ocrx_word' id='word_1_337' title='bbox 2753 1781 2937 1834; x_wconf 87' lang='lat' dir='ltr'><strong>divina</strong></span> <span class='ocrx_word' id='word_1_338' title='bbox 2982 1784 3273 1851; x_wconf 86' lang='lat' dir='ltr'><strong>corripuit,</strong></span> <span class='ocrx_word' id='word_1_339' title='bbox 3311 1785 3448 1838; x_wconf 89' lang='lat' dir='ltr'><strong>adeo</strong></span> <span class='ocrx_word' id='word_1_340' title='bbox 3480 1795 3538 1839; x_wconf 91' lang='lat' dir='ltr'><strong>ut</strong></span> 
     </span>
    </p>
   </div>
   <div class='ocr_carea' id='block_1_49' title="bbox 1963 1867 3537 1940">
    <p class='ocr_par' dir='ltr' id='par_1_49' title="bbox 1963 1867 3537 1940">
     <span class='ocr_line' id='line_1_49' title="bbox 1963 1867 3537 1940; baseline 0.006 -20"><span class='ocrx_word' id='word_1_341' title='bbox 1963 1881 2148 1920; x_wconf 88' lang='lat' dir='ltr'><strong>eorum</strong></span> <span class='ocrx_word' id='word_1_342' title='bbox 2169 1867 2257 1935; x_wconf 91' lang='lat' dir='ltr'><strong>qui</strong></span> <span class='ocrx_word' id='word_1_343' title='bbox 2283 1879 2404 1937; x_wconf 90' lang='lat' dir='ltr'><strong>post</strong></span> <span class='ocrx_word' id='word_1_344' title='bbox 2427 1868 2565 1923; x_wconf 89' lang='lat' dir='ltr'><strong>hanc</strong></span> <span class='ocrx_word' id='word_1_345' title='bbox 2586 1870 2748 1923; x_wconf 90' lang='lat' dir='ltr'><strong>vitam</strong></span> <span class='ocrx_word' id='word_1_346' title='bbox 2775 1871 2954 1940; x_wconf 85' lang='lat' dir='ltr'><strong>ipsum</strong></span> <span class='ocrx_word' id='word_1_347' title='bbox 2986 1875 3298 1935; x_wconf 89' lang='lat' dir='ltr'><strong>manebant,</strong></span> <span class='ocrx_word' id='word_1_348' title='bbox 3321 1879 3537 1930; x_wconf 83' lang='lat' dir='ltr'><strong>crucia-</strong></span> 
     </span>
    </p>
   </div>
   <div class='ocr_carea' id='block_1_50' title="bbox 1965 1958 3534 2036">
    <p class='ocr_par' dir='ltr' id='par_1_50' title="bbox 1965 1958 3534 2036">
     <span class='ocr_line' id='line_1_50' title="bbox 1965 1958 3534 2036; baseline 0.008 -27"><span class='ocrx_word' id='word_1_349' title='bbox 1965 1958 2386 2028; x_wconf 70' lang='lat' dir='ltr'><strong>tutunprmludia</strong></span> <span class='ocrx_word' id='word_1_350' title='bbox 2419 1961 2670 2029; x_wconf 62' lang='lat' dir='ltr'><strong>quaedam</strong></span> <span class='ocrx_word' id='word_1_351' title='bbox 2696 1964 3031 2019; x_wconf 85' lang='lat' dir='ltr'><strong>ostenderet.</strong></span> <span class='ocrx_word' id='word_1_352' title='bbox 3064 1965 3128 2018; x_wconf 88' lang='lat' dir='ltr'><strong>Et</strong></span> <span class='ocrx_word' id='word_1_353' title='bbox 3154 1967 3388 2034; x_wconf 87' lang='lat' dir='ltr'><strong>qualiter</strong></span> <span class='ocrx_word' id='word_1_354' title='bbox 3409 1969 3534 2036; x_wconf 86' lang='lat' dir='ltr'><strong>qui-</strong></span> 
     </span>
    </p>
   </div>
   <div class='ocr_carea' id='block_1_51' title="bbox 1962 2047 3533 2123">
    <p class='ocr_par' dir='ltr' id='par_1_51' title="bbox 1962 2047 3533 2123">
     <span class='ocr_line' id='line_1_51' title="bbox 1962 2047 3533 2123; baseline 0.006 -22"><span class='ocrx_word' id='word_1_355' title='bbox 1962 2047 2081 2101; x_wconf 87' lang='lat' dir='ltr'><strong>dem</strong></span> <span class='ocrx_word' id='word_1_356' title='bbox 2110 2048 2260 2118; x_wconf 83' lang='lat' dir='ltr'><strong>regni</strong></span> <span class='ocrx_word' id='word_1_357' title='bbox 2293 2049 2402 2112; x_wconf 89' lang='lat' dir='ltr'><strong>sui,</strong></span> <span class='ocrx_word' id='word_1_358' title='bbox 2437 2061 2496 2104; x_wconf 91' lang='lat' dir='ltr'><strong>ut</strong></span> <span class='ocrx_word' id='word_1_359' title='bbox 2522 2050 2773 2119; x_wconf 84' lang='lat' dir='ltr'><strong>putabat,</strong></span> <span class='ocrx_word' id='word_1_360' title='bbox 2803 2057 3195 2123; x_wconf 84' lang='lat' dir='ltr'><strong>prosperitates</strong></span> <span class='ocrx_word' id='word_1_361' title='bbox 3215 2058 3533 2112; x_wconf 78' lang='lat' dir='ltr'><strong>t&#39;lOttIeSllClS</strong></span> 
     </span>
    </p>
   </div>
   <div class='ocr_carea' id='block_1_52' title="bbox 1961 2141 3530 2218">
    <p class='ocr_par' dir='ltr' id='par_1_52' title="bbox 1961 2141 3530 2218">
     <span class='ocr_line' id='line_1_52' title="bbox 1961 2141 3530 2218; baseline 0.008 -24"><span class='ocrx_word' id='word_1_362' title='bbox 1961 2141 2359 2198; x_wconf 82' lang='lat' dir='ltr'><strong>calamitatibus</strong></span> <span class='ocrx_word' id='word_1_363' title='bbox 2381 2143 2481 2198; x_wconf 89' lang='lat' dir='ltr'><strong>sibi</strong></span> <span class='ocrx_word' id='word_1_364' title='bbox 2501 2144 2741 2200; x_wconf 85' lang='lat' dir='ltr'><strong>vicissim</strong></span> <span class='ocrx_word' id='word_1_365' title='bbox 2765 2148 3183 2203; x_wconf 56' lang='lat' dir='ltr'><strong>accedentibus</strong></span> <span class='ocrx_word' id='word_1_366' title='bbox 3203 2149 3530 2218; x_wconf 86' lang='lat' dir='ltr'><strong>obscuravit,</strong></span> 
     </span>
    </p>
   </div>
   <div class='ocr_carea' id='block_1_53' title="bbox 1961 2231 3528 2309">
    <p class='ocr_par' dir='ltr' id='par_1_53' title="bbox 1961 2231 3528 2309">
     <span class='ocr_line' id='line_1_53' title="bbox 1961 2231 3528 2309; baseline 0.008 -25"><span class='ocrx_word' id='word_1_367' title='bbox 1961 2246 2129 2286; x_wconf 81' lang='lat' dir='ltr'><strong>uxore</strong></span> <span class='ocrx_word' id='word_1_368' title='bbox 2175 2247 2238 2286; x_wconf 88' lang='lat' dir='ltr'><strong>ac</strong></span> <span class='ocrx_word' id='word_1_369' title='bbox 2277 2231 2486 2298; x_wconf 91' lang='lat' dir='ltr'><strong>liberis,</strong></span> <span class='ocrx_word' id='word_1_370' title='bbox 2521 2236 2844 2302; x_wconf 66' lang='lat' dir='ltr'><strong>caeterisque</strong></span> <span class='ocrx_word' id='word_1_371' title='bbox 2877 2238 3070 2304; x_wconf 87' lang='lat' dir='ltr'><strong>partim</strong></span> <span class='ocrx_word' id='word_1_372' title='bbox 3101 2240 3528 2309; x_wconf 73' lang='lat' dir='ltr'><strong>propinquitate,</strong></span> 
     </span>
    </p>
   </div>
   <div class='ocr_carea' id='block_1_54' title="bbox 1959 2323 3526 2396">
    <p class='ocr_par' dir='ltr' id='par_1_54' title="bbox 1959 2323 3526 2396">
     <span class='ocr_line' id='line_1_54' title="bbox 1959 2323 3526 2396; baseline 0.007 -22"><span class='ocrx_word' id='word_1_373' title='bbox 1959 2323 2155 2392; x_wconf 86' lang='lat' dir='ltr'><strong>partim</strong></span> <span class='ocrx_word' id='word_1_374' title='bbox 2195 2323 2436 2379; x_wconf 85' lang='lat' dir='ltr'><strong>amicitia</strong></span> <span class='ocrx_word' id='word_1_375' title='bbox 2462 2325 2564 2378; x_wconf 86' lang='lat' dir='ltr'><strong>sibi</strong></span> <span class='ocrx_word' id='word_1_376' title='bbox 2603 2325 2961 2394; x_wconf 88' lang='lat' dir='ltr'><strong>junctissituis</strong></span> <span class='ocrx_word' id='word_1_377' title='bbox 2993 2329 3200 2383; x_wconf 77' lang='lat' dir='ltr'><strong>nefarie</strong></span> <span class='ocrx_word' id='word_1_378' title='bbox 3225 2333 3526 2396; x_wconf 87' lang='lat' dir='ltr'><strong>trucidatis,</strong></span> 
     </span>
    </p>
   </div>
   <div class='ocr_carea' id='block_1_55' title="bbox 1959 2415 3528 2487">
    <p class='ocr_par' dir='ltr' id='par_1_55' title="bbox 1959 2415 3528 2487">
     <span class='ocr_line' id='line_1_55' title="bbox 1959 2415 3528 2487; baseline 0.006 -20"><span class='ocrx_word' id='word_1_379' title='bbox 1959 2428 2027 2467; x_wconf 91' lang='lat' dir='ltr'><strong>ne</strong></span> <span class='ocrx_word' id='word_1_380' title='bbox 2057 2416 2392 2470; x_wconf 90' lang='lat' dir='ltr'><strong>numerando</strong></span> <span class='ocrx_word' id='word_1_381' title='bbox 2420 2415 2637 2484; x_wconf 88' lang='lat' dir='ltr'><strong>quidem</strong></span> <span class='ocrx_word' id='word_1_382' title='bbox 2671 2433 2814 2472; x_wconf 93' lang='lat' dir='ltr'><strong>nunc</strong></span> <span class='ocrx_word' id='word_1_383' title='bbox 2833 2421 3032 2487; x_wconf 86' lang='lat' dir='ltr'><strong>possim</strong></span> <span class='ocrx_word' id='word_1_384' title='bbox 3071 2437 3376 2485; x_wconf 90' lang='lat' dir='ltr'><strong>recensere,</strong></span> <span class='ocrx_word' id='word_1_385' title='bbox 3404 2440 3528 2478; x_wconf 81' lang='lat' dir='ltr'><strong>cum</strong></span> 
     </span>
    </p>
   </div>
   <div class='ocr_carea' id='block_1_56' title="bbox 1957 2508 3528 2583">
    <p class='ocr_par' dir='ltr' id='par_1_56' title="bbox 1957 2508 3528 2583">
     <span class='ocr_line' id='line_1_56' title="bbox 1957 2508 3528 2583; baseline 0.007 -23"><span class='ocrx_word' id='word_1_386' title='bbox 1957 2519 2175 2560; x_wconf 85' lang='lat' dir='ltr'><strong>omnem</strong></span> <span class='ocrx_word' id='word_1_387' title='bbox 2229 2508 2618 2577; x_wconf 71' lang='lat' dir='ltr'><strong>tragtediarum</strong></span> <span class='ocrx_word' id='word_1_388' title='bbox 2688 2511 3037 2564; x_wconf 85' lang='lat' dir='ltr'><strong>atrocitatem</strong></span> <span class='ocrx_word' id='word_1_389' title='bbox 3089 2524 3306 2580; x_wconf 84' lang='lat' dir='ltr'><strong>superet</strong></span> <span class='ocrx_word' id='word_1_390' title='bbox 3367 2516 3528 2583; x_wconf 84' lang='lat' dir='ltr'><strong>hujus</strong></span> 
     </span>
    </p>
   </div>
   <div class='ocr_carea' id='block_1_57' title="bbox 1957 2594 3525 2672">
    <p class='ocr_par' dir='ltr' id='par_1_57' title="bbox 1957 2594 3525 2672">
     <span class='ocr_line' id='line_1_57' title="bbox 1957 2594 3525 2672; baseline 0.006 -24"><span class='ocrx_word' id='word_1_391' title='bbox 1957 2594 2260 2665; x_wconf 79' lang='lat' dir='ltr'><strong>argumenti</strong></span> <span class='ocrx_word' id='word_1_392' title='bbox 2294 2597 2566 2664; x_wconf 82' lang='lat' dir='ltr'><strong>tractatio,</strong></span> <span class='ocrx_word' id='word_1_393' title='bbox 2586 2599 2727 2669; x_wconf 89' lang='lat' dir='ltr'><strong>quod</strong></span> <span class='ocrx_word' id='word_1_394' title='bbox 2757 2598 3024 2670; x_wconf 73' lang='lat' dir='ltr'><strong>Iosephus</strong></span> <span class='ocrx_word' id='word_1_395' title='bbox 3054 2601 3104 2654; x_wconf 94' lang='lat' dir='ltr'><strong>in</strong></span> <span class='ocrx_word' id='word_1_396' title='bbox 3129 2600 3525 2672; x_wconf 82' lang='lat' dir='ltr'><strong>Autiquitatuut</strong></span> 
     </span>
    </p>
   </div>
   <div class='ocr_carea' id='block_1_58' title="bbox 1957 2686 3528 2765">
    <p class='ocr_par' dir='ltr' id='par_1_58' title="bbox 1957 2686 3528 2765">
     <span class='ocr_line' id='line_1_58' title="bbox 1957 2686 3528 2765; baseline 0.006 -24"><span class='ocrx_word' id='word_1_397' title='bbox 1957 2686 2113 2742; x_wconf 78' lang='lat' dir='ltr'><strong>libris</strong></span> <span class='ocrx_word' id='word_1_398' title='bbox 2159 2687 2435 2743; x_wconf 86' lang='lat' dir='ltr'><strong>uberrime</strong></span> <span class='ocrx_word' id='word_1_399' title='bbox 2487 2698 2572 2744; x_wconf 88' lang='lat' dir='ltr'><strong>est</strong></span> <span class='ocrx_word' id='word_1_400' title='bbox 2619 2699 2927 2746; x_wconf 83' lang='lat' dir='ltr'><strong>exsecutus.</strong></span> <span class='ocrx_word' id='word_1_401' title='bbox 2965 2691 3208 2758; x_wconf 85' lang='lat' dir='ltr'><strong>Qualiter</strong></span> <span class='ocrx_word' id='word_1_402' title='bbox 3238 2709 3368 2748; x_wconf 86' lang='lat' dir='ltr'><strong>vero</strong></span> <span class='ocrx_word' id='word_1_403' title='bbox 3402 2705 3528 2765; x_wconf 89' lang='lat' dir='ltr'><strong>post</strong></span> 
     </span>
    </p>
   </div>
   <div class='ocr_carea' id='block_1_59' title="bbox 1951 2843 3520 2915">
    <p class='ocr_par' dir='ltr' id='par_1_59' title="bbox 1951 2843 3520 2915">
     <span class='ocr_line' id='line_1_59' title="bbox 1951 2843 3520 2915; baseline 0.003 -13"><span class='ocrx_word' id='word_1_404' title='bbox 1951 2843 2219 2915; x_wconf 65' lang='lat' dir='ltr'><strong>Iosephus</strong></span> <span class='ocrx_word' id='word_1_405' title='bbox 2270 2844 2536 2902; x_wconf 87' lang='lat' dir='ltr'><strong>Herodem</strong></span> <span class='ocrx_word' id='word_1_406' title='bbox 2572 2847 2733 2903; x_wconf 88' lang='lat' dir='ltr'><strong>tantis</strong></span> <span class='ocrx_word' id='word_1_407' title='bbox 2797 2847 3076 2904; x_wconf 88' lang='lat' dir='ltr'><strong>doloribus</strong></span> <span class='ocrx_word' id='word_1_408' title='bbox 3123 2859 3250 2904; x_wconf 89' lang='lat' dir='ltr'><strong>ante</strong></span> <span class='ocrx_word' id='word_1_409' title='bbox 3295 2860 3520 2906; x_wconf 88' lang='lat' dir='ltr'><strong>mortem</strong></span> 
     </span>
    </p>
   </div>
   <div class='ocr_carea' id='block_1_60' title="bbox 1953 2917 3523 2985">
    <p class='ocr_par' dir='ltr' id='par_1_60' title="bbox 1953 2917 3523 2985">
     <span class='ocr_line' id='line_1_60' title="bbox 1953 2917 3523 2985; baseline 0.005 -16"><span class='ocrx_word' id='word_1_410' title='bbox 1953 2920 2252 2970; x_wconf 86' lang='lat' dir='ltr'><strong>cruciatum</strong></span> <span class='ocrx_word' id='word_1_411' title='bbox 2284 2932 2405 2971; x_wconf 83' lang='lat' dir='ltr'><strong>esse</strong></span> <span class='ocrx_word' id='word_1_412' title='bbox 2437 2917 2597 2980; x_wconf 76' lang='lat' dir='ltr'><strong>dixit,</strong></span> <span class='ocrx_word' id='word_1_413' title='bbox 2633 2919 2701 2971; x_wconf 90' lang='lat' dir='ltr'><strong>ob</strong></span> <span class='ocrx_word' id='word_1_414' title='bbox 2735 2919 3164 2985; x_wconf 81' lang='lat' dir='ltr'><strong>persecutionem</strong></span> <span class='ocrx_word' id='word_1_415' title='bbox 3191 2920 3413 2985; x_wconf 85' lang='lat' dir='ltr'><strong>Christi,</strong></span> <span class='ocrx_word' id='word_1_416' title='bbox 3439 2923 3523 2977; x_wconf 89' lang='lat' dir='ltr'><strong>vel</strong></span> 
     </span>
    </p>
   </div>
   <div class='ocr_carea' id='block_1_61' title="bbox 1954 2986 3526 3057">
    <p class='ocr_par' dir='ltr' id='par_1_61' title="bbox 1954 2986 3526 3057">
     <span class='ocr_line' id='line_1_61' title="bbox 1954 2986 3526 3057; baseline 0.003 -18"><span class='ocrx_word' id='word_1_417' title='bbox 1954 2987 2024 3040; x_wconf 93' lang='lat' dir='ltr'><strong>ob</strong></span> <span class='ocrx_word' id='word_1_418' title='bbox 2053 2989 2252 3057; x_wconf 65' lang='lat' dir='ltr'><strong>credent</strong></span> <span class='ocrx_word' id='word_1_419' title='bbox 2286 2988 2573 3042; x_wconf 87' lang='lat' dir='ltr'><strong>infantum.</strong></span> <span class='ocrx_word' id='word_1_420' title='bbox 2624 2986 2820 3056; x_wconf 89' lang='lat' dir='ltr'><strong>Objieit</strong></span> <span class='ocrx_word' id='word_1_421' title='bbox 2845 2999 3104 3057; x_wconf 69' lang='lat' dir='ltr'><strong>prmterca</strong></span> <span class='ocrx_word' id='word_1_422' title='bbox 3152 2990 3382 3044; x_wconf 87' lang='lat' dir='ltr'><strong>Eusebio</strong></span> <span class='ocrx_word' id='word_1_423' title='bbox 3423 3009 3526 3045; x_wconf 91' lang='lat' dir='ltr'><strong>nu-</strong></span> 
     </span>
    </p>
   </div>
   <div class='ocr_carea' id='block_1_62' title="bbox 1994 3056 3520 3128">
    <p class='ocr_par' dir='ltr' id='par_1_62' title="bbox 1994 3056 3520 3128">
     <span class='ocr_line' id='line_1_62' title="bbox 1994 3056 3520 3128; baseline 0.005 -20"><span class='ocrx_word' id='word_1_424' title='bbox 1994 3071 2117 3128; x_wconf 83' lang='lat' dir='ltr'><strong>erus</strong></span> <span class='ocrx_word' id='word_1_425' title='bbox 2149 3056 2238 3110; x_wconf 88' lang='lat' dir='ltr'><strong>ille</strong></span> <span class='ocrx_word' id='word_1_426' title='bbox 2269 3059 2523 3128; x_wconf 85' lang='lat' dir='ltr'><strong>scriptor,</strong></span> <span class='ocrx_word' id='word_1_427' title='bbox 2559 3062 2700 3125; x_wconf 92' lang='lat' dir='ltr'><strong>quod</strong></span> <span class='ocrx_word' id='word_1_428' title='bbox 2730 3056 2927 3112; x_wconf 70' lang='lat' dir='ltr'><strong>dixerit</strong></span> <span class='ocrx_word' id='word_1_429' title='bbox 2953 3062 3134 3112; x_wconf 87' lang='lat' dir='ltr'><strong>statim</strong></span> <span class='ocrx_word' id='word_1_430' title='bbox 3172 3071 3289 3128; x_wconf 83' lang='lat' dir='ltr'><strong>post</strong></span> <span class='ocrx_word' id='word_1_431' title='bbox 3319 3063 3520 3116; x_wconf 66' lang='lat' dir='ltr'><strong>caulem</strong></span> 
     </span>
    </p>
   </div>
   <div class='ocr_carea' id='block_1_63' title="bbox 1999 3126 3519 3194">
    <p class='ocr_par' dir='ltr' id='par_1_63' title="bbox 1999 3126 3519 3194">
     <span class='ocr_line' id='line_1_63' title="bbox 1999 3126 3519 3194; baseline 0.003 -14"><span class='ocrx_word' id='word_1_432' title='bbox 1999 3126 2521 3181; x_wconf 87' lang='lat' dir='ltr'><strong>ethlehemiticorum</strong></span> <span class='ocrx_word' id='word_1_433' title='bbox 2560 3128 2869 3194; x_wconf 83' lang='lat' dir='ltr'><strong>infantium,</strong></span> <span class='ocrx_word' id='word_1_434' title='bbox 2919 3126 3192 3184; x_wconf 79' lang='lat' dir='ltr'><strong>cruciatus</strong></span> <span class='ocrx_word' id='word_1_435' title='bbox 3239 3132 3360 3183; x_wconf 85' lang='lat' dir='ltr'><strong>Illos</strong></span> <span class='ocrx_word' id='word_1_436' title='bbox 3409 3130 3519 3185; x_wconf 85' lang='lat' dir='ltr'><strong>He-</strong></span> 
     </span>
    </p>
   </div>
   <div class='ocr_carea' id='block_1_64' title="bbox 270 3196 1848 3280">
    <p class='ocr_par' dir='ltr' id='par_1_64' title="bbox 270 3196 1845 3280">
     <span class='ocr_line' id='line_1_64' title="bbox 270 3196 1845 3280; baseline 0.003 -20"><span class='ocrx_word' id='word_1_437' title='bbox 270 3211 353 3260; x_wconf 78' lang='lat' dir='ltr'><strong>dia</strong></span> <span class='ocrx_word' id='word_1_438' title='bbox 413 3196 680 3280; x_wconf 45' lang='grc' dir='ltr'><strong>νηπίου-[ἀνι</strong></span> <span class='ocrx_word' id='word_1_439' title='bbox 726 3196 842 3279; x_wconf 70' lang='grc' dir='ltr'>ᾀιιω</span> <span class='ocrx_word' id='word_1_440' title='bbox 877 3196 1171 3277; x_wconf 74' lang='grc' dir='ltr'>ροειἸιαιιε</span> <span class='ocrx_word' id='word_1_441' title='bbox 1220 3213 1379 3263; x_wconf 80' lang='lat' dir='ltr'><strong>vitam</strong></span> <span class='ocrx_word' id='word_1_442' title='bbox 1411 3196 1680 3280; x_wconf 45' lang='lat' dir='ltr'><strong>&#39;passurus&#39;</strong></span> <span class='ocrx_word' id='word_1_443' title='bbox 1706 3223 1845 3280; x_wconf 81' lang='lat' dir='ltr'><strong>erat,</strong></span> 
     </span>
    </p>
   </div>
   <div class='ocr_carea' id='block_1_65' title="bbox 1953 3196 3520 3280">
    <p class='ocr_par' dir='ltr' id='par_1_65' title="bbox 1955 3197 3520 3280">
     <span class='ocr_line' id='line_1_65' title="bbox 1955 3197 3520 3280; baseline 0.004 -31"><span class='ocrx_word' id='word_1_444' title='bbox 1955 3197 2408 3280; x_wconf 39' lang='lat' dir='ltr'><strong>rod&#39;i&#39;contigisse,‘</strong></span> <span class='ocrx_word' id='word_1_445' title='bbox 2431 3213 2552 3252; x_wconf 90' lang='lat' dir='ltr'><strong>cum</strong></span> <span class='ocrx_word' id='word_1_446' title='bbox 2597 3198 2738 3280; x_wconf 82' lang='lat' dir='ltr'><strong>inter</strong></span> <span class='ocrx_word' id='word_1_447' title='bbox 2765 3199 3151 3270; x_wconf 84' lang='grc' dir='ltr'>βρεφοκτονίαν</span> <span class='ocrx_word' id='word_1_448' title='bbox 3197 3211 3251 3280; x_wconf 76' lang='lat' dir='ltr'><strong>et</strong></span> <span class='ocrx_word' id='word_1_449' title='bbox 3288 3200 3520 3280; x_wconf 75' lang='lat' dir='ltr'><strong>Herodis</strong></span> 
     </span>
    </p>
   </div>
   <div class='ocr_carea' id='block_1_66' title="bbox 268 3278 1850 3336">
    <p class='ocr_par' dir='ltr' id='par_1_66' title="bbox 268 3278 1850 3336">
     <span class='ocr_line' id='line_1_66' title="bbox 268 3278 1850 3336; baseline 0.003 -4"><span class='ocrx_word' id='word_1_450' title='bbox 268 3280 537 3332; x_wconf 73' lang='lat' dir='ltr'><strong>exhibere.</strong></span> <span class='ocrx_word' id='word_1_451' title='bbox 578 3278 748 3332; x_wconf 84' lang='lat' dir='ltr'><strong>Codd.</strong></span> <span class='ocrx_word' id='word_1_452' title='bbox 798 3291 971 3333; x_wconf 88' lang='lat' dir='ltr'><strong>tamen</strong></span> <span class='ocrx_word' id='word_1_453' title='bbox 1021 3280 1158 3332; x_wconf 76' lang='lat' dir='ltr'><strong>Med.</strong></span> <span class='ocrx_word' id='word_1_454' title='bbox 1192 3295 1257 3334; x_wconf 88' lang='lat' dir='ltr'><strong>ac</strong></span> <span class='ocrx_word' id='word_1_455' title='bbox 1299 3278 1437 3334; x_wconf 68' lang='lat' dir='ltr'><strong>Maz.</strong></span> <span class='ocrx_word' id='word_1_456' title='bbox 1471 3296 1593 3334; x_wconf 91' lang='lat' dir='ltr'><strong>cum</strong></span> <span class='ocrx_word' id='word_1_457' title='bbox 1625 3279 1755 3334; x_wconf 81' lang='lat' dir='ltr'><strong>Fuk.</strong></span> <span class='ocrx_word' id='word_1_458' title='bbox 1786 3296 1850 3336; x_wconf 88' lang='lat' dir='ltr'><strong>ac</strong></span> 
     </span>
    </p>
   </div>
   <div class='ocr_carea' id='block_1_67' title="bbox 271 3349 1844 3416">
    <p class='ocr_par' dir='ltr' id='par_1_67' title="bbox 271 3349 1844 3416">
     <span class='ocr_line' id='line_1_67' title="bbox 271 3349 1844 3416; baseline 0.003 -19"><span class='ocrx_word' id='word_1_459' title='bbox 271 3349 431 3404; x_wconf 70' lang='lat' dir='ltr'><strong>Sztvll.</strong></span> <span class='ocrx_word' id='word_1_460' title='bbox 477 3349 642 3415; x_wconf 83' lang='lat' dir='ltr'><strong>Iunge</strong></span> <span class='ocrx_word' id='word_1_461' title='bbox 692 3351 848 3401; x_wconf 87' lang='lat' dir='ltr'><strong>aliter</strong></span> <span class='ocrx_word' id='word_1_462' title='bbox 898 3350 1157 3416; x_wconf 85' lang='lat' dir='ltr'><strong>scriptum</strong></span> <span class='ocrx_word' id='word_1_463' title='bbox 1214 3351 1441 3412; x_wconf 85' lang='lat' dir='ltr'><strong>habent,</strong></span> <span class='ocrx_word' id='word_1_464' title='bbox 1492 3352 1594 3403; x_wconf 78' lang='lat' dir='ltr'><strong>hoc</strong></span> <span class='ocrx_word' id='word_1_465' title='bbox 1645 3353 1844 3404; x_wconf 90' lang='lat' dir='ltr'><strong>modo:</strong></span> 
     </span>
    </p>
   </div>
   <div class='ocr_carea' id='block_1_68' title="bbox 270 3417 1852 3491">
    <p class='ocr_par' dir='ltr' id='par_1_68' title="bbox 270 3417 1852 3491">
     <span class='ocr_line' id='line_1_68' title="bbox 270 3417 1852 3491; baseline 0.001 -20"><span class='ocrx_word' id='word_1_466' title='bbox 270 3420 358 3471; x_wconf 75' lang='grc' dir='ltr'><strong>καὶ</strong></span> <span class='ocrx_word' id='word_1_467' title='bbox 385 3419 466 3491; x_wconf 73' lang='grc' dir='ltr'>ὡς</span> <span class='ocrx_word' id='word_1_468' title='bbox 495 3417 622 3491; x_wconf 74' lang='grc' dir='ltr'>τῶν</span> <span class='ocrx_word' id='word_1_469' title='bbox 643 3418 778 3491; x_wconf 72' lang='grc' dir='ltr'>μετὲι</span> <span class='ocrx_word' id='word_1_470' title='bbox 815 3419 911 3489; x_wconf 76' lang='grc' dir='ltr'>τὴν</span> <span class='ocrx_word' id='word_1_471' title='bbox 954 3419 1163 3491; x_wconf 76' lang='grc' dir='ltr'>ἐνθένδε</span> <span class='ocrx_word' id='word_1_472' title='bbox 1205 3419 1522 3491; x_wconf 82' lang='grc' dir='ltr'>ἀπαλλαγὴν</span> <span class='ocrx_word' id='word_1_473' title='bbox 1554 3419 1852 3490; x_wconf 79' lang='grc' dir='ltr'>διαδεξομέ-</span> 
     </span>
    </p>
   </div>
   <div class='ocr_carea' id='block_1_69' title="bbox 269 3488 1846 3560">
    <p class='ocr_par' dir='ltr' id='par_1_69' title="bbox 269 3488 1846 3560">
     <span class='ocr_line' id='line_1_69' title="bbox 269 3488 1846 3560; baseline 0.001 -18"><span class='ocrx_word' id='word_1_474' title='bbox 269 3507 366 3542; x_wconf 86' lang='grc' dir='ltr'><strong>νων</strong></span> <span class='ocrx_word' id='word_1_475' title='bbox 394 3488 570 3540; x_wconf 75' lang='grc' dir='ltr'>αὑτὸν</span> <span class='ocrx_word' id='word_1_476' title='bbox 609 3488 936 3542; x_wconf 84' lang='grc' dir='ltr'>ἐπιδείκνυσι</span> <span class='ocrx_word' id='word_1_477' title='bbox 983 3489 1051 3542; x_wconf 83' lang='grc' dir='ltr'>τὰ</span> <span class='ocrx_word' id='word_1_478' title='bbox 1106 3491 1383 3560; x_wconf 75' lang='grc' dir='ltr'>προοίμια.</span> <span class='ocrx_word' id='word_1_479' title='bbox 1437 3488 1605 3556; x_wconf 83' lang='lat' dir='ltr'><strong>Quam</strong></span> <span class='ocrx_word' id='word_1_480' title='bbox 1634 3488 1846 3559; x_wconf 80' lang='lat' dir='ltr'><strong>quidem</strong></span> 
     </span>
    </p>
   </div>
   <div class='ocr_carea' id='block_1_70' title="bbox 269 3560 1846 3628">
    <p class='ocr_par' dir='ltr' id='par_1_70' title="bbox 269 3560 1846 3628">
     <span class='ocr_line' id='line_1_70' title="bbox 269 3560 1846 3628; baseline 0.003 -18"><span class='ocrx_word' id='word_1_481' title='bbox 269 3561 601 3626; x_wconf 85' lang='lat' dir='ltr'><strong>scripturam</strong></span> <span class='ocrx_word' id='word_1_482' title='bbox 632 3560 916 3613; x_wconf 86' lang='lat' dir='ltr'><strong>confirmat</strong></span> <span class='ocrx_word' id='word_1_483' title='bbox 951 3561 1115 3612; x_wconf 88' lang='lat' dir='ltr'><strong>etiam</strong></span> <span class='ocrx_word' id='word_1_484' title='bbox 1144 3561 1479 3628; x_wconf 79' lang='lat' dir='ltr'><strong>Nicephorus</strong></span> <span class='ocrx_word' id='word_1_485' title='bbox 1527 3562 1589 3615; x_wconf 81' lang='lat' dir='ltr'><strong>in</strong></span> <span class='ocrx_word' id='word_1_486' title='bbox 1609 3575 1725 3628; x_wconf 85' lang='lat' dir='ltr'><strong>cap.</strong></span> <span class='ocrx_word' id='word_1_487' title='bbox 1761 3560 1846 3625; x_wconf 77' lang='grc'><strong>15,</strong></span> 
     </span>
    </p>
   </div>
   <div class='ocr_carea' id='block_1_71' title="bbox 272 3629 1848 3698">
    <p class='ocr_par' dir='ltr' id='par_1_71' title="bbox 272 3629 1848 3698">
     <span class='ocr_line' id='line_1_71' title="bbox 272 3629 1848 3698; baseline 0.002 -18"><span class='ocrx_word' id='word_1_488' title='bbox 272 3629 356 3680; x_wconf 91' lang='lat' dir='ltr'><strong>lih.</strong></span> <span class='ocrx_word' id='word_1_489' title='bbox 394 3645 430 3687; x_wconf 85' lang='grc' dir='ltr'><strong>ι,</strong></span> <span class='ocrx_word' id='word_1_490' title='bbox 466 3629 563 3681; x_wconf 91' lang='lat' dir='ltr'><strong>ubi</strong></span> <span class='ocrx_word' id='word_1_491' title='bbox 601 3630 741 3682; x_wconf 89' lang='lat' dir='ltr'><strong>hunc</strong></span> <span class='ocrx_word' id='word_1_492' title='bbox 773 3629 985 3683; x_wconf 82' lang='lat' dir='ltr'><strong>Eusebii</strong></span> <span class='ocrx_word' id='word_1_493' title='bbox 1017 3633 1185 3683; x_wconf 84' lang='lat' dir='ltr'><strong>nostri</strong></span> <span class='ocrx_word' id='word_1_494' title='bbox 1217 3629 1394 3684; x_wconf 86' lang='lat' dir='ltr'><strong>locutu</strong></span> <span class='ocrx_word' id='word_1_495' title='bbox 1429 3632 1500 3682; x_wconf 89' lang='lat' dir='ltr'><strong>ita</strong></span> <span class='ocrx_word' id='word_1_496' title='bbox 1551 3631 1848 3698; x_wconf 86' lang='lat' dir='ltr'><strong>interpola-</strong></span> 
     </span>
    </p>
   </div>
   <div class='ocr_carea' id='block_1_72' title="bbox 272 3698 1849 3770">
    <p class='ocr_par' dir='ltr' id='par_1_72' title="bbox 272 3698 1849 3770">
     <span class='ocr_line' id='line_1_72' title="bbox 272 3698 1849 3770; baseline 0.003 -22"><span class='ocrx_word' id='word_1_497' title='bbox 272 3709 340 3770; x_wconf 55' lang='lat' dir='ltr'><strong>vit</strong></span> <span class='ocrx_word' id='word_1_498' title='bbox 371 3717 382 3751; x_wconf 93' lang='lat'><strong>:</strong></span> <span class='ocrx_word' id='word_1_499' title='bbox 425 3698 693 3770; x_wconf 30' lang='grc' dir='ltr'>Ὡςᾼγοῦν</span> <span class='ocrx_word' id='word_1_500' title='bbox 729 3700 762 3768; x_wconf 83' lang='grc' dir='ltr'>ἠ</span> <span class='ocrx_word' id='word_1_501' title='bbox 810 3698 928 3751; x_wconf 79' lang='grc' dir='ltr'>θεία</span> <span class='ocrx_word' id='word_1_502' title='bbox 960 3698 1079 3769; x_wconf 80' lang='grc' dir='ltr'>δίκη</span> <span class='ocrx_word' id='word_1_503' title='bbox 1101 3699 1255 3770; x_wconf 80' lang='grc' dir='ltr'>μετὰ</span> <span class='ocrx_word' id='word_1_504' title='bbox 1304 3698 1401 3770; x_wconf 85' lang='grc' dir='ltr'>τὴν</span> <span class='ocrx_word' id='word_1_505' title='bbox 1428 3699 1608 3770; x_wconf 79' lang='grc' dir='ltr'>ἄδικον</span> <span class='ocrx_word' id='word_1_506' title='bbox 1641 3717 1849 3770; x_wconf 72' lang='grc' dir='ltr'>μιαιφοο</span> 
     </span>
    </p>
   </div>
   <div class='ocr_carea' id='block_1_73' title="bbox 270 3766 1844 3840">
    <p class='ocr_par' dir='ltr' id='par_1_73' title="bbox 270 3766 1844 3840">
     <span class='ocr_line' id='line_1_73' title="bbox 270 3766 1844 3840; baseline 0 -18"><span class='ocrx_word' id='word_1_507' title='bbox 270 3767 374 3822; x_wconf 77' lang='grc' dir='ltr'>νίαν</span> <span class='ocrx_word' id='word_1_508' title='bbox 401 3769 504 3820; x_wconf 87' lang='grc' dir='ltr'><strong>τὸν</strong></span> <span class='ocrx_word' id='word_1_509' title='bbox 521 3766 809 3840; x_wconf 28' lang='grc' dir='ltr'>ᾼθεομάχον-</span> <span class='ocrx_word' id='word_1_510' title='bbox 829 3766 1172 3840; x_wconf 77' lang='grc' dir='ltr'>μετελήλυθε,</span> <span class='ocrx_word' id='word_1_511' title='bbox 1224 3766 1505 3840; x_wconf 71' lang='grc' dir='ltr'>προοίμιον</span> <span class='ocrx_word' id='word_1_512' title='bbox 1537 3769 1610 3830; x_wconf 82' lang='grc' dir='ltr'><strong>ὡς</strong></span> <span class='ocrx_word' id='word_1_513' title='bbox 1633 3766 1728 3840; x_wconf 43' lang='grc' dir='ltr'>ίᾶν</span> <span class='ocrx_word' id='word_1_514' title='bbox 1761 3766 1844 3833; x_wconf 81' lang='grc' dir='ltr'><strong>τις</strong></span> 
     </span>
    </p>
   </div>
   <div class='ocr_carea' id='block_1_74' title="bbox 269 3837 1844 3907">
    <p class='ocr_par' dir='ltr' id='par_1_74' title="bbox 269 3837 1844 3907">
     <span class='ocr_line' id='line_1_74' title="bbox 269 3837 1844 3907; baseline 0.001 -16"><span class='ocrx_word' id='word_1_515' title='bbox 269 3841 398 3891; x_wconf 80' lang='grc' dir='ltr'>εἴποι</span> <span class='ocrx_word' id='word_1_516' title='bbox 469 3837 586 3889; x_wconf 79' lang='grc' dir='ltr'>τῶν</span> <span class='ocrx_word' id='word_1_517' title='bbox 650 3837 920 3907; x_wconf 78' lang='grc' dir='ltr'>ἐσομένων</span> <span class='ocrx_word' id='word_1_518' title='bbox 972 3837 1147 3892; x_wconf 80' lang='grc' dir='ltr'>ἐκεῖσε</span> <span class='ocrx_word' id='word_1_519' title='bbox 1207 3837 1396 3893; x_wconf 79' lang='grc' dir='ltr'>κακῶν</span> <span class='ocrx_word' id='word_1_520' title='bbox 1436 3839 1844 3907; x_wconf 80' lang='grc' dir='ltr'>ὑποφαίνουσα,</span> 
     </span>
    </p>
   </div>
   <div class='ocr_carea' id='block_1_75' title="bbox 270 3907 1843 3978">
    <p class='ocr_par' dir='ltr' id='par_1_75' title="bbox 270 3907 1843 3978">
     <span class='ocr_line' id='line_1_75' title="bbox 270 3907 1843 3978; baseline 0.001 -17"><span class='ocrx_word' id='word_1_521' title='bbox 270 3909 407 3972; x_wconf 76' lang='grc' dir='ltr'>ἄξιον</span> <span class='ocrx_word' id='word_1_522' title='bbox 462 3907 718 3961; x_wconf 84' lang='grc' dir='ltr'>διελθεῖν.</span> <span class='ocrx_word' id='word_1_523' title='bbox 770 3909 1024 3978; x_wconf 70' lang='lat' dir='ltr'><strong>Eamdem</strong></span> <span class='ocrx_word' id='word_1_524' title='bbox 1069 3925 1282 3978; x_wconf 89' lang='lat' dir='ltr'><strong>quoque</strong></span> <span class='ocrx_word' id='word_1_525' title='bbox 1334 3911 1621 3964; x_wconf 88' lang='lat' dir='ltr'><strong>lectionem</strong></span> <span class='ocrx_word' id='word_1_526' title='bbox 1673 3915 1843 3963; x_wconf 86' lang='lat' dir='ltr'><strong>secuti</strong></span> 
     </span>
    </p>
   </div>
   <div class='ocr_carea' id='block_1_76' title="bbox 273 3977 1842 4047">
    <p class='ocr_par' dir='ltr' id='par_1_76' title="bbox 273 3977 1842 4047">
     <span class='ocr_line' id='line_1_76' title="bbox 273 3977 1842 4047; baseline 0.001 -15"><span class='ocrx_word' id='word_1_527' title='bbox 273 3991 386 4032; x_wconf 78' lang='lat' dir='ltr'><strong>stmt</strong></span> <span class='ocrx_word' id='word_1_528' title='bbox 418 3978 661 4031; x_wconf 77' lang='lat' dir='ltr'><strong>Rufinus</strong></span> <span class='ocrx_word' id='word_1_529' title='bbox 690 3987 742 4032; x_wconf 91' lang='lat' dir='ltr'><strong>et</strong></span> <span class='ocrx_word' id='word_1_530' title='bbox 770 3977 1324 4047; x_wconf 32' lang='lat' dir='ltr'><strong>Chrislophorso’nus,</strong></span> <span class='ocrx_word' id='word_1_531' title='bbox 1383 3991 1442 4033; x_wconf 90' lang='lat' dir='ltr'><strong>ut</strong></span> <span class='ocrx_word' id='word_1_532' title='bbox 1471 3995 1537 4034; x_wconf 80' lang='lat' dir='ltr'><strong>ex</strong></span> <span class='ocrx_word' id='word_1_533' title='bbox 1576 3979 1842 4047; x_wconf 88' lang='lat' dir='ltr'><strong>interpre-</strong></span> 
     </span>
    </p>
   </div>
   <div class='ocr_carea' id='block_1_77' title="bbox 274 4047 1843 4118">
    <p class='ocr_par' dir='ltr' id='par_1_77' title="bbox 274 4047 1843 4118">
     <span class='ocr_line' id='line_1_77' title="bbox 274 4047 1843 4118; baseline 0.002 -19"><span class='ocrx_word' id='word_1_534' title='bbox 274 4049 565 4102; x_wconf 83' lang='lat' dir='ltr'><strong>tationibus</strong></span> <span class='ocrx_word' id='word_1_535' title='bbox 599 4063 784 4102; x_wconf 86' lang='lat' dir='ltr'><strong>eorum</strong></span> <span class='ocrx_word' id='word_1_536' title='bbox 822 4060 1066 4115; x_wconf 86' lang='lat' dir='ltr'><strong>apparet.</strong></span> <span class='ocrx_word' id='word_1_537' title='bbox 1120 4047 1299 4113; x_wconf 88' lang='lat' dir='ltr'><strong>Quare</strong></span> <span class='ocrx_word' id='word_1_538' title='bbox 1350 4065 1454 4103; x_wconf 92' lang='lat' dir='ltr'><strong>non</strong></span> <span class='ocrx_word' id='word_1_539' title='bbox 1485 4048 1669 4103; x_wconf 89' lang='lat' dir='ltr'><strong>dubito</strong></span> <span class='ocrx_word' id='word_1_540' title='bbox 1711 4050 1843 4118; x_wconf 89' lang='lat' dir='ltr'><strong>quin</strong></span> 
     </span>
    </p>
   </div>
   <div class='ocr_carea' id='block_1_78' title="bbox 276 4118 1841 4190">
    <p class='ocr_par' dir='ltr' id='par_1_78' title="bbox 276 4118 1841 4190">
     <span class='ocr_line' id='line_1_78' title="bbox 276 4118 1841 4190; baseline -0.001 -19"><span class='ocrx_word' id='word_1_541' title='bbox 276 4119 378 4190; x_wconf 61' lang='lat' dir='ltr'><strong>haec</strong></span> <span class='ocrx_word' id='word_1_542' title='bbox 411 4118 956 4190; x_wconf 24' lang='lat' dir='ltr'><strong>lectiokprml‘ereuda</strong></span> <span class='ocrx_word' id='word_1_543' title='bbox 986 4121 1056 4172; x_wconf 92' lang='lat' dir='ltr'><strong>sit</strong></span> <span class='ocrx_word' id='word_1_544' title='bbox 1106 4119 1255 4190; x_wconf 69' lang='lat' dir='ltr'><strong>ltegii</strong></span> <span class='ocrx_word' id='word_1_545' title='bbox 1292 4120 1496 4190; x_wconf 88' lang='lat' dir='ltr'><strong>codicis</strong></span> <span class='ocrx_word' id='word_1_546' title='bbox 1540 4121 1841 4190; x_wconf 68' lang='lat' dir='ltr'><strong>scriptura}.</strong></span> 
     </span>
    </p>
   </div>
   <div class='ocr_carea' id='block_1_79' title="bbox 277 4187 1842 4256">
    <p class='ocr_par' dir='ltr' id='par_1_79' title="bbox 277 4187 1842 4256">
     <span class='ocr_line' id='line_1_79' title="bbox 277 4187 1842 4256; baseline 0.003 -17"><span class='ocrx_word' id='word_1_547' title='bbox 277 4188 534 4242; x_wconf 77' lang='lat' dir='ltr'><strong>licnricus</strong></span> <span class='ocrx_word' id='word_1_548' title='bbox 589 4187 820 4241; x_wconf 87' lang='lat' dir='ltr'><strong>Savilius</strong></span> <span class='ocrx_word' id='word_1_549' title='bbox 847 4189 994 4256; x_wconf 89' lang='lat' dir='ltr'><strong>prius</strong></span> <span class='ocrx_word' id='word_1_550' title='bbox 1047 4187 1264 4256; x_wconf 75' lang='lat' dir='ltr'><strong>quidem</strong></span> <span class='ocrx_word' id='word_1_551' title='bbox 1315 4189 1381 4242; x_wconf 85' lang='lat' dir='ltr'><strong>ad</strong></span> <span class='ocrx_word' id='word_1_552' title='bbox 1408 4204 1563 4244; x_wconf 91' lang='lat' dir='ltr'><strong>oram</strong></span> <span class='ocrx_word' id='word_1_553' title='bbox 1603 4188 1722 4240; x_wconf 90' lang='lat' dir='ltr'><strong>libri</strong></span> <span class='ocrx_word' id='word_1_554' title='bbox 1757 4189 1842 4243; x_wconf 89' lang='lat' dir='ltr'><strong>sui</strong></span> 
     </span>
    </p>
   </div>
   <div class='ocr_carea' id='block_1_80' title="bbox 278 4256 1838 4314">
    <p class='ocr_par' dir='ltr' id='par_1_80' title="bbox 278 4256 1838 4314">
     <span class='ocr_line' id='line_1_80' title="bbox 278 4256 1838 4314; baseline 0.004 -7"><span class='ocrx_word' id='word_1_555' title='bbox 278 4260 631 4312; x_wconf 75' lang='lat' dir='ltr'><strong>adnotaverat</strong></span> <span class='ocrx_word' id='word_1_556' title='bbox 683 4257 823 4310; x_wconf 76' lang='lat' dir='ltr'><strong>forte</strong></span> <span class='ocrx_word' id='word_1_557' title='bbox 883 4259 1224 4312; x_wconf 80' lang='lat' dir='ltr'><strong>scribendum</strong></span> <span class='ocrx_word' id='word_1_558' title='bbox 1282 4273 1403 4314; x_wconf 89' lang='lat' dir='ltr'><strong>esse</strong></span> <span class='ocrx_word' id='word_1_559' title='bbox 1459 4256 1838 4314; x_wconf 81' lang='grc' dir='ltr'>ἐπιδεικνῦσα.</span> 
     </span>
    </p>
   </div>
   <div class='ocr_carea' id='block_1_81' title="bbox 280 4326 1842 4397">
    <p class='ocr_par' dir='ltr' id='par_1_81' title="bbox 280 4326 1842 4397">
     <span class='ocr_line' id='line_1_81' title="bbox 280 4326 1842 4397; baseline 0.002 -19"><span class='ocrx_word' id='word_1_560' title='bbox 280 4327 373 4379; x_wconf 83' lang='lat' dir='ltr'><strong>Sed</strong></span> <span class='ocrx_word' id='word_1_561' title='bbox 422 4339 614 4397; x_wconf 89' lang='lat' dir='ltr'><strong>postea</strong></span> <span class='ocrx_word' id='word_1_562' title='bbox 665 4326 896 4387; x_wconf 80' lang='lat' dir='ltr'><strong>notavit,</strong></span> <span class='ocrx_word' id='word_1_563' title='bbox 941 4329 1074 4381; x_wconf 90' lang='lat' dir='ltr'><strong>duos</strong></span> <span class='ocrx_word' id='word_1_564' title='bbox 1124 4329 1342 4384; x_wconf 88' lang='lat' dir='ltr'><strong>codices</strong></span> <span class='ocrx_word' id='word_1_565' title='bbox 1391 4344 1553 4397; x_wconf 89' lang='lat' dir='ltr'><strong>manu</strong></span> <span class='ocrx_word' id='word_1_566' title='bbox 1591 4340 1842 4397; x_wconf 83' lang='lat' dir='ltr'><strong>exaratos</strong></span> 
     </span>
    </p>
   </div>
   <div class='ocr_carea' id='block_1_82' title="bbox 278 4396 1842 4470">
    <p class='ocr_par' dir='ltr' id='par_1_82' title="bbox 278 4396 1842 4470">
     <span class='ocr_line' id='line_1_82' title="bbox 278 4396 1842 4470; baseline 0.002 -23"><span class='ocrx_word' id='word_1_567' title='bbox 278 4396 522 4470; x_wconf 72' lang='lat' dir='ltr'><strong>scriptum</strong></span> <span class='ocrx_word' id='word_1_568' title='bbox 565 4397 765 4452; x_wconf 87' lang='lat' dir='ltr'><strong>habere</strong></span> <span class='ocrx_word' id='word_1_569' title='bbox 791 4397 885 4450; x_wconf 80' lang='grc' dir='ltr'><strong>καὶ</strong></span> <span class='ocrx_word' id='word_1_570' title='bbox 913 4397 986 4462; x_wconf 85' lang='grc' dir='ltr'>ὼς</span> <span class='ocrx_word' id='word_1_571' title='bbox 1019 4397 1157 4468; x_wconf 76' lang='grc' dir='ltr'>μετὰ</span> <span class='ocrx_word' id='word_1_572' title='bbox 1188 4399 1286 4470; x_wconf 83' lang='grc' dir='ltr'><strong>τὴν</strong></span> <span class='ocrx_word' id='word_1_573' title='bbox 1401 4396 1731 4452; x_wconf 85' lang='grc' dir='ltr'>ἐπιδείκνυσι</span> <span class='ocrx_word' id='word_1_574' title='bbox 1773 4396 1842 4450; x_wconf 82' lang='grc' dir='ltr'>τὰ</span> 
     </span>
    </p>
   </div>
   <div class='ocr_carea' id='block_1_83' title="bbox 276 4467 753 4533">
    <p class='ocr_par' dir='ltr' id='par_1_83' title="bbox 276 4467 753 4533">
     <span class='ocr_line' id='line_1_83' title="bbox 276 4467 753 4533; baseline -0.002 -15"><span class='ocrx_word' id='word_1_575' title='bbox 276 4467 550 4533; x_wconf 81' lang='grc' dir='ltr'>προοίμια,</span> <span class='ocrx_word' id='word_1_576' title='bbox 584 4478 753 4520; x_wconf 88' lang='lat' dir='ltr'><strong>recte.</strong></span> 
     </span>
    </p>
   </div>
   <div class='ocr_carea' id='block_1_84' title="bbox 1953 3266 3520 3339">
    <p class='ocr_par' dir='ltr' id='par_1_84' title="bbox 1953 3266 3520 3339">
     <span class='ocr_line' id='line_1_84' title="bbox 1953 3266 3520 3339; baseline 0.006 -21"><span class='ocrx_word' id='word_1_577' title='bbox 1953 3266 2308 3339; x_wconf 72' lang='lat' dir='ltr'><strong>fmdissimtuu</strong></span> <span class='ocrx_word' id='word_1_578' title='bbox 2355 3267 2504 3339; x_wconf 86' lang='lat' dir='ltr'><strong>illum</strong></span> <span class='ocrx_word' id='word_1_579' title='bbox 2555 3266 2822 3339; x_wconf 68' lang='lat' dir='ltr'><strong>morbum,</strong></span> <span class='ocrx_word' id='word_1_580' title='bbox 2870 3266 3077 3338; x_wconf 76' lang='lat' dir='ltr'><strong>Septem</strong></span> <span class='ocrx_word' id='word_1_581' title='bbox 3111 3272 3258 3330; x_wconf 88' lang='lat' dir='ltr'><strong>anui,</strong></span> <span class='ocrx_word' id='word_1_582' title='bbox 3319 3285 3372 3324; x_wconf 92' lang='lat' dir='ltr'><strong>ut</strong></span> <span class='ocrx_word' id='word_1_583' title='bbox 3407 3275 3520 3339; x_wconf 88' lang='lat' dir='ltr'><strong>ipse</strong></span> 
     </span>
    </p>
   </div>
   <div class='ocr_carea' id='block_1_85' title="bbox 1952 3337 3517 3408">
    <p class='ocr_par' dir='ltr' id='par_1_85' title="bbox 1952 3337 3517 3408">
     <span class='ocr_line' id='line_1_85' title="bbox 1952 3337 3517 3408; baseline 0.004 -20"><span class='ocrx_word' id='word_1_584' title='bbox 1952 3339 2048 3408; x_wconf 79' lang='lat' dir='ltr'><strong>ait,</strong></span> <span class='ocrx_word' id='word_1_585' title='bbox 2083 3337 2508 3408; x_wconf 54' lang='lat' dir='ltr'><strong>intercesserint.</strong></span> <span class='ocrx_word' id='word_1_586' title='bbox 2561 3337 2665 3393; x_wconf 87' lang='lat' dir='ltr'><strong>Sed</strong></span> <span class='ocrx_word' id='word_1_587' title='bbox 2720 3337 3006 3408; x_wconf 72' lang='lat' dir='ltr'><strong>ult&#39;lllnqtle</strong></span> <span class='ocrx_word' id='word_1_588' title='bbox 3044 3340 3401 3408; x_wconf 83' lang='lat' dir='ltr'><strong>objectioncm</strong></span> <span class='ocrx_word' id='word_1_589' title='bbox 3429 3337 3517 3395; x_wconf 80' lang='lat' dir='ltr'><strong>re-</strong></span> 
     </span>
    </p>
   </div>
   <div class='ocr_carea' id='block_1_86' title="bbox 1951 3406 3514 3478">
    <p class='ocr_par' dir='ltr' id='par_1_86' title="bbox 1951 3406 3514 3478">
     <span class='ocr_line' id='line_1_86' title="bbox 1951 3406 3514 3478; baseline 0.004 -18"><span class='ocrx_word' id='word_1_590' title='bbox 1951 3406 2138 3478; x_wconf 84' lang='lat' dir='ltr'><strong>fellere</strong></span> <span class='ocrx_word' id='word_1_591' title='bbox 2171 3407 2482 3461; x_wconf 85' lang='lat' dir='ltr'><strong>facillimum</strong></span> <span class='ocrx_word' id='word_1_592' title='bbox 2516 3408 2693 3462; x_wconf 91' lang='lat' dir='ltr'><strong>fuerit.</strong></span> <span class='ocrx_word' id='word_1_593' title='bbox 2722 3408 2903 3478; x_wconf 80' lang='lat' dir='ltr'><strong>Neque</strong></span> <span class='ocrx_word' id='word_1_594' title='bbox 2920 3406 3072 3463; x_wconf 81' lang='lat' dir='ltr'><strong>enim</strong></span> <span class='ocrx_word' id='word_1_595' title='bbox 3099 3406 3228 3464; x_wconf 83' lang='lat' dir='ltr'><strong>dicit</strong></span> <span class='ocrx_word' id='word_1_596' title='bbox 3251 3411 3514 3466; x_wconf 85' lang='lat' dir='ltr'><strong>Eusebius</strong></span> 
     </span>
    </p>
   </div>
   <div class='ocr_carea' id='block_1_87' title="bbox 1952 3477 3514 3546">
    <p class='ocr_par' dir='ltr' id='par_1_87' title="bbox 1952 3477 3514 3546">
     <span class='ocr_line' id='line_1_87' title="bbox 1952 3477 3514 3546; baseline 0.006 -18"><span class='ocrx_word' id='word_1_597' title='bbox 1952 3477 2003 3546; x_wconf 81' lang='lat' dir='ltr'><strong>id</strong></span> <span class='ocrx_word' id='word_1_598' title='bbox 2042 3480 2185 3544; x_wconf 90' lang='lat' dir='ltr'><strong>quod</strong></span> <span class='ocrx_word' id='word_1_599' title='bbox 2241 3478 2339 3544; x_wconf 89' lang='lat' dir='ltr'><strong>ipsi</strong></span> <span class='ocrx_word' id='word_1_600' title='bbox 2382 3479 2658 3546; x_wconf 79' lang='lat' dir='ltr'><strong>objicitur.</strong></span> <span class='ocrx_word' id='word_1_601' title='bbox 2714 3477 2890 3532; x_wconf 84' lang='lat' dir='ltr'><strong>Utitur</strong></span> <span class='ocrx_word' id='word_1_602' title='bbox 2932 3482 3149 3546; x_wconf 91' lang='lat' dir='ltr'><strong>quidem</strong></span> <span class='ocrx_word' id='word_1_603' title='bbox 3203 3483 3514 3537; x_wconf 87' lang='lat' dir='ltr'><strong>testimonio</strong></span> 
     </span>
    </p>
   </div>
   <div class='ocr_carea' id='block_1_88' title="bbox 1948 3543 3509 3620">
    <p class='ocr_par' dir='ltr' id='par_1_88' title="bbox 1948 3543 3509 3620">
     <span class='ocr_line' id='line_1_88' title="bbox 1948 3543 3509 3620; baseline 0.004 -22"><span class='ocrx_word' id='word_1_604' title='bbox 1948 3543 2191 3620; x_wconf 62' lang='lat' dir='ltr'><strong>dosephi,</strong></span> <span class='ocrx_word' id='word_1_605' title='bbox 2240 3543 2298 3598; x_wconf 84' lang='lat' dir='ltr'><strong>ut</strong></span> <span class='ocrx_word' id='word_1_606' title='bbox 2329 3543 2517 3620; x_wconf 75' lang='lat' dir='ltr'><strong>probet</strong></span> <span class='ocrx_word' id='word_1_607' title='bbox 2549 3548 2814 3620; x_wconf 81' lang='lat' dir='ltr'><strong>Herodem</strong></span> <span class='ocrx_word' id='word_1_608' title='bbox 2846 3543 3097 3602; x_wconf 63' lang='lat' dir='ltr'><strong>masimis</strong></span> <span class='ocrx_word' id='word_1_609' title='bbox 3135 3548 3381 3604; x_wconf 77' lang='lat' dir='ltr'><strong>affectum</strong></span> <span class='ocrx_word' id='word_1_610' title='bbox 3415 3555 3509 3620; x_wconf 81' lang='lat' dir='ltr'><strong>do-</strong></span> 
     </span>
    </p>
   </div>
   <div class='ocr_carea' id='block_1_89' title="bbox 1951 3616 3512 3688">
    <p class='ocr_par' dir='ltr' id='par_1_89' title="bbox 1951 3616 3512 3688">
     <span class='ocr_line' id='line_1_89' title="bbox 1951 3616 3512 3688; baseline 0.006 -21"><span class='ocrx_word' id='word_1_611' title='bbox 1951 3616 2152 3688; x_wconf 81' lang='lat' dir='ltr'><strong>loribus</strong></span> <span class='ocrx_word' id='word_1_612' title='bbox 2183 3619 2472 3685; x_wconf 88' lang='lat' dir='ltr'><strong>interiisse,</strong></span> <span class='ocrx_word' id='word_1_613' title='bbox 2526 3623 2594 3673; x_wconf 89' lang='lat' dir='ltr'><strong>ob</strong></span> <span class='ocrx_word' id='word_1_614' title='bbox 2629 3619 2835 3688; x_wconf 85' lang='lat' dir='ltr'><strong>scelera</strong></span> <span class='ocrx_word' id='word_1_615' title='bbox 2862 3634 2983 3686; x_wconf 85' lang='lat' dir='ltr'><strong>quae</strong></span> <span class='ocrx_word' id='word_1_616' title='bbox 3029 3629 3139 3673; x_wconf 86' lang='lat' dir='ltr'><strong>toto</strong></span> <span class='ocrx_word' id='word_1_617' title='bbox 3175 3621 3295 3674; x_wconf 75' lang='lat' dir='ltr'><strong>vita:</strong></span> <span class='ocrx_word' id='word_1_618' title='bbox 3335 3616 3512 3688; x_wconf 82' lang='lat' dir='ltr'><strong>spatio</strong></span> 
     </span>
    </p>
   </div>
   <div class='ocr_carea' id='block_1_90' title="bbox 1949 3686 3510 3756">
    <p class='ocr_par' dir='ltr' id='par_1_90' title="bbox 1949 3686 3510 3756">
     <span class='ocr_line' id='line_1_90' title="bbox 1949 3686 3510 3756; baseline 0.006 -20"><span class='ocrx_word' id='word_1_619' title='bbox 1949 3687 2258 3746; x_wconf 88' lang='lat' dir='ltr'><strong>admiserat,</strong></span> <span class='ocrx_word' id='word_1_620' title='bbox 2313 3703 2417 3740; x_wconf 90' lang='lat' dir='ltr'><strong>non</strong></span> <span class='ocrx_word' id='word_1_621' title='bbox 2467 3703 2596 3743; x_wconf 90' lang='lat' dir='ltr'><strong>vero</strong></span> <span class='ocrx_word' id='word_1_622' title='bbox 2649 3698 2708 3741; x_wconf 92' lang='lat' dir='ltr'><strong>ut</strong></span> <span class='ocrx_word' id='word_1_623' title='bbox 2749 3686 2964 3756; x_wconf 86' lang='lat' dir='ltr'><strong>&#39;prohet,</strong></span> <span class='ocrx_word' id='word_1_624' title='bbox 3017 3705 3109 3742; x_wconf 90' lang='lat' dir='ltr'><strong>eos</strong></span> <span class='ocrx_word' id='word_1_625' title='bbox 3136 3686 3410 3744; x_wconf 78' lang='lat' dir='ltr'><strong>cruciatus</strong></span> <span class='ocrx_word' id='word_1_626' title='bbox 3441 3697 3510 3745; x_wconf 85' lang='lat' dir='ltr'><strong>ob</strong></span> 
     </span>
    </p>
   </div>
   <div class='ocr_carea' id='block_1_91' title="bbox 1949 3756 3509 3826">
    <p class='ocr_par' dir='ltr' id='par_1_91' title="bbox 1949 3756 3509 3826">
     <span class='ocr_line' id='line_1_91' title="bbox 1949 3756 3509 3826; baseline 0.004 -19"><span class='ocrx_word' id='word_1_627' title='bbox 1949 3757 2146 3826; x_wconf 67' lang='lat' dir='ltr'><strong>caulem</strong></span> <span class='ocrx_word' id='word_1_628' title='bbox 2181 3756 2441 3809; x_wconf 75' lang='lat' dir='ltr'><strong>infantum</strong></span> <span class='ocrx_word' id='word_1_629' title='bbox 2473 3767 2524 3810; x_wconf 92' lang='lat' dir='ltr'><strong>et</strong></span> <span class='ocrx_word' id='word_1_630' title='bbox 2555 3759 2980 3826; x_wconf 88' lang='lat' dir='ltr'><strong>persecutionem</strong></span> <span class='ocrx_word' id='word_1_631' title='bbox 3011 3759 3210 3814; x_wconf 83' lang='lat' dir='ltr'><strong>Christi</strong></span> <span class='ocrx_word' id='word_1_632' title='bbox 3245 3760 3509 3814; x_wconf 88' lang='lat' dir='ltr'><strong>Herodem</strong></span> 
     </span>
    </p>
   </div>
   <div class='ocr_carea' id='block_1_92' title="bbox 1949 3824 3509 3897">
    <p class='ocr_par' dir='ltr' id='par_1_92' title="bbox 1949 3824 3509 3897">
     <span class='ocr_line' id='line_1_92' title="bbox 1949 3824 3509 3897; baseline 0.007 -24"><span class='ocrx_word' id='word_1_633' title='bbox 1949 3824 2249 3892; x_wconf 86' lang='lat' dir='ltr'><strong>pertulisse.</strong></span> <span class='ocrx_word' id='word_1_634' title='bbox 2303 3824 2658 3892; x_wconf 76' lang='lat' dir='ltr'><strong>Quamobrem</strong></span> <span class='ocrx_word' id='word_1_635' title='bbox 2720 3843 2824 3881; x_wconf 92' lang='lat' dir='ltr'><strong>non</strong></span> <span class='ocrx_word' id='word_1_636' title='bbox 2867 3839 2950 3881; x_wconf 88' lang='lat' dir='ltr'><strong>est</strong></span> <span class='ocrx_word' id='word_1_637' title='bbox 2999 3830 3295 3897; x_wconf 88' lang='lat' dir='ltr'><strong>culpandus</strong></span> <span class='ocrx_word' id='word_1_638' title='bbox 3336 3830 3509 3884; x_wconf 78' lang='lat' dir='ltr'><strong>Eusc-</strong></span> 
     </span>
    </p>
   </div>
   <div class='ocr_carea' id='block_1_93' title="bbox 1949 3896 3506 3968">
    <p class='ocr_par' dir='ltr' id='par_1_93' title="bbox 1949 3896 3506 3968">
     <span class='ocr_line' id='line_1_93' title="bbox 1949 3896 3506 3968; baseline 0.004 -23"><span class='ocrx_word' id='word_1_639' title='bbox 1949 3896 2088 3968; x_wconf 82' lang='lat' dir='ltr'><strong>hius,</strong></span> <span class='ocrx_word' id='word_1_640' title='bbox 2111 3897 2212 3968; x_wconf 82' lang='lat' dir='ltr'><strong>sed</strong></span> <span class='ocrx_word' id='word_1_641' title='bbox 2259 3899 2436 3968; x_wconf 85' lang='lat' dir='ltr'><strong>potius</strong></span> <span class='ocrx_word' id='word_1_642' title='bbox 2481 3899 2742 3950; x_wconf 80' lang='lat' dir='ltr'><strong>laudantia</strong></span> <span class='ocrx_word' id='word_1_643' title='bbox 2771 3906 2853 3968; x_wconf 84' lang='lat' dir='ltr'><strong>est</strong></span> <span class='ocrx_word' id='word_1_644' title='bbox 2892 3896 3007 3968; x_wconf 85' lang='lat' dir='ltr'><strong>ejus</strong></span> <span class='ocrx_word' id='word_1_645' title='bbox 3042 3896 3172 3953; x_wconf 87' lang='lat' dir='ltr'><strong>fides</strong></span> <span class='ocrx_word' id='word_1_646' title='bbox 3218 3908 3382 3968; x_wconf 86' lang='lat' dir='ltr'><strong>atque</strong></span> <span class='ocrx_word' id='word_1_647' title='bbox 3421 3903 3506 3953; x_wconf 87' lang='lat' dir='ltr'><strong>in-</strong></span> 
     </span>
    </p>
   </div>
   <div class='ocr_carea' id='block_1_94' title="bbox 1947 3967 3506 4036">
    <p class='ocr_par' dir='ltr' id='par_1_94' title="bbox 1947 3967 3506 4036">
     <span class='ocr_line' id='line_1_94' title="bbox 1947 3967 3506 4036; baseline 0.006 -22"><span class='ocrx_word' id='word_1_648' title='bbox 1947 3967 2152 4036; x_wconf 78' lang='lat' dir='ltr'><strong>dustria</strong></span> <span class='ocrx_word' id='word_1_649' title='bbox 2182 3981 2194 4015; x_wconf 92' lang='lat'>:</span> <span class='ocrx_word' id='word_1_650' title='bbox 2222 3967 2310 4032; x_wconf 89' lang='lat' dir='ltr'><strong>qui</strong></span> <span class='ocrx_word' id='word_1_651' title='bbox 2358 3982 2479 4019; x_wconf 90' lang='lat' dir='ltr'><strong>cum</strong></span> <span class='ocrx_word' id='word_1_652' title='bbox 2515 3983 2577 4019; x_wconf 82' lang='lat' dir='ltr'><strong>ex</strong></span> <span class='ocrx_word' id='word_1_653' title='bbox 2613 3967 2935 4035; x_wconf 83' lang='lat' dir='ltr'><strong>evangelicis</strong></span> <span class='ocrx_word' id='word_1_654' title='bbox 2985 3968 3133 4020; x_wconf 90' lang='lat' dir='ltr'><strong>libris</strong></span> <span class='ocrx_word' id='word_1_655' title='bbox 3167 3967 3506 4036; x_wconf 89' lang='lat' dir='ltr'><strong>compertum</strong></span> 
     </span>
    </p>
   </div>
   <div class='ocr_carea' id='block_1_95' title="bbox 1945 4033 3507 4106">
    <p class='ocr_par' dir='ltr' id='par_1_95' title="bbox 1945 4033 3507 4106">
     <span class='ocr_line' id='line_1_95' title="bbox 1945 4033 3507 4106; baseline 0.004 -20"><span class='ocrx_word' id='word_1_656' title='bbox 1945 4033 2190 4097; x_wconf 86' lang='lat' dir='ltr'><strong>haberet,</strong></span> <span class='ocrx_word' id='word_1_657' title='bbox 2224 4035 2486 4106; x_wconf 81' lang='lat' dir='ltr'><strong>llerodem</strong></span> <span class='ocrx_word' id='word_1_658' title='bbox 2513 4033 2774 4090; x_wconf 67' lang='lat' dir='ltr'><strong>nascenti</strong></span> <span class='ocrx_word' id='word_1_659' title='bbox 2788 4037 3001 4091; x_wconf 83' lang='lat' dir='ltr'><strong>Christo</strong></span> <span class='ocrx_word' id='word_1_660' title='bbox 3034 4037 3257 4092; x_wconf 90' lang='lat' dir='ltr'><strong>insidias</strong></span> <span class='ocrx_word' id='word_1_661' title='bbox 3284 4033 3507 4106; x_wconf 81' lang='lat' dir='ltr'><strong>contpa-</strong></span> 
     </span>
    </p>
   </div>
   <div class='ocr_carea' id='block_1_96' title="bbox 1946 4105 3506 4172">
    <p class='ocr_par' dir='ltr' id='par_1_96' title="bbox 1946 4105 3506 4172">
     <span class='ocr_line' id='line_1_96' title="bbox 1946 4105 3506 4172; baseline 0.004 -17"><span class='ocrx_word' id='word_1_662' title='bbox 1946 4117 2118 4169; x_wconf 87' lang='lat' dir='ltr'><strong>rasse,</strong></span> <span class='ocrx_word' id='word_1_663' title='bbox 2169 4114 2223 4158; x_wconf 92' lang='lat' dir='ltr'><strong>et</strong></span> <span class='ocrx_word' id='word_1_664' title='bbox 2267 4105 2498 4160; x_wconf 86' lang='lat' dir='ltr'><strong>infantes</strong></span> <span class='ocrx_word' id='word_1_665' title='bbox 2551 4107 3024 4161; x_wconf 81' lang='lat' dir='ltr'><strong>Bcthlehemiticos</strong></span> <span class='ocrx_word' id='word_1_666' title='bbox 3076 4105 3506 4172; x_wconf 28' lang='lat' dir='ltr'><strong>trucidasse,’ut</strong></span> 
     </span>
    </p>
   </div>
   <div class='ocr_carea' id='block_1_97' title="bbox 1944 4176 3505 4248">
    <p class='ocr_par' dir='ltr' id='par_1_97' title="bbox 1944 4176 3505 4248">
     <span class='ocr_line' id='line_1_97' title="bbox 1944 4176 3505 4248; baseline 0.006 -23"><span class='ocrx_word' id='word_1_667' title='bbox 1944 4188 2129 4248; x_wconf 77' lang='lat' dir='ltr'><strong>eorum</strong></span> <span class='ocrx_word' id='word_1_668' title='bbox 2157 4177 2303 4248; x_wconf 57' lang='lat' dir='ltr'><strong>crede</strong></span> <span class='ocrx_word' id='word_1_669' title='bbox 2337 4178 2610 4230; x_wconf 72' lang='lat' dir='ltr'><strong>Christum</strong></span> <span class='ocrx_word' id='word_1_670' title='bbox 2641 4191 2856 4248; x_wconf 88' lang='lat' dir='ltr'><strong>quoque</strong></span> <span class='ocrx_word' id='word_1_671' title='bbox 2905 4176 3226 4248; x_wconf 86' lang='lat' dir='ltr'><strong>involveret;</strong></span> <span class='ocrx_word' id='word_1_672' title='bbox 3272 4195 3505 4248; x_wconf 86' lang='lat' dir='ltr'><strong>cumque</strong></span> 
     </span>
    </p>
   </div>
   <div class='ocr_carea' id='block_1_98' title="bbox 1943 4241 3503 4317">
    <p class='ocr_par' dir='ltr' id='par_1_98' title="bbox 1943 4241 3503 4317">
     <span class='ocr_line' id='line_1_98' title="bbox 1943 4241 3503 4317; baseline 0.004 -19"><span class='ocrx_word' id='word_1_673' title='bbox 1943 4259 2008 4298; x_wconf 79' lang='lat' dir='ltr'><strong>ex</strong></span> <span class='ocrx_word' id='word_1_674' title='bbox 2041 4241 2619 4317; x_wconf 10' lang='lat' dir='ltr'><strong>Josephirtestimonio</strong></span> <span class='ocrx_word' id='word_1_675' title='bbox 2657 4241 2966 4313; x_wconf 52' lang='lat' dir='ltr'><strong>’didi&#39;cisset,</strong></span> <span class='ocrx_word' id='word_1_676' title='bbox 3025 4241 3290 4303; x_wconf 86' lang='lat' dir='ltr'><strong>Herodem</strong></span> <span class='ocrx_word' id='word_1_677' title='bbox 3345 4241 3503 4317; x_wconf 77' lang='lat' dir='ltr'><strong>paulo</strong></span> 
     </span>
    </p>
   </div>
   <div class='ocr_carea' id='block_1_99' title="bbox 1943 4314 3501 4388">
    <p class='ocr_par' dir='ltr' id='par_1_99' title="bbox 1943 4314 3501 4388">
     <span class='ocr_line' id='line_1_99' title="bbox 1943 4314 3501 4388; baseline 0.006 -22"><span class='ocrx_word' id='word_1_678' title='bbox 1943 4325 2126 4388; x_wconf 84' lang='lat' dir='ltr'><strong>postea</strong></span> <span class='ocrx_word' id='word_1_679' title='bbox 2151 4314 2418 4388; x_wconf 76' lang='lat' dir='ltr'><strong>pestilenti</strong></span> <span class='ocrx_word' id='word_1_680' title='bbox 2462 4316 2642 4388; x_wconf 82' lang='lat' dir='ltr'><strong>ulcere</strong></span> <span class='ocrx_word' id='word_1_681' title='bbox 2687 4327 3062 4388; x_wconf 84' lang='lat' dir='ltr'><strong>consumptum</strong></span> <span class='ocrx_word' id='word_1_682' title='bbox 3112 4319 3252 4372; x_wconf 91' lang='lat' dir='ltr'><strong>inter</strong></span> <span class='ocrx_word' id='word_1_683' title='bbox 3295 4314 3501 4388; x_wconf 80' lang='lat' dir='ltr'><strong>gravis-</strong></span> 
     </span>
    </p>
   </div>
   <div class='ocr_carea' id='block_1_100' title="bbox 1941 4384 3504 4458">
    <p class='ocr_par' dir='ltr' id='par_1_100' title="bbox 1941 4384 3504 4458">
     <span class='ocr_line' id='line_1_100' title="bbox 1941 4384 3504 4458; baseline 0.004 -22"><span class='ocrx_word' id='word_1_684' title='bbox 1941 4384 2623 4458; x_wconf 67' lang='lat' dir='ltr'><strong>simosdoloresanimam</strong></span> <span class='ocrx_word' id='word_1_685' title='bbox 2654 4384 2958 4458; x_wconf 77' lang='lat' dir='ltr'><strong>exhalasse,</strong></span> <span class='ocrx_word' id='word_1_686' title='bbox 3009 4384 3320 4458; x_wconf 51' lang='lat' dir='ltr'><strong>utrumquc&#39;</strong></span> <span class='ocrx_word' id='word_1_687' title='bbox 3342 4390 3504 4445; x_wconf 86' lang='lat' dir='ltr'><strong>simul</strong></span> 
     </span>
    </p>
   </div>
   <div class='ocr_carea' id='block_1_101' title="bbox 1943 4454 3498 4526">
    <p class='ocr_par' dir='ltr' id='par_1_101' title="bbox 1943 4454 3498 4526">
     <span class='ocr_line' id='line_1_101' title="bbox 1943 4454 3498 4526; baseline 0.005 -20"><span class='ocrx_word' id='word_1_688' title='bbox 1943 4454 2561 4526; x_wconf 80' lang='lat' dir='ltr'><strong>aptissimeeonjunxit,</strong></span> <span class='ocrx_word' id='word_1_689' title='bbox 2614 4472 2678 4511; x_wconf 90' lang='lat' dir='ltr'><strong>ac</strong></span> <span class='ocrx_word' id='word_1_690' title='bbox 2724 4456 2942 4526; x_wconf 82' lang='lat' dir='ltr'><strong>Josephi</strong></span> <span class='ocrx_word' id='word_1_691' title='bbox 2983 4454 3225 4526; x_wconf 44' lang='lat' dir='ltr'><strong>quideui—</strong></span> <span class='ocrx_word' id='word_1_692' title='bbox 3255 4462 3498 4513; x_wconf 83' lang='lat' dir='ltr'><strong>testimo-</strong></span> 
     </span>
    </p>
   </div>
   <div class='ocr_carea' id='block_1_102' title="bbox 340 4525 1848 4604">
    <p class='ocr_par' dir='ltr' id='par_1_102' title="bbox 340 4525 1832 4604">
     <span class='ocr_line' id='line_1_102' title="bbox 340 4525 1832 4604; baseline -0.001 -17"><span class='ocrx_word' id='word_1_693' title='bbox 340 4525 443 4604; x_wconf 69' lang='grc'><strong>(16)</strong></span> <span class='ocrx_word' id='word_1_694' title='bbox 472 4525 637 4604; x_wconf 64' lang='grc' dir='ltr'><strong>γίιιε.</strong></span> <span class='ocrx_word' id='word_1_695' title='bbox 671 4531 858 4604; x_wconf 6' lang='grc' dir='ltr'>οὐδὲν,</span> <span class='ocrx_word' id='word_1_696' title='bbox 883 4529 1010 4586; x_wconf 77' lang='grc' dir='ltr'><strong>οἶόν</strong></span> <span class='ocrx_word' id='word_1_697' title='bbox 1036 4529 1586 4604; x_wconf 36' lang='grc' dir='ltr'>τεματςλέγεζινκιιι</span> <span class='ocrx_word' id='word_1_698' title='bbox 1618 4530 1757 4604; x_wconf 67' lang='grc' dir='ltr'><strong>Μία.⁸</strong></span> <span class='ocrx_word' id='word_1_699' title='bbox 1780 4542 1832 4604; x_wconf 85' lang='lat' dir='ltr'><strong>et</strong></span> 
     </span>
    </p>
   </div>
   <div class='ocr_carea' id='block_1_103' title="bbox 1953 4525 3502 4604">
    <p class='ocr_par' dir='ltr' id='par_1_103' title="bbox 1953 4525 3502 4604">
     <span class='ocr_line' id='line_1_103' title="bbox 1953 4525 3502 4604; baseline 0.005 -29"><span class='ocrx_word' id='word_1_700' title='bbox 1953 4525 2321 4604; x_wconf 60' lang='lat' dir='ltr'><strong>niumattulit,</strong></span> <span class='ocrx_word' id='word_1_701' title='bbox 2347 4536 2405 4578; x_wconf 89' lang='lat' dir='ltr'><strong>ut</strong></span> <span class='ocrx_word' id='word_1_702' title='bbox 2434 4541 2546 4579; x_wconf 89' lang='lat' dir='ltr'><strong>rem</strong></span> <span class='ocrx_word' id='word_1_703' title='bbox 2588 4528 2757 4595; x_wconf 89' lang='lat' dir='ltr'><strong>ipsam</strong></span> <span class='ocrx_word' id='word_1_704' title='bbox 2787 4525 2945 4604; x_wconf 74' lang='lat' dir='ltr'><strong>prcut</strong></span> <span class='ocrx_word' id='word_1_705' title='bbox 2971 4525 3242 4604; x_wconf 67' lang='lat' dir='ltr'><strong>acciderat</strong></span> <span class='ocrx_word' id='word_1_706' title='bbox 3271 4543 3502 4598; x_wconf 80' lang='lat' dir='ltr'><strong>expone-</strong></span> 
     </span>
    </p>
   </div>
   <div class='ocr_carea' id='block_1_104' title="bbox 276 4597 1832 4658">
    <p class='ocr_par' dir='ltr' id='par_1_104' title="bbox 276 4597 1832 4658">
     <span class='ocr_line' id='line_1_104' title="bbox 276 4597 1832 4658; baseline -0.003 0"><span class='ocrx_word' id='word_1_707' title='bbox 276 4597 396 4658; x_wconf 74' lang='lat' dir='ltr'><strong>Fnlt.</strong></span> <span class='ocrx_word' id='word_1_708' title='bbox 427 4597 715 4657; x_wconf 71' lang='lat' dir='ltr'><strong>codicibus</strong></span> <span class='ocrx_word' id='word_1_709' title='bbox 759 4603 1013 4656; x_wconf 90' lang='lat' dir='ltr'><strong>scribitur</strong></span> <span class='ocrx_word' id='word_1_710' title='bbox 1039 4602 1189 4655; x_wconf 77' lang='grc' dir='ltr'>οὐδὲν</span> <span class='ocrx_word' id='word_1_711' title='bbox 1225 4597 1336 4656; x_wconf 72' lang='grc' dir='ltr'>οἷον</span> <span class='ocrx_word' id='word_1_712' title='bbox 1361 4597 1438 4654; x_wconf 63' lang='grc' dir='ltr'><strong>τὸ</strong></span> <span class='ocrx_word' id='word_1_713' title='bbox 1472 4600 1566 4654; x_wconf 80' lang='grc' dir='ltr'>νῦν</span> <span class='ocrx_word' id='word_1_714' title='bbox 1607 4601 1832 4654; x_wconf 85' lang='grc' dir='ltr'>καταλέ-</span> 
     </span>
    </p>
   </div>
   <div class='ocr_carea' id='block_1_105' title="bbox 283 4672 1828 4743">
    <p class='ocr_par' dir='ltr' id='par_1_105' title="bbox 283 4672 1828 4743">
     <span class='ocr_line' id='line_1_105' title="bbox 283 4672 1828 4743; baseline -0.001 -15"><span class='ocrx_word' id='word_1_715' title='bbox 283 4694 397 4743; x_wconf 78' lang='grc' dir='ltr'>γειν.</span> <span class='ocrx_word' id='word_1_716' title='bbox 426 4676 608 4742; x_wconf 82' lang='lat' dir='ltr'><strong>Atque</strong></span> <span class='ocrx_word' id='word_1_717' title='bbox 653 4674 724 4726; x_wconf 89' lang='lat' dir='ltr'><strong>ita</strong></span> <span class='ocrx_word' id='word_1_718' title='bbox 754 4673 920 4726; x_wconf 80' lang='lat' dir='ltr'><strong>codex</strong></span> <span class='ocrx_word' id='word_1_719' title='bbox 947 4673 1088 4743; x_wconf 15' lang='lat' dir='ltr'><strong>Medi.</strong></span> <span class='ocrx_word' id='word_1_720' title='bbox 1131 4673 1282 4741; x_wconf 89' lang='lat' dir='ltr'><strong>prius</strong></span> <span class='ocrx_word' id='word_1_721' title='bbox 1311 4672 1572 4743; x_wconf 63' lang='lat' dir='ltr'><strong>scripturn</strong></span> <span class='ocrx_word' id='word_1_722' title='bbox 1619 4672 1828 4743; x_wconf 72' lang='lat' dir='ltr'><strong>habuit.</strong></span> 
     </span>
    </p>
   </div>
   <div class='ocr_carea' id='block_1_106' title="bbox 277 4740 1830 4814">
    <p class='ocr_par' dir='ltr' id='par_1_106' title="bbox 277 4740 1830 4814">
     <span class='ocr_line' id='line_1_106' title="bbox 277 4740 1830 4814; baseline -0.001 -18"><span class='ocrx_word' id='word_1_723' title='bbox 277 4740 363 4798; x_wconf 78' lang='lat' dir='ltr'><strong>Est</strong></span> <span class='ocrx_word' id='word_1_724' title='bbox 394 4740 614 4814; x_wconf 83' lang='lat' dir='ltr'><strong>quidem</strong></span> <span class='ocrx_word' id='word_1_725' title='bbox 655 4744 769 4814; x_wconf 63' lang='lat' dir='ltr'><strong>hinc</strong></span> <span class='ocrx_word' id='word_1_726' title='bbox 796 4744 1011 4814; x_wconf 85' lang='lat' dir='ltr'><strong>locutio</strong></span> <span class='ocrx_word' id='word_1_727' title='bbox 1049 4740 1331 4814; x_wconf 82' lang='lat' dir='ltr'><strong>familiaris</strong></span> <span class='ocrx_word' id='word_1_728' title='bbox 1360 4741 1636 4814; x_wconf 32' lang='lat' dir='ltr'><strong>Eusebio:</strong></span> <span class='ocrx_word' id='word_1_729' title='bbox 1655 4740 1744 4796; x_wconf 92' lang='lat' dir='ltr'><strong>Sic</strong></span> <span class='ocrx_word' id='word_1_730' title='bbox 1774 4742 1830 4795; x_wconf 90' lang='lat' dir='ltr'><strong>in</strong></span> 
     </span>
    </p>
   </div>
   <div class='ocr_carea' id='block_1_107' title="bbox 279 4809 1826 4882">
    <p class='ocr_par' dir='ltr' id='par_1_107' title="bbox 279 4809 1826 4882">
     <span class='ocr_line' id='line_1_107' title="bbox 279 4809 1826 4882; baseline -0.001 -15"><span class='ocrx_word' id='word_1_731' title='bbox 279 4831 387 4882; x_wconf 88' lang='lat' dir='ltr'><strong>cap.</strong></span> <span class='ocrx_word' id='word_1_732' title='bbox 411 4809 494 4866; x_wconf 70' lang='grc' dir='ltr'>’χιι</span> <span class='ocrx_word' id='word_1_733' title='bbox 547 4813 669 4882; x_wconf 72' lang='lat' dir='ltr'><strong>ljbri</strong></span> <span class='ocrx_word' id='word_1_734' title='bbox 714 4813 914 4881; x_wconf 86' lang='lat' dir='ltr'><strong>hujus,</strong></span> <span class='ocrx_word' id='word_1_735' title='bbox 968 4813 1247 4866; x_wconf 57' lang='lat' dir='ltr'><strong>historiam</strong></span> <span class='ocrx_word' id='word_1_736' title='bbox 1307 4812 1503 4882; x_wconf 80' lang='lat' dir='ltr'><strong>Abgari</strong></span> <span class='ocrx_word' id='word_1_737' title='bbox 1551 4809 1826 4882; x_wconf 88' lang='lat' dir='ltr'><strong>referens,</strong></span> 
     </span>
    </p>
   </div>
   <div class='ocr_carea' id='block_1_108' title="bbox 280 4878 1826 4936">
    <p class='ocr_par' dir='ltr' id='par_1_108' title="bbox 280 4878 1826 4936">
     <span class='ocr_line' id='line_1_108' title="bbox 280 4878 1826 4936; baseline -0.001 0"><span class='ocrx_word' id='word_1_738' title='bbox 280 4878 415 4936; x_wconf 71' lang='grc' dir='ltr'>οὐδὲν</span> <span class='ocrx_word' id='word_1_739' title='bbox 439 4884 494 4935; x_wconf 84' lang='grc' dir='ltr'><strong>δὲ</strong></span> <span class='ocrx_word' id='word_1_740' title='bbox 524 4878 634 4936; x_wconf 75' lang='grc' dir='ltr'>οἷον</span> <span class='ocrx_word' id='word_1_741' title='bbox 663 4884 757 4934; x_wconf 78' lang='grc' dir='ltr'><strong>καὶ</strong></span> <span class='ocrx_word' id='word_1_742' title='bbox 787 4878 965 4936; x_wconf 78' lang='grc' dir='ltr'>αὐτῶν</span> <span class='ocrx_word' id='word_1_743' title='bbox 1009 4881 1310 4936; x_wconf 78' lang='grc' dir='ltr'>ἐπακοῦσαι</span> <span class='ocrx_word' id='word_1_744' title='bbox 1351 4878 1458 4934; x_wconf 80' lang='grc' dir='ltr'><strong>τῶν</strong></span> <span class='ocrx_word' id='word_1_745' title='bbox 1500 4881 1792 4936; x_wconf 84' lang='grc' dir='ltr'>ἐπιστολῶν</span> <span class='ocrx_word' id='word_1_746' title='bbox 1810 4899 1826 4914; x_wconf 72' lang='grc' dir='ltr'>θ</span> 
     </span>
    </p>
   </div>
   <div class='ocr_carea' id='block_1_109' title="bbox 281 4951 1830 5008">
    <p class='ocr_par' dir='ltr' id='par_1_109' title="bbox 281 4951 1830 5008">
     <span class='ocr_line' id='line_1_109' title="bbox 281 4951 1830 5008; baseline 0.001 -2"><span class='ocrx_word' id='word_1_747' title='bbox 281 4964 328 5006; x_wconf 92' lang='lat' dir='ltr'><strong>et</strong></span> <span class='ocrx_word' id='word_1_748' title='bbox 365 4955 630 5007; x_wconf 81' lang='lat' dir='ltr'><strong>sexcentis</strong></span> <span class='ocrx_word' id='word_1_749' title='bbox 669 4953 788 5006; x_wconf 84' lang='lat' dir='ltr'><strong>aliis</strong></span> <span class='ocrx_word' id='word_1_750' title='bbox 818 4953 870 5006; x_wconf 90' lang='lat' dir='ltr'><strong>in</strong></span> <span class='ocrx_word' id='word_1_751' title='bbox 903 4955 1056 5008; x_wconf 91' lang='lat' dir='ltr'><strong>locis.</strong></span> <span class='ocrx_word' id='word_1_752' title='bbox 1089 4951 1287 5006; x_wconf 79' lang='lat' dir='ltr'><strong>Verum</strong></span> <span class='ocrx_word' id='word_1_753' title='bbox 1325 4952 1410 5006; x_wconf 90' lang='lat' dir='ltr'><strong>hic</strong></span> <span class='ocrx_word' id='word_1_754' title='bbox 1443 4968 1549 5004; x_wconf 82' lang='lat' dir='ltr'><strong>non</strong></span> <span class='ocrx_word' id='word_1_755' title='bbox 1578 4953 1830 5007; x_wconf 83' lang='lat' dir='ltr'><strong>convenit</strong></span> 
     </span>
    </p>
   </div>
   <div class='ocr_carea' id='block_1_110' title="bbox 282 5020 1827 5091">
    <p class='ocr_par' dir='ltr' id='par_1_110' title="bbox 282 5020 1827 5091">
     <span class='ocr_line' id='line_1_110' title="bbox 282 5020 1827 5091; baseline 0.001 -16"><span class='ocrx_word' id='word_1_756' title='bbox 282 5039 336 5076; x_wconf 89' lang='lat' dir='ltr'><strong>ca</strong></span> <span class='ocrx_word' id='word_1_757' title='bbox 363 5024 578 5076; x_wconf 88' lang='lat' dir='ltr'><strong>locutio.</strong></span> <span class='ocrx_word' id='word_1_758' title='bbox 610 5020 788 5086; x_wconf 87' lang='lat' dir='ltr'><strong>Quare</strong></span> <span class='ocrx_word' id='word_1_759' title='bbox 817 5038 922 5076; x_wconf 91' lang='lat' dir='ltr'><strong>non</strong></span> <span class='ocrx_word' id='word_1_760' title='bbox 953 5024 1139 5077; x_wconf 90' lang='lat' dir='ltr'><strong>dubito</strong></span> <span class='ocrx_word' id='word_1_761' title='bbox 1165 5026 1315 5091; x_wconf 90' lang='lat' dir='ltr'><strong>quin,</strong></span> <span class='ocrx_word' id='word_1_762' title='bbox 1349 5023 1705 5091; x_wconf 4' lang='lat' dir='ltr'><strong>unaqdempta</strong></span> <span class='ocrx_word' id='word_1_763' title='bbox 1736 5024 1827 5077; x_wconf 84' lang='lat' dir='ltr'><strong>lit-</strong></span> 
     </span>
    </p>
   </div>
   <div class='ocr_carea' id='block_1_111' title="bbox 284 5090 1830 5160">
    <p class='ocr_par' dir='ltr' id='par_1_111' title="bbox 284 5090 1830 5160">
     <span class='ocr_line' id='line_1_111' title="bbox 284 5090 1830 5160; baseline 0.001 -14"><span class='ocrx_word' id='word_1_764' title='bbox 284 5101 403 5156; x_wconf 89' lang='lat' dir='ltr'><strong>tera,</strong></span> <span class='ocrx_word' id='word_1_765' title='bbox 433 5092 772 5147; x_wconf 89' lang='lat' dir='ltr'><strong>scribendum</strong></span> <span class='ocrx_word' id='word_1_766' title='bbox 819 5094 886 5146; x_wconf 90' lang='lat' dir='ltr'><strong>sit</strong></span> <span class='ocrx_word' id='word_1_767' title='bbox 914 5094 1032 5146; x_wconf 79' lang='grc' dir='ltr'>οὐδὲ</span> <span class='ocrx_word' id='word_1_768' title='bbox 1059 5090 1280 5157; x_wconf 65' lang='grc' dir='ltr'>οἷόντε,</span> <span class='ocrx_word' id='word_1_769' title='bbox 1311 5102 1414 5148; x_wconf 89' lang='lat' dir='ltr'><strong>etc.</strong></span> <span class='ocrx_word' id='word_1_770' title='bbox 1448 5090 1830 5160; x_wconf 84' lang='lat' dir='ltr'><strong>Conjecturam</strong></span> 
     </span>
    </p>
   </div>
   <div class='ocr_carea' id='block_1_112' title="bbox 287 5161 1830 5230">
    <p class='ocr_par' dir='ltr' id='par_1_112' title="bbox 287 5161 1830 5230">
     <span class='ocr_line' id='line_1_112' title="bbox 287 5161 1830 5230; baseline 0.003 -18"><span class='ocrx_word' id='word_1_771' title='bbox 287 5172 506 5215; x_wconf 88' lang='lat' dir='ltr'><strong>nostram</strong></span> <span class='ocrx_word' id='word_1_772' title='bbox 556 5161 712 5230; x_wconf 90' lang='lat' dir='ltr'><strong>plane</strong></span> <span class='ocrx_word' id='word_1_773' title='bbox 755 5164 1036 5216; x_wconf 88' lang='lat' dir='ltr'><strong>confirmat</strong></span> <span class='ocrx_word' id='word_1_774' title='bbox 1068 5162 1422 5230; x_wconf 84' lang='lat' dir='ltr'><strong>Nicephorus,</strong></span> <span class='ocrx_word' id='word_1_775' title='bbox 1457 5163 1548 5228; x_wconf 88' lang='lat' dir='ltr'><strong>qui</strong></span> <span class='ocrx_word' id='word_1_776' title='bbox 1583 5163 1694 5216; x_wconf 73' lang='lat' dir='ltr'><strong>haec</strong></span> <span class='ocrx_word' id='word_1_777' title='bbox 1721 5163 1830 5216; x_wconf 87' lang='lat' dir='ltr'><strong>Eu-</strong></span> 
     </span>
    </p>
   </div>
   <div class='ocr_carea' id='block_1_113' title="bbox 287 5230 1829 5303">
    <p class='ocr_par' dir='ltr' id='par_1_113' title="bbox 287 5230 1829 5303">
     <span class='ocr_line' id='line_1_113' title="bbox 287 5230 1829 5303; baseline 0.004 -21"><span class='ocrx_word' id='word_1_778' title='bbox 287 5232 406 5303; x_wconf 70' lang='lat' dir='ltr'><strong>snhii</strong></span> <span class='ocrx_word' id='word_1_779' title='bbox 435 5232 600 5303; x_wconf 83' lang='lat' dir='ltr'><strong>verba_</strong></span> <span class='ocrx_word' id='word_1_780' title='bbox 627 5233 697 5284; x_wconf 88' lang='lat' dir='ltr'><strong>ita</strong></span> <span class='ocrx_word' id='word_1_781' title='bbox 724 5235 1010 5300; x_wconf 75' lang='lat' dir='ltr'><strong>expressit,</strong></span> <span class='ocrx_word' id='word_1_782' title='bbox 1033 5233 1156 5302; x_wconf 86' lang='grc' dir='ltr'>τόγε</span> <span class='ocrx_word' id='word_1_783' title='bbox 1183 5233 1280 5285; x_wconf 82' lang='grc' dir='ltr'>νῦν</span> <span class='ocrx_word' id='word_1_784' title='bbox 1321 5231 1440 5303; x_wconf 78' lang='grc' dir='ltr'>ἕχον</span> <span class='ocrx_word' id='word_1_785' title='bbox 1469 5230 1739 5300; x_wconf 84' lang='grc' dir='ltr'>διεξιέναι,</span> <span class='ocrx_word' id='word_1_786' title='bbox 1765 5232 1829 5288; x_wconf 80' lang='grc' dir='ltr'><strong>οὐ</strong></span> 
     </span>
    </p>
   </div>
   <div class='ocr_carea' id='block_1_114' title="bbox 289 5297 956 5372">
    <p class='ocr_par' dir='ltr' id='par_1_114' title="bbox 289 5297 956 5372">
     <span class='ocr_line' id='line_1_114' title="bbox 289 5297 956 5372; baseline 0.007 -21"><span class='ocrx_word' id='word_1_787' title='bbox 289 5300 517 5372; x_wconf 40' lang='grc' dir='ltr'>πρέ-πων,</span> <span class='ocrx_word' id='word_1_788' title='bbox 548 5297 718 5372; x_wconf 79' lang='grc' dir='ltr'>οἶμαι,</span> <span class='ocrx_word' id='word_1_789' title='bbox 747 5297 956 5372; x_wconf 73' lang='grc' dir='ltr'>καιρός.</span> 
     </span>
    </p>
   </div>
   <div class='ocr_carea' id='block_1_115' title="bbox 349 5368 1835 5441">
    <p class='ocr_par' dir='ltr' id='par_1_115' title="bbox 349 5368 1835 5441">
     <span class='ocr_line' id='line_1_115' title="bbox 349 5368 1835 5441; baseline 0.005 -22"><span class='ocrx_word' id='word_1_790' title='bbox 349 5368 452 5441; x_wconf 77' lang='grc' dir='ltr'><strong>(Π)</strong></span> <span class='ocrx_word' id='word_1_791' title='bbox 488 5373 580 5437; x_wconf 87' lang='grc' dir='ltr'>Ὠς</span> <span class='ocrx_word' id='word_1_792' title='bbox 606 5368 660 5424; x_wconf 81' lang='grc' dir='ltr'>δ’</span> <span class='ocrx_word' id='word_1_793' title='bbox 693 5373 813 5441; x_wconf 79' lang='grc' dir='ltr'>ἅμα</span> <span class='ocrx_word' id='word_1_794' title='bbox 836 5368 911 5441; x_wconf 68' lang='grc' dir='ltr'>τῇ</span> <span class='ocrx_word' id='word_1_795' title='bbox 953 5372 1101 5426; x_wconf 82' lang='grc' dir='ltr'>κατὰ</span> <span class='ocrx_word' id='word_1_796' title='bbox 1137 5372 1244 5427; x_wconf 84' lang='grc' dir='ltr'>τοῦ</span> <span class='ocrx_word' id='word_1_797' title='bbox 1293 5371 1566 5441; x_wconf 84' lang='grc' dir='ltr'>Σωτῆρος</span> <span class='ocrx_word' id='word_1_798' title='bbox 1591 5373 1687 5426; x_wconf 79' lang='grc' dir='ltr'>καὶ</span> <span class='ocrx_word' id='word_1_799' title='bbox 1716 5372 1835 5427; x_wconf 83' lang='grc' dir='ltr'><strong>τῶν</strong></span> 
     </span>
    </p>
   </div>
   <div class='ocr_carea' id='block_1_116' title="bbox 288 5440 1835 5511">
    <p class='ocr_par' dir='ltr' id='par_1_116' title="bbox 288 5440 1835 5511">
     <span class='ocr_line' id='line_1_116' title="bbox 288 5440 1835 5511; baseline 0.006 -23"><span class='ocrx_word' id='word_1_800' title='bbox 288 5440 501 5511; x_wconf 60' lang='grc' dir='ltr'>νηπίων</span> <span class='ocrx_word' id='word_1_801' title='bbox 523 5440 828 5511; x_wconf 70' lang='grc' dir='ltr'>ἐπιϐουλῇ.</span> <span class='ocrx_word' id='word_1_802' title='bbox 884 5440 1068 5497; x_wconf 80' lang='lat' dir='ltr'><strong>Editus</strong></span> <span class='ocrx_word' id='word_1_803' title='bbox 1097 5453 1178 5497; x_wconf 90' lang='lat' dir='ltr'><strong>est</strong></span> <span class='ocrx_word' id='word_1_804' title='bbox 1207 5458 1348 5497; x_wconf 90' lang='lat' dir='ltr'><strong>anno</strong></span> <span class='ocrx_word' id='word_1_805' title='bbox 1379 5440 1659 5511; x_wconf 85' lang='lat' dir='ltr'><strong>superiore</strong></span> <span class='ocrx_word' id='word_1_806' title='bbox 1684 5443 1835 5498; x_wconf 86' lang='lat' dir='ltr'><strong>libel-</strong></span> 
     </span>
    </p>
   </div>
   <div class='ocr_carea' id='block_1_117' title="bbox 288 5503 1828 5582">
    <p class='ocr_par' dir='ltr' id='par_1_117' title="bbox 288 5503 1828 5582">
     <span class='ocr_line' id='line_1_117' title="bbox 288 5503 1828 5582; baseline 0.008 -28"><span class='ocrx_word' id='word_1_807' title='bbox 288 5503 360 5582; x_wconf 76' lang='lat' dir='ltr'><strong>lus</strong></span> <span class='ocrx_word' id='word_1_808' title='bbox 383 5512 444 5562; x_wconf 91' lang='lat' dir='ltr'><strong>de</strong></span> <span class='ocrx_word' id='word_1_809' title='bbox 472 5511 587 5566; x_wconf 93' lang='lat' dir='ltr'><strong>loco</strong></span> <span class='ocrx_word' id='word_1_810' title='bbox 614 5503 829 5580; x_wconf 76' lang='lat' dir='ltr'><strong>Josephi</strong></span> <span class='ocrx_word' id='word_1_811' title='bbox 862 5515 914 5566; x_wconf 91' lang='lat' dir='ltr'><strong>in</strong></span> <span class='ocrx_word' id='word_1_812' title='bbox 961 5528 1066 5582; x_wconf 90' lang='lat' dir='ltr'><strong>quo</strong></span> <span class='ocrx_word' id='word_1_813' title='bbox 1093 5513 1218 5568; x_wconf 83' lang='lat' dir='ltr'><strong>Jesu</strong></span> <span class='ocrx_word' id='word_1_814' title='bbox 1261 5503 1459 5567; x_wconf 83' lang='lat' dir='ltr'><strong>Christi</strong></span> <span class='ocrx_word' id='word_1_815' title='bbox 1510 5513 1568 5566; x_wconf 89' lang='lat' dir='ltr'><strong>fit</strong></span> <span class='ocrx_word' id='word_1_816' title='bbox 1602 5516 1828 5567; x_wconf 90' lang='lat' dir='ltr'><strong>mentio.</strong></span> 
     </span>
    </p>
   </div>
   <div class='ocr_carea' id='block_1_118' title="bbox 289 5571 1831 5652">
    <p class='ocr_par' dir='ltr' id='par_1_118' title="bbox 289 5571 1831 5652">
     <span class='ocr_line' id='line_1_118' title="bbox 289 5571 1831 5652; baseline 0.003 -23"><span class='ocrx_word' id='word_1_817' title='bbox 289 5571 337 5625; x_wconf 85' lang='lat' dir='ltr'><strong>lu</strong></span> <span class='ocrx_word' id='word_1_818' title='bbox 361 5593 421 5630; x_wconf 92' lang='lat' dir='ltr'><strong>eo</strong></span> <span class='ocrx_word' id='word_1_819' title='bbox 451 5583 585 5652; x_wconf 84' lang='lat' dir='ltr'><strong>libro</strong></span> <span class='ocrx_word' id='word_1_820' title='bbox 612 5585 695 5637; x_wconf 85' lang='lat' dir='ltr'><strong>btc</strong></span> <span class='ocrx_word' id='word_1_821' title='bbox 719 5571 936 5636; x_wconf 76' lang='lat' dir='ltr'><strong>Eusebii</strong></span> <span class='ocrx_word' id='word_1_822' title='bbox 967 5571 1133 5638; x_wconf 75' lang='lat' dir='ltr'><strong>nostri</strong></span> <span class='ocrx_word' id='word_1_823' title='bbox 1176 5583 1325 5637; x_wconf 91' lang='lat' dir='ltr'><strong>loeus</strong></span> <span class='ocrx_word' id='word_1_824' title='bbox 1357 5583 1596 5652; x_wconf 77' lang='lat' dir='ltr'><strong>graviter</strong></span> <span class='ocrx_word' id='word_1_825' title='bbox 1628 5585 1831 5652; x_wconf 80' lang='lat' dir='ltr'><strong>suggil-</strong></span> 
     </span>
    </p>
   </div>
   <div class='ocr_carea' id='block_1_119' title="bbox 291 5651 1830 5722">
    <p class='ocr_par' dir='ltr' id='par_1_119' title="bbox 291 5651 1830 5722">
     <span class='ocr_line' id='line_1_119' title="bbox 291 5651 1830 5722; baseline 0.008 -29"><span class='ocrx_word' id='word_1_826' title='bbox 291 5655 436 5722; x_wconf 82' lang='lat' dir='ltr'><strong>tatur.</strong></span> <span class='ocrx_word' id='word_1_827' title='bbox 466 5651 544 5704; x_wconf 80' lang='lat' dir='ltr'><strong>Ae</strong></span> <span class='ocrx_word' id='word_1_828' title='bbox 591 5654 790 5722; x_wconf 89' lang='lat' dir='ltr'><strong>primo_</strong></span> <span class='ocrx_word' id='word_1_829' title='bbox 813 5653 1024 5719; x_wconf 89' lang='lat' dir='ltr'><strong>quidem</strong></span> <span class='ocrx_word' id='word_1_830' title='bbox 1078 5654 1342 5707; x_wconf 80' lang='lat' dir='ltr'><strong>Eusebius</strong></span> <span class='ocrx_word' id='word_1_831' title='bbox 1386 5664 1569 5707; x_wconf 88' lang='lat' dir='ltr'><strong>uoster</strong></span> <span class='ocrx_word' id='word_1_832' title='bbox 1627 5651 1830 5706; x_wconf 76' lang='lat' dir='ltr'><strong>fraudis</strong></span> 
     </span>
    </p>
   </div>
   <div class='ocr_carea' id='block_1_120' title="bbox 270 5718 1828 5789">
    <p class='ocr_par' dir='ltr' id='par_1_120' title="bbox 270 5718 1828 5789">
     <span class='ocr_line' id='line_1_120' title="bbox 270 5718 1828 5789; baseline 0.003 -21"><span class='ocrx_word' id='word_1_833' title='bbox 270 5720 534 5789; x_wconf 64' lang='lat' dir='ltr'><strong>.arguitur,</strong></span> <span class='ocrx_word' id='word_1_834' title='bbox 566 5718 654 5788; x_wconf 78' lang='lat' dir='ltr'><strong>qui</strong></span> <span class='ocrx_word' id='word_1_835' title='bbox 686 5738 716 5772; x_wconf 88' lang='lat' dir='ltr'><strong>a</strong></span> <span class='ocrx_word' id='word_1_836' title='bbox 765 5718 991 5789; x_wconf 81' lang='lat' dir='ltr'><strong>Josepho</strong></span> <span class='ocrx_word' id='word_1_837' title='bbox 1024 5725 1072 5776; x_wconf 87' lang='lat' dir='ltr'><strong>id</strong></span> <span class='ocrx_word' id='word_1_838' title='bbox 1100 5725 1300 5778; x_wconf 89' lang='lat' dir='ltr'><strong>dictum</strong></span> <span class='ocrx_word' id='word_1_839' title='bbox 1335 5739 1454 5776; x_wconf 88' lang='lat' dir='ltr'><strong>esse</strong></span> <span class='ocrx_word' id='word_1_840' title='bbox 1483 5724 1828 5785; x_wconf 83' lang='lat' dir='ltr'><strong>confinxerit,</strong></span> 
     </span>
    </p>
   </div>
   <div class='ocr_carea' id='block_1_121' title="bbox 293 5788 1824 5863">
    <p class='ocr_par' dir='ltr' id='par_1_121' title="bbox 293 5788 1824 5863">
     <span class='ocr_line' id='line_1_121' title="bbox 293 5788 1824 5863; baseline 0.001 -20"><span class='ocrx_word' id='word_1_841' title='bbox 293 5795 348 5833; x_wconf 76' lang='grc' dir='ltr'>υυ</span> <span class='ocrx_word' id='word_1_842' title='bbox 376 5802 476 5852; x_wconf 78' lang='lat' dir='ltr'><strong>quo</strong></span> <span class='ocrx_word' id='word_1_843' title='bbox 508 5788 773 5862; x_wconf 77' lang='lat' dir='ltr'><strong>Just-phus</strong></span> <span class='ocrx_word' id='word_1_844' title='bbox 802 5806 866 5858; x_wconf 80' lang='lat' dir='ltr'><strong>ue</strong></span> <span class='ocrx_word' id='word_1_845' title='bbox 892 5788 1142 5861; x_wconf 68' lang='lat' dir='ltr'><strong>Cogitavit</strong></span> <span class='ocrx_word' id='word_1_846' title='bbox 1183 5793 1423 5863; x_wconf 85' lang='lat' dir='ltr'><strong>quidem.</strong></span> <span class='ocrx_word' id='word_1_847' title='bbox 1471 5793 1654 5862; x_wconf 82' lang='lat' dir='ltr'><strong>Neque</strong></span> <span class='ocrx_word' id='word_1_848' title='bbox 1681 5794 1824 5846; x_wconf 87' lang='lat' dir='ltr'><strong>enim</strong></span> 
     </span>
    </p>
   </div>
   <div class='ocr_carea' id='block_1_122' title="bbox 1944 4594 3501 4664">
    <p class='ocr_par' dir='ltr' id='par_1_122' title="bbox 1944 4594 3501 4664">
     <span class='ocr_line' id='line_1_122' title="bbox 1944 4594 3501 4664; baseline 0.005 -18"><span class='ocrx_word' id='word_1_849' title='bbox 1944 4603 2046 4647; x_wconf 84' lang='lat' dir='ltr'><strong>ret.</strong></span> <span class='ocrx_word' id='word_1_850' title='bbox 2077 4594 2268 4649; x_wconf 85' lang='lat' dir='ltr'><strong>Veram</strong></span> <span class='ocrx_word' id='word_1_851' title='bbox 2297 4605 2473 4650; x_wconf 91' lang='lat' dir='ltr'><strong>autem</strong></span> <span class='ocrx_word' id='word_1_852' title='bbox 2506 4594 2723 4648; x_wconf 85' lang='lat' dir='ltr'><strong>causam</strong></span> <span class='ocrx_word' id='word_1_853' title='bbox 2746 4594 2823 4664; x_wconf 82' lang='lat' dir='ltr'><strong>ob</strong></span> <span class='ocrx_word' id='word_1_854' title='bbox 2861 4611 3023 4664; x_wconf 90' lang='lat' dir='ltr'><strong>quam</strong></span> <span class='ocrx_word' id='word_1_855' title='bbox 3058 4596 3298 4651; x_wconf 88' lang='lat' dir='ltr'><strong>Herodes</strong></span> <span class='ocrx_word' id='word_1_856' title='bbox 3329 4594 3406 4652; x_wconf 83' lang='lat' dir='ltr'><strong>tot</strong></span> <span class='ocrx_word' id='word_1_857' title='bbox 3435 4614 3501 4654; x_wconf 87' lang='lat' dir='ltr'><strong>ac</strong></span> 
     </span>
    </p>
   </div>
   <div class='ocr_carea' id='block_1_123' title="bbox 1943 4663 3498 4735">
    <p class='ocr_par' dir='ltr' id='par_1_123' title="bbox 1943 4663 3498 4735">
     <span class='ocr_line' id='line_1_123' title="bbox 1943 4663 3498 4735; baseline 0.005 -20"><span class='ocrx_word' id='word_1_858' title='bbox 1943 4674 2089 4716; x_wconf 90' lang='lat' dir='ltr'><strong>tanta</strong></span> <span class='ocrx_word' id='word_1_859' title='bbox 2123 4679 2404 4735; x_wconf 77' lang='lat' dir='ltr'><strong>perpessus</strong></span> <span class='ocrx_word' id='word_1_860' title='bbox 2442 4664 2637 4728; x_wconf 90' lang='lat' dir='ltr'><strong>fuerat,</strong></span> <span class='ocrx_word' id='word_1_861' title='bbox 2672 4680 2697 4716; x_wconf 91' lang='lat' dir='ltr'><strong>a</strong></span> <span class='ocrx_word' id='word_1_862' title='bbox 2729 4663 2962 4732; x_wconf 80' lang='lat' dir='ltr'><strong>Josepho</strong></span> <span class='ocrx_word' id='word_1_863' title='bbox 2992 4669 3314 4735; x_wconf 70' lang='lat' dir='ltr'><strong>ignoratam,</strong></span> <span class='ocrx_word' id='word_1_864' title='bbox 3345 4684 3498 4722; x_wconf 83' lang='lat' dir='ltr'><strong>com-</strong></span> 
     </span>
    </p>
   </div>
   <div class='ocr_carea' id='block_1_124' title="bbox 1941 4733 3494 4806">
    <p class='ocr_par' dir='ltr' id='par_1_124' title="bbox 1941 4733 3494 4806">
     <span class='ocr_line' id='line_1_124' title="bbox 1941 4733 3494 4806; baseline 0.005 -22"><span class='ocrx_word' id='word_1_865' title='bbox 1941 4738 2276 4806; x_wconf 83' lang='lat' dir='ltr'><strong>ntetnoravit.</strong></span> <span class='ocrx_word' id='word_1_866' title='bbox 2303 4733 2518 4806; x_wconf 66' lang='grc' dir='ltr'><strong>ΔΝιιΙιιιιιι</strong></span> <span class='ocrx_word' id='word_1_867' title='bbox 2545 4738 2702 4805; x_wconf 71' lang='lat' dir='ltr'><strong>igitur</strong></span> <span class='ocrx_word' id='word_1_868' title='bbox 2729 4737 2816 4790; x_wconf 87' lang='lat' dir='ltr'><strong>hic</strong></span> <span class='ocrx_word' id='word_1_869' title='bbox 2838 4746 2922 4788; x_wconf 86' lang='lat' dir='ltr'><strong>est</strong></span> <span class='ocrx_word' id='word_1_870' title='bbox 2949 4733 3227 4806; x_wconf 79' lang='lat' dir='ltr'><strong>peccatum</strong></span> <span class='ocrx_word' id='word_1_871' title='bbox 3259 4739 3494 4804; x_wconf 87' lang='lat' dir='ltr'><strong>Eusebii,</strong></span> 
     </span>
    </p>
   </div>
   <div class='ocr_carea' id='block_1_125' title="bbox 1940 4803 3498 4874">
    <p class='ocr_par' dir='ltr' id='par_1_125' title="bbox 1940 4803 3498 4874">
     <span class='ocr_line' id='line_1_125' title="bbox 1940 4803 3498 4874; baseline 0.004 -18"><span class='ocrx_word' id='word_1_872' title='bbox 1940 4805 2031 4856; x_wconf 90' lang='lat' dir='ltr'><strong>sed</strong></span> <span class='ocrx_word' id='word_1_873' title='bbox 2060 4805 2238 4871; x_wconf 90' lang='lat' dir='ltr'><strong>potius</strong></span> <span class='ocrx_word' id='word_1_874' title='bbox 2267 4803 2380 4872; x_wconf 90' lang='lat' dir='ltr'><strong>ejus</strong></span> <span class='ocrx_word' id='word_1_875' title='bbox 2408 4806 2499 4874; x_wconf 89' lang='lat' dir='ltr'><strong>qui</strong></span> <span class='ocrx_word' id='word_1_876' title='bbox 2549 4803 2836 4859; x_wconf 79' lang='lat' dir='ltr'><strong>Eusebium</strong></span> <span class='ocrx_word' id='word_1_877' title='bbox 2872 4803 3074 4860; x_wconf 82' lang='lat' dir='ltr'><strong>temere</strong></span> <span class='ocrx_word' id='word_1_878' title='bbox 3103 4816 3158 4860; x_wconf 89' lang='lat' dir='ltr'><strong>et</strong></span> <span class='ocrx_word' id='word_1_879' title='bbox 3198 4803 3498 4863; x_wconf 83' lang='lat' dir='ltr'><strong>inconsulte</strong></span> 
     </span>
    </p>
   </div>
   <div class='ocr_carea' id='block_1_126' title="bbox 1940 4874 3491 4946">
    <p class='ocr_par' dir='ltr' id='par_1_126' title="bbox 1940 4874 3491 4946">
     <span class='ocr_line' id='line_1_126' title="bbox 1940 4874 3491 4946; baseline 0.003 -21"><span class='ocrx_word' id='word_1_880' title='bbox 1940 4874 2472 4946; x_wconf 43' lang='lat' dir='ltr'><strong>reprehendilal‘latn</strong></span> <span class='ocrx_word' id='word_1_881' title='bbox 2521 4875 2778 4929; x_wconf 87' lang='lat' dir='ltr'><strong>Eusebius</strong></span> <span class='ocrx_word' id='word_1_882' title='bbox 2813 4877 3029 4946; x_wconf 86' lang='lat' dir='ltr'><strong>quidem</strong></span> <span class='ocrx_word' id='word_1_883' title='bbox 3077 4877 3177 4929; x_wconf 88' lang='lat' dir='ltr'><strong>sibi</strong></span> <span class='ocrx_word' id='word_1_884' title='bbox 3227 4877 3341 4946; x_wconf 88' lang='lat' dir='ltr'><strong>ipse</strong></span> <span class='ocrx_word' id='word_1_885' title='bbox 3367 4893 3491 4931; x_wconf 89' lang='lat' dir='ltr'><strong>con.-</strong></span> 
     </span>
    </p>
   </div>
   <div class='ocr_carea' id='block_1_127' title="bbox 1939 4944 3499 5016">
    <p class='ocr_par' dir='ltr' id='par_1_127' title="bbox 1939 4944 3499 5016">
     <span class='ocr_line' id='line_1_127' title="bbox 1939 4944 3499 5016; baseline 0.004 -22"><span class='ocrx_word' id='word_1_886' title='bbox 1939 4953 2062 5016; x_wconf 85' lang='lat' dir='ltr'><strong>stat.</strong></span> <span class='ocrx_word' id='word_1_887' title='bbox 2091 4945 2298 5012; x_wconf 80' lang='lat' dir='ltr'><strong>Quippe</strong></span> <span class='ocrx_word' id='word_1_888' title='bbox 2327 4945 2375 4996; x_wconf 91' lang='lat' dir='ltr'><strong>in</strong></span> <span class='ocrx_word' id='word_1_889' title='bbox 2401 4944 2660 4997; x_wconf 78' lang='lat' dir='ltr'><strong>Chronico</strong></span> <span class='ocrx_word' id='word_1_890' title='bbox 2691 4955 2916 4999; x_wconf 84' lang='lat' dir='ltr'><strong>mortem</strong></span> <span class='ocrx_word' id='word_1_891' title='bbox 2951 4945 3182 5000; x_wconf 85' lang='lat' dir='ltr'><strong>Herodis</strong></span> <span class='ocrx_word' id='word_1_892' title='bbox 3209 4944 3351 5001; x_wconf 85' lang='lat' dir='ltr'><strong>anno</strong></span> <span class='ocrx_word' id='word_1_893' title='bbox 3378 4957 3499 5016; x_wconf 88' lang='lat' dir='ltr'><strong>post</strong></span> 
     </span>
    </p>
   </div>
   <div class='ocr_carea' id='block_1_128' title="bbox 1938 5014 3495 5084">
    <p class='ocr_par' dir='ltr' id='par_1_128' title="bbox 1938 5014 3495 5084">
     <span class='ocr_line' id='line_1_128' title="bbox 1938 5014 3495 5084; baseline 0.004 -19"><span class='ocrx_word' id='word_1_894' title='bbox 1938 5014 2135 5067; x_wconf 67' lang='lat' dir='ltr'><strong>caedem</strong></span> <span class='ocrx_word' id='word_1_895' title='bbox 2167 5016 2449 5068; x_wconf 86' lang='lat' dir='ltr'><strong>infantium</strong></span> <span class='ocrx_word' id='word_1_896' title='bbox 2481 5030 2730 5069; x_wconf 81' lang='lat' dir='ltr'><strong>evenisse</strong></span> <span class='ocrx_word' id='word_1_897' title='bbox 2756 5017 2963 5080; x_wconf 87' lang='lat' dir='ltr'><strong>scribit,</strong></span> <span class='ocrx_word' id='word_1_898' title='bbox 3019 5031 3314 5084; x_wconf 87' lang='lat' dir='ltr'><strong>omnesque</strong></span> <span class='ocrx_word' id='word_1_899' title='bbox 3361 5014 3495 5072; x_wconf 82' lang='lat' dir='ltr'><strong>adeo</strong></span> 
     </span>
    </p>
   </div>
   <div class='ocr_carea' id='block_1_129' title="bbox 1937 5084 3493 5152">
    <p class='ocr_par' dir='ltr' id='par_1_129' title="bbox 1937 5084 3493 5152">
     <span class='ocr_line' id='line_1_129' title="bbox 1937 5084 3493 5152; baseline 0.004 -18"><span class='ocrx_word' id='word_1_900' title='bbox 1937 5084 2251 5152; x_wconf 79' lang='lat' dir='ltr'><strong>chronologi</strong></span> <span class='ocrx_word' id='word_1_901' title='bbox 2289 5099 2395 5139; x_wconf 90' lang='lat' dir='ltr'><strong>non</strong></span> <span class='ocrx_word' id='word_1_902' title='bbox 2457 5086 2548 5138; x_wconf 94' lang='lat' dir='ltr'><strong>diu</strong></span> <span class='ocrx_word' id='word_1_903' title='bbox 2611 5094 2729 5152; x_wconf 90' lang='lat' dir='ltr'><strong>post</strong></span> <span class='ocrx_word' id='word_1_904' title='bbox 2775 5085 3174 5139; x_wconf 90' lang='lat' dir='ltr'><strong>infauticidium</strong></span> <span class='ocrx_word' id='word_1_905' title='bbox 3228 5088 3493 5141; x_wconf 87' lang='lat' dir='ltr'><strong>Herodem</strong></span> 
     </span>
    </p>
   </div>
   <div class='ocr_carea' id='block_1_130' title="bbox 1937 5153 3493 5225">
    <p class='ocr_par' dir='ltr' id='par_1_130' title="bbox 1937 5153 3493 5225">
     <span class='ocr_line' id='line_1_130' title="bbox 1937 5153 3493 5225; baseline 0.006 -23"><span class='ocrx_word' id='word_1_906' title='bbox 1937 5153 2136 5208; x_wconf 83' lang='lat' dir='ltr'><strong>vixisse</strong></span> <span class='ocrx_word' id='word_1_907' title='bbox 2165 5155 2534 5208; x_wconf 87' lang='lat' dir='ltr'><strong>consentiunt.</strong></span> <span class='ocrx_word' id='word_1_908' title='bbox 2573 5155 2754 5224; x_wconf 88' lang='lat' dir='ltr'><strong>Atque</strong></span> <span class='ocrx_word' id='word_1_909' title='bbox 2804 5155 2920 5210; x_wconf 74' lang='lat' dir='ltr'><strong>lucc</strong></span> <span class='ocrx_word' id='word_1_910' title='bbox 2967 5156 3086 5210; x_wconf 88' lang='lat' dir='ltr'><strong>ideo</strong></span> <span class='ocrx_word' id='word_1_911' title='bbox 3137 5159 3351 5225; x_wconf 83' lang='lat' dir='ltr'><strong>scripsi,</strong></span> <span class='ocrx_word' id='word_1_912' title='bbox 3390 5173 3493 5211; x_wconf 89' lang='lat' dir='ltr'><strong>nou</strong></span> 
     </span>
    </p>
   </div>
   <div class='ocr_carea' id='block_1_131' title="bbox 1936 5225 3494 5294">
    <p class='ocr_par' dir='ltr' id='par_1_131' title="bbox 1936 5225 3494 5294">
     <span class='ocr_line' id='line_1_131' title="bbox 1936 5225 3494 5294; baseline 0.003 -20"><span class='ocrx_word' id='word_1_913' title='bbox 1936 5239 2042 5290; x_wconf 92' lang='lat' dir='ltr'><strong>quo</strong></span> <span class='ocrx_word' id='word_1_914' title='bbox 2073 5235 2348 5278; x_wconf 88' lang='lat' dir='ltr'><strong>auctorem</strong></span> <span class='ocrx_word' id='word_1_915' title='bbox 2402 5225 2545 5277; x_wconf 72' lang='lat' dir='ltr'><strong>illius</strong></span> <span class='ocrx_word' id='word_1_916' title='bbox 2596 5226 2756 5278; x_wconf 87' lang='lat' dir='ltr'><strong>libelli</strong></span> <span class='ocrx_word' id='word_1_917' title='bbox 2808 5226 3282 5294; x_wconf 89' lang='lat' dir='ltr'><strong>reprehenderem,</strong></span> <span class='ocrx_word' id='word_1_918' title='bbox 3343 5227 3494 5293; x_wconf 84' lang='lat' dir='ltr'><strong>cujus</strong></span> 
     </span>
    </p>
   </div>
   <div class='ocr_carea' id='block_1_132' title="bbox 1936 5294 3495 5364">
    <p class='ocr_par' dir='ltr' id='par_1_132' title="bbox 1936 5294 3495 5364">
     <span class='ocr_line' id='line_1_132' title="bbox 1936 5294 3495 5364; baseline 0.004 -21"><span class='ocrx_word' id='word_1_919' title='bbox 1936 5294 2037 5364; x_wconf 79' lang='lat' dir='ltr'><strong>etsi</strong></span> <span class='ocrx_word' id='word_1_920' title='bbox 2065 5295 2345 5347; x_wconf 84' lang='lat' dir='ltr'><strong>consilium</strong></span> <span class='ocrx_word' id='word_1_921' title='bbox 2375 5310 2478 5347; x_wconf 92' lang='lat' dir='ltr'><strong>non</strong></span> <span class='ocrx_word' id='word_1_922' title='bbox 2505 5297 2744 5362; x_wconf 81' lang='lat' dir='ltr'><strong>probent,</strong></span> <span class='ocrx_word' id='word_1_923' title='bbox 2781 5296 3050 5364; x_wconf 69' lang='lat' dir='ltr'><strong>ingenium</strong></span> <span class='ocrx_word' id='word_1_924' title='bbox 3081 5306 3258 5348; x_wconf 87' lang='lat' dir='ltr'><strong>tamen</strong></span> <span class='ocrx_word' id='word_1_925' title='bbox 3286 5314 3346 5349; x_wconf 83' lang='lat' dir='ltr'><strong>ac</strong></span> <span class='ocrx_word' id='word_1_926' title='bbox 3371 5312 3495 5349; x_wconf 79' lang='lat' dir='ltr'><strong>eru-</strong></span> 
     </span>
    </p>
   </div>
   <div class='ocr_carea' id='block_1_133' title="bbox 1933 5362 3548 5430">
    <p class='ocr_par' dir='ltr' id='par_1_133' title="bbox 1933 5362 3548 5430">
     <span class='ocr_line' id='line_1_133' title="bbox 1933 5362 3548 5430; baseline 0.001 -13"><span class='ocrx_word' id='word_1_927' title='bbox 1933 5362 2191 5417; x_wconf 90' lang='lat' dir='ltr'><strong>ditionem</strong></span> <span class='ocrx_word' id='word_1_928' title='bbox 2231 5365 2411 5430; x_wconf 86' lang='lat' dir='ltr'><strong>laudo,</strong></span> <span class='ocrx_word' id='word_1_929' title='bbox 2462 5380 2650 5418; x_wconf 83' lang='lat' dir='ltr'><strong>verum</strong></span> <span class='ocrx_word' id='word_1_930' title='bbox 2688 5377 2745 5418; x_wconf 92' lang='lat' dir='ltr'><strong>ut</strong></span> <span class='ocrx_word' id='word_1_931' title='bbox 2794 5362 3078 5419; x_wconf 79' lang='lat' dir='ltr'><strong>Eusebium</strong></span> <span class='ocrx_word' id='word_1_932' title='bbox 3121 5377 3363 5419; x_wconf 84' lang='lat' dir='ltr'><strong>nostrum</strong></span> <span class='ocrx_word' id='word_1_933' title='bbox 3405 5376 3495 5418; x_wconf 90' lang='lat' dir='ltr'><strong>dc-</strong></span> <span class='ocrx_word' id='word_1_934' title='bbox 3546 5427 3548 5430; x_wconf 92' lang='lat'><strong><em>_</em></strong></span> 
     </span>
    </p>
   </div>
   <div class='ocr_carea' id='block_1_134' title="bbox 1935 5432 3494 5503">
    <p class='ocr_par' dir='ltr' id='par_1_134' title="bbox 1935 5432 3494 5503">
     <span class='ocr_line' id='line_1_134' title="bbox 1935 5432 3494 5503; baseline 0.002 -17"><span class='ocrx_word' id='word_1_935' title='bbox 1935 5432 2233 5503; x_wconf 75' lang='lat' dir='ltr'><strong>fenderem,</strong></span> <span class='ocrx_word' id='word_1_936' title='bbox 2263 5433 2414 5499; x_wconf 85' lang='lat' dir='ltr'><strong>cujus</strong></span> <span class='ocrx_word' id='word_1_937' title='bbox 2446 5449 2667 5488; x_wconf 88' lang='lat' dir='ltr'><strong>acumen</strong></span> <span class='ocrx_word' id='word_1_938' title='bbox 2703 5444 2757 5488; x_wconf 91' lang='lat' dir='ltr'><strong>ct</strong></span> <span class='ocrx_word' id='word_1_939' title='bbox 2777 5435 3044 5503; x_wconf 78' lang='lat' dir='ltr'><strong>elegantia</strong></span> <span class='ocrx_word' id='word_1_940' title='bbox 3077 5440 3273 5502; x_wconf 80' lang='lat' dir='ltr'><strong>paSsim</strong></span> <span class='ocrx_word' id='word_1_941' title='bbox 3307 5439 3360 5489; x_wconf 93' lang='lat' dir='ltr'><strong>in</strong></span> <span class='ocrx_word' id='word_1_942' title='bbox 3410 5436 3494 5489; x_wconf 87' lang='lat' dir='ltr'><strong>his</strong></span> 
     </span>
    </p>
   </div>
   <div class='ocr_carea' id='block_1_135' title="bbox 1934 5502 3493 5574">
    <p class='ocr_par' dir='ltr' id='par_1_135' title="bbox 1934 5502 3493 5574">
     <span class='ocr_line' id='line_1_135' title="bbox 1934 5502 3493 5574; baseline 0.002 -19"><span class='ocrx_word' id='word_1_943' title='bbox 1934 5502 2110 5574; x_wconf 84' lang='lat' dir='ltr'><strong>libris,</strong></span> <span class='ocrx_word' id='word_1_944' title='bbox 2138 5504 2230 5556; x_wconf 90' lang='lat' dir='ltr'><strong>sed</strong></span> <span class='ocrx_word' id='word_1_945' title='bbox 2284 5505 2335 5556; x_wconf 91' lang='lat' dir='ltr'><strong>in</strong></span> <span class='ocrx_word' id='word_1_946' title='bbox 2382 5504 2482 5557; x_wconf 91' lang='lat' dir='ltr'><strong>hoc</strong></span> <span class='ocrx_word' id='word_1_947' title='bbox 2512 5509 2780 5574; x_wconf 70' lang='lat' dir='ltr'><strong>praecipue</strong></span> <span class='ocrx_word' id='word_1_948' title='bbox 2812 5502 2928 5558; x_wconf 80' lang='lat' dir='ltr'><strong>loco</strong></span> <span class='ocrx_word' id='word_1_949' title='bbox 2955 5505 3149 5558; x_wconf 86' lang='lat' dir='ltr'><strong>elucet.</strong></span> <span class='ocrx_word' id='word_1_950' title='bbox 3207 5505 3299 5559; x_wconf 84' lang='lat' dir='ltr'><strong>Est</strong></span> <span class='ocrx_word' id='word_1_951' title='bbox 3347 5507 3493 5558; x_wconf 89' lang='lat' dir='ltr'><strong>enim</strong></span> 
     </span>
    </p>
   </div>
   <div class='ocr_carea' id='block_1_136' title="bbox 1935 5572 3495 5642">
    <p class='ocr_par' dir='ltr' id='par_1_136' title="bbox 1935 5572 3495 5642">
     <span class='ocr_line' id='line_1_136' title="bbox 1935 5572 3495 5642; baseline 0.002 -17"><span class='ocrx_word' id='word_1_952' title='bbox 1935 5572 2022 5625; x_wconf 90' lang='lat' dir='ltr'><strong>hic</strong></span> <span class='ocrx_word' id='word_1_953' title='bbox 2051 5577 2214 5642; x_wconf 82' lang='lat' dir='ltr'><strong>figura</strong></span> <span class='ocrx_word' id='word_1_954' title='bbox 2248 5589 2350 5641; x_wconf 87' lang='lat' dir='ltr'><strong>qua</strong></span> <span class='ocrx_word' id='word_1_955' title='bbox 2379 5572 2624 5628; x_wconf 81' lang='lat' dir='ltr'><strong>oratores</strong></span> <span class='ocrx_word' id='word_1_956' title='bbox 2661 5572 2897 5628; x_wconf 80' lang='lat' dir='ltr'><strong>maxime</strong></span> <span class='ocrx_word' id='word_1_957' title='bbox 2945 5576 3020 5627; x_wconf 92' lang='lat' dir='ltr'><strong>uti</strong></span> <span class='ocrx_word' id='word_1_958' title='bbox 3052 5576 3244 5639; x_wconf 75' lang='lat' dir='ltr'><strong>solent,</strong></span> <span class='ocrx_word' id='word_1_959' title='bbox 3287 5590 3408 5628; x_wconf 89' lang='lat' dir='ltr'><strong>cum</strong></span> <span class='ocrx_word' id='word_1_960' title='bbox 3441 5574 3495 5629; x_wconf 84' lang='lat' dir='ltr'><strong>id</strong></span> 
     </span>
    </p>
   </div>
   <div class='ocr_carea' id='block_1_137' title="bbox 1935 5645 3494 5715">
    <p class='ocr_par' dir='ltr' id='par_1_137' title="bbox 1935 5645 3494 5715">
     <span class='ocr_line' id='line_1_137' title="bbox 1935 5645 3494 5715; baseline 0.004 -23"><span class='ocrx_word' id='word_1_961' title='bbox 1935 5645 2076 5715; x_wconf 88' lang='lat' dir='ltr'><strong>quod</strong></span> <span class='ocrx_word' id='word_1_962' title='bbox 2109 5648 2175 5695; x_wconf 87' lang='lat' dir='ltr'><strong>ab</strong></span> <span class='ocrx_word' id='word_1_963' title='bbox 2211 5645 2521 5697; x_wconf 83' lang='lat' dir='ltr'><strong>adversario</strong></span> <span class='ocrx_word' id='word_1_964' title='bbox 2552 5647 2752 5698; x_wconf 87' lang='lat' dir='ltr'><strong>dictum</strong></span> <span class='ocrx_word' id='word_1_965' title='bbox 2802 5659 2917 5715; x_wconf 75' lang='lat' dir='ltr'><strong>non_</strong></span> <span class='ocrx_word' id='word_1_966' title='bbox 2957 5655 3056 5710; x_wconf 88' lang='lat' dir='ltr'><strong>est,</strong></span> <span class='ocrx_word' id='word_1_967' title='bbox 3088 5645 3310 5715; x_wconf 89' lang='lat' dir='ltr'><strong>perinde</strong></span> <span class='ocrx_word' id='word_1_968' title='bbox 3342 5646 3494 5712; x_wconf 87' lang='lat' dir='ltr'><strong>quasi</strong></span> 
     </span>
    </p>
   </div>
   <div class='ocr_carea' id='block_1_138' title="bbox 1933 5713 3495 5785">
    <p class='ocr_par' dir='ltr' id='par_1_138' title="bbox 1933 5713 3495 5785">
     <span class='ocr_line' id='line_1_138' title="bbox 1933 5713 3495 5785; baseline 0.006 -22"><span class='ocrx_word' id='word_1_969' title='bbox 1933 5714 2135 5765; x_wconf 87' lang='lat' dir='ltr'><strong>dictum</strong></span> <span class='ocrx_word' id='word_1_970' title='bbox 2159 5723 2301 5764; x_wconf 84' lang='lat' dir='ltr'><strong>esset</strong></span> <span class='ocrx_word' id='word_1_971' title='bbox 2327 5715 2650 5785; x_wconf 58' lang='lat' dir='ltr'><strong>arripiunt;</strong></span> <span class='ocrx_word' id='word_1_972' title='bbox 2703 5717 2849 5784; x_wconf 87' lang='lat' dir='ltr'><strong>quod</strong></span> <span class='ocrx_word' id='word_1_973' title='bbox 2879 5713 3056 5772; x_wconf 53' lang='lat' dir='ltr'><strong>Grato;</strong></span> <span class='ocrx_word' id='word_1_974' title='bbox 3089 5713 3381 5785; x_wconf 57' lang='lat' dir='ltr'><strong>eleganter</strong></span> <span class='ocrx_word' id='word_1_975' title='bbox 3415 5717 3495 5772; x_wconf 76' lang='lat' dir='ltr'><strong>di-</strong></span> 
     </span>
    </p>
   </div>
   <div class='ocr_carea' id='block_1_139' title="bbox 1933 5782 2477 5854">
    <p class='ocr_par' dir='ltr' id='par_1_139' title="bbox 1933 5782 2477 5854">
     <span class='ocr_line' id='line_1_139' title="bbox 1933 5782 2477 5854; baseline 0.002 -18"><span class='ocrx_word' id='word_1_976' title='bbox 1933 5793 2060 5838; x_wconf 79' lang='lat' dir='ltr'><strong>cunt</strong></span> <span class='ocrx_word' id='word_1_977' title='bbox 2098 5782 2477 5854; x_wconf 76' lang='grc' dir='ltr'>συναρπάζειν.</span> 
     </span>
    </p>
   </div>
  </div>
