3966 6264
411 325 516 383 105
1113 320 1382 380 EUSEBII
1419 318 1902 376 CJESARIENSIS
1940 316 2091 374 OPP.
2134 317 2314 373 PARS
2352 317 2391 371 1.
2433 351 2501 359 -
2538 316 2932 372 ilESTORlCA.
3550 320 3669 373 illi

408 442 633 499 insidias
665 441 926 498 adversus
951 440 1300 496 Servatorem
1335 438 1682 508 reliquosque
1737 437 1972 492 infantes

2085 435 2332 508 θεήλατος
2359 436 2519 489 αὐτὸν
2539 432 2917 488 καταλαϐοῦσα
2944 431 3139 504 μάστιξ
3156 435 3236 497 εἰς
3264 433 3493 489 θάνατον
3526 450 3669 487 συν-

408 544 747 607 comparatas
771 575 787 600 ,
817 533 1001 588 statim
1046 532 1291 587 immisso
1332 529 1552 584 ctelitus
1590 530 1779 584 morbo
1826 529 1979 597 quasi

2085 526 2301 598 ήλασεν,
2342 526 2402 580 οὐ
2441 528 2620 595 χεῖρον
2653 522 2748 576 καὶ
2790 522 2897 575 τῶν
2960 521 3150 592 φωνῶν
3178 521 3270 575 τοῦ
3295 523 3668 594 συγγραφέως

409 625 633 682 verbere
662 625 727 680 ad
763 633 993 678 mortem
1046 623 1274 676 adactus
1308 629 1410 685 est,
1440 635 1545 674 non
1578 621 1813 676 alienum
1860 620 1981 673 fue-

2085 616 2405 676 ὲπακοῦσαι,
2436 615 2579 669 κατὰ
2624 614 2765 680 λέξιν
2794 618 2850 668 ἐν
2878 615 3315 688 ἑπτακαιδεκάτῃ
3360 616 3463 686 τῆς
3501 616 3660 668 Ἰου-

405 723 479 774 rlt
531 733 600 773 ex
647 719 767 787 ipso
806 716 1077 785 scriptore
1120 729 1452 783 cognoscere
1478 753 1492 776 ,
1532 715 1624 781 qui
1664 713 1715 766 in
1748 713 1981 781 septimo

2085 702 2847 783 ΒιιϊκῆςἊρχαιολογίαςτὴν
2871 706 3251 779 καταστροφὴν
3277 706 3372 759 τοῦ
3404 707 3523 761 κατ’
3555 707 3658 760 αὐ-

403 808 797 880 Antiquitatum
842 807 981 861 libro
1019 806 1263 860 Herodis
1290 807 1494 860 exitum
1530 805 1699 860 refert
1744 805 1830 859 his
1862 819 1981 859 ver-

2085 796 2169 849 τὸν
2200 795 2316 866 βίου
2353 794 2541 849 τοῦτον
2576 796 2878 867 γράφοντος
2908 796 3000 852 τὸν
3035 796 3256 869 τρόπον’
3293 815 3311 848 ι
3348 796 3564 868 Ἡρώδῃ
3596 795 3656 849 δὲ

402 900 529 955 bis:
565 916 583 950 ι
625 898 891 953 Herodem
943 911 1108 966 porro
1136 934 1152 961 ,
1193 896 1410 965 inquit,
1446 897 1621 951 morbi
1671 896 1754 950 vis
1799 897 1980 950 acrius

2085 886 2341 961 μειζόνως
2363 889 2396 959 ἡ
2421 887 2573 952 νόσος
2598 889 3025 961 ἐνεπικραίνετο,
3048 889 3203 959 δίκην
3227 882 3302 943 ὧν
3331 890 3656 961 παρανομή-

402 992 461 1047 in
491 992 607 1046 dies
641 989 957 1060 exagitabat
983 1028 999 1053 ,
1031 989 1140 1043 Deo
1166 1003 1354 1058 poenas
1384 988 1647 1043 scelerum
1678 988 1825 1043 illius
1864 988 1980 1043 exi-

403 1092 584 1153 gente.
612 1080 756 1149 Ignis
781 1080 1000 1150 quidam
1033 1088 1152 1134 erat
1179 1078 1359 1133 lentus
1388 1080 1480 1148 qui
1521 1093 1625 1133 non
1657 1086 1867 1133 tantum
1894 1094 1980 1135 cu-

403 1185 512 1230 tem
553 1172 1019 1229 contrectantibus
1054 1170 1308 1224 ardorem
1343 1169 1677 1237 nuntiabat,
1710 1178 1975 1237 quantum

404 1264 548 1319 intus
579 1262 793 1318 viscera
828 1258 1244 1331 depascebatur.
1271 1257 1467 1329 Ingens
1513 1268 1777 1328 praeterea
1803 1261 1979 1315 avidi-

403 1364 486 1411 tas
518 1352 812 1422 accipiendi
850 1352 957 1408 cibi
981 1392 997 1416 ,
1027 1351 1111 1405 cui
1148 1350 1417 1421 denegare
1448 1351 1749 1422 quidquam
1777 1368 1885 1407 non
1913 1352 1979 1406 li-

399 1441 577 1498 cebat.
614 1441 910 1498 Scatebant
939 1440 1214 1495 ulceribus
1263 1441 1520 1495 intestina
1548 1481 1562 1505 ,
1593 1451 1653 1510 et.
1688 1443 1978 1498 acerbissi-

401 1535 507 1590 mis
532 1532 634 1589 coli
679 1532 955 1588 doloribus
983 1532 1348 1586 cruciabatur.
1387 1531 1561 1588 Pedes
1605 1535 1841 1589 humore
1868 1534 1982 1603 pel-

402 1626 581 1683 lucido
627 1624 884 1688 distenti,
916 1624 1214 1694 eademque
1259 1624 1406 1679 circa
1452 1625 1814 1680 ventriculum
1851 1626 1978 1680 mali

402 1717 553 1774 labes
581 1728 717 1775 erat.
749 1716 866 1788 Ipsa
893 1732 1106 1788 quoque
1135 1716 1390 1786 genitalia
1426 1717 1734 1786 putrefacta
1781 1719 1978 1774 vermi-

401 1809 539 1865 culis
566 1808 956 1864 scaturiebant.
993 1807 1304 1871 Accedebat
1350 1806 1623 1863 anhelitus
1664 1807 1972 1872 contentio,

403 1911 516 1956 tum
549 1902 619 1956 ob
651 1900 880 1955 fetorem
916 1908 1029 1953 tum
1057 1899 1128 1954 ob
1170 1897 1392 1951 nimiam
1433 1898 1783 1953 crebritatem
1813 1899 1981 1954 mole-

403 1993 672 2050 stissima.
712 1992 959 2061 Denique
987 1989 1373 2046 convulsiones
1423 2005 1520 2060 per
1569 1991 1824 2047 universa
1852 2006 1979 2060 pro-

402 2086 692 2156 pemodum
724 2083 971 2139 membra
997 2121 1012 2150 ,
1061 2081 1433 2152 insuperabile
1478 2083 1581 2153 ipsi
1626 2084 1794 2138 robur
1822 2082 1982 2137 adde-

404 2177 558 2233 bant.
611 2175 850 2231 Aiebant
897 2189 1063 2246 porro
1112 2173 1282 2228 divini
1333 2181 1389 2228 et
1432 2173 1523 2242 qui
1570 2172 1624 2228 in
1674 2173 1978 2242 huiusmodi

407 2264 734 2320 vaticinandi
780 2263 1008 2319 scientia
1052 2263 1295 2319 studium
1339 2279 1496 2319 suum
1542 2263 1977 2331 collocaverant,

406 2359 550 2414 hanc
597 2356 913 2426 multiplicis
963 2357 1262 2427 impietatis
1305 2370 1523 2426 poenam
1575 2358 1741 2412 Deum
1777 2371 1809 2411 a
1854 2372 1980 2428 rege

405 2463 723 2520 exposcere.
751 2466 771 2500 ι
805 2447 929 2504 Haec
958 2457 1086 2504 sunt
1114 2464 1238 2519 quae
1263 2450 1316 2503 in
1342 2446 1655 2517 supradicto
1685 2448 1824 2502 libro
1846 2449 1980 2503 scri-

407 2553 531 2614 ptor
553 2543 666 2613 jam
702 2556 732 2597 a
761 2543 919 2596 nobis
946 2541 1196 2599 laudatus
1228 2548 1641 2597 commemorat.
1660 2538 1717 2593 In
1744 2538 1983 2594 secundo

407 2643 587 2691 autem
630 2636 768 2690 libro
811 2634 934 2689 belli
958 2636 1179 2691 Judaici
1228 2639 1419 2691 eadem
1465 2635 1532 2690 de
1573 2635 1665 2688 illo
1703 2633 1870 2688 tradit
1901 2632 1984 2687 his

407 2726 628 2783 verbis:
659 2745 679 2780 ι
715 2725 846 2783 Post
889 2728 1004 2782 hzec
1025 2768 1041 2795 ,
1071 2727 1288 2799 inquit,
1324 2726 1497 2782 morbi
1531 2727 1612 2782 vis
1642 2740 1741 2796 per
1764 2724 1985 2780 univer-

407 2831 529 2872 sum
558 2817 676 2888 ejus
708 2832 906 2888 corpus
935 2818 1149 2885 diffusa,
1186 2819 1388 2874 diversi
1431 2817 1654 2888 generis
1698 2816 1983 2872 doloribus

410 2907 713 2964 distrahere
757 2908 889 2963 illud
936 2910 1124 2980 coepit.
1165 2909 1355 2965 Febris
1397 2909 1641 2979 quaedam
1684 2916 1803 2962 erat
1851 2907 1984 2976 tepi-

412 2997 530 3052 dior
555 3013 571 3064 ;
602 2997 843 3067 pruritus
873 3014 969 3069 per
996 2999 1308 3055 universam
1333 2997 1622 3053 cuticulatn
1655 2997 1981 3053 intolerabi-

414 3090 508 3159 lis;
545 3092 651 3147 coli
680 3106 895 3163 quoque
943 3091 1159 3148 dolores
1187 3091 1450 3147 continui.
1499 3090 1654 3146 Circa
1702 3090 1866 3161 pedes
1893 3100 1979 3143 tu-

2082 996 2243 1046 σειεν,
2270 980 2715 1051 ἐκπρασσομένου
2746 979 2841 1033 τοῦ
2868 979 3024 1033 Θεοῦ.
3064 978 3182 1051 Πῦρ
3217 979 3315 1050 μὲν
3344 980 3452 1053 γὰρ
3477 981 3656 1051 μαλα-

2080 1071 2174 1125 κὸν
2204 1066 2293 1143 ἦν,
2329 1072 2425 1142 οὐχ
2451 1065 2552 1125 ὦδε
2578 1072 2778 1143 πολλὴν
2818 1074 3190 1143 ἀποσημαῖνον
3215 1074 3328 1135 τοῖς
3353 1068 3658 1143 ἐπαφωμέν-

2079 1179 2190 1224 νοις
2217 1157 2314 1234 τὴν
2344 1163 2633 1232 φλόγωσιν,
2661 1164 2792 1233 ὅσην
2835 1166 2948 1226 τοῖς
2993 1162 3145 1225 ἐντὸς
3200 1162 3507 1234 προσετίθει
3554 1162 3656 1235 τὴν

2079 1254 2352 1308 κάκωσινο
2401 1255 2663 1326 ἐπιθυμία
2695 1255 2753 1308 δὲ
2786 1255 2932 1325 δεινὴ
2962 1254 3054 1308 τοῦ
3102 1254 3353 1320 δέξασθαί
3403 1271 3457 1307 τι
3513 1253 3653 1325 (18),

2079 1345 2199 1398 οὐδὲ
2216 1341 2283 1415 ἦν
2315 1346 2387 1417 μὴ
2410 1346 2505 1416 οὐχ
2536 1347 2846 1417 ὑπουργεῖνο
2876 1346 2969 1399 καὶ
2994 1345 3250 1409 ἐλκῲσεις
3279 1346 3386 1398 τῶν
3414 1363 3473 1398 τε
3499 1347 3656 1399 ἐντέκ-

2084 1455 2190 1510 ρων
2220 1438 2352 1509 (19),
2388 1438 2480 1492 καὶ
2525 1437 2757 1509 μάλιστα
2790 1437 2882 1490 τοῦ
2910 1435 3084 1490 κώλου
3122 1437 3292 1491 δεινοίὶ
3320 1437 3613 1509 ἀλγηδόνες
3634 1454 3651 1466 ’

2081 1533 2173 1586 καὶ
2208 1531 2422 1603 φλέγμα
2444 1532 2610 1603 ὑγρὸν
2640 1532 2769 1603 περὶ
2795 1531 2922 1595 τοὺς
2949 1531 3116 1594 πόδας
3138 1530 3231 1583 καὶ
3256 1529 3497 1598 διαυγές.
3538 1530 3658 1584 111.-
3685 1520 3692 1524 ”

2084 1623 2356 1696 ραπλησία
2388 1622 2443 1676 δὲ
2482 1623 2574 1676 καὶ¹
2616 1625 2647 1694 ή
2680 1624 2805 1696 περὶ
2833 1624 2894 1677 τὸ
2933 1620 3097 1695 ἦτρον
3127 1624 3366 1689 κάκωσις
3411 1620 3501 1697 ἦν.
3541 1626 3658 1678 Ναὶ

2086 1718 2191 1790 μὴν
2242 1716 2337 1770 καὶ
2382 1714 2476 1770 τοῦ
2531 1716 2731 1770 αἰδοίου
2780 1716 2942 1788 σῆψις
2993 1717 3279 1790 σκώληκας
3323 1720 3654 1790 ἐμποιοῦσα,

2008 1815 2050 1871 Β
2078 1807 2387 1880 πνεύματός
2444 1825 2503 1861 τε
2551 1808 2706 1879 ὀρθία
2764 1807 2977 1873 ἔντασις
3022 1808 3154 1880 (‘20,,
3199 1810 3292 1863 καὶ
3346 1812 3481 1884 αὐτὴ
3530 1811 3657 1865 λίαν

2079 1901 2266 1973 ἀηδὴς,
2300 1901 2553 1972 ἀχθηδόνι
2576 1917 2633 1954 τε
2670 1899 2769 1970 τῆς
2801 1902 3082 1972 ἀποφορᾶς
3105 1902 3198 1955 καὶ
3226 1902 3303 1972 τῷ
3339 1903 3529 1974 πυκνῷ
3553 1903 3656 1958 τοῦ

2078 1992 2372 2065 ἄσθματος.
2410 1992 2781 2063 Ἐσπασμένος
2808 2010 2867 2045 τε
2900 1993 3012 2063 (21)
3044 1995 3169 2065 περὶ
3201 1997 3307 2048 πᾶν
3348 1991 3416 2065 ἦν
3462 1996 3655 2067 μέρος,

2082 2087 2233 2156 ἰσχὺν
2261 2087 2359 2156 οὐχ
2388 2086 2731 2156 ὑπομενητὴν
2761 2086 3203 2157 προστιθέμενος.
3251 2087 3492 2156 Ἐλέγετο
3519 2089 3658 2151 γοῦν

2079 2178 2184 2231 ὑπὸ
2200 2177 2305 2230 τῶν
2321 2177 2639 2242 θειαζόντων
2668 2178 2761 2230 καὶ
2792 2171 2873 2240 οἷς
2901 2177 3075 2233 ταῦτα
3099 2180 3658 2251 προαποφθέγγεσθαι

2080 2270 2242 2341 σοφία
2292 2268 2580 2341 προῦκειτο
2605 2308 2620 2333 ,
2669 2268 2858 2341 ποινὴν
2921 2270 3015 2323 τοῦ
3073 2271 3268 2324 πολλοῦ
3320 2274 3413 2326 καὶ
3458 2273 3659 2327 δυσσε-

2080 2361 2207 2425 ϐοῦς
2259 2362 2368 2433 (22)
2409 2360 2612 2431 ταύτην
2655 2363 2683 2414 ὁ
2729 2360 2860 2424 Θεὸς
2907 2363 3327 2434 εἰσπράττεσθαι
3374 2364 3526 2435 παρά
3555 2365 3656 2418 τοῦ

2083 2450 2367 2521 βασιλέως.
2398 2471 2415 2503 ι
2448 2452 2632 2506 Ταῦτα
2665 2453 2762 2524 μὲν
2794 2450 2888 2507 οὖν
2916 2455 2974 2507 ἐν
3020 2456 3087 2525 τῇ
3123 2453 3423 2526 δηλωθείσῃ
3462 2458 3655 2527 γραφῇ

2083 2543 2555 2615 παρασημαίνεται
2589 2546 2617 2598 ὁ
2653 2529 3065 2616 προειρημένος.
3101 2544 3211 2597 Καὶ
3240 2545 3297 2597 ἐν
3326 2547 3390 2615 τῇ
3425 2544 3657 2617 δευτέρᾳ

2080 2633 2138 2686 δὲ
2164 2633 2270 2687 τῶν
2291 2631 2596 2703 Ἰστοριῶν
2610 2631 2724 2704 (25)
2738 2634 2805 2688 τὰ
2827 2635 3180 2708 παραπλήσια
3207 2638 3336 2709 περὶ
3364 2637 3456 2690 τοῦ
3486 2638 3657 2691 αὐτοῦ

2083 2724 2438 2796 παραδίδωσι,
2484 2720 2585 2779 ὧδέ
2631 2744 2748 2790 πως
2801 2727 3057 2797 γράφων⁹
3091 2746 3110 2779 ι
3154 2728 3345 2782 Ἔνθεν
3391 2728 3555 2783 αὑτοῦ
3593 2729 3657 2783 τὸ

2084 2816 2243 2887 σῶμα
2275 2819 2380 2871 πᾶν
2430 2820 2463 2889 ἡ
2511 2819 2662 2883 νόσος
2699 2818 3048 2885 διαλαϐοῦσα,
3107 2821 3370 2885 ποικίλοις
3423 2822 3657 2877 πάθεσιν

2083 2909 2322 2980 ἐμέριζε.
2357 2909 2597 2981 Πυρετὸς
2631 2910 2729 2981 μὲν
2759 2910 2867 2982 γὰρ
2888 2907 2955 2983 ἦν
2989 2912 3207 2984 χλιαρὸς
3236 2912 3346 2982 (24)
3366 2954 3381 2979 ,
3410 2915 3655 2984 κνησμὸς

2081 3000 2126 3053 δ’
2155 3000 2425 3072 ἀφόρητος
2447 3002 2546 3073 τῆς
2574 3003 2892 3072 ἐπιφανείας
2911 3004 3057 3074 ὅλης,
3085 3005 3177 3058 καὶ
3203 3003 3375 3058 κώλου
3411 3007 3655 3076 συνεχεῖς

2083 3090 2391 3164 ἀλγηδόνες,
2425 3093 2551 3164 περί
2582 3109 2641 3145 τε
2671 3094 2798 3156 τοὺς
2826 3094 2994 3158 πόδας
3019 3094 3093 3158 ὡς
3110 3095 3486 3166 ὑδρωπιῶντος
3506 3098 3655 3169 οἰδήε-

418 3198 539 3238 mor
578 3185 734 3253 quasi
763 3199 899 3255 aqua
939 3184 1204 3241 intercute
1226 3183 1543 3239 laborantis.
1580 3182 1662 3238 Ad
1687 3183 1800 3236 haec
1830 3179 1980 3237 inﬂa-

2087 3202 2249 3254 ματα,
2285 3183 2376 3237 τοῦ
2408 3202 2469 3237 τε
2507 3185 2672 3257 ἤτρου
2717 3185 3013 3257 φλεγμονὴ,
3055 3189 3149 3241 καὶ
3175 3165 3374 3242 αἰδοίου
3404 3165 3655 3260 σηπεδὸιν

418 3276 494 3332 tio
532 3275 840 3341 ventriculi,
882 3283 936 3331 et
973 3275 1285 3346 genitalium
1327 3274 1601 3330 vermibus
1657 3273 1981 3329 scatentium

419 3368 593 3426 tabes.
622 3366 904 3424 Postremo
941 3368 1220 3423 contentio
1249 3368 1555 3433 anhelitus,
1588 3377 1641 3422 et
1681 3362 1983 3434 respirandi

416 3458 700 3515 difﬁcultas
728 3500 744 3527 ,
774 3468 830 3515 et
877 3459 1241 3516 membrorum
1286 3459 1536 3515 omnium
1572 3456 1854 3513 convulsio
1885 3455 1983 3510 ho-

488 3608 741 3683 (lB)_Toi3
768 3609 1057 3677 δέξασθαί
1102 3629 1177 3669 τι.
1230 3613 1285 3667 in
1308 3611 1529 3683 .losephi
1573 3610 1904 3683 cditionibus
1929 3621 1985 3667 et

419 3682 559 3753 apud
609 3681 973 3753 Nicephorum
1007 3693 1127 3753 post
1182 3685 1280 3738 bas
1348 3681 1508 3753 voces
1565 3682 1837 3753 adduntur
1871 3683 1985 3737 haec

415 3750 698 3821 Verliadim‘
717 3751 910 3821 αὐτοῦ,
933 3750 1052 3821 quae
1074 3763 1122 3807 ta
1133 3769 1251 3807 men
1276 3752 1542 3819 superflua
1564 3765 1685 3806 esse
1706 3752 1982 3808 existimo.

489 3818 599 3890 (19)
620 3819 731 3890 Καὶ
757 3818 1044 3889 ἐλκώσειζ·
1070 3822 1188 3877 τῶν
1223 3818 1497 3890 ἐντέρων.
1540 3820 1665 3875 Ηαξο
1705 3821 1985 3890 θέιίζεειίο

418 3888 624 3944 codicis
651 3889 828 3963 Regii,
853 3900 917 3963 et
937 3908 1000 3947 ea
1020 3888 1241 3963 quidem
1268 3888 1373 3947 non
1401 3888 1985 3963 itnprobandanNostri

418 3966 598 4030 tamen
627 3962 842 4030 codices
873 3961 1009 4016 Maz.
1045 3959 1115 4019 ac
1146 3962 1309 4030 Μαίη
1342 3959 1634 4018 ειιιιιἘυΙς.
1666 3975 1731 4015 ac
1785 3960 1983 4025 Savil.,

419 4028 808 4103 aliquantulum
844 4033 1188 4103 discrepant;
1226 4028 1305 4088 sic
1334 4036 1476 4103 enim
1510 4032 1756 4103 habent;
1778 4030 1872 4083 καὶ
1895 4030 1985 4083 ἐλ-

416 4113 588 4175 3mg};
624 4098 732 4175 τῷν
763 4117 826 4153 τε
857 4098 1108 4175 ἐντέρων,
1136 4104 1235 4175 καὶ
1262 4102 1495 4175 μάλιστα
1525 4100 1617 4154 τοῦ
1648 4098 1843 4168 κώλου,
1875 4113 1983 4156 etc.

419 4167 478 4224 In
502 4168 807 4239 Nicephoro
837 4167 1001 4225 etiam
1039 4167 1299 4227 scribitur
1326 4172 1577 4235 ἕλκωσις.

491 4239 603 4309 (20)
641 4241 985 4309 Πνεύματός
1006 4258 1071 4296 τε
1096 4242 1262 4311 ὀρθία
1301 4242 1564 4308 ἔντασις.
1611 4240 1986 4311 Sigismundus

421 4307 679 4365 Gelenius
718 4307 1018 4378 tentiginem
1046 4307 1435 4381 interpretatus
1462 4307 1565 4367 est.
1601 4307 1830 4370 llu'ilnus
1860 4329 1986 4369 vero

424 4392 716 4449 utrumque
746 4394 967 4436 sensum
1003 4383 1057 4436 in
1088 4383 1338 4436 versione
1383 4398 1479 4437 sua
1535 4384 1852 4450 complexus
1881 4394 1981 4439 est.

420 4450 656 4522 Spiritus
682 4465 886 4521 quoque
911 4450 1230 4522 incredibilis
1256 4452 1480 4522 inﬂatio,
1512 4463 1558 4506 et
1583 4454 1774 4522 tentigo
1805 4455 1983 4508 obsce-

2085 3275 2371 3347 σκώληκας
2420 3275 2686 3345 γεννῶσα.
2744 3276 2887 3349 Πρὸς
2936 3278 3142 3342 τούτοις
3195 3280 3503 3352 ὀρθόπνοια,
3556 3283 3655 3337 καὶ

2081 3369 2359 3435 δύσπνοια,
2389 3372 2483 3422 καὶ
2533 3370 2772 3439 σπασμοὶ
2806 3370 3057 3427 ἁπάντων
3098 3371 3207 3424 τῶν
3264 3372 3462 3443 μελῶν,
3511 3373 3654 3428 ὥστε

2081 3462 2208 3526 τοὺς
2236 3461 2659 3527 ἐπιθειάζοντας,
2684 3462 2874 3535 ποινὴν
2902 3459 3122 3517 εἶναιτὰ
3136 3466 3436 3536 νοσήματα,
3452 3466 3653 3536 λέγειν.

2085 3614 2246 3679 Maz.,
2278 3613 2418 3686 Med.
2456 3623 2511 3669 et
2552 3615 2692 3684 apud
2725 3614 3017 3685 Josephum
3063 3614 3311 3670 habetur.
3368 3616 3427 3669 Et
3457 3633 3652 3686 parum

2085 3687 2301 3759 quidem
2319 3684 2539 3759 _rel'erre
2565 3684 2865 3759 existimo,
2888 3687 3232 3759 σπασμός-ηε
3260 3701 3340 3759 an
3374 3684 3653 3759 ἐσπασμέ-

2084 3771 2173 3820 νος
2204 3755 2292 3809 hic
2319 3755 2585 3825 legamus,
2624 3771 2747 3810 cum
2795 3757 2845 3810 in
2885 3768 3114 3823 utraque
3149 3756 3377 3810 lectione
3410 3755 3653 3812 idem'sit

2086 3840 2293 3879 sensus.
2323 3825 2431 3879 Sed
2460 3825 2748 3879 dillicultas
2771 3835 2854 3879 est
2887 3825 2937 3877 in
2972 3825 3035 3879 iis
3062 3825 3239 3879 verbis
3261 3842 3379 3891 qua:
3413 3842 3653 3891 sequun-

2088 3903 2211 3967 tur:
2251 3895 2401 3967 lexin
2429 3895 2527 3966 οὐχ
2573 3894 2914 3967 ὑπομενητὴν
2953 3894 3409 3967 προστιθέμενος.
3448 3896 3652 3954 Omnia

2084 3940 2226 4019 enim
2263 3940 2582 4033 inﬂerpreics
2637 3940 2750 4020 1&8
2785 3940 3042 4033 ios‘ephir
3062 3940 3316 4019 vetha‘de
3347 3940 3409 4018 δί’
3435 3940 3650 4021 {ci-"in:

2086 4033 2249 4089 lentia
2272 4035 2443 4088 morbi
2482 4036 2892 4095 intellexerunt,
2924 4049 3044 4103 quae
3094 4045 3237 4089 esset
3269 4036 3646 4094 intolerabilis.

2087 4104 2199 4173 Ego
2230 4119 2358 4160 vero
2389 4105 2457 4158 de
2482 4104 2648 4172 ipsius
2693 4105 2878 4176 aegroti
2905 4105 3114 4158 viribus
3145 4106 3195 4157 id
3239 4106 3441 4160 dictum
3492 4120 3645 4176 puto,

2085 4188 2220 4242 quas
2243 4188 2532 4244 nervorum
2585 4175 2884 4230 contractio
2934 4189 3260 4244 magnopere
3311 4177 3647 4234 intendebat.

2085 4244 2245 4299 Certe
2272 4243 2424 4314 ἰσχύς
2451 4244 2517 4297 de
2544 4246 2590 4297 vi
2636 4245 2810 4299 morbi
2845 4244 2953 4314 dici
2985 4243 3089 4300 nun
3126 4254 3324 4314 potest.
3374 4245 3544 4300 Porro
3591 4250 3646 4303 in

2086 4313 2463 4386 co‘diceAchio
2486 4314 2828 4386 ὑπομονητήν
2852 4313 3110 4383 scriptum
3130 4313 3344 4379 inveni,
3374 4320 3648 4386 quomodo

2087 4383 2257 4453 etiam
2279 4384 2471 4453 legitur
2505 4383 2643 4453 apud
2674 4383 2987 4453 Josephtnn.

2159 4452 2277 4524 (22)
2291 4452 2517 4524 Ποινὴν
2540 4452 2646 4508 τοῦ
2672 4454 2906 4508 πολλοῦ
2929 4454 3025 4508 καὶ
3052 4454 3412 4521 δυσσεϐοῦς.
3462 4454 3516 4508 1η
3550 4471 3647 4512 co-

422 4505 493 4573 ita
522 4521 653 4574 satis
679 4505 725 4574 ἐι
752 4505 1230 4595 εαξξεοναιιάαηξεά
1260 4505 1527 4595 .Itisephus
1553 4505 1980 4595 suimé'tipseiin-
2013 4505 2055 4560 Ῑ)
2085 4505 2209 4579 ὧδέ
2223 4505 2559 4595 filiai—JF“.
2580 4505 2650 4579 ac
2675 4505 2855 4577 savii.
2880 4505 3269 4594 neéiioit'épu'd
3288 4505 3646 4595 Nicephorum

423 4599 634 4657 terpres
667 4602 769 4645 est.
801 4591 936 4667 Nam
988 4591 1044 4667 in
1072 4591 1196 4667 _lib:
1242 4609 1271 4667 l_
1307 4591 1382 4645 De
1409 4592 1541 4646 bello
1574 4591 1804 4648 Iudaica
1829 4593 1985 4667 ὀρθό-

421 4674 612 4731 πνοιαν
643 4677 739 4730 pro
763 4663 951 4717 eodem
981 4663 1129 4722 dicit.
1165 4661 1272 4718 Sed
1303 4671 1503 4731 etquae
1543 4661 1987 4730 sequuntur'ma-

421 4728 617 4784 nifeste
643 4728 884 4801 arguunt
938 4731 1293 4803 intentionem
1337 4728 1560 4803 spiritus
1593 4728 1678 4803 hic
1734 4735 1982 4803 intelligi,

424 4812 532 4876 non
555 4810 734 4876 autem
752 4803 1045 4876 obscenam
1067 4802 1382 4876 tentiginem
1420 4803 1545 4876 ικαὶ
1573 4802 1709 4876 αὑτὴ
1731 4802 1850 4876 λίαν
1881 4802 1984 4876 in:

423 4864 587 4945 gqg...
618 4869 868 4945 ἀχθηδόνι
881 4887 952 4945 Δτε
980 4872 1079 4941 τῆς
1104 4864 1389 4945 ἀποφορᾶς
1415 4875 1508 4927 καὶ
1538 4872 1617 4943 τῷ
1663 4864 1861 4945 πυκνῷί
1890 4864 1983 4928 τόῢ

423 4935 717 5013 ἄσθματος,
746 4935 840 5013 ubi
869 4935 1152 5013 ἀποφοράν
1180 4935 1577 5010 respirationem
1589 4935 1986 4998 'vertunt'Lau-

424 5021 542 5074 gus,
569 5009 843 5083 Musculus
874 5023 929 5065 et
956 5009 1504 5082 Citristoplmrsonus.
1556 5016 1627 5067 At
1655 5013 1878 5068 Rufinus
1907 5016 1985 5083 fe-

427 5080 804 5149 torem‘vertit;
833 5095 993 5149 quem
1026 5098 1123 5137 nos
1144 5080 1265 5138 cum
1305 5083 1531 5137 Geleuio
1574 5086 1745 5138 secuti
1775 5080 1979 5138 sumus.

495 5145 1065 5218 (ΖυβΕσπαό-μένος
1088 5168 1174 5206 τε.
1202 5150 1258 5204 lu
1281 5154 1465 5206 codice
1492 5151 1623 5208 Fuk.
1656 5164 1711 5208 et
1737 5154 1905 5208 Savil.
1931 5163 1984 5208 et

427 5217 565 5294 apud
591 5217 949 5286 Nicephorum
978 5222 1171 5291 legitur
1195 5222 1442 5294 σπασμός
1461 5238 1554 5275 τεο
1581 5238 1740 5292 quam
1769 5224 1982 5293 quidem

430 5292 753 5366 scripturam
789 5301 1009 5345 secutus
1056 5302 1140 5346 est
1172 5292 1740 5366 _ChriStophorsonus,
1788 5292 1853 5347 ιιι
1915 5309 1983 5347 ex

432 5358 680 5431 versione
708 5358 824 5423 ejus
870 5373 1116 5430 apparet.
1163 5358 1454 5415 Nervoruin
1482 5371 1732 5431 praeterea
1768 5376 1982 5417 contra-

429 5431 539 5503 ctio.
557 5443 650 5494 per
671 5431 848 5503 omnia
872 5433 1100 5503 membra
1126 5435 1372 5503 pervasit,
1397 5448 1513 5503 qua:
1551 5434 1779 5503 quidemi
1805 5435 1906 5487 vim
1932 5442 1983 5486 et

429 5498 774 5573 acrimoniam
820 5501 1013 5573 inﬂixit
1052 5503 1099 5556 ei
1127 5498 1287 5573 plan;
1326 5498 1726 5573 intolerabilem.
1759 5502 1983 5557 Rufinus

424 5569 819 5641 ’νθτοἯεὲβεὶιιιβ
853 5572 1011 5625 vertit
1039 5569 1142 5627 hoc
1190 5569 1345 5626 mede
1376 5588 1388 5622 :
1416 5571 1503 5625 Ita
1548 5589 1612 5627 ea:
1651 5575 1789 5626 omni
1834 5586 1982 5641 parte

430 5636 928 5762 cruciatibusEfesso,
963 5643 1124 5697 nulla:
1146 5644 1375 5714 sufﬁcere
1402 5646 1533 5697 vires
1561 5643 1627 5696 ad
1649 5636 1980 5696 tolerantiam

430 5715 688 5762 Pataram.
787 5726 817 5762 κ
852 5726 962 5762 (ιυο
1004 5723 1180 5762 tamen
1214 5724 1432 5762 annurel
1478 5727 1601 5762 eum
1643 5711 1980 5762 ἐσπασμένος

428 5715 688 5787 poterant.
726 5711 817 5787 Ἐκ
852 5726 962 5787 quo
1004 5723 1180 5787 tamen
1211 5711 1432 5787 apparet
1478 5727 1601 5767 eum
1643 5711 1981 5787 ἐσπασμένος

431 5772 641 5845 legisse,
696 5779 835 5837 sicut
864 5772 918 5837 iu
951 5785 1166 5845 optimis
1211 5772 1489 5840 codicibus
1544 5786 1741 5839 nostris
1774 5772 1977 5847 Remo,

2086 4594 2527 4663 deestgparticula
2550 4594 2913 4661 conjunctiva.

2157 4661 2274 4745 (25)
2303 4662 2497 4745 ζῇν-τῇ
2520 4663 2909 4745 δευτέρᾳ-τῶν
2944 4662 3647 4745 ἸστορρκῘοιξΙιιξβοξο-

2085 4733 2176 4803 phi
2213 4733 2371 4804 hedje
2400 4736 2652 4804 leguntur
2678 4737 2728 4789 in
2767 4734 2864 4789 lib.
2901 4749 2941 4799 t,
2975 4750 3095 4803 cap.
3129 4735 3220 4798 2:,
3258 4734 3332 4788 Dc
3377 4735 3510 4804 bello
3540 4733 3638 4787 Ju-

2085 4802 2262 4875 daico.
2300 4802 2513 4875 rVeru‘m
2568 4807 2620 4859 in
2672 4802 3056 4875 manuscriptis
3085 4806 3363 4860 codicibus
3394 4802 3642 4872 .losephi,

2085 4874 2189 4927 alia
2239 4873 2340 4929 fuit
2367 4875 2628 4929 librorum
2671 4873 2972 4940 distinctio,
3020 4888 3184 4943 quam
3228 4874 3456 4928 Rufinus
3493 4877 3644 4944 siqui

2086 4944 2258 4998 uoluit
2285 4946 2407 5014 :qui
2436 4944 2629 4999 librum
2661 4945 2894 5014 primum
2922 4945 2990 4999 ad
3021 4945 3242 4999 nimiam
3285 4945 3477 4998 molem
3515 4960 3645 5012 ριηι-

2085 5014 2260 5084 duxit,
2288 5024 2346 5068 ut
2370 5014 2438 5068 ad
2460 5014 2690 5069 Herodis
2715 5029 2884 5083 usque
2904 5024 3128 5068 mortem
3155 5030 3276 5069 eum
3301 5015 3640 5084 perduceret.

2083 5080 2271 5152 Itaque
2299 5086 2351 5138 in
2379 5084 2481 5139 hoc
2507 5085 2725 5139 Eusebii
2758 5080 2876 5138 loco
2901 5085 3033 5137 nihil
3059 5080 3372 5138 mutandum
3411 5094 3511 5137 est.
3539 5085 3645 5137 Sa-

2083 5153 2247 5209 vilius
2271 5154 2416 5208 hunc
2441 5154 2659 5209 Eusebii
2688 5154 2862 5205 locum
2910 5155 3066 5208 aliter
3093 5154 3379 5208 intellexit.
3426 5152 3645 5208 Putavit

2083 5224 2227 5277 enim
2248 5222 2532 5294 δευτέραν
2562 5223 2668 5277 τῶν
2705 5223 2993 5289 Ἱστοριῶν
3021 5225 3088 5278 ab
3121 5225 3211 5277 illo
3252 5225 3355 5278 dici
3402 5239 3537 5292 opus
3570 5223 3645 5278 De

2083 5293 2288 5347 excidio
2315 5293 2456 5347 urbis
2485 5293 3162 5363 Hierosolgmilanw,quod
3192 5310 3327 5363 opus
3349 5298 3643 5348 secundum

2083 5371 2167 5416 est
2192 5376 2435 5431 respecm
2480 5364 2935 5432 Ἄρχαιολογίας.
2967 5362 3143 5418 Verba
3173 5362 3297 5418 sunt
3327 5364 3499 5432 ipSlllS
3539 5365 3641 5417 Sa-

2082 5432 2219 5497 vilii,
2249 5448 2369 5501 qua:
2389 5433 2627 5500 profecto
2661 5443 2808 5486 tanto
2838 5435 2953 5501 viro
2985 5434 3252 5488 excidisse
3282 5436 3500 5487 nollem.

2156 5498 2553 5573 (24ῘΠυρετὸς
2576 5502 2825 5572 μὲνγὰρ
2861 5498 2939 5573 ἦν
2961 5503 3227 5573 χλιαρός.
3270 5504 3394 5573 llaec
3428 5502 3641 5573 quidem

2083 5570 2174 5626 est
2198 5570 2468 5641 scriptura
2518 5570 2733 5628 codicis
2772 5570 3111 5639 liegiifSed
3153 5572 3209 5627 in
3258 5570 3643 5638 Man—Med"

2082 5641 2218 5715 Fult.
2238 5658 2305 5715 ac
2342 5642 2550 5715 Savilii.
2576 5655 2637 5715 et
2675 5645 2815 5715 apud
2847 5643 3210 5715 Nicephorum
3250 5643 3448 5715 legitur
3478 5656 3648 5714 πυρε-

2081 5714 2171 5778 τὸς
2197 5712 2296 5784 μὲν
2316 5713 2424 5784 γὰρ
2445 5709 2513 5784 ἦν
2535 5713 2597 5767 οὐ
2621 5709 2837 5785 λαϐρός.
