3966 6264
242 332 345 386 105

1257 330 1607 393 msronm
1646 319 2201 392 ECCLESIASTICE
2241 333 2367 392 LIB.
2411 332 2449 393 ι.

3361 336 3458 392 106

254 450 312 503 ’θ
335 448 386 501 δὲ
412 446 644 502 παλαίων
679 448 962 521 τοσούτοις
989 454 1236 522 πάθεσιν,
1258 460 1406 528 ὅμως
1430 458 1521 511 τοῦ
1549 458 1648 529 ζῇν
1676 461 1794 512 ἀντ-

1905 460 2101 513 minem
2137 460 2436 527 cruciabat,
2467 459 2602 513 adeo
2646 467 2703 514 ut
2746 444 2938 513 harioli
2977 456 3281 528 hujusmodi
3314 473 3458 513 mor-

250 541 428 611 είχετο,
460 543 729 613 σωτηρίαν
762 562 824 598 τε
878 547 1091 617 ῆλπιζε,
1130 549 1225 602 καὶ
1256 547 1547 619 θεραπείας
1570 549 1796 602 ἐπενόει.

251 633 437 695 Διαϐὰς
455 633 579 701 γοῦν
602 634 696 687 τὸν
729 637 1023 709 Ἰορδάνην,
1049 641 1159 702 τοῖς
1188 640 1326 693 κατά
1356 641 1657 712 Καλλιρόην
1684 640 1802 712 θερ-

254 725 360 793 μοῖς
395 724 605 795 ἐχρῆτο.
634 722 822 779 Ταῦτα
843 729 901 781 δὲ
926 729 1088 793 ἔξεισι
1118 731 1214 800 μὲν
1234 734 1310 793 είς
1334 732 1433 802 τὴν
1462 730 1798 803 Ἀσφαλτῖτιν

249 816 447 886 λίμνην,
480 818 585 869 ὑπὸ
616 818 955 890 γλυκύτητος
986 822 1043 875 δέ
1084 824 1201 875 ἐστι
1236 822 1327 875 καὶ
1363 826 1587 895 πότιμα.
1634 824 1799 890 Δόξαν

247 908 297 960 δὲ
332 908 553 961 ἐνταῦθα
584 913 701 972 τοῖς
729 913 955 984 ἰατροῖς,
976 912 1137 984 ἐλαίῳ
1154 914 1338 987 θερμῷ
1367 918 1471 969 πᾶν
1496 917 1798 986 ἀναθάλψαι

245 997 302 1051 τὸ
335 998 486 1068 σῶμα
526 1001 796 1070 χαλασθὲν
834 1005 915 1066 είς
939 1003 1114 1057 ἐλαίου
1148 1004 1327 1078 πλήρη
1379 1007 1591 1070 πύελον,
1622 1007 1798 1061 ἐκλύει

244 1090 359 1152 τοὺς
376 1091 684 1161 ὀφθαλμοὺς
708 1095 803 1147 καὶ
831 1094 906 1158 ὡς
934 1095 1159 1160 τεθνεὼς
1182 1094 1524 1169 ἀνέστρεψεν.
1559 1098 1796 1170 Θορύϐου

245 1181 292 1233 δὲ
320 1181 421 1233 τῶν
447 1181 791 1254 θεραπόντων
828 1187 1134 1263 γενομένου,
1156 1187 1289 1256 πρὸς
1319 1189 1413 1258 μὲν
1433 1190 1530 1259 τὴν
1553 1191 1797 1262 κραυγὴν

244 1273 549 1343 ἀνήνεγκεν,
582 1276 677 1339 Et;
706 1277 763 1328 δὲ
787 1273 847 1329 τὸ
867 1275 1048 1330 λοιπὸν
1081 1279 1350 1347 ἀπογνοὺς
1379 1280 1477 1350 τὴν
1506 1279 1794 1352 σωτηρίαν,

244 1368 345 1427 τοῖς
381 1382 438 1417 τε
483 1369 841 1438 στρατιώταις
878 1368 979 1421 ἀνά
1016 1370 1263 1441 δραχμὰς
1307 1372 1638 1441 πεντήκοντα
1679 1371 1799 1425 ἐκέ-

244 1464 389 1507 λευσε
426 1456 731 1527 διανεῖμαι,
778 1461 872 1513 καὶ
919 1461 1088 1513 πολλά
1121 1462 1375 1533 χρήματα
1423 1466 1533 1526 τοῖς
1566 1464 1795 1534 ἡγεμόσι

244 1548 329 1599 καὶ
354 1551 460 1611 τοῖς
481 1550 673 1617 φίλοις.
706 1548 874 1616 Αὐτὸς
904 1553 946 1605 δ’
970 1550 1328 1625 ὑποστρέψας,
1356 1556 1433 1617 εἰς
1477 1556 1796 1626 Ἱεριχοῦντα

244 1638 607 1709 παραγίνεται,
647 1643 992 1714 μελαγχολῶν
1025 1644 1147 1717 ἤδη,
1194 1647 1286 1699 καὶ
1334 1648 1610 1718 μονονουχὶ
1650 1649 1796 1721 αὐτῷ

244 1731 382 1801 τιτῷ
408 1731 623 1804 θανάτῳ
642 1736 897 1801 ἀπειλῶν,
923 1736 1223 1807 προέκοψεν
1257 1740 1336 1801 εἰς
1356 1738 1646 1810 ἐπιϐουλὴν
1674 1741 1798 1794 ἀθε-

1900 551 2024 603 bum
2070 564 2285 618 pmnam
2329 564 2449 605 esse
2492 551 2736 606 dicerent
2785 550 2997 605 cmlitus
3041 550 3360 619 irrogatam.
3393 550 3458 602 At

1900 642 1990 696 ille
2036 643 2250 696 tametsi
2296 658 2415 697 cum
2455 653 2529 700 tot
2562 645 2873 699 morborum
2904 643 3191 713 generibus
3220 643 3455 696 luctare-

1902 744 2007 793 tur.
2043 748 2191 803 spem
2224 742 2399 788 tamen
2429 736 2605 789 adhuc
2630 735 2753 789 vitae
2783 735 3023 788 retinens
3050 776 3064 798 ,
3098 733 3333 788 remedia
3364 748 3459 786 ex-

1900 826 2195 894 cogitabat.
2234 827 2426 895 itaque
2476 827 2705 896 trajecto
2751 806 2984 880 Jordane
3011 865 3024 888 ,
3068 826 3220 893 aquis
3268 825 3457 878 calidis

1899 931 2017 985 qua:
2057 915 2205 984 juxta
2240 916 2544 971 Callirhoen
2579 926 2749 981 sunt,
2797 930 2927 972 usus
2958 926 3058 970 cst.
3094 915 3184 970 lla:
3217 915 3449 970 inﬂuunt

1900 1007 2113 1075 quidem
2135 1008 2186 1062 in
2219 1009 2574 1077 Asphaltitem
2603 1010 2797 1072 lacum,
2826 1008 2921 1064 sed
2951 1008 3083 1062 adeo
3108 1008 3287 1062 dulces
3310 1016 3453 1067 sunt,

1899 1107 1958 1151 ut
1982 1097 2145 1152 etiam
2176 1099 2325 1168 potui
2357 1100 2653 1153 commodae
2683 1099 2812 1154 sint.
2843 1098 2916 1152 lbi
2947 1112 3068 1152 cum
3117 1096 3339 1151 medicis
3373 1097 3453 1148 vi-

1898 1202 2013 1243 sum
2051 1198 2196 1242 esset
2241 1200 2299 1243 ut
2326 1198 2541 1260 tepente
2590 1192 2709 1245 oleo
2754 1191 3046 1253 l'overetur,
3089 1189 3355 1244 demissus
3401 1189 3452 1241 in

1889 1279 2085 1337 dolium
2121 1282 2335 1352 plenum
2361 1283 2484 1346 olei,
2513 1291 2621 1335 toto
2643 1297 2867 1351 corpore
2900 1286 3035 1335 adeo
3059 1279 3324 1335 resolutus
3349 1291 3452 1343 est,

1900 1378 1954 1423 ut
1986 1372 2148 1425 etiam
2174 1371 2315 1427 oculi
2341 1373 2512 1427 instar
2538 1373 2769 1426 hominis
2800 1372 2994 1425 mortui
3028 1371 3447 1425 revolverentur.

1900 1457 2101 1513 Deinde
2148 1459 2513 1514 ministrorum
2562 1461 3004 1514 tumulttlantium
3048 1460 3284 1515 clamore
3310 1462 3457 1514 eXcio'

1897 1558 2060 1615 tatus,
2091 1551 2156 1606 ad
2185 1566 2242 1606 se
2273 1552 2486 1621 quidem
2518 1553 2695 1606 rediit.
2737 1552 3001 1606 Caeterum
3036 1566 3130 1621 spe
3182 1550 3370 1605 salutis
3402 1549 3455 1605 in

1897 1652 2167 1710 posterum
2205 1644 2436 1712 objecta,
2467 1644 2860 1713 quinquaginta
2891 1642 3174 1696 drachmas
3198 1640 3460 1695 militibus

1899 1731 2100 1785 viritim
2133 1773 2145 1795 ,
2180 1734 2403 1787 ducibus
2447 1748 2577 1786 vero
2623 1743 2695 1787 et'
2722 1733 2915 1787 amicis
2942 1748 3192 1800 magnam
3222 1732 3458 1799 pecunias

246 1822 388 1891 μίτου
436 1825 689 1893 πράξεως
723 1826 856 1897 (25).
902 1828 1041 1891 Τοὺς
1074 1828 1180 1899 γὰρ
1225 1828 1314 1896 ἀφ’
1339 1829 1570 1900 ἑκάστης
1607 1831 1794 1903 κώμης

1899 1824 2005 1876 vim
2052 1824 2297 1877 distribui
2346 1824 2527 1893 jussit.
2579 1823 2707 1879 Inde
2761 1823 3160 1878 Hiericlmntem
3212 1836 3459 1877 reversus

243 1913 528 1983 ἐπισήμους
565 1915 764 1985 ἄνδρας
797 1917 855 1981 ἐξ
888 1917 1016 1987 ὅλης
1059 1918 1318 1982 Ἰουδαίας
1345 1918 1682 1988 συναγαγὼν,
1720 1924 1798 1984 εἰς

244 2005 321 2055 τὸν
372 2004 704 2074 καλούμενον
764 2008 1097 2079 ἱππόδρομον
1148 2009 1400 2063 ἐκέλευσε
1462 2012 1794 2080 συγκλεῖσαι.

244 2095 744 2167 Προσκαλεσάμενος
774 2097 830 2151 δὲ
862 2099 1126 2171 Σαλώμην
1165 2101 1264 2171 τὴν
1296 2100 1529 2173 ἀδελφὴν
1573 2103 1664 2155 καὶ
1708 2102 1797 2155 τὸν

242 2185 392 2257 ἄνδρα
406 2189 613 2258 ταύτης
634 2189 991 2262 Ἀλέξανδρον·
1019 2211 1036 2242 ι
1056 2188 1203 2255 Οἶδα,
1244 2192 1366 2263 ἔφη,
1402 2192 1683 2255 Ἰουδαίους
1708 2194 1796 2245 τὸν

241 2278 359 2345 ἐμὸν
391 2280 749 2350 ἑορτάσοντας
802 2281 1050 2336 θάνατον.
1111 2282 1353 2355 Δύναμαι
1404 2284 1459 2338 δὲ
1488 2284 1797 2338 πενθεῖσθαι

240 2370 297 2421 δι’
322 2373 517 2443 ἐτέρων
551 2376 645 2426 καὶ
677 2373 926 2446 λαμπρὸν
974 2376 1257 2447 ἐπιτάφιον
1299 2381 1464 2449 σχεῖν,
1526 2378 1590 2432 ἂν
1642 2380 1798 2449 ὑμεῖς

240 2463 515 2535 ἐθελήσητε
542 2468 661 2530 ταῖς
701 2469 858 2538 ἐμαῖς
893 2468 1131 2532 ἐντολαῖς
1180 2470 1539 2543 ὑπουργῆσαι.
1598 2466 1796 2523 Τούσδε

239 2554 350 2617 τοὺς
409 2559 851 2628 φρουρουμένους
906 2560 1141 2632 ἄνδρας,
1207 2561 1424 2614 ἐπειδὰν
1477 2561 1792 2625 ἐκπνεύσω,

236 2646 449 2715 τὴιστα
486 2647 737 2703 κτείνατε
793 2653 1218 2722 περιστήσαντες
1266 2653 1390 2717 τοὺς
1441 2650 1793 2722 στρατιώτας,

238 2738 314 2790 ἵνα
341 2742 491 2793 πᾶσα
516 2741 550 2811 ἡ
585 2742 814 2796 Ἰουδαία
832 2743 926 2795 καὶ
955 2745 1061 2807 πᾶς
1089 2739 1253 2808 οἶκος,
1288 2745 1381 2797 καὶ⁵
1411 2745 1557 2798 ἄκων
1575 2740 1797 2815 ἐπ’ὲμοὶ

232 2829 485 2902 δακρύσῃ.
519 2850 537 2881 ι
583 2833 691 2884 Καὶ
725 2832 863 2903 μετά
898 2833 1100 2904 βραχέα
1127 2832 1307 2904 φησίν·
1342 2854 1360 2884 ι
1396 2831 1561 2897 Αὖθις
1596 2830 1670 2895 δὲ,
1706 2835 1798 2888 καὶ

236 2924 333 2994 γὰρ
372 2923 551 2995 ἐνδείᾳ
597 2925 803 2996 τροφῆς
839 2927 932 2978 καὶ
966 2925 1093 2998 βηχὶ
1129 2926 1441 2997 σπασμώδει
1490 2925 1792 2991 διετείνετο,

232 3014 331 3066 τῶν
362 3014 674 3085 ἀλγηδόνων
706 3015 956 3087 ἡττηθεὶς
980 3057 994 3079 ,
1053 3017 1252 3087 φθάσαι
1308 3018 1405 3089 τὴν
1458 3017 1795 3089 εἱμαρμένην

233 3103 537 3156 ἐπϐἀλετο.
584 3098 779 3157 Λαϐὼν
802 3102 857 3158 δὲ
900 3105 1067 3176 μῆλον
1095 3105 1226 3177 (26),
1274 3106 1443 3176 ᾔτησε
1474 3107 1567 3159 καὶ
1596 3104 1793 3178 μαχαί-

236 3212 355 3267 ριον,
393 3195 578 3249 εἰώθει
623 3196 732 3267 γὰρ
764 3196 1080 3267 ἀποτέμνων
1122 3195 1338 3259 ἐσθίειν,
1376 3197 1566 3250 ἔπειτα
1606 3214 1796 3269 περια-

234 3286 426 3357 θρήσας
464 3289 538 3359 μή
569 3305 653 3351 τις
677 3286 703 3340 ό
726 3288 948 3341 κωλύων
971 3289 1129 3341 αὐτὸν
1160 3290 1263 3359 εἴη,
1291 3289 1463 3360 ἐπῆρε
1486 3290 1583 3360 τὴν
1617 3290 1796 3356 δεξιάν

232 3376 307 3440 ὡς·
324 3376 544 3447 πλήξων
575 3376 786 3430 ἑαυτόν.
825 3396 843 3427 ι
890 3378 1009 3430 Ἐπὶ¹
1036 3378 1092 3432 δὲ
1121 3374 1325 3441 τούτοις
1346 3382 1373 3431 ὁ
1405 3379 1567 3443 αὐτὸς
1601 3380 1800 3451 ἱστορεῖ

232 3465 597 3533 συγγραφεὺς,
660 3466 846 3536 ἕτερον
878 3466 1041 3519 αὑτοῦ
1082 3468 1302 3536 γνήσιον
1348 3468 1512 3522 παῖδα
1564 3470 1670 3541 πρὸ
1699 3472 1797 3541 τῆς

229 3556 455 3625 ἐσχάτης
498 3556 593 3609 τοῦ
640 3556 754 3626 βίου
799 3557 1073 3628 τελευτῆς,
1117 3558 1295 3631 τρίτον
1341 3561 1433 3612 ἐπὶ
1493 3560 1642 3614 δυσὶν
1695 3561 1794 3633 ήδη

228 3648 698 3719 προανῃρημένοις
726 3648 795 3700 δι’
819 3649 1118 3712 ἐπιτάξεως
1152 3649 1426 3715 ἀνελόντα,
1461 3651 1793 3722 παραχρῆμα

226 3736 317 3805 τὴν
342 3735 485 3807 ζωὴν
511 3737 572 3788 ού
597 3736 732 3807 μετά
755 3738 999 3809 σμικρῶν
1020 3738 1321 3809 ἀλγηδόνων
1341 3737 1663 3811 ἀπορρῆξαι.
1686 3741 1797 3794 Καὶ

229 3828 427 3880 τοιοῦτο
454 3829 559 3897 μὲν
593 3828 654 3880 τὸ
704 3829 877 3899 πέρας
908 3829 1010 3899 τῆς
1047 3828 1284 3900 Ἡρώδου
1306 3830 1493 3899 γέγονε
1518 3830 1793 3901 τελευτῆς,

447 3917 664 3970 δικαίαν
714 3918 1027 3982 ἐκτίσαντος
1082 3915 1156 3972 ὧν
1209 3909 1352 3990 ἀμφὶ
1394 3921 1491 3992 τὴν
1547 3920 1794 3992 Βηθλεέμ

228 4008 394 4061 ἀνεῖλε
447 4009 672 4072 παίδων,
727 4011 825 4079 τῆς
860 4010 951 4062 τοῦ
992 4012 1244 4084 Σωτῆρος
1294 4012 1449 4082 ἡμῶν
1504 4011 1795 4081 ἐπιϐουλῆς

227 4100 403 4152 ἓνεκα.
451 4099 588 4154 Μεθ’
624 4100 690 4171 ἦν
742 4101 971 4169 ἄγγελος
1003 4102 1134 4173 ὄναρ
1183 4102 1409 4165 ἐπιστὰς
1440 4104 1495 4155 ἐν
1532 4100 1792 4172 Αἰγύπτῳ

230 4190 546 4260 διατρίϐοντι
574 4190 651 4260 τῷ
693 4192 911 4262 Ἰωσὴφ,
935 4194 1142 4265 ἀπᾶραι
1177 4194 1293 4264 ἅμα
1323 4193 1400 4264 τῷ
1424 4194 1571 4247 παιδὶ
1604 4194 1697 4246 καὶ
1726 4196 1790 4265 τῇ

228 4282 410 4335 τούτου
469 4284 636 4355 μητρὶ
697 4285 790 4337 ἐπὶ
842 4286 940 4354 τὴν
1008 4286 1266 4339 Ἰουδαίαν
1323 4283 1789 4357 παρακελεύεται,

226 4372 537 4443 τεθνηκέναι
560 4373 734 4444 δηλῶν
770 4377 897 4439 τοὺς
928 4376 1322 4448 ἀναζητοῦντας
1350 4376 1447 4447 τὴν
1471 4375 1645 4447 ψυχὴν
1698 4375 1798 4444 τοῦ,

1898 1926 1999 1984 eSt,
2024 1914 2245 1983 jamque
2278 1924 2397 1968 atra
2435 1915 2541 1969 bile
2567 1925 2866 1984 correptus,
2901 1926 2956 1969 ct
2982 1915 3079 1983 ipsi
3106 1915 3460 1984 quodammo-

1897 2006 1964 2059 do
1994 2006 2151 2059 morti
2199 2006 2497 2072 minitans,
2536 2007 2869 2061 teterrimmn
2905 2006 3114 2060 facinus
3149 2008 3459 2075 perpetrare

1897 2099 2097 2150 statuit.
2142 2096 2350 2150 Etenim
2377 2097 2775 2151 illustrissimus
2792 2112 3037 2166 quosque
3065 2097 3233 2151 totius
3264 2095 3459 2152 Judteze

1898 2190 2041 2242 viros
2087 2203 2151 2241 ex
2204 2189 2428 2259 singulis
2463 2188 2598 2242 vicis
2651 2188 2904 2242 collectos
2934 2228 2949 2250 ,
2996 2188 3048 2241 in
3098 2186 3458 2256 llippodromo

1897 2278 2137 2333 concludi
2186 2278 2462 2347 pra'cepit.
2490 2277 2624 2330 Tum
2671 2277 2934 2333 accersita
2969 2274 3185 2331 Salonae
3228 2277 3457 2345 viroque

1896 2367 2011 2439 ejus
2038 2370 2345 2423 Alexandro
2372 2388 2383 2423 :
2427 2388 2445 2420 ι
2479 2368 2610 2423 Novi
2640 2408 2655 2433 ,
2690 2370 2882 2438 inquit,
2905 2367 3115 2423 Judaros
3141 2377 3313 2422 morte
3340 2383 3456 2422 mea

1895 2462 2279 2517 exsultaturos.
2310 2463 2414 2517 Sed
2444 2463 2611 2533 lugeri
2648 2462 2875 2516 aliorum
2904 2476 3089 2526 causa,
3137 2470 3192 2515 et
3227 2459 3458 2515 illustres

1896 2555 2179 2623 exsequias
2214 2555 2474 2623 consequi
2508 2569 2728 2623 possum
2756 2595 2771 2619 ,
2808 2554 3102 2607 dummodo
3134 2552 3268 2607 meis
3301 2564 3453 2605 man-

1898 2647 2034 2701 datis
2050 2648 2273 2716 obsequi
2308 2648 2507 2704 velitis.
2544 2647 2652 2704 llos
2680 2647 2827 2702 viros
2854 2660 2992 2715 quos
3023 2646 3278 2700 custodia:
3305 2654 3459 2698 man-

1896 2737 2020 2792 davi
2049 2779 2063 2803 ,
2098 2740 2275 2812 psimul
2326 2750 2490 2809 atque
2536 2741 2772 2794 animam
2827 2736 3154 2791 exhalavero
3199 2734 3458 2790 militibus

1897 2831 2280 2895 circumdatos,
2316 2845 2505 2886 omnes
2536 2829 2965 2898 interﬁcite,quo
2990 2837 3045 2884 et
3080 2828 3335 2882 universa
3361 2825 3456 2881 Ju-

1897 2924 2008 2979 data
2042 2930 2097 2977 et
2140 2921 2369 2991 singulae
2400 2923 2589 2977 domus
2631 2920 2717 2975 vel
2767 2921 2947 2975 invitae
2983 2934 3098 2974 mea
3129 2927 3303 2975 morte
3345 2919 3460 2972 illa-

1897 3027 2231 3088 orymentur.
2284 3036 2302 3069 ι
2338 3016 2403 3070 Et
2454 3014 2614 3083 paulo
2664 3020 2830 3082 post:
2873 3029 2891 3064 ι
2948 3012 3156 3066 Rursus
3183 3051 3199 3075 ,
3237 3011 3411 3080 inquit
3440 3053 3454 3071 ,

1899 3122 2022 3159 cum
2052 3107 2244 3176 partim
2290 3106 2484 3168 inedia,
2521 3103 2716 3172 partim
2756 3102 2917 3155 tussis
2942 3101 3203 3155 violentia
3233 3099 3450 3155 crucia-

1900 3209 2069 3263 retur,
2100 3198 2276 3252 victus
2322 3196 2595 3251 doloribus
2643 3196 2812 3249 fatum
2850 3201 3197 3248 antevenere
3243 3192 3455 3246 statuit.

1894 3283 2123 3355 Sumpta
2174 3286 2337 3355 igitur
2382 3300 2541 3354 pomo
2570 3327 2584 3349 ,
2615 3283 2889 3339 cultellum
2937 3282 3200 3353 poposcit.
3257 3279 3459 3335 Solitus

1897 3375 2041 3429 enim
2082 3386 2201 3429 erat
2236 3390 2395 3445 poma
2457 3390 2615 3428 manu
2650 3389 2744 3429 sua
2777 3374 2947 3429 incisa
2984 3373 3286 3427 comedere.
3319 3370 3455 3425 Tum

1898 3467 2340 3542 circumspiciens
2372 3481 2436 3520 ne
2467 3465 2587 3534 quis
2631 3475 2776 3520 esset
2821 3465 2912 3535 qui
2952 3464 3269 3538 impediret,
3337 3472 3455 3516 tan-

1897 3574 2060 3626 quam
2101 3575 2161 3614 se
2189 3575 2543 3627 percussurus
2576 3560 2821 3613 dextram
2864 3558 3081 3612 levavit.
3123 3575 3141 3609 ι
3176 3556 3457 3612 Postremo

1898 3647 2037 3702 idem
2063 3649 2295 3717 scriptor
2324 3657 2532 3714 narrat,
2562 3663 2667 3716 quo
2701 3657 2860 3717 pacto
2886 3648 3045 3717 paulo
3095 3657 3221 3701 ante
3251 3649 3455 3704 exitum

1897 3738 2020 3792 vita:
2045 3744 2325 3809 proprium
2356 3740 2521 3793 lilium
2549 3781 2564 3807 ,
2600 3751 2722 3809 post
2749 3742 2882 3795 duos
2910 3754 3043 3807 quos
3068 3738 3181 3809 jam
3210 3750 3335 3793 ante
3365 3756 3459 3793 ne-

1897 3839 2135 3895 caverat,
2169 3831 2330 3901 impie
2358 3830 2519 3899 jussit
2563 3832 2765 3897 occidi,
2801 3842 2962 3900 atque
3005 3831 3079 3885 ita
3105 3830 3317 3886 demum
3349 3846 3456 3885 non

1895 3920 2013 3977 sine
2048 3921 2298 3976 maximis
2345 3922 2677 3977 cruciatibus
2725 3923 2958 3977 animam
2987 3920 3201 3976 eﬂlavit.
3257 3922 3457 3992 Hnjus—
3560 3959 3569 3967 -

1849 4082 1858 4090 ἢ
1897 4014 2039 4068 nodi
2097 4015 2302 4068 exitum
2334 4015 2458 4067 vitae
2485 4013 2672 4067 habuit
2705 4014 2945 4069 Herodes
2966 4057 2979 4080 ,
3010 4017 3199 4069 merita
3232 4029 3457 4083 perpes-

1896 4118 1988 4157 sus
2031 4102 2295 4172 supplicia
2324 4117 2422 4169 pro
2470 4100 2674 4158 scelere
2717 4103 2857 4170 quod
2905 4103 3165 4158 adversus
3217 4102 3453 4157 infantes

1894 4193 2313 4248 Bethlebemitas
2346 4194 2657 4260 admiserat,
2690 4194 2815 4247 dum
2852 4194 3131 4250 Servatori
3163 4205 3350 4249 nostro
3377 4193 3455 4249 in-

1894 4285 2062 4338 sidias
2112 4292 2471 4353 compararet.
2523 4282 2649 4337 Post
2701 4284 2856 4353 cujus
2904 4285 3183 4339 interitum
3234 4284 3455 4356 angelus

1894 4374 2129 4447 Josepho
2157 4377 2319 4430 etiam
2359 4386 2471 4430 tum
2518 4376 2572 4429 in
2617 4374 2853 4447 Egypto
2898 4378 3128 4431 moranti
3162 4378 3211 4431 in
3249 4378 3455 4432 somnis

227 4464 454 4517 παιδίου.
490 4464 712 4527 Τούτοις
747 4466 792 4519 δ’
819 4469 847 4520 ὁ
877 4468 1266 4540 εύαγγελιστὴς
1309 4468 1557 4539 ἐπιφέρει
1592 4468 1784 4536 λέγων·

1897 4484 2163 4541 apparens
2189 4509 2203 4534 ,
2238 4484 2359 4523 eum
2406 4470 2457 4522 in
2508 4468 2745 4524 Judazam
2780 4470 2953 4524 redire
2986 4484 3092 4523 una
3138 4480 3257 4523 cum
3289 4475 3456 4538 puero

233 4574 250 4603 ι
300 4555 560 4620 Ἀκούσας
586 4556 629 4610 δ’
653 4558 734 4611 ὅτι
783 4559 1067 4630 Ἀρχέλαος
1090 4559 1356 4629 βασιλεύει
1393 4560 1491 4629 τῆς
1534 4559 1789 4624 Ἰουδαίας

230 4648 341 4699 ἀντὶ
388 4646 624 4718 Ἡρώδου
653 4649 749 4701 τοῦ
773 4651 975 4720 πατρὸς
1001 4651 1187 4713 αὐτοῦ,
1220 4651 1457 4723 ἐφοϐήθη
1488 4655 1602 4705 ἐκεῖ
1627 4653 1791 4706 ἀπελ-

229 4738 354 4793 θεῖν.
382 4740 789 4811 Χρηματισθεὶς
813 4742 869 4795 δὲ
898 4745 1015 4796 κατ’
1049 4743 1201 4815 ὄναρ,
1237 4743 1577 4815 ἀνεχώρησεν
1614 4747 1692 4808 είς
1722 4744 1792 4798 τὰ

233 4832 363 4903 μέρη
397 4832 496 4902 τῆς
528 4832 835 4897 Γαλιλαίας.
876 4853 894 4885 ι

1899 4571 1953 4616 et
1988 4570 2162 4615 matre
2193 4561 2449 4630 praecepit
2473 4599 2488 4623 ,
2519 4572 2760 4616 mortuos
2793 4561 3044 4614 nuntians
3070 4597 3087 4624 ,
3114 4560 3201 4627 qui
3231 4573 3454 4627 puerum

1895 4667 1928 4709 θ
1967 4653 2143 4707 medio
2178 4652 2368 4707 tollere
2391 4652 2706 4721 cupiebant.
2738 4650 2943 4717 Quibus
2975 4653 3089 4705 lure
3123 4651 3452 4718 evangelista

1897 4745 2209 4815 subjungit:
2243 4763 2260 4796 ι
2319 4745 2556 4797 Audiens
2603 4755 2781 4798 autem
2835 4744 2977 4813 quod
3029 4742 3321 4798 Archelaus
3365 4749 3454 4796 re:-

1899 4844 2089 4907 gnaret
2118 4838 2169 4891 in
2194 4835 2376 4891 Iudaea
2404 4851 2502 4906 pro
2530 4835 2745 4891 Herode
2775 4840 2930 4905 patre
2959 4851 3095 4901 suo,
3136 4835 3314 4900 timuit
3365 4834 3456 4890 illo

232 4926 323 4980 ire.
352 4926 416 4981 Et
442 4929 751 4984 admonitus
781 4930 833 4983 in
870 4930 1075 4985 somnis
1118 4933 1343 4986 secessit
1391 4932 1441 4985 in
1472 4941 1650 5001 partes
1673 4930 1929 4987 Galilaeae.
1967 4950 1985 4984 ι

742 5036 1141 5102 ΚΕΦΑΛΑΙΟΝ
1176 5041 1247 5101 Θ’.

488 5138 627 5206 Περὶ
652 5138 770 5192 τῶν
803 5138 953 5193 κατὰ
978 5139 1240 5195 Πιλᾶτον
1264 5142 1517 5210 χρόνων.

294 5229 365 5300 Τῇ
391 5228 435 5281 δ’
464 5231 556 5281 ἐπὶ
580 5230 680 5301 τὴν
708 5230 883 5300 ἀρχὴν
918 5230 1054 5301 μετά
1087 5231 1174 5283 τὸν
1213 5229 1454 5303 Ἡρώδην
1475 5230 1567 5283 τοῦ
1601 5231 1790 5300 Ἀρχε-

294 5349 396 5419 (25)
415 5348 765 5421 Προέκοψεν
776 5352 863 5416 είς
871 5351 966 5405 ἐπι
972 5352 1199 5419 ϐουλὴν
1209 5352 1483 5421 ἀθεμίτου
1500 5350 1787 5420 πράξεως.

228 5421 359 5490 Lego
371 5423 450 5484 εἰς
464 5419 780 5491 ἐπιϐουλήν,
798 5424 941 5487 quod
955 5424 1071 5476 sine
1085 5423 1244 5476 dubio
1278 5419 1476 5491 rectius
1492 5419 1594 5486 est,
1630 5437 1789 5491 quam

230 5489 371 5545 antea
394 5492 600 5547 editum
625 5489 906 5561 ἐπιϐολήν,
921 5492 1128 5546 tametsi
1144 5492 1404 5546 editiones
1424 5489 1791 5560 Josephi’nihil

231 5563 438 5615 variant.
469 5562 858 5628 Conjecturam
894 5573 1135 5615 nostram
1171 5561 1457 5615 conﬁrmat
1484 5563 1791 5617 vetustissi-

234 5633 514 5700 muscodex
531 5631 699 5695 Mam,
722 5633 896 5700 inquo
914 5630 1075 5700 plane
1091 5632 1350 5696 scriptum
1369 5638 1451 5684 est
1472 5633 1549 5695 είς
1573 5632 1791 5685 ἐπιϐου-

230 5699 316 5770 lay
338 5704 473 5759 sicut
488 5699 870 5770 conjeceram.
892 5699 1151 5757 Facessat
1182 5701 1345 5770 igitur
1363 5700 1670 5768 conjectura
1690 5701 1790 5755 Sa-

232 5768 342 5841 vilii,
359 5775 446 5844 qui
471 5774 539 5827 ad
558 5768 720 5825 oram
744 5770 866 5824 libri
894 5773 978 5825 sui
1005 5768 1252 5829 notarat:
1275 5768 1434 5841 Forte
1450 5773 1789 5842 scribendum

520 5868 813 5927 Ριτιιοι..
845 5864 960 5925 Gn.
990 5867 1130 5931 XX.

2425 5048 2529 5117 27
2579 5044 2803 5101 CAPUT
2845 5042 2932 5098 Ix.

2333 5137 2410 5191 De
2476 5136 2641 5191 Pilati
2700 5138 3033 5205 temporibus.

1969 5229 2045 5286 De
2086 5228 2341 5285 Archelai
2387 5241 2511 5298 post
2557 5228 2780 5283 llerodis
2831 5227 3034 5282 obitum
3093 5228 3454 5283 dominatione

1897 5352 2113 5423 βουλήν.
2146 5351 2316 5423 Porro
2338 5352 2389 5404 in
2415 5350 2600 5405 codice
2626 5350 2760 5423 Reg.
2794 5351 3050 5423 scriptum
3080 5358 3162 5404 est
3184 5349 3452 5423 προέκοψε

1892 5418 1937 5476 δ’
1962 5418 2532 5492 εἰς’ἐπιϐουλήνῳιοη
2563 5420 2865 5492 quaele'ctio
2899 5418 3454 5492 conﬂrrnare'videtur

1894 5493 2257 5560 conjecturam
2278 5488 2489 5560 Savilii.
2506 5489 2660 5560 Apud
2683 5489 3042 5559 Nicephorum
3071 5488 3266 5560 legitur
3290 5490 3452 5545 etiam

1893 5558 2162 5633 προέκοψε
2186 5560 2345 5633 δὲξεὶς
2368 5558 2676 5633 ἐπιϐουλήν.
2747 5628 2770 5633 Δ
2816 5558 2827 5559 ί
2881 5630 2891 5633 _
3092 5558 3148 5633 ξ
3235 5628 3248 5633 _
3442 5622 3445 5623 ν

1965 5632 2079 5701 (‘26)
2110 5627 2316 5685 Λαϐὼν
2359 5630 2426 5682 δὲ
2454 5627 2687 5701 μῆλον.
2737 5628 2967 5683 Omnino
2998 5628 3341 5685 scribendum
3370 5636 3454 5681 est

1894 5699 2071 5755 λαϐὼν
2093 5702 2160 5772 δὴ
2187 5701 2374 5771 μῆλον.
2428 5700 2535 5753 llas
2564 5699 2705 5772 enim
2738 5701 3033 5769 particulas
3063 5701 3203 5756 inter
3234 5714 3293 5755 se
3323 5707 3454 5753 con3

1902 5774 2051 5827 fundi
2081 5769 2394 5841 frequenter
2423 5769 2848 5828 observavimus.

3063 5861 3101 5921 Ισ
