3966 6264
464 324 563 377 ΜΠ

1160 322 1433 379 EUSEBll
1470 322 1945 381 CESARIENSIS
1982 322 2135 379 OPP.
2175 323 2376 380 PARS.
2417 323 2457 377 1.
2497 353 2566 366 -
2606 318 3002 383 HISTORICA.

3590 323 3694 379 £08

461 440 731 498 consentit
755 441 916 497 etiam
944 442 1288 512 supradictus
1319 445 1558 500 historiae
1588 448 1845 512 scriptor,
1892 462 2019 499 nar-

2130 446 2254 500 λάου
2285 446 2616 501 καταστάσει
2640 445 2856 517 συνᾴδει
2890 447 2984 503 καὶ
3016 449 3044 502 6
3072 447 3463 519 προειρημένος
3491 447 3696 516 ἱστορι-

460 549 590 589 rans
610 549 716 603 qua
739 534 970 598 ratione,
1002 542 1113 587 tum
1141 548 1208 587 ex
1231 534 1460 590 Herodis
1482 537 1652 606 patris
1683 546 2025 602 testamento,

462 634 575 680 tum
599 624 811 696 judicio
828 624 1064 680 Caesaris
1096 625 1321 694 Augusti
1351 625 1551 683 ludam
1586 644 1808 698 regnum
1842 644 2028 686 susce-

460 719 642 787 perit:
671 727 853 788 utque,
888 734 1007 773 cum
1041 718 1157 788 ipse
1180 729 1299 787 post
1325 735 1497 776 annos
1528 721 1710 774 decem
1740 736 1906 791 regno
1935 736 2033 776 ex"

461 808 702 872 uidisset,
729 806 925 861 fratres
952 806 1071 875 ejus
1102 808 1379 877 Philippus
1410 819 1467 863 ct
1498 809 1944 879 Ilerodesjnnior
1968 825 2031 866 ac

458 899 727 973 Lysanias
754 902 1079 956 tetrarchias
1109 917 1233 956 suas
1274 902 1535 955 rcxerint.
1582 903 1726 956 Idem
1757 902 1809 955 in
1841 911 2032 956 octavo

462 992 674 1047 decimo
705 990 1092 1061 Antiquitatum
1124 992 1284 1054 libro,
1309 1006 1452 1047 anno
1475 993 1797 1048 duodecimo
1826 993 2032 1063 princi-

460 1092 621 1151 patus
654 1079 852 1137 Tiberii
884 1081 996 1153 (hic
1018 1080 1162 1137 enim
1210 1083 1356 1137 orbis
1410 1084 1695 1153 imperium
1724 1092 2030 1152 acceperat,

462 1187 585 1227 cum
616 1173 890 1243 Augustus
917 1185 1121 1244 septem
1152 1183 1207 1228 et
1234 1175 1632 1245 quinquaginta
1669 1175 1829 1229 annis
1864 1176 2033 1243 impe-

463 1264 681 1334 rasset),
707 1263 954 1319 Pontium
983 1265 1215 1320 Pilatum
1238 1265 1672 1335 procurationem
1706 1263 1906 1319 Judacae
1938 1280 2031 1319 ac-

462 1355 671 1422 cepisse
716 1367 906 1410 auctor
950 1366 1053 1423 est,
1095 1356 1276 1426 ibique
1309 1358 1495 1413 decem
1546 1359 1703 1412 annis
1746 1372 1916 1426 usque
1965 1358 2031 1410 ad

461 1446 665 1502 Tiberii
699 1446 813 1503 l'ere
840 1449 1050 1504 exitum
1092 1451 1484 1519 permansisse.
1515 1449 1591 1505 Ex
1622 1450 1823 1521 quibus
1855 1450 2030 1503 mani-

461 1538 598 1593 feste
631 1542 974 1595 convincitur
1004 1551 1370 1597 commentum
1411 1556 1598 1597 eorum
1629 1543 1721 1612 qui
1762 1544 1895 1595 Acta
1931 1542 2031 1594 atl-

461 1645 653 1686 versus
692 1630 1036 1688 Servatorem
1074 1643 1321 1689 nostrum
1373 1634 1687 1702 nuperrime
1721 1633 2029 1688 ediderunt.

459 1720 519 1776 ln
548 1723 742 1792 quibus
771 1725 1003 1795 primum
1029 1727 1141 1797 ipsa
1178 1727 1441 1795 temporis
1475 1726 1616 1780 ratio
1648 1726 1792 1779 Actis
1827 1740 2035 1795 praeno-

2131 535 2245 600 κὸς,
2292 536 2383 589 τὸν
2408 537 2606 609 τρόπον
2632 554 2689 590 τε
2726 537 3055 607 ἀναγράφων
3096 536 3219 591 καθ’
3253 537 3310 590 ὃν
3337 539 3401 590 ἐκ
3428 535 3704 606 διαθηκῶν

2143 624 2377 697 Ἡρώδου
2400 626 2493 679 τοῦ
2512 626 2734 698 πατρὸς,
2762 625 3085 697 ὲπικρίσεώς
3110 645 3169 680 τε
3202 626 3475 697 Καίσαρος
3499 625 3711 694 Αὐγού-

2134 735 2279 783 στου,
2334 720 2431 790 τὴν
2476 718 2616 772 κατὰ
2662 719 2930 772 Ἰουδαίων
2981 719 3258 789 βασιλείαν
3295 717 3586 782 διεδέξατο,
3615 718 3711 772 καὶ

2131 809 2207 872 ὡς
2234 810 2332 879 τῆς
2374 810 2546 880 ἀρχῆς
2585 810 2722 879 μετὰ
2746 809 2972 879 δεκαέτη
3014 810 3199 881 χρόνον
3222 811 3613 874 ἁποπεσόντος,
3659 810 3710 862 οἱ

2130 899 2348 969 ἀδελφοὶ
2381 900 2643 963 Φίλιππός
2669 918 2728 953 τε
2764 902 2857 953 καὶ
2881 903 2909 953 6
2937 902 3055 964 νέος
3094 901 3336 972 Ἡρώδης
3370 901 3486 972 ἅμα
3526 903 3711 954 Λυσα-

2131 989 2219 1059 νίᾳ.
2249 990 2382 1061 (27),
2414 991 2513 1054 τὰς
2555 991 2764 1044 ἑαυτῶν
2806 991 3010 1044 διεῖπον
3040 991 3367 1063 τετραρχίας
3400 993 3534 1062 (9.8).
3572 993 3630 1046 Ὁ
3661 992 3709 1045 δ’

2132 1081 2292 1144 αὐτὸς
2315 1084 2370 1135 ὲν
2401 1082 2844 1152 ὀκτωκαιδεκάτῳ
2864 1083 2962 1152 τῆς
2993 1084 3455 1153 Ἀρχαιολογίας,
3479 1083 3619 1136 κατὰ
3653 1086 3718 1135 τὸ

2132 1171 2428 1226 δωδέκατον
2452 1172 2570 1237 ἔτος
2596 1174 2691 1244 τῆς
2734 1173 2983 1245 Τιϐερίου
3034 1174 3306 1244 βασιλείας
3351 1174 3557 1246 (τοῦτον
3600 1175 3718 1247 γάρ

2131 1266 2229 1336 τὴν
2254 1266 2378 1319 καθ’
2422 1265 2557 1319 ὅλων
2586 1265 2757 1338 ἀρχὴν
2788 1266 3158 1333 διαδέξασθαι,
3205 1267 3343 1320 ἑπτὰ
3387 1269 3478 1321 ἐπὶ
3511 1270 3713 1338 πεντή-

2132 1375 2295 1416 κοντα
2338 1359 2479 1411 ἔτεσι
2523 1358 2620 1430 τὴν
2653 1359 2947 1430 ἡγεμονίαν
2992 1361 3464 1430 ἐπικρατήσαντος
3499 1360 3716 1427 A6706-

2135 1451 2305 1519 στου),
2344 1450 2563 1503 Πόντιον
2610 1451 2839 1505 Πιλάτον
2890 1452 3258 1521 ἐπιτραπῆναι
3313 1452 3409 1522 τὴν
3452 1453 3712 1508 Ἰουδαίαν

2131 1543 2298 1613 δηλοῖ,
2334 1544 2565 1597 ἐνταῦθά
2616 1560 2676 1597 τε
2735 1544 2818 1612 ἐφ’
2844 1543 2984 1606 ὅλοις
3016 1542 3159 1595 ἔτεσι
3186 1542 3318 1595 δέκα
3340 1582 3354 1608 ,
3389 1542 3575 1613 σχεδὸν
3629 1544 3712 1607 εἰς

2133 1634 2304 1706 αὐτὴν
2356 1639 2688 1706 παραμεῖναι
2740 1635 2838 1706 τὴν
2882 1633 3133 1705 Τιϐερίου
3173 1635 3449 1705 τελευτήν.
3500 1632 3712 1686 Οὐκοῦν

2136 1727 2320 1796 σαφῶς
2343 1727 2743 1797 ἁπελήλεγκται
2769 1726 2830 1778 τὸ
2859 1725 3084 1796 πλάσμα
3108 1725 3215 1779 τῶν
3242 1726 3382 1779 κατὰ
3400 1725 3494 1779 τοῦ
3525 1725 3717 1796 Σωτῆ-

462 1824 595 1878 tata,
628 1826 879 1873 auctores
906 1818 1168 1885 mendacii
1197 1819 1463 1889 coarguit.
1495 1818 1710 1888 Quippe
1739 1819 2023 1873 consulatu

2138 1836 2224 1889 ρος
2259 1819 2416 1889 ἡμῶν
2462 1820 2829 1890 ὑπομνήματα
2857 1818 2966 1890 (‘29)
3008 1818 3134 1888 χθὲς
3170 1818 3265 1872 καὶ
3306 1816 3495 1889 πρώην
3530 1817 3711 1870 διαδε-

459 1908 663 1963 Tiberii
690 1911 915 1974 Augusti
941 1913 1159 1981 quart’o,
1184 1912 1276 1981 qui
1303 1911 1491 1966 incidit
1516 1911 1567 1965 in
1591 1911 1881 1980 septimum
1911 1910 2029 1978 ejus

460 1999 670 2070 imperii
700 2017 920 2069 annum,
952 2018 1015 2057 ea
1052 2019 1171 2072 qua:
1215 2003 1304 2060 isti
1333 2004 1384 2057 in
1419 2002 1642 2056 salutari
1686 2002 1894 2055 Domini
1929 2016 2029 2056 no-

461 2094 563 2148 stri
592 2096 842 2165 passione
884 2084 1000 2150 ausi
1045 2105 1171 2150 sunt
1204 2097 1515 2164 conﬁngere
1568 2106 1718 2163 gesta
1751 2096 2028 2150 dicuntur.

459 2184 577 2253 Quo
607 2186 823 2254 quidem
855 2196 1093 2257 tempore
1128 2188 1364 2242 nondum
1394 2188 1445 2240 in
1474 2185 1713 2240 Iudaeam
1742 2184 2031 2239 advenisse

458 2277 691 2333 Pilatum
752 2278 887 2332 satis
940 2287 1177 2343 constat,
1219 2278 1262 2332 si
1296 2276 1610 2332 testimonio
1649 2272 1865 2344 Josephi
1899 2273 2032 2329 ﬁdes

458 2369 759 2425 adhibenda
790 2379 897 2425 est.
923 2369 1024 2437 Qui
1065 2370 1117 2425 in
1156 2369 1415 2438 librojam
1443 2382 1609 2436 supra
1654 2367 1867 2421 laudato
1893 2364 2031 2436 (26')

458 2463 658 2517 diserte
686 2462 914 2527 indicat,
950 2478 1093 2517 anno
1116 2463 1454 2532 principatus
1479 2458 1687 2514 Tiberii
1711 2457 2030 2512 duodecimo

458 2553 691 2609 Pilatum
735 2554 938 2611 Iudaeae
1004 2562 1410 2624 procuratorem
1462 2566 1493 2606 a
1561 2550 1781 2607 Tiberio
1828 2549 2029 2605 factum

457 2644 650 2701 fuisse.

2135 1909 2409 1964 δωκότων’
2455 1910 2513 1962 ὲν
2561 1904 2640 1972 οἷς
2680 1908 2895 1979 πρῶτος
2925 1910 3087 1970 αὐτὸς
3117 1912 3146 1962 6
3184 1910 3285 1980 τῆς
3311 1907 3710 1981 παρασημειώ-

2139 2020 2274 2065 σεως
2326 2002 2512 2074 χρόνος
2564 2002 2676 2073 (50)
2741 2001 2847 2055 τῶν
2900 2002 3251 2056 πεπλακότων
3299 2001 3588 2070 ἀπελέγχει
3648 1998 3711 2053 τὸ

2135 2095 2348 2165 ψεῦδος.
2395 2094 2518 2148 Ἐπὶ
2576 2094 2676 2164 τῆς
2711 2094 2978 2166 τετάρτης
3045 2094 3175 2163 γοῦν
3236 2094 3500 2157 ὑπατείας
3543 2092 3709 2146 Τιϐεο

2138 2186 2277 2257 ρίου,
2313 2186 2346 2256 ἢ
2391 2186 2610 2255 γέγονεν
2643 2186 2795 2250 ἔτους
2822 2186 3049 2256 ἑϐδόμου
3085 2187 3181 2257 τῆς
3205 2185 3478 2256 βασιλείας
3511 2182 3704 2249 αὐτοῦ,

2137 2277 2205 2330 τὰ
2237 2278 2363 2349 περὶ
2405 2278 2464 2332 τὸ
2494 2279 2756 2349 σωτήριον
2790 2279 2972 2343 αὐτοῖς
3014 2277 3182 2342 πάθος
3231 2278 3562 2348 τολμηθέντα
3594 2277 3703 2346 (51)

2139 2370 2402 2441 περιέχει.
2458 2370 2596 2423 Καθ’
2625 2371 2685 2424 ὃν
2734 2370 3006 2425 δείκνυται
3049 2371 3260 2441 χρόνον,
3312 2368 3431 2440 μήδ’
3477 2368 3706 2431 ἐπιστάς

2132 2464 2308 2532 πωτῇ
2351 2460 2579 2533 Ἰουδαίᾳ
2622 2461 2872 2526 Πιλᾶτος,
2917 2461 3031 2530 εἴγε
3060 2462 3138 2533 τῷ
3173 2462 3418 2532 Ἰωσήπῳ
3469 2461 3705 2532 μάρτυρι

2131 2552 2438 2624 χρήσασθαι
2465 2552 2602 2616 δέον,
2634 2553 2820 2622 σαφῶς
2862 2553 3005 2608 οὕτω
3054 2554 3369 2626 σημαίνοντι
3416 2550 3558 2605 κατὰ
3604 2550 3704 2621 τὴν

2132 2643 2463 2715 δηλωθεῖσαν
2491 2644 2663 2698 αὐτοῦ
2695 2647 2934 2717 γραφὴν,
2963 2647 3045 2701 ὅτι
3071 2647 3135 2718 δὴ
3159 2646 3446 2717 δωδεκάτῳ
3470 2646 3703 2716 ἐνιαυτῷ

461 2739 560 2810 τῆς
589 2737 837 2809 Τιϐερίου
863 2738 1175 2809 βασιλείας,
1215 2740 1510 2812 ἐπίτροπος
1540 2737 1639 2809 τῆς
1671 2736 1929 2800 Ἰουδαίας
1952 2735 2057 2790 ὑπὸ
2089 2737 2340 2811 Τιϐερίου
2366 2737 2685 2792 καθίσταται
2710 2740 2959 2804 Πιλάτος.

1077 2831 1303 2887 CAPUT
1342 2831 1413 2886 Χ.

535 2926 609 2982 De
642 2922 976 2992 pontiﬁcibus
1010 2924 1321 2977 Judworum
1368 2922 1465 2976 sub
1495 2922 1681 2991 quibus
1717 2920 1957 2976 Christus

897 2993 1238 3065 Evangelium
1263 2993 1589 3063 praedicavit.

529 3153 733 3210 Horum
765 3153 1092 3224 temporibus
1120 3168 1238 3209 cum
1266 3149 1512 3208 Tiberius
1533 3148 1747 3223 quidem
1778 3151 2015 3221 quintum

520 3335 666 3408 (26‘)
700 3336 818 3391 ιιι».
848 3353 998 3401 xvttt,
1027 3336 1083 3392 5.

530 3429 644 3502 (27)
674 3431 820 3500 Ἅμα
844 3430 1136 3502 Λυσανίᾳ.
1162 3428 1230 3502 id
1258 3428 1328 3502 de
1355 3442 1454 3502 suo
1488 3428 1685 3502 adjecit
1738 3428 2026 3502 Eusebius,

460 3499 632 3570 quem
650 3503 845 3553 merito
875 3499 1222 3568 reprehendit
1237 3499 1571 3570 Scaliger-in
1598 3500 2026 3570 animadversio-

464 3568 623 3623 nibus
644 3571 709 3621 ad
740 3570 1034 3623 Chronicon
1057 3569 1436 3624 Eusebiannm.
1466 3568 1650 3638 Neque
1697 3571 1840 3622 enim
1875 3568 2030 3624 Jose-

462 3641 604 3710 phus
630 3641 873 3710 lasani?
899 3640 1143 3697 meminit
1169 3639 1224 3693 in
1246 3638 1406 3710 hujus
1431 3640 1509 3693 rei
1528 3640 1868 3703 narratione;
1903 3655 2030 3694 con-

463 3708 685 3779 etatqne
725 3709 954 3765 Herodis
993 3725 1215 3777 regnum
1268 3708 1321 3779 in
1381 3720 1490 3764 tres
1536 3712 1796 3763 duntaxat
1848 3718 2028 3777 partes

464 3777 732 3848 postejus
762 3792 991 3833 mortem
1036 3781 1264 3834 divisum
1296 3777 1487 3834 fuisse.
1524 3779 1746 3848 Tacitus
1779 3780 1831 3832 in
1871 3780 1966 3834 lih.
1997 3796 2026 3831 ν

468 3847 850 3911 Historiarum,
882 3850 950 3904 de
974 3849 1171 3905 Judaiis
1195 3850 1421 3916 loquens
1457 3864 1470 3893 τ
1501 3847 1717 3903 Gentem
1746 3851 2026 3902 coercitam

462 3920 614 3973 liberi
647 3919 876 3974 Herodis
907 3921 1164 3988 tripertito
1187 3934 1390 3973 rexere.
1433 3919 1577 3973 Idem
1610 3926 1841 3973 testatur
1873 3919 2029 3974 Philo

463 3991 516 4044 in
546 3992 792 4045 oratione
829 3990 1077 4044 adversus
1132 3988 1407 4052 Flaccum,
1466 4004 1565 4057 pag
1599 3989 1722 4054 968,
1753 3989 1841 4043 ubi
1897 3990 2029 4043 dicit

460 4059 649 4114 Caium
677 4060 891 4114 dedisse
921 4060 1187 4129 Agrippae,
1224 4059 1398 4125 Magni
1428 4060 1654 4113 llerodis
1678 4060 1877 4128 nepoti,
1916 4068 2027 4111 ter-

464 4131 596 4181 tiam
632 4138 838 4198 partem
873 4130 1030 4184 avita
1055 4130 1482 4194 ditionis,qnam
1518 4129 1793 4198 Philippus
1833 4133 2029 4180 tetrar-

461 4199 561 4270 eha
578 4197 929 4270 obtinuerat;
954 4200 1112 4270 Γάϊος
1137 4197 1658 4270 Κοιίσαρᾊγρίππα,
1682 4198 1760 4268 τῷ
1789 4198 2025 4270 Ἡρώδου

538 4268 725 4333 σιλέως
746 4268 946 4339 υἱωνῷ,
971 4268 1151 4322 δίδωσι
1181 4267 1475 4337 βασιλείαν,
1503 4267 1904 4339 τῆςπαππῴας
1928 4269 2027 4339 λήο

495 4339 819 4421 εωςτρίτην
841 4337 1052 4421 μοῖραν,
1088 4339 1154 4421 ἣν
1175 4339 1437 4416 Φίλιππος
1477 4340 1505 4391 6
1547 4337 1869 4410 τετράρχης,
1889 4337 2027 4404 θεῖος

459 4408 535 4462 ὢν
556 4407 704 4480 αὐτῷ
728 4407 861 4482 πρὸς
885 4407 1119 4480 πατρὸς,
1135 4407 1456 4479 ἐκαρποῦτο.

530 4499 643 4574 (28)
676 4500 785 4574 Τὰς
799 4500 1026 4574 eave-dir
1042 4499 1272 4574 διεῖποιτ
1285 4516 1488 4574 τετραρ
1492 4499 1646 4569 χίας.
1671 4497 2025 4574 _S_cribendur_n

461 4570 550 4627 est
563 4570 750 4641 procul
772 4573 933 4627 dubio
945 4572 1169 4641 διεῖπον,
1189 4581 1245 4641 ut
1261 4570 1458 4641 legitur
1475 4571 1525 4641 in
1546 4570 1799 4641 omnibus
1826 4572 2028 4625 nostris

458 4638 758 4712 codicibus,
779 4642 1022 4712 adeoque
1038 4643 1089 4696 in
1108 4640 1276 4712 Regio
1299 4638 1616 4712 exemplari.
1642 4638 1825 4712 Itaque
1840 4643 2024 4712 nescio

457 4711 599 4767 unde
638 4709 1115 4782 Rob.St»p'hanus
1155 4709 1760 4782 vulgatamlectionein,
1793 4709 2016 4782 διεῖλον,

468 4783 730 4835 hauserit.
764 4778 984 4835 Accedit
1030 4782 1192 4835 etiam
1236 4778 1455 4850 Iosephi
1480 4778 1809 4850 auctoritas,
1839 4780 1930 4848 qui
1967 4782 2020 4834 in

458 4852 553 4906 lib.
608 4866 646 4906 Il
693 4851 767 4905 De
792 4852 1017 4915 excidio,
1054 4867 1174 4920 cap.
1203 4851 1258 4918 8,
1291 4849 1733 4920 emendationem
1777 4858 2018 4920 nostram

456 4921 765 4975 conﬁrmat.
816 4921 927 4974 lloc
966 4936 1086 4974 cum
1120 4917 1226 4975 non
1257 4920 1481 4974 vidisset
1526 4917 1789 4987 Scaliger,
1825 4919 2020 4973 frustra

460 4991 1042 5059 Ensebiuminostrtnn
1102 4989 1452 5059 reprehendit
1488 4990 1540 5041 in
1589 4989 2021 5059 animadversio-

458 5062 616 5116 nibus
638 5062 704 5115 ad
741 5058 1031 5114 Chronicon
1049 5055 1430 5124 Eusebianum,
1463 5072 1515 5126 p.
1549 5056 1668 5112 164.
1694 5055 1794 5122 Qui
1828 5058 1871 5111 si
1904 5074 2021 5113 ma-

459 5131 766 5201 nuscriptos
798 5130 1015 5184 Eusebii
1050 5131 1283 5201 codices
1316 5129 1824 5201 _consuluisset,_ut
1866 5139 2018 5201 certe

460 5196 947 5257 facere'dehuerat.
973 5198 1443 5256 animadvertisset
1463 5196 1708 5268 profecto
1731 5196 2017 5253 Eusebium

458 5280 701 5326 nostrum
734 5270 820 5325 hic
849 5270 1063 5338 quidem
1097 5269 1244 5323 omni
1285 5269 1438 5338 culpa
1477 5283 1702 5322 vacuum
1733 5281 1874 5323 esse.

528 5359 641 5430 (‘29)
673 5361 747 5416 Τὰ
797 5361 1208 5431 ὑπομνήματα.
1263 5358 1684 5431 Conllctasnnt
1728 5356 1842 5410 haec
1882 5358 2013 5411 Acta

457 5427 631 5485 Pilaa"
661 5447 689 5485 a
713 5427 1046 5487 Christianus
1072 5431 1347 5501 religionis
1382 5428 1635 5501 inimicis,
1672 5427 1730 5501 in
1757 5440 2012 5501 persecu-

459 5503 605 5556 tione
630 5501 719 5556 illa
752 5502 1049 5568 Maximini,
1078 5513 1140 5557 ut
1172 5496 1402 5555 testatur
1425 5496 1688 5551 Eusebius
1719 5497 1769 5548 in
1815 5496 1906 5549 lib.
1928 5512 2005 5561 ιιι,

453 5588 573 5643 cap.
592 5572 652 5626 5.
678 5574 990 5643 Quanquam
1022 5574 1248 5643 exActis
1278 5568 1673 5643 praesidialihus
1695 5576 2002 5643 sanctorum

359 5678 365 5683 -
457 5634 750 5712 martyrum
782 5634 1033 5709 Ta'rachi,
1070 5642 1229 5697 Probi
1266 5634 1322 5693 et
1363 5639 1656 5712 Andronici
1688 5634 1880 5712 colligi
1902 5651 2000 5703 po-

458 5706 735 5776 testhcta
774 5713 866 5767 illa
912 5706 1027 5780 jam
1067 5724 1223 5767 antea
1262 5712 1383 5763 ﬁcta
1411 5722 1473 5761 ac
1503 5706 1773 5775 divulgata
1809 5706 1995 5780 fuisse.

453 5783 546 5835 Sic
571 5784 712 5837 enim
746 5779 940 5852 legitur
968 5784 1019 5837 in
1049 5785 1187 5837 Actis
1219 5781 1427 5835 illorum
1456 5779 1995 5852 martyrium.cap_.9_:

456 5852 659 5910 I’ra'ses
701 5846 837 5908 dixit
860 5872 879 5910 :
905 5850 1113 5922 Inique,
1142 5869 1243 5908 non
1272 5852 1394 5914 seis,
1429 5861 1578 5918 quem
1603 5846 1813 5900 invocas
1840 5846 1995 5900 Chri-

2664 2831 3057 2885 ΚΕΦΑΛΑΙΟΝ
3092 2833 3147 2886 I'.

2136 2922 2274 2992 Περὶ
2312 2920 2429 2975 τῶν
2462 2921 2636 2992 ,παρὰ
2693 2922 3002 2989 Ἰουδαίοις
3041 2922 3377 2992 ἀρχιερέων,
3415 2924 3541 2977 καθ’
3593 2924 3701 2989 οὓς

2205 2991 2653 3133 ἓΧριρνέὸὲᾳτῖιν
2676 2992 3076 3048 διδασκαλίαν
3089 2991 3431 3063 ἐποιήσατο.
3452 2993 3593 3065 (Nic.
3624 2993 3696 3050 ΙΙ.

2261 3103 2274 3115 .
2304 3080 2340 3127 ι,
2441 3107 2452 3125 ,
2513 3102 2524 3117 .
2552 3101 2563 3112 .

2217 3155 2342 3209 Ἐπὶ
2387 3153 2592 3209 τούτων
2622 3154 2685 3227 δὴ
2732 3152 2823 3210 οὖν
2850 3156 2988 3211 κατὰ
3025 3156 3113 3211 τὸν
3140 3156 3540 3228 Εὑαγγελιστὴν
3582 3156 3699 3222 ἔτος

2056 3338 2099 3399 C
2131 3343 2289 3406 stum,
2316 3334 2572 3406 hominem
2613 3336 2817 3406 quidem
2855 3335 3038 3403 fuisse,
3076 3335 3271 3405 factum
3301 3338 3394 3391 sub
3442 3333 3685 3391 custodia

2132 3405 2313 3459 Pontii
2351 3403 2519 3458 Pilati
2558 3416 2603 3459 et
2624 3403 2904 3475 punitum;
2928 3403 3083 3475 cujus
3103 3418 3305 3460 exstant
3339 3408 3468 3460 Acza
3493 3410 3701 3473 passio-

2132 3477 2235 3529 uis.
2288 3475 2495 3547 Inducti
2554 3485 2681 3547 sunt
2732 3485 2910 3530 autem
2965 3477 3031 3547 in
3090 3476 3345 3545 iudicium
3397 3476 3696 3547 supradicti

2132 3554 2406 3616 martyres
2440 3545 2775 3616 Diocletiano
2802 3561 2854 3601 tv
2892 3556 2946 3600 et
2986 3546 3309 3600 Maximiano
3336 3563 3394 3601 ιιι
3426 3545 3595 3607 coss.
3636 3559 3695 3602 ut

2132 3613 2295 3685 docet
2335 3615 2522 3671 titulus
2550 3613 2823 3669 Actorum.
2857 3616 2935 3671 Ex
2981 3616 3383 3685 quoseqnitur,
3429 3618 3558 3670 Acta
3602 3617 3695 3671 Pi-

2130 3685 2227 3737 luti
2279 3684 2393 3755 jam
2437 3695 2562 3739 ante
2592 3684 3040 3755 persecutionem
3068 3684 3342 3742 Maximini
3367 3690 3691 3742 concinnata

2132 3751 2317 3809 fuisse.
2349 3751 2549 3809 Verum
2585 3754 2930 3821 Maximinus,
2960 3772 3083 3810 cum
3118 3757 3306 3824 paucis
3337 3758 3518 3811 adhuc
3558 3768 3693 3811 nota

2130 3833 2331 3896 essent,
2363 3840 2422 3877 ca
2472 3825 3008 3896 latiusdpublicavit.
3051 3836 3105 3881 et
3148 3826 3199 3879 in
3242 3827 3444 3882 scholis
3486 3827 3588 3896 legi
3641 3836 3695 3881 et

2132 3895 2333 3965 ubique
2359 3894 2566 3965 cantari
2608 3894 2674 3947 ad
2716 3894 3148 3965 Christianorum
3181 3894 3693 3965 iopprobrium'ius-

2131 3963 2249 4036 sit.
2286 3963 2423 4019 Male
2479 3974 2658 4036 autem
2729 3963 3006 4019 Masculus
3062 3975 3115 4020 et
3164 3963 3693 4036 Christophorsonus

2139 4033 2536 4105 Ύπομνήματα
2569 4032 2981 4087 Commentarios
3025 4044 3322 4098 verterunt,
3372 4032 3496 4090 cum
3555 4038 3692 4090 Acta

2130 4115 2344 4157 vertere
2371 4106 2705 4164 debuissent.
2742 4117 2799 4156 ut
2852 4115 2995 4158 recte
3039 4106 3424 4172 interpretatus
3462 4116 3545 4160 est
3578 4107 3690 4160 Ru-

2130 4174 2290 4229 ﬁnus.
2325 4174 2501 4227 Graeci
2545 4175 2690 4228 enim
2716 4174 3087 4246 ὑπομνήματα
3129 4185 3324 4229 vocant
3352 4191 3470 4245 qua:
3508 4177 3690 4230 Latini

2129 4256 2270 4307 acta,
2314 4252 2418 4296 tam
2455 4253 2689 4315 senatus,
2720 4260 2883 4313 quam
2934 4246 3366 4315 magistratuum.
3428 4247 3687 4315 Exempla

2128 4316 2326 4387 passim
2355 4314 2730 4387 occurruntin
2755 4316 2938 4387 Dionis
2959 4313 3130 4387 Cassii
3168 4314 3425 4381 Historia,
3460 4329 3515 4369 et
3542 4313 3683 4387 apud

2130 4383 2291 4449 alios,
2317 4383 2405 4436 ubi
2431 4394 2608 4437 tamen
2638 4383 2748 4437 fere
2782 4384 3036 4438 labuntur
3061 4386 3404 4451 interpretes.

2200 4454 2312 4524 (30)
2353 4454 2415 4506 Ὀ
2441 4451 2549 4521 τῆς
2569 4453 3105 4522 παρασηιιειώσεως
3137 4455 3375 4524 χρόνος.
3407 4454 3519 4510 Hoc
3565 4455 3686 4511 loco

2127 4524 2591 4595 παρασημείωσις
2630 4535 2713 4595 est
2754 4525 2970 4595 titulus
3004 4540 3095 4578 seu
3148 4528 3352 4578 notatio
3400 4528 3682 4595 temporis,

2129 4609 2248 4662 quae
2278 4593 2427 4648 Actis
2453 4594 2654 4662 praetigi
2687 4594 2914 4649 solebat.
2947 4593 3040 4648 Sic
3067 4596 3212 4648 cnim
3236 4605 3354 4649 acta
3389 4594 3683 4663 iudiciaria

2051 4681 2101 4741 ι)
2129 4664 2573 4742 concipiebantur
2601 4678 2615 4742 ξ
2654 4663 2945 4742 Consulatu
2975 4663 3168 4742 Tiberii
3190 4665 3414 4742 Augusti
3441 4667 3683 4742 septimo.

2127 4734 2344 4802 inducto
2369 4735 2423 4786 in
2441 4733 2703 4802 judicium
2744 4733 2895 4801 Jesu,
2928 4745 3036 4788 etc.
3063 4734 3137 4788 Ita
3164 4737 3303 4802 apud
3335 4737 3683 4789 Aminianum

2127 4801 2493 4857 Marcellinum
2529 4805 2579 4856 in
2615 4805 2706 4858 lib.
2740 4820 2852 4858 xm
2890 4820 2903 4856 :
2945 4808 3015 4858 Et
3061 4818 3177 4858 acta
3201 4801 3372 4870 super
3415 4821 3473 4858 eo
3514 4817 3680 4874 gesta,

2127 4887 2229 4925 non
2252 4875 2363 4926 sine
2392 4890 2576 4942 magno
2600 4874 2904 4942 legebantur
2928 4876 3164 4941 horrore,
3190 4891 3305 4927 cum
3330 4876 3383 4927 id
3406 4874 3683 4928 uoluminis

2126 4942 2323 5011 publici
2365 4945 2651 4996 contineret
2690 4946 3002 4997 exordium:
3036 4961 3055 4992 ι
3099 4943 3391 4997 Consulatu
3440 4943 3682 4998 Tauriet

2128 5008 2410 5084 Florentii,
2439 5014 2653 5084 inducto
2698 5015 2792 5066 sub
2830 5014 3173 5084 prwconibus
3197 5013 3393 5068 Tauro.
3430 5032 3449 5065 ι
3479 5014 3680 5070 Eodem

2128 5082 2288 5135 modo
2342 5083 2395 5136 in
2439 5082 2607 5143 pestis
2639 5084 2976 5151 purgationis
3021 5082 3313 5138 Cmciliaui.
3376 5084 3482 5138 Sed
3525 5093 3580 5138 et
3625 5086 3679 5138 in

2125 5151 2263 5204 actis
2294 5153 2648 5205 conciliorum
2680 5152 2820 5206 idem
2846 5154 3122 5207 observari
3147 5162 3523 5208 consueverat.
3567 5152 3679 5208 Nec

2125 5220 2436 5291 consulatus
2468 5222 2645 5291 modo,
2669 5237 2856 5275 verum
2882 5223 3043 5275 etiam
3073 5223 3187 5277 dies
3219 5238 3283 5276 ac
3315 5223 3516 5277 metisis
3543 5239 3682 5291 prte-

2126 5290 2526 5344 scribebantur.
2558 5287 2785 5345 Videtur
2825 5300 3000 5344 autem
3032 5292 3084 5344 in
3129 5294 3212 5346 his
3242 5292 3456 5347 Eusebii
3498 5287 3680 5347 verbis

2124 5359 2523 5436 esseenallage,
2547 5360 2687 5428 ὁτῆς
2715 5360 3219 5436 παρασημειῴσεως
3241 5364 3451 5436 χρόνος,
3482 5378 3577 5436 pro
3611 5379 3679 5417 eo

2158 5430 2260 5506 trod
2310 5429 2398 5483 alii
2447 5429 2687 5506 dicerent
2723 5433 2756 5500 ή
2800 5429 3674 5506 ’τοῦήχρόνουξπαρασημείωσις
3712 5438 3715 5441 “

2170 5498 2302 5552 titur
2329 5515 2493 5567 porro
2517 5498 2767 5555 Socrates
2793 5498 3138 5557 cadent—Voce
3164 5504 3214 5556 in
3238 5498 3331 5558 lib.
3364 5498 3547 5570 tfcap.
3583 5504 3676 5564 15,

2114 5569 2201 5621 ubi
2232 5571 2423 5643 scribit
2453 5572 2520 5624 de
2549 5582 2788 5643 tempore
2817 5571 3027 5624 concilii
3058 5571 3261 5626 Nicteni
3299 5590 3316 5643 _:
3348 5573 3459 5626 Καὶ
3489 5569 3517 5625 6
3550 5574 3680 5643 χρό-

2109 5653 2201 5701 νος
2241 5638 2296 5690 δὲ
2318 5640 2416 5710 τῆς
2466 5640 2701 5706 συνόδου,
2740 5641 2816 5704 ὡς
2855 5643 2913 5693 ἐν
2957 5641 3472 5713 παρασημειὼσεσιν
3520 5638 3671 5712 dipo-

2112 5723 2230 5776 μεν,
2260 5720 2368 5763 etc.

2179 5779 2291 5848 (δι)
2325 5781 2403 5853 Τᾲ
2426 5780 2559 5853 περὶ
2588 5780 2654 5835 τὸ
2681 5779 2974 5853 σωτήριον
2997 5782 3202 5848 αὐτοῖς
3237 5783 3425 5850 πάθος
3456 5787 3673 5853 τολμη-

2106 5845 2303 5905 θέντα.
2361 5850 2434 5906 De
2466 5845 2665 5907 Iudaeis
2713 5852 2766 5906 id
2817 5845 2921 5906 dici
2964 5845 3191 5908 nutavit
3221 5845 3467 5909 ltuliutis.
3505 5845 3673 5906 inicit
