3966 6264
257 299 379 354 ΗΞ

1319 296 1667 354 IllSTORl/E
1705 294 2268 352 ECCLESIASTICE.
2307 291 2435 349 LIB.
2479 293 2517 346 I.

3440 293 3546 348 Ηῒ

249 412 463 488 χιερὲα
497 409 718 474 εἰκότως
747 410 838 463 τοῦ
863 393 1123 467 ἐνιαυτοῦ.
1155 413 1271 467 καθ’
1293 414 1350 467 ὃν
1384 415 1494 484 (45)
1524 415 1591 468 τὰ
1623 415 1716 468 τοῦ
1753 432 1858 468 σω-

1972 414 2144 484 passio
2189 413 2441 483 contigit,
2488 409 2728 464 divinum
2782 408 3056 479 Evangelii
3105 408 3354 465 volumen
3392 424 3538 463 recte

248 508 465 578 τηρίου
503 503 706 568 πάθους
747 507 1083 572 ὲπετελεῖτο,
1119 509 1152 577 ἡ
1193 505 1285 560 τοῦ
1312 507 1643 575 Εὑαγγελίου
1694 516 1861 579 παρε-

253 600 562 668 σημήνατο
584 597 802 670 Γραφή.
849 599 942 666 Ἐξ
967 595 1037 672 ἧς
1070 600 1163 653 καὶ
1200 600 1369 670 αὐτῆς
1391 600 1490 653 οὐκ
1517 599 1736 670 ἀπᾴδων
1764 599 1861 668 τῆς

252 689 645 764 προκειμένης
686 693 1070 764 ἐπιτηρήσεως
1109 693 1137 745 ό
1173 691 1270 761 τῆς
1312 689 1406 744 τοῦ
1444 689 1682 762 Χριστοῦ
1716 690 1861 743 διδα-

250 782 503 846 σκαλίας
531 782 916 836 ἀποδείκνυται
938 783 1150 854 χρόνος.
1191 781 1349 835 Ἀλλά
1371 781 1480 854 γάρ
1507 783 1534 834 ὁ
1557 781 1744 852 Σωτὴρ
1765 781 1861 834 καὶ

245 874 481 945 Κύριος
518 872 675 944 ἡμῶν
720 873 931 944 Ἰησοῦς
961 876 990 927 ό
1033 873 1288 944 Χριστὸς,
1335 873 1396 926 οὐ
1441 871 1578 943 μετά
1612 873 1859 926 πλεῖστον

248 968 363 1036 τῆς
390 966 684 1036 καταρχῆς
713 965 806 1018 τοῦ
843 964 1218 1036 κηρύγματος,
1247 966 1374 1029 τοὺς
1394 964 1600 1018 δώδεκα
1630 965 1860 1018 ἀποστό-

249 1061 391 1122 λους
431 1058 828 1112 ἀνακαλεῖταιο
881 1059 974 1122 οὓς
1021 1059 1114 1113 καὶ
1153 1058 1347 1128 μόνους
1375 1055 1480 1110 τῶν
1523 1055 1722 1110 λοιπῶν
1765 1057 1862 1110 αὐ-

247 1149 353 1204 τοῦ
401 1148 674 1219 μαθητῶν
726 1149 867 1203 κατά
906 1168 959 1203 τι
993 1148 1159 1220 γέρας
1209 1148 1482 1220 ἐξαίρετον
1533 1149 1862 1212 ἀποστόλους

248 1240 586 1310 ὠνόμασεν.
659 1240 770 1293 Καὶ
811 1237 964 1304 αὖθις
1019 1240 1391 1294 ἀναδείκνυσιν
1438 1239 1657 1312 ἑτέρους
1711 1240 1859 1295 ἐϐδο-

259 1334 548 1404 μήκοντα,
569 1331 664 1397 οὓς
697 1333 790 1386 καὶ
811 1333 1006 1396 αὐτοὺς
1023 1331 1341 1386 ἀπέστειλεν
1373 1333 1476 1386 ἀνά
1495 1331 1586 1385 δύο
1605 1331 1696 1386 δύο
1720 1331 1858 1402 (44),

256 1426 373 1497 πρὸ
420 1423 720 1496 προσώπου
752 1424 914 1478 αὐτοῦ
953 1427 1032 1488 εἰς
1070 1424 1249 1478 πάντα
1287 1424 1450 1478 τόπον
1495 1425 1589 1477 καὶ
1616 1423 1770 1477 πόλιν
1795 1415 1859 1478 οὗ

257 1517 506 1588 ἔμελλεν
539 1518 704 1581 αὐτὸς
735 1516 991 1588 ἔρχεσθαι
1031 1517 1184 1590 (45).

819 1628 1220 1683 ΚΕΦΑΛΑΙΟΝ
1249 1630 1350 1683 lA’.

265 1721 344 1773 Τὰ
369 1721 512 1790 περὶ
549 1721 832 1776 Ἰωάννου
847 1721 962 1790 ,τοῦ
990 1721 1331 1777 Βαπτιστοῦ
1353 1721 1449 1775 καὶ
1473 1719 1579 1774 τοῦ
1603 1718 1858 1789 Χριστοῦ

448 1777 974 1862 ξιιεμαρτυρημῖινα.
1017 1791 1154 1864 (Nic.
1188 1793 1258 1846 Η.
1292 1791 1356 1845 Ε.
1394 1809 1432 1854 1,
1461 1791 1548 1856 l9,
1575 1777 1692 1861 20')

332 1905 456 1958 Οὐκ
497 1907 584 1969 εἰς
624 1905 834 1976 μακρὸν
877 1904 933 1958 δὲ
968 1903 1078 1976 (46)
1115 1905 1208 1958 τοῦ
1252 1903 1557 1958 Βαπτιστοῦ
1614 1903 1858 1957 Ἰωάννου

261 1999 369 2051 ὑπὸ
403 1996 504 2050 τοῦ
543 1998 668 2051 νέου
728 1999 966 2070 Ἡρώδου
1005 1999 1104 2070 τὴν
1142 1997 1383 2068 κεφαλὴν
1425 1996 1858 2069 ἀπονεμηθέντος,

264 2089 614 2160 μνημονεύει
655 2090 753 2160 μὲν
786 2091 880 2144 καὶ
909 2092 941 2161 ἡ
977 2090 1096 2144 θεία
1125 2090 1232 2144 τῶν
1262 2090 1610 2159 Εὑαγγελίων
1643 2091 1855 2162 Γραφή·

264 2183 585 2252 συνιστορεῖ
621 2199 685 2250 γε
739 2183 844 2253 μὴν
888 2183 981 2236 καὶ
1016 2185 1044 2236 ὁ
1087 2182 1346 2250 Ἰώσηπος
1378 2181 1639 2253 ὀνομαστὶ
1666 2182 1764 2252 τῆς
1799 2198 1859 2235 τε

274 2273 620 2345 Ἡρωδιάδος
669 2275 892 2346 μνήμην
933 2275 1321 2346 πεποιημένος,
1379 2275 1472 2327 καὶ
1509 2273 1586 2338 ὼς
1629 2273 1856 2340 ἀδελφοῦ

275 2365 506 2432 γυναῖκα
539 2359 708 2417 οὖσαν
740 2364 909 2436 αὐτὴν
937 2366 1174 2435 ἠγάγετο
1199 2366 1333 2436 πρὸς
1368 2365 1542 2436 γάμον
1589 2364 1852 2436 Ἡρώδης,

266 2455 549 2528 ἀθετήσας
587 2456 689 2526 μὲν
722 2456 820 2528 τὴν
854 2457 1124 2528 προτέραν
1155 2456 1304 2528 αὐτῷ
1352 2457 1493 2510 κατά
1530 2457 1727 2527 νόμους
1759 2473 1855 2525 γε-

275 2567 419 2621 ίαμη
430 2551 610 2621 μένην
629 2554 879 2620 γυναῖκαο
923 2552 1114 2624 Ἀρέτα
1137 2553 1182 2605 δ’
1202 2548 1270 2622 ἦν
1297 2551 1433 2623 αὕτη
1456 2551 1548 2606 τοῦ
1577 2553 1865 2625 Πετραίων,

269 2641 543 2713 βασιλέως
577 2643 856 2715 θυγάτηρ·
894 2644 990 2716 τὴν
1047 2644 1102 2696 δὲ
1149 2643 1454 2716 Ἡρωδιάδα
1499 2643 1708 2709 ζῶντος
1743 2645 1859 2698 δια-

271 2739 481 2808 στήσας
517 2736 617 2791 τοῦ
647 2737 866 2810 ἀνδρός’
903 2738 968 2791 δι’
1003 2738 1189 2810 ἦνκαὶ
1218 2739 1311 2794 τὸν
1356 2739 1607 2807 Ἰωάννην
1630 2736 1855 2802 ἀνελὼν,

273 2949 437 2993 tatem
470 2937 734 3006 gesserit.
762 2936 1006 3006 Cumque
1032 2937 1230 2992 Gratus
1252 2936 1499 2992 undecim
1531 2935 1686 2990 annis
1715 2950 1854 3004 prm-

277 3009 441 3064 l'uerit
463 3007 688 3072 Judazte,
713 3005 981 3076 Jnsephus
1011 3008 1211 3062 diserte
1239 3023 1344 3061 non
1377 3006 1506 3061 dicit
1541 3014 1856 3076 quo'topro-

277 3078 585 3135 curationis
643 3092 788 3131 anno

278 3149 549 3217 Josephns
572 3149 624 3202 in
655 3149 793 3202 libro
823 3164 922 3209 xx,
949 3163 1070 3216 cap.
1106 3148 1159 3211 8,
1200 3149 1451 3201 Ananum
1486 3149 1629 3202 hunc
1683 3157 1841 3201 testa-

281 3233 370 3276 tur
394 3219 706 3274 diutissime
755 3219 984 3285 potitum
1015 3233 1135 3272 esse
1172 3217 1500 3283 sacerdotio,
1535 3225 1589 3272 et
1620 3218 1859 3286 quinque

282 3293 399 3353 eius
455 3288 606 3344 ﬁlios
639 3288 928 3357 pontiﬁces
977 3288 1162 3342 fuisse.
1219 3288 1293 3341 Ex
1349 3289 1432 3342 his
1464 3286 1857 3357 apparet_l'alli

286 3355 752 3430 Scaligerum'qui
784 3359 839 3430 in
867 3357 1274 3430 Prolegomenis
1325 3361 1391 3430 ad
1437 3355 1652 3430 Eusebii
1685 3355 1858 3430 Chro-

287 3427 460 3492 nicon,
489 3431 703 3483 Annam
730 3429 795 3481 ad
830 3427 1170 3496 paucosidies
1203 3428 1509 3497 pontificem
1541 3428 1710 3482 fuisse
1732 3427 1860 3481 scri-

267 3502 382 3554 hit.
412 3500 619 3554 Contra
650 3510 733 3552 est
762 3497 1030 3569 Josephus
1058 3499 1108 3551 in
1145 3499 1297 3569 libris
1320 3513 1455 3566 quos
1479 3513 1643 3567 supra
1668 3497 1855 3569 citavi.

289 3569 498 3637 Quippe
559 3571 610 3624 in
661 3569 756 3624 lib.
819 3567 906 3622 xx‘
939 3569 1140 3623 diserte
1179 3567 1409 3622 aﬂirmat
1467 3569 1712 3637 Ananum
1767 3567 1859 3620 ἐπὶ

289 3636 541 3694 πλεῖστον
564 3641 790 3710 potitum
809 3654 927 3693 esse
944 3639 1273 3710 sacerdotio.
1301 3639 1429 3694 Scio
1454 3636 1672 3707 Iosephi
1698 3639 1858 3710 verba

295 3712 487 3780 exponi
508 3709 667 3778 pesse
696 3725 804 3780 non
830 3710 1002 3764 solum
1033 3709 1099 3763 de
1131 3718 1374 3778 tempore
1400 3710 1672 3778 qqunna
1695 3709 1862 3777 gessit

295 3779 679 3841 saCerdotium,
717 3779 810 3833 sed
840 3789 896 3832 et
945 3780 1012 3833 de
1054 3788 1167 3849 toto
1229 3781 1488 3848 temporis
1544 3780 1862 3849 Spatioquo

293 3853 427 3905 vixit
467 3861 587 3919 post
624 3850 1006 3920 sacerdotium.
1064 3848 1200 3903 Nam
1231 3847 1538 3918 quicunque
1575 3847 1862 3920 pontiﬁca-

297 3930 405 3975 tum
445 3920 822 3991 gesserant,ii
856 3919 1067 3988 reliquo
1113 3923 1250 3991 vine
1295 3930 1550 3991 tempore
1580 3919 1864 3991 pontiﬁces

298 3988 635 4057 dicebantur,
669 4000 724 4045 et
748 3990 988 4044 decimas
1034 3988 1420 4059 accipiebant.'
1441 4001 1498 4043 ut
1525 3989 1683 4043 docet
1709 3988 1864 4044 .lose-

297 4063 432 4130 phus
459 4064 511 4114 in
544 4061 640 4116 lib.
668 4076 760 4123 xx,
796 4060 886 4114 ubi
919 4062 982 4114 de
1012 4061 1236 4113 Anauia.
1274 4060 1338 4114 Et
1370 4059 1439 4113 ob
1476 4061 1616 4114 hanc
1644 4074 1860 4130 causam

300 4129 361 4184 Β.
414 4133 589 4186 Lucas
655 4132 707 4184 in
756 4131 1068 4200 supradicto
1109 4130 1228 4185 loco
1280 4133 1488 4183 Annam
1548 4129 1862 4200 pontiﬁcem

300 4202 565 4272 appellat;
599 4203 691 4271 qui
730 4211 911 4272 tamen
953 4199 1079 4254 tunc
1106 4201 1368 4268 temporis
1405 4216 1509 4254 non
1543 4210 1659 4254 erat
1684 4199 1866 4272 ponti-

304 4269 408 4338 τιέξ,
457 4273 550 4326 sed
606 4269 725 4325 eam
761 4271 1080 4340 dignitatem
1113 4279 1378 4338 gesserat,
1415 4281 1475 4340 ut
1520 4285 1679 4336 supra
1728 4269 1860 4323 dixi.

307 4342 381 4395 Ex
404 4343 484 4396 his
513 4351 680 4411 patet,
711 4339 912 4394 frustra
941 4341 1007 4395 ab
1032 4341 1269 4395 Eusebio
1311 4351 1418 4394 tam
1449 4339 1860 4411 Josephiquam

850 3061 1118 3131 [Auantth
1156 3061 1623 3132 exauctoraverit.
1692 3061 1854 3131 C'erte
1883 3061 1922 3118 C

1967 505 2222 574 Caipham
2255 504 2560 575 pontiﬁcem
2579 501 2877 560 adnotavit.
2904 501 2980 556 Ex
3002 499 3158 570 cuius
3179 501 3341 556 etiam
3365 501 3540 555 Evan-

1967 597 2089 669 gelii
2118 595 2437 651 auctoritate
2462 595 2718 666 temporis
2740 595 2978 664 spatium
3006 593 3376 663 quoChristus
3401 609 3538 662 prae-

1968 688 2188 750 dicavit,
2237 703 2358 742 cum
2390 687 2774 742 observatione
2815 697 2999 741 nostra
3034 685 3330 740 convenire
3356 695 3538 740 osten-

1969 781 2130 836 ditur.
2167 779 2434 836 Ctetcrum
2473 779 2732 834 Servatur
2771 794 2834 833 ac
2872 779 3129 834 Dominus
3174 788 3358 833 noster
3379 777 3544 832 Jesus

1967 873 2214 929 Christus
2238 872 2379 927 haud
2410 872 2580 926 multo
2612 882 2735 942 post
2778 870 3104 940 evangelicae
3133 870 3536 939 prmdicationis

1969 963 2182 1017 initium
2209 965 2493 1018 duodecim
2534 964 2635 1018 sibi
2670 963 2815 1016 viros
2847 963 3117 1031 adjunxit,
3151 977 3287 1031 quos
3316 977 3428 1031 pra:
3453 976 3540 1015 re-

1969 1056 2130 1125 liquis
2151 1055 2431 1124 discipulis
2458 1055 2572 1110 suis
2589 1054 2734 1110 solos
2750 1054 3118 1124 apostolorum
3140 1055 3356 1108 nomine
3379 1056 3536 1121 quasi

1968 1149 2238 1220 praacipuo
2289 1149 2518 1217 qundam
2573 1149 2795 1202 honoris
2829 1145 2982 1201 titulo
3014 1147 3310 1218 insignivit.
3357 1146 3540 1216 Elegit

1968 1251 2224 1311 praeterea
2261 1241 2601 1312 septuaginta
2639 1241 2813 1305 viros,
2850 1254 2988 1310 quos
3029 1240 3082 1294 in
3116 1255 3178 1295 ea
3214 1239 3329 1294 loca
3363 1250 3418 1294 et
3443 1257 3538 1308 op-

1969 1333 2114 1404 pida,
2142 1333 2191 1387 in
2223 1349 2342 1403 qua:
2383 1333 2500 1403 ipse
2545 1341 2802 1388 venturus
2837 1341 2980 1398 erat,
3016 1331 3172 1387 binos
3206 1331 3546 1402 praemittere

1967 1428 2189 1482 solebat.

2422 1603 2434 1616 ’
2491 1638 2599 1708 29
2636 1636 2860 1692 CAPUT
2915 1635 3005 1692 x1.

2066 1729 2385 1785 Testimonia
2419 1729 2482 1784 de
2512 1729 2721 1784 Joanne
2748 1729 2994 1799 Baptista
3024 1737 3074 1784 et
3105 1729 3168 1784 de
3199 1727 3433 1784 Christo.

2039 1909 2197 1965 Brevi
2229 1908 2521 1976 interiecto
2543 1919 2783 1979 tempore
2817 1907 3082 1964 Joannem
3127 1906 3430 1977 Baptistam
3467 1904 3536 1961 ah

1967 2000 2409 2068 ilerodejuniore
2439 2003 2616 2072 capite
2642 2009 2950 2056 truncatum
2981 1999 3148 2055 fuisse
3182 2015 3337 2056 sacra
3361 1999 3537 2054 Evan-

1963 2096 2088 2166 gelii
2117 2094 2396 2165 Scriptura
2432 2104 2846 2150 commemorat.
2877 2094 2976 2149 Cui
3011 2092 3335 2162 astipulatur
3367 2093 3536 2147 etiam

1961 2187 2249 2257 Josephus,
2287 2187 2378 2257 qui
2410 2195 2466 2242 et
2499 2186 2826 2243 Herodiadis
2869 2187 3038 2257 ipsius
3068 2184 3390 2239 nominatim
3424 2198 3538 2239 me-

1963 2280 2144 2346 minit,
2175 2287 2229 2334 et
2280 2279 2482 2334 diserte
2512 2289 2702 2334 narrat
2743 2279 3012 2346 quomodo
3063 2276 3326 2340 Herodes,
3351 2277 3536 2344 priore

1963 2381 2017 2426 et
2059 2371 2292 2440 legitima
2326 2369 2552 2439 conjuge
2573 2367 2875 2439 repudiata,
2902 2367 3210 2438 quaaAretze
3233 2368 3378 2439 regis
3395 2369 3534 2422 Ara-

1964 2465 2089 2518 bum
2119 2463 2230 2518 tilia
2277 2471 2415 2528 erat,
2445 2462 2586 2517 hanc
2619 2460 2803 2516 fratris
2837 2460 2917 2515 sui
2952 2474 3174 2514 uxorem
3214 2474 3244 2512 a
3272 2459 3397 2515 vivo
3422 2459 3539 2515 viro

1963 2567 2061 2608 suo
2089 2568 2184 2622 per
2208 2552 2312 2607 vim
2345 2552 2631 2607 abductam
2665 2551 2766 2606 sibi
2794 2549 3079 2620 coniugem
3103 2549 3298 2605 ascivit
3323 2569 3336 2605 :
3371 2549 3537 2620 inque

1961 2647 2077 2717 ejus
2125 2646 2359 2715 gratiam
2410 2654 2605 2701 necato
2633 2642 2843 2698 Joanne
2885 2643 3147 2712 Baptista,
3177 2657 3301 2698 cum
3368 2642 3536 2696 Areta

1959 2740 2029 2795 ob
2078 2739 2202 2795 ﬁliae
2256 2738 2642 2795 contumeliam
2695 2738 2893 2794 infesto
2949 2737 3149 2792 bellum
3203 2737 3390 2807 gessit.
3419 2735 3536 2804 Quo

1964 2936 2295 2991 inchoamus.
2343 2937 2450 2992 Sed
2497 2938 2680 2992 tertios
2709 2937 2774 2992 ab
2823 2938 2899 2993 eis
2947 2936 3187 2990 consules
3247 2934 3536 2993 Dominicte

1963 3008 2200 3074 passioni
2257 3008 2584 3062 arci-ibimus.
2640 3008 2746 3062 Alii
2806 3023 2936 3062 vero
2979 3016 3232 3077 quatuor
3271 3005 3534 3061 Paschata

1958 3087 2249 3132 numerant
2313 3079 2380 3132 ab
2437 3077 2592 3148 initio
2658 3076 3068 3148 praedicationis
3110 3076 3337 3148 Christi,
3397 3078 3538 3132 inter

1957 3162 2095 3210 quos
2130 3159 2215 3200 est
2239 3162 2430 3201 auctor
2455 3143 2699 3204 Chronici
2718 3144 3085 3201 Alexandrini.
3109 3143 3162 3196 In
3181 3162 3288 3216 qua
3320 3158 3539 3201 senten-

1959 3218 2031 3270 tia
2091 3218 2255 3286 etiam
2293 3217 2464 3273 fuisse
2503 3219 2719 3272 videtur
2746 3217 3040 3278 Eusebius,
3096 3216 3188 3284 qui
3237 3217 3533 3281 quadrien-

1958 3289 2131 3359 nium,
2162 3287 2290 3344 licet
2313 3304 2421 3343 non
2449 3288 2738 3359 integrum,
2773 3288 3016 3359 assignat
3037 3286 3237 3342 Christi
3273 3287 3535 3358 praedica-

1959 3358 2114 3412 tioni.
2570 3358 2586 3359 ί
2901 3358 2908 3359 “
3464 3359 3469 3365 “

2030 3428 2140 3497 (45)
2186 3426 2296 3482 Τοῦ
2318 3428 2598 3484 ἐνιαυτοῦ
2627 3431 2761 3489 καθ’Δ
2782 3429 2872 3484 ὅν.
2893 3427 3147 3499 Intelligit
3178 3427 3353 3499 locum
3378 3425 3538 3482 Joan-

1928 3534 1931 3535 ν
1959 3501 2045 3554 nis
2068 3515 2186 3570 cap.
2226 3516 2280 3553 χι
2312 3513 2367 3552 et
2397 3512 2548 3570 xvtu.
2583 3501 2671 3554 ubi
2702 3500 2898 3570 dicitur
2925 3497 3159 3570 Caipiias
3192 3497 3365 3570 fuisse
3403 3511 3538 3570 pgn-

1961 3571 2097 3623 tifex.
2129 3567 2255 3624 anni
2297 3571 2466 3626 illius.
2498 3569 2576 3624 Ex
2604 3571 2705 3626 hoc
2737 3569 2962 3625 Joannis
3017 3569 3137 3624 loco
3174 3569 3398 3638 conjicit
3428 3567 3535 3638 Eu-

1961 3640 2147 3709 sebius
2177 3639 2436 3707 Caipham
2483 3652 2730 3695 creatmn
2762 3655 2886 3694 esse
2926 3640 3232 3709 pontiﬁcem
3271 3652 3414 3693 anno
3446 3637 3538 3691 illo

1960 3725 2067 3778 quo
2095 3708 2351 3764 Christus
2382 3709 2606 3766 suﬁixus
2653 3719 2738 3766 est
2783 3708 2952 3764 cruci.
2991 3709 3283 3764 Eusebium
3315 3714 3536 3778 secutus

1961 3777 2046 3834 est
2076 3788 2267 3833 auctor
2294 3779 2539 3834 Chronici
2571 3779 2944 3844 Alexandrini,
2998 3778 3087 3846 qui
3122 3779 3408 3848 pontiﬁces
3438 3777 3538 3831 sub

1960 3851 2160 3919 quibus
2218 3851 2533 3916 praedicavit
2593 3850 2843 3919 Christus
2897 3859 3194 3913 numerat,
3275 3851 3534 3919 Annam,

1962 3918 2266 3983 lsmaeletn,
2307 3920 2625 3974 Eleazarum
2677 3937 2740 3974 ac
2782 3918 3086 3973 Simonem.
3140 3919 3248 3973 Sed
3302 3918 3538 3974 Joannes

1962 3989 2221 4057 Caipham
2247 4005 2311 4045 eo
2349 4005 2491 4044 anno
2519 3992 2717 4045 iactum
2751 4005 2869 4044 esse
2899 3989 3211 4057 pontiﬁcem
3245 4005 3348 4042 non
3384 3988 3536 4040 dicit.

1962 4059 2098 4115 Cum
2132 4075 2263 4130 ergo
2289 4059 2778 4128 Josephus,auCtor
2805 4059 3145 4113 certissimus
3167 4099 3180 4124 ,
3221 4059 3312 4130 qui
3348 4058 3536 4112 Judai-

1964 4145 2151 4185 corum
2193 4129 2506 4200 pontiﬁcum
2562 4132 2964 4200 successionem
2995 4129 3405 4200 diligentissime
3453 4142 3540 4200 re-

1965 4197 2459 4259 censuitfaﬁirmet
2499 4199 2760 4268 Caipham
2791 4216 2821 4254 a
2859 4198 3074 4270 Valerio
3102 4198 3272 4255 Grato
3315 4197 3538 4270 pontiﬁ-

1964 4286 2082 4326 cem
2104 4271 2307 4325 factum
2337 4286 2478 4334 esse,
2508 4286 2608 4325 nec
2640 4271 2741 4326 nisi
2768 4268 3067 4340 postPilati
3097 4268 3540 4340 procurationem

1966 4350 2187 4397 exutum
2211 4355 2329 4422 esse
2357 4343 2681 4422 sacerdotio,
2706 4340 2958 4422 equidem
2991 4338 3211 4422 losephi
3241 4338 3540 4422 auctorita-

303 4411 463 4466 Lucae
490 4407 656 4466 verba
682 4413 913 4464 adducta
944 4425 1086 4479 esse,
1115 4421 1173 4464 ut
1203 4407 1622 4478 quadriennium
1656 4409 1861 4464 Christi
1899 4425 1942 4479 ι)
1974 4424 2077 4465 tem
2111 4411 2260 4480 sequi
2295 4411 2455 4471 malo,
2495 4407 2800 4480 praesertim
2837 4426 2959 4464 cum
3005 4407 3167 4466 Luca:
3193 4407 3543 4480 evangelista:

308 4483 704 4551 prmdicationis
725 4491 995 4536 astrueret
1023 4497 1037 4535 :
1073 4481 1272 4550 quippe
1303 4497 1424 4535 cum
1469 4480 1719 4536 Christus
1759 4495 1864 4533 non

309 4553 404 4606 sub
426 4561 661 4621 quatuor
689 4551 1058 4620 pontiﬁcibus,
1092 4557 1184 4606 sed
1217 4568 1322 4605 uno
1369 4551 1571 4620 Caipha
1604 4551 1870 4621 praedica-

309 4620 458 4685 verit,
516 4633 573 4676 ut
614 4639 676 4677 ex
721 4621 955 4691 Josepho
987 4623 1234 4689 superius
1293 4623 1650 4676 ostendimus.
1686 4620 1868 4690 Longe

313 4693 496 4747 melius
551 4693 626 4760 Ep
653 4693 919 4761 phanius,
967 4694 1061 4761 qui
1121 4693 1413 4745 triennium
1466 4691 1869 4761 praedicationis

313 4762 498 4818 Christi
527 4760 725 4817 astruit
757 4776 825 4815 ex
855 4760 1082 4817 numero
1106 4760 1610 4830 Past-hatum,’quee
1637 4762 1687 4813 in
1709 4760 1871 4814 Joan-

315 4833 392 4889 nis
418 4833 704 4902 Evangelio
741 4843 1154 4902 recensentura
1185 4832 1569 4902 praedicatione
1609 4830 1752 4885 illius
1801 4830 1869 4883 ad

319 4913 524 4958 mortem
563 4901 760 4970 usque.
793 4902 866 4955 Ita
895 4905 1058 4956 etiam
1113 4901 1345 4970 Prosper
1372 4903 1424 4955 in
1455 4901 1739 4960 Chronico,
1774 4916 1871 4954 cu-

317 4974 392 5042 jus
417 4974 590 5042 verba,
618 4974 708 5027 hic
753 4986 1016 5040 apponam
1046 4990 1058 5025 :
1093 4972 1326 5038 Quidam
1370 4970 1870 5042 putaniDominum

324 5039 526 5098 nostrum
558 5041 744 5097 Iesum
779 5039 1044 5096 Christum
1082 5057 1150 5096 xv
1180 5059 1321 5095 anno
1359 5039 1504 5111 regni
1535 5039 1730 5094 Tiberii
1764 5041 1874 5094 Cae-

326 5116 459 5178 saris,
489 5117 542 5166 id
578 5125 652 5168 est
679 5113 882 5166 duobus
934 5111 1166 5167 Geminis
1197 5129 1331 5165 coss.
1368 5112 1683 5172 cruciﬁxum
1717 5128 1736 5166 :
1770 5127 1872 5180 quo

327 5202 438 5240 anno
457 5186 746 5239 secundum
777 5185 1129 5236 indubitatam
1163 5183 1320 5236 Luca'
1337 5181 1669 5254 evangelium
1691 5193 1874 5254 a_uclo-

329 5256 496 5310 ritatem
518 5257 850 5323 baptizatum
873 5269 988 5306 eum
1017 5270 1126 5307 esse
1145 5249 1665 5323 manifesturiiestLet
1688 5249 1872 5305 Evan-

329 5327 479 5394 gelium
503 5319 660 5394 regni
686 5323 936 5394 ci_elorum
968 5325 1262 5391 prwdicure
1291 5319 1524 5394 ’ccepisse.
1552 5319 1875 5394 Secundum

304 5391 417 5451 iero
441 5391 674 5451 Joannis
703 5391 1069 5460 Evangelium,
1098 5394 1366 5456 festivitati
1405 5391 1624 5446 Pascha:
1655 5393 1874 5446 Judwo-

329 5485 414 5523 nim
440 5477 514 5520 ter
539 5465 837 5518 Dominum
876 5464 1173 5530 interfuisse
1199 5466 1556 5532 cognoscimus
1581 5483 1598 5519 .'
1623 5475 1675 5515 ut
1707 5480 1873 5530 appa--

327 5551 406 5593 real
429 5539 649 5592 tertium
704 5533 868 5600 fuisse
896 5535 1023 5586 illud
1081 5533 1309 5604 Pascha,
1344 5538 1482 5604 quod
1513 5551 1663 5587 verus
1698 5533 1873 5600 Agnus

323 5629 393 5666 suo
417 5609 695 5676 sanguine
733 5605 1067 5676 consecravit.
1103 5603 1621 5658 Proinde’consules
1658 5605 1875 5676 quidem

321 5671 803 5745 unnmifhlmimte
835 5671 1060 5740 Domini,
1108 5677 1160 5728 id
1216 5686 1286 5727 est
1342 5695 1369 5727 a
1405 5677 1606 5728 duobus
1643 5673 1873 5728 Geminis

1973 4478 2284 4536 testimonio
2325 4478 2701 4535 conﬁrmetur.
2749 4479 2926 4536 Lucas
2968 4483 3112 4535 enim
3145 4478 3360 4535 diserte
3393 4478 3542 4531 alIir—

1972 4560 2083 4604 mat
2126 4567 2269 4605 anno
2319 4567 2385 4604 xv
2423 4551 2624 4607 Tiberii
2655 4551 2888 4606 Cursaris
2934 4549 3196 4621 Caipham
3232 4552 3542 4621 pontiﬁcem

1965 4622 2075 4693 jam
2109 4632 2220 4693 tum
2251 4621 2444 4693 fuisse.

2045 4691 2157 4762 (44)
2212 4691 2598 4746 Ἀπέστειλεν
2618 4691 2735 4746 ἀνὰ
2758 4690 2867 4745 δύο
2891 4691 3020 4762 δύο.
3067 4691 3144 4746 lta
3175 4691 3440 4762 edidimus
3473 4703 3540 4744 ex

1975 4763 2078 4832 ﬁde
2132 4775 2444 4832 nostrorum
2488 4762 2877 4830 exemplarium
2908 4761 3085 4832 Regii,
3133 4762 3269 4817 Maz.
3306 4761 3443 4832 iiled.
3479 4775 3544 4813 ac

1977 4831 2116 4887 Fuk.
2170 4831 2560 4903 Hodiertamen
2618 4833 2668 4884 in
2705 4848 2824 4900 cap.
2863 4849 2893 4885 χ
2933 4831 3203 4903 Evangelii
3247 4833 3306 4883 Β.
3357 4831 3538 4903 Lucze.

1973 4919 2038 4973 ex
2071 4919 2178 4972 quo
2210 4905 2309 4957 hoc
2341 4902 2640 4973 desumpsit
2666 4899 2948 4968 Eusebius,
2982 4899 3176 4970 IegiIur
3203 4911 3409 4973 tantum
3441 4899 3544 4955 ἀνά

1973 4972 2085 5037 δύο,
2119 4973 2236 5027 sine
2265 4972 2584 5042 repetitione
2615 4974 2817 5026 ultima:
2845 4973 3180 5041 vocis,quam
3210 4972 3347 5026 Rob.
3377 4974 3543 5027 etiam
3584 5001 3587 5010 ι

1977 5045 2282 5112 Stephanus
2311 5045 2544 5097 otiosam
2564 5058 2682 5098 esse
2713 5044 3067 5098 existimavit.
3109 5043 3221 5112 Ego
3258 5057 3385 5096 vero
3408 5057 3546 5096 non-

1977 5114 2113 5167 nihil
2167 5113 2453 5182 elegantia:
2499 5117 2643 5167 hunc
2695 5112 3032 5183 πλεονασμόν
3065 5116 3268 5168 habere
3314 5128 3543 5174 censeo.

1975 5199 2135 5254 quem
2171 5184 2357 5254 etiam
2375 5184 2425 5236 in
2450 5183 2628 5254 lingua
2650 5183 2851 5239 Gallica
2877 5186 3192 5238 retinemus.

2048 5253 2163 5324 (45)
2203 5249 2285 5308 Οὗ
2321 5249 2585 5324 ἔμελλέν
2607 5255 2791 5324 αὐτὸς
2836 5254 3136 5324 ἔρχεσθαι.
3187 5253 3362 5324 Νοειεί
3401 5252 3548 5324 codi-

1977 5318 2068 5445 ξος
2113 5318 2272 5388 Mam,
2318 5318 2457 5378 Med.
2491 5341 2553 5379 ac
2584 5323 2720 5379 Fuk.
2751 5318 3016 5394 scriptum
3055 5326 3254 5380 habent
3281 5318 3341 5380 οὗ
3384 5323 3551 5395 ἧμελ⁹

1996 5411 2084 5445 .εν.

1996 5411 2084 5446 .εν.

2051 5461 2164 5534 (46)
2207 5466 2328 5519 Οὐκ
2360 5466 2446 5529 εἰς
2470 5465 2707 5533 μακρὸν
2723 5463 2808 5518 δέ.
2838 5463 2920 5519 Ab
2953 5464 3038 5519 his
3071 5464 3253 5519 verbis
3275 5475 3432 5534 eaput
3457 5481 3554 5518 un-

1978 5533 2250 5588 deCimum
2311 5536 2596 5594 inchoavi.
2650 5544 2870 5590 secutus
2923 5536 3308 5590 auctoritatem
3344 5533 3554 5589 codicis

1982 5603 2160 5671 Regii,
2214 5603 2353 5660 Maz.
2393 5619 2452 5659 ac
2490 5603 2646 5668 Fult.,
2685 5606 2880 5674 quibus
2935 5605 3206 5660 consentit
3241 5607 3403 5658 etiam
3444 5603 3554 5658 Ριει-

1983 5677 2139 5727 linus.
