3966 6264
389 236 493 305 US

1097 226 1368 293 EUSEBH
1407 218 1887 296 CESARIENSIS
1924 239 2073 295 OPP.
2116 238 2298 294 PARS
2335 237 2380 296 Ι.
2414 269 2484 277 ——
2521 232 2912 297 HISTORICA.

3685 228 3825 284 116

386 349 603 423 quidem
629 348 681 402 in
707 347 846 403 hello
871 348 1071 403 victum
1106 352 1224 405 acie
1253 350 1544 419 Herodem,
1562 360 1617 405 et
1647 352 1956 407 universum

2093 353 2302 423 πόλεμον
2334 352 2545 423 αἴρεται
2575 350 2710 421 πρὸς
2734 348 2825 403 τὸν
2870 346 3115 419 Ἀρέταν,
3141 346 3215 410 ὡς
3233 346 3330 400 ἂν
3378 342 3818 412 ἠτιμασμέ-

386 440 502 509 ejus
547 442 846 496 exercitum
892 442 1129 497 deletum
1168 444 1372 510 refert,
1405 445 1627 515 haecque
1666 447 1848 500 omnia
1882 446 1952 500 ob

388 532 565 600 scelus
616 532 881 587 adversus
922 533 1183 589 Joannem
1233 535 1531 603 Baptistam
1582 546 1954 607 perpetratum

389 625 437 676 ei
466 623 780 692 contigisse.
805 624 948 679 ldem
993 624 1261 696 Josephus
1289 625 1552 682 Joannem
1597 628 1955 697 justissimnm

390 715 567 777 virum
598 714 786 782 fuisse,
806 724 860 769 et
877 715 1076 771 lavacri
1103 717 1382 785 cujusdam
1409 719 1779 775 institutorem
1812 719 1955 774 aﬂir-

392 821 567 873 maus,
599 822 721 876 cum
755 808 821 862 iis
850 823 968 877 quae
990 808 1044 860 in
1076 809 1247 862 sacris
1281 808 1696 879 Evangeliorum
1729 809 1960 872 volumi-

394 897 551 953 nibus
577 899 643 953 de
671 900 858 954 eodem
885 898 1094 965 Joanne
1123 902 1334 970 prodita
1364 912 1526 968 sunt,
1566 901 1793 957 mirifice
1825 918 1957 956 con-

393 993 581 1046 sentit.
644 989 832 1060 Refert
887 995 1052 1051 etiam
1117 992 1384 1049 Herodem
1434 994 1756 1055 Herodiadis
1806 995 1961 1066 culpa

395 1067 697 1152 principatu
741 1085 1029 1149 excidisse,
1059 1094 1113 1139 et
1157 1086 1210 1139 in
1256 1088 1446 1141 urbem
1479 1085 1664 1142 Galliae
1694 1086 1961 1143 Viennam

397 1174 559 1233 simul
603 1191 725 1229 eum
761 1191 824 1230 ea
875 1194 996 1235 esse
1042 1180 1359 1247 relegatum.
1394 1179 1460 1233 Et
1496 1180 1611 1233 haec
1644 1180 1862 1249 quidem
1908 1181 1962 1234 in

399 1280 590 1331 octavo
613 1268 822 1324 decimo
847 1272 1232 1341 Antiquitatum
1267 1271 1406 1327 libro
1439 1274 1506 1326 ab
1540 1288 1604 1326 co
1633 1287 1963 1328 commemo-

400 1369 610 1426 rantur,
642 1361 695 1414 in
727 1377 837 1430 quo
865 1365 1030 1418 etiam
1072 1364 1138 1418 de
1165 1363 1370 1419 Joanne
1405 1366 1594 1419 scribit
1628 1365 1710 1419 his
1744 1366 1963 1420 verbis:

407 1470 427 1505 ι
455 1454 876 1509 Arbitrabantur
927 1457 1145 1524 quidam
1180 1454 1505 1513 Judaeorum.
1533 1458 1714 1512 divina
1766 1457 1967 1512 ultione

401 1547 630 1619 periisse
678 1545 907 1602 Herodis
952 1551 1278 1616 exercitum,
1332 1549 1444 1605 Deo
1487 1550 1686 1605 caedem
1720 1548 1964 1615 Joannis,

401 1635 492 1701 qui
528 1633 770 1702 Baptista
817 1638 1233 1707 cognominatus
1260 1651 1364 1705 est,
1393 1641 1716 1695 vindicante.
1761 1639 1969 1708 Quippe

2056 462 2154 514 νης
2194 443 2357 497 αὑτοῦ
2384 443 2482 513 τῆς
2517 432 2785 513 θυγατρός
2823 440 2956 513 (47).
3000 440 3088 492 Ἐν
3126 431 3170 508 ᾧ
3199 436 3515 508 πολέμῳ
3558 434 3809 505 μάχης

2059 536 2374 607 γενομένης,
2404 534 2581 587 πάντα
2607 532 2741 603 φησὶ
2766 531 2859 586 τὸν
2892 528 3129 603 Ἡρώδου
3156 525 3453 602 στρατῢν
3489 524 3805 593 διαφθα-

2064 627 2244 699 ρῆναι,
2289 628 2381 681 καὶ
2426 626 2598 680 ταῦτα
2633 624 2959 680 πεπονθέναι
2989 624 3088 695 τῆς
3132 620 3506 691 ἐπιϐουλῆς
3552 617 3801 672 ἕνεκεν

2060 718 2161 793 τῆς
2196 718 2337 773 κατά
2390 719 2634 773 Ἰωάννου
2664 716 3060 789 γεγενημένης.
3114 714 3174 769 Ὀ
3218 714 3262 768 δ’
3334 711 3576 774 αὐτὸς
3651 709 3796 764 Ἰώ-

2066 828 2236 882 σηπος
2275 813 2332 867 ὲν
2371 814 2482 874 τοῖς
2522 809 2754 882 μάλιστα
2795 809 3131 863 δικαιότατον
3181 807 3276 862 καὶ
3359 802 3789 875 Βαπτιστὴν

2063 904 2337 974 ὁμολογῶν
2376 903 2660 973 γεγονέναι
2702 902 2793 955 τὸν
2842 900 3115 972 Ἰωάννην,
3156 902 3269 964 τοῖς
3319 897 3507 969 περὶ
3567 894 3778 954 αὐτοῦ

2064 996 2205 1050 κατὰ
2232 996 2331 1066 τὴν
2360 995 2465 1049 τῶν
2495 994 2842 1063 Εὑαγγελίων
2871 994 3091 1065 Γραφὴν
3132 985 3782 1060 ἀναγεγραμμένοις

2070 1088 2473 1157 συμμαρτυρεῖ.
2519 1086 2744 1156 Ἰστορεῖ
2779 1083 2836 1139 δὲ
2866 1085 2963 1138 καὶ
2991 1083 3082 1139 τὸν
3124 1080 3406 1152 Ἡρώδην
3455 1077 3592 1146 τῆς
3650 1073 3775 1146 βα-

2069 1176 2272 1241 σιλείας
2319 1176 2775 1231 ἀποπεπτωκέναι
2820 1175 2907 1229 διά
2951 1173 3049 1245 τὴν
3088 1164 3260 1244 αὑτὴν
3327 1166 3764 1241 Ἠρωδιάδαη

2071 1271 2189 1340 μεθ’
2230 1265 2297 1342 ἦς
2338 1269 2500 1323 αὑτὸν
2533 1270 2627 1325 καὶ
2668 1270 2749 1334 εἰς
2784 1268 2883 1338 τὴν
2921 1265 3215 1337 ὑπερορίαν
3247 1260 3755 1332 ἀπεληλάσθαι,

2068 1362 2288 1416 Βίενναν
2340 1361 2439 1432 τῆς
2481 1361 2711 1425 Γαλλίας
2764 1360 2915 1416 πόλιν
2976 1358 3085 1430 (48)
3127 1359 3294 1412 οἰκεῖν
3370 1353 3756 1413 καταδικα-

2072 1453 2284 1507 σθέντα.
2320 1454 2431 1507 Καὶ
2461 1452 2639 1507 ταῦτά
2677 1468 2741 1522 γε
2776 1450 2924 1522 αὑτῷ
2971 1453 3028 1504 ὲν
3070 1446 3594 1515 ὀκτωκαιδεκάτῳ
3630 1444 3751 1516 τῆς

2083 1546 2531 1617 Ἀρχαιολογίας
2550 1543 2993 1616 δεδήλωται,ἔνθα
3009 1541 3298 1604 συλλαϐαῖς
3311 1540 3568 1599 αὑταῖς
3594 1535 3749 1607 περὶ

2070 1637 2164 1691 τοῦ
2201 1639 2446 1694 Ἰωάννου
2477 1637 2648 1691 ταῦτα
2672 1637 2902 1711 γράφειν
2941 1655 2960 1687 ι
2995 1635 3121 1688 Τισὶ¹
3145 1633 3202 1687 δὲ
3231 1632 3353 1686 τῶν
3403 1629 3738 1685 Ἰουδαίων

405 1725 553 1779 hunc
582 1725 824 1782 Herodes
853 1729 1300 1795 obtruncaverat,
1334 1747 1454 1786 cum
1485 1741 1630 1785 esset
1660 1731 1743 1783 vir
1777 1730 1971 1796 bonus,

2093 1728 2249 1782 ιδόκει
2273 1729 2528 1783 ὀλωλέναι
2557 1730 2645 1783 τὸν
2691 1729 2926 1801 Ἡρώδου
2959 1727 3186 1799 στρατὸν
3223 1725 3331 1779 ὑπὸ
3368 1721 3490 1777 τοῦ
3543 1719 3732 1785 Θεοῦ,

402 1815 728 1890 Judaeosque
747 1819 812 1871 ad
838 1818 1057 1874 virtutis
1081 1821 1317 1891 studium
1344 1823 1632 1890 excitaret,
1655 1822 1976 1892 praecipiens

406 1919 467 1961 ut
507 1907 655 1976 juste
701 1910 919 1979 quidem
973 1910 1117 1965 inter
1165 1926 1247 1976 se,
1282 1928 1408 1979 erga
1461 1911 1627 1965 Deum
1666 1900 1853 1965 autem
1890 1912 1978 1983 pie

407 2005 652 2062 agentes,
701 1999 766 2051 ad
797 1998 1075 2054 lavacrum
1127 2001 1466 2055 accederent.
1502 2001 1652 2055 'I‘unc
1693 2002 1837 2055 enim
1883 2003 1978 2057 de—

407 2101 556 2140 mum
599 2103 878 2159 acceptum
910 2092 1021 2146 Deo
1052 2092 1168 2147 fore
1199 2093 1474 2148 lavacrum
1524 2095 1723 2162 aiebat,
1751 2111 1874 2150 cum
1912 2110 1977 2151 eo

404 2193 513 2233 non
554 2181 623 2236 ad
664 2183 1033 2250 expiationem
1087 2186 1375 2241 criminum
1427 2197 1732 2256 uterentur,
1765 2188 1860 2245 sed
1908 2188 1977 2244 ad

405 2273 652 2339 corporis
680 2275 1021 2341 munditiem,
1043 2286 1103 2329 ut
1127 2277 1398 2332 mentibus
1416 2278 1526 2346 jam
1554 2287 1678 2335 ante
1707 2280 1974 2350 perjuSIi-

404 2364 538 2417 tiam
574 2368 912 2435 expurgatis,
941 2371 1189 2439 corporis
1226 2386 1443 2441 quoque
1476 2372 1738 2427 adderent
1766 2374 1977 2442 puritac

408 2463 538 2508 tein.
586 2455 835 2525 Curaque
882 2459 1035 2513 multi
1076 2461 1142 2515 ad
1186 2478 1308 2517 eum
1362 2464 1602 2532 undique
1642 2464 1978 2519 confluerent

410 2549 743 2617 (hujusmodi
794 2552 935 2606 enim
971 2554 1312 2609 sermonibus
1363 2556 1590 2610 mirifice
1628 2557 1973 2611 delectaban-

409 2643 543 2712 tur),
585 2643 822 2699 Herodes
855 2647 1076 2713 veritus,
1109 2662 1178 2701 ne
1207 2656 1354 2701 tanta
1398 2648 1639 2702 hominis
1673 2649 1975 2703 auctoritas

407 2734 657 2789 subditos
682 2738 748 2791 ad
765 2737 1127 2792 defectionem
1153 2738 1474 2806 impelleret,
1497 2740 1695 2810 quippe
1724 2741 1813 2807 qui
1843 2738 1977 2794 nihil

408 2841 518 2880 non
559 2831 731 2881 acturi
763 2844 828 2883 ex
865 2829 979 2896 ejus
1012 2831 1241 2885 consilio
1273 2831 1610 2894 viderentur,
1650 2832 1819 2885 satius
1855 2846 1977 2885 esse

410 2916 567 2972 duxit
594 2919 910 2988 priusquam
944 2921 1065 2975 novi
1095 2922 1298 2992 aliquid
1329 2923 1587 2987 oriretur,
1620 2922 1768 2977 illum
1796 2937 1829 2979 e
1860 2939 1974 2977 tne-

413 3005 504 3060 dio
531 3006 741 3071 tollere,
777 3022 939 3077 quam
987 3012 1283 3066 mutatione
1329 3028 1509 3067 rerum
1561 3012 1721 3079 facta,
1758 3013 1872 3082 ipse
1922 3014 1972 3067 in

414 3098 709 3154 maximum
733 3100 1022 3155 discrimen
1048 3105 1336 3171 adductus,
1372 3105 1479 3176 30
1501 3120 1674 3160 seram
1702 3104 1976 3174 poeniten-

417 3190 545 3245 tiam
575 3206 757 3261 agere.
793 3193 1018 3248 Vinctus
1050 3193 1213 3263 igitur
1249 3198 1319 3250 ob
1360 3198 1500 3252 hanc
1532 3196 1759 3251 Herodis
1796 3197 1978 3266 suSpi-

414 3283 651 3351 cionem,
681 3294 737 3338 et
767 3286 832 3338 ad
862 3286 1142 3340 castellum
1163 3287 1605 3355 Machaeruntem,
1629 3288 1782 3358 cujus
1812 3303 1976 3357 supra

416 3374 765 3437 meminimus
807 3378 1117 3444 perductus,
1175 3378 1373 3433 ibidem
1425 3396 1599 3436 emsus
1648 3390 1795 3453 est.»
1852 3380 1978 3435 Haec

413 3464 681 3537 Josephus
703 3470 767 3525 de
794 3469 1020 3528 Joanne.
1056 3470 1154 3537 Qui
1187 3473 1347 3527 etiam
1384 3473 1437 3527 in
1462 3475 1653 3529 eodem
1680 3474 1815 3529 libro
1847 3473 1978 3529 Ser-

413 3558 626 3623 vatoris
654 3559 820 3614 nostri
846 3560 1173 3615 mentionem
1210 3561 1338 3617 facit
1385 3563 1473 3619 his
1489 3564 1706 3619 verbis:
1745 3584 1763 3616 ι
1787 3563 1980 3620 Iisdem

486 3712 620 3789 (47)_
651 3715 751 3789 Ὦς
778 3715 856 3789 ἂν
873 3717 1281 3789 ὴτᾲιμασμένης
1313 3719 1496 3783 αὑτοῦ
1529 3719 1637 3789 τῆς
1668 3722 1978 3789 θυγατρός,

417 3785 477 3841 In
504 3785 909 3861 codiceﬂegio,
941 3785 1171 3844 Medfac
1196 3785 1337 3847 Maz.
1356 3785 1725 3861 legiturdtt’an
1752 3785 1864 3861 τῆς
1888 3785 1984 3853 θυέ-

417 3854 638 3931 γατ-ρός.
666 3854 999 3931 ίξίίιξεριιονιιε
1025 3854 1434 3931 quoqueAhabet
1481 3854 1827 3931 τούτῳ.γ”Νεο’
1848 3862 1978 3914 illud

419 3926 777 3979 omittendum
806 3939 911 3992 est,
938 3927 990 3981 in
1021 3926 1209 3983 codice
1242 3929 1378 3983 Maz.
1408 3945 1472 3985 ac
1495 3926 1637 3986 Fuki
1663 3930 1809 3984 ὼσάν
1831 3931 1991 3985 scribi

418 4010 524 4071 una
574 4009 727 4071 voce,
775 3997 903 4050 licet
956 4013 1078 4071 cum
1134 3999 1329 4068 spiritu
1368 4003 1419 4054 in
1460 4001 1696 4055 secunda
1757 4001 1988 4071 syllaba.

418 4067 599 4136 Atque
629 4066 1002 4136 itapperpetuo
1030 4066 1179 4127 hanc
1202 4084 1385 4124 vocem
1432 4071 1593 4125 scribi
1620 4066 1905 4125 observavi
1939 4070 1991 4122 in

421 4134 626 4202 Optimo
671 4134 765 4189 illo
810 4134 998 4192 cndice
1049 4138 1188 4191 Maz.
1226 4141 1440 4208 quoties
1489 4141 1706 4210 ponitur
1750 4156 1846 4210 pro
1877 4150 1989 4199 tau.

422 4220 602 4274 quam.

497 4274 610 4344 (48)
664 4277 922 4329 Βίενναν
973 4276 1083 4345 τῆς
1130 4279 1403 4345 Γαλλίας
1451 4282 1651 4334 πόλιν.
1735 4279 1992 4335 Memoria

426 4342 612 4420 lapsus
669 4346 931 4420 Eusebius
986 4342 1082 4415 pro
1134 4342 1393 4420 Lugdune
1462 4350 1721 4404 Viennam
1789 4352 1986 4420 posuit.

426 4410 634 4484 Quippe
670 4415 960 4483 Josephus,
986 4410 1146 4484 quem
1177 4410 1265 4475 hic
1296 4429 1569 4474 auctorem
1598 4410 1800 4473 laudat.
1825 4422 1991 4473 Euse-

424 4483 572 4553 bius,
599 4484 915 4558 Herodema
947 4483 1079 4541 Gaio
1111 4489 1326 4558 Cmsare
1353 4488 1670 4558 Lugdunum
1704 4505 1823 4543 esse
1862 4491 1992 4543 rele-

426 4557 849 4629 gatumLscrihit
877 4557 929 4610 in
965 4558 1057 4629 lib.
1091 4574 1224 4629 svnt
1255 4557 1560 4627 Originum.
1591 4576 1711 4629 cap.
1740 4562 1792 4612 7.
1820 4563 1991 4614 Porro

428 4627 480 4697 in
534 4626 816 4697 codicibus
872 4628 1072 4696 nostris
1107 4628 1269 4693 Maz.,
1314 4630 1477 4697 Med.,
1528 4626 1672 4684 Fuki
1720 4648 1785 4684 ac
1822 4630 1990 4685 Savil.

423 4695 578 4757 deest
608 4712 709 4750 vox
733 4696 903 4750 πόλιν.

497 4764 611 4838 (49)
665 4766 902 4835 Ἀρετὴν
924 4767 1286 4838 ἐπασκῆσαι.
1324 4768 1525 4825 Omnes
1555 4769 1723 4823 nostri
1760 4769 1991 4833 codices,

426 4836 574 4911 nullo
601 4850 859 4911 excepto._
886 4836 1157 4905 scriptum
1191 4842 1392 4893 habent
1438 4840 1639 4911 ἀρετὴν
1675 4839 1993 4892 ἐπασκοῦσι.

426 4899 690 4985 βοψοιηιι
737 4899 899 4985 paulo
927 4899 1046 4985 post
1078 4922 1339 4985 sequatur
1366 4899 1704 4985 χρωμένους,
1743 4911 1887 4964 lnmc
1911 4925 1999 4985 so-

425 4973 1208 5049 lmcisntum_'animadvertetis
1239 4973 1717 5049 ltohl'Sti-phanns
1738 4982 1997 5033 emenda-

425 5044 529 5108 vit,
571 5054 631 5096 ut
660 5045 880 5120 editum
912 5050 1381 5120 εειπξπασκῆσαι.
1429 5044 1555 5120 Ego
1592 5065 1722 5103 vero
1756 5050 1806 5102 in
1845 5060 1994 5102 tanto

427 5128 702 5168 consensu
736 5111 975 5171 omnium
1006 5110 1296 5192 libroruin,
1329 5110 1631 5192 ὲπασῖιοὺσι
1650 5121 1999 5192 retinendum

425 5197 626 5260 censeo
658 5199 674 5248 ;
709 5193 917 5260 tantum
959 5203 1072 5260 _pro
1104 5190 1420 5260 χρωμένους
1469 5190 1862 5260 emendandum
1914 5199 2000 5260 est

425 5207 626 5252 censeo
658 5207 674 5248 ;
709 5207 917 5237 tantum
976 5207 1072 5254 pro
1104 5207 1115 5216 ·
1144 5207 1420 5260 ρωμενους
1469 5207 1862 5244 entenuannum
1914 5207 2000 5242 εει

422 5252 757 5334 χρωμένοις,
796 5266 852 5309 ιιι
883 5255 1086 5312 habent
1104 5207 1336 5328 ϐοείη)ὴί
1386 5277 1450 5315 ac
1476 5259 1764 5330 Nicephori
1805 5259 2002 5313 editio-

422 5339 541 5379 IICSS.

493 5393 550 5465 (5
561 5394 616 5464 0)
636 5395 800 5470 _IIplr
826 5412 886 5470 tt
905 5396 1192 5467 νεώτερον
1210 5401 1311 5454 ἀπ’
1344 5401 1529 5455 αὐτοῦ
1556 5399 1854 5470 γενέσθαι.
1882 5399 2004 5454 Haec

427 5465 1005 5538 estscripturarllegii
1054 5465 1279 5525 codicis.
1314 5472 1419 5525 Sed
1453 5465 1589 5525 Maz".
1628 5489 1690 5525 ac
1716 5472 1856 5524 Med.
1883 5487 2003 5525 cum

426 5533 561 5591 Fuk.
607 5536 893 5606 acrb‘avil.
940 5533 1203 5606 scriptum
1254 5543 1513 5596 exhibent
1563 5542 1654 5595 ὑπ’
1681 5541 1873 5599 αὑτοῦ.
1930 5540 2004 5594 lta

426 5607 588 5692 [niam
637 5604 998 5692 Plit-ephorus.
1052 5604 1108 5664 lu
1165 5610 1386 5692 Josephi
1447 5606 2007 5681 autentbditiopibus

426 5675 625 5763 “igitur
665 5675 723 5752 ἐξ
754 5677 941 5749 αὑτοῦ,

2077 1820 2171 1872 καὶ
2206 1819 2348 1890 μάλα
2384 1819 2608 1882 δικαίως
2641 1819 2959 1890 τιννυμένου
3005 1817 3145 1877 κατά
3171 1815 3372 1886 ποινὴν
3427 1814 3726 1868 Ἰωάννου

2075 1909 2171 1965 τοῦ
2238 1909 2576 1980 καλουμένου
2633 1910 2961 1965 Βαπτιστοῦ.
3020 1910 3236 1964 Κτείνει
3296 1909 3432 1981 γὰρ
3503 1907 3727 1965 τοῦτον

2088 2002 2351 2074 Ἡρώδης,
2380 2000 2581 2070 ἀγαθὸν
2602 2001 2772 2072 ἄνδρα
2801 2000 2894 2056 καὶ
2916 2004 3028 2064 τοῖς
3070 2000 3347 2062 Ἰουδαίοις
3374 1996 3717 2052 κελεύοντα

2074 2095 2274 2167 ἀρετὴν
2315 2094 2624 2164 ἐπασκῆσαι
2657 2093 2788 2165 (49),
2827 2094 2922 2147 καὶ
2979 2094 3044 2164 τῇ
3095 2092 3229 2164 πρὸς
3268 2091 3578 2163 ἀλλήλους
3627 2088 3718 2143 δι-

2075 2184 2332 2256 καιοσύνῃ
2389 2184 2482 2237 καὶ
2532 2184 2666 2256 πρὸς
2711 2184 2801 2238 τὸν
2844 2184 2976 2237 Θεὸν
3021 2183 3271 2255 εὐσεϐείᾳ
3312 2181 3703 2254 χρωμένους,

2079 2277 2368 2349 βαπτισμῷ
2403 2276 2662 2330 συνιέναι.
2699 2275 2856 2330 Οὕτω
2893 2275 3003 2348 γὰρ
3028 2276 3092 2348 δὴ
3137 2277 3233 2331 καὶ
3268 2275 3375 2347 τὴν
3414 2274 3706 2345 βάπτισιν

2076 2368 2376 2437 ἀποδεκτὴν
2416 2366 2562 2437 αὐτῷ
2601 2367 2906 2436 φανεῖσθαι,
2955 2365 3031 2438 μὴ
3085 2367 3177 2419 ἐπὶ
3204 2366 3372 2421 τινῶν
3412 2364 3696 2435 ἁμαρτά-

2076 2460 2180 2513 δων
2208 2460 2540 2529 παραιτήσει
2578 2457 2896 2529 χρωμένων,
2932 2457 3045 2511 ἀλλ’
3077 2459 3161 2527 ἐφ’
3190 2456 3391 2528 ἁγνείᾳ
3443 2454 3551 2509 τοῦ
3590 2452 3700 2506 σώο

2066 2568 2267 2622 ματος,
2299 2552 2393 2604 ἆτε
2416 2551 2480 2622 δὴ
2513 2552 2607 2604 καὶ
2640 2550 2743 2620 τῆς
2765 2550 2942 2621 ψυχῆς
2969 2548 3287 2620 δικαιοσύνῃ
3316 2561 3690 2620 προεκκεκα-

2079 2646 2373 2718 θαρμένης.
2409 2646 2517 2699 Καὶ
2558 2642 2669 2696 τῶν
2704 2641 2876 2697 ἄλλων
2912 2641 3393 2715 συστρεφομένων,
3430 2640 3538 2693 καὶ
3565 2637 3685 2709 γὰρ

2075 2739 2320 2810 ἥσθησαν
2343 2738 2684 2791 ὲπιπλεῖστον
2710 2738 2774 2806 τῇ
2803 2735 3064 2806 ἀκροάσει
3092 2732 3199 2787 τῶν
3234 2732 3441 2802 λόγων,
3478 2729 3677 2793 δείσας

2090 2828 2333 2903 Ἡρώδης
2363 2830 2424 2883 τὸ
2454 2831 2544 2883 ἐπὶ
2575 2827 2787 2882 τοσόνδε
2816 2826 3069 2881 πειϐανὸν
3104 2823 3270 2880 αὑτοῦ
3302 2827 3421 2887 τοῖς
3454 2820 3679 2893 ἀνθρώ-

2079 2940 2218 2987 ποις,
2267 2926 2339 2994 μὴ
2382 2924 2474 2975 ἐπὶ
2510 2922 2805 2975 ἀποστάσει
2854 2919 2958 2972 τινὶ
3004 2919 3220 2990 φέροιτο
3266 2916 3498 2987 (πάντα
3559 2913 3673 2985 γάρ

2079 3014 2318 3086 ἐῴκεσαν
2343 3013 2615 3085 συμϐουλῇ
2641 3017 2706 3085 τῇ
2738 3013 2944 3066 ἐκείνου
2966 3011 3302 3084 πράξοντες),
3324 3009 3469 3064 πολὺ
3495 3010 3657 3080 κρεῖτ
3745 3009 3756 3019 ’

2082 3124 2172 3161 τον
2200 3108 2412 3177 ἡγεῖται
2432 3105 2559 3178 πρίν
2580 3123 2632 3157 τι
2651 3093 2916 3175 νεώτερον
2940 3104 3033 3157 ἀπ’
3056 3102 3219 3157 αὑτοῦ
3243 3101 3506 3171 γενέσθαι
3532 3100 3665 3171 (50),

2084 3196 2368 3269 προλαϐὼν
2390 3198 2651 3268 ἀναιρεῖν,
2681 3197 2714 3267 ἢ
2747 3194 3049 3266 μεταϐολῆς
3076 3194 3371 3265 γενομένης
3389 3194 3475 3257 εἰς
3491 3193 3672 3264 πράγ-

2086 3306 2232 3359 ματα
2278 3287 2532 3359 ἐμπεσὼν
2570 3289 2865 3359 μετανοεῖν.
2909 3287 3020 3340 Καὶ
3050 3289 3078 3341 ὁ
3104 3286 3201 3356 μὲν
3235 3285 3446 3356 ὑποψίᾳ
3470 3286 3537 3355 τῇ
3569 3281 3662 3335 τοῦ

2096 3379 2353 3452 Ἡρώδου,
2380 3380 2597 3451 δέσμιος
2635 3381 2716 3443 εἰς
2743 3379 2835 3433 τὸν
2873 3376 3259 3449 Μαχαιροῦντα
3290 3375 3567 3447 πεμφθεὶς
3604 3372 3665 3425 τὸ

2087 3472 2484 3545 προειρημένον
2531 3471 2806 3543 φρούριον,
2853 3471 3026 3542 ταύτῃ
3065 3471 3361 3544 κτίννυται.
3403 3489 3425 3523 ι
3480 3468 3659 3521 Ταῦτα

2091 3581 2158 3617 πε
2167 3564 2218 3638 ρὶ
2236 3563 2329 3618 τοῦ
2362 3564 2604 3618 Ἰωάννου
2623 3562 2862 3631 διελθὼν,
2882 3563 2976 3617 καὶ
2991 3563 3084 3616 τοῦ
3102 3562 3255 3633 Σωτῆ
3264 3579 3352 3634 ρος
3367 3564 3402 3634 ἠ
3413 3560 3530 3633 μῶν
3552 3558 3661 3632 (5|)

2161 3719 2271 3788 (5|)
2307 3719 2415 3773 Καὶ
2442 3718 2547 3775 τοῦ
2569 3717 2840 3786 Σωτῆρος
2866 3717 3054 3786 ἡμῶν.
3087 3717 3203 3773 Jam
3235 3718 3485 3786 superius
3515 3730 3648 3769 men-

2082 3790 2292 3844 tionem
2323 3790 2424 3851 feci
2464 3789 2628 3842 libelli
2662 3790 2947 3855 cujusdam
2980 3790 3070 3855 qui
3108 3804 3282 3855 nuper
3323 3798 3411 3842 est
3439 3789 3651 3842 editus:

2093 3860 2144 3914 in
2179 3874 2287 3928 quo
2334 3860 2421 3913 hic
2453 3858 2600 3913 locus
2630 3858 2849 3927 Josephi
2885 3866 2950 3911 de
2976 3858 3104 3913 Jesu
3151 3860 3369 3913 Christo
3397 3856 3652 3926 expendi-

2102 3941 2209 3989 tur.
2249 3932 2452 3983 Auctor
2474 3929 2632 3997 huius
2664 3929 2786 3982 libri
2815 3932 2923 3982 duo
2950 3930 3106 3983 nobis
3129 3929 3456 3996 persuadere
3484 3935 3649 3981 tenta-

2101 4001 2194 4054 vit.
2242 3998 2480 4052 Primum
2515 4007 2619 4063 est,
2675 3999 2851 4052 locum
2905 3997 3054 4053 illum
3100 3998 3322 4064 Josephi
3361 3997 3555 4049 falsum
3589 4009 3648 4049 ac

2099 4070 2439 4131 subditiuum
2470 4083 2609 4122 esse.
2640 4068 2888 4122 Alterum
2938 4077 3043 4132 est,
3086 4068 3373 4123 Eusebium
3406 4076 3642 4120 nostrum

2099 4141 2216 4216 ejus
2245 4137 2450 4216 fraudis
2495 4148 2768 4216 auctorem
2792 4140 3114 4216 _ex_stit_isse.
3149 4138 3301 4216 Quod
3354 4140 3547 4216 attinet
3583 4135 3647 4216 ad

2097 4207 2330 4278 primum
2356 4219 2518 4277 caput
2549 4207 2951 4278 disputationis,
2977 4207 3089 4275 jam
3136 4209 3343 4276 pridem
3378 4207 3644 4278 v_iri_dm:u'

2098 4275 2219 4333 eum
2243 4275 2459 4346 Josephi
2485 4275 2660 4343 locum
2697 4280 2747 4331 in
2771 4277 2991 4332 dubium
3022 4275 3363 4332 revecarunt.
3393 4275 3498 4330 Sed
3530 4288 3642 4330 cum

2100 4351 2259 4403 nudis
2289 4350 2503 4404 indiciis
2544 4358 2600 4399 et
2633 4348 3031 4416 suspicionibus
3075 4349 3142 4403 ad
3197 4348 3248 4401 id
3306 4348 3641 4415 iudicandum

2022 4410 2068 4469 Ι)
2098 4418 2523 4486 impellerentur,
2575 4410 2946 4483 conjecturam
2974 4433 3125 4471 suam
3156 4410 3370 4473 silent-io
3410 4429 3637 4486 premere

2096 4484 2399 4543 maluerunt
2431 4503 2594 4558 quam
2633 4489 2924 4557 quidquam
2955 4496 3156 4543 temere
3184 4484 3475 4542 affirmare.
3504 4484 3639 4553 Quod

2094 4561 2306 4626 quidem
2341 4559 2591 4628 prudenti
2626 4558 2850 4612 consilio
2880 4559 2946 4609 ab
2995 4558 3062 4612 iis
3108 4560 3305 4613 factum
3347 4574 3467 4611 esse
3496 4568 3640 4610 nemo

2096 4627 2394 4704 negaverit.
2422 4628 2795 4704 Quamobrem
2820 4627 3052 4704 scriptor
3080 4629 3221 4704 illius
3253 4628 3540 4704 libelli,_.iu
3580 4638 3636 4704 eo

2096 4696 2228 4751 mihi
2265 4698 2742 4768 reprehendendus
2793 4698 3023 4761 videtur,
3059 4699 3203 4768 quod
3228 4713 3349 4751 cum
3380 4696 3535 4768 nullis
3559 4696 3635 4749 ni-

2098 4778 2243 4821 tatur
2289 4767 2862 4831 dcmonstratiouibus,
2897 4767 3087 4822 tamen
3129 4769 3201 4821 ila
3231 4767 3554 4835 pronuntiat,
3583 4770 3632 4815 ut

2098 4854 2198 4891 nos
2224 4840 2448 4906 posthac
2470 4839 2537 4890 de
2562 4839 2678 4907 ejus
2708 4837 2808 4891 loci
2860 4836 3094 4891 falsitate
3131 4839 3381 4891 dubitare
3434 4836 3632 4907 minime

2100 4904 2354 4975 patiatur.
2372 4904 2624 4974 Quaenam
2645 4922 2807 4977 porro
2840 4916 2965 4963 sunt
2998 4919 3311 4975 argumenta
3347 4907 3432 4960 illa
3461 4904 3632 4974 quibus

2100 4979 2200 5031 hoc
2223 4979 2445 5047 astruit?
2471 4977 2736 5047 Justinus,
2768 4977 2964 5047 inquit,
3001 4980 3051 5030 in
3082 4977 3446 5047 Disputatione
3475 4977 3630 5047 adver-

2100 5064 2189 5112 sus
2227 5046 2552 5118 Tryphonem
2592 5046 2794 5118 nullam
2826 5043 2985 5118 hujus
3016 5049 3091 5101 rei
3146 5043 3471 5118 mentionem
3502 5043 3626 5118 fecit.

2103 5117 2265 5193 Quasi
2299 5114 2424 5193 vero
2464 5131 2688 5171 necesse
2718 5114 3138 5193 fuerit’Justiuo
3166 5117 3380 5193 Josephi
3413 5117 3628 5193 testimo:

2105 5183 2251 5243 nium
2302 5189 2603 5253 adducere;
2656 5194 2749 5238 aut
2801 5188 2954 5254 quasi
3018 5183 3381 5242 testimonium
3434 5183 3629 5253 Josephi

2105 5258 2451 5313 historiarum
2481 5257 2783 5328 sgiptoris,
2821 5271 3074 5326 magnum
3106 5260 3316 5328 pondus
3352 5258 3631 5311 habiturum

2106 5328 2302 5393 luisset
2353 5327 2491 5395 apud
2519 5323 2885 5398 Tryphonem.
2917 5323 3081 5394 Atqui
3106 5323 3237 5380 'non
3266 5330 3367 5381 hoe
3391 5337 3628 5398 eratpro:

2109 5389 2344 5466 positum
2388 5389 2613 5452 Justind
2632 5389 2709 5449 ὐι
2757 5412 2823 5449 ex
2874 5389 3114 5464 profanis
3159 5389 3633 5466 scriptorilms.'sed

2109 5464 2285 5538 potius
2315 5477 2373 5521 ut
2394 5484 2459 5522 ex
2494 5469 2664 5522 sacris
2689 5467 3071 5538 prophetarum
3104 5466 3256 5538 libris
3278 5467 3477 5520 Christi
3502 5464 3635 5519 ﬁdem

2110 5555 2174 5592 ac
2217 5540 2552 5600 divinitatem
2598 5540 2872 5606 probaret.
2919 5537 3093 5602 Quare
3124 5537 3255 5590 nihil
3298 5551 3434 5604 opus
3463 5540 3635 5606 erat_ut

2110 5608 2330 5678 Josephi
2366 5600 2732 5662 testimonium
2769 5600 3005 5677 afferret,
3044 5600 3348 5676 praesertim
3403 5621 3529 5660 cum
3569 5600 3640 5656 Jo-

2113 5677 2312 5755 seph’us
2361 5680 2593 5750 scriptor
2642 5686 2786 5734 esset
2835 5679 2998 5733 etiam
3056 5688 3165 5733 tum
3218 5677 3638 5747 recentissimus.
