3966 6264
347 212 492 272 11⁵1

1469 228 1815 287 msrouus
1857 224 2425 286 ECCLESIASTICE.
2455 224 2583 281 LIB.
2624 206 2688 281 ιζ

3586 215 3688 272 HS

345 335 539 390 κατὰ
603 339 743 415 τὴν
782 342 949 416 αὐτὴν
999 342 1094 398 τοῦ
1140 344 1570 424 συγγράμματος
1623 346 1860 418 ἱστορίαν
1913 339 2012 398 ὦδὲ

2125 343 2461 414 temporibus
2489 341 2646 398 Jesus
2680 337 2898 408 quidam
2937 335 3038 393 fuit
3065 335 3148 391 vir
3180 337 3418 405 sapiens,
3440 337 3482 389 si
3509 345 3686 389 tamen

351 442 504 492 πως
549 435 871 508 μέμνηται
891 453 905 467 ·
950 455 976 488 4
1003 437 1214 491 Γίνεται
1243 437 1298 488 δὲ
1330 437 1472 490 κατὰ
1502 437 1688 490 τοῦτον
1716 437 1805 490 τὸν
1833 437 2020 507 χρόνον

365 520 646 591 Ἰησοῦς
709 545 794 590 τις
842 529 1005 597 σοφὸς
1047 529 1207 600 ἀνὴρ,
1249 527 1362 597 εἴγε
1415 528 1588 601 ἄνδρα
1637 529 1796 582 αὑτὸν
1844 528 2021 596 λέγειν

350 613 513 683 χρὴ.
549 610 712 673 *Ην
740 620 848 690 γὰρ
877 620 1193 692 παραδόξων
1222 620 1396 691 ἔργων
1426 622 1674 693 ποιητὴς,
1709 621 2021 684 διδάσκαλος

349 704 747 775 ἀνθρώπων
787 712 896 764 τῶν
948 713 1044 764 σὺν
1292 713 1496 784 τάληθῆ
1546 713 1866 784 δεχομένων.
1911 713 2020 766 Καὶ

349 795 659 864 πολλοὺς
706 804 808 874 μὲν
836 804 943 857 τῶν
991 805 1278 869 Ἰουδαίων,
1313 807 1537 868 πολλοὺς
1565 806 1620 859 δὲ
1663 807 1756 859 καὶ
1795 806 1903 859 ἀπὸ
1926 805 2020 859 τοῦ

367 886 769 959 Ἐλληντκοῦ
823 896 1154 966 ἐπηγάγετο.
1216 897 1272 950 Ὁ
1314 898 1543 969 Χριστὸς
1583 893 1734 962 οὗτος
1779 894 1866 969 ἦν.
1911 899 2020 952 Καὶ

353 979 569 1033 αὑτὸν
605 987 856 1052 ἐνδείξει
878 987 986 1041 τῶν
1017 989 1247 1060 πρώτων
1269 990 1476 1063 ἀνδρῶν
1497 994 1621 1060 παρ’
1646 993 1778 1062 ἡμῖν
1806 991 2022 1063 σταυρῷ

353 1071 898 1148 ἐπιτετιμηκότος
961 1080 1216 1147 Πιλάτου,
1275 1083 1373 1136 οὐκ
1438 1083 1802 1149 ἐξεπαύσαντο
1862 1086 1910 1136 οἱ
1960 1085 2020 1136 τὸ

355 1163 651 1233 πρῶτον
683 1170 850 1223 αὐτὸν
884 1161 1284 1243 ἀγαπήσαντες.
1328 1175 1531 1245 Ἐφάνη
1560 1176 1665 1246 γὰρ
1694 1177 1878 1238 αὐτοῖς
1905 1175 2022 1246 τρί-

360 1271 488 1325 την
536 1256 714 1329 ἔχων
752 1264 965 1333 ἡμέραν
1009 1265 1168 1318 πάλιν
1201 1265 1328 1333 ζῶν,
1372 1267 1479 1320 τῶν
1527 1268 1684 1322 θείων
1728 1269 2020 1341 προφητῶν

361 1347 597 1402 ταῦτά.
638 1369 703 1404 τε
733 1354 828 1406 καὶ
849 1354 984 1407 ἄλλα
1021 1356 1189 1427 μυρία
1217 1357 1346 1429 περὶ
1371 1359 1532 1412 αὐτοῦ
1561 1359 1836 1431 θαυμάσια
1872 1363 2022 1433 εἰρη-

365 1439 625 1495 κότων.
683 1445 869 1498 Εἰσέτι
927 1464 984 1499 τε
1031 1447 1124 1502 νῦν
1184 1449 1292 1503 τῶν
1333 1452 1670 1522 Χριστιανῶν
1719 1454 1826 1506 ἀπὸ
1867 1454 2019 1508 τοῦδε

362 1529 848 1606 ὠνομασμένων
886 1540 985 1593 ούκ
1021 1540 1242 1594 ἐπέλιπε
1279 1542 1340 1595 τὸ
1379 1543 1562 1612 φῦλον.
1621 1565 1638 1596 ι
1696 1544 1879 1600 Ταῦτα
1923 1547 2017 1600 τοῦ

367 1623 443 1688 ἐξ
471 1626 700 1680 αὐτῶν
742 1629 1006 1701 Ἐϐραίων
1040 1635 1400 1704 συγγραφέως
1431 1636 1694 1690 ἀνέκαθεν
1726 1640 1789 1708 τῇ
1825 1638 2015 1692 ἑαυτοῦ

2123 438 2297 489 virum
2329 449 2450 490 eum
2480 432 2757 504 appellare
2794 429 2880 485 fas
2913 440 3016 485 est.
3043 429 3176 483 Erat
3218 429 3416 498 quippe
3451 428 3687 481 admira-

2123 530 2308 584 bilium
2337 542 2558 597 operum
2593 525 2834 588 eii'ector,
2861 523 3160 591 doctorque
3175 535 3361 576 eorum
3403 519 3496 590 qui
3539 521 3686 572 veri-

2124 631 2286 674 tatem
2348 620 2530 674 libenti
2581 617 2763 672 animo
2794 615 3318 686 complectebantur.
3369 611 3569 666 Multos
3599 610 3691 666 ille

2121 715 2324 783 partim
2364 728 2427 767 ex
2459 711 2674 771 Judacis,
2715 707 2910 778 partim
2941 723 3007 762 ex
3050 704 3347 775 gentilibus
3392 711 3690 760 sectatores

2123 808 2224 864 sibi
2270 805 2539 874 adjunxit.
2594 805 2689 860 llic
2736 811 2854 858 erat
2900 802 3168 857 Christus.
3209 799 3380 866 Quem
3424 814 3453 852 a
3511 797 3689 869 gentis

2125 908 2324 956 nostra!
2347 900 2679 969 primoribus
2701 896 2958 962 delatum,
2983 911 3102 949 cum
3127 893 3336 948 Pilatus
3357 893 3537 948 crucis
3558 906 3688 961 sup-

2123 992 2285 1062 plicio
2336 993 2656 1055 addixisset.
2693 991 2748 1046 hi
2789 1001 2966 1045 tamen
3015 988 3103 1058 qui
3153 986 3302 1041 illum
3359 985 3685 1048 dilexerant,

2122 1103 2244 1142 cum
2279 1087 2531 1156 deinceps
2568 1085 2746 1140 colere
2781 1100 2883 1139 non
2939 1082 3281 1139 destiterunt.
3327 1078 3511 1134 Tertio
3541 1078 3686 1132 enim

2122 1181 2210 1235 die
2237 1181 2393 1234 vivus
2417 1194 2480 1234 ac
2509 1180 2721 1249 spirans
2747 1179 2826 1232 eis
2857 1177 3128 1246 apparuit,
3163 1183 3326 1244 prout
3363 1171 3527 1226 divini
3564 1184 3690 1240 pro-

2123 1273 2296 1344 phetae
2318 1273 2432 1328 haec
2461 1281 2514 1327 et
2537 1271 2640 1326 alia
2673 1269 3067 1342 quamplurima
3098 1269 3163 1321 de
3182 1266 3272 1321 illo
3299 1262 3526 1319 miriﬁca
3552 1277 3690 1333 prae-

2120 1365 2403 1426 dixerant.
2447 1361 2659 1416 Abhinc
2707 1374 2869 1430 porro
2903 1357 3334 1414 Christianorum
3375 1369 3545 1423 genus
3596 1352 3687 1422 qui

2119 1457 2190 1512 ab
2217 1471 2281 1512 eo
2323 1471 2518 1510 nomen
2564 1468 2864 1522 sumpsere,
2901 1453 2968 1506 ad
2993 1459 3232 1504 nostram
3273 1462 3444 1517 usque
3469 1456 3688 1501 aetatem

2119 1545 2892 1604 continuatum‘manetollaec
2919 1545 3081 1613 igitur
3107 1557 3229 1597 cum
3251 1541 3482 1610 scriptor
3510 1538 3595 1592 ille
3619 1552 3688 1592 ex

2122 1642 2363 1698 Hebraeis
2395 1641 2663 1696 oriundus
2688 1641 2753 1694 de
2780 1637 2992 1693 Joanne
3022 1636 3260 1706 Baptista
3293 1642 3347 1686 et
3389 1632 3455 1686 de
3485 1629 3685 1686 Serva-

367 1721 642 1789 γραφῇ,
698 1723 828 1792 περί
870 1739 926 1775 τε
970 1723 1062 1776 τοῦ
1111 1725 1416 1778 Βαπτιστοῦ
1485 1727 1730 1780 Ἰωάννου
1779 1728 1873 1782 καὶ
1922 1727 2012 1781 τοῦ

2126 1741 2242 1786 tore
2272 1741 2460 1786 nostro
2510 1730 2564 1784 in
2597 1729 2760 1785 libris
2814 1729 2925 1783 suis
2979 1723 3515 1788 commemoraverit,
3547 1722 3686 1790 quod

371 1808 692 1881 Σωτῆρος
733 1815 892 1885 ἡμῶν
937 1817 1399 1888 παραδεδωκότος,
1441 1817 1523 1883 τίς
1563 1819 1626 1873 ἂν
1665 1818 1745 1872 ἔτι
1781 1817 2020 1873 λείποιτο

371 1897 720 1972 ἀποφυγὴ,
767 1904 861 1957 τοῦ
907 1905 982 1976 μὴ
1026 1907 1410 1978 ἀναισχύντους
1455 1907 1852 1979 ἀπελέγχεσθαι
1895 1910 2021 1972 τοὺς

377 1995 530 2044 κατ’
589 1995 1192 2068 αὐτῶνπλασαμένους
1233 2000 1633 2070 ύπομνήματα;
1666 1999 1821 2054 Ἀλλὰ
1845 2000 2018 2054 ταῦτα

383 2085 510 2154 μὲν
555 2087 747 2156 ἐχέτω
771 2089 961 2161 ταύτῃ.

960 2183 1361 2236 ΚΕΦΑΛΑΙΟΝ
1406 2184 1504 2237 IB'.

384 2269 561 2336 Περὶ
595 2269 723 2325 τῶν
743 2273 1024 2341 μαθητῶν
1050 2275 1155 2327 τοῦ
1190 2273 1459 2342 Σωτῆρος
1519 2273 1705 2342 ἡμῶν.
1767 2273 1905 2329 (Nic.
1940 2273 2012 2332 Η.

820 2342 884 2398 Ε.
921 2360 956 2408 t,
979 2345 1070 2409 21,
1093 2345 1183 2408 22,
1217 2361 1388 2414 usque
1427 2347 1491 2398 ad
1527 2345 1645 2414 litt.)

476 2435 628 2488 Τῶν
663 2453 727 2505 γε
767 2437 872 2507 μὴν
918 2437 1012 2491 τοῦ
1064 2437 1316 2509 Σωτῆρος
1349 2437 1682 2502 ἀποστόλων,
1736 2438 1897 2492 παντί
1941 2456 2017 2510 τῳ

397 2529 614 2600 σαφὴς
675 2532 742 2583 ἐκ
811 2528 921 2583 τῶν
962 2529 1308 2598 Εὐαγγελίων
1361 2532 1394 2600 ἡ
1436 2530 1755 2601 πρόσρησις.
1804 2528 1924 2582 Τῶν
1971 2530 2015 2583 δ’

397 2619 806 2691 ὲὸδομήκοντα
841 2619 1118 2691 μαθητῶν,
1153 2619 1450 2688 κατάλογος
1479 2621 1576 2691 μὲν
1613 2621 1787 2684 οὐδεὶς
1810 2621 2015 2693 οὐδαμῆ

398 2711 696 2783 φέρεται·
742 2713 961 2780 λέγεταί
994 2731 1056 2782 γε
1101 2713 1198 2784 μὲν
1227 2707 1305 2777 εἷς
1339 2713 1516 2766 αὐτῶν
1553 2713 1837 2786 Βαρνάϐας
1861 2730 2017 2783 γεγο-

401 2805 604 2868 νέναι,
637 2800 697 2860 οὗ
730 2807 1000 2878 διαφόρως
1033 2806 1127 2876 μὲν
1165 2809 1260 2860 καὶ
1294 2808 1350 2860 αἱ
1374 2805 1610 2877 Πράξεις
1643 2806 1750 2860 τῶν
1789 2805 2018 2860 ἀποστό-

402 2896 531 2950 λων
563 2898 1006 2968 ἐμνημόνευσαν,
1029 2899 1125 2967 οὐχ
1154 2899 1353 2968 ἥκιστα
1383 2897 1438 2950 δὲ
1465 2897 1559 2951 καὶ
1582 2899 1611 2952 ὁ
1635 2897 1847 2962 Παῦλος
1875 2898 2014 2970 γρά-

409 3009 544 3058 φων
583 2991 873 3053 Γαλάταις.
914 2990 1130 3044 Τούτων
1162 2991 1206 3044 δ’
1247 2986 1383 3043 εἶναί
1423 3007 1554 3060 φασι
1598 2990 1692 3044 καὶ
1731 2989 2014 3062 Σωσθένην

2113 1823 2224 1890 jam
2248 1820 2504 1888 eﬂ‘ugium
2543 1819 2866 1890 relinquitur
2890 1819 2979 1873 his
3008 1817 3100 1887 qui
3128 1815 3392 1871 adversus
3421 1828 3515 1868 eos
3553 1813 3686 1866 Acta

2119 1912 2207 1966 illa
2259 1912 2660 1975 conﬁnxerunt,
2712 1911 3008 1981 quominus
3057 1905 3511 1979 impudentissimi
3568 1918 3689 1960 esse

2118 2004 2548 2060 convincantur?
2576 2002 2680 2059 Sed
2710 2003 2775 2058 de
2799 2001 2881 2058 bis
2907 2001 3061 2059 satis.

2711 2185 2939 2243 CAPUT
2982 2185 3096 2242 Xll.

2431 2281 2511 2336 De
2543 2278 2840 2336 Servatoris
2867 2281 3035 2334 nostri
3073 2278 3370 2349 discipulis.

2187 2433 2254 2490 Et
2275 2433 2642 2504 apostolorum
2666 2434 2882 2504 quidem
2918 2432 3236 2488 Servatoris
3269 2431 3444 2486 nostri
3467 2431 3686 2487 nomina

2117 2541 2184 2581 ex
2221 2525 2639 2597 Evangeliorum
2695 2525 2848 2580 libris
2900 2526 3180 2580 notissima
3234 2531 3360 2578 sunt
3409 2523 3684 2577 omnibus.

2117 2615 2270 2682 Quod
2298 2631 2425 2671 vero
2456 2617 2522 2671 ad
2554 2617 2892 2686 septuaginta
2921 2617 3218 2685 discipulos
3251 2614 3467 2678 attinet,
3493 2627 3683 2668 eorum

2119 2708 2290 2762 series
2315 2707 2502 2762 nullibi
2528 2708 2833 2777 perscripta
2864 2707 3154 2775 reperitur.
3187 2705 3386 2761 Fertur
3416 2692 3595 2761 tamen
3618 2717 3684 2757 ex

2117 2801 2328 2856 illorum
2368 2815 2595 2856 numero
2631 2814 2770 2854 unus
2824 2799 2989 2854 fuisse
3033 2798 3327 2864 Barnabas,
3382 2796 3534 2866 cujus
3563 2811 3685 2850 cum

2118 2891 2171 2946 in
2203 2891 2433 2947 Actibus
2479 2891 2845 2963 apostolorum
2887 2891 3080 2945 crebra
3133 2890 3190 2944 lit
3223 2890 3446 2956 mentio,
3489 2890 3686 2944 tumin

2116 2985 2268 3042 Pauli
2296 2989 2362 3042 ad
2382 2985 2602 3041 Galatas
2627 2984 2888 3054 Epistula.
2917 2983 2995 3037 Ex
3030 2984 3220 3038 iisdem
3265 2983 3427 3037 etiam
3460 2982 3688 3038 Sosthe-

409 3085 513 3136 τὸν
558 3085 681 3154 ἆμα
711 3083 908 3155 Παύλῳ
949 3082 1254 3155 Κορινθίοις
1274 3084 1674 3138 ἐπιστείλαντα.
1713 3084 1777 3137 Ἡ
1803 3083 1847 3136 δ’
1874 3085 2012 3136 ἱστο-

2122 3094 2238 3134 nem
2274 3077 2440 3133 fuisse
2467 3078 2778 3149 perhibent,
2806 3092 2927 3131 eum
2961 3079 3050 3145 qui
3085 3091 3188 3129 una
3219 3090 3342 3129 cum
3391 3075 3559 3129 Paulo
3599 3075 3686 3129 lit-

415 3173 520 3244 ρία
572 3171 727 3244 παρὰ
772 3173 1047 3243 Κλήμεντι
1076 3171 1218 3225 κατὰ
1255 3172 1353 3244 τὴν
1390 3173 1645 3244 πέμπτην
1685 3171 1792 3225 τῶν
1845 3174 2018 3227 ’Υπο-

411 3264 781 3324 τιιπώσεων,
816 3265 874 3315 ἐν
957 3262 1049 3316 καὶ
1071 3263 1287 3332 Κηφᾶν,
1315 3264 1440 3334 περὶ
1468 3255 1528 3316 οὗ
1548 3280 1709 3334 φησιν
1730 3265 1758 3316 ό
1777 3263 2012 3328 Παῦλοςο

423 3375 444 3406 ι
485 3357 628 3409 Ὅτε
654 3356 711 3408 δέ
733 3352 864 3427 ἦλθε
896 3356 1090 3426 Κηφᾶς
1127 3357 1203 3418 είς
1250 3355 1599 3426 Ἀντιόχειαν,
1630 3355 1771 3408 κατὰ
1801 3355 2016 3427 πρόσω-

419 3465 534 3500 πον
570 3447 718 3517 αὐτῷ
746 3446 1006 3517 ἀντέστην
1047 3446 1182 3516 (52),
1226 3466 1244 3497 ι
1289 3445 1385 3499 ἕνα
1420 3448 1554 3518 φησὶ
1589 3447 1870 3516 γεγονέναι
1909 3448 2015 3502 τῶν

421 3539 811 3609 ἐϐδομήκοντα
845 3537 1122 3609 μαθητῶν,
1147 3539 1434 3610 ὁμώνυμον
1464 3541 1654 3613 Πέτρῳ
1683 3543 2016 3613 τυγχάνοντα

419 3629 512 3699 τῷ
553 3628 853 3699 ἁποστόλῳ.
897 3631 1005 3682 Καὶ
1038 3629 1283 3683 Ματθίαν
1329 3631 1385 3683 δὲ
1419 3632 1510 3684 τὸν
1543 3632 1665 3685 ἀντὶ
1710 3632 1878 3686 Ἰούδα
1919 3631 2014 3686 τοῦ

425 3722 700 3794 προδότου
727 3724 839 3783 τοῖς
866 3722 1181 3787 ἀποστόλοις
1219 3723 1674 3792 ἐγκαταλεγέντα,
1712 3724 1804 3778 τόν
1835 3741 1896 3777 τε
1921 3724 2016 3778 σὺν

426 3812 589 3884 αὖτῷ
622 3816 686 3884 τῇ
713 3814 876 3885 ὁμοίᾳ
907 3814 1071 3886 ψήφῳ
1105 3815 1421 3886 τιμηθέντα,
1449 3817 1547 3887 τῆς
1581 3816 1753 3886 αὐτῆς
1789 3815 1897 3870 τῶν
1929 3815 2018 3870 ἑὸ-

426 3904 741 3975 δομήκοντα
797 3906 1041 3977 κλήσεως
1087 3906 1353 3977 ἠξιῶσθαι
1405 3908 1624 3978 κατέχει
1680 3909 1856 3977 λόγος.
1907 3909 2018 3961 Καὶ

428 3993 695 4046 Θαδδαῖον
730 3993 788 4046 δὲ
817 3994 912 4048 ἕνα
946 3995 1054 4048 τῶν
1092 3996 1270 4048 αὐτῶν
1299 3993 1444 4050 εἷναί
1488 4015 1638 4067 φασν
1670 3999 1798 4070 περὶ
1828 3990 1888 4052 οῦ
1922 3998 2018 4051 καὶ

433 4086 684 4156 ἱστορίαν
709 4085 969 4139 ἐλθοῦσαν
998 4089 1075 4151 εἰς
1099 4090 1266 4158 ἡμᾶς,
1293 4091 1490 4144 αὐτίκα
1520 4091 1661 4162 μάλα
1690 4092 2013 4162 ἐκθήσομαι.

430 4181 550 4233 Καὶ
578 4181 688 4235 τῶν
717 4181 1080 4252 ἐϐδομήκοντα
1106 4183 1163 4236 δὲ
1188 4183 1403 4248 πλείους
1432 4185 1524 4237 τοῦ
1557 4185 1811 4256 Σωτῆρος
1841 4202 2017 4256 πεφη-

432 4272 589 4325 νέναι
634 4272 878 4343 μαθητὰς
907 4272 1086 4345 εὕροις
1119 4275 1184 4328 ἂν
1229 4277 1582 4347 ἐπιτηρήσας,
1615 4277 1849 4349 μάρτυρι
1876 4277 2017 4349 χρώ-

437 4383 604 4434 μενος
624 4365 700 4436 τῷ
734 4367 951 4437 Παύλῳ,
982 4368 1118 4438 μετὰ
1145 4368 1243 4438 τὴν
1269 4370 1332 4422 ἐκ
1363 4369 1570 4440 νεκρῶν
1594 4369 1810 4441 ἔγερσιν
1837 4365 2015 4439 ὦφθαι

445 4459 612 4512 αὐτὸν
653 4460 904 4530 φήσαντι,
934 4459 1148 4531 πρῶτον
1179 4461 1277 4530 μὲν
1318 4463 1482 4532 Κηφᾷ
1514 4461 1648 4531 (55),
1677 4461 1864 4515 ἔπειτα
1904 4465 2015 4526 τοῖς

2119 3181 2267 3226 teras
2299 3171 2363 3224 ad
2419 3170 2731 3225 Corinthios
2777 3169 3014 3238 scripsit.
3045 3167 3136 3222 Sic
3183 3167 3327 3221 enim
3363 3165 3531 3222 refert
3560 3167 3686 3222 Cle-

2119 3280 2272 3320 mens
2295 3264 2350 3318 in
2377 3263 2515 3320 libro
2528 3264 2720 3332 quinto
2747 3261 3172 3333 Hypotyposeon.
3194 3259 3249 3314 In
3280 3275 3386 3329 quo
3407 3261 3567 3316 etiam
3585 3261 3687 3316 Ce-

2117 3358 2280 3429 pbam
2313 3357 2462 3412 illum
2494 3362 2583 3412 cui
2620 3356 2963 3412 Antiochiam
2995 3357 3238 3426 ingresso
3267 3354 3464 3409 Paulus
3492 3369 3550 3410 se
3589 3369 3686 3421 pa-

2119 3449 2226 3503 lam
2264 3450 2530 3504 restitisse
2567 3449 2716 3515 dicit,
2744 3449 2998 3518 quoniam
3025 3449 3448 3519 reprehensione
3491 3447 3685 3516 dignus

2118 3549 2258 3607 erat,
2296 3556 2459 3594 unum
2484 3540 2561 3594 ait
2584 3539 2752 3595 fuisse
2769 3554 2834 3594 ex
2857 3541 3198 3610 septuaginta
3223 3539 3504 3609 discipulis
3527 3537 3687 3593 Petro

2119 3630 2362 3700 apostolo
2395 3631 2796 3701 cognominem.
2829 3628 3111 3686 Matthiam
3149 3644 3393 3700 quoque,
3427 3644 3548 3684 eum
3592 3629 3683 3697 qui

2118 3722 2270 3780 Juda:
2321 3722 2619 3793 proditoris
2681 3722 2800 3777 loco
2850 3722 2904 3776 in
2973 3737 3258 3777 numerum
3318 3722 3685 3794 apostolorum

2118 3816 2221 3887 31
2259 3816 2532 3882 ascriptus
2559 3824 2734 3880 est,et
2761 3815 2987 3869 alterum
3020 3815 3168 3870 illum
3197 3815 3432 3885 quicum
3460 3813 3684 3868 Matthia

2119 3909 2236 3978 pari
2273 3905 2532 3977 suffragio
2566 3907 2664 3961 fuit
2694 3909 3011 3974 honoratus,
3042 3907 3183 3961 fama
3211 3917 3296 3962 est
3327 3922 3394 3963 ex
3429 3907 3519 3962 illo
3537 3917 3684 3962 cmtu

2119 4000 2462 4072 septuaginta
2493 3999 2884 4069 discipulorum
2943 3998 3133 4054 fuisse.
3183 3999 3514 4056 'l'haddaeum
3549 4016 3690 4069 pra:-

2122 4101 2268 4149 terca
2305 4106 2473 4146 unum
2507 4107 2574 4145 ex
2606 4091 2712 4145 illis
2732 4090 2902 4145 fuisse
2925 4091 3124 4146 ferunt.
3157 4092 3232 4147 De
3259 4106 3368 4161 quo
3396 4092 3686 4147 historiam

2118 4199 2238 4252 qum
2272 4183 2337 4237 ad
2367 4198 2465 4237 nos
2489 4199 2659 4250 usque
2690 4182 2960 4251 pervenit,
3004 4198 3127 4237 mox
3177 4192 3500 4237 narraturus
3540 4199 3684 4239 sum.

2118 4274 2270 4343 Quod
2326 4275 2370 4328 si
2428 4275 2551 4344 quis
2606 4273 2899 4330 observare
2957 4274 3086 4329 velit
3149 4275 3448 4343 attentius,
3503 4275 3687 4345 plures

2119 4385 2282 4439 quam
2356 4369 2696 4438 septuaginta
2739 4370 2976 4438 reperiet
3037 4369 3343 4426 Servatoris
3388 4371 3557 4426 nostri
3599 4369 3686 4424 di-

2120 4460 2385 4531 scipulos,
2417 4460 2501 4514 vel
2521 4475 2584 4514 ex
2616 4459 2775 4515 unius
2821 4459 2973 4515 Pauli
3012 4462 3356 4516 testimonio:
3387 4463 3477 4532 qui
3528 4461 3688 4518 Chri-

440 4577 641 4641 quippe
693 4571 791 4647 qui.
832 4572 930 4647 sub
980 4581 1225 4647 extrema
1266 4572 1551 4647 Domitiani
1581 4583 1835 4647 tempora
1867 4573 2017 4628 Anti-
2051 4575 2092 4629 D
2123 4572 2357 4647 bantur;
2391 4571 2587 4647 quibus
2609 4571 2856 4647 prolatis,
2891 4571 3205 4628 facillimum
3232 4572 3424 4630 fuisset
3466 4572 3683 4630 Eusebii

441 4641 940 4714 quitatesJudaicas
973 4642 1322 4714 pitlilicasset.
1351 4645 1428 4695 Ad
1464 4645 1590 4714 illud
1620 4641 1798 4698 autem
1849 4660 2010 4712 argu—

445 4710 686 4768 mentum
719 4713 860 4778 quod
891 4727 954 4764 ex
990 4710 1220 4778 Origene
1247 4713 1483 4774 ducitur,
1511 4713 1686 4768 facilis
1715 4723 1797 4768 est
1824 4723 1878 4766 et
1911 4710 2010 4767 ex-

445 4785 626 4852 pedita
661 4781 959 4852 responsio.
993 4781 1169 4849 Negat
1221 4783 1437 4849 quidem
1470 4783 1730 4852 Origenes
1766 4785 1817 4837 in
1858 4783 2012 4838 libris

444 4849 630 4907 contra
649 4851 876 4912 Celsum,
899 4849 1188 4919 Josephum
1211 4855 1494 4918 agnovisse
1516 4849 1699 4906 Jc'sum
1713 4853 2010 4918 Christum,

444 4926 500 4977 id
549 4932 634 4976 est
662 4922 962 4975 credidisse
990 4923 1230 4988 Christo,
1281 4938 1375 4976 seu
1407 4923 1774 4977 Christianum
1818 4923 2006 4978 fuisse.

448 4993 555 5047 Sed
585 5006 758 5058 neque
781 5005 844 5043 ex
877 4992 978 5044 hoc
1004 4991 1222 5058 Joseplii
1275 4992 1391 5047 loco
1434 5009 1591 5060 quem
1623 4995 1708 5047 hic
1737 4994 1870 5048 citat
1906 4995 2014 5048 Eu-

448 5063 652 5122 sebius,
677 5062 932 5133 sequitur
961 5061 1250 5130 Josephum
1273 5062 1480 5133 Christi
1510 5064 1665 5117 iidem
1700 5065 2007 5130 amplexum

447 5133 634 5205 fuisse.
663 5131 918 5205 Quamvis
944 5127 1422 5205 eninidicatobtog
1451 5129 1517 5204 ἦν
1540 5134 1567 5184 ὁ
1601 5127 1854 5205 Χριστός,
1883 5135 2010 5187 sub-

445 5203 773 5273 audiendum
821 5214 903 5254 est
930 5202 1253 5273 λεγόμενος,
1291 5205 1343 5257 id
1383 5202 1484 5266 est,
1513 5205 1595 5255 hic
1629 5202 1703 5256 est
1742 5207 1830 5271 qui
1862 5205 2007 5257 dice-

450 5273 608 5325 batur
630 5269 894 5342 Christus.
924 5269 1039 5325 Jam
1068 5269 1196 5326 itero
1245 5276 1388 5342 quod
1420 5274 1609 5327 scribit
1637 5269 1826 5329 auctor
1860 5276 2005 5329 illius

450 5342 636 5402 libelli,
675 5341 964 5394 Eusebium
1008 5341 1443 5411 nostrum'lmjus
1478 5343 1730 5397 falsitatis
1770 5347 2006 5398 archite-

449 5422 593 5465 ctum
630 5411 825 5473 l'uisse,
849 5427 1117 5480 nunquam
1153 5413 1396 5480 profecto
1427 5415 1659 5468 cordatis
1695 5415 2003 5468 hominibus

450 5482 501 5535 id
531 5482 861 5549 persuadere
885 5483 1102 5548 poterit.
1147 5484 1278 5536 Nam
1315 5484 1400 5537 cui
1449 5485 1590 5537 hono
1640 5484 1689 5536 id
1740 5484 2004 5538 Eusebius

447 5553 764 5623 contingere
785 5550 1176 5623 v_o|uisset?_An
1202 5569 1267 5607 ex
1294 5554 1602 5610 testimonio
1628 5552 1844 5622 Josephi
1875 5571 2006 5623 pen-

447 5621 611 5675 debat
640 5619 914 5672 }livinitas
959 5621 1194 5677 Christi?
1225 5625 1415 5681 Annon
1448 5624 1662 5681 Eusebii
1691 5619 1847 5678 artate
1876 5619 2002 5678 libri

442 5689 844 5760 Antiquitatum
881 5687 1093 5763 Iosephi
1127 5693 1179 5747 in
1213 5694 1462 5751 omnibus
1499 5694 1837 5750 bibliothecis
1874 5697 2003 5751 vise-

2121 4642 2366 4696 framlem
2394 4644 2741 4698 convincere.

2192 4711 2304 4782 (52)
2331 4713 2495 4766 Κατὰ
2543 4713 2866 4780 πρόσωπον
2898 4712 3056 4778 αὐτῷ
3081 4712 3400 4782 ἀντέστην.
3429 4713 3556 4768 Post
3589 4715 3689 4769 has

2117 4799 2278 4836 voces
2307 4784 2357 4836 in
2383 4783 2618 4837 editione
2644 4783 2935 4837 Parisieusi
2972 4799 3035 4838 ac
3064 4784 3363 4852 Geuevensi
3385 4797 3686 4852 sequuntur

2120 4855 2234 4927 ιιίςιρ
2280 4853 2465 4927 νει-δίη)
2502 4851 3212 4927 γὸτιλκατεγνωσμένοςΑῆν,
3264 4869 3382 4927 quae
3434 4851 3686 4925 leguntur

2120 4925 2283 4979 etiam
2319 4925 2370 4977 in
2415 4923 2750 4994 Epistolaad
2779 4923 3017 4979 Galatas.
3070 4923 3177 4979 Sed
3212 4923 3466 4994 quoniam
3493 4923 3599 4978 nec
3631 4927 3684 4981 iu

2121 4994 2405 5065 codicibus
2436 4995 2637 5049 nostris
2658 4993 2823 5059 Maz.,
2858 4995 3021 5059 Med.,
3061 4995 3198 5050 Fuk.
3233 4993 3332 5050 uec
3355 4997 3497 5065 apud
3529 4995 3687 5050 Ruti-

2114 5080 2258 5136 num_
2277 5064 2565 5129 habentur,
2623 5076 2677 5118 et
2726 5065 2924 5136 alioqui
2966 5082 3160 5136 parum
3212 5064 3521 5122 necesSaria
3556 5077 3685 5120 sunt

2112 5135 2216 5188 hoc
2246 5133 2383 5198 loco,
2412 5137 2608 5188 merito
2630 5150 2691 5188 ea
2729 5133 3047 5191 delevimus.
3067 5135 3211 5192 Idem
3248 5154 3278 5190 a
3307 5139 3467 5192 nobis
3482 5137 3682 5192 factum

2114 5214 2198 5276 est
2230 5205 2387 5276 paulo
2421 5214 2604 5276 postea
2625 5207 2676 5276 in
2696 5205 2809 5276 hoc
2841 5206 2957 5274 ipso
2983 5209 3182 5276 capite.
3217 5208 3347 5262 Nam
3370 5219 3492 5276 post
3521 5206 3684 5262 verba

2111 5273 2338 5346 illa,xa.t
2361 5274 2622 5328 Θαδδαῖον
2649 5275 2727 5346 δέ,
2767 5273 2961 5329 lineam
2992 5273 3253 5346 integram
3277 5273 3637 5345 expuuximus
3665 5295 3682 5338 ;

2107 5343 2222 5419 haec
2247 5345 2650 5419 scilicetyerba,
2674 5345 2764 5399 τὸν
2791 5347 2893 5419 ύπὸ
2921 5347 3092 5419 Θωμᾶ
3109 5343 3250 5402 κατὰ
3281 5343 3569 5419 πρόσταξιν
3589 5347 3683 5400 τοῦ

2126 5413 2300 5484 Ἰησοῦ
2335 5413 2411 5484 τῷ
2449 5415 2701 5489 ’ᾼγὸάρῳ
2732 5418 2867 5489 πρὸς
2917 5413 3060 5489 ἴασίν
3109 5413 3484 5478 ἀποσταλέντα
3502 5413 3522 5449 ί·
3565 5435 3686 5483 qua:
3761 5459 3766 5468 .

2112 5482 2634 5558 leguntur;_quidem'
2673 5482 2730 5540 in
2778 5482 2982 5542 'codice
3022 5488 3210 5558 Regio,
3266 5492 3358 5543 sed
3413 5482 3613 5544 absunt
3653 5505 3681 5540 a

2112 5555 2287 5678 gibus
2312 5553 2553 5624 reliquis,
2588 5571 2689 5612 nec
2720 5558 2989 5612 habentur
3014 5559 3072 5615 io.
3098 5553 3544 5628 interpretatione
3573 5559 3683 5612 Bu-

2155 5641 2230 5678 m.
2345 5675 2354 5678 _

2155 5641 2230 5678 ni.
2343 5675 2354 5686 ,

2185 5693 2296 5767 (53)
2333 5696 2575 5766 Πρῶτον
2610 5699 2726 5769 μὲν
2745 5698 2938 5770 Κηφᾷ.
2967 5701 3187 5757 Rectius
3220 5705 3269 5756 in
3309 5701 3510 5756 nostris
3536 5701 3682 5754 codi-
