3966 6264
303 207 406 260 illi

1007 211 1273 268 EUSEBII
1311 214 1784 274 CESARIENSIS
1820 217 1966 273 ()PP.
2010 217 2186 274 PARS
2227 220 2266 276 I.
2307 252 2376 260 ——
2414 218 2796 277 HISTORICA.

3421 229 3520 287 I20

301 335 443 380 tuum
493 333 776 392 postquam
824 341 853 380 a
905 330 1136 382 mortuis
1182 330 1476 385 suscitatus
1523 343 1627 396 est,
1683 333 1835 400 primi

1957 330 2183 396 δώδεκα,
2215 333 2308 385 καὶ
2337 334 2472 404 μετὰ
2503 333 2743 399 τούτους,
2775 335 2957 391 ἐπάνω
2981 341 3350 408 πεντακοσίοις
3368 347 3516 400 ἀδελ-

299 413 536 467 umnium
567 414 762 485 Cepha:
795 419 1112 486 apparuisse
1139 420 1293 480 dicit.
1321 421 1517 478 deinde
1543 424 1850 487 duodecim,

298 514 352 559 et
389 515 508 575 post
537 506 634 562 hos
669 507 784 575 plus
813 523 974 578 quam
1005 510 1320 581 quingentis
1377 511 1635 568 fratribus
1670 515 1851 570 simul.

300 596 373 654 Ex
401 598 596 666 quibus
625 599 909 656 nonnullos
952 603 1174 672 quidem
1217 613 1446 659 mortem
1478 607 1701 672 obiisse,
1737 608 1853 676 ple-

298 705 494 760 rosque
553 705 680 746 vero
732 693 913 747 adhuc
961 695 1282 762 superstites
1333 695 1498 752 fuisse
1535 698 1696 751 tradit
1725 713 1848 753 cum

297 778 410 835 haec
443 781 727 837 scriberet.
759 781 887 838 Inde
916 783 1120 839 Jacobo
1149 785 1301 840 illum
1331 789 1648 855 apparuisse
1679 798 1846 845 testa-

297 879 405 927 tur.
441 868 594 925 Uuus
613 871 700 925 hic
726 887 792 927 ex
824 875 1161 945 septuaginta
1190 876 1574 944 discipulorum
1600 894 1846 944 numero,

293 971 358 1019 ac
383 969 642 1028 przeterea
680 978 746 1017 ex
779 964 1036 1020 fratribus
1066 967 1272 1021 Domini
1309 967 1476 1023 fuisse
1511 954 1844 1038 perhibetur.

294 1050 572 1107 Postremo
618 1069 739 1106 cum
795 1065 993 1122 praeter
1042 1057 1326 1112 duodecim
1356 1069 1536 1113 essent
1578 1060 1664 1114 alii
1699 1076 1848 1116 com-

291 1139 472 1206 plures
496 1143 586 1210 qui
620 1143 788 1198 instar
823 1145 1034 1200 illorum
1079 1148 1308 1216 apostoli
1359 1149 1703 1216 dicebantur,
1753 1167 1847 1207 cu-

285 1229 518 1297 jusmodi
545 1233 708 1295 etiam
741 1236 1098 1304 eratPaulus,
1121 1240 1236 1295 haec
1268 1240 1512 1312 adjungit
1541 1261 1554 1299 :
1589 1260 1609 1294 ι
1644 1244 1846 1300 Deinde

290 1321 438 1376 visus
477 1333 564 1378 est
611 1326 862 1392 omnibus
903 1329 1184 1400 apostolis.
1216 1350 1234 1384 ι
1285 1332 1390 1387 Sed
1437 1333 1505 1389 de
1554 1333 1639 1389 his
1685 1334 1844 1390 satis.

292 1413 530 1471 Historia
563 1432 691 1472 vero
723 1420 790 1476 de
818 1419 1087 1478 Thaddtno
1117 1425 1273 1495 cujus
1306 1441 1467 1496 supra
1517 1429 1843 1486 mentionem

290 1506 535 1573 iecimus,
567 1509 874 1581 bujusmodi
910 1523 1015 1568 est.

861 1606 1088 1663 CAPUT
1126 1607 1260 1664 XIII.

533 1691 789 1750 Narratio
833 1700 895 1750 de
945 1701 1122 1769 regulo
1167 1701 1574 1760 Edessenorum.

363 1845 573 1902 Domini
609 1863 673 1902 ac
702 1849 1008 1906 Servatoris
1042 1855 1211 1908 nostri
1245 1854 1372 1910 Jesu
1413 1857 1615 1915 Christi
1645 1861 1842 1915 divini-

290 1948 369 1994 tas
420 1956 540 1995 cum
592 1950 810 2010 propter
855 1944 1170 1999 admiranda
1228 1947 1369 2003 illius
1424 1963 1584 2018 Opera
1643 1953 1839 2020 ubique

279 2029 389 2099 jam
421 2031 650 2086 celebris
688 2042 854 2094 esset,
887 2033 1310 2103 innumerabiles
1342 2039 1410 2100 ab
1451 2044 1693 2100 externis
1723 2055 1775 2099 et
1807 2060 1837 2099 a

282 2123 463 2192 .ludtea
503 2126 885 2186 remetissimis
921 2128 1252 2202 regionibus,
1298 2139 1499 2193 morbis
1548 2148 1602 2194 et
1651 2140 1836 2211 cujus-

281 2219 536 2284 quemodi
569 2220 846 2276 doloribus
891 2224 1116 2279 alllictos
1147 2239 1244 2296 spe
1274 2231 1658 2298 recuperandae
1685 2231 1834 2286 salu-

285 2307 379 2372 tis;
411 2319 730 2365 attraxerat.
792 2313 973 2383 Itaque
1014 2330 1106 2370 rex
1135 2317 1404 2387 Agbarus,
1445 2321 1538 2390 qui
1587 2322 1836 2391 gentibus

282 2411 432 2455 trans
465 2401 799 2474 Euphratem
843 2407 1034 2476 positis
1085 2423 1190 2463 non
1223 2411 1341 2466 sine
1385 2411 1540 2466 laude
1586 2425 1832 2484 praeerat,

280 2509 404 2554 cum
433 2497 582 2562 gravi
620 2498 832 2564 morbo,
862 2509 915 2555 et
951 2501 1043 2570 qui
1077 2501 1308 2556 humana
1350 2517 1452 2573 ope
1496 2507 1676 2560 curari
1726 2522 1832 2562 non

279 2595 513 2656 poterat,
543 2601 973 2652 consumeretur.
1005 2593 1163 2648 simul
1193 2603 1353 2664 atque
1377 2596 1443 2648 de
1466 2595 1590 2651 Jesu
1617 2600 1834 2653 nomine

279 2679 478 2748 ubique
509 2681 702 2736 diﬂuso
738 2698 804 2737 ac
833 2685 898 2739 de
927 2686 1206 2753 stupendis
1237 2687 1358 2754 ejus
1385 2688 1667 2744 miraculis
1711 2705 1833 2759 qua)

275 2771 518 2824 omnium
572 2773 878 2828 testimonio
937 2774 1310 2840 ﬁrmabantur,
1366 2779 1600 2849 accepit,
1652 2781 1832 2836 missis

277 2875 373 2924 per
407 2861 750 2918 tabellarium
783 2863 1004 2930 litteris,
1041 2867 1264 2937 supplex
1298 2885 1419 2923 eum
1449 2872 1661 2940 rogavit
1691 2882 1748 2926 ut
1773 2887 1832 2927 se

1958 427 2076 492 φοίς
2124 425 2358 493 ἐφάπαξ.
2412 420 2510 480 Ὧν
2547 429 2698 492 τινάς
2750 428 2845 499 μὲν
2893 429 3096 499 ἔφασκε
3137 437 3517 510 κεκοιμῆσθαι,

1957 517 2080 578 τοὺς
2104 517 2318 582 πλείους
2337 518 2381 572 δ’
2405 518 2485 572 ἔτι
2507 519 2584 590 τῷ
2615 519 2713 590 βίῳ
2739 519 2861 574 καθ’
2883 522 2942 575 όν
2973 525 3160 595 καιρὸν
3181 527 3329 599 αύτῷ
3347 529 3518 584 ταῦτα

1961 606 2324 673 συνετάττετο,
2355 613 2637 682 περιεῖναι.
2677 614 2906 668 Ἔπειτα
2928 614 2973 668 δ’
3001 609 3179 686 ὦφθαι
3219 619 3377 673 αὑτὸν
3415 623 3518 676 Ἰα-

1957 694 2118 767 κώϐῳ
2158 697 2350 767 φησίν·
2386 693 2466 763 εἷς
2503 700 2560 753 δὲ
2598 700 2694 754 καὶ
2733 697 2886 766 οὗτος
2924 702 3032 757 τῶν
3073 705 3385 776 φερομένων
3419 708 3517 762 τοῦ

1956 789 2204 860 Σωτῆρος
2251 791 2525 862 μαθητῶν,
2564 791 2699 846 ἀλλά
2745 794 2850 864 μὴν
2898 793 2992 847 καὶ
3023 794 3262 865 ἀδελφῶν
3287 793 3511 870 ἦν(54).

1955 875 2067 933 Εἶθ’
2111 881 2186 944 ὡς
2229 881 2377 954 παρά
2431 883 2652 948 τούτους
2694 885 2834 940 κατὰ
2884 887 3110 958 μίμησιν
3159 887 3265 941 τῶν
3308 887 3517 944 δώδεκα
3579 935 3583 938 .

1955 971 2220 1026 πλείστων
2275 974 2414 1027 ὃσων
2460 975 2813 1048 ὑπαρξάντων
2865 977 3193 1044 ἀποστόλων,
3265 974 3376 1043 οἶος
3417 983 3514 1035 καὶ

1953 1065 2115 1129 αύτδς
2161 1067 2190 1118 ό
2241 1066 2450 1131 Παῦλος
2490 1065 2580 1139 ἦν,
2614 1069 2934 1140 προστίθησι
2969 1069 3169 1139 λέγων·
3213 1088 3232 1122 ι
3278 1071 3513 1145 Ἔπειτα

1952 1155 2110 1227 ὤφθη
2151 1159 2264 1220 τοϊς
2303 1157 2618 1222 ἀποστόλοις
2650 1161 2803 1213 πᾶσι.
2845 1179 2863 1212 ι
2901 1160 3086 1215 Ταῦτα
3121 1160 3218 1232 μὲν
3259 1157 3351 1216 οὖν
3384 1163 3512 1235 περὶ

1949 1248 2134 1302 τῶνδε.
2171 1251 2280 1322 Τῆς
2309 1251 2366 1304 δὲ
2398 1251 2526 1323 περὶ
2565 1251 2656 1306 τὸν
2696 1253 2951 1308 Θαδδαῖον
2985 1254 3224 1326 ἱστορίας
3258 1256 3388 1326 ἡμῖν
3422 1255 3510 1308 λε-

1950 1340 2169 1412 χθείσης
2197 1341 2432 1407 τοιοῦτος
2460 1343 2678 1412 γέγονεν
2704 1345 2732 1396 ό
2755 1344 2975 1415 τρόπος.

2459 1613 2854 1667 ΚΕΦΑΛΑΙΟΝ
2889 1613 2990 1666 1Γ’.

1959 1702 2218 1772 Ἰσ-τορία
2269 1702 2397 1772 περὶ
2431 1703 2535 1757 τοῦ
2563 1703 2682 1757 τῶν
2747 1699 3127 1770 Ἐδεσσηνῶν
3179 1699 3504 1772 δυνάστου.

2185 1771 2439 1843 (ΝἰοζΗ.
2466 1772 2532 1828 Ε.
2568 1789 2628 1838 ιι,
2661 1775 2712 1836 7,
2745 1786 2800 1828 et
2835 1775 3023 1842 Evagr.
3061 1787 3130 1834 tv,
3157 1771 3270 1840 29.)

2027 1867 2090 1918 Ἡ
2122 1865 2213 1918 τοῦ
2246 1866 2447 1937 Κυρίου
2483 1868 2575 1921 καὶ
2609 1866 2858 1938 Σωτῆρος
2898 1865 3054 1938 ἡμῶν
3068 1863 3239 1935 Ἰησοῦ
3270 1861 3504 1935 Χριστοῦ

1945 1956 2131 2025 θεότης
2175 1957 2304 2027 (55),
2341 1959 2420 2022 εἰς
2468 1958 2672 2022 πάντας
2715 1956 3030 2028 ἀνθρώπους
3074 1957 3172 2027 τῆς
3207 1953 3505 2026 παραδοξο-

1943 2047 2096 2100 ποιοῦ
2125 2046 2401 2121 δυνάμεως
2437 2048 2619 2102 ἕνεκεν
2652 2047 2896 2119 βοωμένη
2918 2089 2932 2113 ,
2968 2046 3190 2119 μυρίους
3225 2047 3381 2109 ὅσους
3407 2043 3504 2098 καὶ

1942 2141 2048 2195 τῶν
2079 2143 2163 2195 ἐπ’
2197 2141 2499 2212 ἀλλοδαπῆς
2525 2139 2858 2212 πορρωτάτω
2887 2157 2946 2194 τε
2973 2139 3074 2209 τῆς
3113 2137 3388 2200 Ἰουδαίας,
3417 2135 3502 2188 νό-

1942 2251 2050 2288 σων
2077 2251 2136 2287 τε
2168 2234 2261 2288 καὶ
2296 2232 2562 2287 παντοίων
2604 2230 2790 2285 παθῶν
2832 2229 3003 2284 ἐλπίδι
3031 2228 3324 2300 θεραπείας
3365 2229 3504 2299 ἐπή-

1940 2343 2085 2396 γετο.
2129 2325 2308 2394 Ταύτῃ
2351 2343 2430 2378 τοι
2460 2323 2707 2394 βασιλεὺς
2742 2323 3014 2393 ’Λγὸαρος
3055 2320 3186 2391 (56),
3220 2319 3326 2372 τῶν
3358 2319 3499 2389 ὑπὲρ

1939 2418 2228 2489 Εὐφράτην
2257 2415 2422 2471 ὲθνῶν
2453 2415 2562 2486 (57)
2605 2415 2974 2484 ἐπισημότατα
3011 2410 3368 2476 δυναστεύων,
3405 2411 3502 2464 πάο

1940 2509 2021 2562 θει
2053 2509 2111 2562 τὸ
2158 2507 2315 2578 σῶμα
2358 2505 2512 2576 δεινῷ
2555 2505 2647 2558 καὶ
2673 2505 2734 2558 ού
2765 2502 3111 2576 θεραπευτῴ.
3141 2503 3262 2554 ὅσον
3293 2503 3376 2554 ἐπ’
3401 2502 3500 2554 ἀνα

1938 2597 2179 2669 θρωπείᾳ
2209 2597 2452 2666 δυνάμει,
2487 2593 3000 2665 καταφθειρόμενος,
3029 2592 3105 2654 ὡς
3142 2591 3236 2644 καὶ
3262 2589 3499 2659 τοῦνομα

1937 2687 2029 2742 τοῦ
2077 2686 2250 2758 Ἰησοῦ
2290 2687 2422 2740 πολὺ
2471 2686 2564 2739 καὶ
2601 2685 2698 2750 τὰς
2733 2684 2986 2754 δυνάμεις
3033 2681 3333 2752 συμφώνως
3363 2681 3498 2753 πρὸς

1936 2781 2186 2835 ἁπάντων
2222 2781 2664 2851 μαρτυρουμένας
2691 2775 2936 2838 ἐπύθετο,
2965 2775 3144 2846 ἱκέτης
3169 2772 3328 2827 αὑτοῦ
3361 2773 3501 2842 πέμ-

1934 2871 2040 2942 ψας
2081 2872 2146 2924 δι’
2195 2870 2616 2942 ὲπιστοληφόρου
2659 2869 2932 2938 γίγνεται,
2984 2868 3082 2937 τῆς
3120 2866 3274 2919 νόσου
3315 2866 3496 2935 τυχεῖν

276 2952 466 3007 morbo
509 2953 780 3012 liberaret.
811 2958 881 3012 At
933 2959 1021 3012 ille
1068 2967 1178 3013 tum
1219 2961 1436 3029 quidem
1487 2963 1697 3018 vocanti
1733 2964 1834 3018 ini-

1941 2963 2249 3033 ἀπαλλαγῆς
2285 2961 2469 3028 ἀξιῶν.
2514 2962 2570 3016 '0
2616 2961 2673 3015 δὲ
2709 2961 2780 3032 μὴ
2822 2960 2944 3013 τότε
2977 2959 3226 3013 καλοῦντι
3260 2955 3497 3011 ὑπακού-

278 3045 425 3098 nime
459 3055 534 3100 est
571 3047 882 3105 obsecutus.
936 3051 1169 3107 Litteras
1218 3061 1400 3108 tamen
1429 3055 1494 3108 ad
1524 3069 1649 3111 eum
1696 3056 1829 3110 scri-

276 3137 404 3191 bere
433 3153 537 3192 non
578 3143 874 3208 recusavit,
901 3145 1097 3211 quibus
1129 3160 1294 3198 unum
1326 3162 1355 3198 e
1395 3145 1675 3213 discipulis
1716 3149 1830 3203 suis

274 3229 364 3297 qui
407 3230 580 3299 ipsum
609 3242 848 3307 sanaret,
886 3236 1175 3290 missurum
1212 3251 1270 3290 se
1302 3252 1422 3291 esse
1450 3238 1826 3307 pollicebatur,

276 3337 453 3392 neque
486 3324 584 3391 ipsi
611 3324 806 3391 solum,
836 3328 926 3382 sed
955 3327 1206 3383 omnibus
1238 3330 1555 3398 propinquis
1585 3341 1638 3384 et
1674 3329 1832 3384 lami-

275 3519 766 3598 cibusMaz_.,Med.
817 3537 880 3578 ac
939 3523 1074 3579 Fuk.
1138 3525 1393 3598 scribitur
1435 3525 1653 3598 πρώτῳ.
1717 3526 1838 3580 Mox

273 3606 371 3661 pro
405 3592 674 3661 περιιέναι,
726 3592 869 3659 leges
920 3597 1281 3662 grammaticae
1353 3592 1548 3658 secuti.
1601 3592 1837 3651 restitui-

275 3677 392 3781 inps
419 3665 721 3733 περιεῖναι,
762 3666 900 3717 sicut
931 3664 1126 3736 legitur
1153 3666 1207 3720 in
1252 3667 1437 3722 codice
1466 3665 1604 3720 Fuk.
1637 3683 1701 3724 ac
1731 3668 1834 3722 Sa-

275 3748 322 3781 τι
351 3748 406 3781 ll.

271 3748 406 3785 τιιιι.

342 3800 454 3875 (54)
488 3795 591 3867 Εἷς
614 3799 682 3854 δὲ
699 3801 811 3875 *καὶ
836 3796 1054 3875 -οὗτος-
1074 3801 1192 3856 τῶν
1217 3804 1555 3875 φερομένων
1577 3805 1684 3860 τοῦ
1727 3809 1837 3860 Σω-

271 3870 451 3940 τῆρος
490 3871 796 3945 μαθητῶν,
812 3873 976 3945 ,ἀλλὰ
987 3873 1114 3943 μὴν
1134 3870 1234 3928 καὶ
1276 3870 1554 3945 ἀδελφῶν
1572 3878 1670 3944 ἦν.
1711 3875 1836 3930 Haec

271 3953 356 3994 est
399 3947 666 4014 scriptura
698 3944 906 4014 codicis
932 3944 1084 4014 Regii
1117 3961 1278 4013 quam
1333 3944 1469 4000 Rob.
1524 3947 1834 4014 Stephanus

270 4010 558 4084 expressit.
595 4010 789 4084 yet-um
841 4013 892 4084 in
925 4010 1149 4084 reliquis
1183 4017 1484 4075 codicibus.
1518 4010 1655 4069 Mai.
1682 4015 1832 4069 scili-

269 4091 376 4156 cet,
406 4081 565 4156 Med"
595 4081 732 4156 Fuk.
757 4094 813 4156 et
853 4081 1255 4156 S_aviliiwtlesuut
1288 4086 1399 4156 haec
1439 4087 1623 4151 verba,
1657 4084 1834 4156 μαθη-

268 4150 545 4222 τῶν,ἀλλά
584 4151 688 4222 μὴν
721 4153 836 4206 καί.
873 4153 977 4206 Sed
1003 4169 1170 4219 neque
1196 4154 1420 4208 Rulinus
1453 4156 1539 4207 illa
1569 4150 1832 4222 agnoscit.

271 4221 361 4274 Sic
390 4222 534 4274 enim
568 4221 729 4275 Vertit
778 4238 793 4273 :
848 4222 972 4276 Post
1018 4225 1176 4276 etiam
1221 4224 1345 4274 dicit
1380 4240 1496 4276 eum
1527 4221 1693 4278 visum
1723 4241 1834 4278 esse

268 4289 494 4362 Iacobo.
551 4292 639 4358 qui
669 4299 783 4362 erut
821 4307 956 4344 unus
1007 4308 1070 4344 ex
1097 4294 1177 4344 his
1205 4293 1293 4359 qui
1321 4291 1508 4362 fratres
1543 4295 1832 4348 Saluatoris

1937 3073 2055 3120 σας,
2089 3055 2371 3126 ἐπιπολῆς
2413 3053 2543 3124 γοῦν
2575 3055 2735 3108 αὐτὸν
2773 3053 2906 3117 ἰδίας
2945 3051 3209 3117 καταξιοῖ,
3254 3049 3350 3103 ἕνα
3386 3048 3494 3101 τῶν

1932 3147 2096 3199 αὑτοῦ
2126 3146 2381 3216 μαθητῶν
2409 3145 2751 3200 ἀποστέλλειν
2779 3143 2870 3198 ἐπὶ
2900 3141 3164 3212 θεραπείᾳ
3193 3141 3289 3211 τῆς
3314 3139 3494 3204 νόσου,

1931 3234 2067 3306 ὁμοῦ
2099 3251 2158 3287 τε
2191 3233 2354 3288 αὑτοῦ
2391 3232 2659 3304 σωτηρίαν
2700 3232 2809 3302 (58)
2850 3231 2943 3284 καὶ
2974 3227 3082 3280 τῶν
3115 3225 3498 3298 προσηκόντων

1934 3327 2185 3381 ἁπάντων
2239 3323 2680 3395 ὑπισχνούμενος.
2738 3321 2850 3375 Οὐκ
2897 3322 2976 3384 εἰς
3027 3315 3234 3389 μακρὸν
3285 3314 3341 3367 δὲ
3389 3315 3498 3384 ἄρα

1944 3523 2107 3588 Med.,
2140 3523 2414 3580 cumFuk.
2434 3539 2496 3578 ac
2525 3517 2716 3587 Sévil.,
2741 3523 3001 3594 scriptum
3032 3523 3232 3594 habent
3256 3523 3490 3594 θειότης.

2013 3595 2122 3666 (56)
2159 3594 2456 3661 Βασιλεὺς
2497 3595 2794 3662 Ἀγσαρος.
2830 3593 2922 3666 ζιελΔ
2947 3608 3159 3662 semper
3185 3593 3256 3666 in
3305 3593 3498 3648 codice

1941 3661 2114 3732 Regio
2153 3669 2410 3734 scriptum
2453 3674 2536 3718 est
2569 3661 2775 3718 nomen
2833 3662 2992 3734 hujus
3050 3661 3239 3731 reguli,
3265 3678 3495 3731 eamque

1943 3733 2275 3802 scripturam
2298 3734 2545 3801 pluribus
2577 3733 2896 3786 testimoniis
2930 3733 3040 3801 jam
3088 3733 3288 3786 dudum
3337 3747 3492 3787 asse-

1943 3805 2220 3858 rnimusin
2254 3803 2684 3857 adnotationibus
2713 3803 2913 3856 nostris
2944 3804 3010 3855 ad
3041 3802 3335 3872 fragmenta
3371 3803 3494 3857 Dios

1940 3874 2024 3927 nis
2052 3873 2356 3934 Cocceiani,
2389 3874 2475 3925 ubi
2497 3873 2655 3926 etiam
2691 3872 2971 3925 docuimus
2993 3886 3274 3924 commune
3307 3872 3357 3924 id
3399 3889 3498 3927 uo-

1940 3958 2059 3996 mcn
2095 3943 2259 3996 fuisse
2301 3942 2498 4007 regulis
2541 3941 2959 3995 Edessenorum.
2987 3939 3042 3992 In
3075 3943 3281 4010 optimo
3315 3953 3493 3997 tamen

1939 4013 2130 4066 codice
2158 4011 2598 4083 ΜομνΛὸγαρος
2631 4011 2718 4065 hic
2745 4020 2800 4083 et
2829 4010 2969 4083 infra
3005 4021 3264 4078 perpetuo
3297 4013 3494 4083 scribi-

1939 4091 2049 4136 tur.
2078 4083 2208 4148 Qua:
2239 4082 2402 4136 etiam
2429 4081 2692 4150 scriptura
2725 4081 2945 4134 minime
2968 4081 3357 4134 contemnenda
3388 4089 3490 4138 est.

1939 4151 2072 4204 Nam
2099 4163 2154 4206 et
2187 4153 2238 4206 in
2275 4154 2507 4206 nummis
2548 4151 2816 4205 veteribus
2865 4151 2938 4203 ita
2983 4150 3302 4218 appellatur.
3347 4162 3400 4204 et
3437 4151 3492 4206 in

1938 4222 2165 4289 antiquo
2203 4223 2593 4290 epigrammate
2629 4221 2770 4290 quod
2802 4221 3013 4287 primus
3062 4219 3492 4290 ediditJacobus

1939 4290 2258 4346 Sirmondus
2289 4293 2338 4344 in
2372 4293 2515 4346 notis
2548 4292 2612 4343 ad
2648 4290 2914 4356 EpiStolas
2953 4290 3181 4344 Sidonii.
3213 4289 3381 4358 Magis
3409 4301 3492 4342 ta-

270 4360 693 4428 appellabantur.
731 4360 837 4412 Nos
871 4372 1049 4414 tamen
1081 4364 1209 4414 nihil
1242 4358 1635 4418 lticitttmtttare
1662 4364 1833 4416 volui-
1866 4365 1911 4420 Ι)
1941 4376 2060 4430 men
2119 4362 2298 4429 placet
2352 4363 2500 4429 prior
2553 4363 2848 4430 scriptura,
2882 4371 2958 4412 tot
3007 4358 3330 4430 scriptorum
3381 4370 3492 4413 tam

269 4446 410 4494 ntus,
446 4430 539 4484 sed
575 4431 908 4501 scripturam
930 4432 1130 4486 codicis
1146 4431 1296 4501 Regii
1326 4432 1662 4488 retinuimus.
1685 4433 1832 4487 Multi

272 4502 470 4568 quippe
500 4515 566 4554 ex
588 4501 861 4555 veteribus
881 4499 1137 4554 Jacobnm
1174 4499 1396 4554 fratrem
1444 4503 1676 4565 Domini,
1709 4519 1831 4558 eum

269 4571 360 4636 qui
386 4571 593 4639 primus
624 4569 1110 4640 Hierosolymorum
1129 4571 1408 4640 episcopus
1425 4581 1506 4625 est
1535 4573 1832 4636 ordinatus,

269 4656 374 4698 non
408 4656 472 4703 ex
494 4655 567 4693 xtl
593 4643 868 4708 apostolis.
891 4640 986 4694 sed
1021 4657 1051 4694 e
1077 4656 1299 4694 numero
1317 4640 1699 4709 discipulorum
1733 4645 1835 4696 D0-

190 4740 193 4743 -
271 4713 404 4764 mini
449 4711 618 4764 fuisse
649 4712 1002 4778 scripserunt.
1052 4712 1126 4764 Ita
1159 4710 1453 4778 Gregorius
1477 4710 1752 4780 Nyssenus
1780 4713 1831 4765 in

270 4783 518 4835 oratione
559 4780 594 4838 2
635 4784 697 4832 de
730 4781 923 4834 Christi
948 4783 1347 4834 resurrectione.
1380 4780 1630 4833 Clemens
1651 4781 1702 4833 in
1738 4781 1829 4836 lih.

273 4866 306 4904 tt
327 4848 939 4921 Constitutionuiit.ACap.
965 4850 1053 4909 59.
1076 4861 1129 4904 et
1147 4852 1196 4902 in
1228 4850 1363 4921 lib.4_l
1386 4848 1830 4921 Recognitiouum,

269 4919 369 4972 sub
401 4920 561 4973 ﬂnem
594 4933 715 4988 pag.
751 4919 856 4985 20;
885 4921 1182 4974 Dorotheus
1211 4921 1262 4971 iu
1307 4919 1442 4972 libro
1483 4919 1555 4972 De
1581 4921 1831 4988 apostolis

269 4999 318 5043 et
353 4989 633 5058 discipulis
655 4989 890 5053 Domini,
934 4997 988 5041 et
1024 4989 1248 5042 Michael
1277 4988 1473 5058 Glycas
1499 4990 1552 5041 in
1591 5000 1745 5058 parte
1772 5005 1830 5045 ιιι

271 5059 578 5115 Annalium.
607 5057 767 5113 Certe
805 5061 928 5113 huic
959 5059 1195 5126 opinioni
1245 5058 1425 5112 lavere
1453 5057 1664 5112 videtur
1692 5058 1832 5112 Pau-

273 5129 354 5181 lus
383 5130 433 5180 in
460 5127 692 5198 Epistula
715 5129 780 5182 ad
803 5129 1132 5194 Corinthios,
1159 5129 1246 5183 ubi
1285 5144 1569 5183 recensens
1591 5143 1683 5182 eos
1710 5129 1832 5197 qui-

273 5197 370 5252 lms
393 5197 640 5254 Christus
665 5210 784 5266 post
808 5211 1034 5254 mortem
1066 5207 1410 5268 apparuerat,
1452 5208 1731 5269 postquam
1763 5215 1831 5254 ιη

271 5269 556 5334 apostolos
606 5270 925 5335 nominavit,
962 5277 1016 5323 et
1073 5271 1399 5337 quingentos
1458 5271 1628 5335 alios,
1683 5271 1832 5324 addit

273 5340 484 5400 deinde,
518 5348 697 5407 postea
725 5340 864 5392 visus
893 5351 967 5393 cst
996 5338 1200 5392 Jacobo
1219 5348 1266 5390 et
1296 5339 1510 5407 reliquis
1558 5339 1828 5406 apostolis.

268 5407 528 5466 Iacobum
553 5425 683 5478 ergo
713 5407 911 5466 Paulus
937 5410 1183 5466 diStinxit
1213 5425 1240 5461 a
1265 5423 1333 5461 xu
1357 5410 1632 5476 apostolis.
1657 5412 1831 5477 Atque

271 5477 344 5552 ita
381 5477 631 5552 Cyrillus’
653 5481 1171 5552 llierosolymitanus
1205 5480 1256 5532 in
1289 5480 1555 5536 catechcsi
1578 5494 1629 5530 ιγ
1655 5491 1706 5532 et
1742 5494 1829 5532 xiv

268 5549 444 5603 locum
479 5551 619 5603 beati
653 5549 800 5603 Pauli
843 5549 1128 5607 intellexit.

342 5618 455 5691 (55)
487 5620 740 5689 Χριστοῦ
787 5623 1014 5694 θεότης.
1064 5619 1242 5678 Nostri
1303 5623 1515 5680 codices
1573 5621 1705 5676 Μαι.
1767 5636 1828 5676 ac

1937 4428 2246 4484 Grageorum
2275 4428 2434 4498 quam
2457 4428 2764 4484 Latinorum
2789 4444 3053 4484 consensu
3083 4428 3316 4481 ﬁrmata.
3335 4429 3496 4483 Certe

1940 4499 2464 4572 foGapogiArahica
2488 4515 2585 4572 vos
2610 4509 2713 4572 est,
2741 4513 2860 4568 qua:
2887 4498 3296 4572 potentissimum
3323 4498 3493 4572 signi-

1937 4571 2078 4632 licat,
2115 4568 2171 4622 ut
2197 4571 2381 4624 docuit
2405 4585 2490 4624 me
2523 4570 2605 4623 vir
2629 4569 2927 4639 linguarum
2965 4568 3317 4622 Orientalium
3349 4569 3494 4638 peri-

1938 4643 2192 4695 tissimus.

2009 4709 2119 4780 (57)
2160 4707 2282 4762 Τῶν
2318 4707 2470 4778 ὑπὲρ
2488 4707 2804 4780 Εὐφράτην
2837 4707 3043 4764 ἐθνῶν.
3080 4709 3178 4763 Uui
3233 4709 3493 4780 duntaxat

1934 4779 2107 4850 genti,
2135 4791 2453 4850 nouantem
2490 4779 2734 4850 pluribus
2759 4783 3040 4850 imperavit
3073 4779 3492 4850 Ahgarussf’uit

1934 4848 2076 4902 enim
2130 4849 2368 4902 Arabum
2430 4849 2682 4917 regulus;
2734 4865 2833 4903 nec
2883 4849 3148 4903 universis
3200 4848 3490 4910 Arabibus,

1933 4920 2026 4972 sed
2054 4919 2195 4989 parti
2229 4923 2483 4989 duntaxat
2513 4919 2748 4989 Arabum
2773 4917 3008 4989 praal‘uit.
3037 4919 3186 4975 Unde
3212 4917 3492 4989 φυλάρχης

1935 5003 2027 5063 seu
2057 4986 2331 5063 φύλαρχος
2359 4988 2601 5063 Ἀράβων
2633 4986 3094 5063 γοροιιιτηιιίρμε
3115 4986 3491 5063 Arabeserant

1933 5057 2116 5126 plures
2157 5057 2219 5112 in
2242 5057 2432 5114 't'ribus'
2458 5058 2696 5112 distincti
2728 5075 2741 5110 :
2771 5058 2995 5126 singulis
3034 5057 3212 5111 autem
3246 5058 3491 5110 tribubus

1903 5144 2064 5182 suus
2097 5129 2397 5196 imperabat
2423 5127 2773 5198 phylarchus.
2807 5126 3009 5181 Gentes
3048 5127 3348 5198 igiturrhoc
3374 5127 3492 5198 loco

1933 5199 2069 5253 dixit
2101 5199 2360 5252 Eusebius
2407 5197 2509 5266 pro
2553 5197 2707 5248 unica
2739 5207 2920 5266 gente.
2959 5197 3290 5267 ldquervidit
3327 5197 3489 5250 etiam

1933 5267 2180 5331 Ruﬁnus,
2211 5269 2300 5336 qui
2357 5269 2497 5322 hunc
2550 5267 2723 5321 locum
2771 5271 2840 5320 ita
2894 5266 3054 5322 vertit
3087 5266 3272 5324 :Undc
3318 5276 3367 5321 et
3401 5282 3489 5318 rex

1931 5340 2147 5407 quidam
2196 5339 2434 5407 Abgarus
2491 5336 2716 5396 nomine.
2770 5337 2940 5406 gentis
2974 5340 3116 5391 ultra
3166 5336 3488 5406 Euphratem

1939 5411 2123 5476 posita'
2145 5411 2494 5477 principatum
2528 5407 2771 5477 nobiliter
2799 5417 2998 5460 tenens.

1949 5485 1953 5494 '
2004 5479 2111 5549 (58)
2146 5475 2326 5549 ⁷Ὁμοῦ
2352 5495 2414 5530 τε
2437 5476 2963 5549 αὐτοῦᾼσωτηρίαν.
3015 5476 3068 5529 In
3093 5475 3366 5549 codicibus
3392 5491 3473 5530 no-

1933 5544 2060 5622 stris
2087 5544 2246 5614 .ilazl,
2281 5548 2416 5602 Med.
2447 5564 2508 5604 ac
2543 5547 2677 5606 Fuk.
2708 5544 2965 5619 scriptum
3005 5559 3086 5602 est
3112 5544 3277 5616 αὐτῷ.
