3966 6264
298 297 379 352 lii
1314 302 1659 360 HlSTORlIE
1700 305 2262 367 ECCLESIASTICJE
2304 310 2429 368 LIB.
2474 313 2512 367 l.

3434 320 3535 374 1‘22

294 416 426 488 αὑτῷ
456 417 769 491 ἐπληροῦτο
799 419 868 474 τὰ
898 422 996 494 τῆς
1031 422 1378 493 ἐπαγγελίας.
1416 427 1568 481 Μετὰ
1599 427 1728 496 γοῦν
1766 428 1846 500 τηε

1969 432 2199 489 liaribus
2224 434 2453 488 salutem
2490 432 2881 501 prmstiturum.
2918 430 3029 488 Nec
3076 434 3242 489 multo
3294 445 3414 505 post
3464 440 3531 491 ad

291 512 349 561 ἐκ
377 509 587 581 νεκρῶν
633 512 933 566 ἀνάστασιν
979 514 1072 567 καὶ
1110 515 1208 586 τὴν
1241 518 1319 580 είς
1372 518 1632 589 οὐρανοὺς
1678 521 1859 575 ἄνοδον

291 601 463 662 αὐτοῦ,
493 602 723 674 Θωμᾶς,
752 605 862 659 τῶν
893 606 1206 662 ἀποστόλων
1230 604 1310 674 εἷς
1342 610 1445 663 τῶν
1473 611 1696 677 δώδεκα,
1728 615 1862 669 eas.

287 697 422 750 δαῖον
473 696 585 768 (59)
622 700 683 752 ἐν
729 700 949 772 ἀριθμῷ
991 703 1083 755 καὶ
1134 704 1296 756 αὐτὸν
1339 705 1445 757 τῶν
1499 706 1860 779 ἐϐδομήκοντα

286 790 369 843 τοῦ
415 790 660 863 Χριστοῦ
690 792 948 864 μαθητῶν
978 795 1417 866 κατειλεγμένον,
1465 800 1677 869 κινήσει
1712 801 1861 856 θειο-

286 882 412 953 τέρα.
475 883 571 937 ἔπιε)⁵
604 886 705 956 τὴν
739 886 1008 939 Ἔδεσσαν
1059 887 1169 959 (60)
1201 890 1417 960 κήρυκα
1450 892 1543 945 καὶ
1578 894 1858 964 εὐαγγελι-

287 973 409 1043 στὴν
454 974 558 1044 τῆς
594 976 726 1047 περὶ
774 976 867 1030 τοῦ
918 979 1152 1050 Χριστοῦ
1181 981 1528 1048 διδασκαλίας
1561 986 1854 1058 ἐκπέμπει,

283 1067 455 1119 πάντα
488 1086 547 1122 τε
583 1069 649 1122 δι’
682 1069 846 1123 αὐτοῦ
883 1072 951 1125 τὰ
981 1073 1080 1144 τῆς
1116 1073 1208 1127 τοῦ
1237 1076 1489 1147 Σωτῆρος
1522 1082 1551 1149 ἡ
1563 1080 1675 1149 μῶν
1707 1082 1857 1148 τέλος

281 1157 585 1228 ἐλάμϐανεν
630 1162 985 1245 ἐπαγγελίας.
1031 1165 1216 1235 Ἔχεις
1256 1168 1349 1221 καὶ
1380 1168 1582 1225 τούτων
1618 1172 1858 1245 ἁνάγραυ-

278 1264 407 1301 πτον
446 1248 548 1318 τὴν
590 1236 917 1323 μέρτυρίαν,
952 1255 1015 1306 ἐκ
1043 1255 1151 1307 τῶν
1178 1257 1318 1310 κατὰ
1358 1258 1619 1313 Ἔδεσσαν
1648 1279 1859 1332 τοτηνι-

280 1338 451 1393 καῦτα
524 1340 949 1414 βασιλευομένην
1023 1344 1175 1399 πόλιν
1256 1352 1857 1421 γραμματοφυλακείων

278 1431 595 1502 ληφθεῖσαν.
650 1436 738 1489 Ἐν
767 1436 899 1505 γοῦν
932 1439 1044 1501 τοῖς
1077 1438 1263 1493 αὐτόθι
1289 1440 1567 1511 δημοσίοις
1608 1445 1854 1516 χάρταις,

276 1526 386 1586 τοῖς
410 1523 480 1577 τὰ
515 1526 721 1581 παλαιὰ
745 1529 840 1582 καὶ
861 1529 929 1583 τὰ
958 1531 1099 1600 ἀμφὶ
1125 1532 1215 1584 τὸν
1247 1533 1520 1605 Ἀγϐαρον
1548 1537 1855 1607 πραχθέντα

273 1618 611 1688 περιέχουσι,
646 1622 738 1677 καὶ
770 1622 940 1677 ταῦτα
972 1624 1139 1676 είσέτι
1173 1626 1268 1678 καὶ
1307 1625 1399 1679 νῦν
1431 1625 1489 1691 ἐξ
1515 1628 1721 1681 ἐκείνου
1755 1646 1853 1682 πε-

275 1709 597 1781 φυλαγμένα
636 1712 881 1783 εὓρηται.
924 1716 1088 1769 Οὐδὲν
1119 1716 1175 1769 δὲ
1219 1714 1329 1771 οἷον
1379 1720 1470 1772 καὶ
1512 1720 1691 1774 αὐτῶν
1721 1723 1848 1774 ἐπαο

272 1800 466 1855 κοῦσαι
507 1803 616 1856 τῶν
644 1782 962 1869 ἐπιστολῶν,
1006 1808 1114 1860 ἀπὸ
1154 1808 1264 1860 τῶν
1294 1809 1528 1881 ἀρχείων
1555 1813 1687 1883 ἡμῖν
1719 1814 1850 1867 ἀνα-
1884 1782 1926 1836 Β

273 1892 605 1963 ληφθεισῶν,
642 1898 736 1950 καὶ
763 1898 912 1954 τόνδε
960 1900 1145 1963 αὐτοῖς
1178 1902 1416 1972 ῥήμασιν
1448 1904 1513 1956 ἐκ
1539 1905 1638 1975 τῆς
1670 1905 1856 1977 Σύρων

271 1985 454 2054 φωνῆς
491 1987 936 2059 μεταϐληθεισῶν
966 1990 1059 2044 τὸν
1089 1991 1312 2063 τρόπον.

682 2080 1021 2171 ξίτιρ-,τοέιτῖς
1053 2085 1386 2171 γραφείσης
1417 2086 1536 2171 εἶνπύ
1576 2085 1853 2171 Ἀγϐᾴρςρ

338 2153 649 2217 τοπάρχου
677 2153 758 2215 τῷ
799 2153 1021 2217 Ἰησοῦ,
1051 2153 1146 2206 καὶ
1179 2156 1552 2223 πεμφθείσης
1579 2153 1754 2224 αὐτῷ
1778 2159 1852 2213 δι’

350 2218 595 2272 Ἀνανία
622 2220 996 2290 ταχυδρόμου
1025 2225 1114 2288 εἰς
1155 2223 1567 2295 Ἰεροσόλυμα.

254 2308 259 2313 ’
345 2328 365 2360 ι
422 2311 695 2383 Ἀγὸαρος
734 2313 1015 2386 τοπάρχης
1060 2315 1315 2389 Ἐδέσσης
1366 2316 1478 2388 (61)
1540 2318 1712 2389 Ἰησοῦ
1744 2321 1854 2373 Σω-

269 2399 401 2470 τῆρι
428 2401 621 2471 ἀγαθῷ
655 2401 982 2472 ὰναφανέντι
1017 2406 1075 2458 ἐν
1107 2406 1256 2477 τόπῳ
1307 2407 1695 2480 Ἰεροσολύμων
1734 2411 1852 2480 χαί-

268 2509 405 2562 ρειν.
446 2492 749 2545 Ἤκουσταί
781 2511 869 2563 μοι
899 2493 966 2547 τὰ
997 2497 1124 2566 περὶ
1160 2494 1253 2550 σοῦ
1284 2498 1376 2551 καὶ
1406 2498 1513 2550 τῶν
1544 2498 1651 2552 σῶν
1688 2498 1852 2570 ἰαμά-

266 2601 396 2647 των,
427 2583 507 2649 ὡς
545 2585 672 2638 ἄνευ
703 2584 1008 2656 φαρμάκων
1042 2588 1135 2641 καὶ
1169 2588 1408 2656 βοτανῶν
1438 2589 1543 2642 ὑπὸ
1579 2589 1672 2642 σοῦ
1703 2608 1850 2660 γινο-

268 2675 467 2745 μένων.
514 2678 602 2740 Ὠς
640 2677 748 2748 γὰρ
781 2678 957 2748 λόγος,
1006 2680 1240 2749 τυφλοὺς
1282 2681 1609 2735 ἀναϐλέπειν
1655 2686 1848 2747 ποιεῖς,

264 2768 476 2838 χωλοὺς
530 2775 870 2843 περιπατεῖν,
931 2774 1024 2826 καὶ
1076 2775 1309 2848 λεπροὺς
1366 2775 1701 2847 καθαρίζεις,
1759 2777 1851 2830 καὶ

263 2859 555 2931 ἀκάθαρτα
610 2861 895 2931 πνεύματα
953 2865 1047 2917 καὶ
1091 2865 1352 2936 δαίμονας
1407 2866 1710 2932 ἐκῦἁλλεις,
1758 2866 1852 2921 κα)⁵

262 2952 389 3015 τοὺς
425 2954 484 3004 ἐν
517 2955 853 3026 μακρονοσία
879 2954 1336 3027 βασανιζομένους
1365 2958 1689 3029 θεραπεύεις
1710 3000 1724 3022 ,
1760 2961 1851 3013 καὶ

262 3045 493 3115 νεκροὺς
520 3046 771 3115 ἐγειρεις.
791 3046 899 3099 Καὶ
923 3047 1094 3101 ταῦτα
1117 3049 1294 3102 πάντα
1313 3049 1553 3113 ἀκούσας
1579 3051 1709 3121 περὶ
1732 3052 1846 3117 σοῦ,

1963 521 2168 574 exitum
2210 522 2462 589 perducta
2496 532 2623 576 sunt
2666 537 3009 595 qumounque
3039 527 3087 579 ei
3138 526 3400 595 promissa
3443 525 3532 579 l‘n-

1966 620 2144 665 erant.
2178 611 2310 665 Nam
2348 622 2471 682 post
2499 617 2955 671 resurrectionem
2984 618 3184 672 Christi
3230 616 3339 687 32
3388 617 3533 687 ejus-

1962 717 2067 768 que
2096 703 2149 756 in
2188 704 2356 759 caelos
2392 720 2702 770 ascensum,
2741 707 2979 764 Thomas
3010 724 3151 763 unus
3177 725 3207 765 e
3244 709 3528 764 duodecim

1963 794 2254 863 apostolis,
2290 797 2476 853 divino
2520 801 2752 869 quodam
2789 800 2991 870 impetu
3026 802 3311 872 impulsus,
3354 801 3530 858 Thad-

1961 887 2137 942 dmum
2181 905 2347 943 unum
2402 907 2433 946 e
2483 895 2828 963 septuaginta
2879 893 3085 949 Christi
3141 896 3529 963 discipulorum

1965 994 2190 1034 numero
2226 979 2480 1037 Edessam
2516 984 2685 1051 misit,
2723 995 2782 1038 ut
2831 984 3034 1039 Christi
3084 987 3391 1041 doctrinam
3421 987 3529 1041 illis

1961 1073 2214 1141 gentibus
2245 1075 2522 1128 nuntiaret
2554 1092 2569 1141 ;
2598 1076 2825 1144 ejusque
2869 1092 3035 1146 opera
3079 1076 3387 1133 Servatoris
3433 1094 3531 1131 no-

1960 1166 2057 1220 stri
2096 1168 2362 1235 promissa
2392 1169 2596 1221 exitum
2636 1169 2834 1223 sortita
2888 1180 3039 1225 sunt.
3092 1170 3260 1241 Cujus
3312 1171 3526 1239 quidem

1962 1257 2036 1311 rei
2080 1258 2448 1312 testimonium
2504 1260 2766 1313 habemus
2795 1276 2858 1315 ex
2897 1262 3065 1330 ipsius
3097 1261 3316 1316 Edessa:
3345 1262 3395 1314 in
3423 1277 3528 1329 qua

1960 1356 2071 1403 tum
2104 1351 2366 1419 regnabat.
2411 1353 2680 1422 Agbarus,
2721 1354 3002 1409 tabulariis
3035 1354 3380 1423 desumptum
3409 1370 3421 1404 :
3448 1357 3524 1408 si-

1959 1444 2174 1512 quidem
2210 1445 2263 1499 in
2305 1448 2673 1500 monumentis
2703 1447 2956 1516 publicis,
2990 1447 3042 1500 in
3067 1445 3264 1516 quibus
3290 1446 3529 1515 antiqui-

1963 1546 2105 1591 tates
2132 1536 2284 1593 urbis
2314 1544 2369 1593 et
2402 1552 2493 1592 res
2540 1538 2740 1606 Λευειτί
2776 1549 2940 1610 gesta:
2987 1539 3357 1602 continentur,
3413 1538 3528 1591 haec

1957 1628 2121 1682 etiam
2152 1628 2217 1681 ad
2250 1637 2493 1683 nostram
2526 1644 2702 1699 usque
2733 1640 2947 1684 aetatem
2987 1639 3315 1684 conservata
3368 1643 3526 1696 repe-

1957 1720 2153 1774 rimus.
2182 1717 2373 1787 Operae
2403 1721 2639 1790 pretium
2690 1720 2858 1791 igitur
2888 1719 3056 1774 fuerit
3088 1721 3235 1790 ipsas
3268 1719 3528 1788 epistolas

1957 1813 2169 1875 audire,
2224 1825 2361 1881 quas
2412 1826 2483 1867 ex
2539 1812 2784 1868 archivis
2815 1812 3162 1882 depromptas
3196 1828 3226 1867 e
3254 1810 3527 1879 Syrorum

1955 1902 2139 1973 lingua
2179 1902 2414 1959 ﬁdeliter
2439 1904 2818 1959 transtulimus
2849 1904 2902 1957 in
2932 1904 3075 1958 hunc
3106 1905 3349 1958 modum.

1958 2080 2270 2151 Exemplum
2294 2084 2525 2155 epistola:
2549 2085 2757 2155 scripta:
2782 2101 2814 2136 a
2844 2101 2958 2155 rege
2981 2085 3189 2154 Agbaro
3228 2086 3297 2138 ad
3318 2083 3522 2149 Iesum,

2028 2162 2079 2205 et
2105 2157 2174 2206 ad
2196 2169 2313 2207 eum
2341 2154 2516 2207 missa:
2549 2154 2921 2223 Hierosolyma
2966 2172 3059 2224 per
3098 2157 3361 2209 Ananiam
3406 2173 3527 2209 cur—

2023 2239 2216 2277 sarem.

2033 2333 2054 2367 ι
2085 2317 2331 2386 Agbarus
2360 2317 2613 2386 princeps
2648 2316 2870 2371 Edessa:
2896 2316 3023 2372 Jesu
3065 2317 3344 2372 Servatori
3382 2319 3529 2373 bono

1955 2404 2045 2475 qui
2081 2406 2135 2460 in
2169 2405 2370 2461 ﬁnibus
2398 2404 2906 2476 Hierosolymorum
2952 2411 3225 2476 apparuit,
3270 2410 3522 2464 salutem.

1954 2495 2273 2551 Nuntiatum
2308 2505 2395 2551 est
2428 2496 2557 2551 mihi
2591 2496 2659 2550 de
2695 2505 2747 2549 te
2777 2505 2831 2550 et
2863 2496 2930 2550 de
2958 2498 3335 2552 curationibus
3390 2514 3526 2565 quas

1952 2591 2158 2661 absque
2206 2589 2390 2645 herbis
2435 2598 2489 2644 et
2537 2588 2954 2644 medicamentis
3021 2591 3291 2659 operaris.
3361 2590 3524 2646 Fama

1952 2685 2095 2737 enim
2126 2682 2399 2743 est,caacis
2430 2683 2624 2745 visum,
2681 2681 2892 2736 claudis
2921 2696 3165 2751 gressum
3203 2683 3299 2737 abs
3334 2693 3387 2737 te
3433 2699 3522 2737 re-

1952 2772 2125 2837 stitui,
2168 2772 2414 2842 leprosos
2458 2772 2730 2837 mundari,
2772 2772 3052 2826 daemonas
3105 2782 3161 2826 et
3211 2774 3526 2829 immundos

1951 2863 2176 2933 spiritus
2201 2864 2419 2934 expelli,
2450 2864 2720 2918 diuturnis
2744 2863 2950 2919 morbis
2996 2880 3285 2934 oppressos
3314 2868 3524 2931 sanari,

1953 2969 2195 3013 mortuos
2224 2959 2459 3028 denique
2487 2957 2763 3013 suscitari.
2796 2958 2931 3024 Quae
2966 2975 3087 3013 cum
3127 2960 3311 3014 omnia
3359 2960 3425 3014 de
3463 2970 3517 3013 te

1954 3052 2221 3114 audirem,
2263 3050 2341 3104 sic
2374 3050 2427 3102 in
2454 3049 2696 3102 animum
2746 3064 2925 3103 meum
2964 3049 3172 3114 induxi,
3223 3058 3318 3103 aut
3348 3059 3401 3103 te
3432 3065 3521 3104 re-

263 3139 407 3195 κατὰ
445 3138 569 3190 νοῦν
598 3139 798 3209 ἐθέμην
827 3139 887 3192 τὸ
914 3140 1097 3212 ἓτερον
1140 3141 1248 3194 τῶν
1276 3141 1397 3207 δύο,
1446 3144 1479 3213 ἢ
1516 3144 1596 3197 ὅτι
1631 3146 1694 3197 σὺ
1734 3138 1785 3196 εἷ
1818 3146 1846 3197 ὁ

1959 3157 2079 3197 vera
2119 3142 2287 3196 Deum
2318 3155 2460 3205 esse,
2494 3142 2586 3211 qui
2617 3156 2648 3195 e
2677 3140 2817 3195 cmlo
2844 3141 3097 3210 delapsus
3135 3142 3251 3195 hmc
3296 3139 3521 3206 eﬁicias,

263 3231 419 3297 Θεὸς,
457 3230 554 3285 καὶ
592 3230 836 3293 καταϐὰς
878 3232 985 3285 ἀπὸ
1026 3233 1118 3285 τοῦ
1164 3234 1396 3305 οὐρανοῦ
1446 3238 1617 3298 ποιεῖς
1650 3235 1844 3300 ταῦτα,

260 3321 294 3393 ἢ
332 3322 461 3386 Υἱὸς
493 3319 547 3375 εἴ
588 3322 679 3374 τοῦ
719 3322 852 3375 Θεοῦ
893 3322 1063 3375 ποιῶν
1106 3323 1297 3377 ταῦτα.
1331 3324 1429 3377 Διὰ
1470 3324 1625 3378 τοῦτο
1668 3326 1847 3379 τοίνυν

259 3413 483 3485 γράψας
516 3413 741 3484 ἐδεήθην
782 3430 874 3466 σου
907 3413 1167 3483 σκυλῆναι
1210 3416 1346 3487 πρὸς
1384 3416 1451 3487 μὲ
1487 3417 1620 3484 (6'2),
1656 3418 1749 3470 mi.
1786 3419 1847 3471 τὸ

262 3505 441 3568 πάθος
471 3505 501 3558 ὃ
541 3504 671 3575 ἔχω,
714 3503 1068 3576 θεραπεῦσαι.
1100 3507 1211 3561 Καὶ
1253 3509 1360 3579 γὰρ
1394 3508 1604 3579 ηκουσα
1645 3510 1725 3562 ὅτι
1755 3510 1847 3563 καὶ

274 3596 522 3650 Ἰουδαῖοι
553 3597 1023 3666 καταγογγύζουσί
1049 3616 1142 3651 σου
1170 3599 1263 3652 καὶ
1295 3598 1570 3670 βούλονται
1592 3602 1840 3655 κακῶσαί

263 3708 346 3744 σε.
394 3689 557 3753 Πόλις
606 3690 662 3743 δὲ
709 3690 1006 3763 μικροτάτη
1053 3692 1300 3762 μοι’ἐστι
1346 3692 1441 3747 καὶ
1481 3694 1672 3766 σεμνὴ,
1717 3695 1840 3766 ἥτις

261 3782 489 3853 ἐξαρκεῖ
520 3782 868 3854 ἀμφοτέροις.
906 3802 923 3833 ι

333 3875 449 3929 Καὶ
478 3874 653 3929 ταῦτα
686 3877 783 3945 μὲν
809 3873 980 3935 οὕτως
1026 3872 1229 3946 ἔγραψε
1266 3874 1396 3946 (65),
1431 3877 1532 3948 τῆς
1560 3877 1709 3943 θείας
1742 3879 1840 3933 αὗ-

261 3968 352 4021 τὺν
391 3967 530 4030 τέως
581 3968 773 4039 μικρὸν
818 3968 1136 4036 αὐγασάσης
1179 3967 1516 4039 ἐλλάμψεως.
1567 3970 1749 4036 ’Ἄξιον
1785 3971 1843 4026 δὲ

262 4061 357 4113 καὶ
398 4060 495 4131 τῆς
532 4060 670 4131 πρὸς
697 4060 792 4113 τοῦ
838 4058 1011 4131 Ἰησοῦ
1046 4058 1195 4129 αὑτῷ
1227 4059 1315 4113 διὰ
1347 4058 1438 4113 τοῦ
1466 4059 1629 4113 αὑτοῦ
1657 4077 1838 4131 γραμ-

267 4152 670 4223 ματοκομιστοῦ
715 4151 1114 4223 ἀποσταλείσης
1155 4151 1479 4217 ἐπακοῦσαι,
1507 4152 1836 4225 ὁλιγοστίχου

1950 3243 2040 3288 aut
2065 3243 2215 3288 certe
2251 3232 2344 3287 Dei
2371 3232 2594 3288 Filium.
2645 3232 2882 3287 Proinde
2909 3234 2975 3287 ad
3010 3242 3061 3287 te
3087 3232 3302 3302 scripsi,
3353 3248 3523 3288 orans

1949 3334 2007 3379 ut
2041 3340 2139 3380 nos
2176 3324 2434 3390 invisere,
2488 3324 2848 3393 morbumque
2902 3333 3148 3378 nostrum
3179 3339 3378 3379 sanare
3414 3339 3521 3379 non

1947 3417 2212 3488 graveris.
2240 3416 2415 3471 Audio
2443 3416 2587 3471 enim
2614 3413 2831 3470 Iudaeos
2857 3414 2954 3469 tibi
2987 3417 3321 3482 obtrectare,
3351 3426 3406 3470 et
3436 3415 3521 3469 in-

1949 3507 2115 3562 sidias
2142 3508 2198 3563 in
2227 3490 2558 3576 caputtuuni
2579 3516 2813 3563 struere.
2839 3508 2936 3563 Est
2965 3508 3099 3562 mihi
3129 3509 3519 3578 civitas,parva

1949 3598 2166 3666 quidem
2201 3597 2313 3664 illa,
2348 3600 2445 3656 sed
2474 3608 2695 3665 ornata,
2726 3613 2847 3668 quae
2881 3609 3126 3655 nostrum
3158 3601 3374 3671 utrique
3401 3599 3521 3655 sul-

1948 3690 2114 3745 ﬁcial.
2145 3708 2165 3743 ι

2019 3874 2087 3929 Ει
2115 3875 2230 3931 haec
2261 3860 2481 3944 quidem
2518 3876 2589 3929 ita
2628 3873 3145 3945 scripsitAgbarus,
3191 3889 3315 3929 cum
3355 3872 3522 3929 divini

1949 3964 2170 4020 luminis
2197 3965 2385 4020 radius
2419 3979 2543 4018 eum
2574 3965 2786 4020 modice
2812 3972 2921 4018 tum
2954 3964 3173 4032 quidem
3206 3964 3522 4020 collustras-

1947 4066 2049 4112 set.
2092 4055 2245 4111 Nunc
2270 4056 2557 4127 epistolam
2605 4070 2767 4125 quam
2813 4055 2863 4109 ei
2909 4052 3069 4109 Jesus
3115 4070 3215 4124 per
3263 4054 3513 4111 eumdem

1950 4149 2294 4204 tabellarium
2341 4149 2665 4220 rescripsit,
2722 4151 3048 4217 audiamus,
3093 4151 3314 4205 brevem
3368 4148 3522 4204 illam

335 4416 459 4492 (59)_
487 4414 779 4492 Θιξδδαῖον
827 4424 981 4471 antea
1033 4415 1236 4470 editum
1288 4423 1409 4470 erat
1446 4416 1702 4492 Θαδδαῖον
1727 4414 1843 4492 Δτὸν

1959 4413 2121 4492 theca;
2156 4413 2336 4492 Regia:
2358 4412 2535 4492 habet
2562 4411 2853 4492 Erro/fame.
2877 4412 3204 4492 Bongarsius
3240 4412 3291 4465 id
3324 4428 3518 4492 nomen

264 4483 512 4555 ἀδελφόν.
547 4486 693 4540 Duas
724 4494 1025 4553 postremas
1050 4501 1211 4556 voces
1241 4489 1622 4556 expunximus,
1650 4487 1848 4556 quippe
1878 4483 1914 4491 ⁷
1953 4484 2144 4556 matris
2174 4483 2372 4556 Abgari
2402 4497 2524 4556 esse
2550 4483 2905 4556 existimavit,
2929 4485 3020 4556 cui
3066 4497 3170 4535 non
3224 4483 3515 4556 assentior.

265 4573 387 4625 qua:
442 4572 542 4610 nec
579 4556 633 4609 in
668 4556 886 4622 optimis
913 4555 1324 4624 exemplaribus
1342 4558 1476 4626 Reg.
1522 4557 1663 4611 Maz.
1702 4555 1842 4611 Fuk.

265 4638 320 4680 et
370 4627 561 4692 Savil.,
594 4642 704 4697 nec
734 4627 786 4679 in
844 4627 1290 4697 interpretatione
1342 4626 1523 4681 Ruﬁni
1574 4628 1845 4697 legantur.

266 4697 427 4767 Solus
454 4701 625 4750 codex
660 4696 800 4767 Med.
851 4712 943 4751 eas
969 4696 1158 4761 habet,
1190 4698 1374 4767 nescio
1428 4698 1569 4750 unde
1627 4699 1842 4767 petitas.

266 4766 452 4835 Neque
479 4768 625 4820 enim
654 4765 818 4836 iullihi
877 4767 1018 4836 quod
1067 4767 1238 4819 sciam
1279 4766 1473 4821 lectum
1516 4765 1637 4831 est,’
1663 4766 1845 4821 Thad-

266 4838 439 4905 dmum
474 4838 618 4889 hunc
646 4835 871 4890 fratrem
899 4835 1082 4891 luisse
1110 4836 1333 4905 apostoli
1363 4836 1603 4892 Thomaa.

339 4904 450 4973 (60)
478 4905 598 4973 Τὴν
634 4905 1163 4961 Ἕδεσσαν..Νοειι·ἰ
1195 4907 1411 4961 codices
1444 4905 1579 4960 Maz.
1607 4921 1670 4959 ac
1700 4905 1840 4960 Med.

269 4992 391 5046 cum
427 4975 565 5031 Fuk.
584 4991 648 5029 ac
677 4975 845 5030 Savil.
875 4975 1474 5046 scriptumrhabentem
1497 4976 1566 5029 τὰ
1586 4976 1837 5031 Ἔδεσσα.

340 5045 524 5116 (61)Ἀ
533 5048 741 5115 τϐαρος
754 5045 1055 5117 τοπάρχαις
1068 5045 1441 5115 Ἐδέσσης.1η
1465 5047 1705 5117 margine
1725 5048 1841 5102 edi-

272 5117 432 5189 tionis
460 5118 794 5189 Genevepsis
820 5130 953 5189 post
972 5132 1155 5189 vocem
1197 5117 1470 5189 ’ᾼγϐαρος
1497 5118 1731 5189 ascripta
1758 5126 1840 5189 est

272 5188 383 5240 haec
408 5187 564 5241 lectio
582 5201 648 5257 ex
678 5185 957 5257 Bongarsii
982 5187 1139 5252 libro,
1166 5185 1438 5257 Οὐχανίης
1457 5186 1590 5250 υἱός.
1623 5186 1699 5241 Ne
1716 5187 1837 5255 quis

268 5266 450 5311 autem
506 5256 815 5323 suspicetur
862 5258 1004 5312 banc
1048 5256 1335 5312 lectionem
1385 5273 1416 5312 e
1470 5257 1838 5326 manuscripto

269 5326 564 5396 exemplari
625 5328 965 5395 desumptam
996 5341 1140 5394 esse,
1176 5331 1480 5382 monendus
1530 5336 1614 5381 est
1663 5329 1837 5382 lector

267 5393 404 5450 hanc
430 5393 556 5466 esse
587 5393 955 5466 conjecturam
999 5393 1306 5464 Bongarsii,
1345 5398 1436 5465 qui
1474 5413 1535 5452 ex
1566 5398 1834 5466 interpre-

268 5468 469 5519 talione
505 5465 696 5519 Ruﬁni
721 5466 773 5518 id
812 5469 1087 5521 hauserat.
1116 5466 1252 5521 Nam
1286 5468 1514 5521 Ruﬁnus
1564 5465 1721 5522 hunc?
1748 5467 1832 5522 lo—

270 5551 388 5607 cum
413 5537 484 5607 ita
505 5537 672 5589 vertit
696 5534 967 5607 ;Abgarus
996 5534 1246 5607 Vohant'w
1261 5538 1406 5605 ﬁlius
1427 5541 1707 5607 toparcha,
1725 5548 1831 5591 etc.

276 5605 331 5676 Et
360 5606 588 5676 vulgata:
616 5606 835 5673 quidem
866 5607 1129 5662 editiones
1161 5606 1341 5661 Rutini
1392 5605 1493 5661 sici
1516 5608 1828 5676 prmferunt.

274 5675 374 5726 Sed
417 5677 470 5728 in
521 5677 1127 5732 vetustissimo.codice
1184 5675 1525 5732 Parisiensis
1554 5677 1829 5742 Ecclesia),

275 5746 533 5817 scriptum
582 5756 667 5801 est
729 5744 955 5800 Voltame
986 5746 1156 5814 ﬁlius.
1191 5746 1369 5803 Codex
1404 5758 1583 5804 autem
1636 5748 1830 5803 biblio-

1949 4551 2285 4609 Crediderim
2313 4552 2494 4621 potius
2518 4554 2687 4621 patris
2717 4551 3037 4605 vocabulum
3070 4567 3208 4617 esse,
3232 4552 3520 4621 quodWRu-

1953 4624 2091 4678 ﬁnus
2116 4638 2183 4679 ex
2211 4620 2532 4693 quibusdam
2554 4622 2702 4693 libris
2730 4623 3053 4692 apocryphis
3080 4622 3358 4675 hauserat.
3381 4620 3514 4676 Ver-

1949 4695 2167 4748 tendum
2205 4692 2383 4762 itaque
2412 4692 2507 4745 fuit
2536 4692 2810 4762 Οὐχάμου.

2021 4763 2128 4835 (62)
2155 4761 2461 4830 Σκυλῆναι
2494 4762 2641 4829 πρὸς
2655 4761 2751 4835 μέ.
2781 4762 2845 4835 In
2869 4761 3070 4835 Menaeo
3096 4761 3411 4835 Graecorum
3443 4761 3511 4835 ad

1945 4832 2090 4889 diem
2111 4832 2209 4888 xw
2243 4834 2448 4887 mensis
2474 4834 2728 4901 Augusti,
2765 4833 2850 4887 ubi
2886 4839 2994 4885 tota
3019 4832 3133 4885 haac
3170 4832 3413 4885 narratio
3446 4832 3515 4885 de

1942 4907 2158 4973 Abgaro
2182 4902 2436 4973 habetur,
2459 4904 2549 4973 ita
2572 4903 2768 4973 legitur
2803 4903 2891 4957 hic
2917 4902 3091 4964 locus,
3109 4901 3383 4973 Acxulﬁvat
3404 4901 3509 4973 Δκαὶ

1943 4970 2117 5028 ἐλθεῖν
2152 4974 2288 5046 πρὸς
2325 4970 2727 5046 μέηδείινηῐὴῌΔ
2754 4988 2889 5042 ορυε
2920 4982 3003 5027 est
3030 4970 3336 5039 hujusmddi
3365 4971 3513 5039 glos-

1941 5055 2167 5110 semate,
2194 5043 2315 5098 cum
2341 5044 2474 5096 satis
2502 5043 2878 5097 subaudiatur.

2013 5115 2122 5187 (65)
2145 5115 2255 5168 Καὶ
2294 5114 2481 5187 ταῦτα
2518 5111 2637 5187 μὲν
2693 5114 2886 5187 οὕτως
2928 5112 3175 5187 ἔγραψε.
3216 5111 3348 5187 Tota
3402 5112 3515 5166 haec

1940 5182 2192 5256 pericope
2223 5200 2395 5253 usque
2421 5186 2487 5237 ad
2516 5184 2901 5256 illaverbaﬁdt
2931 5182 3355 5256 ἀντιγραφέντα,
3379 5193 3512 5246 etc.,

1941 5252 2094 5311 abest
2124 5252 2152 5309 ἐι
2184 5252 2384 5309 nostris
2439 5254 2744 5319 codicibus,
2784 5252 2919 5308 Maz.
2957 5252 3189 5318 scilicet,
3238 5252 3380 5307 Med.
3440 5269 3507 5307 ac

1936 5324 2098 5391 Fuk.,
2157 5341 2257 5379 nec
2309 5324 2537 5380 habetur
2577 5325 2629 5378 in
2683 5325 3135 5394 interpretatione
3190 5321 3396 5377 Ruﬁni.
3433 5323 3511 5378 Ac

1938 5397 2168 5451 libenter
2200 5395 2451 5463 equidem
2501 5410 2562 5448 ea
2613 5394 2776 5449 verba
2830 5395 3252 5464 expunxissem,
3314 5396 3511 5463 quippe

1936 5480 2058 5519 cum
2095 5465 2402 5535 Eusebiana
2458 5480 2563 5535 non
2606 5480 2727 5520 esse
2777 5481 2875 5535 pro
2926 5474 3077 5519 certo
3117 5464 3511 5535 habeamused

1936 5537 2195 5603 quoniam
2234 5535 2287 5589 in
2336 5533 2507 5601 Regio
2565 5535 2759 5590 codice
2779 5532 2853 5587 et
2884 5536 2950 5588 ad
3009 5533 3309 5602 marginem
3365 5532 3505 5587 Med.

1933 5606 2258 5676 exemplaris
2316 5604 2589 5676 leguntur,
2637 5605 2690 5659 in
2752 5616 2938 5661 nostra
2994 5620 3208 5674 quoque
3269 5603 3509 5659 editione

1934 5674 2209 5732 retinenda
2244 5689 2359 5731 esse
2389 5674 2539 5729 duxi.
