3966 6264
407 280 509 334 123

1087 276 1357 331 unseen
1394 276 1874 345 CESARIENSIS
1909 277 1970 334 οι

2102 277 2284 334 PARS
2324 278 2360 332 Ι.
2399 309 2471 318 -
2510 276 2899 334 lilSTORlCA.

3535 276 3634 329 lii

400 397 645 466 quidem,
702 397 797 451 scd
848 396 1064 451 virtutis
1118 406 1173 450 et
1230 395 1486 451 efﬁcacia:
1534 395 1903 465 plenissimam
1950 413 1965 463 ;

2074 393 2190 464 μὲν,
2225 395 2595 466 πολυδυνάμου
2627 395 2683 449 δὲ
2715 394 3022 463 ἐπιστολῆς,
3054 394 3239 448 τοῦτον
3272 391 3501 465 ἐχούσης
3542 396 3636 448 καὶ

400 504 520 555 quae
558 490 638 544 sic
675 488 857 542 habet.

402 581 739 653 Rescriptum
773 580 902 635 Jesu
942 579 1012 632 ad
1049 579 1315 647 Agbarum
1360 578 1549 651 Regem
1586 596 1680 650 per
1705 579 1968 634 Ananiam

1043 667 1105 702 Cll
1115 665 1331 703 rsorem.

478 763 497 794 ε
534 742 736 798 Beatus
762 758 840 807 es,
872 742 1106 811 Aghare,
1134 741 1223 810 qui
1259 741 1311 794 in
1352 755 1439 796 me
1477 740 1779 797 credideris
1807 756 1966 809 quem

404 850 512 888 non
548 833 766 896 vidisti._
792 832 868 886 De
895 846 979 885 me
1008 831 1154 884 enim
1196 831 1460 900 scriptum
1487 841 1594 898 est,
1633 846 1728 887 eos
1759 831 1850 900 qui
1884 845 1969 885 me

402 924 662 989 viderint,
693 937 800 976 non
833 921 1137 974 credituros
1173 918 1226 973 in
1259 932 1365 986 me,
1407 928 1467 974 ut
1506 921 1539 975 ii
1565 919 1654 989 qui
1690 935 1794 974 non
1821 917 1970 973 vide-

405 1018 535 1079 rint,
574 1015 863 1069 credentes
891 1012 997 1083 33
1031 1012 1194 1064 vitam
1228 1011 1520 1080 accipiant.
1550 1011 1703 1078 Quod
1738 1025 1865 1064 vero
1901 1009 1968 1062 ad

403 1118 495 1158 me
519 1103 715 1157 scribis
742 1111 802 1155 ut
834 1102 900 1155 ad
932 1112 981 1154 te
1020 1099 1362 1169 proﬁciscar,
1391 1100 1478 1155 hic
1519 1114 1741 1154 necesse
1788 1098 1962 1153 habeo

401 1196 584 1248 omnia
621 1193 842 1262 implere
872 1200 1090 1261 propter
1118 1206 1239 1261 quae
1263 1206 1380 1245 sum
1417 1191 1636 1256 missus,
1675 1190 1848 1258 iisque
1872 1190 1968 1244 de-

403 1300 549 1338 mum
580 1284 861 1349 absolutis,
886 1284 951 1337 ad
984 1282 1131 1336 illum
1163 1281 1252 1351 qui
1280 1296 1365 1336 me
1396 1281 1562 1345 misit,
1601 1280 1818 1335 reverti.
1854 1281 1966 1335 Ca2-

403 1386 581 1430 terum
611 1391 734 1430 cum
758 1374 988 1443 primum
1030 1373 1096 1426 ad
1123 1387 1244 1427 cum
1272 1387 1357 1426 me
1389 1386 1670 1439 recepero,
1700 1387 1765 1427 ex
1800 1371 1972 1425 disci~

401 1465 547 1535 pulis
590 1465 727 1518 meis
762 1464 993 1531 aliquem
1029 1464 1097 1516 ad
1128 1472 1181 1517 te
1213 1464 1447 1525 mittam,
1489 1464 1582 1532 qui
1632 1472 1686 1517 et
1718 1465 1968 1518 morbum

404 1567 554 1609 tuum
602 1564 776 1618 curet,
829 1565 903 1608 et-
934 1554 1100 1607 vitam
1151 1551 1247 1607 tibi
1303 1555 1516 1622 tuisque
1548 1552 1801 1609 omnibus
1827 1569 1969 1624 prae-

403 1657 531 1704 stet.
572 1666 590 1696 ι

476 1740 573 1794 His
599 1739 839 1810 epistolis
905 1740 1021 1794 haec
1078 1738 1242 1793 etiam
1272 1737 1499 1809 Syriaco
1524 1753 1776 1794 sermone
1813 1748 1970 1795 erant
1998 1775 2041 1831 Β

403 1830 681 1899 adjuncta:
701 1862 769 1872 —-
801 1829 931 1886 Post
971 1845 1255 1885 ascensum
1282 1827 1405 1883 Jesu
1436 1828 1658 1898 Christi,
1684 1829 1850 1885 ludas
1876 1831 1969 1900 qui

401 1924 567 1979 etiam
595 1920 834 1978 Thomas
874 1922 1052 1976 dictus
1090 1932 1196 1988 est,
1255 1921 1591 1978 Thaddteum
1641 1921 1976 1990 apostolum,

400 2032 567 2071 unum
612 2030 643 2070 e
688 2015 1057 2086 septuaginta,
1084 2015 1150 2067 ad
1188 2015 1468 2085 Agbarnm
1507 2015 1676 2069 misit.
1713 2014 1813 2081 Qui
1844 2030 1966 2069 cum

400 2106 530 2162 illuc
555 2105 886 2167 advenisset,
923 2108 1066 2173 apud
1095 2103 1322 2159 Tobiam
1354 2104 1539 2159 Tobiae
1582 2103 1753 2158 lilium
1783 2105 1969 2158 diver-

402 2198 493 2252 tit.
525 2196 815 2267 Postquam
845 2212 974 2251 vero
1005 2194 1146 2250 fama
1180 2198 1244 2251 de
1277 2195 1395 2266 ejus
1424 2196 1655 2250 adventu
1691 2205 1744 2251 et
1773 2195 1842 2251 de
1867 2196 1969 2250 mi-

402 2280 602 2344 raculis
630 2306 749 2359 quae
785 2291 852 2345 ab
888 2291 1004 2359 ipso
1035 2290 1338 2345 edebantur
1390 2289 1797 2345 increbrescere
1843 2303 1961 2346 ete-

399 2379 500 2449 pit,
532 2381 835 2435 nuntiatum
868 2392 954 2437 est
979 2383 1194 2453 Agbaro
1225 2381 1515 2436 advenisse
1566 2380 1696 2436 illuc
1742 2390 1964 2451 aposto-

400 2469 510 2525 lum
536 2469 688 2537 Jesu,
719 2473 862 2526 sicut
893 2487 991 2542 per
1025 2472 1234 2527 litteras
1259 2473 1604 2541 promiserat.
1655 2472 1838 2541 Coepit
1863 2473 1963 2542 igi-

398 2571 491 2617 tur
526 2560 829 2617 Thaddaeus
882 2564 1100 2618 morbos
1145 2564 1418 2633 quoslibet
1458 2573 1512 2617 et
1558 2563 1847 2633 languores
1877 2565 1962 2617 di-

398 2654 523 2721 vipa
550 2655 752 2710 virtute
772 2670 985 2720 sanare,
1017 2656 1150 2710 adeo
1183 2665 1241 2710 ut
1270 2656 1452 2710 cuncti
1484 2654 1846 2711 admiratione
1870 2670 1963 2710 ca-

473 2830 584 2903 (64)
612 2833 946 2903 Γέγραπται
966 2833 1077 2903 γὰρ
1100 2834 1233 2903 περὶ
1255 2833 1420 2903 ἐμοῦ.
1442 2825 1672 2890 Ιῆἠηιηη
1709 2836 1820 2892 haec
1843 2836 1977 2890 scri-

402 2913 492 2972 pta
528 2905 661 2965 sint,
693 2906 743 2956 in
781 2918 889 2971 quo
922 2905 1137 2959 Veteris
1191 2904 1539 2958 lnstrumenti
1596 2904 1734 2967 loco,
1799 2906 1977 2961 adhuc

404 2988 609 3044 qumro.
655 2974 710 3026 ln
761 2973 987 3026 Joannis
1015 2975 1229 3040 quidem
1263 2974 1554 3044 Evangelio
1588 2976 1847 3044 scriptum
1878 2977 1976 3029 ha-

402 3041 581 3105 betur,
619 3044 900 3096 Dominum
951 3055 1194 3097 nostrum
1249 3055 1367 3110 post
1413 3041 1861 3099 resurrectionem
1894 3047 1976 3098 di-

401 3114 553 3167 xisse
580 3112 801 3183 Thomas
834 3130 846 3164 :
876 3115 1029 3183 Beati
1066 3115 1157 3183 qui
1206 3131 1308 3167 non
1357 3115 1602 3183 viderunt
1647 3121 1698 3168 et
1739 3115 1975 3168 credide-

402 3193 550 3254 rant.
584 3182 691 3235 Sed
732 3184 845 3237 haec
877 3180 1101 3251 epistola
1134 3183 1331 3238 Christi
1367 3187 1433 3237 ad
1464 3182 1739 3254 Agbarum
1768 3200 1972 3254 regem,

404 3253 447 3323 s_i
475 3255 709 3323 quidem_
738 3266 865 3306 vera
920 3263 1023 3317 est,
1070 3254 1504 3323 ohjurgationem
1549 3252 1695 3307 illam
1744 3252 1975 3322 apostoli

403 3321 625 3376 Thema:
663 3321 869 3391 aliquot
897 3324 1054 3378 annis
1091 3321 1408 3379 antecessit.
1465 3322 1521 3377 In
1580 3338 1701 3390 cap.
1736 3321 1790 3378 vi
1824 3325 1975 3380 Isaia:

404 3392 558 3464 locus
591 3404 675 3446 est
708 3394 832 3446 huic
862 3392 1019 3464 plane
1060 3394 1279 3464 similis,
1308 3395 1373 3448 ad
1407 3409 1566 3464 quem
1609 3393 1862 3450 allusisse
1891 3396 1975 3450 vi-

407 3462 574 3532 detur
599 3474 791 3532 auctor
824 3463 985 3530 hujus
1011 3463 1274 3532 epistolre.

477 3530 586 3603 (65)
604 3531 821 3598 Ἰούδας
853 3535 886 3586 ό
918 3532 1018 3589 καὶ
1046 3530 1289 3603 Θωμᾶς.
1312 3531 1579 3604 (Thomas,
1609 3533 1852 3602 quidem,
1883 3535 1973 3604 qui

406 3602 510 3673 fuit
552 3602 688 3656 anus
730 3619 795 3656 ex
848 3604 1152 3667 duodecim,
1185 3603 1467 3657 dicebatur
1526 3603 1784 3673 Didymus
1832 3602 1970 3659 teste

404 3671 619 3744 Joanne
635 3673 986 3744 evangelista,
1020 3675 1111 3728 sed
1138 3675 1382 3726 eumdem
1406 3673 1599 3727 Judam
1628 3671 1748 3727 esse
1776 3689 1975 3744 cogno-

408 3743 690 3804 minatum,
729 3742 854 3795 alibi
892 3744 1033 3810 quod
1089 3745 1258 3797 sciam
1305 3758 1410 3797 non
1471 3744 1756 3811 reperitur.
1790 3742 1976 3813 Itaque

406 3822 462 3863 et
490 3813 595 3866 hoc
629 3813 844 3866 nomine
874 3814 1118 3868 narratio
1149 3814 1248 3867 ista
1287 3814 1480 3881 merito
1522 3814 1574 3865 in
1611 3813 1972 3881 suspicionem

405 3884 575 3935 venit.
606 3881 716 3937 Nisi
753 3881 887 3935 forte
928 3882 1072 3937 hunc
1100 3898 1342 3937 errorem
1392 3878 1609 3936 Eusebii
1662 3878 1784 3936 esse
1818 3884 1971 3937 dica-

405 3967 547 4015 mus,
579 3953 668 4019 qui
722 3952 944 4013 Thema:
987 3962 1397 4022 cognomentum
1456 3954 1781 4022 attribuerit,
1830 3954 1972 4021 quod

406 4023 749 4076 tribuendum
798 4034 919 4077 erat
968 4021 1256 4077 Thaddtco.
1295 4023 1453 4091 Certe
1506 4021 1812 4091 Thaddazus
1844 4038 1974 4091 apo-

407 4093 582 4147 stolus
606 4093 714 4165 alio
743 4094 1164 4165 nomingdietus
1196 4102 1278 4145 est
1305 4090 1495 4165 Judas.
1529 4090 1972 4165 Hieronyinusin

406 4179 521 4227 cap.
560 4179 591 4216 Χ
630 4162 899 4215 ΜαιιΙιίεὶε
930 4161 1253 4215 Tliaddarum
1279 4163 1591 4227 apostolum.
1622 4161 1972 4215 ecclesiastica

407 4233 570 4284 tradit
608 4233 832 4284 historia
866 4232 1083 4284 missum
1130 4231 1385 4284 Edessam
1431 4232 1499 4284 ad
1555 4232 1857 4299 Abagarum
1888 4249 1972 4285 re-

408 4320 521 4371 gem
550 4302 858 4371 Chosideme
891 4302 1088 4371 (scribe
1136 4300 1601 4371 Cttosdroenteivel
1637 4304 1776 4371 quod
1828 4304 1969 4371 idem

407 4370 493 4426 est
530 4370 857 4443 Osdroenae),
886 4370 1066 4443 quiab
1102 4371 1442 4443 Eva_ngelista
1487 4370 1630 4427 Luca
1663 4370 1835 4443 .ludas
1863 4370 1966 4425 Ja-

405 4442 523 4496 cobi
549 4456 566 4495 :
600 4450 649 4495 et
678 4428 1141 4511 alibi'appellatur
1195 4428 1430 4507 ιέυωυε,
1464 4443 1627 4511 quod
1654 4441 1967 4511 interpreta-
1998 4428 2043 4482 D

406 4523 496 4565 tur
524 4512 831 4567 Corculum.
851 4508 1283 4581 Credendumque
1303 4521 1377 4563 est
1408 4508 1525 4564 eum
1553 4510 1712 4581 fuisse
1740 4510 1969 4581 τριώνυ-

411 4600 530 4654 μον.
562 4581 1002 4654 ldrmscrliitur
1030 4582 1093 4654 in
1116 4580 1419 4654 Mennlogio
1448 4583 1513 4654 ad
1545 4580 1682 4654 diem
1712 4580 1962 4654 19’Junii.

479 4653 587 4722 (66)
621 4650 912 4705 Θαδδαῖον
929 4650 1036 4703 τὸν
1064 4648 1425 4704 ἀπόστολον.
1448 4648 1644 4722 ῌεεοίο
1693 4668 1789 4706 cur
1824 4652 1968 4722 pille-

406 4719 665 4794 ronynius
699 4725 751 4777 in
786 4725 903 4775 loco
942 4726 1188 4794 superius
1234 4723 1414 4787 allato,
1447 4719 1773 4794 Thaddagum
1822 4720 1967 4777 hunc

406 4788 562 4864 qni'a
595 4793 797 4845 Τιμηιιει
839 4793 1081 4859 apostolo
1115 4793 1333 4864 missus
1358 4801 1443 4845 est
1472 4792 1556 4864 ad
1581 4788 1850 4864 Aglmrum
1884 4807 1966 4844 re-

444 4880 552 4926 em,
582 4878 744 4913 unum
774 4878 837 4914 ex
870 4878 942 4914 xu
974 4862 1233 4928 apostolis
1263 4862 1430 4914 fuisse
1456 4860 1607 4913 dicit.
1635 4860 1766 4913 Nam
1801 4860 1965 4916 Euse-

444 4882 552 4926 Clll,
582 4882 744 4913 lllllllll
774 4882 837 4914 ex
870 4882 942 4914 XII
974 4882 1233 4928 :IpOSlUllS
1263 4882 1430 4914 luisse
1456 4882 1607 4913 υιυιι.
1635 4882 1766 4913 nulli
1801 4882 1964 4916 buse-

406 4882 529 4988 gius
562 4949 627 4985 ex
658 4948 764 5000 quo
796 4934 1157 5001 Hieronymus
1190 4946 1308 4984 eam
1352 4931 1716 5001 narrationem
1753 4941 1964 5001 mutua-

408 5015 496 5057 tus
542 5013 642 5063 est,
680 4999 800 5052 tum
848 5002 958 5063 hic,
1004 4999 1116 5053 tum
1151 5002 1201 5053 in
1239 5000 1500 5068 superiori
1549 4999 1724 5068 capite
1763 5000 1965 5056 diserte

408 5074 618 5127 scribit,
650 5070 972 5124 Tltaddazum
1005 5087 1171 5122 unum
1203 5070 1370 5123 fuisse
1417 5085 1447 5124 e
1483 5084 1589 5122 Lxx
1636 5068 1844 5122 Domini
1877 5071 1963 5123 di-

411 5144 655 5209 scipulis.
707 5142 849 5192 Idem
903 5141 1098 5206 repetit
1142 5141 1407 5194 Eusebius
1442 5141 1493 5192 in
1527 5139 1622 5191 lib.
1663 5155 1698 5192 ιι
1734 5143 1833 5193 sub
1862 5141 1965 5194 ini-

409 5216 568 5266 tium.
601 5211 752 5262 llunc
782 5209 845 5260 Β.
878 5210 1190 5277 Hieronymi
1219 5226 1457 5266 errorem
1480 5212 1592 5279 jam
1631 5210 1827 5262 dudum
1868 5227 1965 5264 no-

410 5284 540 5337 tavit
571 5281 710 5333 Bcda
746 5282 796 5333 in
834 5297 952 5346 cap.
984 5282 1007 5334 1
1069 5279 1301 5333 lietract.
1335 5282 1391 5333 in
1446 5285 1561 5334 Act.
1609 5289 1778 5347 apost.
1813 5281 1963 5350 Apo-

406 5353 573 5404 stolus
602 5351 816 5417 quidem
853 5352 1050 5418 passim
1093 5352 1403 5403 nominatur
1436 5352 1501 5404 in.
1525 5353 1627 5404 hoc.
1667 5350 1966 5405 Edessena-

406 5438 524 5475 rum
552 5432 900 5474 monumento
931 5422 1072 5489 quod
1103 5419 1269 5472 refert
1289 5421 1576 5476 Eusebius.
1603 5421 1706 5473 Sed
1736 5423 1963 5488 apostoli

407 5506 602 5545 nomen
651 5492 737 5545 hic
791 5492 952 5544 latius
1009 5491 1261 5553 sumitur,
1298 5506 1363 5546 eo
1407 5507 1557 5545 more
1587 5506 1694 5562 quo
1733 5494 1963 5562 singula:

405 5573 595 5629 gentes
646 5571 702 5615 et
748 5563 908 5615 urbes
942 5575 1038 5615 eos
1086 5561 1116 5612 a
1165 5562 1364 5628 quibus
1410 5561 1685 5630 Evangelii
1731 5566 1961 5629 primum

402 5632 689 5686 veritatem
737 5640 1082 5700 acceperant,
1123 5634 1403 5699 apostolos
1444 5631 1815 5688 nominabant.
1853 5632 1963 5688 Ne-

404 5717 509 5770 que
539 5703 683 5758 cnim
728 5703 858 5758 solis
903 5702 1187 5757 duodecim
1218 5702 1319 5757 boc
1352 5700 1577 5757 inditunt
1616 5711 1695 5757 est
1726 5711 1961 5760 vocaliu-

2071 484 2243 555 αὐτῆς
2268 485 2359 538 τὸν
2386 486 2607 557 τρόπον.

2076 577 2150 632 Τὰ
2189 577 2624 648 ἀνατραφέντα
2664 579 2766 632 ὑπ’
2811 577 3012 648 Ἰησοῦ
3049 576 3155 648 διὰ
3194 577 3425 632 Ἁνανία
3454 594 3637 647 ταχυ-

2437 646 2659 717 ὂρόμου
2691 646 2956 716 τοπάρχῃ
2998 647 3260 715 Ἆγϐάρῳ.

2145 760 2164 792 ί
2218 741 2478 812 “maps,
2530 740 2794 811 μακάριος
2839 735 2890 792 εἴ
2931 739 3224 804 πιστεύσας
3267 741 3324 793 ἐν
3376 742 3517 812 ἐμοὶ,
3559 742 3636 814 μὴ

2070 830 2327 903 ἑωρακώς
2362 847 2450 900 με.
2489 831 2802 903 Γέγραπται
2850 828 2960 901 γὰρ
3003 831 3130 901 περὶ
3168 829 3301 900 ἐμοῦ
3334 831 3469 903 (64),
3507 834 3637 897 τοὺς

2067 923 2379 994 ἑωρακότας
2406 940 2472 994 με
2508 923 2581 994 μὴ
2616 922 2922 975 πιστεύσειν
2950 939 3060 991 μοι,
3092 922 3177 975 ἴνα
3205 924 3252 976 οἱ
3290 922 3363 994 μὴ
3394 923 3637 996 ἑωρακό-

2067 1033 2176 1080 τες,
2200 1015 2352 1068 αὐτο)¹
2382 1012 2710 1067 πιστεύσωσι
2734 1014 2827 1068 καὶ
2844 1012 3129 1085 ζήσωνται.
3154 1014 3287 1086 Περὶ
3309 1014 3365 1068 δὲ
3386 1010 3445 1070 οὗ
3472 1015 3639 1086 ἔγρα-

2067 1107 2177 1177 ψάς
2216 1124 2305 1177 μοι
2334 1105 2510 1159 ἐλθεῖν
2546 1106 2680 1178 πρὸς
2715 1108 2794 1171 σὲ,
2824 1106 2940 1160 δέον
2973 1107 3090 1160 ἐστὶ
3129 1106 3305 1162 πάντα
3358 1107 3426 1161 δι’
3467 1107 3503 1162 ἃ
3529 1110 3637 1162 ἀπ-

2069 1199 2319 1271 εστάλην,
2355 1197 2584 1252 ἐνταῦθα
2611 1197 2892 1269 πληρῶσαὶ
2927 1215 3014 1270 με,
3048 1200 3142 1253 καὶ
3176 1198 3310 1270 μετὰ
3326 1196 3389 1251 τδ
3415 1198 3637 1271 πληρῶ-

2072 1307 2181 1356 σαι,
2212 1289 2383 1352 οὕτως
2423 1288 2793 1359 ἀναληφθῆναι
2821 1291 2954 1361 πρὸς
2987 1291 3076 1345 τὸν
3122 1290 3512 1344 ἀποστείλαντά
3542 1308 3633 1361 με.

2069 1382 2179 1435 Καὶ
2210 1381 2425 1434 ἐπειδὰν
2452 1379 2776 1450 ἀναληφθῶ,
2812 1378 3093 1434 ἀποστελῶ
3119 1399 3200 1434 σοι
3230 1380 3352 1434 τινὰ
3391 1381 3497 1435 τῶν
3530 1399 3635 1452 μαο

2069 1470 2248 1542 θητῶν
2300 1489 2430 1541 μου,
2471 1471 2557 1524 ἵνα
2599 1471 2815 1542 ἰάσηται
2861 1488 2953 1524 σου
3005 1470 3066 1523 τὸ
3118 1471 3319 1537 πάθος,
3361 1471 3454 1526 καὶ
3487 1470 3635 1544 ζωὴν

2072 1562 2153 1615 σο)⁸
2185 1563 2279 1616 καὶ
2309 1564 2418 1626 τοῖς
2451 1563 2547 1616 σὺν
2581 1563 2662 1615 σοὶ
2694 1562 3057 1634 παράσχηται.
3097 1579 3116 1613 ι

2137 1741 2374 1805 Ταύταις
2400 1741 2456 1794 δὲ
2490 1742 2609 1806 ταῖς
2641 1740 2945 1802 ἐπιστολαῖς
2972 1738 3051 1792 ἐτι
3076 1737 3170 1791 καὶ
3198 1735 3368 1792 ταῦτα
3399 1737 3639 1807 συνῆπτο

2070 1833 2135 1902 τῇ
2164 1831 2351 1903 Σύρων
2384 1833 2534 1902 φωνῇ
2555 1848 2568 1884 :
2587 1831 2827 1883 -Μετὰ
2849 1831 2905 1883 δὲ
2926 1830 2986 1882 τὸ
3018 1826 3388 1897 ἀναληφθῆναι
3419 1829 3510 1882 τὸν
3535 1829 3642 1898 Ἰη-

2072 1921 2217 1987 σοῦν,
2259 1922 2579 1976 ἀπέστειλεν
2622 1922 2770 1993 αὐτῷ
2837 1922 3034 1985 Ἰούδας
3081 1921 3109 1973 ὁ
3139 1920 3233 1974 καὶ
3264 1920 3463 1990 Θωμᾶς
3500 1918 3636 1987 (65),

2070 2015 2326 2070 Θαδδαῖον
2363 2016 2454 2071 τὸν
2484 2014 2777 2070 ἀπόστολον
2810 2013 2916 2082 (66)
2960 2013 3057 2066 ἕνα
3101 2011 3207 2065 τῶν
3250 2012 3639 2069 ἐίδουῆκοντα.

2074 2110 2172 2171 Ὃς
2213 2106 2384 2162 ἐλθὼν
2417 2108 2680 2177 κατέμενε
2714 2106 2849 2177 πρὸς
2896 2103 3109 2157 Τωῦίαν
3151 2103 3243 2155 τὸν
3288 2101 3383 2155 τοῦ
3429 2101 3637 2157 Τωϐία.

2079 2200 2169 2264 Ὠς
2195 2200 2250 2253 δὲ
2272 2198 2514 2271 ἠκούσθη
2541 2199 2667 2270 περὶ
2692 2197 2875 2261 αὑτοῦ,
2906 2195 3001 2251 καὶ
3028 2196 3183 2268 δῆλος
3209 2195 3399 2265 γέγονε
3420 2194 3506 2249 διὰ
3528 2194 3640 2248 τῶν

2072 2292 2505 2362 ἐπιτελουμένων
2548 2289 2695 2361 αὑτῷ
2734 2288 3051 2358 θαυμασίων
3105 2287 3235 2359 (67),
3269 2286 3511 2358 ἐμηνύθη
3561 2286 3639 2358 τῷ

2076 2381 2325 2454 ’Δγϐάρῳ
2336 2384 2426 2439 ὅτι.
2435 2383 2776 2452 ’Ἑλ-ήλυθεν
2785 2383 3127 2449 ἀπόστολος
3141 2379 3393 2435 ἐνταῦθα
3407 2366 3508 2434 τοῦ
3524 2381 3641 2448 Ἰη-

2063 2473 2178 2528 σσῦ
2194 2474 2384 2541 καθὼς
2399 2473 2701 2530 ἐπέστειλέ
2718 2490 2817 2529 σοι
2837 2473 2965 2545 (68).
2989 2473 3227 2545 Ἤρξατο
3242 2469 3333 2527 οὖν
3344 2475 3372 2526 ὁ
3385 2472 3640 2536 Θαδδαῖος

2063 2567 2122 2620 ἐν
2168 2566 2394 2638 δυνάμει
2433 2566 2569 2620 Θεοῦ
2630 2567 2952 2639 θεραπεύειν
2995 2569 3174 2621 πᾶσαν
3206 2566 3358 2620 νόσον
3396 2565 3488 2619 καὶ
3534 2583 3641 2636 μα·-

2063 2655 2440 2717 λακῐαν,ῶστε
2479 2655 2685 2721 πάντας
2734 2656 3052 2728 θαυμάζειν.
3105 2657 3192 2721 Ὡς
3230 2657 3287 2711 δέ
3333 2656 3562 2726 ῆκουσεν
3607 2657 3639 2710 ό

2083 2838 2212 2899 lum,
2244 2839 2339 2893 sed
2385 2854 2572 2894 omnes
2599 2854 2786 2893 eorum
2823 2838 3091 2908 discipuli,
3122 2847 3175 2893 et
3203 2838 3434 2908 comites
3475 2845 3641 2908 atque

2081 2908 2377 2975 adjutores,
2423 2910 2750 2978 generaliter
2800 2906 3029 2978 aposmli
3081 2918 3206 2962 sunt
3253 2906 3521 2978 appellati.
3569 2906 3640 2960 Et

2082 2977 2687 3048 quetnadmodttm,licet
2720 2977 2974 3034 Dominus
3003 2979 3343 3048 septuaginta
3374 2977 3639 3030 duntaxat

2003 3080 2045 3139 ο
2082 3047 2372 3115 discipulos
2403 3047 2659 3116 elegerit,
2678 3049 2843 3130 longe
2874 3047 3073 3130 plures
3104 3047 3279 3129 tamen
3314 3061 3377 3099 eo
3422 3048 3639 3139 nomipe

2077 3127 2263 3185 postea
2291 3128 2418 3172 sunt
2447 3119 2715 3182 exornati,
2746 3116 2888 3174 sicut
2932 3121 2983 3172 in
3020 3118 3295 3186 superiore
3322 3116 3637 3186 capiteioh-

2076 3188 2315 3242 servavit
2364 3188 2672 3243 Eusebius:
2716 3189 2788 3241 ita
2828 3190 3015 3253 etiam,
3046 3185 3171 3244 licet
3201 3188 3456 3240 Dominus
3496 3185 3634 3237 duo-

2076 3257 2251 3327 decim
2280 3268 2491 3312 tantum
2524 3258 2796 3324 apostolos
2825 3258 3205 3327 designaverit,
3237 3268 3420 3324 postea
3451 3264 3633 3307 tamen

2075 3325 2514 3397 haeciappellatio
2547 3328 2793 3397 pluribus
2832 3325 3228 3397 coni‘intttiieata
3266 3337 3368 3391 est,
3396 3334 3455 3397 nt
3480 3336 3638 3377 nom-

2073 3396 2151 3449 vit
2190 3394 2560 3467 Hieronymus
2591 3399 2649 3451 in
2696 3395 2983 3464 Epistulam
3017 3401 3085 3450 ad
3116 3395 3359 3467 Galatas.
3394 3394 3637 3467 "incest

2074 3468 2216 3533 quod
2250 3467 2301 3519 in
2336 3463 2553 3522 Menaeis
2578 3463 2916 3531 Graecarum,
2943 3474 2999 3520 et
3023 3467 3164 3535 apud
3195 3463 3638 3535 Sinieoneinlle-

2075 3531 2435 3602 taphrastcm,
2490 3536 2701 3591 Marcus
2733 3545 2789 3590 et
2831 3536 3006 3592 Lucas
3054 3531 3421 3602 evangelistte,
3457 3531 3635 3596 Titus,

2074 3605 2392 3661 Timotheus
2427 3616 2480 3661 et
2511 3606 2790 3659 Philemon
2836 3617 2892 3660 et
2924 3606 3113 3672 reliqui
3165 3604 3325 3676 Pauli.
3354 3603 3631 3671 discipuli.

2073 3676 2438 3742 apostolorum
2474 3677 2629 3731 titulo
2666 3677 3011 3730 decorantur.
3053 3676 3369 3729 Ambrosius
3408 3687 3501 3727 seu
3537 3688 3634 3738 po-

2074 3747 2180 3799 tius
2228 3745 2459 3800 llilarius
2489 3748 2544 3797 in
2574 3761 2689 3812 cap.
2721 3761 2738 3799 ι
2770 3744 3023 3815 Epistola:
3054 3746 3123 3796 ad
3155 3742 3394 3803 lialatas,
3418 3743 3638 3815 Aposto-

2074 3815 2183 3867 lum
2213 3832 2288 3879 se,
2314 3816 2506 3884 inquit,
2539 3830 2643 3867 non
2672 3817 2736 3867 ab
2767 3814 3061 3868 hominibus
3087 3816 3321 3874 electum,
3344 3821 3391 3865 et
3421 3814 3638 3884 missum

2073 3885 2143 3935 ad
2185 3882 2580 3951 pra’dicaudum
2631 3894 2869 3943 testatur,
2903 3885 3036 3936 sicut
3092 3893 3242 3936 erant
3277 3882 3635 3951 quidam,in

2072 3953 2220 4006 electi
2255 3955 2318 4006 ab
2377 3953 2625 4014 apostolis
2677 3954 3016 4007 mittebantur
3069 3955 3136 4006 ad
3170 3953 3432 4006 Ecclesias
3473 3952 3631 4004 robo-

2072 4023 2269 4075 randas
2299 4040 2316 4076 :
2347 4040 2507 4092 neque
2556 4023 2688 4092 sicut
2732 4024 2826 4076 alii
2869 4024 2958 4092 qui
2984 4040 3015 4074 a
3047 4024 3250 4079 Jitdwis
3298 4021 3639 4074 mittebantur

2072 4093 2139 4144 ad
2173 4090 2547 4147 disturbandas
2578 4090 3112 4159 Ecclesium—Quibus
3144 4093 3194 4145 in
3232 4092 3412 4145 verbis
3442 4092 3637 4159 triplex

2052 4177 2239 4230 .genns
2267 4176 2582 4217 rccensetnr
2611 4163 3002 4229 apostolorum.
3037 4162 3200 4216 Primi
3256 4172 3380 4214 sunt
3426 4162 3632 4213 duode-

2072 4232 2174 4284 cim
2201 4233 2272 4286 illi
2306 4248 2335 4286 a
2370 4233 2585 4286 Christo
2612 4233 2794 4286 electi.
2832 4234 3067 4287 Secundi
3105 4243 3232 4286 sunt
3257 4231 3631 4299 aposmlorum

2072 4301 2343 4373 discipuli.
2389 4303 2583 4367 Tertii,
2648 4301 2956 4356 Judteorum
3013 4304 3263 4373 apostoli.
3323 4301 3638 4373 l‘labuer'unt

2072 4372 2215 4424 enim
2245 4373 2411 4427 Judaei
2441 4373 2706 4440 apostolos
2736 4389 2884 4434 suos,
2921 4374 3011 4441 qui
3043 4370 3070 4425 5.
3099 4371 3423 4441 patriarchis
3451 4370 3636 4441 adva-

2075 4441 2152 4494 ria
2186 4444 2401 4511 negotia
2434 4439 2805 4496 mittebantur.
2842 4439 3041 4496 Eorum
3067 4439 3272 4497 mentio
3302 4443 3361 4492 lit
3399 4439 3630 4511 ab_Epi-

2069 4507 2281 4577 phanid
2305 4515 2352 4566 in
2380 4514 2569 4566 hatresi
2606 4528 2732 4574 xxx,
2774 4513 3100 4582 Hieronymo
3147 4514 3201 4563 in
3234 4526 3352 4579 cap.
3416 4507 3632 4582 IEpist.

2068 4583 2136 4632 ad
2168 4582 2414 4645 Galatas,
2442 4594 2497 4635 et
2537 4583 2587 4635 in
2621 4584 2805 4635 codice
2834 4577 3209 4636 'l‘hco'dosiano
3255 4577 3411 4634 titulo
3438 4582 3508 4632 De
3536 4577 3634 4632 .Iu—

2068 4651 2221 4715 dtcis,
2254 4664 2308 4706 et
2352 4653 2403 4706 in
2451 4653 2868 4706 Commentariis
2919 4653 3209 4721 supradicti
3254 4652 3535 4717 scriptoris
3580 4652 3632 4703 in

2067 4735 2186 4788 cap.
2238 4738 2253 4776 1
2306 4721 2560 4791 Epistola:
2584 4723 2653 4774 ad
2680 4721 2966 4777 Romanos.
3018 4725 3278 4776 (La-terum
3335 4723 3635 4773 monendus

2066 4802 2149 4843 est
2179 4793 2348 4844 lector
2391 4796 2441 4844 in
2478 4794 2732 4846 omnibus
2787 4793 2987 4847 nostris
3034 4792 3314 4846 eodicibus
3371 4791 3631 4857 scriptum

2067 4875 2187 4915 esse
2215 4861 2470 4917 Θαδδαῖον
2518 4861 2811 4916 ἀπόστολον
2849 4864 2969 4917 sine
3010 4862 3236 4915 articulo
3264 4861 3630 4928 pratpositivo,

2066 4945 2226 4999 quem
2259 4934 2403 4987 solus
2442 4936 2607 4985 codex
2663 4933 2948 4985 Medicams
2984 4933 3408 5000 superscriptqu
3448 4931 3629 4981 habet.

2138 5000 2246 5073 (67)
2279 5002 2390 5055 Καὶ
2421 5001 2607 5070 δῆλος
2636 5002 2840 5073 γέγονε
2864 5002 2960 5056 διὰ
3001 5001 3118 5055 τῶν
3161 5001 3634 5068 ἐπιτελουμένων

2065 5070 2235 5136 αὐτῷ
2262 5070 2792 5142 θαυμασίων.”ιόιο
2830 5078 2943 5126 haec
2981 5074 3233 5142 pet-icope
3289 5073 3446 5125 abest
3476 5088 3502 5120 ιι
3538 5085 3631 5121 co-

2066 5143 2276 5196 dicibus
2315 5149 2514 5197 nostris
2546 5142 2709 5207 Maz.,
2742 5142 2880 5196 Med.
2910 5161 2972 5196 ac
3002 5142 3133 5196 Fuk.
3164 5155 3218 5197 et
3252 5143 3316 5194 ab
3356 5144 3623 5207 interpre-

2064 5213 2270 5266 tatione
2308 5212 2508 5266 ltulini.
2539 5213 2672 5277 Quia
2708 5224 2884 5267 tamen
2919 5223 3095 5268 esstat
3134 5213 3186 5266 in
3217 5212 3404 5268 codice
3428 5210 3618 5278 Regio,

2065 5295 2184 5334 eam
2224 5298 2532 5348 expungere
2563 5282 2729 5335 nolui.

2138 5352 2247 5422 (68)
2272 5353 2474 5417 Καθὼς
2520 5350 2990 5422 ἐπέστειλέγσοι.
3031 5352 3230 5407 Omnes
3270 5352 3437 5407 nostri
3483 5350 3636 5422 codi-

2066 5418 2181 5484 ces,
2208 5418 2406 5492 Regius
2436 5423 2650 5476 scilicet
2699 5441 2760 5474 at:
2808 5421 2972 5484 Med.,
3020 5438 3139 5476 cum
3190 5423 3353 5484 Maz.,
3388 5438 3452 5475 ac
3496 5418 3629 5474 Fuk.

2066 5491 2324 5561 scriptum
2366 5491 2564 5546 habent
2614 5492 2756 5545 καθᾶ
2786 5494 2876 5546 ἐπ.
2912 5491 3040 5560 Quae
3091 5493 3253 5549 lectio
3304 5493 3485 5547 nescio
3538 5505 3636 5561 cur

2066 5558 2349 5634 tantopere
2379 5562 2716 5634 displicuerit
2768 5562 2905 5619 liob.
2938 5558 3264 5634 iStepbano,
3319 5578 3440 5618 cum
3492 5558 3637 5614 καθά

2067 5633 2205 5688 idem
2221 5630 2413 5689 valeat
2436 5630 2499 5688 ac
2528 5630 2735 5697 καθώς.
