3966 6264
405 210 437 312 Il
447 259 517 314 εδ

1453 274 1802 335 Βιδτοιιιιιε
1844 269 2406 340 ECCLESlASTlCE
2446 285 2571 341 LlB.
2612 285 2657 342 ι.

3564 305 3672 362 128

422 376 719 484 ’Δγόαροςή
735 380 819 484 τὰ.
847 382 1110 452 μεγαλεῖα
1152 388 1345 443 καὶτὰ
1384 390 1680 465 θαυμάσια,
1722 396 1759 450 ἃ
1802 398 1967 452 ἐποίει

2101 410 2378 471 perentur.
2409 402 2644 458 Proinde
2674 419 2797 458 cum
2832 405 3080 476 Agbarns
3116 410 3184 464 ab
3212 410 3304 466 illo
3327 423 3539 484 patrata
3568 422 3668 476 mi-

419 470 507 522 καὶ
540 469 618 533 ὡς
658 470 998 544 ἐθεράπευεν
1041 478 1101 547 ὲν
1150 479 1375 550 ὀνόματι
1415 486 1510 538 καὶ
1552 486 1777 559 δυνάμει
1819 490 1991 560 Ἰησοῦ

419 560 818 636 ΧριστοῦἿ69),
846 567 906 619 ὲν
936 568 1163 640 ὑπονοίᾳ
1190 571 1434 641 γέγονεν,
1465 575 1540 639 ὡς
1562 578 1644 631 ὅτι
1670 579 1830 643 αὑτός
1854 582 1991 646 ἐστι,

418 654 539 724 περὶ
570 648 632 708 οὗ
663 656 693 707 6
738 658 947 728 Ἰησοῦς
978 660 1256 716 ἐπέστειλε
1295 663 1467 733 λέγων
1491 685 1505 698 ο
1537 687 1555 720 ι
1593 671 1843 727 Ἐπειδὰν
1859 673 1991 726 ἀνα-

415 746 620 818 ληφθῶ,
655 749 944 804 ἀποστελῶ
977 770 1059 807 σοι
1089 753 1211 808 τινὰ
1247 757 1354 811 τῶν
1386 758 1644 833 μαθητῶν
1678 781 1779 833 μου
1801 804 1814 827 ,
1845 766 1992 829 ὅστις

415 840 472 894 τὸ
522 841 697 907 πάθος
738 861 835 899 σου
872 846 1106 901 ἰάσεται.
1155 869 1176 902 ι
1211 851 1734 926 Μετακαλεσάμενος
1774 852 1868 910 οὖν
1898 859 1989 911 τὸν

413 935 646 1001 Τωδίαν,
674 932 866 1012 παρ⁹ᾧ
888 943 1206 1015 κατέμενεν,
1236 942 1387 1001 εἶπεν
1404 965 1417 979 ο
1442 967 1459 1000 ι
1489 951 1733 1004 Ἤκουσα
1758 953 1988 1026 ὅτιάνήρ

410 1043 491 1090 τις
527 1027 793 1100 δυνάστης
829 1030 998 1084 ἐλθὼν
1042 1034 1149 1087 ἀπὸ
1202 1035 1584 1107 Ἱεροσολύμων
1625 1039 1772 1111 (70),
1822 1057 1991 1095 κατα-

414 1118 560 1188 μένει
593 1121 652 1173 ὲν
684 1123 752 1192 τῇ
786 1125 849 1193 σῇ
883 1124 1029 1194 οίκίᾳ
1049 1164 1063 1188 ,
1091 1127 1185 1179 καὶ
1210 1127 1409 1192 πολλὰς
1451 1129 1618 1193 ἰάσεις
1647 1131 1732 1183 ἐπ’
1762 1131 1987 1202 ὀνόματι

421 1206 589 1275 Ἰησοῦ
606 1208 921 1279 ἐργάζεται.
953 1231 972 1263 ι
993 1213 1050 1267 Ὀ
1072 1214 1129 1267 δὲ
1145 1212 1287 1268 εἷπε’
1315 1234 1334 1267 ι
1356 1217 1483 1281 Ναὶ,
1503 1218 1673 1291 Κύριε
1686 1219 1820 1290 (71),
1839 1221 1987 1287 ξένος

409 1314 491 1361 τις
530 1298 722 1366 ἐλθὼν,
765 1302 1008 1374 ἐνῴκησε
1054 1308 1182 1378 παρ’
1225 1308 1350 1378 ἐμοὶ
1393 1309 1487 1361 καὶ
1520 1310 1691 1364 πολλὰ
1735 1311 1987 1382 θαύματα

408 1388 665 1444 ἐπιτελεῖ.
688 1411 708 1444 ι
730 1391 787 1446 ’0
801 1392 879 1447 δέ’
907 1413 927 1445 ι
950 1395 1215 1467 ’Δνάγαγε
1229 1400 1412 1465 αὐτὸν,
1428 1401 1553 1473 ἔφη,
1572 1403 1708 1475 πρὸς
1729 1405 1848 1476 μέ.»
1870 1399 1986 1460 Ἑλ-

408 1478 511 1533 θὼν
532 1481 591 1535 δὲ
618 1485 648 1537 6
664 1484 881 1550 Τωϐίας
901 1487 1053 1559 παρά
1067 1489 1349 1557 Θαδδαῖον,
1377 1486 1532 1546 εἶπεν
1554 1496 1703 1567 αὐτῷ
1723 1515 1735 1528 ι
1760 1518 1777 1549 ι
1818 1499 1876 1552 Ὀ
1897 1516 1986 1553 το-

406 1571 622 1643 πάρχης
674 1576 949 1649 Ἀγϐαρος
983 1583 1493 1654 μετακαλεσάμενός
1526 1604 1627 1656 με,
1662 1584 1813 1643 εἶπεν
1855 1592 1984 1646 ἀναν

404 1669 683 1732 γαγεῖνὉε
717 1669 847 1741 παρ’
880 1671 1043 1725 αὐτὸν
1075 1674 1209 1743 (72;,
1239 1675 1327 1729 ἴνα
1355 1676 1701 1752 θεραπεύσῃς
1729 1682 1895 1736 αὐτοῦ
1921 1683 1982 1740 τὸ

2097 495 2281 549 racula
2322 497 2640 561 audivisset,
2673 507 2731 551 et
2758 513 2864 567 quo
2900 509 3063 568 pacto
3095 516 3194 569 per
3238 520 3435 562 nomen
3468 523 3531 563 ac
3559 513 3667 567 vir-

2096 592 2263 640 tutem
2288 584 2414 639 Jesu
2443 588 2646 642 Chriin
2684 589 2904 643 morbos
2936 587 3169 658 fugaret,
3202 593 3254 647 in
3298 597 3663 661 suspicionem

2093 676 2357 730 adductus
2403 685 2486 729 est
2531 678 2678 731 hunc
2718 678 2893 745 ipsum
2922 693 3076 746 esse,
3120 681 3186 735 de.
3212 696 3319 752 quo
3351 681 3508 742 Jesus
3532 687 3661 743 olim

2091 761 2159 815 ad
2193 776 2255 816 se
2288 764 2682 833 perscripserat
2714 766 2798 821 his
2836 768 3018 822 verbis
3045 787 3059 822 :
3092 787 3111 821 ι
3150 768 3282 825 Cum
3307 774 3541 841 primum
3574 795 3662 835 me

2091 848 2157 902 ad
2186 864 2309 903 eum
2344 850 2622 922 recepero,
2650 868 2715 908 ex
2750 856 3030 925 discipulis
3065 860 3201 915 meis
3241 862 3475 932 aliquem
3508 869 3576 922 ad
3609 878 3662 925 te

2091 940 2321 1009 mittam,
2353 942 2443 1011 qui
2477 954 2532 998 et
2560 945 2808 1000 morbum
2858 958 3007 1002 tuum
3054 963 3226 1019 curet,
3265 964 3319 1008 et
3359 957 3525 1011 vitam
3562 959 3658 1015 tibi

2090 1030 2591 1103 tuisque‘mnnibus
2624 1046 2863 1105 praestet.
2896 1059 2915 1091 ι
2954 1041 3141 1112 ᾼρεῑιο
3177 1046 3345 1114 igitur
3373 1047 3540 1103 Tobia
3572 1065 3656 1105 cu!

2082 1124 2173 1194 jus
2200 1125 2435 1195 hospitio
2469 1129 2747 1191 utebatur,
2803 1149 2820 1182 ι
2856 1134 3080 1202 Accepi,
3134 1135 3331 1206 inquit,
3385 1151 3651 1209 potentem

2087 1217 2376 1284 quemdam
2408 1217 2583 1272 virum
2638 1218 2942 1289 profectum
2989 1222 3384 1297 Hierosolymis
3422 1224 3557 1294 apud
3602 1233 3655 1281 te

2088 1304 2377 1370 diversari,
2409 1314 2462 1361 et
2492 1306 2756 1376 plurimas
2790 1309 3103 1364 morborum
3134 1316 3439 1367 curationes
3472 1314 3523 1366 iu
3557 1329 3654 1367 no-

2087 1398 2232 1459 mine
2255 1396 2382 1453 Jesu
2417 1398 2485 1452 ab
2516 1397 2608 1453 illo
2641 1399 2776 1453 ﬁeri.
2821 1419 2840 1451 ι
2873 1402 2954 1454 Ad
2987 1402 3103 1457 Ιιίιεο
3135 1404 3331 1459 Tobias
3362 1422 3375 1457 :
3413 1421 3431 1454 ι
3468 1402 3650 1467 Certe,

2086 1485 2282 1557 inquit,
2323 1487 2564 1552 domine,
2616 1491 2939 1558 peregrinus
2966 1491 3184 1561 quidam
3221 1493 3358 1560 apud
3416 1508 3501 1547 me
3546 1506 3652 1562 est,

2084 1578 2177 1648 qui
2208 1577 2444 1647 plurima
2474 1579 2588 1633 edit
2618 1580 2906 1635 miracula.
2943 1599 2961 1632 ι
3016 1579 3151 1634 Tum
3187 1580 3437 1649 Agbarus
3467 1597 3480 1634 :
3527 1598 3546 1632 ι
3579 1580 3651 1634 ll-

2086 1670 2194 1725 lum
2225 1671 2385 1725 velim
2420 1671 2491 1724 ad
2523 1686 2609 1725 me
2659 1672 2922 1726 adducas.
2958 1691 2977 1723 »
3015 1673 3183 1743 igitur
3206 1670 3407 1727 Tobias
3433 1674 3654 1728 domum

402 1756 592 1822 πάθος.
621 1778 642 1812 ι
666 1761 776 1814 Καὶ
801 1763 831 1814 6
846 1761 1119 1828 Θαδδαῖος,
1146 1785 1165 1818 ι
1188 1767 1505 1835 Ἀναὸαίνω,
1534 1770 1659 1841 ἔφη,
1682 1773 1967 1845 ἐπειδήπερ

2089 1777 2366 1826 reversus,
2402 1764 2484 1818 sic
2508 1762 2836 1818 Thaddmum
2879 1764 3149 1819 allocutus
3174 1774 3299 1820 est:
3349 1785 3368 1819 ι
3404 1766 3655 1837 Agbarus

399 1847 622 1920 δυνάμει
673 1854 805 1922 παρ’
840 1853 1001 1907 αὑτὸν
1039 1855 1403 1929 ἀπέσταλμαι.
1437 1879 1457 1910 ι
1497 1860 1782 1932 Ὀρθρίσας
1812 1859 1905 1916 οὖν
1951 1865 1980 1916 ὁ

399 1939 614 2005 Τωϐίας
652 1945 718 2013 τῇ
753 1941 903 2013 ἑξῆς,
942 1945 1036 1999 καὶ
1068 1947 1400 2018 παραλαϐὼν
1427 1951 1517 2005 τὸν
1549 1952 1806 2008 Θαδδαῖον
1843 1951 1976 2027 ἦλθε

398 2029 532 2100 πρὸς
571 2030 663 2085 τὸν
715 2033 1017 2104 ’Δγϐαροψ
1071 2036 1146 2100 ὡς
1187 2037 1242 2091 δὲ
1278 2040 1488 2113 (ἀνέϐη,
1542 2044 1826 2115 παρόντων
1880 2047 1976 2101 καὶ

398 2120 645 2176 ἑστώτων
674 2124 784 2177 τῶν
816 2128 1156 2196 μεγιστάνων
1188 2130 1386 2195 αὐτοῦ,
1424 2135 1764 2206 παραχρῆμα
1801 2137 1859 2191 ὲν
1897 2136 1976 2208 τῷ

398 2214 618 2267 εἰσιέναι
648 2216 844 2280 αὑτὸν,
877 2219 1060 2290 ὅραμα
1102 2221 1244 2291 μέγα
1282 2224 1455 2294 ἐφάνη
1497 2224 1578 2296 τῷ
1628 2227 1880 2300 ’Δγῆάρῳ
1916 2229 1974 2282 ὲν

396 2306 470 2377 τῷ
502 2307 779 2381 προσώπῳ
817 2312 914 2365 τοῦ
960 2314 1260 2370 ἀποστόλου
1304 2317 1587 2373 Θαδδαίου.
1634 2320 1812 2392 Ὅπερ
1853 2322 1975 2377 ἰδὼν

400 2399 692 2473 ’Δγσαρος,
730 2405 1105 2478 προσεκύνησε
1140 2409 1219 2480 τῷ
1243 2409 1509 2481 Θαδδαίῳ,
1544 2410 1730 2483 θαῦμά
1760 2429 1819 2465 τε
1850 2411 1973 2484 ἔσχε

393 2494 516 2557 τοὺς
547 2495 923 2564 περιεστῶτας
964 2500 1194 2565 πάντας.
1230 2501 1394 2555 Αὐτοὶ
1431 2502 1540 2573 γὰρ
1566 2503 1665 2575 οὐχ
1694 2505 1971 2576 ἑωράκασι

394 2586 455 2638 τὸ
486 2586 690 2657 ὅραμα,
729 2589 759 2641 ὃ
805 2590 952 2663 μόνῳ
991 2592 1071 2663 τῷ
1112 2593 1364 2667 Ἀγδάρῳ
1396 2597 1590 2667 ἐφάνη.
1631 2598 1729 2661 Ὃς
1756 2599 1972 2653 καὶτὸν

393 2678 643 2734 Θαδδαῖον
674 2682 857 2752 ήρετο,
889 2702 907 2733 ι
943 2684 1003 2737 Εἰ
1038 2685 1126 2738 ἐπ’
1161 2685 1416 2756 ἀληθείας
1441 2687 1683 2759 μαθητὴς
1710 2683 1762 2742 εἷ
1801 2689 1972 2760 Ἰησοῦ

394 2771 484 2825 τοῦ
512 2772 642 2826 Υίοῦ
663 2773 756 2827 τοῦ
784 2774 940 2839 Θεοῦ,
973 2775 1031 2840 ὃς
1087 2779 1296 2851 εἰρήκει
1339 2780 1475 2851 πρὸς
1511 2781 1610 2851 μέο
1669 2781 1973 2835 Ἀποστελῶ

396 2863 476 2916 σοί
507 2880 631 2918 τινα
652 2865 761 2919 τῶν
799 2865 1055 2938 μαθητῶν
1084 2885 1207 2937 μου,
1233 2869 1381 2932 ὅστις
1409 2868 1618 2922 ἰάσεταί
1654 2886 1747 2923 σου
1779 2871 1840 2924 τὸ
1870 2874 1975 2926 πά-

394 2956 501 3020 θος,
533 2958 630 3010 καὶ⁵
663 2957 805 3030 ζωὴν
845 2960 931 3013 σοὶ
955 2959 1049 3017 καί
1081 2962 1194 3024 τοῖς
1227 2961 1322 3014 σὺν
1362 2961 1445 3014 σοὶ
1479 2960 1704 3033 παρέξει
1739 2965 1873 3019 πᾶσι
1901 2980 1915 3029 ;
1948 2982 1967 3017 ι

393 3045 501 3099 Καὶ
528 3050 557 3101 6
590 3046 844 3111 Θαδδαῖος
875 3048 1019 3120 ἔφηὴ
1041 3069 1061 3100 ι
1114 3050 1267 3103 Ἐπεὶ
1313 3050 1563 3120 μεγάλως
1603 3052 1970 3118 πεπίστευκας

393 3141 468 3202 είς
509 3138 602 3191 τὸν
645 3140 1042 3194 ἀποστείλαντά
1079 3159 1147 3213 με
1181 3141 1384 3212 Κύριον
1447 3142 1654 3214 Ἰησοῦν
1701 3143 1835 3216 (75),
1880 3146 1968 3200 διὰ

389 3228 545 3283 τοῦτο
575 3231 888 3303 ἀπεστάλην
927 3233 1066 3305 πρὸς
1110 3233 1188 3287 σέ,
1231 3235 1341 3288 Καὶ
1385 3234 1548 3287 πάλιν
1586 3235 1681 3290 ἐὰν
1709 3239 1964 3294 ὲπιπλέον

392 3318 683 3391 πιστεύσῃς
707 3322 788 3384 είς
820 3321 1001 3385 αὐτὸν,
1034 3321 1109 3385 ὡς
1138 3321 1203 3375 ἂν
1243 3325 1558 3397 πιστεύσῃς,
1586 3325 1739 3381 ἔσται
1780 3344 1861 3383 σοι
1893 3329 1961 3382 τὰ

389 3413 665 3483 αἰτήματα
696 3413 795 3484 τῆς
830 3413 1055 3485 καρδίας
1092 3432 1206 3470 σου.
1246 3436 1263 3468 ι
1310 3419 1418 3471 Καὶ
1450 3421 1478 3472 6
1512 3420 1785 3492 ’Δγϐαρος
1822 3421 1958 3493 πρὸς

387 3505 570 3567 αὐτὸν,
607 3525 624 3556 ι
664 3505 851 3570 Οὕτως
893 3507 1210 3576 ἐπίστευσα,
1247 3514 1429 3582 φησὶν,
1471 3515 1530 3567 ὲν
1550 3514 1718 3586 αὐτῷ,
1757 3515 1834 3578 ὡς
1861 3518 1955 3570 καὶ

383 3602 512 3665 τοὺς
555 3601 838 3665 Ἰουδαίους
865 3604 990 3667 τοὺς
1029 3604 1447 3676 σταυρώσαντας
1485 3609 1666 3673 αὐτὸν,
1699 3609 1963 3682 βουληθῆ-

384 3708 473 3743 ναι
513 3690 742 3762 δύναμιν
797 3693 1126 3765 παραλαϐὼν
1171 3696 1501 3766 κατακόψαι,
1551 3700 1599 3751 εἰ
1632 3698 1705 3770 μὴ
1736 3699 1824 3753 διὰ
1862 3700 1961 3771 τὴν

386 3783 662 3854 βασιλείαν
689 3785 796 3840 τῶν
839 3785 1122 3856 Ῥωμαίων
1155 3787 1424 3858 ἀνεκόπην
1452 3790 1551 3860 τῆς
1574 3791 1902 3861 προθέσεως.
1936 3810 1954 3846 ι

383 3877 495 3930 Καὶ
523 3879 551 3930 6
585 3876 842 3942 Θαδδαῖος
868 3874 1018 3932 εἶπεν
1044 3896 1057 3909 ο
1103 3898 1122 3930 ι
1173 3880 1230 3932 'O
1276 3880 1479 3953 Κύριος
1508 3882 1664 3953 ἡμῶν
1695 3886 1790 3938 καὶ
1828 3884 1961 3948 Θεὸς

396 3968 603 4038 Ἰησοῦς
626 3971 655 4022 6
692 3969 927 4041 Χριστὸς
957 3970 1069 4038 (74)
1100 3971 1160 4024 τὸ
1192 3972 1402 4044 θέλημα
1431 3974 1526 4026 τοῦ
1557 3975 1767 4042 Πατρὸς
1795 3974 1957 4028 αὐτοῦ

383 4058 734 4130 πεπλήρωκε,
772 4059 865 4113 καὶ
899 4060 1211 4132 πληρώσας,
1244 4063 1515 4136 ἀνελήφθη
1543 4065 1678 4135 πρὸς
1701 4066 1791 4119 τὸν
1827 4068 1957 4120 ἐαυ-

383 4150 479 4203 τοῦ
507 4152 742 4223 Πατέρα.
779 4173 797 4205 ι
823 4151 983 4220 Λέγει
1015 4152 1163 4224 αὐτῷ
1189 4154 1462 4226 Ἀγϐαρος
1482 4174 1495 4187 ’
1546 4176 1563 4208 ι
1598 4157 1764 4227 Κάγὼ
1795 4160 1958 4212 πεπί-

384 4259 586 4297 στευκα
617 4247 697 4309 εἰς
725 4244 886 4298 αὐτὸν
918 4247 1013 4299 καὶ
1047 4250 1126 4309 εἰς
1165 4249 1257 4302 τὸν
1286 4249 1503 4320 Πατέρα
1548 4251 1733 4307 αὑτοῦ.
1784 4271 1803 4303 ι
1842 4253 1953 4305 Καὶ

381 4334 412 4388 6
436 4330 711 4399 Θαδδαῖος,
745 4354 762 4386 ι
789 4335 889 4389 Διά
915 4336 1094 4401 τοῦτο,
1132 4339 1286 4410 φησὶ,
1310 4340 1501 4411 τίθημι
1530 4341 1626 4412 τὴν
1662 4342 1819 4414 χεῖρά
1850 4361 1949 4414 μου

2078 1855 2239 1925 hujus
2269 1856 2508 1910 civitatis
2540 1856 2759 1927 regulus
2788 1858 3082 1912 accersivit
3132 1874 3240 1926 me,
3286 1862 3559 1928 iussitque
3596 1868 3654 1914 ut

2080 1947 2232 2015 tekad
2266 1947 2441 2017 ipsum
2493 1948 2871 2017 perducerem,
2908 1964 3016 2018 quo
3063 1950 3232 2019 ipsius
3272 1952 3651 2019 mgritudinem

2078 2052 2258 2092 cures.
2314 2056 2334 2089 ι
2391 2037 2489 2093 Cui
2556 2038 2860 2094 Thaddmus
2914 2058 2927 2093 :
2986 2058 3004 2091 ι
3054 2041 3377 2112 Pergamus,
3438 2041 3652 2112 inquit,

2077 2131 2514 2201 quandoquidem
2561 2132 2678 2200 ejus
2730 2135 3071 2204 potissimum
3114 2137 3286 2203 gratia
3346 2152 3464 2190 sum
3514 2138 3647 2191 mis-

2077 2234 2194 2274 sus.
2223 2237 2245 2272 ι
2280 2219 2546 2275 Postridie
2576 2236 2707 2292 ergo
2735 2224 2938 2279 Tobias
2969 2240 3132 2279 mane
3162 2236 3440 2295 assumpto
3470 2226 3650 2281 Tbad-

2077 2311 2216 2377 dico,
2246 2311 2312 2364 ad
2350 2313 2622 2382 Agbarum
2651 2317 2916 2384 perrexit.
2964 2315 3209 2386 Cumque
3233 2327 3393 2383 esset
3445 2320 3651 2389 ingres-

2077 2416 2193 2467 sus,
2220 2404 2472 2475 Agbarus
2501 2409 2816 2482 proceribus
2846 2411 2960 2464 suis
2989 2410 3391 2477 circumseptus
3429 2411 3482 2464 in
3535 2411 3651 2480 ipso

2075 2493 2335 2549 intrantis
2366 2494 2626 2551 Thaddzci
2657 2498 2813 2553 vultu
2842 2501 3082 2555 divinum
3106 2501 3293 2554 nescio
3311 2501 3441 2569 quid
3464 2502 3650 2556 videre

2076 2587 2180 2643 sibi
2210 2588 2359 2643 visus
2389 2597 2472 2644 est
2514 2607 2528 2644 :
2585 2605 2693 2659 quo
2744 2600 3038 2661 conspecto
3081 2594 3267 2647 statim
3318 2593 3649 2648 Thaddaeum

2075 2679 2346 2733 adoravit.
2397 2679 2734 2734 Mirabantnr
2777 2694 2969 2736 omnes
3015 2682 3107 2750 qui
3155 2683 3405 2747 aderant,
3449 2680 3648 2750 quippe

2074 2773 2167 2842 qui
2202 2772 2342 2827 nihil
2394 2773 2590 2828 horum
2626 2773 2889 2827 vidissent
2936 2788 3059 2842 quae
3107 2758 3320 2844 Agbaro
3378 2787 3629 2842 apparue

2076 2874 2220 2921 rant.
2238 2865 2373 2920 Tum
2388 2866 2638 2936 Agbarus
2656 2866 2985 2921 'l'haddzcum
3005 2866 3365 2935 interrogavit
3388 2883 3403 2918 :
3429 2883 3448 2916 ι
3468 2863 3644 2930 Tune,

2075 2958 2270 3029 inquit,
2303 2958 2413 3030 34
2440 2959 2737 3029 discipulus
2763 2974 2822 3014 es
2855 2961 2980 3015 Jesu
3012 2958 3133 3012 Filii
3185 2957 3276 3011 Dei
3320 2957 3412 3026 qui
3438 2958 3552 3011 haec
3579 2960 3646 3012 ad

2075 3066 2161 3106 me
2203 3052 2463 3120 scripsit:
2519 3071 2537 3104 ι
2573 3050 2653 3105 Ex
2701 3051 2981 3120 discipulis
3036 3050 3170 3105 meis
3220 3049 3454 3119 aliquem
3486 3052 3551 3103 ad
3592 3060 3645 3102 te

2080 3164 2100 3197 ‹
2147 3144 2358 3198 mittam
2385 3144 2475 3214 qui
2515 3155 2570 3198 et
2599 3145 2852 3199 morbum
2889 3154 3036 3198 tuum
3067 3142 3326 3208 curet,'et
3350 3143 3516 3196 vitam
3543 3141 3641 3206 tibi

2078 3253 2098 3287 ι
2150 3237 2367 3305 tuisque
2417 3236 2671 3291 omnibus
2727 3245 2969 3306 praestet.
3015 3255 3036 3289 ι
3115 3233 3213 3289 Cui
3269 3234 3578 3288 'l‘haddaaus
3623 3249 3641 3289 :

2077 3343 2096 3376 ι
2142 3323 2612 3394 Quandoquidem,
2654 3325 2848 3394 inquit,
2894 3325 3186 3379 maximam
3236 3324 3488 3378 fiduciam
3535 3338 3642 3393 po-

2066 3417 2223 3472 suisti
2255 3415 2629 3472 in-Servatore
2652 3416 2777 3472 Jesu
2806 3419 2896 3486 qui
2939 3416 3085 3472 misit
3122 3432 3229 3483 me,
3263 3417 3470 3470 idcirco
3496 3417 3562 3471 ad
3587 3423 3642 3472 te

2065 3525 2185 3566 sum
2243 3510 2464 3566 missus.
2506 3509 2664 3575 Quod
2698 3510 2741 3564 si
2773 3510 3030 3579 deinceps
3059 3511 3231 3578 magis
3271 3524 3335 3562 ac
3379 3508 3552 3578 magis
3583 3509 3638 3561 in

2064 3613 2191 3654 eum
2220 3599 2536 3664 credideris,
2584 3600 2714 3652 [ient
2764 3598 2948 3652 omnia
2999 3613 3119 3666 quae
3164 3597 3436 3666 postulas,
3478 3606 3638 3668 prout

2063 3689 2223 3744 ﬁdem
2259 3687 2909 3758 habebisallicAgbarus
2935 3689 3164 3754 :«Adeo,
3197 3689 3398 3759 inquit,
3429 3689 3637 3744 credidi

2062 3783 2134 3848 ei,
2167 3791 2224 3835 ut
2247 3779 2461 3835 Judaeos
2488 3780 2578 3850 qui
2618 3780 2767 3833 illum
2817 3779 2871 3834 in
2928 3794 3148 3834 crucem
3195 3790 3442 3852 egerunt,-
3491 3780 3635 3836 bello

2062 3883 2316 3944 appetere
2347 3883 2401 3928 et
2426 3873 2491 3926 ad
2521 3871 2948 3927 internecionem
2981 3872 3164 3926 delere
3200 3874 3494 3935 voluerim,
3523 3875 3630 3927 nisi

2067 3976 2244 4021 metus
2269 3964 2483 4035 imperii
2514 3963 2747 4018 Romani
2779 3978 2865 4017 me
2895 3963 2963 4017 ab
2993 3965 3096 4018 hoc
3122 3967 3348 4020 consilio
3380 3981 3627 4021 revocas-

2066 4069 2168 4115 set.
2210 4077 2230 4110 ι
2268 4058 2404 4112 Tum
2436 4056 2777 4111 Tbaddatus:
2815 4073 2834 4105 ι
2871 4057 3151 4122 Dominus,
3194 4056 3394 4125 inquit,
3449 4066 3635 4110 noster

2059 4166 2115 4211 et
2141 4156 2284 4210 Deus
2312 4153 2468 4209 Iesus
2497 4153 2744 4207 Christus
2760 4150 3034 4226 quidquid
3069 4166 3098 4204 a
3135 4149 3298 4203 Patre
3321 4150 3632 4202 mandatum

2060 4249 2258 4316 fuerat,
2289 4258 2583 4303 exsecutus
2616 4256 2722 4311 est,
2756 4245 3130 4314 perfectisque
3162 4245 3414 4297 omnibus
3439 4243 3505 4296 ad
3540 4255 3620 4309 pa.

2064 4355 2276 4398 rentem
2329 4356 2489 4396 suum
2539 4351 2620 4395 est
2654 4356 2932 4395 reversus.
2970 4357 2989 4390 ι
3039 4336 3136 4391 Cui
3170 4336 3460 4404 Agliarus:
3506 4353 3524 4385 ι
3566 4332 3629 4386 Et

452 4535 563 4606 (69)
609 4536 705 4610 Ἐν
734 4536 975 4610 ὀνόματι
1016 4536 1116 4591 καὶ
1159 4537 1409 4608 δυνάμει
1441 4538 1636 4605 Ἰησοῦ
1672 4540 1949 4606 Χριστοῦ.
1985 4543 2030 4596 D
2131 4538 2242 4610 (75)
2269 4541 2372 4605 Εἰς
2395 4536 2501 4591 τὸν
2525 4537 2972 4593 ἀποστείλαντά
2992 4555 3067 4607 με
3110 4538 3334 4610 Κύρμιθῂ
3374 4529 3626 4610 Ἰηᾳρῦν·

383 4601 509 4661 Htec
534 4601 691 4660 verba
724 4601 1209 4662 non'habenturiu
1231 4601 1403 4664 tribus
1435 4601 1637 4663 nostris
1668 4601 1949 4665 codicibus
2062 4601 2189 4664 Duae
2223 4601 2424 4662 ultimm
2453 4623 2614 4661 voces
2646 4611 2843 4660 absunt
2875 4624 2903 4659 a
2936 4601 3109 4661 tribus
3144 4601 3422 4658 codicibus
3465 4601 3626 4665 Maz.,

384 4677 520 4730 Μαι.
550 4676 687 4730 Med.
719 4692 782 4729 ac
813 4676 1043 4732 Fuketii.

454 4746 564 4816 (70)
587 4744 828 4818 i'EJBt‘or
871 4746 989 4801 ἀπὸ
1027 4749 1477 4818 Ἰεροσολύμων.
1513 4749 1638 4802 Duze
1664 4757 1951 4816 postrema:

381 4831 540 4870 voces
566 4817 762 4870 desunt
788 4817 839 4869 in
871 4820 1042 4872 tribus
1072 4821 1271 4872 noSIris
1303 4821 1583 4874 codicibus
1617 4818 1774 4883 Maz.,
1809 4818 1949 4877 Med.

380 4885 540 4947 Fuk.,
562 4902 659 4939 nec
696 4888 1028 4955 liabeutnrin
1062 4890 1508 4955 interpretatione
1542 4890 1739 4941 llulini.

450 4957 562 5028 (7i)
610 4958 661 5009 '0
692 4956 758 5008 δὲ
783 4953 931 5011 εἵπετ’
963 4957 1073 5011 Ναὶ
1099 4953 1293 5026 Κύριε.
1331 4959 1453 5013 Haec
1467 4969 1522 5012 et
1544 4959 1823 5028 sequentia
1854 4974 1946 5014 us-

383 5041 486 5096 que
518 5029 584 5081 ad
615 5042 776 5080 voces
811 5029 950 5092 illas,
984 5028 1225 5098 ἀνὰγαγε
1262 5029 1420 5083 αὑτὸν
1448 5028 1584 5100 πρὸς
1618 5028 1706 5098 μέ,
1748 5044 1848 5084 nec
1894 5030 1946 5083 in

386 5100 557 5152 tribus
616 5101 816 5150 nostris
860 5099 1158 5168 codicibus,
1218 5115 1316 5153 nec
1372 5102 1422 5151 in
1488 5099 1947 5168 interpretatione

385 5168 557 5237 Ruﬁni
590 5168 860 5235 leguntur.
891 5165 1049 5222 Solus
1081 5170 1251 5223 codex
1278 5168 1481 5237 Regius
1503 5165 1944 5223 eam—lectionem

383 5236 561 5309 habet.
598 5239 703 5291 Sed
740 5238 932 5290 mirum
958 5247 1043 5292 est
1073 5251 1412 5309 quautOpere
1437 5240 1608 5293 codex
1653 5240 1744 5293 ille
1791 5255 1818 5292 a
1854 5255 1943 5293 re-

383 5307 540 5376 liquis
579 5310 869 5379 discrepet,
916 5317 1028 5361 tum
1079 5310 1228 5373 alibi,
1262 5307 1372 5364 tum
1420 5314 1689 5379 praecipue
1711 5309 1762 5363 in
1794 5310 1946 5364 clau-

381 5379 495 5433 sula
529 5378 691 5443 hujus
724 5378 869 5431 libri.
1422 5378 1430 5379 ί
1546 5379 1563 5389 “

448 5448 557 5520 (72)
598 5446 934 5520 Ἀναγαγεῗν
969 5463 1045 5501 σε
1102 5451 1236 5517 παρ’
1269 5450 1499 5520 adadv.
1527 5447 1729 5504 Omnes
1776 5450 1947 5504 nostri

379 5519 610 5590 codices,
641 5535 708 5571 ne
728 5519 896 5590 Regio
918 5520 1135 5590 quidem
1166 5533 1420 5590 excepto,
1452 5519 1656 5590 diserte
1683 5522 1946 5588 scriptum

380 5589 582 5660 habent
606 5591 737 5660 παρ’
757 5586 927 5660 αύτῷ.
965 5589 1056 5660 Sic
1097 5590 1253 5658 paulo
1288 5586 1427 5658 post,
1476 5590 1565 5660 ubi
1599 5586 1946 5659 legitnr’nap’

380 5658 537 5727 αὐτὸν
584 5657 949 5727 ἀπέσταλμαι,
984 5659 1036 5711 in
1070 5657 1322 5715 omnibus
1378 5659 1578 5713 nostris
1618 5657 1946 5723 eiemplari-

382 5725 481 5784 bus
508 5725 870 5803 praeterquam
896 5729 950 5783 in
978 5726 1111 5794 Fuk.
1140 5730 1403 5802 scriptum
1436 5739 1518 5787 est
1539 5729 1667 5801 παρ’
1699 5728 1868 5802 αὐτῷ.

2051 4680 2193 4735 Med.
2230 4695 2292 4734 ac
2328 4678 2490 4741 Fuk.,
2520 4694 2618 4732 nec
2643 4679 2908 4731 habentur
2936 4680 2987 4732 in
3027 4674 3483 4744 interpretatione
3513 4670 3630 4726 Rn-

2049 4750 2166 4807 ﬁni.

2121 4819 2241 4895 (74),
2330 4819 2547 4895 Κύριος
2565 4816 2732 4895 ἡμῷν
2748 4816 2848 4871 καὶ
2870 4815 3275 4895 Θεὸς-Ἰησοῦς
3296 4817 3329 4869 ό
3350 4814 3625 4895 Χριστός.

2051 4886 2367 4958 Simplicior
2402 4905 2465 4940 ac.
2498 4888 2764 4947 sincerior
2795 4900 2878 4941 est
2913 4890 3092 4949 lectio,
3146 4902 3306 4956 quam
3363 4888 3417 4939 in
3448 4886 3628 4958 tribus

2057 4954 2259 5016 neat-ris
2304 4957 2581 5013 codicibus
2633 4959 2933 5025 reperimus
2972 4958 3136 5023 M:iz.,
3167 4954 3309 5012 Med.
3352 4970 3415 5010 ac
3445 4954 3622 5009 Fuk.:

2066 5033 2123 5105 ξΟ
2148 5031 2349 5105 Κύριος
2378 5030 2535 5100 ἡμῶν
2580 5027 2786 5105 Ἰησοῦς
2807 5027 2869 5080 τὸ
2900 5027 3134 5105 θέλημα,
3169 5041 3274 5105 etc.
3307 5027 3474 5105 Quam
3503 5026 3626 5093 qui-

2055 5103 2175 5155 dem
2223 5099 2894 5174 scripturam__conlirmat_
2946 5102 3110 5152 etiam
3165 5099 3504 5174 Nicephorus
3562 5111 3624 5174 ac

2055 5172 2305 5225 Ruﬁnus.
2357 5169 2469 5224 Nec
2522 5169 2679 5231 nllus,
2727 5178 2785 5223 ut
2811 5169 3025 5235 Opinor,
3058 5168 3296 5239 negabit,
3336 5183 3453 5222 eam
3487 5168 3622 5239 scri-

2053 5253 2267 5311 pturam
2305 5241 2429 5294 huic
2469 5240 2589 5294 loco
2625 5240 2804 5311 aptius
2849 5236 3163 5311 convenire.
3198 5239 3437 5311 Primum
3472 5236 3620 5311 enim

2055 5306 2282 5366 veteres
2304 5311 2378 5365 illi
2414 5311 2507 5364 Dei
2536 5306 2857 5363 vocabulum
2907 5309 3007 5373 soli
3039 5310 3183 5362 Patri
3215 5308 3453 5361 tribuere
3482 5306 3623 5359 sole-

2053 5383 2203 5445 bant,
2247 5390 2305 5434 ut
2340 5393 2524 5434 notum
2558 5390 2664 5434 est.
2703 5378 2914 5433 Deinde
2938 5380 2981 5432 si
3017 5379 3317 5432 Thaddazus
3346 5378 3620 5443 Abgarum

2052 5452 2331 5520 alloquens
2366 5452 2599 5504 nondum
2626 5450 2779 5517 plena
2822 5449 3087 5503 imbutum
3131 5448 3258 5507 lide,
3290 5446 3476 5501 Jcsum
3525 5459 3622 5520 ap-

2020 5515 2304 5592 pellasset
2337 5522 2526 5592 Deum,
2552 5520 2604 5573 id
2628 5515 2912 5592 ‘Abgarum
2948 5520 3168 5592 turbare
3192 5520 3384 5592 merito
3410 5515 3622 5592 potuis-

2049 5588 2153 5659 set,
2192 5602 2245 5646 et
2279 5591 2420 5645 hanc
2447 5589 2521 5643 illi
2552 5591 2920 5659 suspicionem
2970 5589 3215 5658 injicere,
3241 5590 3380 5643 duos
3433 5588 3565 5641 deos
3586 5599 3617 5638 a

2049 5662 2321 5731 Thaddzeo
2350 5660 2657 5737 praedicari.
