3966 6264
298 312 402 372 127

994 302 1265 360 EUSEBII
1301 298 1778 359 C/ESARIENSIS
1813 295 1963 355 OPP.
2003 294 2185 351 PARS
2221 295 2262 352 Ι.
2302 321 2371 336 —-
2407 276 2821 349 HISTORICA.‘

3418 285 3520 342 128

299 436 354 489 in
386 432 585 500 ipsum,
634 423 832 495 inquit,
883 420 1091 478 credidi
1144 431 1200 475 et
1251 419 1303 473 in
1339 417 1559 472 Patrem
1609 416 1799 487 ipsius.
1832 435 1853 469 ι

1962 414 2052 467 ἐπὶ
2085 412 2144 466 σὲ
2182 414 2240 466 ἐν
2267 412 2490 483 ὀνόματι
2528 407 2691 463 αὑτοῦ
2719 405 2813 461 τοῦ
2858 406 3062 478 Κυρίου
3112 402 3306 476 Ἰησοῦ.
3345 424 3366 457 ι
3406 406 3521 458 Καὶ

297 526 449 580 Tunc
473 517 814 575 'l‘haddaeus:
850 531 868 566 t
906 513 1225 581 Propterea,
1260 510 1458 579 inquit,
1504 524 1722 563 manum
1763 507 1859 563 tibi

311 617 525 685 impono
556 612 609 665 in
641 606 863 664 nomine
894 605 1108 660 Domini
1134 602 1305 658 nostri
1338 601 1487 656 Jesu.
1526 619 1546 653 ι
1577 599 1696 668 Quo
1720 598 1862 655 facto

299 708 485 765 statim
522 703 768 769 Agbarus
798 698 995 752 morbo
1022 704 1079 752 et
1125 694 1447 767 aegritudine
1491 707 1600 762 qua
1646 691 1864 748 labora-

302 800 392 855 bat
426 805 510 852 est
534 794 817 852 liberatus,
842 802 1142 860 magnaque
1172 802 1296 843 eum
1332 785 1631 841 admiratio
1663 785 1860 848 tenuit,

300 888 440 959 quod
487 884 647 941 sicuti
693 883 760 938 de
801 880 927 937 Jesu
976 880 1117 933 fama
1167 885 1477 948 acceperat,
1527 876 1708 947 reipsa
1765 889 1863 944 per

299 978 629 1037 Thaddmum
661 973 980 1042 discipulum
1021 972 1191 1040 ipsius
1239 978 1294 1025 et
1339 968 1640 1038 apostolum
1670 966 1862 1037 imple-

307 1073 411 1122 tum
446 1067 688 1131 videbat,
721 1064 812 1134 qui
867 1063 1072 1130 absque
1122 1059 1247 1114 ullis
1286 1059 1701 1114 medicamentis
1735 1056 1860 1114 her-

302 1153 487 1222 bisque
529 1158 704 1224 ipsum
753 1151 1003 1222 pristinae
1031 1148 1330 1204 valetudini
1364 1148 1693 1205 restituisset
1723 1162 1736 1196 :
1762 1162 1862 1203 nec

300 1260 431 1299 vero
478 1246 648 1314 ipsum
690 1243 1051 1303 solummodo,
1073 1242 1168 1297 sed
1217 1249 1272 1296 et
1311 1241 1524 1297 Abdum
1567 1240 1859 1310 quemdam

300 1336 438 1390 Abdi
474 1335 639 1389 tilium
693 1337 935 1407 podagra
971 1334 1331 1399 laborantem,
1377 1331 1464 1405 qui
1493 1344 1613 1386 cum
1637 1331 1861 1400 supplex

299 1432 364 1485 ad
395 1427 652 1485 Thaddaei
681 1429 909 1498 vestigia
946 1425 1263 1496 provolutus
1301 1431 1470 1489 esset,
1520 1423 1859 1477 benedictio-

298 1538 421 1576 nem
448 1522 515 1576 ab
545 1534 610 1574 eo
644 1534 741 1588 per
768 1518 1171 1588 impositionem
1206 1530 1397 1569 manus
1449 1514 1725 1584 accipiens
1773 1528 1861 1567 sa-

299 1624 460 1667 natus
488 1620 591 1667 est.
620 1609 811 1664 Plures
836 1624 1054 1679 quoque
1083 1606 1177 1661 alii
1220 1622 1284 1661 ex
1317 1605 1509 1660 eadem
1546 1605 1767 1660 civitate
1792 1604 1861 1660 ab

296 1702 484 1755 eodem
536 1699 782 1770 apostolo
831 1699 1005 1755 curati
1058 1707 1224 1762 sunt,
1272 1694 1548 1765 multaque
1598 1694 1856 1750 miracula

1960 507 2115 560 τοῦτο
2141 503 2441 576 πράξαντος
2459 542 2474 565 ,
2504 499 2839 573 παραχρῆμα
2870 494 3207 569 ἐθεραπεύθη
3237 494 3335 565 τῆς
3363 493 3518 548 νόσου

1961 597 2055 650 καὶ
2083 594 2177 648 τοῦ
2204 593 2405 657 πάθους
2430 589 2492 646 οὗ
2516 587 2684 662 εἶχεν.
2721 588 3027 659 Ἐθαύμασέ
3063 604 3123 640 τε
3153 588 3181 640 6
3225 584 3517 658 Ἠγϐαρος,

1959 686 2042 739 ὅτι
2074 683 2254 748 καθὼς
2293 684 2553 755 ἦκουσται
2598 677 2747 749 αὐτῷ
2790 678 2919 750 περί
2961 676 3054 731 τοῦ
3105 673 3302 746 Ἰησοῦ,
3346 673 3521 739 οὓτως

1958 780 2072 841 τοῖς
2108 776 2290 848 ἔργοις
2336 772 2609 847 παρέλαϐε
2651 771 2739 826 διὰ
2781 766 2876 824 τοῦ
2931 767 3169 840 μαθητοῦ
3215 766 3377 821 αὐτοῦ
3425 767 3520 820 καὶ

1958 869 2253 922 ἀποστόλου
2278 865 2537 921 Θαδδαίου
2570 863 2704 937 (75),
2737 863 2796 927 ὃς
2831 861 2993 916 αὐτὸν
3019 860 3144 915 ἄνευ
3176 858 3519 931 φαρμακείας

1960 962 2055 1015 καὶ
2100 960 2334 1032 βοτανῶν
2368 958 2750 1031 ἐθεράπευσεν.
2792 956 2902 1010 Καὶ
2944 955 3004 1007 οὺ
3050 954 3227 1025 μόνον,
3256 952 3390 1007 ἀλλά
3426 950 3520 1005 καὶ

1963 1054 2154 1110 ’Δϐδον
2179 1054 2270 1123 τὸν
2302 1051 2397 1105 τοῦ
2428 1051 2622 1105 Ἀϐδου
2650 1048 2919 1119 ποδάγραν
2958 1046 3148 1117 ἔχοντα
3171 1063 3183 1075 ·
3213 1045 3271 1109 ὃς
3310 1044 3404 1099 καὶ
3431 1042 3522 1097 αὕ-

1956 1151 2047 1215 τὺς
2080 1147 2388 1221 προσελθὼν
2418 1145 2524 1199 ύπδ
2553 1145 2680 1208 τοὺς
2724 1143 2888 1205 πόδας
2915 1140 3076 1195 αὐτοῦ
3109 1140 3323 1203 ἔπεσεν,
3355 1137 3520 1210 εὐχάς

1951 1259 2012 1297 τε
2029 1243 2117 1298 διὰ
2128 1240 2309 1314 χειρὸς
2322 1239 2499 1294 λαϐὼν
2514 1235 2852 1310 ἐθεραπεύθη
2867 1234 3003 1306 (76)·
3023 1231 3244 1296 πολλούς
3256 1249 3315 1285 τε
3327 1230 3518 1295 ἄλλους

1964 1334 2291 1409 συμπολίτας
2321 1331 2501 1387 αὐτῶν
2528 1332 2558 1384 ὀ
2599 1329 2758 1392 αὐτὸς
2801 1329 2987 1382 ἰάσατο
3024 1323 3338 1391 ἀπόστολος,
3387 1322 3519 1377 θαυ-

1964 1425 2141 1499 μαστά
2178 1425 2271 1479 καὶ
2316 1421 2525 1495 μεγάλα
2565 1419 2755 1485 ποιῶν,
2785 1418 2880 1472 καὶ
2922 1416 3210 1488 κηρύσσων
3242 1415 3334 1468 τὸν
3364 1414 3521 1483 λόγον

1958 1516 2053 1571 τοῦ
2081 1514 2234 1569 Θεοῦ.
2269 1510 2424 1569 Μετὰ
2446 1512 2504 1567 δὲ
2535 1510 2706 1565 ταῦτα
2733 1512 2762 1562 6
2790 1507 3078 1579 Ἀϐγαρος,
3114 1524 3132 1557 ι
3167 1506 3238 1559 Σὺ
3271 1503 3516 1567 Θαδδαῖε,

1959 1610 2084 1682 ἔφη,
2128 1609 2223 1661 σὺν
2262 1605 2490 1677 δυνάμει
2517 1601 2611 1657 τοῦ
2643 1600 2776 1656 Θεοῦ
2804 1598 2978 1654 ταῦτα
3024 1599 3215 1662 ποιεῖς,
3243 1596 3336 1650 καὶ
3361 1596 3521 1666 ἡμεῖς

1962 1718 2021 1755 σε
2052 1700 2205 1754 αὐτοὶ
2231 1697 2638 1767 ἐθαυμάσαμεν.
2678 1692 2815 1745 Ἀλλ’
2838 1690 2931 1743 ἐπὶ
2954 1688 3163 1753 τούτοις
3186 1688 3373 1758 δέομαί
3403 1702 3518 1753 σου,

297 1800 605 1860 perpetrata
632 1806 751 1845 cum
796 1792 1020 1846 verbum
1052 1789 1146 1844 Dei
1190 1789 1299 1844 illic
1340 1789 1677 1858 praedicaret.
1730 1787 1855 1843 Post

1961 1788 2314 1863 διηγήσασθαί
2358 1804 2448 1858 μοι
2478 1786 2606 1857 περὶ
2645 1784 2741 1854 τῆς
2773 1781 3033 1844 ἐλεύσεως
3073 1778 3166 1832 τοῦ
3207 1775 3376 1848 Ἰησοῦ
3404 1775 3522 1839 πῶς

298 1884 413 1936 haec
446 1897 576 1938 vero
619 1884 867 1951 Agbarus
915 1884 995 1939 sic
1034 1882 1365 1938 Thaddaeum
1413 1880 1680 1936 allocutus
1729 1890 1854 1937 est:

301 1991 319 2023 ι
352 1972 701 2042 Quamunque
733 1972 891 2038 facis,
929 1975 1129 2044 inquit,
1169 1965 1459 2037 Thaddaee,
1511 1986 1613 2042 ope
1663 1972 1860 2027 divina?

294 2065 515 2120 virtutis
544 2066 642 2120 abs
675 2075 725 2120 te
756 2066 870 2120 ﬁeri
899 2067 1194 2130 credimus,
1248 2080 1425 2135 eaque
1470 2066 1540 2119 de
1592 2079 1751 2120 causa
1804 2072 1858 2119 te

294 2169 401 2209 non
435 2155 784 2210 mediocriter
806 2156 1160 2209 admiramur.
1193 2155 1324 2219 Sed,
1346 2169 1530 2219 quaeso
1558 2163 1629 2220 te,
1647 2168 1858 2222 expone

293 2241 548 2312 deinceps
580 2243 738 2297 nobis
789 2243 855 2296 de
893 2241 1020 2297 .Icsu
1070 2243 1242 2313 ipsius
1288 2244 1542 2307 adventu,
1596 2244 1770 2313 qualis
1804 2252 1860 2298 et

292 2333 588 2399 cujusmodi
623 2334 668 2388 is
699 2332 908 2388 fuerit:
957 2341 1011 2388 et
1050 2334 1117 2389 de
1166 2335 1406 2403 potentia
1454 2335 1715 2405 ejusdem,
1751 2351 1856 2407 qua

292 2426 507 2480 demum
539 2428 590 2479 vi
623 2436 786 2496 atque
828 2429 1030 2482 virtute
1076 2434 1157 2480 tot
1204 2432 1260 2479 et
1311 2434 1459 2481 tanta
1505 2442 1624 2497 quae
1669 2429 1856 2483 auditu

290 2517 600 2586 accepimus
648 2519 1005 2588 perpetrarit.
1041 2536 1062 2570 ι
1117 2516 1186 2571 Ει
1222 2516 1528 2572 Tbaddtcus
1567 2536 1583 2573 :
1641 2539 1660 2570 ι
1704 2517 1858 2575 Nunc

289 2606 532 2675 quidem,
563 2606 763 2676 inquit,
799 2621 1022 2677 parcam
1071 2605 1280 2669 dicere,
1309 2607 1747 2677 quandoquidem
1791 2610 1856 2663 ad

290 2694 512 2748 verbum
540 2695 630 2749 Dei
664 2697 836 2766 palam
868 2695 1122 2751 omnibus
1150 2694 1508 2749 nuntiandum
1541 2710 1660 2750 sum
1694 2697 1860 2752 desti—

292 2794 474 2841 natus.
514 2787 767 2842 Crastino
802 2802 932 2842 vero
977 2802 1248 2857 congrega
1304 2789 1439 2842 mihi
1476 2802 1666 2843 omnes
1709 2789 1859 2845 cives

293 2888 439 2942 tuos,
470 2889 525 2932 et
554 2881 775 2935 verbum
816 2880 908 2934 Dei
946 2895 1134 2935 coram
1162 2882 1266 2937 illis
1299 2881 1605 2948 praedicabo
1628 2882 1859 2950 vitaeque

290 2987 597 3026 sermonem
629 2974 680 3025 in
709 2987 900 3026 eorum
937 2973 1210 3026 mentibus
1252 2987 1454 3035 seram,
1481 2986 1758 3044 exponens
1791 2975 1859 3030 de

290 3063 522 3118 adventu
552 3061 678 3118 Iesu
712 3064 934 3130 Christi,
958 3064 1261 3135 cujusmodi
1310 3065 1497 3132 fuerit,
1529 3075 1584 3122 et
1614 3067 1680 3121 de
1711 3066 1855 3135 ejus-

290 3155 408 3209 dem
438 3155 544 3228 35
571 3155 837 3227 legatione
863 3198 878 3222 ,
914 3158 1065 3227 cujus
1100 3160 1176 3215 rei
1208 3153 1375 3214 causa
1404 3175 1434 3213 a
1465 3157 1626 3214 Patre
1652 3158 1855 3214 missus

288 3249 361 3303 sit
389 3261 406 3300 :
436 3248 502 3302 de
528 3248 767 3317 potentia
811 3248 954 3302 illius
984 3258 1038 3303 et
1065 3248 1132 3302 de
1157 3249 1376 3303 areanis
1405 3262 1525 3318 quae
1570 3249 1711 3302 inter
1750 3247 1850 3301 bo-

289 3341 464 3396 mines
485 3341 696 3396 locutus
721 3349 825 3405 est,
853 3350 907 3395 et
932 3355 1035 3408 qua
1073 3339 1126 3395 vi
1155 3354 1219 3394 ac
1249 3340 1450 3395 virtute
1485 3347 1563 3393 tot
1592 3338 1852 3394 miracula

290 3431 527 3503 patravit
559 3449 574 3488 :
613 3431 677 3485 de
716 3445 853 3484 nova
882 3429 1119 3498 ejusdem
1169 3429 1554 3500 prmdicatione
1588 3430 1699 3484 :-de
1730 3429 1854 3482 vili-

290 3533 399 3578 tate
437 3530 493 3578 et
517 3521 822 3593 abjectione
851 3522 1143 3578 exterioris
1170 3523 1286 3593 ejus
1313 3521 1666 3577 humanitatis
1699 3535 1716 3575 :
1747 3535 1855 3591 quo

357 3638 470 3712 (75)
503 3639 609 3694 Kal
642 3639 990 3712 ἀποστόλου
1022 3640 1336 3712 Θαδδαίου.
1369 3640 1499 3712 Duas
1528 3640 1738 3712 priores
1767 3638 1859 3694 vo-

288 3710 380 3764 ees
415 3713 612 3763 desunt
639 3710 696 3764 in
728 3711 901 3766 tribus
956 3712 1239 3767 codicibus
1276 3711 1574 3773 Mazarino,
1603 3710 1857 3766 Medica-0

288 3790 342 3834 et
377 3777 610 3841 Fuhetii,
654 3796 752 3834 nec
778 3780 1038 3844 leguntur
1079 3781 1133 3835 in
1166 3782 1420 3835 versione
1450 3780 1654 3837 Rufini.
1681 3779 1772 3834 Sic
1801 3789 1857 3835 et

288 3850 447 3920 paulo
478 3846 704 3904 inferius
728 3850 818 3920 ubi
857 3852 1053 3920 legitur
1083 3853 1111 3905 6
1135 3850 1296 3915 αὐτὸς
1324 3851 1513 3905 ἰάσατο
1542 3849 1855 3916 ἀπόστολος,

291 3919 453 3988 iidem
489 3928 598 3971 tres
624 3919 747 3988 libri
779 3919 1020 3974 ultimam
1045 3937 1230 3975 vocem
1259 3937 1364 3974 non
1393 3931 1718 3988 agnoscunt.

360 3987 471 4060 (76)
520 3987 730 4060 Ero);ch
747 4005 812 4043 τε
852 3989 949 4044 διὰ
994 3991 1191 4060 χειρὸς
1220 3987 1436 4045 λαϐὼν
1474 3990 1858 4059 ἐθεραπεύθη.

290 4059 532 4114 PeSsime
554 4061 694 4113 hunc
720 4059 895 4114 locum
925 4059 1206 4117 verterunt
1235 4060 1509 4117 Muscu‘c:
1536 4070 1590 4115 et
1613 4060 1859 4115 Christo-

292 4133 614 4201 phorsonus.
662 4128 928 4201 Putarunt
957 4132 1100 4184 enim
1134 4129 1299 4201 εὐχὰς
1345 4131 1528 4184 λαϐεῖν
1562 4131 1704 4201 idem
1737 4144 1858 4183 esse

290 4199 433 4265 quod
457 4200 561 4251 voti
585 4209 868 4267 compotem
892 4199 1033 4267 ﬁeri,
1073 4199 1207 4255 cum
1224 4199 1297 4254 Sit
1326 4199 1735 4254 benedictionem
1765 4213 1850 4251 ac-

288 4271 480 4337 cipere.
549 4267 691 4337 idem
747 4279 831 4321 est
891 4271 1054 4337 igitur
1105 4285 1168 4324 ac
1211 4270 1256 4323 si
1316 4271 1546 4325 dixisset
1586 4268 1853 4323 Eusebius

285 4336 531 4410 διέύχῇς
558 4336 654 4410 καὶ
679 4336 1222 4410 χειῴνλέπιθέσεως.
1247 4349 1303 4393 ιιι
1325 4339 1561 4410 loquitur
1589 4338 1763 4410 inlib.
1786 4352 1846 4399 tt,

287 4407 439 4479 capg
465 4408 517 4479 1.
561 4407 675 4479 Non
709 4407 853 4462 recte
882 4408 1047 4479 igitur
1084 4407 1421 4479 Nicephorus
1462 4423 1564 4479 pro
1595 4407 1700 4463 illis
1726 4423 1847 4479 ver.

286 4477 370 4550 bis
393 4478 556 4547 εύχάς
579 4477 674 4550 (διὰ⁸
686 4479 867 4549 χειρὸς
893 4477 1095 4541 λαϐών,
1127 4477 1239 4534 hac
1262 4480 1444 4550 posuit
1466 4477 1609 4550 εὐχῇ
1637 4495 1699 4531 τε
1735 4477 1851 4548 ἅμα

287 4549 380 4603 καὶ
411 4552 476 4620 τῇ
512 4550 621 4620 ἁφῇ
656 4547 847 4603 θᾶττον
878 4550 985 4603 τῶν
1034 4549 1308 4622 δυσχερῶν
1348 4547 1851 4622 ἀπηλλάττοντο,ίά

286 4628 390 4684 est,
421 4621 578 4672 simul
635 4628 789 4687 atque
818 4632 1053 4676 orassent
1086 4632 1133 4674 et
1178 4622 1460 4690 tetigissent
1505 4621 1851 4690 Tltaddwttm,

285 4691 464 4760 statim
494 4690 689 4743 morbis
720 4690 927 4744 liberati
954 4702 1094 4745 sunt.
1133 4689 1295 4760 Atqui
1336 4705 1438 4744 non
1468 4691 1569 4746 hoc
1599 4690 1731 4760 (1in
1756 4689 1854 4741 Eu-

285 4759 495 4822 sebius,
523 4762 616 4813 sed
646 4772 835 4814 manus
867 4757 1297 4829 impositiouect
1324 4763 1640 4830 precatione
1669 4757 1847 4830 Thad-

283 4830 411 4903 ἀέρι
437 4845 611 4903 mgros
637 4843 710 4903 _cu
721 4838 861 4903 ratos
886 4828 1074 4885 fuisse.
1105 4830 1285 4903 Εύχάς
1304 4828 1393 4886 διὰ
1416 4831 1597 4903 χειρός
1617 4828 1701 4883 vel
1725 4828 1853 4882 sim-

285 4898 691 4970 ιιΙῙοΙιοιῆεύχὰς
709 4900 891 4970 χειρὸς
911 4903 1118 4970 antiqui
1149 4898 1338 4956 Patres
1361 4898 1636 4955 vocabant
1664 4913 1854 4970 manus

286 4968 868 5037 intpositioueinctim
932 4968 1267 5039 precatione.
1328 4972 1421 5026 Sic
1476 4973 1526 5023 iu
1583 4968 1854 5037 excerptis

287 5039 547 5111 Theodoti
608 5055 711 5111 seu
768 5040 841 5111 iu
878 5038 1028 5095 libris
1080 5038 1515 5111 Hypotgposeonw
1533 5039 1850 5111 Clementis,

285 5108 567 5181 pag._544,
594 5112 669 5181 tle
699 5109 987 5181 baptismo,
1015 5111 1113 5163 Διὰ
1141 5108 1299 5165 τοῦτο
1332 5110 1595 5181 νηστείαι,
1617 5110 1850 5180 δεήσεις,

284 5177 441 5249 εὐχαὶ
462 5177 679 5249 χειρῶν,
704 5178 1058 5247 γονυκλισίαι.
1090 5177 1435 5237 ΡΓεείιοάθΙκιι
1471 5193 1648 5236 autem
1676 5177 1853 5234 Oratio

288 5249 685 5315 imposuionem
723 5266 1004 5306 mauuum.
1051 5250 1331 5305 Possidius
1357 5252 1410 5304 in
1449 5250 1569 5305 Vita
1601 5250 1854 5319 Augusti-

285 5321 363 5377 ni.
387 5333 507 5386 cap.
537 5319 605 5373 29
637 5336 650 5372 :
689 5319 841 5385 Quod
868 5323 990 5375 dum
1009 5322 1362 5385 comperisset,
1400 5319 1573 5389 facere
1604 5337 1705 5373 non
1729 5320 1849 5373 dis-

286 5390 447 5455 tulit;
495 5391 585 5443 sed
615 5393 915 5456 con/estim,
949 5407 1167 5445 ntanum
1208 5391 1288 5443 illi
1317 5393 1588 5456 imponens
1619 5391 1854 5444 oratione

281 5461 586 5527 prcmissa;
612 5470 659 5513 et
691 5460 841 5513 illum
880 5461 1150 5529 inﬁrmum
1200 5464 1448 5515 continuo
1486 5461 1744 5515 Dominus
1775 5476 1856 5512 sa-

286 5546 409 5582 num
432 5530 514 5600 ab
541 5531 718 5584 eodem
736 5531 1016 5600 discedere
1039 5532 1190 5600 fecit.

355 5598 489 5671 (76‘)
529 5599 760 5668 Ἐπειδὴ
791 5598 1047 5669 κηρύξαι
1066 5601 1174 5654 τὸν
1189 5602 1376 5671 λόγον
1388 5600 1851 5669 ἀπεστάληι·.Ει

283 5672 533 5723 versione
556 5671 731 5724 Rutini
762 5672 1171 5740 suspicariquis
1196 5674 1431 5725 fortasse
1454 5682 1658 5740 posset,
1690 5672 1852 5740 verba

290 5740 375 5795 hic
403 5755 520 5795 esse
576 5738 925 5812 transposita.
981 5738 1079 5797 Sic
1109 5742 1253 5797 enim
1282 5743 1443 5797 vertit
1481 5738 1749 5798 Ruﬁnus:
1784 5738 1850 5792 Et

1844 5872 1871 5929 ἕ

1958 1884 2190 1952 ἐγένετο,
2221 1880 2315 1934 καὶ
2346 1877 2600 1950 περὶτῆς
2639 1875 2917 1946 δυνάμεως
2947 1870 3132 1933 αὐτοῦ,
3175 1870 3266 1923 καὶ
3308 1872 3367 1923 ἐν
3394 1867 3523 1939 ποίᾳ

1956 1975 2182 2046 δυνάμει
2233 1970 2403 2026 ταῦτα
2446 1968 2639 2033 ἐποίει,
2689 1968 2845 2022 ἅτινα
2890 1965 3220 2035 ἠκούσαμεν.
3271 1980 3291 2014 s
3340 1961 3450 2016 Καὶ
3493 1961 3525 2037 6

1956 2068 2230 2130 Θαδδαῖος,
2267 2084 2286 2117 ι
2319 2063 2433 2117 Νῦν
2480 2063 2575 2134 μὲν
2618 2060 2985 2131 σιωπήσομαι,
3024 2057 3159 2127 ἔφη,
3192 2054 3377 2127 ἐπειδὴ
3416 2071 3522 2125 κη·-

1959 2160 2115 2233 ρύξαι
2143 2159 2233 2212 τὸν
2257 2159 2412 2225 λόγον
2428 2154 2734 2225 ἀπεστάλην
2761 2152 2910 2223 (76⁵).
2935 2149 3130 2222 Αὔριον
3154 2149 3211 2202 δὲ
3234 2146 3523 2218 ἐκκλησία-

1958 2252 2048 2305 σόν
2083 2268 2170 2322 μοι
2196 2251 2320 2312 τοὺς
2343 2248 2563 2310 πολίτας
2590 2263 2684 2299 σου
2714 2244 2944 2308 πάντας,
2979 2244 3071 2297 καὶ
3104 2242 3192 2294 ἐπ’
3216 2241 3392 2295 αὐτῶν
3423 2257 3522 2312 κη-

1961 2341 2102 2413 ρύξω
2136 2341 2225 2395 τὸν
2261 2338 2415 2408 λόγον
2454 2336 2548 2391 τοῦ
2576 2336 2734 2399 Θεοῦ,
2775 2336 2869 2389 καὶ
2901 2333 3089 2405 σπερῶ
3121 2335 3178 2388 ἐν
3216 2333 3396 2396 αὐτοῖς
3429 2331 3523 2385 τὸν

1957 2433 2114 2501 λόγον
2150 2430 2251 2500 τῆς
2291 2429 2456 2500 ζωῆς,
2488 2427 2614 2498 περί
2657 2444 2717 2480 τε
2762 2426 2859 2498 τῆς
2903 2425 3167 2489 ἐλεύσεως
3204 2423 3300 2478 τοῦ
3348 2421 3520 2495 Ἰησοῦ

1954 2521 2135 2586 καθὼς
2162 2520 2406 2590 ἐγένετο,
2437 2520 2533 2574 καὶ
2563 2520 2691 2590 περὶ
2727 2519 2824 2590 τῆς
2858 2518 3161 2589 ἀποστολῆς
3191 2515 3379 2580 αὐτοῦ,
3425 2515 3519 2571 καὶ

1957 2613 2115 2665 ἕνεκα
2146 2611 2289 2673 τίνος
2315 2608 2591 2680 ἀπεστάλη
2623 2608 2728 2662 ὑπὸ
2749 2606 2841 2662 τοῦ
2874 2607 3104 2678 Πατρὺς,
3146 2606 3240 2661 καὶ
3270 2606 3397 2678 περ).
3423 2606 3523 2678 τῆς

1956 2703 2235 2775 δυνάμεως
2259 2701 2366 2755 τῶν
2398 2701 2575 2774 ἔργων
2603 2701 2789 2765 αὑτοῦ,
2821 2700 2914 2757 καὶ
2953 2699 3262 2771 μυστηρίων
3293 2691 3367 2752 ὧν
3400 2697 3524 2752 ἐλά-

1955 2793 2117 2866 λησεν
2145 2795 2203 2847 ἐν
2241 2793 2318 2864 τῷ
2345 2793 2553 2865 κόσμῳ,
2594 2795 2687 2847 καὶ
2714 2794 2843 2864 ποίᾳ
2871 2792 3096 2863 δυνάμει
3127 2790 3299 2845 ταῦτα
3327 2789 3517 2844 ἐποίει·

1957 2889 2050 2944 καὶ
2083 2888 2335 2960 περὶτῆς
2370 2887 2562 2957 καινῆς
2589 2882 2752 2940 αὑτοῦ
2789 2885 3088 2957 κηρύξεως,
3124 2884 3217 2937 καὶ
3263 2884 3390 2955 περί
3421 2882 3524 2953 τῆς
3557 2933 3561 2935 .

1960 2979 2320 3052 σμικρότητος
2344 2978 2439 3032 καὶ
2459 2976 2734 3055 εὐτελείας
2755 2976 2851 3031 καὶ
2875 2975 3003 3047 περὶ
3027 2975 3125 3046 τῆς
3145 2972 3522 3035 ταπεινώσεως

1955 3070 2050 3124 τοῦ
2107 3069 2428 3140 φαινομένου
2480 3068 2676 3135 ἔξωθεν
2724 3066 3009 3138 ἀνθρώπου
3055 3066 3164 3137 (77)
3185 3083 3199 3097 ο
3261 3067 3356 3120 καὶ
3405 3064 3525 3131 πῶς

1958 3157 2315 3213 ἐταπείνωσεν
2356 3157 2549 3211 ἑαυτὸν
2598 3156 2693 3210 καὶ
2745 3155 3001 3220 ἀπέθανε,
3055 3156 3147 3209 καὶ
3195 3154 3526 3226 ἐσμίκρυνεν

1958 3249 2121 3305 αὐτοῦ
2150 3248 2247 3320 τὴν
2266 3248 2509 3318 θεότητα·
2534 3248 2634 3302 ὅσα
2658 3249 2707 3300 τ’
2737 3247 2839 3300 ὑπὸ
2875 3247 3141 3301 Ἰουδαίων
3163 3246 3362 3301 ἔπαθεν
3389 3244 3520 3317 (78).

1959 3344 2051 3398 καὶ
2095 3342 2211 3408 πῶς
2254 3341 2592 3413 ἐσταυρώθη,
2631 3341 2727 3396 καὶ
2762 3340 2965 3410 κατέϐη
2999 3341 3077 3403 εἰς
3122 3340 3212 3393 τὸν
3242 3340 3394 3414 ᾅδην,
3430 3342 3525 3399 καὶ

1957 3431 2188 3503 διέσχισε
2232 3432 2484 3502 φραγμὸν
2521 3432 2612 3486 τὸν
2641 3430 2700 3498 ἐξ
2744 3430 2936 3497 αἰῶνος
2971 3431 3047 3504 μὴ
3091 3433 3396 3504 σχισθέντα,
3433 3437 3526 3489 καί

1957 3521 2177 3595 ἀνέστη,
2221 3522 2315 3578 καὶ
2343 3524 2629 3596 συνήγειρε
2654 3524 2878 3597 νεκροὺς
2904 3524 3012 3595 (79)
3048 3524 3175 3588 τοὺς
3198 3524 3292 3578 ἀπ’
3315 3522 3525 3579 αἰώνων

1959 3641 2258 3696 Thaddmus
2290 3640 2489 3695 :Nunc
2519 3649 2728 3711 quidem
2764 3642 2965 3697 tacebo.
3012 3639 3205 3694 Verum
3258 3642 3382 3709 quia
3410 3658 3528 3695 ver-

1957 3712 2077 3764 bum
2111 3713 2301 3765 missus
2331 3727 2446 3764 sum
2475 3712 2785 3779 prwdicare,
2816 3712 3050 3765 crastino
3098 3725 3357 3779 congrega
3390 3713 3522 3765 milii

1952 3791 2130 3852 omnes
2158 3783 2288 3852 cives
2307 3791 2446 3852 tuos,
2464 3792 2569 3852 etc.
2595 3781 2756 3846 Quasi
2793 3781 2845 3852 in
2865 3780 3055 3852 Graeco
3090 3781 3305 3852 legisset
3335 3779 3524 3852 αὔριον

1953 3849 2026 3917 δέ,
2039 3849 2225 3920 ἐπειδὴ
2241 3849 2472 3973 κἏρύξαι
2502 3850 2594 3905 τὸν
2619 3851 2775 3919 λόγον
2800 3848 3128 3929 ἀπεστάλην,
3168 3848 3524 3920 ἐκκλησίασόν

1962 3938 2050 3973 μοι
2080 3922 2205 3973 τοὺς
2228 3938 2297 3973 πο
2334 3920 2470 3973 ίτας.
2498 3932 2602 3973 etc.
2625 3922 2728 3973 Sed
2755 3936 2813 3973 re
2829 3929 3134 3973 accuratius
3160 3934 3419 3973 ueroeusa
3440 3923 3524 3973 ni-

2002 3938 2050 3973 0t
2080 3922 2205 3984 τοὺς
2228 3920 2470 3984 πολίτας,
2498 3932 2602 3975 etc.
2625 3922 2728 3976 Sed
2755 3936 2813 3975 re
2829 3921 3134 3975 accuratius
3160 3934 3419 3987 perpensa
3440 3923 3526 3974 ni-

2002 3939 2050 3973 οι
2080 3939 2205 3984 τους
2228 3939 2470 3984 πολιτας,
2498 3939 2602 3975 εις.
2625 3939 2728 3976 δερ
2755 3939 2813 3975 re
2829 3939 3134 3975 accuratius
3161 3939 3419 3987 perpensa
3440 3939 3524 3974 111·

1961 3939 2039 4045 ἰῖιι
2089 3992 2176 4044 hic
2218 3992 2535 4045 mutandum
2571 4006 2787 4045 censeo.
2838 3990 3143 4055 Respondet
3170 3991 3313 4043 enim
3338 3989 3524 4045 Thad-

1965 4061 2112 4115 daeus
2139 4074 2197 4114 se
2218 4062 2269 4113 in
2290 4064 2576 4130 praesentia
2603 4063 2818 4128 quidem
2841 4058 2980 4130 nihil
3003 4058 3295 4130 dicturum,
3327 4061 3525 4130 quippe

1963 4131 2054 4199 qui
2090 4127 2301 4183 missus
2317 4141 2484 4196 esset,
2520 4139 2579 4183 ut
2621 4129 2968 4199 Evangelium
2999 4143 3107 4182 non
3137 4127 3274 4199 clam
3295 4138 3350 4183 et
3384 4127 3522 4183 inter

1964 4198 2203 4269 privatos
2250 4199 2503 4268 parietes,
2550 4201 2646 4256 sed
2697 4201 2752 4254 in
2794 4198 2967 4253 media
3006 4198 3283 4269 concione
3338 4214 3520 4253 coram

1958 4265 2175 4338 pOpnIis
2206 4265 2289 4339 ac
2339 4271 2596 4338 gentibus
2637 4269 2973 4339 praedicaret.
3005 4265 3062 4321 Id
3101 4267 3372 4339 signiﬁcat
3414 4284 3518 4324 vos

1958 4336 2059 4410 illa,
2075 4338 2330 4410 κηρύξαι,
2346 4336 2525 4410 quam
2559 4336 2667 4394 non
2692 4338 3073 4410 intellexerunt
3100 4336 3446 4410 interpretes.

2028 4407 2313 4479 (77)"Hepl
2346 4407 2884 4479 τῆςᾼσμικρότητος
2923 4407 3022 4479 καὶ
3060 4407 3214 4479 εὐτ..)
3249 4407 3368 4479 καί-
3389 4408 3520 4477 περὶ

1953 4477 2062 4546 τῆς
2108 4492 2337 4533 cancer.
2384 4477 2489 4533 τοῦ
2514 4477 2877 4549 φαινομένου
2913 4477 3137 4542 ἔξωθεν
3186 4477 3518 4549 ἀνθρώίεου.

1958 4551 2081 4604 Haec
2116 4561 2200 4604 est
2227 4550 2388 4604 lectio
2412 4550 2616 4604 codicis
2648 4547 2801 4619 Regii
2834 4563 2998 4619 quam
3025 4557 3242 4619 secutus
3264 4558 3347 4600 est
3383 4547 3521 4619 Rob.

1960 4619 2289 4688 Stephanus.
2321 4620 2392 4673 At
2448 4621 2617 4674 nostri
2670 4616 2885 4673 codices
2921 4617 3082 4681 Maz.,
3110 4617 3249 4688 Med.
3287 4632 3350 4670 ac
3382 4616 3516 4688 Fuit.

1959 4686 2178 4761 tantum
2198 4689 2397 4743 habent
2437 4691 2568 4761 περ).
2591 4690 2690 4761 τῆς
2719 4688 3100 4761 σμικρότητος,
3143 4686 3238 4740 καὶ
3268 4688 3396 4761 περὶ
3422 4686 3524 4758 τῆς

1952 4755 2334 4829 ταπεινῴσεως
2405 4755 2595 4824 αὐτοῦ,
2640 4755 2802 4829 quain
2852 4755 3176 4826 {scripturam
3239 4755 3524 4812 conﬁrmat

1955 4835 2116 4884 etiam
2149 4827 2396 4882 Ruﬁnus.

2024 4898 2134 4970 (78)
2165 4900 2311 4954 Ὅσα
2338 4917 2402 4953 τε
2433 4899 2548 4953 ὑπὸ
2587 4899 2886 4955 Ἰουδαίων
2931 4897 3169 4970 ἔπαθεν.
3205 4895 3326 4970 Hmc
3353 4897 3520 4970 verba

1954 4965 2151 5023 abémnt
2174 4973 2242 5022 ab
2260 4972 2510 5025 omnibus
2543 4972 2749 5023 nostris
2766 4969 3069 5030 codicibus,
3088 4965 3258 5036 Regio
3289 4966 3516 5029 scilicet,

1956 5040 2185 5103 Mazar.,
2217 5040 2357 5094 Med.
2386 5056 2449 5094 ac
2481 5039 2641 5103 Fuk.,
2670 5055 2769 5092 nec
2803 5037 3071 5092 habentur
3105 5038 3157 5090 in
3192 5038 3517 5105 interpreta-

1959 5112 2103 5163 tione
2152 5109 2355 5163 Ruﬁni.
2419 5110 2578 5164 Solus
2611 5111 2780 5163 codex
2812 5107 2952 5161 Med.
2987 5122 3048 5160 ea
3080 5108 3310 5172 ascripta
3358 5106 3523 5159 habet

1956 5180 2008 5234 iu
2055 5180 2317 5251 margine.
2360 5178 2416 5232 In
2438 5190 2624 5251 textu
2645 5193 2772 5251 vero
2802 5178 3023 5251 perinde
3052 5191 3120 5251 ac
3144 5176 3334 5251 reliqui
3361 5175 3522 5251 Acodi-

1954 5265 2045 5301 ρος
2073 5243 2346 5320 scripturn
2365 5250 2584 5304 exhibet
2610 5243 2940 5320 ὲσμίκρυνεν
2959 5244 3123 5300 αὑτοῦ
3156 5243 3515 5317 τὴνίθεότητα

1955 5320 2050 5391 καί
2079 5318 2417 5391 ἐσταυρώθη.

2026 5389 2132 5462 (79)
2181 5383 2291 5443 Keil
2339 5383 2564 5456 ὰόθέστη
2595 5387 2695 5462 καί
2740 5383 3082 5462 συνήγειρε-
3113 5385 3379 5462 νεκρούς,
3412 5393 3519 5462 εἰσ,

1956 5453 2044 5514 Ιιέ
2067 5453 2283 5528 quidem
2317 5476 2382 5513 ex
2422 5453 2612 5514 codice
2638 5459 2806 5526 Regio
2847 5453 3016 5528 edidit
3050 5453 3396 5528 Stephaan
3413 5456 3520 5528 Sed

1959 5532 2010 5581 iu
2049 5524 2222 5584 tribus
2275 5531 2480 5584 nostris
2538 5524 2818 5584 codicibus
2869 5525 3031 5587 Mam,
3065 5526 3203 5578 Med.
3260 5541 3323 5577 ac
3358 5524 3517 5585 Fttlt.,

1957 5600 2114 5660 longe
2145 5602 2301 5653 aliter
2341 5601 2598 5653 scribitur
2649 5598 2734 5650 hic
2774 5597 2956 5651 locus:
2993 5596 3087 5651 καὶ
3121 5597 3395 5662 ἀνήγαγεν
3436 5611 3523 5662 νε.-

2435 5638 2565 5753 ξ
2576 5638 2776 5753 ξςὶ
2791 5638 3357 5753 νσυνῆἧΐεῖρε,
3379 5680 3392 5694 .
3420 5661 3519 5749 ετέν

1954 5735 2126 5803 οὕτως
2164 5739 2327 5795 ἀνέϐη
2360 5735 2495 5795 ποὺς
2517 5735 2607 5792 τὸν
2638 5738 2851 5792 Πατέοα
2887 5735 3070 5790 αὑτοῦ.
3092 5735 3405 5789 Ἐκέλευσεν
3430 5735 3523 5787 οὖν

2929 5940 2945 5973 \
