3966 6264
302 302 400 357 155

1302 302 1648 360 HISTORUE
1688 303 2244 362 ECCLESIASTICIE
2285 305 2412 364 LIB.
2454 305 2519 362 Il.

3451 324 3562 378 154

300 422 392 476 τοῦ
431 423 708 493 σωτηρίου
745 425 922 493 Λόγου
957 424 1089 496 (8i),
1117 427 1210 480 καὶ
1236 428 1331 499 τῆς
1358 428 1738 498 ἀρχαιολογίας
1779 429 1862 482 τῶ·

1991 429 2170 484 notari
2197 432 2463 500 oportuit,
2503 439 2615 486 tum
2656 432 2722 489 de
2757 437 3043 492 divinitate
3071 439 3259 507 Verbi,
3289 451 3341 497 et
3377 445 3441 499 de
3472 463 3564 500 ve-
3606 442 3609 444 ’

305 517 398 587 τῆς
429 516 714 585 ἡμετέρας
770 518 1115 582 διδασκαλίας
1168 519 1476 589 δογμάτων,
1527 520 1884 592 ἀρχαιότητός

305 623 363 658 τε
392 605 487 673 τῆς
511 604 658 657 κατά
680 607 1040 676 Χριστιανοὺς
1065 609 1426 680 εὐαγγελικῆς
1483 610 1775 674 πολιτείας,
1823 612 1882 663 οὐ

312 697 411 767 μὴν
438 696 575 748 ἀλλὰ
609 699 708 750 καὶ
733 700 834 752 ὅσα
867 700 992 769 περὶ
1023 701 1120 770 τῆς
1154 701 1450 772 γενομένης
1497 700 1720 771 ἔναγχος
1763 705 1886 755 ἐπι-

308 787 529 854 φανείας
556 789 750 850 αὐτοῦ,
775 790 847 842 τά
872 807 931 841 τε
956 790 1084 860 περὶ
1121 789 1215 842 τοῦ
1260 790 1464 854 πάθους
1513 792 1608 844 καὶ
1656 793 1723 845 τὰ
1758 794 1886 868 περι

307 877 399 946 τῆς
425 876 534 928 τῶν
558 869 876 931 ἀποστόλων
907 878 1132 948 ἐκλογῆς
1166 881 1223 930 ἐν
1256 878 1334 948 τῷ
1367 879 1472 950 πρὸ
1510 879 1720 943 τούτου,
1763 897 1886 932 συν-

307 966 562 1037 τεμόντες
611 967 714 1030 τὰς
758 968 1087 1034 ἀποδείξεις,
1131 969 1504 1040 διειλὴφαμεν.
1545 971 1680 1041 Φέρε
1714 971 1757 1023 δ’
1791 972 1884 1024 ἐπὶ

308 1058 398 1110 τοῦ
433 1059 704 1130 παρόντος
745 1059 845 1130 ἥδη
891 1062 983 1112 καὶ
1020 1061 1090 1113 τὰ
1124 1062 1260 1131 μετὰ
1296 1062 1388 1131 τὴν
1421 1061 1686 1132 ἀνάληψιν
1718 1062 1882 1115 αὐτοῦ

307 1152 748 1224 διασκεψώμεθα,
776 1154 845 1207 τὰ
889 1156 984 1225 μὲν
1020 1156 1212 1208 ἐκτῶν
1262 1156 1419 1209 θείων
1471 1157 1886 1228 παρασημαινό-

313 1261 458 1313 μενοι
488 1246 863 1318 Γραμμάτων,
888 1247 954 1300 τὰ
985 1248 1031 1300 δ’
1066 1247 1260 1314 ἔξωθεν
1310 1247 1792 1319 προσιστοροῦντες
1825 1248 1882 1313 ἐξ

305 1330 377 1389 ὧν
433 1337 579 1390 κατὰ
649 1337 840 1409 καιρὸν
911 1339 1356 1409 μνημονεύσομεν
1403 1339 1512 1412 (89.)
1558 1339 1884 1410 ὑπομνημά-

309 1445 432 1482 tarv.

836 1502 1232 1554 ΚΕΦΑΛᾹΙΟΝ
1264 1502 1341 1553 Α’.

308 1593 442 1659 Περὶ
473 1593 584 1659 τῆς
609 1594 760 1661 μετὰ
791 1594 906 1660 τὴν
936 1593 1246 1662 ἀνάληψιν
1296 1594 1401 1647 τοῦ
1447 1595 1705 1662 Χριστοῦ
1755 1596 1882 1651 δια-

419 1663 618 1733 γωγῆς
640 1663 756 1716 τῶν
776 1663 1313 1734 ἀποστόλωνεωίο.
1346 1664 1415 1717 Η.
1443 1664 1510 1718 Ε.
1547 1681 1602 1727 ll,
1636 1665 1777 1736 1-6.)

1989 531 2194 577 tustate
2226 523 2488 577 doctrina:
2518 536 2716 581 nostra:
2763 538 2924 596 atque
2965 534 3299 602 evangelicae
3350 537 3564 593 vivendi

1987 614 2173 669 forma
2211 635 2224 669 :
2258 627 2370 670 tum
2405 619 2468 671 de
2505 621 2709 674 recenti
2740 623 2981 688 ejusdem
3015 623 3323 682 Servatoris
3357 629 3565 683 adven-

1987 715 2066 771 tu,
2098 707 2163 761 de
2191 709 2442 776 passione
2477 720 2530 763 et
2558 711 2625 765 de
2649 714 3013 781 apostolorum
3049 717 3317 772 electione
3346 761 3360 783 ,
3400 737 3565 790 supe-

1987 797 2133 851 riore
2183 799 2324 852 libro
2353 802 2622 870 complexi
2674 819 2858 858 sumus
2888 847 2902 868 ,
2935 808 3164 877 adjectis
3207 821 3410 878 quanta
3443 814 3561 866 fieri

1985 888 2159 956 potuit
2225 889 2492 946 brevitate
2549 887 2976 961 probationibus.
3036 899 3190 956 Nunc
3244 918 3376 956 vero
3439 920 3560 974 quae

1985 990 2107 1048 post
2134 981 2252 1050 ejus
2281 985 2650 1039 ascensionem
2704 992 2990 1045 subsecuta
3039 1004 3206 1058 sunt,
3263 997 3313 1048 in
3363 997 3463 1050 hoc
3495 998 3560 1051 li-

1985 1072 2082 1126 bro
2128 1072 2518 1142 dispiciamus,
2573 1079 2771 1145 partim
2822 1097 2887 1134 ex
2931 1085 3104 1136 sacris
3152 1083 3370 1138 Litteris
3415 1087 3556 1155 peti-

1986 1170 2077 1227 ta,
2127 1164 2323 1230 partim
2373 1165 2537 1218 etiam
2589 1181 2654 1221 ex
2705 1170 2827 1223 aliis
2877 1176 3284 1240 monumentis,
3323 1191 3554 1244 quorum

1985 1269 2080 1308 suo
2117 1254 2234 1310 loco
2266 1270 2328 1311 ac
2366 1266 2606 1326 tempore
2636 1262 2964 1317 mentionem
3006 1263 3201 1320 facturi
3233 1283 3442 1322 sumus.

2544 1509 2653 1579 33
2687 1511 2916 1566 CAPUT
2947 1512 2988 1568 t.

2019 1594 2094 1648 De
2119 1596 2198 1650 his
2230 1613 2344 1667 qua:
2373 1603 2596 1668 apostoli
2652 1607 3040 1726 ilo/nstitaerunt
3074 1616 3193 1674 post
3233 1624 3507 1663 ascensum

2719 1685 2878 1726 tristi.

2719 1685 2878 1728 ινιδιι.

375 1755 600 1826 Πρῶτος
632 1756 915 1827 τοιγαροῦν
948 1756 1059 1827 (85)
1113 1759 1191 1821 είς
1244 1757 1342 1828 τὴν
1401 1757 1701 1829 ἀποστολὴν
1762 1760 1859 1813 ἀντ

2053 1757 2294 1812 Primum
2345 1759 2508 1831 igitur
2536 1762 2587 1816 in
2619 1764 2794 1818 locum
2827 1768 3121 1836 proditoris
3150 1767 3298 1824 Judat
3329 1781 3546 1840 aposto-

306 1846 393 1899 τοῦ
421 1848 680 1917 προδότου
729 1848 895 1902 Ἰούδα
923 1848 1217 1918 κληροῦται
1237 1848 1504 1915 Ματθίας,
1535 1845 1614 1913 εἷς
1653 1852 1744 1904 κα)⁵
1777 1852 1875 1903 αὐ-

303 1938 410 2000 τὸς,
430 1939 508 2001 ὡς
540 1939 852 2011 δεδήλωται,
881 1941 987 1994 τῶν
1009 1940 1101 1993 τοῦ
1135 1941 1339 2011 Κυρίου
1372 1943 1658 2011 γενόμενος
1695 1942 1872 2014 μαθη-

301 2031 424 2082 τῶν.
454 2031 823 2084 Καθίστανται
855 2033 909 2084 δὲ
933 2032 999 2084 δι’
1030 2032 1193 2102 εὐχῆς
1228 2033 1321 2085 καὶ
1353 2033 1549 2102 χειρῶν
1579 2032 1872 2098 ἐπιθέσεως

301 2122 405 2174 τῶν
428 2125 740 2178 ἀποστόλων
772 2127 851 2188 εἰς
901 2125 1195 2190 διακονίαν,
1241 2125 1542 2197 ὑπηρεσίας
1585 2127 1745 2179 ἕνεκα
1779 2125 1871 2180 τοῦ

301 2213 502 2276 κοινοῦ,
535 2217 731 2288 ἄνδρες
764 2215 1207 2287 δεδοκιμασμένοι
1238 2218 1327 2272 τὸν
1366 2217 1596 2288 ἀριθμὸν
1630 2217 1768 2271 ἑπτὰ
1822 2220 1870 2272 οἱ

300 2307 438 2376 ἀμφὶ
455 2308 850 2389 τὸν-Στέφανον
867 2326 880 2338 ⁸
909 2310 967 2372 ὃς
990 2309 1082 2361 καὶ
1109 2309 1318 2381 πρῶτος
1366 2309 1502 2381 μετὰ
1522 2310 1613 2363 τὸν
1645 2312 1868 2382 Κύριον,

301 2399 409 2466 ἃμα
438 2401 505 2468 τῇ
531 2399 836 2470 χειροτονίᾳ
866 2399 996 2470 (84),
1033 2399 1220 2471 ὥσπερ
1249 2404 1327 2464 εἰς
1361 2402 1490 2455 αὐτὸ
1529 2402 1686 2456 τοῦτο
1741 2422 1872 2476 προ-

298 2489 478 2558 αχθεὶς
503 2531 518 2553 ,
575 2490 743 2554 λίθοις
778 2494 856 2554 εἰς
886 2489 1108 2546 θάνατον
1166 2492 1302 2565 πρὸς
1343 2494 1450 2547 τῶν
1494 2494 1868 2566 Κυριοκτόνων

298 2580 569 2648 βάλλεται.
612 2583 722 2636 Καὶ
749 2581 920 2656 ταύτῃ
957 2583 1188 2655 πρώτως
1225 2587 1319 2638 τὸν
1351 2585 1502 2656 αὐτῷ
1547 2585 1867 2659 φερώνυμον

296 2671 398 2722 τῶν
432 2673 720 2738 ἅξιονίκων
751 2673 845 2727 τοῦ
894 2674 1127 2745 Χριστοῦ
1189 2675 1478 2748 μαρτύρων
1532 2677 1868 2750 ἀποφέρεται

300 2763 576 2832 στέφανον.
609 2765 743 2817 Τότε
791 2764 924 2834 δῆτα
976 2766 1068 2819 καὶ
1104 2767 1356 2820 Ἰάκωϐον
1391 2767 1480 2820 τὸν
1526 2767 1619 2821 τοῦ
1661 2769 1867 2838 Κυρίου

295 2853 584 2925 λεγόμενον
641 2855 887 2923 ἀδελφὸν,
942 2856 1024 2909 ὅτι
1087 2856 1150 2928 δὴ
1205 2858 1297 2911 καὶ
1333 2850 1487 2922 οὗτος
1530 2858 1624 2912 τοῦ
1671 2858 1866 2930 Ἰωσὴφ

297 2945 578 3015 ὠνόμαστο
605 2949 732 3011 παῖς
757 2964 768 2976 ·
791 2946 885 3000 τοῦ
917 2947 972 3000 δὲ
997 2949 1230 3019 Χριστοῦ
1267 2949 1444 3020 πατὴρ
1460 2953 1488 3003 ό
1521 2949 1712 3021 Ἰωσὴφ
1733 2950 1864 3022 (8‘5),

1983 1847 2151 1902 latum
2197 1851 2420 1905 sortitus
2447 1860 2533 1906 est
2572 1853 2827 1908 Matthias
2851 1896 2866 1921 ,
2902 1859 2991 1926 qui
3022 1897 3036 1920 ,
3083 1869 3144 1911 ut
3176 1861 3427 1926 superius
3461 1862 3546 1916 di-

1982 1951 2126 1994 ctum
2159 1949 2275 2005 est,
2313 1959 2452 1998 unus
2484 1959 2546 1998 ex
2584 1946 2794 2000 Domini
2829 1948 3108 2016 discipulis
3155 1949 3273 2004 fuit.
3308 1951 3430 2005 Mox
3459 1968 3547 2007 se-

1979 2043 2126 2101 ptem
2150 2044 2404 2101 spectatae
2432 2037 2647 2091 virtutis
2676 2039 2776 2091 viri
2810 2054 2904 2106 per
2928 2042 3291 2106 precationem
3324 2059 3545 2099 manus-

1983 2137 2087 2192 que
2142 2125 2542 2193 imposilionem
2601 2129 2812 2183 diaconi
2861 2131 2927 2184 ab
2965 2134 3225 2198 apostolis
3267 2136 3549 2191 constituti

1975 2225 2101 2271 sunt
2127 2255 2140 2276 ,
2174 2217 2264 2285 qui
2316 2216 2576 2271 Ecclesiae
2617 2220 2977 2273 ministerium
3032 2224 3374 2278 exhiberem.
3403 2227 3548 2292 Quo-

1975 2314 2092 2361 rum
2130 2322 2194 2361 ex
2248 2323 2476 2363 numero
2526 2309 2626 2362 fuit
2676 2307 3020 2378 Stephanus,
3069 2315 3156 2381 qui
3194 2316 3376 2370 statim
3426 2325 3548 2384 post

1973 2399 2367 2452 ordinationem
2397 2440 2412 2464 ,
2442 2399 2594 2465 quasi
2631 2399 2696 2452 ad
2725 2401 2822 2453 hoc
2858 2407 3232 2458 tantummodo
3263 2407 3546 2462 ordinatus

1975 2490 2163 2543 fuisset
2195 2491 2489 2552 diaconus,
2525 2492 2732 2560 primus
2767 2493 3006 2546 omnium
3039 2505 3160 2561 post
3189 2507 3413 2549 mortem
3444 2499 3546 2551 Do-

1972 2581 2125 2645 mini,
2160 2581 2225 2636 ab
2253 2582 2381 2650 ipsis
2415 2583 2504 2651 qui
2541 2581 2825 2637 Dominum
2857 2585 3170 2639 occiderant
3199 2587 3416 2653 Judzeis,
3463 2590 3542 2642 la-

1969 2671 2182 2740 pidibus
2208 2682 2291 2726 est
2332 2671 2561 2726 obrutus
2589 2691 2602 2738 ;
2636 2684 2798 2741 atque
2848 2675 2921 2726 ita
2970 2676 3176 2744 primus
3210 2677 3350 2732 inter
3383 2680 3543 2732 nobi-

1968 2765 2210 2821 lissimos
2263 2765 2462 2820 Christi
2515 2777 2785 2834 martyres
2851 2769 3265 2834 respondentem
3337 2771 3543 2824 nomini

1971 2872 2068 2912 suo
2094 2872 2354 2912 coronam
2387 2856 2586 2910 retulit.
2618 2856 2770 2910 Tune
2806 2857 2967 2911 etiam
3014 2856 3276 2911 Iacobum
3301 2859 3391 2926 qui
3433 2860 3544 2912 fra-

1974 2959 2052 3003 ter
2081 2949 2291 3002 Domini
2321 2948 2628 3014 dicebatur,
2657 2963 2722 3002 eo
2755 2948 2896 3018 quod
2924 2959 3071 3002 esset
3102 2948 3322 3018 Josephi
3361 2950 3538 3019 filius;

298 3133 480 3205 fuisse.
513 3132 776 3188 Caeterum
812 3135 973 3205 hujus
997 3133 1213 3205 epoehae
1237 3132 1632 3187 Edessenorum
1669 3133 1863 3186 memi-
1888 3139 1931 3196 (ς
1963 3132 2123 3205 hujus
2154 3132 2357 3205 capitis
2378 3133 2845 3205 tituloemendavi
2909 3134 3183 3204 διαγωγῆς
3247 3133 3355 3186 τῶν
3399 3137 3538 3187 ἀπο-

296 3205 374 3257 uit
405 3204 670 3258 Eusebius
697 3206 748 3257 in
777 3203 1053 3274 Chronico.
1113 3203 1176 3255 ad
1205 3218 1426 3274 annum
1456 3219 1468 3257 t
1523 3205 1860 3274 Olympiadis

293 3289 477 3329 ccutv
515 3291 529 3325 :
563 3275 805 3328 Secundo
845 3291 979 3328 anno
1007 3272 1340 3342 Probijttxla
1367 3272 1712 3327 Antiochcnos
1740 3274 1864 3336 3'25,

293 3345 636 3411 anno,jua:ta
667 3343 976 3411 Edessenos,
1025 3344 1154 3408 588,
1205 3347 1394 3396 insana
1445 3343 1862 3397 Manichaeorum

295 3416 528 3478 hivresis,
558 3417 612 3467 in
637 3432 909 3468 commune
937 3416 1151 3469 humani
1186 3415 1388 3482 generis
1432 3412 1628 3466 malum
1657 3425 1858 3466 exorta.

295 3483 352 3537 Hi
390 3496 576 3537 autem
603 3487 729 3538 anni
773 3485 1164 3539 Edessenorum
1221 3483 1289 3535 ab
1343 3484 1638 3536 autumnali
1694 3485 1862 3551 atqui-

293 3556 470 3607 noctio
496 3557 1108 3624 sumebantexordium,
1146 3562 1206 3608 ut
1240 3569 1355 3608 mos
1376 3553 1476 3606 fuit
1502 3555 1762 3624 Syrorum
1805 3562 1861 3607 et

295 3624 536 3678 omnium
583 3623 696 3678 fere
726 3625 1107 3680 Orientalium.

359 3694 475 3762 (8|)
515 3691 628 3762 Τῆς
652 3712 715 3748 τε
737 3696 1044 3764 θεολογίας
1092 3692 1224 3761 πέρι
1261 3692 1374 3764 τοῦ
1421 3693 1715 3764 σωτηρίου
1744 3691 1857 3744 Λό-

291 3783 413 3835 του.
451 3766 545 3819 Sic
579 3763 946 3827 scribendum,
968 3773 1239 3835 praeeunte
1259 3763 1489 3835 Henrico
1522 3763 1742 3835 sai-ilio,
1770 3763 1863 3835 qui

294 3832 345 3888 et
373 3835 490 3904 ipse
524 3847 809 3888 accentum
843 3832 1240 3904 praepositionis
1258 3849 1384 3904 περι
1412 3834 1464 3884 in
1500 3832 1727 3904 prinum
1751 3832 1862 3902 syl-

296 3903 472 3959 labam
518 3905 810 3975 rejecit,uti
839 3903 950 3959 fieri
985 3905 1120 3960 solet
1151 3903 1865 3975 quotiesprzepo‘sitio,quae

296 3977 486 4041 praeire
517 3971 802 4038 debuerat,
855 3971 1198 4045 postponitur
1242 3971 1652 4045 vocabulo._Sic
1697 3973 1862 4045 igitur

292 4047 650 4100 construenda
670 4054 754 4099 est
773 4041 950 4100 oratio
975 4041 996 4102 Ξ
1006 4044 1131 4114 περί
1148 4061 1207 4095 τε
1229 4041 1327 4110 τῆς
1343 4041 1615 4114 θεολογίας
1635 4041 1728 4093 τοῦ
1761 4059 1864 4094 σω-

295 4118 482 4188 τηρίξο
508 4117 704 4188 ᾼόγου,
739 4115 870 4169 Nam
897 4112 1208 4188 prmpoSitio
1244 4113 1370 4182 περί
1409 4112 1636 4188 refertur
1665 4114 1730 4163 ad
1764 4127 1858 4188 vo-

295 4181 406 4240 cem
433 4181 733 4255 θεολογίας,
767 4181 1081 4240 nouantem
1117 4184 1182 4237 ad
1219 4181 1489 4255 σωτηρίου
1523 4181 1717 4255 Λόγοι).
1777 4182 1859 4255 id:

292 4273 390 4325 que
427 4249 869 4312 titatiifestissitne
901 4264 1123 4325 apparet
1151 4269 1218 4306 ex
1250 4249 1597 4325 sequentibus
1639 4249 1856 4325 Eusebii

247 4330 254 4340 ‘
291 4320 489 4380 verbis.
528 4328 787 4394 Sequitur
805 4320 949 4379 enini
971 4320 1030 4378 in
1066 4327 1167 4378 hac
1191 4325 1315 4394 ipsa;
1340 4323 1582 4394 periodo,
1635 4321 1696 4373 οὐ
1752 4320 1857 4394 μὴν

291 4395 549 4468 ἀλλὰηκαι
573 4390 672 4449 ὅσα
698 4396 822 4468 περὶ
845 4396 945 4466 τῆς
964 4394 1262 4468 γενομένης
1293 4390 1516 4468 ἔναγχος
1543 4390 1860 4459 ἐπιφανείας

1975 3202 2196 3272 στόλων,
2247 3201 2670 3272 sttﬂ‘ragantibus
2745 3214 2978 3272 quatuor
3034 3201 3311 3257 codicibus
3374 3205 3534 3271 Man,

1971 3271 2134 3334 Μαι..
2163 3271 2297 3326 Fuk.
2323 3287 2384 3327 ac
2419 3272 2608 3335 Savil.,
2633 3275 2830 3341 quibus
2858 3277 3124 3327 coiiseutit
3167 3275 3328 3327 etiam
3383 3274 3534 3328 llufi—

1970 3358 2104 3406 nus;
2139 3343 2216 3395 sic
2241 3343 2383 3395 enim
2409 3345 2572 3396 vertit
2598 3362 2609 3396 :
2649 3343 2724 3396 De
2753 3350 2852 3396 vita
2879 3355 2925 3396 et
2954 3345 3282 3396 institutione
3324 3357 3534 3409 aposta-

1965 3412 2135 3465 lorum
2161 3424 2276 3478 post
2304 3414 2654 3465 ascensionem
2683 3413 2900 3466 Christi.
2931 3413 3089 3466 Solus
3119 3415 3290 3466 codex
3331 3413 3532 3482 ltegius

1960 3483 2219 3547 scriptum
2251 3483 2417 3552 habet
2445 3483 2725 3552 διαταγῆς.

2031 3553 2143 3620 (84)
2173 3553 2318 3620 Ἅμα
2357 3551 2430 3619 τῇ
2457 3551 2807 3620 χειροτονίᾳ.
2855 3552 2972 3616 Quo
3032 3567 3172 3605 anno
3228 3551 3534 3620 Stephanus

1959 3622 2202 3691 martyrii
2231 3636 2487 3674 coronam
2525 3625 2750 3689 adeptus
2781 3623 2870 3683 sit,
2932 3638 3037 3675 non
3084 3623 3336 3682 convenit
3388 3621 3532 3676 inter

1953 3690 2163 3748 omnes.
2199 3691 2302 3743 Alii
2337 3693 2522 3744 eodem
2571 3707 2714 3745 anno
2744 3707 2848 3758 quo
2887 3707 3078 3756 passus
3127 3701 3209 3745 cst
3253 3690 3528 3756 Christus,

1961 3761 2254 3832 lapidatum
2284 3759 2429 3832 illum
2455 3775 2577 3832 esse
2597 3761 2806 3832 volunt,
2832 3776 2903 3813 vtt
2935 3761 3200 3832 Calendas
3222 3758 3530 3832 Januarias.

1961 3831 2036 3884 lla
2061 3831 2268 3884 diserte
2300 3830 2561 3882 Scribitur
2594 3831 2644 3882 in
2681 3831 2961 3896 Excerptis
2981 3830 3382 3894 chronologicis
3408 3845 3528 3896 quas

1963 3916 2086 3954 cum
2125 3899 2340 3954 Eusebii
2367 3897 2628 3952 Chronico
2650 3900 2820 3951 edidit
2851 3899 3114 3963 Scaliger,
3157 3915 3275 3967 pag.
3333 3897 3419 3952 68.
3459 3901 3527 3953 Et

1964 3971 2076 4024 haec
2107 3969 2272 4024 fuisse
2294 3970 2508 4022 videtur
2535 3970 2750 4021 Eusebii
2779 3970 3065 4029 sententia,
3092 3979 3146 4021 ut
3175 3985 3238 4021 ex
3274 3968 3375 4021 hoc
3412 3969 3532 4023 loco

1962 4050 2208 4112 apparet.
2247 4039 2351 4112 Alii
2399 4053 2527 4112 vero
2555 4108 2564 4112 _
2595 4039 2828 4112 triennio
2873 4049 2989 4104 post
3045 4039 3529 4112 citt'isiiutlipt'wlll

1963 4107 2278 4179 martyrium
2307 4107 2564 4179 Stephani
2596 4109 2911 4179 retulerunt,
2932 4124 3072 4161 anno
3092 4108 3290 4160 Tiberii
3316 4107 3526 4179 ultimo.

1958 4179 2034 4232 lla
2063 4175 2251 4232 scribit
2283 4180 2336 4230 in
2381 4178 2638 4230 Chronico
2688 4177 2953 4247 Georgius
3015 4179 3316 4247 Syncellus.
3372 4175 3524 4232 Multi

1959 4253 2122 4302 etiam
2150 4249 2374 4300 ulterius
2398 4258 2777 4314 processerunt
2800 4286 2814 4309 ,
2852 4258 2905 4300 et
2931 4248 3262 4316 Stephanum
3288 4263 3430 4298 anno
3455 4250 3524 4302 ab

1959 4319 2302 4373 ordinatione
2330 4333 2425 4370 sua
2452 4320 2681 4384 septimo
2713 4332 2928 4382 passum
2975 4334 3096 4370 esse
3153 4319 3516 4384 scripserunt.

1959 4390 2103 4442 Inter
2124 4402 2258 4454 quos
2281 4399 2363 4441 est
2392 4386 2622 4440 Evodius
2650 4389 2789 4453 apud
2824 4386 3210 4450 Nicephorum,
3247 4398 3300 4438 et
3327 4385 3522 4454 Hippo-

289 4467 472 4521 αὑτοῦ.
506 4467 617 4520 Nec
648 4455 804 4520 alite'r
850 4455 1156 4521 cdtis'trux'it
1204 4455 1563 4532 Niceph'oi'us,
1600 4455 1660 4514 ut
1709 4471 1855 4529 patet
1887 4468 1930 4522 D
1960 4459 2100 4530 lytus
2125 4457 2518 4532 'i'liebanus,_et
2549 4466 2735 4509 auctor
2761 4455 3001 4532 Chrmiici
3032 4458 3403 4532 Alexandrini,
3429 4459 3522 4524 qui

289 4553 346 4592 ex
381 4539 537 4592 initio
562 4537 679 4590 libri
714 4538 957 4590 secundi.
1303 4577 1306 4582 .

353 4609 466 4678 (8‘2)
505 4603 1202 4678 Mimaoreda'oper._1atn
1265 4603 1468 4670 pridem
1517 4600 1850 4678 conieceram

288 4673 775 4733 scribendum‘esse
808 4673 1269 4748 μνημονεύσομεν,
1302 4688 1398 4740 pro
1429 4686 1494 4725 eo
1525 4673 1668 4748 quod
1696 4681 1851 4725 antea

289 4749 586 4816 legebatur,
616 4749 641 4799 ὲ
650 4766 753 4818 μνη
763 4742 1100 4818 μὸνεῦσαμεν
1116 4787 1129 4810 ,
1152 4742 1340 4818 meam
1365 4757 1448 4818 ille
1484 4742 1850 4818 conjecturam

290 4811 614 4872 co'nﬁrmatit
649 4811 848 4886 Regius
882 4811 1048 4872 codex
1081 4825 1136 4871 et
1183 4813 1511 4886 M_a_zarinus,
1555 4811 1608 4864 in
1657 4813 1850 4886 quibus

291 4890 358 4941 ita
383 4890 585 4942 diserte
617 4878 875 4955 scriptum
907 4889 1106 4942 inveni.
1141 4886 1193 4939 lu
1223 4883 1360 4955 Metl.
1408 4891 1588 4934 autem
1634 4878 1685 4955 et
1712 4878 1848 4955 Filii.

291 4959 479 5029 legitur
508 4952 1006 5029 μνημονεύσωμεν,
1069 4954 1522 5029 quemadmodum
1583 4952 1849 5029 etiamhin

290 5021 557 5100 Mazaritio
604 5021 955 5083 'etnendatum
994 5021 1101 5100 est'
1142 5025 1443 5100 recentiore
1501 5037 1686 5100 manu.
1732 5021 1847 5100 ἤθη

291 5099 638 5152 dissimulabo
685 5110 884 5160 tamen,
921 5097 1188 5166 vulgatam
1231 5095 1514 5147 let-tionem
1565 5093 1617 5143 in
1663 5093 1848 5145 codice

289 5168 894 5237 chiasuperseriptam
930 5182 1051 5221 esse
1077 5167 1265 5237 eadem
1295 5178 1480 5237 manu.

353 5231 728 5311 (235)11thch
753 5231 1084 5311 τοιγαροῦν,
1132 5235 1223 5311 Ab
1256 5235 1366 5311 his
1391 5231 1588 5311 verbis.
1614 5231 1846 5311 prirnum

289 5299 654 5377 eaput'ex-orsi
687 5299 1138 5377 suntiti's,:partitn
1188 5302 1392 5377 Ruﬁni,
1454 5299 1646 5369 partim
1693 5299 1844 5369 Regii

290 5375 487 5434 codicis
513 5390 569 5433 et
616 5378 753 5432 Μαι.
804 5389 860 5432 et
911 5375 1042 5430 Fuk.
1105 5375 1479 5428 auctoritatem
1533 5381 1841 5438 sequentes.

290 5449 415 5503 Nam
478 5465 600 5520 quae
658 5449 997 5520 praecedunt,
1049 5444 1293 5520 pr_0(Blll_ii
1357 5443 1532 5520 locum
1579 5441 1840 5520 obtinent.

291 5510 784 5591 Quippe-Euse'bius
806 5518 1028 5588 singulis
1051 5510 1306 5591 historia:
1333 5510 1632 5591 sumulibris
1661 5511 1843 5563 brevia

289 5581 526 5658 quaid—am
563 5590 825 5658 prooemia
849 5581 982 5643 so'let
1022 5587 1318 5655 praefigere,
1366 5581 1559 5658 quibus
1607 5590 1716 5632 tum
1775 5594 1837 5632 ea

290 5652 399 5727 qua:
429 5652 707 5730 superiore
740 5659 876 5711 libro
905 5652 1043 5712 dicta
1063 5652 1207 5730 sunt
1233 5652 1538 5730 summatim
1571 5661 1832 5711 recenset,

291 5721 393 5783 tum
418 5746 482 5784 ea
499 5721 632 5798 'quze
660 5730 905 5783 dicturus
936 5736 1018 5799 est
1053 5726 1316 5799 insinuat.
1373 5721 1524 5786 Quod
1569 5731 1754 5799 tamen
1785 5736 1833 5799 _a

291 5789 778 5870 Cbristop'horsoao
817 5789 1536 5853 tuininie'estobservatum.
1569 5789 1737 5846 Porro
1785 5789 1839 5843 in

1957 4527 2098 4582 anno
2123 4528 2332 4582 Claudii
2382 4527 2554 4594 primo
2582 4527 2900 4595 martyrium
2947 4528 3202 4594 Stephani
3256 4537 3519 4592 assignat.

1953 4599 2082 4665 Quae
2107 4598 2377 4652 sententia
2406 4597 2552 4656 hinc,
2581 4606 2637 4650 ut
2661 4600 2876 4664 opinor,
2923 4597 3179 4648 manavit.
3236 4595 3338 4649 Pro
3371 4604 3521 4648 certo

1953 4670 2157 4723 scilicet
2191 4668 2477 4727 habebant,
2501 4665 2719 4718 Paulum
2755 4667 2942 4734 paucis
2963 4667 3150 4719 diebus
3180 4667 3517 4734 postcgedetn

1955 4739 2211 4807 Stephani
2242 4739 2308 4789 ad
2339 4735 2542 4790 Christi
2577 4738 2733 4789 fidem
2768 4736 2951 4807 fuisse
2975 4751 3321 4807 conversum.
3351 4733 3518 4807 Eum-

1953 4804 2074 4862 dem
2103 4823 2229 4861 vero
2257 4822 2399 4860 anno
2434 4805 2812 4859 conversionis
2863 4820 2972 4858 suae
2997 4807 3158 4858 tertio
3207 4804 3517 4872 llicresoly-

1951 4894 2036 4932 ma
2061 4879 2366 4938 advenisse,
2399 4876 2571 4942 ipsius
2599 4875 2907 4928 testimonio
2958 4875 3279 4928 didicerant.
3307 4876 3358 4924 id
3401 4888 3516 4940 pm-

1951 4965 2012 5001 ro
2037 4949 2302 5002 accidisse
2344 4961 2486 4998 anno
2513 4946 2720 4998 Claudii
2757 4947 2938 5004 tertio,
2975 4945 3132 5012 paulo
3157 4954 3280 4997 ante
3309 4944 3515 4996 obitum

1950 5017 2179 5072 Herodis
2201 5015 2472 5085 Agrippae,
2500 5029 2568 5068 ex
2611 5015 2769 5069 Luca:
2814 5016 3040 5069 historia
3077 5015 3280 5083 optime
3301 5015 3513 5068 conclu-

1948 5091 2169 5142 debant.
2329 5131 2336 5138 .

2021 5159 2130 5229 (85)
2161 5154 2482 5229 Οὗτοςγτοῦ
2517 5155 2728 5229 Ἰωσὴφ
2751 5155 3062 5229 ὠγᾴμιιστο
3092 5152 3266 5229 πᾳῖςθ
3305 5152 3411 5229 τοῦ
3448 5152 3513 5205 δὲ

1945 5223 2201 5296 Χριστοῦ
2228 5223 2422 5296 πατὴρ
2455 5229 2487 5279 ὀ
2528 5223 2761 5294 Ἰωσήφ.
2813 5223 3012 5279 Horum
3058 5227 3343 5296 verborum
3395 5223 3513 5296 loco

1948 5293 2001 5352 iii
2039 5299 2340 5352 Fttketiano
2374 5293 2430 5351 et
2459 5293 2736 5349 Savzliano
2768 5297 2953 5348 codice
2983 5296 3052 5347 ita
3095 5295 3353 5358 scriptum
3413 5293 3510 5344 ha—

1947 5372 2105 5423 betur
2139 5387 2153 5425 :
2182 5363 2346 5430 Οὗτος
2382 5366 2494 5429 υἱὸς
2531 5362 2599 5437 ἦν
2654 5366 2759 5437 τοῦ.
2797 5364 2990 5437 Ἰωσὴφ
3022 5363 3114 5416 τοῦ
3151 5362 3512 5437 νομιζομένου

1945 5439 2104 5492 οἱονεὶ
2135 5439 2338 5507 πατρὸς
2378 5437 2470 5489 τοῦ
2528 5434 2784 5506 Χριστοῦ,
2855 5434 2956 5488 levi
3003 5435 3334 5507 discrimine,
3386 5449 3506 5507 cum

1947 5511 2086 5563 idem
2132 5513 2202 5563 sit
2251 5502 2590 5575 'utrobique'
2619 5521 2830 5562 sensus.
2889 5507 2977 5556 Ait
3023 5505 3188 5575 igitur
3249 5502 3509 5575 Eusebius

1943 5578 2226 5642 Jacobutn,
2284 5579 2375 5646 qui
2428 5571 2486 5628 iii
2535 5576 2822 5644 Evangelio
2853 5588 2906 5628 et
2949 5575 3013 5646 in
3055 5571 3505 5646 Epistolisifauli

1946 5650 2113 5702 frater
2173 5641 2392 5703 Domini
2443 5641 2883 5718 diciturftilium
2941 5641 3388 5718 fuisse__.lo.s_ephi
3438 5657 3504 5718 eat

1945 5721 2048 5776 alia
2092 5723 2337 5791 cottjuge,
2397 5732 2558 5788 quam
2605 5717 2874 5784 Josephus
2940 5723 3067 5769 ante
3137 5713 3360 5767 Mariam
3405 5711 3506 5764 sibi
