3966 6264
435 337 536 393 I35

1125 287 1394 393 EUbElill
1431 335 1910 395 CESARIENSIS
1954 333 2104 394 OPP.
2144 328 2326 387 PARS
2364 327 2403 382 1.
2446 361 2512 369 -
2550 323 2938 383 HISTORICA.

3569 327 3671 383 {3’26

431 455 697 526 etquidem
744 454 1013 524 Josephus
1055 453 1261 510 Christi
1307 465 1463 523 pater
1494 453 1633 519 fuit,
1683 456 1769 508 cui
1825 453 1972 510 Mari:

2099 442 2144 518 ᾧ
2178 445 2571 519 μνηστευθεῖσα
2612 445 2645 514 ἡ
2686 442 2982 513 Παρθένος.
3023 447 3207 516 πρινῆ
3256 446 3525 500 συνελθεῖν
3574 448 3674 502 αύο

430 546 594 618 νίνκο
621 550 890 617 desponsa
918 586 933 610 ,
977 546 1292 616 priusquam
1340 548 1608 601 nuberent
1631 586 1647 610 ,
1686 561 1753 600 ex
1787 545 1992 614 Spiritu

429 651 620 696 sancto
652 654 933 711 prazgnans
963 649 1176 708 reperta
1216 648 1322 703 est,
1357 647 1416 694 ut
1443 649 1791 693 sacrosancta
1817 637 1996 692 Evan-

428 733 692 801 geliorum
719 731 877 787 docet
907 731 1138 786 historia
1173 746 1186 782 :
1217 729 1359 783 hunc
1385 770 1400 795 ,
1434 730 1653 799 inquam
1681 769 1697 794 ,
1726 728 1991 784 Jacobum

427 824 518 893 qui
543 823 612 878 ob
638 825 893 878 eximiam
923 823 1178 891 virtutem
1211 820 1396 877 Justus
1430 821 1498 876 ab
1525 821 1763 890 antiquis
1795 835 1994 890 cogno-

429 917 666 970 minatus
697 926 821 980 est,
868 913 1375 984 Hierosolymitanaa
1422 912 1680 968 Ecclesia:
1709 912 1992 981 episcopa-

437 1016 549 1060 tum
583 1007 810 1074 primum
845 1005 1115 1072 accepisse
1148 1003 1453 1074 perhibent.
1482 1003 1731 1059 Clemens
1757 1013 1904 1058 certe
1935 1003 1991 1058 in

424 1107 579 1152 sexto
609 1096 1008 1150 Institutionum
1037 1096 1175 1151 libro
1197 1098 1268 1150 ita
1303 1096 1488 1150 tradit.
1515 1095 1602 1150 Ait
1625 1094 1791 1155 enim,
1819 1109 1838 1142 ‹
1872 1103 1996 1163 post

427 1187 734 1242 Servatoris
763 1200 1044 1240 ascensum
1074 1186 1316 1252 Petrum,
1345 1186 1607 1242 Jacobum
1636 1195 1689 1240 et
1721 1186 1993 1240 Joannem

423 1279 671 1346 quamvis
719 1278 976 1332 Dominus
1022 1277 1167 1346 ipsos
1198 1277 1411 1332 caneris
1459 1276 1829 1346 praetulisset,
1883 1291 1992 1332 non

424 1367 627 1421 idcirco
684 1367 751 1420 de
799 1367 975 1435 primo
1010 1369 1236 1422 honoris
1268 1369 1434 1436 gradu
1485 1367 1626 1421 inter
1666 1382 1726 1421 se
1769 1377 1993 1422 conten-

423 1461 567 1513 disse
589 1499 604 1521 ,
639 1459 733 1513 sed
780 1459 1037 1513 Jacobum
1065 1459 1394 1526 cognomine
1425 1457 1642 1513 Justum
1677 1457 1990 1530 Hierosoly-

422 1567 632 1606 morum
662 1551 971 1621 episcopum
1000 1551 1247 1621 elegisse.
1281 1570 1298 1603 ι
1337 1550 1481 1606 ldem
1511 1551 1564 1606 in
1595 1549 1825 1620 septimo
1850 1550 1994 1620 ejus—

425 1643 546 1696 dem
579 1643 760 1712 operis
791 1643 929 1697 libro
960 1644 1073 1698 haec
1107 1644 1172 1697 de
1191 1643 1278 1698 illo
1305 1644 1466 1697 etiam
1498 1644 1628 1698 dicit
1665 1661 1678 1698 :
1718 1663 1735 1695 ‹
1765 1642 1989 1711 Jacobo,

421 1733 631 1804 inquit,
670 1731 827 1788 Justo
863 1745 918 1790 et
943 1731 1137 1789 Joanni
1169 1743 1222 1789 et
1251 1734 1411 1790 Petro
1448 1735 1706 1789 Dominus
1753 1744 1874 1804 post
1901 1749 1987 1789 re-

2098 543 2248 605 τοὺς,
2285 539 2478 610 εὑρέθη
2506 540 2564 590 ἐν
2606 539 2804 608 γαστρὶ
2837 535 3034 607 ἔχουσα
3067 536 3180 606 (86)
3238 538 3302 590 ἐκ
3354 538 3670 609 Πνεύματος

2097 630 2274 701 ἁγίου,
2304 629 2379 693 ὡς
2403 630 2436 700 ὴ
2465 627 2586 700 ἱερά
2613 628 2723 680 τῶν
2753 627 3100 695 Εὑαγγελίων
3166 628 3406 682 διδάσκει
3440 629 3626 702 Γραφή
3650 643 3664 661 ⁴

2095 722 2283 777 τοῦτον
2309 721 2372 792 δὴ
2393 717 2486 774 οῦν
2500 718 2661 773 αύτδν
2698 718 3042 784 Ἰάκωϐον,ὃν
3071 720 3166 773 καὶ
3189 720 3406 774 Δίκαιον
3437 721 3667 790 ἐπίκλην

2095 818 2142 868 οἱ
2178 814 2344 868 πάλαι
2380 813 2445 866 δι’
2491 812 2690 883 ἀρετῆς
2723 811 2948 866 ἐκάλουν
2985 812 3410 882 προτερήματα,
3453 813 3666 884 πρῶτον

2098 906 2365 978 ἱστοροῦσι
2402 905 2498 976 τῆς
2531 906 2589 958 ἐν
2627 900 3014 974 Ἱεροσολύμοις
3062 902 3388 973 Ἐκκλησίας
3431 906 3526 959 τὸν
3567 906 3665 977 τῆς

2093 997 2398 1066 ἐπισκοπῆς
2435 994 2838 1066 ἐγχειρισθῆναι
2876 994 3081 1065 θρόνον.
3100 992 3329 1064 Κλήμης
3350 996 3408 1048 δὲ
3438 997 3496 1048 ἐν
3521 997 3663 1066 ἕκτῳ

2091 1085 2718 1159 τῶνλὙποτυπὼσεων
2755 1085 2977 1158 γράφων
3015 1079 3117 1136 ὧδε
3150 1086 3465 1157 παρίστησι·
3505 1105 3525 1138 ι
3558 1089 3664 1141 Πέ.

2092 1195 2221 1252 τρον
2243 1180 2350 1252 γάρ
2378 1197 2509 1251 φησι
2535 1177 2643 1249 (87)
2675 1179 2766 1230 καὶ
2803 1178 3054 1232 Ἰάκωϐον
3086 1178 3180 1231 καὶ
3241 1179 3491 1248 Ἰωάννην
3526 1179 3662 1249 μετὰ

2092 1271 2191 1342 τὴν
2211 1270 2473 1341 ἀνάληψιν
2505 1268 2599 1323 τοῦ
2627 1270 2896 1341 Σωτῆρος,
2931 1267 3006 1333 ὡς
3040 1269 3105 1324 ἂν
3139 1271 3232 1323 καὶ
3263 1271 3368 1323 ὑπὸ
3401 1269 3493 1323 τοῦ
3551 1273 3664 1324 Κυο

2095 1362 2211 1433 ρίου
2241 1360 2761 1432 προτετιμημένους,
2800 1359 2874 1430 μὴ
2900 1359 3303 1425 ἐπιδικάζεσθαι
3332 1361 3486 1433 δόξης
3505 1402 3519 1426 ,
3547 1357 3661 1414 ἄλλ’

2105 1448 2356 1506 Ἰάκωϐον
2398 1449 2745 1506 τὸν“Δίκαιον
2791 1455 3084 1506 ἐπίσκοπον
3120 1453 3502 1525 Ἱεροσολύμων
3551 1453 3664 1506 ἑλέ·

2094 1543 2234 1597 σθαι.
2280 1565 2297 1593 ι
2346 1545 2405 1598 '0
2435 1545 2480 1596 δ’
2509 1544 2668 1608 αὐτὸς
2687 1547 2743 1596 ἐν
2766 1544 2976 1615 ἑϐδόμῳ
3006 1545 3105 1616 τῆς
3134 1544 3300 1615 αὐτῆς
3333 1542 3660 1610 ὑποθέσεως,

2091 1635 2170 1688 ἔτι
2191 1634 2283 1687 καὶ
2311 1633 2485 1686 ταῦτα
2519 1633 2646 1705 περὶ
2677 1631 2839 1686 αὑτοῦ
2880 1649 3042 1703 φησιν
3061 1649 3075 1662 ·
3126 1653 3144 1685 ι
3191 1633 3430 1703 Ἰακώϐῳ
3461 1634 3539 1704 τῷ
3569 1637 3660 1686 Δι-

2090 1727 2230 1796 καίῳ
2256 1729 2348 1779 καὶ
2389 1726 2606 1797 Ἰωάννῃ
2659 1726 2752 1778 καὶ
2798 1723 2991 1795 Πέτρῳ
3044 1724 3182 1795 μετὰ
3217 1725 3316 1796 τὴν
3367 1725 3657 1780 ἀνάστασιν

419 1827 814 1880 surrectionem
867 1827 1110 1882 scicntia:
1145 1827 1345 1881 donum
1397 1827 1676 1895 impertiit.
1709 1827 1861 1894 Quod
1908 1826 1972 1880 iii

2089 1795 2370 1886 παρέδωκε
2396 1815 2491 1886 τὴν
2527 1795 2726 1882 γνῶσιν
2748 1816 2776 1866 6
2811 1814 3014 1885 Κύριος
3047 1813 3178 1884 (88).
3211 1795 3368 1868 Οὗτοι
3400 1807 3511 1878 τοῖς
3551 1815 3659 1867 λοι-

418 1918 627 1972 caeteris
673 1917 972 1986 apostolis,
1017 1918 1070 1972 hi
1107 1932 1236 1971 vero
1288 1918 1623 1986 septuaginta
1665 1917 1972 1988 discipulis,

2088 1909 2210 1969 ποῖς
2241 1904 2554 1966 ἀποστόλοις
2587 1905 2934 1974 παρέδωκαν.
2971 1905 3032 1956 Οἱ
3067 1901 3124 1956 δὲ
3151 1905 3326 1957 λοιποὶ
3372 1905 3656 1959 ἀπόστολοι

417 2021 646 2076 quorum
683 2023 820 2062 unus
843 2008 946 2061 fuit
972 2009 1246 2062 Barnabas
1271 2048 1287 2074 ,
1320 2009 1686 2064 tradiderunt.
1719 2009 1972 2064 Caeterum

2085 2000 2196 2060 τοῖς
2231 1996 2620 2064 ἐϐδομήκοντα,
2670 1990 2745 2048 ὧν
2773 1992 2852 2058 εἷς
2876 1991 2945 2065 ἦν
2978 1996 3071 2048 καὶ
3116 1995 3418 2068 Βαρνάϐας.
3467 1997 3568 2050 Δύο
3601 1995 3657 2050 δέ

417 2099 524 2151 duo
560 2096 708 2152 fuere
740 2095 961 2163 Jacobi;
1000 2099 1138 2150 alter
1161 2105 1521 2167 cognomento
1549 2092 1761 2158 Justus,
1795 2099 1885 2166 qui
1919 2112 1972 2151 ex

2085 2087 2370 2158 γεγόνασιν
2420 2087 2682 2151 Ίάκωϐοι,
2720 2084 2798 2152 εἷς
2831 2089 2860 2140 6
2891 2089 3128 2150 Δίκαιος,
3163 2090 3191 2141 6
3213 2088 3352 2142 κατὰ
3391 2088 3484 2142 τοῦ
3527 2107 3658 2142 πτε-

418 2187 598 2256 templi
631 2188 846 2257 fastigio
872 2189 1240 2258 praecipitatus
1276 2196 1332 2243 et
1371 2203 1400 2242 a
1447 2187 1652 2242 fullone
1689 2187 1831 2243 fuste
1860 2203 1972 2255 per-

2089 2181 2272 2252 ρυγίου
2300 2179 2534 2250 βληθεὶς,
2566 2180 2660 2233 καὶ
2695 2178 2797 2232 ὑπὸ
2845 2179 3092 2248 κναφέως
3138 2179 3278 2250 ξύλῳ
3307 2180 3536 2252 πληγεὶς
3580 2183 3660 2245 είς

415 2290 606 2331 cassus
637 2277 871 2330 interiit:
893 2277 1028 2330 alter
1051 2277 1140 2344 qui
1155 2276 1333 2344 capite
1371 2285 1651 2330 truncatus
1676 2285 1781 2330 est.
1809 2295 1828 2329 ι
1853 2274 1972 2330 Por-

2086 2271 2332 2328 θάνατον·
2367 2272 2552 2345 ἕτερος
2574 2272 2631 2325 δὲ
2663 2274 2691 2325 6
2722 2271 3141 2343 καρατομηθείς.
3186 2290 3204 2323 ι
3236 2273 3408 2326 Αὑτοῦ
3461 2273 3517 2327 δὲ
3562 2273 3655 2327 τοῦ

416 2383 477 2420 ro
503 2365 687 2422 Jacobi
749 2368 890 2421 illius
933 2367 1070 2422 Justi
1109 2369 1362 2423 meminit
1409 2368 1573 2424 etiam
1625 2366 1864 2434 Paulus,
1912 2367 1972 2421 ita

2075 2363 2290 2417 Δικαίου
2325 2361 2418 2416 καὶ
2443 2363 2472 2413 6
2500 2362 2708 2426 Παῦλος
2738 2361 3062 2434 μνημονεύει
3088 2361 3312 2433 γράφων
3332 2380 3345 2393 ·
3382 2383 3400 2414 ι
3435 2364 3655 2437 Ἕτερον

413 2458 657 2512 scribens
683 2457 730 2488 "
764 2477 778 2514 :
814 2476 832 2508 ι
870 2459 1054 2512 Alium
1108 2469 1288 2514 autem
1335 2475 1403 2514 ex
1435 2458 1695 2529 apostolis
1733 2457 1844 2511 vidi
1885 2473 1982 2512 ne—

412 2548 609 2603 minem
644 2563 840 2618 praeter
881 2549 1140 2606 Jacobum
1194 2550 1419 2606 fratrem
1455 2550 1688 2605 Domini.
1731 2568 1752 2602 ι
1788 2548 1982 2604 Iisdem

410 2641 750 2711 temporibus
807 2657 1145 2710 quaecunque
1196 2641 1460 2695 Servator
1495 2650 1680 2696 noster
1714 2640 1984 2696 Osroeno—

413 2745 531 2784 rum
588 2731 700 2799 regi
751 2731 1114 2799 promiserat,
1141 2732 1208 2785 ad
1233 2729 1486 2787 eﬂ‘ectum
1517 2731 1776 2802 perducta
1829 2737 1980 2784 sunt.

342 2839 345 2843 ·
410 2820 649 2876 Thomas
695 2823 839 2877 enim
888 2824 1076 2876 divino
1126 2823 1236 2893 39
1291 2825 1524 2894 quodam
1573 2833 1754 2880 motus
1799 2822 1982 2880 afllatu

2085 2455 2141 2508 δὲ
2168 2455 2275 2508 τῶν
2306 2454 2617 2508 ἀποστόλων
2667 2453 2765 2507 ούκ
2823 2451 2981 2513 εἶδον,
3049 2456 3096 2507 εἰ
3143 2454 3216 2526 μὴ
3263 2455 3516 2510 Ἰάκωϐον
3567 2460 3656 2510 τὸν

2085 2543 2309 2613 ἀδελφὸν
2336 2543 2430 2597 τοῦ
2459 2544 2683 2616 Κυρίου.
2724 2563 2742 2596 ι
2801 2545 2888 2597 Ἐν
2915 2541 3124 2608 τούτοις
3159 2546 3252 2599 καὶ
3308 2547 3376 2600 τὰ
3409 2547 3507 2618 τῆς
3560 2549 3654 2602 τοῦ

2085 2636 2336 2707 Σωτῆρος
2366 2635 2520 2707 ἡμῶν
2557 2633 2692 2707 πρὸς
2713 2636 2804 2689 τὸν
2831 2637 2937 2690 τῶν
2982 2635 3284 2710 Ὀσροηνῶν
3310 2639 3531 2710 βασιλέα
3569 2641 3656 2694 τέδ

2083 2723 2174 2790 λος
2203 2725 2505 2796 ἐλάμϐανεν
2539 2725 2898 2796 ὑποσχέσεως.
2934 2728 2991 2782 Ὀ
3019 2730 3146 2798 γοῦν
3174 2729 3374 2802 Θωμᾶς
3394 2729 3484 2783 τὸν
3520 2731 3654 2785 Θαίδα

2083 2815 2226 2869 δαῖον
2258 2817 2468 2888 κινήσει
2492 2815 2772 2888 θειοτέρα,
2808 2817 2900 2870 ἐπὶ
2955 2819 3051 2889 τὴν
3085 2820 3350 2875 Ἔδεσσαν
3382 2822 3491 2893 (89)
3551 2824 3618 2894 κή
3639 2853 3652 2862 -

410 2911 738 2966 Thaddzeum
774 2911 1101 2967 Christianae
1125 2914 1388 2967 doctrina:
1425 2929 1728 2982 praeconem
1763 2923 1818 2969 et
1844 2928 1972 2968 nun-

2084 2923 2226 2978 ρυκα
2257 2908 2350 2960 καὶ
2385 2907 2776 2979 εύαγγελιστὴν
2810 2908 2911 2978 τῆς
2936 2911 3062 2980 περὶ
3101 2910 3192 2963 τοῦ
3239 2912 3475 2984 Χριστοῦ
3510 2914 3652 2967 διδαι

411 3004 544 3058 tium
581 3005 835 3059 Edessam
880 3005 1049 3072 misit,
1080 3017 1138 3061 ut
1165 3021 1232 3061 ex
1264 3008 1628 3062 monumentis
1659 3007 1862 3063 ibidem
1894 3022 1980 3063 re-

407 3097 579 3165 pertis
612 3098 770 3166 paulo
810 3097 1066 3167 superius
1097 3101 1457 3154 ostendimus.
1507 3098 1606 3154 Hic
1637 3114 1760 3153 cum
1804 3099 1891 3154 ad
1915 3114 1976 3154 ea

408 3187 528 3244 loca
561 3191 896 3258 pervenisset
927 3201 982 3244 et
1010 3191 1292 3260 Agbarum
1324 3189 1378 3245 in
1411 3190 1612 3246 Christi
1643 3190 1856 3244 sanavit
1883 3204 1977 3244 no-

409 3283 574 3344 mine,
613 3291 668 3336 et
709 3297 895 3337 omnes
921 3281 1038 3352 ejus
1061 3283 1300 3351 regionis
1342 3282 1550 3336 incolas
1581 3281 1968 3337 miraculorum

2085 2999 2312 3062 σκαλίας
2341 2998 2649 3070 ἐκπέμπει,
2681 2999 2757 3060 ὡς
2811 2998 2916 3052 ἀπὸ
2979 3001 3078 3070 τῆς
3111 3001 3424 3074 εὑρεθείσης
3466 3003 3650 3056 αὐτόθι

2081 3091 2294 3162 γραφῆς
2330 3090 2506 3161 μικρῷ
2544 3089 2774 3161 πρόσθεν
2807 3091 3171 3162 ἐδηλώσαμεν.
3225 3095 3280 3146 '0
3317 3094 3371 3146 δὲ
3410 3099 3522 3159 τοῖς
3561 3097 3650 3149 τό⁴

2080 3199 2202 3246 ποις
2222 3181 2467 3247 ἐπιστάς,
2497 3183 2587 3234 τόν
2619 3199 2676 3234 τε
2709 3182 2981 3254 Ἀγϐαρον
3005 3185 3148 3237 ἰᾶται
3194 3185 3271 3256 τῷ
3297 3185 3532 3257 Χριστοῦ
3561 3188 3649 3242 λὸ-

2077 3295 2178 3348 γῳ,
2219 3277 2312 3329 καὶ
2342 3277 2467 3339 τοὺς
2487 3275 2672 3328 αύτόθι
2706 3274 2914 3339 πάντας
2951 3280 3062 3341 τοῖς
3089 3278 3196 3332 τῶν
3221 3261 3512 3351 θαυμάτων
3542 3301 3646 3339 πα-

408 3374 648 3427 novitate
690 3373 940 3442 perculit.
985 3373 1232 3442 Cumque
1278 3374 1399 3430 illos
1448 3372 1756 3442 huiusmodi
1804 3372 1972 3426 admi-

2077 3367 2321 3441 ραδόξοις
2353 3368 2672 3439 ἐκπλήττει·
2713 3369 2910 3432 ἱκανῶς
2967 3387 3026 3423 τε
3064 3371 3258 3436 αὐτοὺς
3296 3377 3410 3438 τοῖς
3467 3375 3648 3447 ἔργοις

318 3478 322 3482 '
406 3464 590 3518 randis
618 3465 870 3534 operibus
896 3465 1040 3530 satis
1067 3473 1447 3534 pmparasset,
1479 3475 1535 3520 et
1559 3463 1626 3518 ad
1654 3463 1858 3518 cultum
1883 3477 1972 3516 ve-

2075 3461 2294 3526 διαθεὶς,
2329 3460 2422 3514 καὶ
2455 3460 2548 3514 ἐπὶ
2576 3460 2738 3524 σέϐας
2763 3460 2986 3531 ἀγαγὼν
3014 3462 3113 3532 τῆς
3143 3464 3236 3517 τοῦ
3284 3467 3518 3538 Χριστοῦ
3550 3469 3644 3521 δυ-

403 3557 848 3625 nerationemque
901 3557 1096 3613 divina:
1129 3556 1330 3614 Christi
1382 3557 1640 3626 potentiae
1678 3555 1973 3627 perduxis-

471 3669 518 3702 ²⁸
550 3668 669 3725 Gal.
701 3668 849 3736 ι,19.

401 3805 877 3862 sociaverat.Cum
934 3805 1167 3861 Eusebio
1188 3805 1460 3861 consentit
1512 3802 1846 3874 Epiphanius
1911 3801 1966 3856 in

402 3877 698 3932 ltzeresihus
741 3875 1122 3929 Nazaraiorum
1175 3884 1232 3931 et
1277 3874 1964 3936 Antidicomarianitarum,

400 3947 695 4016 Gregorius
727 3946 1004 4016 Nyssenus
1035 3947 1088 3999 in
1111 3948 1357 4000 oratione
1382 3944 1617 4016 secunda
1664 3947 1725 4016 de
1762 3942 1965 4016 Christi

400 4013 890 4079 resurrectioné,ct
937 4015 1259 4086 Hippolytus
1306 4016 1444 4086 apud
1493 4014 1853 4086 Nicephorum
1907 4013 1958 4066 in

399 4087 494 4140 lib.
524 4102 586 4148 ιι,
610 4101 731 4155 cap.
764 4087 820 4149 5,
853 4087 955 4139 nisi
993 4085 1173 4155 tamen
1223 4085 1409 4155 titul_ns
1470 4085 1728 4155 mentitur
1777 4093 1961 4155 aucto-

401 4172 537 4212 rem.
566 4153 1054 4225 Sed:Hieronymus
1081 4154 1135 4207 in
1162 4155 1302 4225 libro
1329 4153 1404 4225 De
1429 4153 1772 4225 scriptoribus
1797 4153 1962 4225 eccle-

400 4221 924 4289 siasticisJacohuui
951 4225 1100 4277 hunc
1121 4224 1325 4277 idcirco
1370 4224 1590 4276 fratrem
1625 4221 1834 4275 Domini
1865 4236 1960 4290 ap-

401 4295 655 4363 pellatum
687 4311 805 4348 esse
826 4294 1124 4357 existimat,
1161 4296 1302 4359 quod
1366 4293 1506 4346 filius
1550 4303 1695 4346 esset
1754 4290 1955 4352 Mariae,

400 4365 607 4418 sororis
638 4364 825 4418 matris
853 4364 1091 4418 Domini.
1146 4363 1278 4417 Cum
1326 4363 1654 4430 Hieronymo
1692 4363 1961 4430 consentit

399 4433 818 4503 Chrysostomus
846 4445 900 4487 et
925 4433 1298 4503 Theodoretus
1331 4433 1386 4503 in
1416 4428 1706 4503 Epistolam
1735 4431 1804 4482 ad
1852 4428 1960 4483 Ga-

399 4501 556 4566 latas,
586 4505 785 4573 aliique
840 4504 1038 4573 plures.
1085 4502 1245 4556 Multa
1293 4502 1508 4573 quidem
1557 4501 1780 4573 de__ltoc
1803 4515 1963 4570 argu-

400 4587 585 4628 mento
613 4570 869 4628 disseruit
896 4571 1163 4627 Baronius
1198 4573 1252 4625 in
1276 4572 1592 4626 Annalibus.
1619 4570 1746 4625 Mihi
1783 4580 1962 4623 tamen

398 4645 579 4699 verior
607 4645 820 4714 videtur
851 4644 1248 4714 Opinioieorum
1274 4643 1363 4710 qui
1403 4639 1661 4714 Jacobum
1718 4652 1773 4714 et
1839 4640 1964 4714 reli-

398 4729 535 4782 quos
565 4715 771 4768 Domini
793 4711 1011 4777 fratres,
1035 4713 1254 4780 Josephi
1290 4728 1351 4766 ex
1385 4712 1567 4779 priore
1614 4711 1962 4782 matrimonio

399 4784 538 4839 filios
557 4799 676 4838 esse
709 4784 913 4838 dicunt.
949 4783 1073 4838 Haec
1096 4785 1242 4835 enim
1287 4782 1559 4835 sententia
1616 4781 1788 4844 magis
1829 4797 1960 4833 (ξοη-

398 4857 542 4935 ξιίιὶἰ
573 4855 750 4935 verbis
773 4854 1090 4935 Evangelii._
1109 4853 1375 4935 Josephus
1407 4853 1702 4935 quoque-in
1729 4852 1865 4935 libro
1892 4867 1960 4929 xit

397 4918 814 4993 Antiquitatum,
842 4935 893 4976 et
928 4918 979 4977 in
1037 4925 1191 4978 libris
1223 4918 1300 4975 De
1326 4918 1958 4993 excidio'ﬂiemsolgmi-

399 4989 549 5113 tuine;
576 4995 717 5072 hunc
744 4991 1004 5048 Jacobum
1030 4994 1229 5048 diserte
1267 4991 1500 5062 appellat
1550 4989 1776 5044 fratrem
1833 4989 1958 5043 Jesu

399 5073 438 5113 [ι
462 5073 618 5113 Il'lSll.

398 5063 618 5114 Christi.

469 5131 578 5201 (80‘)
602 5130 829 5199 Εὑρέθη
854 5132 926 5201 ἐκ
944 5131 1164 5201 ,γαστρὶ
1189 5133 1438 5198 ἔχουσα.
1465 5130 1520 5185 1η
1550 5130 1722 5184 tribus
1760 5130 1959 5201 nostris

397 5198 696 5257 codicibus,
719 5203 874 5265 Mam,
912 5198 1047 5255 Med.
1083 5217 1144 5253 ac
1194 5201 1356 5263 Fuk.,
1385 5203 1640 5271 scriptum
1669 5198 1960 5271 estinﬁp'q-

395 5287 478 5328 το,
515 5273 657 5341 quod
687 5273 856 5334 magis
883 5271 1080 5341 placet.
1118 5271 1182 5324 Et
1235 5272 1402 5341 paulo
1443 5270 1566 5338 post
1609 5271 1701 5324 ubi
1761 5270 1958 5339 legitur

393 5340 577 5401 τοῦτον
634 5342 698 5412 δὴ
739 5341 832 5398 οὖν
887 5340 1046 5412 aii-rev
1073 5341 1182 5412 τὸν.
1217 5340 1490 5412 Ἰάκωϐον,
1534 5341 1698 5412 iidem
1742 5341 1958 5412 codices

399 5415 656 5482 scriptum
679 5410 894 5473 habent,
929 5410 1115 5465 τοῦτον
1139 5410 1636 5482 δὴγτὸν-ξιάκωϐον,
1659 5419 1787 5476 elc.,
1835 5411 1956 5478 qui-

395 5480 497 5535 bus
523 5483 685 5535 etiam
715 5484 980 5537 consentit
1002 5483 1170 5535 codex
1194 5480 1401 5534 Savilii.

466 5550 576 5623 (8'1)
600 5550 822 5621 Πέτρον
845 5552 955 5623 γὰρ
978 5551 1150 5623 φησι,
1171 5551 1440 5606 Adrianus
1459 5548 1742 5623 Turnebus
1766 5547 1819 5602 in
1856 5563 1952 5603 suo

395 5620 580 5676 codice
603 5620 981 5678 emendaverat
1007 5621 1160 5690 φασί,
1195 5636 1358 5690 quam
1388 5620 1842 5690 emendationem
1867 5633 1953 5673 re-

394 5692 509 5756 peri
539 5693 699 5747 etiam
726 5695 778 5748 in
818 5694 954 5747 libro
982 5689 1176 5746 Renati
1205 5689 1405 5755 ωσι-ξεί,
1437 5690 1630 5745 medici
1674 5689 1944 5744 Parisien-

394 5760 489 5816 sis.
521 5762 693 5818 Nostri
723 5774 899 5819 tamen
924 5763 1136 5819 codices
1157 5776 1344 5818 omnes
1376 5776 1500 5818 cum
1542 5760 1737 5816 Rufino
1765 5774 1828 5814 ac
1857 5756 1949 5813 Ni-

2073 3553 2309 3625 νάμεως,
2347 3550 2594 3624 μαθητὰς
2628 3553 2726 3626 τῆς
2753 3555 3017 3627 σωτηρίου
3083 3557 3429 3624 διδασκαλίας
3483 3579 3645 3616 κατε*

2067 3804 2303 3872 «ephoro
2329 3801 2598 3872 vulgatam
2631 3803 2916 3858 lectionem
2946 3806 3322 3861 tnentur.‘.'llox
3359 3809 3411 3863 in
3447 3809 3640 3866 iisdem

2066 3873 2305 3929 Turnebi
2335 3888 2402 3927 ac
2427 3873 2610 3944 Moraei
2637 3874 2792 3944 libris
2820 3891 2917 3944 pro
2945 3875 3352 3942 ἐπιδικάζεσθαι
3375 3884 3639 3934 emenda-

2069 3955 2181 3996 tum
2227 3954 2311 3999 est
2369 3942 2830 4012 ἐπιδικάσασθαι,
2855 3947 2999 4014 quod
3052 3957 3203 4002 certe
3254 3949 3453 4004 rectius
3489 3952 3638 4007 vide-

2070 4021 2122 4066 tu
2133 4029 2177 4066 Γ.

2139 4081 2250 4156 (88)
2283 4083 2590 4156 Παρέδωκε
2629 4082 2745 4152 τὴν
2792 4083 3017 4156 γνῶσιν
3060 4087 3093 4139 d
3139 4087 3373 4156 Κύριος.
3430 4089 3636 4143 Donum

2066 4154 2300 4208 scientiw
2330 4155 2720 4221 interpretatus
2747 4171 2888 4209 sum.
2920 4155 3089 4209 Erant
3133 4154 3242 4210 tum
3285 4154 3339 4213 in
3391 4158 3630 4214 Ecclesia

2069 4223 2237 4296 multa
2265 4223 2528 4296 ejusmodi
2560 4224 2700 4296 dona
2738 4237 2832 4279 seu
2860 4225 3213 4296 charismata,
3240 4242 3358 4296 qua;
3405 4244 3511 4282 non
3545 4244 3634 4282 so-

2067 4290 2174 4364 l_um
2215 4294 2497 4364 apostolis,
2521 4295 2616 4348 sed
2666 4295 2830 4352 etiam
2879 4295 3000 4351 aliis
3051 4309 3083 4349 e
3130 4290 3326 4364 populo
3381 4297 3634 4353 fidelibus

2070 4362 2208 4416 Deus
2239 4363 2514 4417 interdum
2557 4365 3016 4428 communicabat,
3059 4362 3384 4421 ut'te‘statur
3409 4365 3628 4424 Paulus.

2068 4429 2212 4485 inter
2238 4433 2363 4505 hate
2382 4433 2523 4487 dona
2549 4435 2880 4505 praecipuum
2919 4435 3016 4488 l'uit
3046 4435 3269 4502 γνῶσις,
3311 4453 3471 4505 qnam
3499 4438 3625 4493 Cle-

1997 4488 2218 4556 Dmens
2245 4505 2296 4554 in
2333 4503 2471 4556 libro
2526 4488 2576 4556 v't
2644 4488 2972 4558 Sti‘omalum
3028 4488 3628 4562 dkiiMi'écieﬁiihﬁ’éi

2065 4573 2605 4644 comprehensionem
2666 4575 3047 4644 praesentium,
3105 4577 3501 4644 praeteritorum
3567 4594 3630 4630 ac

2065 4639 2409 4706 futurorum;
2440 4643 2624 4711 aitque
2650 4639 2926 4697 Christum
2951 4659 3072 4697 cum
3105 4639 3160 4699 in
3197 4647 3356 4700 terris
3385 4661 3628 4702 versare-

2065 4719 2174 4776 tur,
2196 4726 2326 4783 eam
2359 4712 2632 4783 apostolis
2695 4713 3009 4780 tradidisse,
3069 4716 3136 4768 ab
3192 4715 3447 4783 apostolis
3498 4732 3628 4772 vero

2061 4782 2311 4856 continua
2323 4782 2592 4856 _deinceps
2620 4784 2964 4856 successione
3002 4783 3072 4856 ad
3111 4782 3468 4856 pauCissimps
3501 4801 3627 4856 per-

2060 4852 2297 4925 venisse.
2323 4849 2489 4925 Σοφία
2517 4851 2593 4925 -ᾂν
2633 4852 2716 4920 εἴη
2745 4855 2778 4923 ἠ
2806 4852 3024 4925 γνῶσις,
3057 4849 3334 4925 ἐπιστήμη
3363 4849 3514 4908 οὖσα’
3532 4856 3624 4910 ἀι’ί

2060 4919 2495 4997 κατάληψις-τῷν
2515 4921 2680 4997 ὄντων
2705 4919 2885 4997 τεξκαὶ
2912 4923 3182 4997 ἐσομένων
3230 4919 3624 4997 κάξ-παρῳχηέ

2059 4990 2472 5112 κότων,ξεϐαία
2497 4993 2589 5044 καὶ
2623 4991 2887 5062 ἀσφαλὴς,
2921 4990 3088 5056 ὡς’ἂν
3122 4993 3273 5065 παρὰ
3309 4990 3464 5049 Υἱοῦ’
3489 4990 3625 5049 Θεοῦ

2060 5060 2268 5112 παοαδο
2305 5064 2422 5112 εῖσα
2452 5063 2545 5112 καὶ
2564 5062 3020 5112 ἀποκαλυωθεῖσα.
3075 5063 3137 5112 Ει
3169 5065 3326 5112 nanln
3354 5077 3474 5112 nnst
3500 5083 3513 5112 :
3559 5064 3620 5112 ’τι

2060 5060 3020 5141 παραδοθεῖσα·καὶῂάποκαλυφθᾳεῖσα.
3075 5063 3137 5141 Et
3169 5060 3326 5141 paulo
3354 5077 3474 5141 post
3500 5083 3513 5118 :
3552 5064 3620 5141 :ll

2058 5130 2258 5202 γνῶσις
2287 5130 2343 5183 δὲ
2380 5131 2570 5202 αὑτὴῆ
2605 5132 2745 5184 κατὰ
2774 5131 3026 5202 διαδοχάς
3057 5134 3136 5195 είς
3167 5130 3380 5202 ὀλίγους
3415 5136 3478 5188 ἐκ
3510 5134 3620 5188 τῶν

2057 5199 2369 5275 άποστόλων
2403 5199 2686 5275 μάγράφως
2737 5199 3096 5275 παραδοθεῖσα
3132 5199 3508 5275 κατελήλυθεν.
3554 5205 3616 5259 Et

2056 5269 2297 5342 Ecclesia
2324 5269 2542 5342 quidem
2577 5269 2677 5325 hoc
2721 5269 2962 5324 Scientite
2997 5273 3194 5326 donum
3231 5269 3486 5342 perpetuo
3535 5290 3616 5329 re-

2058 5341 2214 5409 tinet.
2245 5339 2493 5395 llzeretici
2518 5355 2644 5394 vero
2671 5343 2918 5409 quamvis
2943 5356 3060 5396 eam
3093 5343 3195 5396 sibi
3231 5339 3527 5398 'vitidicent
3562 5355 3616 5398 et

2054 5408 2432 5464 Gnosticorum
2467 5425 2658 5464 nomen
2690 5408 2984 5478 usurpem,
3032 5427 3148 5464 eam
3190 5423 3366 5467 tamen
3415 5414 3616 5468 habere

2053 5493 2160 5532 non
2189 5490 2432 5549 possunt,
2471 5495 2592 5531 cum
2622 5479 2782 5532 alieni
2813 5479 2924 5549 sint
2943 5481 3010 5533 ab
3035 5482 3272 5536 Ecclesia
3312 5482 3423 5538 Dei.
3445 5482 3616 5538 Porro

2052 5548 2206 5627 vetus
2242 5549 2508 5618 interpres
2541 5550 2730 5603 lrenzei
2758 5548 2960 5618 γνῶσιν
2995 5565 3209 5620 semper
3255 5553 3417 5608 vertit
3453 5554 3611 5622 agni-

2051 5627 2262 5671 tionem.

2144 5686 2232 5762 89)
2269 5687 2394 5762 ’Egtl
2427 5685 2542 5762 τὴν
2566 5687 2916 5762 Ἔδεσσαν..
2952 5689 3006 5762 ln
3047 5691 3203 5762 codd.
3237 5690 3396 5762 Maz.,
3444 5691 3607 5759 Meda,

2049 5756 2186 5813 Fuit.
2219 5775 2280 5814 ac
2313 5758 2597 5830 Βανὶιίαιιο,
2615 5759 2809 5830 legitur
2838 5759 2928 5812 ἐπὶ
2948 5759 3014 5814 τὰ
3046 5761 3295 5820 Ἔδεσσα,
