3966 6264
282 253 378 310 Ml
1343 263 1691 321 HISTORUE
1731 266 2288 326 ECCLESIASTICE
2331 271 2457 327 LIB.
2500 271 2562 328 11.
3474 282 3576 337 in

299 377 531 432 Ἑλλάδα
553 379 844 449 γλῶτταν.
871 384 1014 456 ὑπὲρ
1027 385 1366 456 Χριστιανῶν
1381 387 1723 459 Ἀπολογίᾳ,
1758 389 1853 442 τίθτ

1960 392 2130 463 μιυίιι
2169 401 2525 450 retractemus
2556 391 2816 462 ejusmodi
2853 393 3033 466 legum
3070 414 3084 450 :
3131 405 3286 454 vetus
3336 410 3453 456 erat
3481 404 3576 460 de-

299 489 351 524 σι
372 469 516 524 κατὰ
542 471 700 536 λέξιν
743 474 934 528 τοῦτον
969 475 1195 545 ἱστορῶν
1219 477 1310 530 τὸν
1328 479 1526 549 τρόπον
1550 495 1562 506 ·
1636 498 1654 530 ι
1688 481 1805 534 Ἵνα
1845 482 1853 531 t‘

2005 495 2214 540 cretum
2247 499 2312 539 ne
2334 485 2455 554 quis
2486 484 2626 541 Deus
2657 487 2722 539 ali
2777 485 3106 556 imperatore
3153 501 3571 548 consecraretur

302 566 398 618 καὶ
429 566 495 617 ὲκ
553 564 665 634 τῆς
729 568 999 635 γενέσεως
1048 565 1416 639 διαλεχθῶμεν
1475 569 1582 623 τῶν
1643 571 1853 624 τοιοῦτο

2005 575 2106 630 nisi
2137 589 2168 628 a
2190 585 2377 631 senatu
2413 577 2693 645 probatus.
2721 579 2810 634 Sic
2833 578 3045 635 Marcus
3077 580 3332 640 Emilius
3354 586 3420 642 de
3467 589 3569 643 deo

306 657 503 727 νόμων,
537 657 780 713 παλαιὸν
809 655 877 731 ἦν
898 660 1092 730 δόγμα,
1129 659 1330 730 μηδένα
1365 659 1484 712 θεὸν
1507 661 1610 714 ὑπὸ
1637 660 1853 731 βασιλέα

2002 679 2103 720 suo
2132 665 2395 722 Alburno.
2418 667 2570 722 Facit
2592 678 2645 723 et
2670 670 2772 725 hoc
2799 671 2868 726 ad
2897 686 3112 726 causam
3140 684 3402 741 nostram,
3427 681 3569 747 quod

304 756 723 830 καθιεροῦσθαι,
758 743 889 829 πρὶν
944 757 1178 828 ὑπὸτῆς
1233 756 1536 828 συγκλήτου
1575 757 1898 829 δοκιμασθῆ-

301 867 412 904 ναι.
447 851 686 924 Μάρκος
714 850 960 920 Αἰμίλιος
991 849 1162 913 οὕτως
1202 850 1329 921 περί
1379 867 1522 914 τινος
1549 849 1771 904 εἰδώλου
1800 867 1898 904 πε-

298 941 533 1013 ποίηκεν
591 942 914 1013 Ἀλϐούρνου
943 941 1072 1011 (97).
1110 939 1405 994 Καὶ-τοῦτο
1445 942 1583 1012 ὑπὲρ
1610 941 1703 994 τοῦ
1739 941 1898 1013 ἡμῶν

296 1034 464 1101 λόγου
495 1034 814 1104 πεποίηται,
848 1034 929 1087 ὅτι
961 1034 1087 1104 παρ’
1117 1033 1246 1103 ὑμῖν
1290 1032 1604 1103 ἀνθρωπεία
1633 1033 1830 1104 δοκιμῇ
1860 1035 1894 1104 ἡ

297 1124 498 1195 θεότης
526 1124 748 1178 δίδοται.
788 1123 914 1177 Ἐὰν
947 1122 1022 1194 μὴ
1048 1121 1319 1195 ἀνθρώπῳ
1351 1122 1471 1187 θεὸς
1510 1123 1682 1195 ἀρέσῃ
1703 1163 1718 1186 ,
1772 1123 1893 1186 θεὸς

292 1218 362 1270 οὐ
387 1217 625 1284 γίνεται.
681 1215 867 1279 Οὕτως
912 1215 1052 1268 κατά
1096 1231 1160 1283 γε
1219 1215 1398 1278 τοῦτο,
1461 1213 1748 1285 ἄνθρωπον
1785 1215 1892 1286 θεῷ

295 1309 463 1362 ἵλεων
505 1305 646 1362 εἶναι
690 1309 974 1380 προσήκει.
1027 1306 1274 1376 Τιϐέριος
1320 1301 1434 1372 οὖν,
1475 1301 1561 1374 ἐφ’
1588 1301 1648 1359 οῦ
1695 1306 1756 1359 τὸ
1781 1306 1890 1360 τῶν

294 1402 650 1472 Χριστιανῶν
676 1401 848 1473 ὄνομα
873 1404 953 1465 είς
986 1401 1075 1454 τὸν
1117 1402 1318 1471 κόσμον
1362 1399 1636 1468 ἐλήλυθεν,
1693 1399 1891 1468 ἀγγελ-

295 1494 487 1555 θέντος
523 1493 676 1565 αὑτῷ
703 1497 767 1547 ὲκ
794 1493 1152 1562 Παλαιστίνης
1185 1491 1278 1544 τοῦ
1319 1491 1584 1562 δόγματος
1625 1490 1734 1560 (98)
1769 1491 1889 1544 τού-

293 1604 413 1650 του,
439 1586 574 1640 ἔνθα
590 1588 807 1657 πρῶτον
831 1585 1053 1657 ἠρξατο,
1076 1588 1140 1656 τῇ
1164 1583 1457 1655 συγκλήτῳ
1473 1583 1884 1649 ἀνεκοινώσατο,

294 1675 452 1746 δῆλος
477 1674 556 1727 ὢν
610 1675 859 1740 ἐκείνοις,
890 1675 965 1738 ὡς
1017 1675 1094 1746 τῷ
1140 1675 1371 1745 δόγματι
1410 1673 1706 1744 ἀρέσκεται
1747 1673 1881 1743 (99).

2001 758 2140 826 apud
2170 773 2267 813 vos
2292 758 2358 813 de
2396 759 2630 815 humano
2651 762 2912 819 arbitratu
2956 762 3214 822 divinitas
3244 770 3570 836 pensitatur.

1999 847 2115 905 Nisi
2154 850 2356 905 homini
2394 851 2525 907 deus
2571 852 2831 923 placuerit
2857 896 2871 916 ,
2907 855 3042 912 deus
3077 873 3183 912 non
3224 860 3347 916 erit.
3393 860 3568 919 Homo

1991 936 2102 1006 jam
2131 938 2236 995 deo
2266 941 2529 1011 propitius
2553 957 2673 998 esse
2694 945 2927 1001 debebit.
2959 945 3211 1005 Tiberius
3235 967 3388 1021 ergo,
3410 954 3567 1023 cujus

2001 1041 2242 1100 tempore
2275 1047 2475 1086 nomen
2516 1032 2882 1089 Christianum
2915 1037 2968 1092 in
2994 1040 3247 1096 saeculum
3271 1043 3516 1100 introivit
3550 1087 3565 1108 ,

1995 1121 2372 1176 annuntiatum
2405 1121 2508 1177 sibi
2540 1137 2606 1177 ex
2633 1122 2788 1194 Syria
2822 1125 3105 1183 Palaestina
3135 1146 3255 1200 qua:
3278 1135 3562 1191 veritatem

1995 1209 2140 1265 illius
2167 1211 2466 1268 divinitatis
2491 1213 2786 1281 revelarat,
2817 1218 3007 1272 detulit
3043 1221 3107 1274 ad
3145 1233 3395 1278 senatum
3439 1242 3559 1282 cum

1993 1303 2352 1372 praerogativa
2395 1303 2634 1376 suffragii
2685 1307 2789 1360 sui.
2842 1305 3072 1366 Senatus
3105 1313 3229 1381 quia
3279 1328 3383 1369 non
3437 1315 3555 1386 ipse

1990 1394 2311 1462 probaverat
2367 1395 2593 1465 respuit.
2681 1395 2858 1453 Caesar
2912 1401 2964 1453 in
3022 1405 3286 1458 sententia
3321 1409 3561 1474 mansit,

1991 1485 2356 1541 comminatus
2407 1488 2703 1556 periculum
2770 1495 3182 1550 accusatoribus
3215 1497 3555 1556 Christiano-

1991 1590 2130 1628 rum.
2177 1593 2196 1627 ›
2244 1574 2516 1632 Hactenus
2565 1576 2954 1636 Tertullianus.
2995 1583 3165 1650 Quam
3190 1588 3406 1656 quidem
3434 1606 3559 1646 seu-

1991 1667 2212 1722 tentiam
2249 1668 2491 1726 caelestis
2529 1671 2877 1728 Providentia
2908 1674 3111 1732 Tiberii
3128 1677 3358 1737 Caesaris
3389 1686 3558 1740 menti

309 1767 373 1819 Ἦ
402 1766 460 1818 δὲ
519 1768 826 1838 σύγκλητος
874 1768 996 1821 ἐπεὶ
1037 1768 1137 1821 οὐκ
1187 1768 1324 1837 αὑτὴ
1374 1766 1740 1837 δεδοκιμάκει,
1775 1767 1853 1819 ἀπ

1960 1761 1964 1802 ί
1989 1761 2194 1817 idcirco
2225 1761 2520 1826 infuderat,
2547 1773 2606 1818 ut
2641 1765 2912 1834 Evangelii
2938 1781 3143 1836 sermo,
3168 1771 3261 1840 qui
3294 1782 3421 1828 tunc
3445 1775 3558 1844 pri-

296 1856 476 1910 ώσατο
505 1875 521 1889 ·
558 1861 589 1911 ὁ
619 1859 677 1912 δὲ
705 1860 762 1912 ὲν
791 1861 857 1930 τῇ
887 1858 1052 1912 αὐτοῦ
1097 1859 1366 1927 ἀποφάσει
1392 1856 1620 1926 ἔμεινεν,
1662 1855 1888 1926 ἀπειλή-

302 1968 395 2014 σας
415 1950 651 2003 θάνατον
680 1953 790 2014 τοῖς
818 1949 926 2002 τῶν
954 1947 1296 2020 Χριστιανῶν
1323 1945 1648 2016 κατηγόροις
1673 1963 1685 1976 ·
1718 1963 1736 1996 ι
1787 1947 1886 2014 τῆς

1992 1868 2139 1908 mum
2167 1854 2316 1910 nasci
2347 1866 2613 1923 coeperat,
2645 1857 2850 1928 absque
2885 1857 2996 1912 ullo
3039 1859 3429 1928 impedimento
3462 1881 3558 1937 per

1991 1945 2303 2000 universum
2335 1944 2521 2000 orbem
2553 1956 2917 2018 spargeretu-r.

298 2046 549 2115 οὐρανίου
585 2045 850 2117 Προνοίας
881 2049 1000 2101 κατ’
1032 2046 1337 2116 οἰκονομίαν
1359 2044 1501 2098 τοῦτ’
1535 2043 1684 2114 αὐτῷ
1723 2043 1858 2114 πρὸς
1911 2042 2034 2096 νοῦν
2090 2043 2440 2115 βαλλομένης,
2476 2046 2550 2110 ὡς
2599 2046 2664 2100 ἂν
2716 2050 3171 2121 ἀπαραποδίστως
3202 2057 3376 2128 ἀρχὰς
3418 2058 3557 2130 ἔχων

296 2142 327 2192 ό
371 2140 462 2194 τοῦ
515 2143 852 2211 Εὐαγγελίου
897 2143 1082 2211 λόγος,
1132 2143 1437 2214 πανταχόσε
1491 2143 1594 2212 γῆς
1652 2140 1956 2211 διαδράμοι,
2823 2150 2834 2160 ‘

826 2240 1218 2294 ΚΕΦΑΛΑΙΟΝ
1266 2241 1304 2292 Γ
1303 2246 1336 2294 ’.

297 2330 494 2401 Ὅπως
527 2333 617 2396 εἰς
663 2330 860 2384 πάντα
901 2346 1004 2384 τον
1051 2334 1282 2401 κόσμον
1315 2332 1386 2385 ἐν
1421 2331 1639 2398 βραχεῖ
1666 2331 1879 2401 χρόνῳ

359 2400 678 2541 ῗὲδραέςεν
703 2405 736 2455 ό
765 2401 898 2470 περὶ
931 2401 1038 2457 τοῦ
1073 2400 1330 2472 Χριστοῦ
1381 2403 1562 2470 λόγος
1614 2400 1752 2470 (Nic.
1801 2400 1850 2453 Η

414 2509 428 2522 .
464 2486 522 2531 ll,
622 2510 638 2525 .

361 2552 521 2607 Οῦτω
546 2555 682 2625 δῆτα
719 2556 952 2627 οὐρανίῳ
979 2557 1202 2629 δυνάμει
1233 2561 1327 2614 καὶ
1355 2563 1634 2636 συνεργίᾳ,
1659 2565 1869 2637 ἀθρόως

290 2644 378 2700 οἷά
401 2665 482 2711 τις
505 2648 658 2718 ἡλίου
683 2647 831 2719 βολὴ,
847 2649 944 2721 τὴν
968 2649 1256 2720 σύμπασαν
1279 2655 1602 2728 οἰκουμένην
1641 2659 1668 2710 ὁ
1694 2662 1867 2730 σωτή-

294 2758 408 2812 ριος
431 2741 748 2811 κατηύγαζε
769 2740 943 2808 λόγος,
966 2741 1160 2796 αὐτίκα
1178 2743 1234 2796 δὲ
1258 2747 1376 2808 ταῖς
1399 2745 1569 2812 θείαις
1590 2749 1868 2821 ἑπομένως

287 2832 532 2903 Γραφαῖς
549 2833 650 2903 (Ι),
669 2833 763 2886 ἐπὶ
789 2835 966 2887 πᾶσαν
990 2835 1181 2906 προῄει
1205 2835 1302 2906 τὴν
1323 2837 1427 2907 γῆν
1449 2840 1477 2891 ὁ
1498 2839 1732 2909 φθόγγος
1758 2844 1866 2896 τῶν

286 2923 345 2975 θε
355 2940 452 2976 om
462 2925 594 2978 σίων
617 2924 1015 2992 εὐαγγελιστῶν
1036 2945 1094 2980 τε
1119 2926 1282 2983 αὐτοῦ
1306 2929 1400 2983 καὶ
1423 2930 1751 2992 ἀποστόλων.
1771 2934 1864 2986 καὶ

285 3018 366 3080 είς
388 3016 458 3070 τὰ
489 3016 702 3088 πέρατα
729 3018 828 3088 τῆς
853 3019 1178 3092 οἰκουμένης
1200 3021 1270 3076 τὰ
1293 3024 1513 3095 ῥήματα
1537 3024 1733 3078 αὐτῶν.
1758 3025 1864 3078 Καὶ

2603 2239 2830 2296 CAPUT
2860 2242 2945 2297 lll.

2063 2365 2336 2431 Quomodo
2361 2367 2556 2423 Christi
2579 2371 2824 2423 doctrina
2851 2388 2942 2436 per
2966 2389 3264 2429 universum
3315 2383 3490 2433 orbem

2507 2440 2644 2494 brevi
2666 2442 2898 2509 dispersa
2935 2446 3025 2496 sit.

2051 2547 2130 2606 Ita
2162 2551 2464 2621 Opitulante
2483 2552 2690 2608 caelesti
2713 2555 2932 2621 virtute,
2964 2555 3221 2613 salutaris
3246 2559 3341 2615 Dei
3366 2575 3547 2618 sermo

1980 2650 2236 2713 tanquam
2266 2643 2396 2699 solis
2454 2646 2636 2699 radius
2684 2645 2997 2700 universum
3032 2656 3304 2702 terrarum
3358 2653 3543 2708 orbem

1971 2735 2151 2791 subito
2185 2735 2498 2801 illustravit,
2546 2745 2602 2791 et
2653 2747 2815 2807 prout
2842 2738 2893 2790 in
2925 2739 3096 2794 sacris
3123 2739 3323 2796 litteris
3348 2747 3546 2812 praedi-

1973 2837 2116 2884 ctum
2149 2827 2343 2894 fuerat,
2381 2829 2432 2882 in
2466 2843 2678 2884 omnem
2713 2838 2914 2886 terram
2953 2831 3147 2896 exivit
3187 2847 3351 2887 sonus
3381 2849 3544 2889 evan-

1972 2920 2283 2990 gelistarum
2315 2920 2474 2975 simul
2501 2930 2556 2974 et
2587 2920 2978 2989 apostolorum,
3009 2932 3062 2975 et
3087 2937 3260 2992 usque
3291 2924 3358 2978 ad
3405 2927 3541 2981 ﬁnes

1972 3026 2129 3069 teme
2159 3013 2324 3067 verba
2358 3027 2569 3066 eorum.
2616 3011 2720 3066 Per
2751 3026 2940 3066 omnes
2970 3013 3137 3082 igitur
3187 3014 3438 3071 civitates
3486 3032 3542 3073 et

279 3251 527 3306 nisteriis
556 3250 927 3321 fungerentur.
955 3249 1027 3305 De
1059 3248 1232 3316 patria
1259 3248 1470 3321 quidem
1500 3262 1594 3321 sua
1625 3246 1853 3321 ipsemet

1960 3259 2116 3321 τητος
2145 3241 2440 3321 κατάδηλον
2463 3243 2940 3321 euertatﬁxatLetc.
2964 3241 3237 3321 Certe_vel
3277 3245 3370 3321 hic
3398 3262 3535 3303 unus

275 3324 471 3375 srribit
517 3323 576 3375 in
621 3315 975 3390 A'pologetico,
1009 3315 1128 3387 cap.
1154 3321 1216 3390 9,
1239 3315 1328 3371 tibi
1371 3320 1484 3390 agit
1532 3319 1597 3390 de
1636 3315 1854 3390 Tiberio

276 3391 611 3461 proconsule
649 3388 866 3461 Af_ric:e.
908 3390 998 3461 qui
1031 3389 1342 3461 sacerdotes
1374 3388 1593 3441 Saturni
1640 3388 1691 3439 in
1729 3401 1854 3461 cru-

275 3456 393 3516 cem
447 3469 658 3530 egerat.
700 3459 848 3513 Teste
889 3456 1083 3512 militia
1121 3460 1313 3525 patrita
1351 3468 1562 3530 uastae.
1604 3472 1722 3527 qua
1766 3456 1852 3508 id-

271 3533 448 3596 ipsum
477 3527 671 3584 munus
691 3530 774 3582 illi
795 3531 1098 3598 proconsuli
1124 3530 1308 3597 [uncta
1333 3539 1428 3580 est.
1455 3527 1510 3580 Id
1537 3539 1650 3591 est,
1688 3537 1851 3581 testes

272 3613 395 3655 sunt
431 3599 695 3654 oﬂiciales
743 3615 836 3654 seu
867 3601 1205 3666 apparitores
1234 3598 1688 3665 Carthaginienses
1718 3612 1848 3666 pro-

271 3670 558 3724 consulum
609 3669 826 3725 Africae.
871 3669 1049 3734 Quare
1105 3671 1218 3723 haec
1266 3667 1478 3722 Eusebii
1529 3669 1709 3732 verba,
1739 3666 1849 3720 τῶν

271 3741 511 3812 μάλιστα
559 3740 657 3812 ἐπι
689 3738 904 3812 Ῥώμης
941 3738 1231 3812 λαμπρῶν,
1271 3738 1466 3812 tualim_
1503 3737 1846 3812 interpretari

273 3807 338 3866 de
383 3811 743 3878 scriptoribus
780 3807 1028 3864 LatinisX
1055 3811 1204 3864 Solet
1236 3809 1379 3864 enim
1426 3807 1689 3862 Eusebius
1734 3807 1844 3860 lio-

272 3897 563 3935 manorum
610 3881 870 3935 vocabulo
919 3883 1240 3950 designare.
1267 3895 1370 3934 non
1407 3879 1549 3946 ipsos
1591 3878 1844 3950 ﬂuuiana;

273 3953 426 4006 urbis
461 3951 744 4020 indigenas
782 3966 845 4004 ac
889 3947 1059 4012 cives,
1098 3952 1190 4004 sed
1222 3949 1442 4004 Latinos
1487 3960 1542 4003 et
1583 3947 1842 4020 Occiden-

273 4021 440 4083 tales,
488 4029 548 4073 ttt
585 4018 824 4074 inferius
873 4020 1164 4086 notabitur,
1216 4021 1379 4073 Recte
1423 4033 1556 4088 ergo
1613 4018 1841 4071 Ruliuus

272 4091 417 4146 hunc
459 4091 676 4144 Eusebii
708 4092 884 4145 locum
916 4092 986 4143 ita
1019 4092 1181 4143 vertit
1227 4107 1240 4143 :
1283 4089 1410 4144 litvo
1444 4087 1836 4148 Tertulliamis,

270 4163 350 4214 uir
377 4173 423 4215 et
458 4161 634 4227 legum
663 4172 710 4213 et
750 4162 1137 4214 institutionum
1179 4159 1532 4213 Romanorum
1578 4158 1838 4226 peritissi-

269 4245 406 4296 mus,
434 4242 484 4285 et
520 4233 656 4285 inter
679 4244 881 4284 nostros
903 4235 1185 4299 scriptores
1213 4229 1496 4283 admodum
1527 4227 1726 4280 clarus.

341 4301 452 4372 (97)
508 4302 877 4372 Ἀλϐοὐρνου.
929 4301 1098 4367 lluius
1144 4301 1478 4372 dei_nomen_
1531 4299 1583 4351 in
1636 4299 1822 4372 codice

273 4368 405 4426 ιιυί.
433 4368 507 4426 et
550 4371 682 4425 Fnk.
711 4368 1126 4425 ’circumllexam
1177 4370 1339 4424 habet
1386 4369 1628 4422 ultimam
1668 4368 1834 4437 sylla-

1960 3314 2112 3367 locus
2161 3316 2449 3366 manifeste
2503 3312 2737 3377 indicat,
2779 3312 3071 3383 Eusebium
3129 3312 3287 3383 hujus
3331 3313 3534 3374 Graeca:

1958 3383 2426 3451 interpretationis
2458 3394 2736 3437 auctorem
2775 3397 2878 3436 non
2923 3381 3122 3447 fuisse,
3167 3381 3310 3449 quod
3351 3395 3530 3443 tamen

1957 3451 2201 3522 Scaliger
2251 3453 2450 3521 aliique
2499 3453 2599 3522 sibi
2663 3462 3065 3522 persuaserunt.
3104 3451 3259 3522 _Nam
3318 3454 3361 3506 si
3423 3458 3533 3512 Eu-

1955 3520 2137 3577 sebius
2174 3523 2287 3592 ipse
2327 3520 2467 3576 hunc
2502 3520 2816 3577 Tertulliani
2866 3523 3040 3592 locum
3089 3520 3277 3577 Graece
3335 3529 3532 3584 vertis-

1953 3602 2055 3655 set,
2089 3591 2201 3646 non’
2226 3594 2526 3646 emissurus
2555 3593 2739 3656 utique
2769 3593 2964 3646 fuisset
2996 3591 3050 3645 id
3095 3595 3243 3658 quod
3276 3594 3341 3647 ad
3373 3597 3527 3652 insti-

1955 3671 2126 3716 tutum
2161 3664 2329 3730 ipsius
2369 3662 2604 3715 maxime
2643 3662 2910 3726 faciebat,
2945 3662 3271 3717 mentionem
3320 3667 3528 3724 scilicet

1953 3732 2333 3786 miraculorum
2382 3731 2616 3793 Christi,
2646 3748 2766 3799 quae
2795 3732 3003 3786 Pilatus
3039 3734 3104 3785 ad
3135 3732 3407 3789 Tiberium
3442 3755 3526 3792 re-

1953 3804 2170 3855 tulerat.
2196 3801 2249 3856 ω
2293 3803 2434 3856 enim
2464 3803 2577 3870 ipse
2608 3803 2854 3872 superius
2885 3803 3016 3854 dixit
3051 3801 3204 3857 initio
3241 3804 3403 3872 hujus
3434 3825 3524 3862 ca-

1949 3873 2112 3948 pitis:
2146 3871 2226 3948 Τὰ
2251 3871 2376 3948 περὶ
2397 3872 2497 3948 τῆς
2528 3872 2591 3923 ἐκ
2614 3871 3194 3948 νε-κρῶζόιναστάσ-εως
3214 3871 3520 3948 τοῦγΣωτῆ..

1949 3959 2042 4013 ρος
2067 3942 2222 4014 ἡμῶν
2252 3941 2425 4013 Ἰησοῦ
2453 3941 2758 4014 Χριστοῦέ
2797 3941 3027 4014 Πιλάτος
3057 3942 3288 4014 Τιϐερίῳ
3314 3941 3525 4014 βασιλεῖ

1947 4012 2239 4078 κοινοῦται,
2269 4012 2376 4067 etc.
2418 4012 2576 4080 Atqui
2622 4016 2676 4065 in
2714 4012 3030 4082 Tertulliani
3081 4012 3229 4079 loco,
3261 4012 3425 4082 prout
3471 4020 3516 4072 is

1944 4083 2131 4138 Graece
2165 4098 2458 4138 conversus
2494 4083 2580 4136 hic
2615 4082 2868 4144 refertur,
2902 4081 3042 4135 nuHa
3075 4082 3134 4135 fit
3178 4081 3381 4140 mentio
3417 4091 3516 4141 ad-

1946 4153 2272 4208 mirabilium
2305 4153 2506 4207 Christi
2553 4168 2809 4221 operum,
2846 4152 2937 4206 sed
2991 4162 3196 4205 tantum
3245 4155 3512 4222 dogmatis

1943 4222 2256 4278 Christiani.
2291 4223 2510 4277 Certum
2538 4232 2622 4276 est
2660 4224 2841 4291 igitur,
2873 4222 3163 4292 Eusebium
3190 4223 3358 4292 hujus
3393 4242 3512 4281 ver-

1941 4294 2110 4348 sionis
2167 4303 2442 4347 auctorem
2503 4308 2607 4346 non
2657 4293 2842 4347 fuisse.
2891 4291 3055 4344 Porro
3101 4295 3244 4360 quod
3275 4291 3512 4349 ’Tertul-

1942 4362 2119 4418 lianus
2163 4365 2294 4417 dicit
2346 4365 2720 4416 annuntiatqu
2771 4362 2987 4418 Tiberio
3020 4377 3086 4415 ex
3137 4364 3294 4433 Syria
3345 4365 3512 4420 Palm-

271 4444 412 4497 bam.
447 4441 630 4496 Codex
678 4451 860 4494 autem
901 4441 1188 4494 Medica-us
1233 4439 1498 4507 duplicem
1541 4433 1712 4491 habet'
1739 4455 1832 4490 ac-
1865 4439 1910 4493 ι)
1938 4434 2103 4507 stitia,
2141 4434 2193 4489 id
2212 4433 2489 4507 _Eusebius
2517 4433 2582 4507 de
2612 4433 2871 4507 relatione
2903 4433 2966 4507 ad
3004 4433 3177 4500 ipsum
3216 4436 3379 4490 missa
3429 4438 3510 4490 in-

272 4523 508 4566 centum.
540 4512 694 4579 Quod
727 4512 940 4580 quidem
972 4511 1024 4563 in
1065 4510 1151 4564 illo
1183 4511 1369 4565 codice
1406 4526 1509 4562 non
1543 4508 1715 4580 semel
1751 4510 1834 4580 fa-

271 4592 408 4635 ctum
439 4578 576 4637 esse
605 4578 887 4636 observavi
916 4599 929 4635 :
963 4581 1190 4650 exempli
1223 4581 1395 4649 gratia
1427 4581 1479 4632 in
1515 4593 1647 4631 voce
1680 4578 1837 4630 Σολό-

443 4689 460 4704 .
511 4651 627 4706 Hoc
668 4653 811 4704 enim
862 4668 1054 4706 nomen
1104 4651 1304 4720 duplici
1347 4659 1569 4702 accentu
1604 4663 1834 4720 semper

270 4719 456 4776 n0tare
480 4723 620 4776 solet
647 4724 814 4775 codex
837 4721 1120 4775 Medicaeus
1142 4739 1156 4774 ι
1179 4719 1343 4774 acuto
1369 4720 1577 4774 scilicet
1601 4719 1649 4771 in
1684 4731 1837 4771 aute-

269 4793 562 4859 pennltima
591 4791 798 4860 syllaba
817 4833 830 4855 ,
856 4796 906 4843 in
927 4791 1219 4861 penultima
1251 4802 1429 4844 autem
1459 4786 1827 4861 circumﬂua:

332 4866 442 4932 (98)
496 4857 904 4932 Ἀγγῖελθέντος
928 4857 1110 4932 ἀὐτῷ
1143 4861 1210 4914 ἐκ
1241 4859 1680 4932 ,Παλαιστίνης-
1726 4857 1831 4910 τοῦ

268 4928 574 5002 δόγματοςζ
597 4928 861 5000 Quisquis
889 4935 1030 5002 hunc
1069 4931 1383 4985 Tertulliani
1425 4929 1613 5002 ΙοοιιιιιΔ
1643 4929 1829 5002 Graece

268 4996 423 5055 rei-iit
445 4996 648 5073 (neque
673 4996 815 5055 enim
844 5005 910 5055 ali
933 5001 1161 5055 Eusebio
1182 5015 1500 5073 conversum
1533 4996 1824 5073 existimo),

268 5069 493 5126 mentem
543 5069 687 5125 illius
719 5089 827 5126 non
873 5074 1006 5126 satis
1049 5081 1332 5125 assecutus
1376 5070 1608 5122 videtur.
1653 5069 1825 5122 Verba

269 5138 576 5196 Tertulliani
615 5143 754 5210 apud
782 5143 1033 5195 Rufinum
1066 5143 1145 5194 sic
1176 5143 1463 5211 leguntur:
1497 5139 1824 5211 Anuuntiata

265 5213 352 5264 sibi
379 5229 445 5266 ea:
471 5211 630 5282 Syria
651 5208 1086 5282 Palwstinaquw
1115 5208 1521 5264 illic'veritatem
1545 5211 1702 5282 istius
1741 5208 1826 5282 tti-

266 5283 494 5338 rinitatis
515 5279 910 5346 revelaverant,
938 5279 1123 5334 detulit
1151 5285 1218 5334 ad
1247 5290 1505 5333 senatum.
1532 5279 1702 5344 Quam
1746 5279 1824 5331 le-

266 5353 489 5407 ctionem
539 5355 820 5420 amplexus
860 5364 944 5406 est
993 5351 1242 5405 Nicotaus
1287 5350 1653 5420 Rigaltius__in
1704 5349 1820 5402 edi-

265 5422 403 5477 tione
442 5416 683 5491 Operuiu
714 5421 1028 5476 Tertulliani
1068 5440 1081 5474 :
1119 5422 1315 5476 merito
1351 5416 1516 5474 certe.
1542 5416 1695 5491 _Natn
1741 5420 1818 5470 al—

1940 4504 2162 4558 tellexit.
2211 4504 2279 4558 Et
2330 4512 2506 4557 tamen
2557 4500 2746 4557 Latina
2804 4518 2906 4556 vox
2958 4505 3099 4555 hunc
3151 4517 3371 4558 sensum
3415 4509 3507 4562 vix

1938 4575 2198 4645 admittit.
2243 4574 2564 4626 Annuntiari
2615 4575 2758 4626 enim
2809 4573 3026 4640 proprie
3074 4572 3349 4640 dicuntur,
3384 4591 3506 4645 qua:

1937 4643 2076 4696 fama
2105 4655 2158 4697 et
2195 4645 2500 4697 rumoribus
2532 4645 2896 4697 innotescunt.

2005 4713 2114 4783 (99)
2139 4712 2332 4783 Δῆλος
2363 4713 2448 4766 ὢν
2475 4713 2746 4778 ἐκείνοις,
2773 4712 2852 4777 ὠς
2877 4709 2958 4776 τῷ
2982 4709 3227 4783 δόγματι
3253 4712 3501 4780 ἀρέσκε-

1933 4781 2045 4835 ται.
2076 4781 2239 4838 Recte
2269 4787 2538 4852 expressit
2573 4799 2791 4836 sensum
2824 4784 3106 4835 verborum
3147 4781 3495 4849 Tertulliani,

1931 4869 2048 4904 cum
2072 4864 2416 4924 prmrogatrva
2439 4852 2682 4924 suﬂ'rugii
2729 4853 2833 4916 sui,
2868 4852 3134 4924 nisiquod
3152 4853 3222 4924 de
3249 4856 3498 4924 dogmate

1931 4920 2212 4992 perperam
2246 4920 2736 4991 tuliecithéque
2785 4923 2928 4975 enim
2981 4920 3347 4977 Tertullianus
3412 4926 3494 4979 lo-

1929 4997 2114 5060 quitur
2152 4996 2217 5047 de
2266 4995 2513 5062 dogmate
2561 4993 3016 5056 Christianorum,
3065 4994 3156 5045 sed
3180 4994 3254 5062 de
3289 4994 3494 5047 divini—

1931 5072 2040 5117 tate
2069 5065 2292 5118 Christi.
2334 5061 2498 5133 igitur
2535 5080 2652 5116 cum
2697 5062 3049 5131 praerogativa
3091 5061 3335 5131 suffragii
3377 5069 3491 5133 sui,

1927 5133 2064 5186 idem
2100 5135 2240 5187 valet
2269 5149 2330 5187 ac
2359 5149 2474 5186 cum
2501 5134 2882 5202 su/fragatione
2909 5148 3027 5197 sua,
3051 5146 3171 5202 qua:
3199 5135 3490 5191 maximam

1926 5203 2158 5273 habebat
2185 5206 2585 5258 auctoritatem.

1986 5290 2060 5360 (l)
2089 5289 2244 5360 Vulg.
2275 5291 2490 5344 αὐτίκα
2514 5288 2646 5360 ταῖς
2675 5279 2857 5360 θείαις
2875 5288 3176 5360 ἑπομένως
3199 5288 3484 5358 Γραςραῒς.

1916 5358 2274 5429 Nicephorius,
2305 5360 2397 5427 qui
2434 5368 2604 5413 totum
2639 5359 2782 5412 hunc
2813 5358 3030 5429 Eusebii
3061 5359 3237 5429 locum
3269 5363 3332 5414 ad
3361 5377 3485 5415 ver—

1916 5428 2372 5502 bum’descripsit,
2408 5430 2586 5493 habet,
2621 5429 2818 5502 αὐτίκα
2849 5428 2905 5481 δὲ
2932 5431 3048 5492 ταῖς
3079 5428 3248 5502 θείαις
3285 5431 3484 5502 ἑπομέ-

266 5500 369 5546 tera
410 5489 534 5562 qua:
573 5494 625 5545 in
659 5493 886 5561 vulgatis
941 5493 1133 5561 legitur
1181 5492 1481 5560 scriptura,
1534 5489 1662 5562 ferri
1711 5504 1816 5562 non

263 5559 448 5630 potest.
481 5563 576 5617 Sic
617 5559 781 5630 igitur
813 5559 1102 5616 vertendus
1130 5572 1248 5615 erat
1271 5559 1356 5616 hic
1379 5561 1566 5614 locus:
1598 5559 1819 5630 Ἀγγελ-

262 5629 445 5718 item?
475 5629 776 5718 αὑτςίτῶν.
792 5632 1093 5718 “aestima
1118 5633 1180 5718 ἐξ
1207 5631 1304 5702 τῆς
1331 5631 1664 5718 ξυρὲφςὲᾕε
1695 5629 1816 5718 ἐξει-

258 5701 550 5776 λτιστίνης,
581 5697 728 5774 ἅπερ
759 5704 874 5756 ἐκεῖ
897 5697 1009 5773 ’τὴν
1038 5697 1290 5774 ἀλήθειαν
1322 5697 1424 5771 τῆς
1445 5697 1652 5752 ἐκείνου
1694 5698 1811 5751 θεόοι

1916 5519 2021 5562 νως
2043 5500 2771 5570 Γραφαῖςηριιιε-ριιι-ῑίοιιιιι
2802 5514 2933 5570 quon
2980 5499 3307 5554 mediocrem
3335 5499 3484 5555 addit

1914 5571 2258 5651 elegantiam.
2306 5569 2476 5651 Paulo
2501 5578 2644 5651 _post
2678 5569 3038 5651 scribendum
3073 5570 3481 5651 estnat’iaryekt-

1917 5638 2060 5694 στῶν
2089 5658 2146 5692 τε
2176 5639 2340 5693 αὐτοῦ
2371 5641 2463 5692 καὶ
2489 5640 2820 5698 ἀποστόλων,
2852 5655 2916 5693 ex
2940 5639 3128 5692 eodem
3157 5638 3495 5708 Nicephoro,

1915 5712 2002 5772 cui
2035 5711 2399 5782 suffragantur
2429 5710 2551 5766 libri
2587 5710 2759 5766 nostri
2792 5709 2928 5764 Maz.
2957 5709 3096 5766 Med.
3131 5726 3195 5765 ac
3223 5708 3262 5763 F
3270 5709 3358 5766 ult.
