3966 6264
477 240 643 353 163.

1182 299 1449 357 EUSEBII
1486 300 1966 358 CASSARIENSIS
2002 301 2153 360 OPP.
2197 300 2379 357 PARS
2415 300 2456 359 Ι.
2498 334 2565 345 -ι-
2604 290 2991 362 lllSTORlCA.

3610 312 3712 367 ιιι

460 414 609 470 ficos
642 415 884 472 ecclesia:
933 418 1138 475 infinita
1175 421 1448 475 hominum
1475 422 1814 478 multitudine
1855 426 1997 478 abun

2103 422 2267 493 δῆτα
2299 422 2402 476 ἀνὰ
2433 426 2614 487 πάσας
2656 421 2838 484 πόλεις
2877 441 2938 477 τε
2978 423 3071 477 καὶ
3117 421 3329 495 κώμας,
3365 422 3712 498 πληθυούσης

463 504 851 573 dantes,'velut
883 521 1023 562 area:
1062 510 1306 577 quaedam
1340 511 1586 582 frugibus
1619 513 1729 587 42
1762 513 1978 569 referta:
2006 553 2022 578 ,

462 593 613 649 brevi
642 607 984 669 congregatae
1023 611 1166 656 sunt.
1203 602 1266 656 Et
1288 605 1377 672 qui
1412 617 1706 677 propagato
1738 622 1766 660 a
1806 604 2028 673 majori-

460 682 561 738 bus
585 697 796 753 errore,
832 690 1213 757 superstitioso
1247 691 1549 749 daemonum
1577 694 1725 750 cultu
1748 696 1903 765 quasi
1934 711 2025 750 reo

456 782 601 830 tusto
625 777 856 845 quodam
883 782 1072 835 morbo
1098 783 1381 839 constricti
1409 786 1756 855 tenebantur,
1790 788 1840 842 hi
1861 788 2021 842 Chrio

456 867 526 920 sti
558 868 755 923 virtute
778 873 1340 940 per‘prazdicationem
1374 875 1535 932 simul
1568 887 1623 934 et
1656 878 1917 933 miracula
1940 879 2023 933 di-

456 958 1010 1032 scipulorum'ipsius,
1042 975 1297 1036 tanquam
1344 982 1373 1021 a
1425 970 1738 1025 saevissimis
1789 971 2023 1026 dominis

455 1050 668 1107 liberati
693 1062 745 1107 et
778 1054 1115 1123 gravissimis
1143 1060 1371 1116 vinculis
1400 1061 1600 1128 soluti,
1643 1064 1866 1119 deorum
1899 1065 2021 1133 qni-

453 1143 573 1198 dem
606 1146 817 1200 turbam
866 1161 897 1201 a
935 1152 1271 1208 daemonibus
1318 1154 1586 1210 invectam
1647 1155 2017 1224 respuebant,

462 1251 630 1290 unum
666 1246 846 1293 autem
876 1239 1066 1296 ‘Deum
1119 1244 1512 1300 esse-omnium
1559 1261 1737 1301 rerum
1771 1246 2017 1316 opiﬁcem

450 1327 870 1386 conlitebantur.
928 1331 1101 1399 Quem
1151 1335 1370 1404 quidem
1418 1335 1587 1391 sacris
1612 1350 1756 1391 vera:
1801 1339 2019 1406 pietatis

448 1419 664 1484 ritibus,
695 1435 792 1490 per
818 1422 1053 1478 divinam
1082 1428 1490 1496 modestamque
1518 1427 1833 1496 religionem
1856 1442 2017 1498 quam

449 1510 706 1565 Servatur
738 1522 922 1569 noster
961 1517 1014 1569 in
1064 1517 1361 1572 humanum
1384 1533 1555 1589 genus
1586 1518 1894 1585 invexerat,
1926 1536 2017 1576 co.

446 1600 649 1658 lebant.
677 1602 814 1658 Cum
845 1621 973 1676 ergo
1001 1607 1092 1662 Dei
1129 1609 1303 1677 gratia
1350 1608 1461 1678 jam
1505 1611 1559 1666 in
1593 1610 1833 1680 reliquas
1879 1627 2016 1680 quo-

444 1710 551 1763 que
594 1696 841 1751 nationes
887 1713 1006 1754 sese
1034 1697 1383 1769 diﬂ‘underet,
1438 1702 1749 1774 primusque
1785 1704 1837 1758 in
1879 1702 2013 1759 urbe

2132 513 2333 578 ἅλωνος
2387 515 2573 587 δίκην,
2608 513 2922 587 μυρίανδροι
2967 517 3061 569 καὶ
3109 517 3454 587 παμπληθεῖς
3498 516 3711 591 ἀθρόως

2130 605 2414 677 ἐκκλησίαι
2443 611 2882 680 συνεστήκεισαν.
2900 609 3039 665 Οἴτε
3067 611 3129 662 ὲκ
3152 609 3431 681 προγόνων
3460 610 3709 683 διαδοχῆς

2128 697 2221 749 καὶ
2252 697 2351 766 τῆς
2384 698 2647 752 ἀνέκαθεν
2684 698 2911 770 πλάνης,
2954 700 3160 771 παλαιᾷ
3191 700 3330 771 νόσῳ
3372 701 3707 773 δεισιδαιμο-ι

2126 787 2244 852 νίας
2276 788 2507 843 εἰδώλων
2542 790 2639 853 τὰς
2668 790 2847 862 ψυχὰς
2896 791 3280 863 πεπεδημένοι,
3312 791 3449 864 πρὸς
3482 791 3582 861 τῆς
3608 792 3705 847 τοῦ

2124 880 2361 954 Χριστοῦ
2390 882 2671 954 δυνάμεως
2702 882 2789 936 διὰ
2838 884 2934 954 τῆς
2981 883 3090 937 τῶν
3117 884 3384 955 φοιτητῶν
3426 883 3591 938 αὑτοῦ
3623 884 3705 938 δι-

2122 974 2417 1039 δασκαλίας
2462 993 2521 1028 τε
2555 974 2691 1047 ὁμοῦ
2738 975 2831 1028 καὶ
2870 977 3343 1046 παραδοξοποιῖας,
3378 976 3566 1048 ὥσπερ
3596 975 3705 1029 δει-

2121 1064 2226 1118 νῶν
2257 1066 2529 1120 δεσποτῶν
2560 1066 2989 1138 ἀπηλλαγμένοι,
3019 1066 3260 1137 είργμῶν
3304 1084 3362 1119 τε
3386 1066 3704 1137 mem-cat-

2119 1173 2227 1210 των
2257 1157 2331 1228 (2)
2361 1156 2511 1211 λύσιν
2538 1157 2846 1229 εὑράμενοι,
2875 1158 3054 1228 πάσης
3094 1159 3193 1231 μὲν
3223 1157 3539 1230 δαιμονικῆς
3568 1175 3702 1212 κατ·
3770 1196 3774 1217 τ

2120 1247 2316 1302 έπτυον
2358 1247 2664 1311 πολυθεῖας.
2729 1249 2826 1303 ἕνα
2867 1249 2923 1303 δὲ
2968 1250 3125 1321 μόνον
3157 1246 3295 1304 εἶναι
3336 1249 3466 1303 Θεὸν
3494 1249 3701 1321 ᾠμολό-

2119 1356 2247 1407 γουν
2278 1339 2369 1393 τὸν
2396 1339 2505 1394 τῶν
2540 1340 2867 1411 συμπάντων
2908 1340 3255 1413 δημιουργὸν,
3289 1340 3478 1395 τοῦτόν
3509 1358 3568 1394 τε
3602 1340 3702 1395 αύ-

2117 1429 2206 1483 τὺν
2227 1429 2445 1500 θεσμοῖς
2475 1429 2705 1501 ἀληθοῦς
2736 1430 3016 1494 εὐσεϐείας
3043 1430 3108 1484 δι’
3137 1432 3320 1486 ἐνθέου
3360 1432 3451 1485 καὶ
3481 1430 3696 1504 σώφρο-

2118 1536 2204 1582 νος
2236 1517 2537 1589 θρησκείας
2569 1520 2669 1589 τῆς
2694 1520 2803 1573 ὑπὸ
2834 1519 2928 1573 τοῦ
2972 1522 3222 1593 Σωτῆρος
3259 1522 3415 1593 ἡμῶν
3466 1521 3544 1593 τῷ
3587 1522 3699 1578 τῶν

2116 1608 2414 1682 ἀνθρώπων
2451 1609 2550 1680 βίῳ
2575 1610 3017 1683 κατασπαρείσης
3050 1613 3352 1684 ἐγέραιρον.
3396 1612 3553 1667 Ἀλλά
3584 1613 3697 1687 γὰρ

2116 1705 2214 1774 τῆς
2235 1702 2456 1774 χάριτος
2485 1702 2583 1774 ἤδη
2610 1704 2708 1773 τῆς
2741 1702 2892 1766 θείας
2921 1705 3013 1757 καὶ
3037 1704 3129 1758 ἐπὶ
3152 1704 3219 1758 τὰ
3245 1704 3406 1759 λοιπά
3427 1706 3696 1779 χεομένης

444 1784 755 1841 Palaestina:
782 1786 1029 1842 Caasarea
1059 1790 1344 1845 Cornelius
1368 1808 1487 1846 cum
1534 1793 1785 1849 universa
1814 1793 2002 1849 familia

2118 1793 2264 1864 ἔθνη,
2298 1793 2393 1846 καλ⁸
2440 1792 2656 1863 πρώτου
2694 1794 2783 1864 μὲι
2832 1792 2972 1846 κατά
3018 1793 3114 1865 τὴν
3164 1794 3272 1847 τῶν
3319 1794 3694 1851 Παλαιστινῶν

444 1876 650 1932 visione
679 1879 918 1948 quadam
946 1881 1123 1935 divina
1150 1881 1409 1952 Petrique
1446 1883 1748 1939 ministerio
1778 1884 1934 1940 iidem
1957 1885 2012 1946 in

441 1968 716 2023 Christum
751 1981 900 2026 esset
921 1972 1225 2041 amplexus,
1257 1983 1311 2029 et
1341 1976 1649 2044 complures
1669 1977 1761 2032 alii
1789 1992 1855 2033 ex
1878 1993 2010 2048 gen—

446 2061 627 2117 tilibus
653 2063 954 2119 Antiochiae
985 2063 1125 2119 idem
1155 2063 1435 2135 fecissent,
1475 2066 1675 2137 quibus
1701 2068 1927 2140 dispersi
1955 2069 2010 2124 in

442 2154 533 2207 illa
597 2152 857 2222 Stephani
915 2156 1291 2225 persecutione
1333 2158 1583 2229 discipuli
1632 2161 1859 2217 verbum
1914 2161 2008 2215 Dei

440 2245 867 2314 prmdicaverant
901 2264 913 2300 :
951 2246 1177 2303 ﬂorente
1219 2260 1329 2303 ttun
1360 2259 1416 2304 et
1449 2251 1661 2320 vigente
1709 2251 2007 2306 Antioche-

441 2352 630 2393 norum
664 2336 931 2403 Ecclesia,
963 2341 1015 2395 in
1056 2357 1160 2411 qua
1200 2343 1419 2413 plurimi
1479 2343 1642 2399 simul
1695 2344 2005 2414 congregati

438 2430 684 2494 aderant,
724 2439 833 2483 tum
866 2432 934 2485 ab
958 2430 1347 2505 Hierosolymis
1377 2436 1656 2504 prophetae
1686 2437 2006 2504 quibuscum

435 2517 636 2576 Paulus
677 2522 781 2578 fuit
814 2532 869 2578 et
904 2522 1203 2592 Barnabas,
1256 2536 1367 2581 tum
1418 2526 1507 2580 alii
1541 2526 1742 2581 fratres
1779 2542 2008 2582 numero

437 2615 784 2683 baud.pauci,
809 2615 1251 2672 Christianorum
1284 2631 1478 2672 nomen
1506 2618 1582 2671 ibi
1612 2628 1739 2673 tunc
1776 2620 2007 2687 primum

435 2714 693 2774 tanquam
732 2722 801 2762 ex
851 2723 1071 2764 amoeno
1111 2723 1176 2763 ac
1225 2709 1461 2764 fecundo
1493 2709 1699 2778 cespite
1753 2719 2004 2766 exortum

434 2807 541 2851 est.
591 2797 704 2852 Sub
750 2798 809 2852 id
855 2808 1064 2869 tempus
1098 2801 1314 2871 Agabus
1343 2801 1558 2870 quidem
1597 2816 1735 2857 unus
1781 2816 1845 2856 ex
1883 2815 2007 2870 pro-

432 2889 611 2958 phetis
646 2890 737 2957 qui
787 2890 898 2947 illic
927 2896 1174 2957 aderant,
1207 2892 1403 2947 famem
1447 2893 1685 2948 futuram
1715 2895 2000 2964 praedixit:

433 2980 634 3037 Paulus
656 2996 787 3035 vero
842 2990 897 3036 et
934 2982 1209 3038 Barnabas
1260 2982 1687 3057 Hierosolymam
1744 2985 2002 3041 destinati

434 3084 584 3138 sunt,
612 3084 671 3128 ut
701 3073 931 3128 fratrum
958 3077 1238 3145 penuriam
1268 3092 1366 3134 suo
1404 3077 1704 3134 ministerio
1752 3077 2003 3134 subleva—
2029 3115 2068 3169 Ο

433 3177 573 3222 rent.

510 3355 587 3428 (Ξ)
628 3354 904 3427 ΕΙργμῶι·
952 3372 1015 3410 τε
1061 3352 1513 3428 χαλεπωτάτων.
1544 3353 1766 3426 Εἰρμῶν
1810 3352 2001 3428 legitur

431 3424 577 3495 apud
618 3424 1017 3495 Nicephorum,
1058 3424 1147 3494 qui
1173 3427 1469 3481 Eusebium
1506 3424 1750 3478 neStrnm
1794 3424 2001 3495 exscri-

431 3493 559 3562 psit.
590 3506 649 3551 ut
683 3493 837 3551 solet.
865 3497 919 3551 ln
953 3493 1205 3551 omnibus
1238 3500 1414 3548 tamen
1462 3495 1659 3547 nostris
1700 3493 1996 3550 codicibus.

435 3567 601 3635 Regio
639 3567 868 3631 scilicet,
900 3566 1060 3630 Maz.,
1087 3566 1226 3620 Med.
1257 3581 1320 3619 ac
1352 3564 1484 3619 Fuk.
1518 3565 1778 3635 scriptum
1814 3563 1997 3617 iuveni

429 3634 693 3715 εἱργμῶν,
716 3652 846 3715 qua:
873 3638 1031 3715 lectio
1053 3638 1180 3715 .sine
1204 3636 1379 3715 dubio
1399 3634 1729 3715 prteferenda
1765 3643 1869 3715 e_s_t.

502 3701 580 3770 (ὅ)
628 3701 779 3769 Vulg.
818 3705 968 3755 κατὰ
1005 3704 1120 3768 τὴν
1162 3703 1281 3755 τῶν
1325 3701 1747 3757 Πάλαιστινῶν
1785 3705 2003 3759 Καισά-

423 3789 615 3843 ρειαν.
645 3771 1082 3843 Nostrigcodices.
1110 3770 1267 3843 Maz.,
1298 3772 1433 3843 Med.
1462 3789 1523 3827 ac
1553 3772 1711 3835 Fnk.,
1740 3776 1999 3843 scriptum

429 3841 859 3913 exhibentxata
891 3840 988 3913 τὴν
1021 3842 1394 3913 Παλαιστινῶν
1408 3843 1771 3913 Καισάρειαν,
1801 3840 2001 3900 rectius

431 3927 553 3984 meo
582 3912 796 3984 quidem
817 3911 1043 3984 judicio.
1079 3912 1367 3967 Dicebatur
1395 3911 1999 3984 οιιίιηὴΠαλαιστινῶν

427 3982 736 4053 Καισάρεια
755 3992 873 4053 ,Διιι
906 3982 1047 4053 alibi
1082 3984 1323 4053 occurrit
1358 3985 1511 4053 apud
1553 3982 1845 4038 Eusebium
1897 4000 1995 4038 no-

428 4051 627 4118 strum,
654 4052 722 4105 ad
754 4051 1045 4122 discrimen
1070 4051 1328 4106 Caesareae
1351 4052 1581 4122 Philippi
1611 4069 1733 4122 qua:
1760 4054 1814 4108 in
1841 4053 2000 4110 Phae-

427 4123 549 4175 nice
577 4124 680 4176 sita
727 4131 866 4173 erat.
907 4120 1049 4174 Leve
1092 4122 1311 4189 quidem
1347 4124 1399 4176 id
1442 4120 1720 4178 nonnullis
1768 4124 1999 4181 fortasse

426 4191 717 4245 videbitur.
750 4190 854 4243 Sed
884 4206 985 4243 nos
1022 4191 1073 4243 in
1105 4191 1206 4245 hac
1238 4202 1423 4245 nostra
1458 4193 1715 4254 editione.
1745 4194 1881 4248 nihil
1910 4210 2009 4250 eo-

425 4276 547 4333 rum
570 4276 692 4329 quae
733 4260 788 4333 in
820 4260 1204 4333 manuscriptis
1233 4263 1510 4316 codicibus
1537 4273 1832 4318 occurrunt
1858 4280 1999 4333 prae-

423 4328 1021 4403 terire;constituimus,
1046 4328 1157 4399 quo
1184 4331 1368 4385 lectori
1400 4333 1731 4403 diligentiam
1759 4328 1997 4390 nosiram

423 4399 808 4469 approbemus.

2116 1885 2451 1957 Καισάρειαν
2471 1887 2543 1956 (5)
2579 1885 2878 1956 Κορνηλίου
2923 1885 3017 1940 σὺν
3046 1886 3151 1956 ὅλῳ
3181 1886 3257 1956 τῷ
3288 1887 3419 1957 οἴκῳ
3454 1887 3520 1941 δι’
3567 1890 3692 1942 ἑπι-

2115 1973 2338 2041 φανείας
2366 1972 2639 2044 θειοτέρας
2672 1973 2972 2045 ὑπουργίας
2998 1990 3057 2025 τε
3091 1974 3321 2046 Πέτρου,
3361 1975 3456 2047 τὴν
3488 1979 3567 2042 είς
3595 1979 3692 2033 τὸν

2111 2064 2343 2134 Χριστὸν
2385 2064 2568 2116 πίστιν
2598 2064 3053 2135 καταδεξαμένου,
3088 2065 3352 2120 πλείστων
3382 2085 3441 2122 τε
3471 2070 3561 2122 καὶ
3594 2069 3691 2125 ἄλ-

2110 2155 2216 2209 λων
2255 2156 2340 2209 ἐπ’
2385 2154 2713 2227 Ἀντιοχείας
2755 2156 3039 2227 Ἑλλήνων,
3075 2154 3155 2220 οἷς
3188 2161 3235 2211 oi
3286 2158 3424 2213 κατά
3468 2161 3557 2214 τὸν
3590 2161 3689 2216 τοῦ

2110 2246 2380 2316 Στεφάνου
2413 2246 2647 2317 διωγμὸν
2679 2247 3068 2319 διασπαρέντες
3099 2250 3389 2322 ἐκήρυξαν,
3417 2253 3687 2327 ἀνθούσης

2109 2339 2232 2409 ἄρτι
2262 2339 2357 2391 καὶ
2390 2337 2738 2410 πληθυούσης
2774 2340 2872 2410 τῆς
2906 2340 3045 2394 κατά
3089 2342 3411 2413 Ἀντιόχειαν
3457 2345 3687 2418 Ἐκκλη-

2111 2431 2250 2495 σίας,
2285 2432 2342 2484 ἐν
2382 2432 2561 2502 ταύτῷ
2593 2449 2652 2484 τε
2681 2432 3055 2505 ὲπιπαρόντων
3097 2434 3361 2489 πλείστων
3406 2438 3545 2492 ὅσων
3572 2439 3675 2495 ἰιῶκο

2108 2539 2165 2575 τε
2198 2523 2304 2577 ἀπὸ
2337 2524 2720 2595 Ἰεροσολύμων
2750 2525 3063 2597 προφητῶν,
3095 2527 3188 2580 καὶ
3220 2530 3314 2583 σὺν
3340 2531 3522 2594 αὐτοῖς
3540 2531 3685 2603 Βαρ-

2108 2616 2244 2669 νάϐα
2280 2617 2373 2670 καὶ
2411 2610 2645 2679 Παύλου,
2699 2618 2886 2689 ἑτέρου
2933 2635 2990 2672 τε
3048 2620 3281 2691 πλήθους
3322 2622 3417 2674 ἐπὶ
3467 2622 3683 2700 τούτοις

2106 2707 2368 2775 ἀδελφῶν,
2435 2710 2468 2779 ἡ
2518 2710 2860 2781 Χρ.στιανῶν
2919 2712 3256 2784 προσηγορία
3298 2714 3418 2767 τότε
3464 2714 3682 2784 πρῶτον

2106 2797 2291 2851 αὐτόθι
2316 2798 2503 2872 ῶσπερ
2522 2799 2603 2852 ἀπ
2618 2796 3237 2874 ἐὐθαλοῦςκαὶγονίμου
3251 2804 3427 2876 πηνῆς
3444 2804 3520 2878 (ι)
3542 2805 3677 2859 ἀνα-

2104 2893 2318 2946 δίδοται.
2366 2894 2477 2946 Καὶ
2520 2894 2755 2962 ’Ἄγαϐος
2785 2895 2905 2964 μὲν,
2940 2890 3021 2958 εἷς
3051 2895 3157 2948 τῶν
3191 2895 3452 2949 συνόντων
3493 2896 3681 2960 αὐτοῖς

2105 2985 2421 3058 προφητῶν,
2447 3004 2513 3039 πε
2524 2988 2575 3058 ρὶ
2600 2986 2691 3041 τοῦ
2721 2988 2932 3057 μέλλειν
2960 2987 3175 3041 ἔσεσθαι
3200 2987 3354 3058 λιμὸν
3380 2986 3679 3058 προθεσπίο

2104 3078 2203 3143 ζει.
2235 3077 2446 3143 Παῦλος
2477 3080 2533 3133 δὲ
2576 3080 2668 3133 καὶ
2714 3079 2999 3153 Βαρνάϐας
3020 3080 3116 3151 (5),
3149 3078 3676 3155 ἐξυπηρετησόμενοι

2107 3173 2173 3241 τῇ
2202 3170 2307 3224 τῶν
2344 3170 2583 3240 ἀδελφῶν
2610 3171 3065 3243 παραπέμπονται
3096 3171 3355 3241 διακονία.

2114 3352 2325 3425 scribit,
2345 3368 2462 3425 eam
2482 3352 2777 3425 contigisse
2799 3370 2903 3425 quo
2932 3364 3170 3425 tempore
3191 3351 3427 3411 Herodes
3439 3355 3672 3425 Agrippa

2109 3424 2308 3494 inflicta
2337 3424 2550 3479 etnlitus
2582 3424 2735 3494 plaga
2767 3423 2991 3479 interiit.
3021 3423 3170 3491 Quod
3203 3426 3418 3491 quidem
3456 3423 3670 3490 tempo-

2107 3493 2258 3547 ribus
2287 3494 2495 3547 Claudii
2528 3493 2790 3548 aCcidisse
2829 3497 2971 3549 inter
3013 3508 3202 3549 omnes
3248 3504 3477 3549 constat.
3525 3494 3670 3555 Pru-

2104 3566 2295 3634 denter
2327 3565 2508 3632 itaque
2539 3563 2666 3618 fecit
2698 3563 3053 3634 Nicephorius,
3081 3565 3170 3630 qtti
3200 3579 3320 3618 cum
3358 3573 3524 3618 totum
3563 3564 3671 3620 hoc

2103 3632 2319 3714 Eusebii
2360 3643 2520 3701 caput
2547 3632 2878 3714 adverbium
2925 3635 3285 3714 describeret,
3327 3644 3666 3714 postremam

2102 3703 2243 3757 hanc
2289 3715 2493 3770 partem
2527 3705 2589 3755 de
2625 3703 2884 3758 industria
2920 3704 3283 3772 praetermisit,
3313 3703 3378 3757 tie
3422 3705 3474 3756 in
3510 3719 3669 3756 eum-

2100 3772 2219 3827 dem
2278 3788 2400 3826 cum
2451 3772 2678 3825 Eusebio
2724 3788 2964 3827 errorem
3035 3774 3317 3827 incideret.
3371 3773 3664 3827 Eusebium

2099 3857 2225 3896 vero
2253 3853 2496 3896 nostrum
2526 3843 2579 3894 in
2610 3857 2726 3895 eam
2752 3845 3063 3911 opinionem
3098 3843 3309 3897 induxit
3336 3843 3484 3895 Pauli
3513 3843 3669 3897 locus

2099 3917 2162 3965 at
2198 3912 2437 3975 Galatas,
2480 3911 2569 3964 ubi
2623 3912 2688 3966 de
2730 3915 2840 3967 suis
2889 3915 2953 3966 ad
3007 3911 3192 3965 urbem
3240 3913 3665 3980 Hierosolymam

2099 3982 2520 4047 profectionibus
2551 3981 2810 4049 loquitur.
2842 3982 3010 4048 Quem
3049 3982 3224 4035 locum
3255 3993 3311 4034 ut
3342 3982 3540 4035 clarius
3586 3981 3664 4034 in-

2104 4051 2343 4120 telligere
2394 4051 2686 4118 possimus,
2737 4054 2803 4105 de
2853 4052 3119 4105 universis
3176 4050 3323 4104 Pauli
3375 4051 3661 4120 profectio-

2100 4121 2259 4175 nibus
2289 4123 2339 4174 in
2372 4136 2583 4176 sacram
2617 4123 2809 4174 urbem‘
2837 4134 2955 4188 post
2982 4121 3096 4189 ejus
3127 4122 3191 4172 ad
3226 4121 3499 4175 Christum
3531 4136 3663 4174 con-

2098 4193 2425 4254 versionem,
2454 4191 2761 4259 dtligentius
2791 4192 3293 4259 inquirendumest.
3337 4189 3511 4244 Lucas
3544 4191 3667 4257 qui-

2101 4264 2221 4313 dem
2268 4273 2463 4330 quater
2503 4258 2725 4330 otiinino
2777 4276 2897 4314 eum
2951 4258 3317 4329 Hierosolyma
3360 4260 3659 4327 profectum

2099 4343 2221 4384 esse
2250 4329 2463 4385 seribit.
2511 4329 2749 4385 Primum
2805 4331 2965 4400 paulo
2999 4339 3119 4398 post
3156 4344 3274 4400 etus
3328 4330 3660 4400 baptismum

2101 4413 2219 4468 cap.
2246 4416 2298 4453 ιιι
2324 4404 2572 4455 Actuum.
2602 4398 3016 4453 Iterunfdeinde
3047 4398 3317 4465 profectus
3349 4410 3428 4453 est
3460 4399 3664 4453 Paulus

907 4471 1204 4545 εὐθαλοῦς
1226 4471 1323 4545 οιαὶ
1350 4473 1593 4542 γονίμου
1616 4473 1748 4543 γῆς.
1774 4474 1852 4528 Ita
1878 4474 1998 4545 qui-

2103 4446 2469 4545 lliErosolyma
2519 4472 2585 4522 ad
2634 4446 3208 4545 deferendasjratrum
3257 4469 3657 4545 eleemosynas,

421 4540 543 4612 dem
569 4541 767 4612 legitur
801 4542 857 4593 in
888 4542 1075 4595 codice
1111 4542 1298 4610 Regio,
1328 4540 1488 4612 quem
1521 4540 1739 4599 secutus
1769 4554 1852 4599 est
1878 4540 1997 4599 Ste-

418 4611 654 4681 phanus.
704 4611 807 4665 Sed
850 4612 1044 4680 reliqui
1073 4613 1311 4679 codices,
1340 4611 1480 4671 Maz.
1507 4614 1733 4676 scilicet,
1756 4629 1819 4668 ac
1853 4614 1991 4669 Med.

418 4697 542 4770 at}?
566 4681 711 4770 Eat:
739 4691 793 4770 ξε
817 4681 1284 4770 sevit-sseae!!!
1314 4683 1514 4770 tabe"!
1534 4684 1759 4770 γξνὲιιου
1788 4687 1990 4770 πηγῆς-

416 4749 529 4825 Nec
557 4753 716 4825 aliter
744 4752 798 4804 in
845 4749 1160 4825 exemplari
1189 4767 1289 4825 suo
1318 4753 1521 4825 legerat
1547 4749 1804 4819 ‘Rulinus,
1835 4749 1891 4809 ut
1925 4749 1994 4810 ex

415 4823 537 4891 eius
561 4824 1009 4891 interpretatione
1041 4822 1490 4891 colligimusISic
1511 4826 1656 4877 enim
1681 4826 1842 4879 vertit
1869 4849 1880 4880 ;
1911 4825 1994 4878 lbi

416 4890 644 4958 primum
685 4890 924 4955 discipuli
954 4891 1109 4944 veluti
1148 4890 1360 4958 perenni
1400 4891 1543 4957 fonte
1589 4897 1797 4956 sumpto
1833 4904 1989 4942 voca-

417 4956 540 5007 bulo
564 4958 816 5025 appellati
850 4970 970 5013 sunt
1007 4956 1319 5012 Christiani.
1354 4956 1452 5015 Ubi
1489 4969 1665 5013 tamen
1713 4959 1985 5011 lubentius

420 5025 647 5097 legerim
688 5027 878 5097 vetule
909 5030 1122 5096 perenni
1147 5030 1295 5097 fonte
1319 5039 1525 5094 sumpto
1550 5029 1818 5081 vocabulo.
1849 5026 1983 5081 Nam

361 5097 372 5168 ξ
416 5091 676 5168 inﬁrch
704 5109 786 5151 est
819 5091 1005 5168 ὥσπερ
1031 5099 1123 5150 ἀπ’
1138 5091 1393 5162 εὐθαλοῦς
1421 5091 1513 5152 διαὶ
1529 5098 1749 5167 γονίμου
1778 5097 1979 5166 πηγῆς-

362 5158 380 5216 λ,
416 5158 691 5217 Mttturunt
733 5177 912 5238 autem
947 5158 1088 5223 h'auc
1134 5158 1477 5238 scripturam,
1509 5158 1552 5222 ii.
1595 5158 1684 5235 qui
1725 5158 1985 5238 sibi'per-

416 5245 701 5307 suaserant
722 5235 922 5307 εύθαλῆ
948 5246 998 5291 et
1022 5235 1371 5307 γόνιμονίιίοἰ
1402 5254 1505 5291 non
1534 5253 1693 5307 posse
1715 5238 1782 5290 de
1811 5236 1980 5307 fonte.

414 5304 680 5378 Cteterutii
721 5304 1157 5361 Christianorum
1181 5309 1500 5362 vocabulum
1536 5304 1980 5378 'pt-incipatum’l‘t-

414 5370 554 5443 berii
588 5375 822 5443 primum
878 5377 997 5431 Otbi
1050 5379 1347 5432 iunotuisse
1388 5370 1612 5432 testatur
1648 5370 1813 5430 etiam
1849 5376 1983 5429 'l‘er-

418 5441 762 5518 tulliatiusgin
798 5447 1149 5518 Apologetico,
1190 5446 1340 5516 cujus
1401 5448 1576 5502 loeum
1622 5448 1673 5501 in
1711 5447 1976 5515 superiori

413 5513 592 5581 capite
629 5515 856 5570 adduxit
884 5513 1167 5572 Eusebius.

484 5582 560 5657 (ξὶξ)
598 5584 837 5653 Παῦλος
859 5587 927 5640 δὲ
949 5588 1046 5643 καὶ
1082 5586 1409 5657 Βαρνάϐας.
1437 5587 1597 5643 Nullo
1624 5587 1782 5642 modo
1807 5586 1860 5638 in
1890 5584 1950 5638 Ti
1970 5614 1983 5625 ο

412 5649 548 5728 herii
590 5649 829 5724 tempora
867 5659 1058 5728 cadere
1095 5649 1274 5728 potest
1307 5649 1421 5714 huic
1460 5659 1615 5728 Pauli
1661 5657 1974 5725 Hierosoly-

410 5723 614 5779 mitana
653 5729 934 5797 profectio.
983 5723 1116 5785 Nam
1172 5728 1348 5785 Lucas
1397 5732 1449 5784 in
1499 5726 1728 5785 Actibus
1776 5723 1976 5782 diserte

2095 4550 2151 4590 ut
2185 4537 2415 4593 refertur
2441 4541 2493 4593 in
2529 4556 2647 4608 cap.
2680 4556 2730 4592 ιιι
2755 4550 2808 4592 et
2837 4555 2936 4595 xu.
2962 4539 3152 4592 Postea
3186 4537 3430 4592 ascendit
3460 4537 3660 4608 Paulus

2091 4609 2465 4679 Hierosolyma
2518 4607 2607 4664 ob’
2641 4610 3081 4679 controversiam
3118 4610 3181 4661 de
3243 4607 3659 4679 circtuncilione

2091 4690 2147 4733 et
2178 4675 2418 4733 Judaicis
2454 4679 2665 4743 ritibus,
2713 4688 2771 4731 ut.
2805 4680 3035 4732 habetur
3073 4678 3123 4731 in
3161 4677 3335 4747 capite
3370 4691 3457 4747 xv.
3482 4675 3659 4747 Post-

2091 4762 2242 4802 remo
2294 4750 2441 4803 venit
2495 4748 2867 4815 Hierosolyma
2932 4748 3032 4801 sub
3088 4746 3249 4800 linem
3314 4746 3659 4813 principatus

2089 4818 2319 4882 Claudii,
2365 4817 2543 4888 ibique
2582 4819 2901 4888 diutissime
2929 4818 3134 4888 vinctus
3178 4817 3497 4885 permansit.
3536 4815 3658 4882 Ipso

2087 4902 2217 4942 vero
2245 4886 2538 4942 Paulus'in
2574 4888 2813 4955 Epistola
2842 4887 2909 4940 ad
2944 4886 3184 4949 Galatas,
3217 4888 3299 4940 bis
3337 4895 3455 4953 post
3499 4900 3656 4937 suam

2088 4959 2153 5009 ad
2192 4958 2463 5013 Christum
2499 4960 2906 5011 conversionem
2941 4959 3151 5010 Venisse
3194 4971 3251 5009 se
3284 4958 3415 5008 dicit
3464 4955 3656 5007 lliero-

2087 5028 2330 5097 solyma;
2380 5037 2434 5080 et
2480 5038 2762 5095 utramque
2786 5026 3203 5097 profectionem,
3232 5026 3654 5097 histentpornm

2089 5095 2386 5151 intervallis
2434 5097 2735 5166 distinguit.
2772 5096 2903 5149 Cum
2947 5108 3152 5156 autem,
3197 5095 3407 5166 inquit,
3453 5095 3654 5159 placuit

2084 5168 2133 5218 ei
2166 5169 2251 5235 qui
2289 5182 2369 5219 me
2406 5164 2726 5235 segregavit,
2757 5176 2804 5219 et
2844 5167 3037 5218 vocavit
3092 5180 3182 5231 per
3212 5164 3440 5233 gratiam
3473 5176 3647 5224 suam,

2085 5247 2141 5288 ut
2187 5238 2437 5290 reuelaret
2474 5235 2671 5289 Filium
2704 5252 2859 5289 suum
2904 5237 2959 5287 in
2990 5251 3090 5297 me,
3124 5237 3371 5287 continuo
3414 5247 3513 5283 non
3563 5248 3656 5283 ac-

2083 5307 2254 5374 quievi
2313 5308 2457 5359 carni
2500 5316 2547 5360 et
2590 5307 2854 5374 sanguini.
2892 5302 3075 5372 Neque
3120 5306 3233 5356 veni
3282 5302 3652 5374 Hierosolyma

2083 5372 2151 5427 ad
2196 5387 2542 5430 antecessores
2587 5372 2726 5429 meos
2767 5376 3029 5442 apostolos
3069 5387 3087 5423 :
3131 5373 3221 5426 sed
3265 5374 3371 5425 abii
3418 5372 3482 5442 in_
3513 5380 3651 5421 Ara-

2084 5445 2252 5508 biam,
2296 5458 2342 5498 et
2376 5449 2566 5498 iterum
2614 5439 2845 5497 reversus
2892 5459 3005 5496 sum
3056 5444 3398 5495 Damascum.
3453 5439 3655 5492 Deinde

2080 5531 2192 5581 post
2227 5532 2393 5568 annos
2425 5524 2526 5568 lres
2554 5520 2665 5569 veni
2708 5513 3075 5581 Hierosolyma
3113 5514 3282 5565 videre
3329 5511 3569 5571 Petrum,
3601 5517 3652 5561 et

2081 5588 2251 5637 mansi
2286 5589 2429 5655 apud
2459 5602 2578 5638 eum
2609 5586 2789 5638 diebus
2814 5583 3137 5654 quindecim,
3162 5593 3267 5635 etc.
3298 5582 3386 5655 De
3412 5582 3648 5655 secunda

2083 5666 2262 5707 autent
2319 5651 2654 5723 profectione
2700 5669 2799 5709 sua
2827 5651 2925 5708 vita
2959 5655 3196 5725 loquitur
3230 5651 3492 5725 :___Deind_e
3537 5657 3650 5725 post

2082 5739 2249 5779 annos
2291 5720 2692 5796 q—uatuordecim
2729 5725 2915 5779 iterum
2977 5723 3187 5777 escendi
3231 5720 3647 5790 Hierosolymam
