3966 6264
261 365 363 421 ΗΞ

814 496 1212 552 ΚΕΦΑΛΑΙΟΝ
1264 501 1340 555 Δ’.

279 577 371 666 Ὠς
397 580 549 666 μετὰ
584 585 861 666 Τεξέριρν
891 592 940 642 Γ
941 588 1091 666 άῖος.
1121 591 1412 666 Ἰουδαίων
1436 593 1698 666 βᾳᾳιλέςς
1724 595 1862 666 καβ-

341 655 587 717 ἰστησιν
624 655 1140 736 ὶΑχιΞίππςῳκ-τὸν
1175 655 1445 736 Ἡρώδην
1469 662 1636 729 ἀϊδίῳ
1659 660 1858 731 ζημιώ-

340 737 451 786 σας
479 727 653 792 φυγῇ
682 727 828 795 (Nic.
883 730 950 782 Η.
983 730 1046 784 Ε.
1093 747 1153 796 ιι,
1180 727 1259 800 9).

341 813 592 887 Τιϐέριος
631 820 734 887 μὲν
766 816 861 875 οὖν
889 822 1030 892 ἀμφὶ
1064 823 1130 876 τὰ
1159 823 1251 876 δύο
1278 824 1370 878 καὶ
1406 824 1577 877 εἴκοσι
1611 820 1858 894 βασιλεύ-

278 924 371 972 σας
402 907 519 980 ἐτη,
557 911 793 984 τελευτᾷ
813 930 827 943 ·
869 913 1005 984 μετὰ
1033 915 1089 967 δὲ
1132 915 1318 968 τοῦτον
1347 915 1503 978 Γάϊος
1530 916 1627 986 τὴν
1656 917 1858 986 ἠγεμο-

273 1000 383 1054 νίαν
403 1002 766 1072 παραλαϐὼν,
785 1006 980 1059 αὐτίκα
1001 1008 1100 1076 τῆς
1133 1008 1400 1061 Ἰουδαίων
1430 1009 1603 1080 ἀρχῆς
1631 1008 1856 1079 ’Δγρίπ-

277 1111 352 1162 πα
379 1093 439 1145 τὸ
471 1095 719 1166 διάδημα
749 1096 823 1167 (6)
857 1098 1217 1170 περιτίθησιν,
1249 1099 1470 1170 βασιλέα
1511 1102 1858 1171 καταστήσας

273 1182 432 1235 αὑτὸν
464 1184 566 1254 τῆς
592 1203 652 1237 τε
682 1187 949 1240 Φιλίππου
974 1190 1066 1242 καὶ
1088 1189 1188 1258 τῆς
1214 1191 1482 1243 Λυσανίου
1513 1190 1852 1262 τετραρχίας.

271 1274 412 1346 Πρὸς
447 1275 536 1339 αἶς
575 1279 694 1346 μετ’
721 1279 784 1330 οὐ
817 1279 982 1332 πολὺν
1009 1280 1196 1350 χρόνον
1231 1281 1378 1351 αὐτῷ
1420 1281 1514 1335 καὶ
1545 1281 1641 1352 τὴν
1679 1281 1852 1352 Ἡρώ-

269 1367 356 1420 δου
403 1370 737 1441 τετραρχίαν
771 1373 1152 1443 παραδίδωσιν,
1189 1373 1344 1444 ἀϊδίῳ
1377 1376 1517 1444 φυγῇ
1551 1373 1640 1425 τὸν
1677 1372 1854 1444 Ἠρώ-

269 1463 362 1534 δην
397 1457 576 1533 (οὗτος
610 1463 655 1516 δ’
689 1461 756 1536 ἦν
783 1468 811 1518 ὁ
849 1467 987 1518 κατὰ
1015 1467 1073 1519 τὸ
1115 1465 1285 1528 πάθος
1324 1465 1416 1518 τοῦ
1452 1466 1720 1536 Σωτῆρος)
1758 1465 1854 1517 σὺν

273 1558 363 1611 καὶ
395 1563 462 1631 τῇ
504 1559 729 1629 γυναικὶ
770 1559 1054 1631 Ἡρωδιάδι
1089 1559 1186 1629 (7),
1239 1559 1502 1613 πλείστων
1537 1559 1696 1613 ἕνεκα
1755 1557 1852 1629 ζη-

1309 379 1658 435 ΗΙΞΤΟΒΙᾹΞ
1697 377 2250 438 ECCLESIASTICIE
2290 379 2420 438 LIB.
2459 382 2521 438 ll.

1899 503 1944 559 A
2584 498 2809 554 CAPUT
2841 499 2929 555 IV.

3435 380 3532 437 HG

1986 587 2260 654 Quomodo
2291 600 2402 652 post
2433 599 2647 641 mortem
2675 587 2868 640 Tiberii
2905 587 3066 642 Caius
3100 589 3382 657 Agrippam
3431 588 3536 642 Ju-

2038 661 2271 712 dmorum
2315 676 2482 729 regem
2530 659 2835 722 constituit,
2887 670 2935 712 et
2982 658 3245 713 Herodem
3284 672 3530 722 perpetuo

2037 730 2222 783 exsilio
2250 729 2540 787 danumrit.

2036 821 2244 876 Interea
2277 819 2545 888 Tiberius,
2569 827 2704 874 cum
2738 819 2948 875 duobus
2977 821 3198 875 circiter
3235 836 3296 874 ac
3332 822 3528 890 Viginti
3571 834 3573 837 '

1966 915 2124 970 annis
2153 915 2493 980 imperasset,
2521 923 2820 967 extremum
2848 913 2991 968 diem
3027 914 3181 968 obiit.
3214 913 3313 968 Cui
3342 929 3532 968 succe-

1966 1008 2104 1061 dens
2131 1005 2293 1060 Caius
2321 1003 2518 1058 Judtete
2543 1019 2766 1074 regnum
2798 1007 2980 1058 statim
3012 1005 3232 1060 tradidit
3257 1005 3536 1076 Agrippzr,

1964 1112 2259 1168 regemque
2298 1096 2445 1150 illum
2481 1105 2590 1149 tum
2632 1097 2686 1149 in
2722 1095 2972 1166 Philippi,
3022 1107 3134 1151 tum
3190 1097 3244 1150 in
3281 1096 3532 1166 Lysanize

1965 1189 2254 1245 tetrarchia
2286 1188 2587 1243 constituit.
2621 1189 2731 1245 Nec
2766 1190 2939 1244 multo
2982 1199 3104 1259 post
3139 1189 3369 1244 Herodis
3394 1206 3532 1258 quo-

1962 1298 2065 1352 que
2095 1281 2443 1336 tetrarchiam
2476 1281 2650 1336 eidem
2685 1281 2926 1348 donavit,
2958 1298 3079 1336 cum
3103 1281 3370 1337 Herodem
3398 1299 3530 1352 per:

1961 1385 2122 1443 petuo
2175 1372 2368 1428 exsilio
2417 1373 2723 1428 damnasset
2755 1414 2769 1436 ,
2827 1390 2931 1427 una
2990 1391 3109 1430 cum
3162 1390 3328 1428 uxore
3359 1375 3533 1442 ipsius

1961 1465 2262 1519 Herodiade
2277 1466 2343 1520 ob
2363 1466 2509 1518 varia
2537 1466 2739 1520 scelera
2765 1467 2947 1522 debito
2972 1469 3232 1538 supplicio
3247 1468 3523 1534 affectum,

1962 1568 2021 1613 ut
2055 1567 2283 1613 testatur
2319 1558 2485 1613 etiam
2536 1557 2824 1630 Joscphus.
2884 1559 2982 1616 Hic
3036 1571 3121 1617 est
3154 1561 3394 1616 Herodes
3434 1562 3523 1631 qui

275 1758 388 1795 cum
437 1738 714 1801 Barnaba,
749 1747 1016 1806 assumpto
1055 1750 1103 1794 et
1139 1739 1275 1794 Tito.
1304 1739 1528 1792 Ascendi
1559 1747 1731 1810 autem
1764 1755 1844 1791 se-
1877 1743 1918 1799 Β
1946 1737 2144 1810 Paulus
2192 1737 2267 1810 in,
2294 1736 2531 1804 Epistola
2580 1739 2644 1791 ad
2674 1738 2916 1802 Galatas,
2965 1739 3123 1806 hujus
3167 1739 3557 1808 profectionis-

273 1813 500 1862 cundum
544 1810 910 1862 revelationem
936 1826 953 1862 :
979 1820 1023 1862 et
1058 1811 1254 1863 contuli
1295 1827 1411 1863 cum
1452 1809 1560 1862 illis
1607 1807 1843 1877 Evange-

273 1885 418 1936 tium.
452 1880 599 1948 quod
638 1881 868 1947 pratdico
903 1881 953 1932 in
990 1882 1247 1946 gentibus,
1276 1891 1379 1934 etc.
1407 1879 1539 1947 Quis
1566 1895 1668 1932 non
1697 1881 1842 1932 videt

272 1952 378 2004 inec
411 1953 559 2004 inter
590 1965 650 2004 se
684 1966 906 2018 prorsus
941 1951 1278 2018 discrepare,
1325 1967 1446 2006 cum
1484 1949 1683 2004 Paulus
1721 1950 1841 2016 qui-

271 2026 382 2074 dum
417 2029 580 2089 neget
621 2034 679 2091 se
713 2019 924 2074 venisse
954 2018 1323 2091 Hierosolyma
1365 2020 1547 2074 statim
1585 2029 1702 2091 post
1746 2019 1842 2071 ba-
1901 2082 1903 2084 η

271 2094 527 2159 ptismutn
573 2109 586 2145 :
636 2090 811 2144 Lucas
863 2105 988 2143 vero
1041 2100 1162 2157 post
1206 2090 1548 2160 baptismum
1595 2107 1623 2142 a
1675 2090 1839 2143 Paulo

269 2170 613 2229 susceptum,
643 2172 710 2218 ,ει
756 2161 958 2230 aliquot
1006 2162 1412 2230 praedicationes
1451 2161 1694 2214 Damasci
1743 2161 1842 2212 ha-

271 2233 427 2291 bitas,
457 2232 610 2284 illum
650 2233 913 2286 Damasco
951 2231 1091 2285 clam
1121 2231 1415 2299 aufugisse,
1449 2242 1502 2285 et
1536 2241 1679 2283 recta
1714 2230 1841 2284 Ilie-

270 2306 535 2372 rnsolyma
567 2302 780 2354 venisse
807 2302 1072 2372 testetur?
1104 2301 1250 2354 Hanc
1280 2301 1436 2356 Lucae
1460 2310 1514 2354 et
1547 2300 1693 2372 Pauli
1731 2302 1841 2354 dis-

271 2370 575 2426 sonantium
614 2372 772 2442 fateri
812 2371 1125 2442 compulsus
1155 2383 1237 2425 est
1275 2372 1630 2442 Hieronymus
1665 2370 1715 2424 in
1745 2385 1838 2423 ex-

267 2444 534 2510 positione
578 2441 828 2511 Epistulae
862 2442 926 2493 ad
959 2441 1197 2497 Galatas.
1246 2442 1418 2508 Quam
1469 2441 1526 2511 ut
1576 2442 1838 2494 concilia-

267 2523 385 2565 rent
420 2510 642 2580 qttidatn
681 2522 946 2575 veterum,
979 2521 1114 2566 teste
1149 2512 1474 2581 Hieronymo
1510 2510 1583 2564 ila
1619 2527 1839 2564 censue-

267 2593 427 2638 runt:
459 2583 684 2636 Paulum
735 2582 1085 2649 profectionis
1133 2583 1274 2636 illius
1305 2597 1416 2636 sua:
1466 2581 1836 2651 Hierosolyma

264 2654 439 2704 statim
475 2664 600 2720 post
629 2653 956 2720 baptismum
1004 2668 1122 2720 qua:
1171 2661 1502 2707 memoratur
1533 2667 1560 2704 a
1606 2651 1749 2705 Luca
1785 2653 1834 2705 in

265 2723 405 2774 dicto
450 2724 634 2789 capite
665 2738 717 2775 Ix
752 2722 950 2775 nullam
987 2722 1238 2776 habuisse
1267 2725 1556 2782 rationem,
1585 2738 1648 2775 co
1695 2724 1835 2789 quod

265 2791 382 2859 fuga
443 2796 628 2860 potius
686 2807 846 2860 quam
910 2791 1170 2858 profectio
1219 2793 1424 2846 fuisset.
1472 2791 1669 2845 Verum
1722 2794 1836 2846 lucc

263 2863 461 2916 solutio
508 2864 643 2916 levis
697 2871 774 2916 est
816 2863 1124 2916 admodum.
1163 2864 1372 2917 Etenim
1428 2862 1600 2916 Lucas
1651 2863 1837 2916 scribit

260 2933 486 2986 Paulum
526 2942 657 2986 tttnc
697 2949 724 2984 a
762 2931 1006 2987 liarnaba
1061 2933 1224 2987 fuisse
1276 2934 1560 2987 deductum
1605 2933 1669 2986 ad
1709 2948 1836 3000 apo-

261 3004 452 3068 stolos,
485 3015 538 3058 et
579 3004 713 3058 satis
752 3003 840 3074 diu
875 3004 1146 3058 mansisse
1195 3004 1604 3074 Hierosolymis,
1639 3012 1688 3055 et
1736 3003 1832 3055 ad-

1947 1822 2056 1861 snte
2094 1809 2435 1862 mentionem
2492 1809 2686 1864 merito
2734 1811 3112 1878 praetermisit,
3167 1818 3355 1878 utpote
3401 1825 3521 1878 quae

1944 1879 2075 1932 nihil
2126 1881 2191 1931 ad
2253 1879 2555 1932 institutum
2604 1896 2760 1933 suum
2821 1879 3048 1936 faceret.
3099 1879 3208 1934 Nec
3265 1881 3514 1940 vexilla.

1943 1965 2130 2002 rursus
2158 1951 2392 2014 escendi,
2418 1950 2734 2019 secundam
2776 1949 3165 2019 profectionem
3206 1950 3517 2004 necessario

1943 2019 2207 2088 designat,
2236 2020 2328 2073 sed
2357 2018 2612 2074 etiam-de
2651 2018 2808 2074 tertia
2841 2020 2943 2074 dici
2977 2029 3173 2084 potest.
3200 2020 3354 2086 Quod
3391 2035 3518 2074 vero

1944 2105 2047 2142 non
2092 2088 2259 2156 possit
2282 2104 2403 2144 esse
2431 2089 2519 2141 illa
2563 2105 2723 2159 quam
2751 2101 2951 2160 quarto
2988 2091 3106 2144 loco
3135 2099 3382 2145 recenset
3410 2088 3523 2144 Ln-

1942 2173 2054 2222 cas,
2085 2168 2140 2212 ut
2183 2160 2396 2213 videtur
2420 2162 2655 2230 sensisse
2690 2161 3134 2230 Chrysostonuts,
3181 2175 3247 2214 ex
3275 2175 3341 2215 eo
3383 2175 3519 2216 con-

1941 2231 2198 2292 vincitur,
2248 2231 2388 2296 quod
2436 2228 2632 2284 Paulus
2679 2228 2874 2284 scribit
2918 2246 2977 2283 se
3020 2230 3327 2284 ascendisse
3388 2246 3510 2284 cum

1941 2297 2208 2352 Barnaba.
2237 2300 2306 2353 At
2335 2301 2386 2354 iit
2424 2309 2616 2367 quarta
2661 2300 2996 2366 profectione
3039 2300 3236 2354 Paulus
3279 2316 3383 2354 non
3416 2302 3520 2354 fuit

1941 2383 2069 2423 cum
2113 2369 2376 2438 Barnaha.
2418 2369 2751 2438 Iampridem
2794 2371 2936 2423 enim
2986 2369 3053 2423 ab
3091 2385 3156 2424 eo
3202 2384 3320 2425 sese
3353 2373 3518 2425 abru-

1941 2448 2112 2506 perat.
2160 2437 2358 2493 Verum
2390 2452 2447 2494 ut
2475 2437 2555 2494 ad,
2588 2440 2878 2494 Eusebium
2927 2449 3169 2494 nostrum
3205 2441 3510 2502 redeamus,

1939 2511 2153 2580 videtur
2195 2510 2240 2564 is
2286 2512 2581 2564 secundam
2614 2511 2766 2564 Pauli
2802 2510 3344 2580 l-lierosolymitanam
3389 2527 3514 2576 pro-

1941 2579 2226 2701 :ectionem
2252 2580 2558 2636 confudisse
2581 2596 2698 2636 cum
2727 2582 2922 2650 prima,
2948 2589 3002 2634 et
3027 2579 3090 2634 ex
3116 2581 3325 2635 duabus
3349 2597 3510 2634 uuam

1963 2665 2156 2701 eeisse.

1963 2665 2156 2704 CCISSB.

2011 2720 2086 2790 (6)
2130 2717 2245 2787 Τῆς
2280 2720 2573 2774 Ἰουδαίων
2596 2721 2790 2790 ἀρχῆς
2818 2722 3098 2789 Ἀγζρίππᾳ
3131 2722 3194 2773 τὸ
3231 2718 3507 2790 διάδημα.

1940 2790 2156 2844 Falsum
2192 2800 2273 2845 est
2304 2792 2591 2861 Agrippam
2634 2807 2813 2860 regem
2851 2792 3048 2846 Judth
3079 2807 3106 2844 a
3139 2791 3269 2845 Caio
3303 2791 3504 2844 factum

1939 2878 2078 2916 esse.
2127 2862 2361 2931 Agrippa
2409 2867 2553 2914 enim
2598 2877 2626 2913 a
2666 2862 2797 2916 Caio
2826 2862 3037 2916 Caesare
3081 2863 3182 2913 sub
3221 2861 3371 2915 initia
3411 2861 3512 2913 im-

1937 2936 2071 3001 perii
2101 2933 2274 2986 factus
2305 2943 2388 2986 est
2421 2948 2533 2994 rex,
2565 2932 2797 3000 primum
2828 2933 3042 3001 quidem
3085 2931 3507 3001 Trachonitidis.

1937 2999 2057 3068 qua:
2093 3002 2384 3056 tetrarchia
2427 2999 2656 3070 Philippi
2703 2999 2896 3065 fuerat,
2930 3011 2990 3054 ut
3021 3002 3212 3054 scribit
3253 2999 3410 3054 Philo
3460 3002 3512 3054 in

263 3089 454 3127 versus
490 3074 712 3129 Grascos
742 3072 1067 3142 disputasse.
1096 3074 1222 3137 Alii,
1253 3075 1393 3127 inter
1425 3070 1559 3142 quos
1591 3073 1732 3125 Beda
1781 3085 1833 3125 et
1863 3083 1904 3140 ο
1939 3073 2189 3127 Flaccum
2220 3083 2274 3127 et
2300 3071 2568 3142 .lnsephns
2601 3073 2694 3125 lib.
2730 3088 2884 3125 xan
2915 3072 3036 3127 Mox
3086 3087 3215 3126 vero
3257 3087 3377 3125 cum
3411 3070 3517 3124 He-

258 3143 564 3205 Baronius,
611 3145 838 3214 primam
892 3143 1035 3196 illam
1091 3145 1474 3212 profectionem
1527 3143 1678 3208 cujus
1719 3158 1834 3196 me-

258 3216 417 3267 minit
453 3214 688 3277 Paulus,
731 3223 980 3268 asserunt
1023 3229 1140 3268 eam
1193 3216 1360 3283 ipsam
1409 3228 1530 3283 esse
1579 3228 1697 3280 qua:
1748 3228 1834 3264 re-

258 3285 434 3338 fertur
480 3301 509 3336 a
549 3284 692 3338 Luca
745 3285 796 3336 in
832 3300 949 3352 cap.
978 3301 1029 3338 Ix
1059 3282 1286 3338 Actuum
1321 3302 1334 3336 :
1368 3287 1456 3338 sed
1491 3282 1691 3336 Lucam
1741 3283 1834 3335 iti-

257 3356 404 3406 neris
434 3356 660 3407 Arabici
695 3355 814 3407 ideo
846 3356 1258 3424 prmlermisisse
1293 3355 1644 3415 mentionem,
1677 3356 1831 3424 quod

257 3426 389 3478 nihil
425 3427 691 3478 memoria
727 3423 945 3493 dignum
977 3425 1090 3478 illic
1120 3440 1147 3477 a
1181 3425 1346 3478 Paulo
1375 3434 1583 3495 gestum
1615 3423 1827 3495 fuisset.

257 3495 500 3560 Quorum
544 3497 821 3548 sententi-.e
865 3496 1094 3547 libenter
1137 3493 1395 3563 equidem
1431 3495 1648 3549 accedo.
1699 3493 1828 3547 Nam

257 3568 321 3618 de
366 3566 606 3618 adventu
647 3566 734 3618 illo
787 3565 936 3618 Pauli
982 3564 1349 3634 Hierosolyma
1398 3565 1709 3632 planissime
1755 3565 1824 3617 ibi

257 3635 498 3704 loquitur
543 3634 753 3701 Lucas;
802 3635 1001 3703 quippe
1045 3637 1136 3703 qui
1177 3636 1498 3689 collocutum
1536 3649 1658 3687 eum
1703 3649 1824 3689 cum

257 3707 522 3776 apostolis
555 3716 684 3758 tunc
727 3720 862 3776 esse_
888 3706 1039 3770 dicit,
1072 3715 1126 3768 et
1170 3705 1353 3776 multa
1381 3705 1482 3757 alia
1515 3704 1825 3772 singillatim

257 3773 450 3844 refert,
477 3777 738 3844 additque
768 3795 780 3828 :
813 3773 882 3836 Et
907 3786 1020 3829 erat
1055 3792 1170 3828 cum
1203 3776 1309 3827 illis
1340 3775 1543 3828 intrans
1573 3785 1619 3827 et
1652 3776 1826 3828 exiens

255 3847 308 3898 in
359 3843 685 3899 Jerusalem.
735 3845 887 3899 Nunc
932 3847 997 3900 de
1046 3846 1300 3907 secunda.
1335 3846 1423 3898 illa
1491 3844 1827 3914 profectione

257 3930 414 3982 quam
466 3916 670 3970 Paulus
700 3927 821 3985 post
852 3931 942 3969 xw
989 3931 1158 3969 annos
1205 3915 1505 3969 instituisse
1551 3931 1610 3969 se
1661 3915 1822 3981 dicit,

255 3987 642 4054 inquirendum
684 3997 788 4042 est.
817 3986 1212 4049 Theodoretus,
1254 3995 1312 4038 et
1340 3995 1465 4038 ante
1513 3985 1659 4039 illum
1708 3988 1826 4053 qni-

255 4059 374 4110 dam
403 4067 643 4119 veteres,
669 4057 937 4112 referente
969 4056 1318 4125 Hieronymo,
1349 4057 1490 4110 hanc
1523 4057 1688 4124 ipsam
1705 4071 1827 4111 esse

254 4127 666 4190 existimarunt,
693 4126 848 4196 cujus
891 4128 1094 4196 mentio
1128 4125 1188 4180 fit
1221 4126 1272 4196 in
1304 4125 1547 4196 Actibus,
1587 4141 1708 4194 cap.
1732 4141 1818 4189 xv,

255 4198 471 4266 quando
505 4197 704 4252 Paulus
749 4194 857 4253 una
896 4213 1017 4252 cum
1061 4194 1311 4266 Barnaba
1359 4195 1430 4248 ob
1469 4205 1713 4249 exortam
1759 4197 1826 4250 de

254 4264 668 4322 circumcisione
700 4267 1126 4323 c0ntroversiatn
1177 4264 1452 4335 profectus
1498 4277 1583 4320 est
1631 4267 1822 4320 Hiero-

253 4338 483 4408 solyma.
527 4336 679 4390 Hanc
712 4339 1036 4393 sententiam
1063 4345 1283 4392 secutus
1329 4344 1413 4390 est
1445 4335 1725 4408 Baronjus.
1761 4337 1825 4391 Et

256 4406 402 4462 Pauli
442 4408 612 4462 verba
661 4409 714 4462 id
751 4409 971 4462 omnino
1016 4408 1246 4462 suadere
1275 4408 1551 4462 videntur.
1596 4406 1824 4475 Subjicit

253 4481 392 4531 enim
437 4478 661 4542 Paulus,
701 4493 759 4533 se
789 4479 1135 4548 Evangelium
1167 4478 1309 4546 quod
1337 4477 1591 4548 gentibus
1633 4479 1824 4546 praedi-

252 4549 408 4602 cabat
454 4551 713 4604 detulisse
754 4551 819 4602 ad
851 4548 1143 4617 apostolos,
1186 4549 1372 4616 eisque
1423 4548 1822 4617 dijudicandum

253 4621 534 4690 obtulisse.
568 4617 678 4673 Hoc
724 4621 866 4674 enim
889 4616 1004 4690 isil_ti
1041 4620 1225 4690 volunt
1253 4633 1316 4672 ea
1346 4616 1510 4690 verba
1544 4616 1822 4690 ἀνεθέμην

251 4690 432 4752 αὐτοῖς
460 4689 523 4742 τὸ
562 4690 912 4758 Εὑαγγέλιον.
940 4688 1074 4742 Tum
1111 4687 1384 4757 subjungit
1425 4691 1492 4742 de
1534 4689 1682 4742 falsis
1715 4687 1822 4743 fra-

257 4761 443 4823 tribus,
461 4760 555 4829 qui
587 4765 866 4814 veritatem
891 4759 1160 4827 Evangelii
1186 4762 1488 4828 opprimere
1517 4761 1820 4824 tentabant,

253 4841 302 4882 ct
347 4830 701 4884 Christianos
744 4832 796 4885 in
846 4830 1158 4885 servitutem
1195 4830 1328 4900 legis
1380 4831 1641 4899 redigere.
1692 4833 1822 4898 Quae

253 4899 468 4976 quidem
513 4900 697 4976 οιιιιιίε
737 4902 1005 4976 pertinent
1031 4901 1146 4954 sine
1174 4899 1341 4976 dubio
1388 4903 1815 4976 ad_c_ontrover-

250 4985 377 5022 siam
416 4972 569 5023 illam
602 4971 668 5024 de
707 4969 1138 5024 circumcisione.
1174 4969 1365 5023 Vertim
1397 4971 1524 5038 quid
1572 4987 1706 5040 opus
1735 4984 1818 5028 est

253 5041 515 5108 pluribus,
541 5055 664 5094 cum
699 5057 761 5110 ea
787 5056 881 5110 res
909 5043 1211 5096 certissimo
1249 5050 1570 5110 argmnento
1615 5047 1686 5096 ita
1722 5047 1816 5098 de-

251 5112 539 5165 monstrari
562 5109 768 5178 possit?
786 5109 1054 5182 Profectio
1079 5112 1167 5164 illa
1193 5109 1353 5182 quam
1381 5119 1500 5179 post
1530 5127 1618 5165 xw
1644 5128 1816 5170 annos

250 5193 302 5233 se
331 5183 638 5235 instituisse
679 5183 755 5234 ait
784 5181 1006 5252 Paulus,
1038 5197 1141 5236 non
1177 5181 1352 5252 putcst
1391 5197 1510 5236 esse
1553 5199 1614 5236 ea
1648 5197 1811 5251 quam

249 5254 480 5304 secundo
527 5255 649 5304 loco
691 5262 939 5307 numerat
987 5251 1190 5308 Lucas.
1233 5254 1339 5307 Nec
1388 5269 1575 5308 rursus
1621 5260 1810 5310 eadem

247 5330 326 5375 est
352 5337 476 5374 cum
513 5322 604 5375 illa
643 5337 805 5390 quam
850 5335 1040 5390 quarto
1080 5325 1198 5378 loco
1231 5335 1480 5378 recenset
1530 5326 1671 5378 idem
1706 5325 1811 5378 Ln-

249 5405 356 5446 cas.
385 5391 590 5446 Eadem
620 5403 705 5464 est
734 5395 890 5462 igitur
920 5410 1040 5449 cum
1075 5393 1167 5449 illa
1195 5409 1356 5464 quam
1391 5396 1604 5448 tertiam
1635 5393 1809 5451 Lucas

247 5472 655 5534 commemorat.
675 5463 826 5534 Quod
851 5480 954 5518 non
982 5468 1149 5534 possit
1171 5463 1290 5519 esse
1319 5465 1404 5517 illa
1428 5480 1546 5532 qua:
1573 5469 1809 5522 secundo

247 5529 359 5605 loco
387 5543 768 5605 numeratura
800 5529 1124 5599 Lucafbinc
1159 5546 1383 5605 apparet
1407 5553 1418 5586 :
1441 5529 1637 5590 Paulus
1679 5547 1806 5592 tunc

247 5604 304 5654 ad
339 5604 667 5658 deferendas
709 5603 931 5657 fratrum
962 5603 1327 5675 eleentosyiias
1373 5615 1576 5659 tantum
1609 5608 1806 5664 missus

245 5681 358 5745 est,
393 5689 495 5728 nec
532 5689 662 5745 cum
702 5675 957 5742 apostolis
997 5676 1292 5730 collocutus
1321 5687 1423 5736 est,
1450 5677 1647 5745 quippe
1681 5693 1804 5732 cum

247 5741 542 5815 licclesiam
591 5741 906 5815 Jndieorum
953 5755 1078 5798 tunc
1125 5749 1356 5798 maxime
1391 5741 1804 5815 persequeretur

241 5812 500 5884 lierodes,
540 5825 598 5871 et
634 5813 826 5870 Petrus
874 5816 926 5869 in
961 5817 1184 5871 vinculis
1234 5812 1400 5870 esset.
1441 5812 1816 5882 Quafnobwm.

1943 3146 2099 3198 rodes
2150 3143 2418 3197 tetrarcha
2483 3142 2747 3208 Galilaaae,
2805 3142 3122 3196 Herodiadis
3171 3145 3356 3196 uxoris
3403 3143 3511 3197 im—

1937 3214 2090 3282 pulsu
2143 3213 2368 3268 Romam
2413 3215 2735 3277 navigasset,
2781 3224 2842 3265 ut
2880 3213 3442 3282 regiamgdignitatem
3477 3233 3504 3264 a

1934 3280 2066 3338 Caio
2122 3285 2476 3348 impetraret:
2516 3284 2680 3338 Caius
2719 3280 3026 3352 ademptam
3074 3280 3273 3336 Heredi
3319 3292 3508 3336 tetrar-

1935 3355 2136 3417 chiam,
2173 3353 2450 3408 Galilaeam
2497 3355 2706 3408 scilicet
2749 3355 2971 3408 donavit
3017 3353 3291 3422 Agrippte.
3322 3367 3508 3419 quem-

1933 3426 2222 3479 admodum
2271 3424 2433 3476 tradit
2475 3423 2741 3493 Josephus
2787 3425 2840 3477 in
2889 3424 3022 3476 libro
3062 3425 3404 3492 supradicto,
3454 3435 3507 3478 et

1931 3495 2086 3548 Philo
2120 3497 2170 3548 in
2227 3493 2508 3564 Legatione
2539 3495 2608 3547 ad
2657 3494 2842 3548 Caium
2888 3497 2987 3548 sub
3040 3495 3220 3548 finem.
3269 3493 3507 3549 Tandem

1933 3582 2062 3619 vero
2092 3574 2217 3635 post
2246 3581 2436 3635 necent
2467 3564 2605 3627 Caii,
2635 3564 2888 3620 Claudius
2933 3581 3155 3632 regnum
3201 3565 3450 3631 Agrippa:
3478 3581 3509 3619 a

1931 3636 2061 3688 Caio
2094 3632 2276 3688 datum
2306 3632 2668 3698 confirmavit,
2698 3635 2924 3702 adjectis
2947 3635 3128 3690 Judaea
3165 3651 3227 3689 ac
3258 3637 3506 3689 Samaria

1929 3720 2064 3772 quas
2111 3704 2352 3758 Herodes
2399 3719 2531 3759 avus
2585 3706 2919 3760 obtinuerat.
2969 3706 3148 3775 Atque
3197 3707 3270 3759 ita
3334 3714 3504 3759 totum

1931 3777 2159 3830 Herodis
2188 3775 2363 3843 Magni
2397 3789 2618 3846 regnum
2647 3777 2711 3828 ad
2751 3778 3043 3846 Agrippam
3094 3778 3364 3844 pervenit.
3401 3776 3502 3843 Qui

1930 3861 2053 3900 mox
2089 3845 2473 3914 Hierosolymis
2506 3860 2604 3915 suo
2646 3845 3269 3915 arbitratupontificem
3319 3863 3510 3902 creare

1929 3918 2124 3984 coepit,
2174 3916 2374 3988 quippe
2431 3914 2520 3988 qui
2573 3915 2919 3988 tutandam;
2957 3914 3070 3970 rex
3122 3925 3304 3979 esset,
3353 3918 3508 3988 cnth

1930 3997 2092 4058 caput
2129 3995 2244 4042 erat
2276 3985 2405 4058 urbs
2452 3986 2846 4058 Hierosolyma.
2891 3987 3061 4041 Recte
3098 4002 3226 4053 ergo
3262 3985 3508 4054 Scaliger

1931 4057 1982 4110 in
2018 4056 2579 4128 animadversionibus
2629 4056 2981 4128 reprehendit
3012 4059 3324 4122 Eusebium,
3359 4063 3506 4123 quod
3544 4111 3546 4113 ,

1928 4129 2220 4196 Agrippam
2252 4141 2433 4194 regem
2473 4125 2745 4183 Judteaa'a
2782 4129 2914 4184 Gaio
2956 4128 3155 4184 factum
3198 4142 3318 4182 esse
3351 4130 3506 4182 dixe-

1931 4197 2024 4270 rit.
2045 4199 2163 4270 Sed
2197 4196 2400 4270 fallitur
2431 4197 2547 4266 ipse
2585 4213 2804 4270 quoque
2837 4199 3102 4269 Scaliger,
3125 4214 3266 4252 cum
3312 4200 3506 4253 scribit
3535 4232 3538 4234 η

1931 4265 2218 4338 Agrippam
2263 4267 2488 4322 Romam
2533 4265 2784 4332 venisse,
2829 4280 2887 4324 ut
2929 4265 3197 4324 Hérodem
3250 4281 3502 4337 patruum

1928 4337 2231 4410 accusaret.
2249 4337 2454 4410 _Neque
2484 4340 2627 4394 enim
2668 4343 2904 4410 Agrippa
2955 4343 3186 4410 [tertiam
3226 4339 3503 4409 profectus

1931 4419 2031 4473 est,
2086 4409 2181 4464 sed
2247 4408 2604 4464 Fortunatum
2667 4408 2924 4466 libertum
2991 4427 3114 4464 cum
3177 4408 3372 4464 litteris
3430 4414 3500 4464 ad

1929 4480 2116 4534 Caium
2149 4481 2316 4545 misit,
2353 4489 2411 4532 ut
2451 4482 2616 4534 tradit
2658 4479 2946 4548 Josephus.
2977 4481 3149 4535 Porro
3179 4481 3497 4549 jamdudum

1927 4563 2057 4606 ante
2110 4551 2445 4620 Scaligerum
2501 4551 2829 4607 scltoliastes
2869 4552 3085 4620 quidam
3146 4553 3197 4604 in
3256 4553 3500 4619 margine

1929 4623 2132 4694 codicis
2165 4620 2426 4694 Μαιδιιηί
2474 4621 2617 4694 hunc
2650 4623 2868 4694 Eusebii
2912 4637 3156 4694 errorem
3179 4631 3496 4694 notaverat.

1926 4693 2060 4747 Nam
2089 4693 2268 4761 adjilla
2299 4694 2484 4758 verba,
2511 4691 2611 4761 τῆς
2649 4690 2914 4748 Ἰουδαίων
2942 4692 3117 4763 ἀρχῆς
3144 4691 3204 4745 τὸ
3226 4690 3464 4762 διάδημα
3484 4731 3504 4758 ,

1926 4766 2029 4819 1ιοε
2070 4765 2314 4818 scholion
2372 4763 2667 4830 ascriptum
2715 4773 2824 4829 est,
2874 4780 2977 4817 non
3026 4764 3242 4831 quidem
3308 4766 3498 4816 eadem

1925 4852 2109 4897 manu,
2152 4835 2244 4888 sed
2283 4828 2868 4888 nihilominus-vetusta
2901 4851 2915 4886 :
2951 4828 3078 4902 0ὺί
3115 4828 3291 4898 οὗτος,
3334 4831 3502 4887 ἀλλῖό

1922 4906 2207 4969 Κλαύδιος.
2255 4903 2514 4960 Excusari
2563 4911 2740 4956 tamen
2789 4910 3070 4958 commode
3103 4913 3281 4972 potest
3324 4903 3497 4957 Euse-

1923 4978 2061 5031 bius.
2085 4977 2200 5030 Non
2227 4978 2373 5030 enim
2399 4972 2850 5044 dixit-Agrippam
2874 4974 3072 5030 Judaete
3099 4989 3279 5043 regem
3307 4991 3336 5027 a
3362 4975 3498 5030 Gaio

1919 5047 2123 5102 factum
2159 5047 2347 5108 fuisse,
2380 5043 2476 5100 sed
2514 5043 2848 5109 Iudaeorum,
2897 5061 3088 5101 eorum
3138 5045 3350 5099 scilicet
3403 5047 3496 5114 qui

1918 5119 1971 5171 in
2004 5117 2468 5172 Tracltonitide-et
2498 5118 2550 5170 in
2593 5115 2842 5187 Lysania:
2884 5116 3181 5187 tetrarchia
3205 5118 3493 5186 degebant.

1919 5190 2061 5242 Sane
2086 5189 2239 5242 Philo
2269 5189 2320 5241 in
2341 5188 2594 5242 oratione
2615 5186 2864 5242 adversus
2896 5186 3170 5251 Flaccum,
3196 5187 3493 5256 Agrippam

1917 5260 2080 5320 hunc,
2110 5261 2200 5328 qui
2231 5268 2343 5312 ttnn
2389 5258 2567 5312 adhuc
2595 5260 2762 5313 solius
2789 5259 3311 5328 Tracbonitidisrex
3356 5269 3494 5323 erat,

1915 5327 2265 5385 nihilominus
2295 5339 2450 5383 vocat
2476 5343 2663 5400 regem
2695 5328 3028 5400 Judazorum.
3064 5327 3318 5400 Loquens
3350 5329 3492 5382 enim

1913 5402 1979 5457 de
2004 5399 2523 5470 Alexandrinis,rsic
2548 5397 2682 5454 'ait:
2717 5399 3024 5470 Ἠσχαλλον
3071 5397 3165 5451 ἐπὶ
3210 5397 3290 5469 τῷ
3333 5414 3494 5468 γεγε-

1911 5472 2107 5544 νῆσθαί
2133 5487 2254 5544 τινα
2290 5469 2516 5544 βασιλέα
2552 5469 2859 5544 Ἰουδαίωνζ
2950 5541 2963 5544 Α
3019 5540 3061 5544 η
3162 5539 3209 5544 __
3252 5539 3264 5544 _
3349 5540 3363 5544 _
3415 5493 3419 5496 ’

1981 5542 2057 5614 (7)
2095 5542 2216 5596 Σὺν
2260 5539 2750 5614 καὶᾳτῇγγυναικὶι
2787 5540 3112 5611 Ἡρωδιάδι.
3162 5539 3301 5614 Male
3324 5540 3495 5614 _hunc

1908 5609 2087 5668 loc'uin
2115 5614 2327 5682 accepit
2354 5609 2908 5682 Christophorsonu‘s,
2940 5614 3094 5681 quasi
3133 5612 3280 5682 dicat
3321 5609 3488 5677 Euse-

1909 5687 2026 5738 bius
2061 5674 2325 5738 Herodem
2360 5684 2504 5736 hunc
2540 5674 2645 5736 una
2683 5699 2805 5737 eum
2852 5674 3022 5738 nitore
3054 5699 3150 5738 sua
3185 5674 3494 5736 Herodiade

1912 5755 2225 5809 interfuisse
2277 5753 2512 5820 passioni
2567 5753 2790 5806 Christi.
2829 5755 2988 5822 Atqui
3046 5771 3152 5808 non
3211 5755 3313 5805 huc
3364 5752 3498 5804 dicit

1916 5827 2200 5890 Eusebius,
2234 5829 2325 5880 sed
2359 5823 2718 5879 Herodi-adem
2752 5825 2906 5879 simul
2961 5840 3081 5878 cum
3117 5826 3230 5877 viro
3281 5822 3494 5891 relega-
