3966 6264
261 327 360 384 ιιθ

1263 324 1608 384 HISTORUE
1646 327 2203 384 ECCLESIASTICAE
2242 329 2369 388 LIB.
2410 329 2475 388 11.

3406 338 3508 392 150

263 443 326 500 τὶ
350 441 526 493 πάντα
561 437 805 504 ἔνδοξος,
843 438 1191 512 Ἀλεξάνδρου
1211 458 1267 493 τε
1288 442 1380 495 τοῦ
1407 441 1714 514 ἀλαϐάρχου
1735 439 1837 512 (10)

1951 442 2215 509 rissimus,
2241 443 2528 498 Alexandri
2560 443 2861 498 alabarchae
2888 442 3075 507 frater,
3095 443 3507 518 haudquaquam

267 532 477 602 ἀδελφὸς
518 529 619 593 ὢν,
658 533 758 584 καὶ
793 534 1112 603 φιλοσοφίας
1143 536 1240 588 οὐκ
1272 537 1514 609 ἄπειρος,
1561 532 1670 601 οἷός
1696 556 1754 591 τε
1779 533 1847 608 ἦν

273 628 347 682 ἐπ’
379 625 651 695 ἀπολογίᾳ
689 629 892 695 χωρεῖν
924 625 1033 678 τῶν
1066 627 1543 698 κατηγορημένων.
1579 629 1846 684 Διακλείει

271 720 312 772 δ’
339 717 492 771 αὐτὸν
508 716 698 780 Γὰἳος,
719 716 985 780 κελεύσας
1006 717 1245 770 ἐκποδὼν
1265 718 1535 784 ἀπελθεῖν,
1553 724 1846 794 περιοργής

270 829 323 864 τε
345 810 439 873 ὢν,
478 810 721 880 φανερὸς
745 805 816 880 ἦν
846 810 1210 880 ἐργασόμενός
1237 828 1288 863 τι
1315 811 1480 865 δεινὸν
1500 813 1693 878 αὐτούς
1712 815 1841 886 (11).

279 903 332 957 '0
357 902 413 954 δὲ
456 902 635 954 Φίλων
688 901 855 968 ἔξεισι
900 901 1372 973 περιυϐρισμένος,
1413 902 1504 956 καί
1546 921 1676 974 φησι
1709 905 1844 976 πρὸς

268 997 386 1057 τοὺς
432 994 727 1057 Ἰουδαίους
756 995 804 1046 οἳ
829 994 956 1064 περὶ
979 994 1142 1047 αὐτὸν
1165 990 1326 1064 ἦσαν,
1360 995 1435 1058 ὡς
1463 996 1568 1066 χρὴ
1599 996 1840 1068 θαρρεῖν,

269 1085 426 1138 Γαΐου
463 1085 564 1155 μὲν
596 1085 782 1147 αὐτοῖς
810 1084 920 1154 (12)
961 1085 1324 1156 ὠργισμένου,
1365 1085 1509 1157 ἔργῳ
1542 1086 1598 1139 δὲ
1625 1087 1723 1157 ἤδη
1753 1087 1843 1141 τὸν

269 1176 398 1227 Θεὸν
444 1173 991 1244 ἀντιπαρεξάγοντος.
1020 1193 1038 1225 ι
1082 1174 1266 1228 Ταῦτα
1311 1177 1339 1228 ὁ
1400 1176 1676 1248 Ἰώσηπος.
1735 1177 1842 1231 Καὶ

269 1266 428 1329 αὐτὸς
444 1265 501 1318 δὲ
531 1268 560 1318 ὁ
587 1265 758 1318 Φίλων
788 1261 900 1338 ἐνῇ
937 1265 1237 1337 συνέγραψε
1270 1269 1584 1335 Πρεσϐείᾳ,
1618 1269 1685 1321 τὰ
1705 1270 1842 1323 κατὰ

274 1361 435 1431 μέρος
473 1359 722 1431 ἀκριϐῶς
774 1360 880 1412 τῶν
931 1360 1048 1412 τότε
1089 1359 1439 1430 πραχθέντων
1479 1362 1628 1431 αὐτῷ
1659 1362 1836 1431 δηλοῖ’

272 1446 342 1506 ὧν
374 1451 443 1505 τὰ
470 1451 697 1505 πλεῖστα
730 1453 946 1521 παρεὶς,
980 1453 1159 1504 ἐκεῖνα
1189 1452 1322 1522 μόνα
1347 1453 1750 1524 παραθήσομαι,
1775 1455 1839 1506 δι’

272 1535 341 1596 ὧν
382 1546 498 1606 τοῖς
550 1541 936 1612 ἐντυγχάνουσι
987 1543 1266 1614 προφανὴς
1303 1545 1590 1615 γενήσεται
1614 1545 1841 1616 δήλωσις

271 1637 373 1688 τῶν
407 1635 526 1705 ἅμα
553 1652 612 1686 τε
645 1637 736 1688 καὶ
756 1636 854 1687 οὑκ
874 1638 952 1698 εἰς
976 1635 1180 1704 μακρὸν
1200 1635 1305 1688 τῶν
1327 1635 1465 1688 κατά
1483 1635 1575 1689 τοῦ
1606 1637 1837 1708 Χριστοῦ

273 1727 686 1795 τετολμημένων
709 1727 891 1779 ἕνεκεν
929 1726 1197 1790 Ἰουδαίοις
1219 1727 1653 1798 συμϐεϐηκότων.
1684 1729 1841 1801 Πρῶ-

1951 531 2060 604 44
2087 533 2370 601 imperitus
2395 533 2748 603 philosophiae
2768 573 2784 598 ,
2816 534 2882 587 ad
2927 537 3358 604 respondendum
3391 539 3509 608 ejus

1951 623 2416 679 criminationibus
2443 639 2500 679 se
2524 624 2769 696 parabat.
2803 625 3000 679 Verum
3037 627 3344 696 prohibitus
3369 639 3449 686 est
3476 648 3507 686 a

1950 715 2100 776 Caio,
2128 713 2420 784 jussusque
2446 721 2506 768 ut
2532 713 2600 768 ab
2631 714 2798 783 ipsius
2833 724 3122 783 conspectu
3173 715 3506 775 abscederet.

1951 806 2228 876 Tantaque
2260 815 2378 860 erat
2413 805 2643 860 Caesaris
2672 807 2949 861 iracundia
2969 847 2984 872 ,
3019 813 3078 860 ut
3107 823 3266 863 nemo
3295 809 3510 865 dubita-

1952 906 2032 951 ret
2064 896 2191 965 quin
2225 895 2440 951 Iudaeos
2485 895 2802 964 gravissime
2859 905 3002 951 esset
3035 897 3408 954 Inttlctaturns.
3440 899 3516 954 At

1949 987 2104 1042 Philo
2134 987 2460 1043 contumelia
2492 984 2713 1040 affectus
2749 1001 2870 1040 cum
2903 986 3234 1054 discederet,
3269 989 3507 1042 circum-

1950 1079 2216 1132 stantibus
2239 1076 2444 1132 Judazis
2477 1077 2678 1132 dixisse
2710 1077 2907 1142 fertur,
2944 1079 3087 1132 bono
3131 1078 3279 1148 ipsos
3329 1080 3510 1135 animo

1947 1184 2066 1223 esse
2101 1178 2367 1238 Oportere.
2393 1184 2514 1223 cum
2537 1167 2695 1223 Caius
2723 1170 2940 1237 quidem
2982 1169 3116 1240 ipsis
3167 1181 3506 1236 succenseat,

1951 1263 2123 1329 reipsa
2154 1275 2280 1315 vero
2313 1259 2478 1313 Deum
2533 1260 2634 1314 sibi
2689 1263 2897 1314 hostem
2929 1261 3291 1316 constituerit.
3325 1281 3343 1314 ι
3384 1261 3508 1317 Haec

1947 1353 2233 1420 Josephus.
2271 1353 2380 1407 Sed
2420 1364 2474 1407 et
2515 1353 2654 1406 idem
2703 1352 2856 1408 Philo
2891 1353 2942 1407 in
2973 1367 3040 1408 eo
3073 1353 3210 1409 libro
3243 1370 3401 1424 quem
3430 1355 3510 1411 De

1948 1446 2202 1513 legatione
2233 1459 2328 1499 sua
2361 1444 2721 1512 conscripsit,
2752 1459 2871 1512 quae
2918 1453 3043 1498 tunc
3071 1448 3331 1512 temporis
3357 1454 3508 1516 gesta

1947 1545 2090 1600 sunt,
2118 1536 2325 1604 singula
2350 1545 2602 1590 accurate
2653 1537 2835 1589 refert.
2877 1535 2955 1588 Ex
3011 1537 3209 1606 quibus
3234 1577 3250 1602 ,
3291 1538 3511 1592 omissis

1947 1626 2375 1694 qnamplurimis,
2395 1641 2454 1679 ea
2480 1626 3038 1696 duntaxatapponam,
3062 1643 3180 1696 qua:
3207 1628 3514 1694 legentibus

1946 1717 2221 1771 evidenter
2257 1717 2568 1784 ostendant,
2597 1717 2696 1771 has
2735 1717 3072 1772 calamitates
3109 1720 3177 1774 ob
3209 1718 3415 1774 facinus
3439 1720 3506 1774 il-

271 1831 357 1867 τον
385 1814 448 1884 δὴ
468 1811 562 1868 οὖν
586 1813 730 1867 κατά
751 1815 1020 1887 Τιϐέριον,
1043 1818 1135 1870 ἐπὶ
1169 1818 1267 1888 μὲν
1304 1817 1403 1888 τῆς
1436 1818 1718 1889 Ῥωμαίων
1741 1800 1837 1874 ἀπό-

1950 1807 2038 1861 Iud
2062 1807 2200 1876 quod
2233 1807 2284 1861 in
2311 1806 2587 1862 Christum
2634 1809 3000 1877 admiserant,
3029 1811 3313 1865 confestim
3361 1811 3514 1866 nulla

270 1905 402 1969 ἓως
427 1908 635 1976 ἱστορεί
657 1907 904 1975 Σηιανὸν,
928 1907 1034 1960 τῶν
1054 1909 1172 1962 τότε
1196 1908 1343 1980 παρά
1375 1910 1582 1978 βασιλεί
1601 1912 1668 1964 τὰ
1694 1912 1846 1982 μέγι-

272 2012 369 2047 στα
387 1995 690 2064 δυνάμενον
715 1996 846 2066 (13),
874 1997 1041 2068 ἄρδην
1069 1999 1128 2050 τὸ
1152 2000 1258 2051 πᾶν
1281 1997 1430 2061 ἔθνος
1466 1999 1725 2052 ἀπολέσαι
1749 2017 1845 2052 πε-

268 2085 526 2154 ποιῆσθαι
544 2087 797 2158 σπουδήν·
813 2089 904 2142 ἐπὶ
918 2088 974 2143 δὲ
989 2089 1088 2160 τῆς
1116 2083 1370 2154 Ἰουδαίας
1383 2091 1632 2155 Πιλάτον,
1647 2091 1766 2144 καθ’
1787 2092 1844 2145 ὃν

270 2178 337 2230 τὰ
358 2179 488 2249 περὶ
513 2179 605 2232 τὸν
626 2181 854 2252 Σωτῆρα
875 2182 1218 2254 τετόλμηται,
1243 2186 1372 2254 περὶ
1389 2185 1448 2238 τὸ
1469 2187 1528 2236 ἐν
1562 2184 1844 2253 Ἰεροσολύ-

272 2285 388 2337 μοις
412 2269 490 2320 ἔτι
520 2269 644 2322 τότε
677 2267 948 2332 συνεστὼς
981 2270 1146 2340 ἱερὸν,
1170 2272 1588 2342 ὲπιχειρήσαντά
1615 2289 1665 2324 τι
1692 2272 1842 2344 παρά

264 2357 323 2409 τὸ
376 2357 650 2421 Ἰουδαίοις
695 2357 833 2423 ἐξὸν,
875 2357 940 2412 τὰ
977 2357 1203 2428 μέγιστα
1250 2359 1444 2421 αὐτοὺς
1485 2358 1837 2428 ἀναταράξαι.

1950 1913 2096 1952 mora
2133 1898 2448 1969 interposita
2475 1898 2675 1956 Iudaeis
2699 1902 3010 1971 contigisse.
3047 1902 3287 1958 Primum
3344 1904 3514 1974 igitur

1951 1999 2138 2044 narrat
2189 1992 2492 2061 principatu
2520 1989 2721 2046 Tiberii
2767 1992 2994 2062 Augusti
3026 1992 3283 2064 Sejanum
3318 2011 3512 2064 quem-

1951 2083 2067 2136 dam
2100 2083 2152 2136 in
2189 2085 2321 2136 urbe
2352 2083 2519 2137 Roma
2547 2125 2563 2149 ,
2612 2084 2702 2154 qui
2767 2094 2894 2139 tunc
2929 2087 3070 2154 apud
3123 2087 3508 2154 imperatorem

1947 2173 2240 2242 plurimum
2270 2182 2508 2242 poterat,
2535 2175 2681 2228 omni
2707 2175 2889 2230 studio
2919 2175 3201 2232 laborasse
3228 2216 3244 2241 ,
3285 2187 3342 2232 ut
3372 2193 3510 2247 gen-

1947 2275 2054 2321 tem
2081 2265 2224 2320 illam
2255 2264 2495 2320 funditus
2528 2268 2779 2336 perderet
2809 2285 2824 2320 :
2881 2269 2935 2321 in
2983 2267 3165 2322 Judzea
3207 2283 3334 2324 vero
3363 2269 3508 2323 Pila-

1949 2367 2081 2421 tum,
2105 2357 2256 2425 cujus
2287 2358 2618 2427 temporibus
2638 2358 2908 2426 piaculum
2939 2358 3065 2412 illud
3093 2359 3351 2413 adversus
3377 2359 3509 2414 Ser-

271 2460 514 2501 vatorem
563 2458 808 2502 nostrum
859 2450 1211 2504 commissum
1260 2457 1361 2514 est,
1397 2449 1522 2503 dum
1573 2449 1624 2501 in
1685 2447 1882 2517 templo
1928 2445 2444 2516 Hierosolymorum,
2501 2447 2644 2516 quod
2693 2447 2856 2502 etiam
2899 2456 3009 2502 tum
3058 2449 3268 2514 stabat,
3309 2458 3510 2519 praiter

267 2559 469 2596 morem
491 2547 906 2610 institutumque
927 2543 1235 2598 Jndzeornm
1260 2544 1534 2613 quippiam
1565 2543 1824 2598 innovare
1847 2549 2129 2606 tentasset,
2153 2541 2505 2612 gravissimos
2530 2549 2706 2596 motus
2733 2542 3057 2596 concitasse.

799 2639 1187 2693 ΚΕΦΑΛΑΙΟΝ
1221 2636 1310 2705 q'.

261 2774 421 2828 Ὅσα
473 2774 790 2841 Ἰουδαίοις
839 2777 1137 2843 συνεῤῥύη
1180 2775 1330 2844 μετὰ
1379 2776 1485 2842 τὴν
1543 2776 1691 2830 κατὰ
1738 2776 1842 2830 τοῦ

497 2845 756 2912 Χριστοῦ
788 2847 1014 2916 τόλμαν
1043 2845 1180 2916 (Nic.
1215 2847 1286 2903 ll.
1316 2845 1379 2899 Ε.
1413 2863 1470 2906 ιι,
1502 2848 1608 2908 l0).

330 2955 484 3008 Μετά
531 2956 588 3008 δὲ
620 2957 718 3027 τὴν
756 2957 1002 3028 Τιϐερίου
1036 2959 1309 3030 τελευτὴν,
1344 2957 1499 3012 Γάϊον
1546 2959 1640 3029 τὴν
1671 2960 1841 3032 ἀρχὴν

259 3047 658 3118 παρειληφότα,
696 3048 861 3102 πολλά
901 3050 999 3120 μὲν
1041 3052 1120 3113 εἰς
1183 3049 1408 3114 πολλοὺς
1449 3052 1538 3104 καὶ
1580 3050 1714 3105 ἄλλα
1752 3053 1836 3105 ἐν·

263 3139 489 3209 υϐρίσαι
527 3140 696 3212 μυρία
723 3140 856 3210 (14),
893 3141 1106 3194 πάντων
1139 3141 1193 3194 δὲ
1230 3142 1464 3212 μάλιστα
1495 3143 1554 3196 τὸ
1584 3145 1690 3198 πᾶν
1705 3145 1832 3198 Ἰου-

2556 2635 2786 2690 CAPUT
2817 2637 2906 2691 Vl.

2009 2773 2149 2838 Quot
2171 2789 2312 2826 mam
2340 2770 2546 2827 Judwu
2573 2771 2868 2831 obvenerint
2891 2783 3004 2842 post
3037 2771 3236 2827 Christi
3261 2790 3455 2827 necem.

2019 2880 2216 2935 Narrat
2264 2881 2458 2936 deinde
2494 2882 2765 2949 quomodo
2795 2890 2917 2951 post
2973 2882 3246 2936 interitum
3299 2882 3504 2937 Tiberii

1943 2972 2105 3026 Caius
2127 2987 2245 3026 cum
2278 2971 2486 3040 imperii
2514 2971 2741 3027 Romani
2771 2971 3290 3026 administrationem
3321 2988 3506 3028 susce-

1943 3066 2135 3134 pisset,
2163 3073 2217 3118 et
2247 3064 2386 3119 alios
2417 3064 2845 3134 quamplurimos
2873 3064 3172 3119 innumeris
3212 3064 3392 3119 affecit
3423 3066 3516 3119 in-

1935 3157 2116 3224 juriis,
2150 3166 2205 3210 et
2226 3157 2466 3210 omnium
2507 3155 2739 3210 maxime
2765 3154 2978 3210 Judaeos
3017 3155 3256 3224 graviter
3286 3154 3501 3210 afﬂixit.

256 3228 424 3281 δαίων
458 3228 610 3292 ἕθνος
637 3230 697 3282 οὑ
727 3229 934 3300 σμικρά
963 3230 1330 3300 καταϐλάψαι·
1367 3233 1403 3286 ἃ.
1437 3233 1527 3286 καὶ
1562 3236 1619 3287 ὲν
1644 3233 1836 3306 βραχεῖ

1946 3250 2075 3316 Quae
2121 3249 2336 3318 quidem
2392 3248 2633 3304 breviter
2672 3247 2900 3302 collecta
2953 3263 3019 3301 ex
3066 3247 3232 3315 ipsius
3267 3245 3507 3304 Philonis

255 3320 492 3392 πάρεστι
546 3321 633 3374 διὰ
677 3320 786 3373 τῶν
833 3322 996 3376 αὐτοῦ
1031 3323 1366 3392 καταμαθεῖν
1409 3325 1619 3394 φωνῶν,
1655 3330 1711 3380 ὲν
1743 3323 1830 3392 αἶς

256 3412 401 3465 κατά
435 3412 580 3476 λέξιν
616 3412 783 3466 ταῦτα
829 3414 1025 3482 γράφει
1051 3431 1064 3444 ο
1108 3435 1125 3464 ι
1147 3415 1393 3486 Τοσαύτη
1431 3416 1527 3485 μὲν
1559 3412 1650 3469 οὖν
1683 3435 1766 3481 τις
1803 3420 1834 3489 ἡ

256 3505 420 3556 Γαΐου
445 3504 558 3574 (15)
593 3507 721 3575 περὶ
751 3506 810 3559 τὸ
839 3503 966 3577 ἦθος
990 3504 1055 3578 ἦν
1090 3509 1372 3579 ἀνωμαλία
1403 3511 1536 3581 πρὸς
1572 3511 1832 3578 ἅπαντας,

254 3595 629 3668 διαφερόντως
655 3598 712 3650 δὲ
739 3599 872 3670 πρὸς
901 3600 959 3652 τὸ
989 3601 1098 3652 τῶν
1137 3602 1399 3655 Ἰουδαίων
1434 3603 1588 3670 γένος
1612 3621 1626 3634 ο
1659 3597 1702 3671 ᾧ
1734 3623 1834 3674 χα-

258 3689 444 3753 λεπῶς
471 3690 933 3762 ἀπεχθανόμενος,
965 3693 1063 3756 τὰς
1091 3693 1187 3763 μὲν
1216 3696 1273 3746 ὲν
1295 3697 1413 3758 ταῖς
1439 3695 1622 3759 ἄλλαις
1649 3697 1834 3750 πόλεσι

332 3936 441 4006 (10)
492 3931 890 4011 Ἀλεξάνδρου
958 3956 1023 3992 τε
1075 3941 1180 4011 τοῦ
1245 3941 1614 4011 ἀλαϐάρχου.
1667 3943 1834 3998 Judaei

260 4007 714 4082 Alexantlriarjus
740 4011 974 4063 civitatis
1020 4009 1306 4082 habebant,
1339 4025 1393 4067 et
1441 4007 1687 4067 senatum
1739 4015 1829 4082 qui

262 4077 524 4147 γερουσία
554 4078 972 4152 llicebaturlhet
1026 4081 1324 4152 peculiares
1360 4085 1726 4152 magistratus,
1757 4077 1834 4136 'ut

264 4157 495 4201 testatur
549 4147 703 4200 Philo
749 4149 803 4200 in
852 4147 1123 4202 Flaccum.
1177 4150 1430 4206 Summus
1451 4147 1646 4206 'autein
1697 4155 1835 4207 inter

261 4233 362 4271 eos
395 4217 740 4292 magistratus
781 4219 1059 4292 dicebatur
1101 4220 1452 4292 άλαϐαρχεία,
1504 4232 1556 4276 et
1591 4223 1677 4288 qui
1711 4238 1832 4276 enin

261 4287 516 4360 gerebat;
529 4286 858 4360 ἀλαϐάρχης.
885 4289 1009 4360 Erat
1036 4291 1119 4360 hic
1156 4286 1498 4359 magistratus
1526 4286 1830 4360 perpetuus,

260 4354 336 4419 et,
393 4366 448 4408 ut
478 4354 665 4428 G_ra:ci_
686 4354 904 4419 vocant,
935 4358 1022 4410 διὰ
1043 4359 1179 4428 βίου.
1231 4354 1286 4414 lii
1322 4354 1586 4428 rescripto
1624 4354 1832 4415 Claudii

263 4428 408 4502 quod
443 4424 615 4502 refert.
636 4425 981 4502 Josephus‘in
1009 4424 1104 4502 lib.
1131 4448 1182 4494 ιι,
1213 4447 1331 4497 cap.
1363 4433 1396 4484 4
1418 4472 1430 4494 ,
1460 4424 1726 4502 ἐθνάρχης
1755 4433 1832 4484 di-

261 4495 571 4569 citur.Quo
604 4496 654 4548 in
710 4495 825 4569 loco
876 4499 951 4550 ait
998 4495 1288 4569 Claudius,
1311 4495 1836 4569 perruissuinnfuisse

259 4566 464 4638 Judmis
491 4566 876 4638 Alexandrinis
917 4570 983 4622 ab
1015 4568 1278 4638 Augusto,
1301 4566 1358 4624 ut
1394 4572 1446 4624 in
1483 4571 1656 4626 locum
1717 4574 1835 4625 eth-

261 4637 480 4709 ραι-(ειη
501 4637 737 4709 defuncti
789 4638 951 4690 alium
997 4637 1267 4709 suffragiis
1296 4642 1840 4709 suisconstituereut.

259 4706 520 4760 Enmdem
556 4707 920 4780 ni_:i_g_isll3tum
951 4706 1223 4780 γενάρχήν
1251 4720 1405 4763 vocat
1428 4707 1579 4762 Philo
1599 4710 1655 4761 in
1686 4708 1838 4780 [flac-

260 4791 400 4850 ίιιιξι,
439 4789 563 4850 pag.
585 4775 728 4850 9755
763 4777 872 4846 Τῆς
907 4775 1024 4850 *γὰρ
1057 4775 1334 4850 ἡμετέρας
1365 4779 1670 4850 γερουσίας,
1718 4779 1780 4848 ἣν
1807 4781 1834 4850 ῤ

260 4844 526 4918 Σεϐαστὸς
549 4844 1015 4918 ἐπιμελησομένην
1035 4844 1140 4901 τῶν
1177 4844 1477 4901 Ἰουδαϊκῶν
1497 4849 1668 4901 εἵλετο
1699 4844 1836 4917 μετά

259 4916 357 4986 τὴν
389 4915 658 4989 γενάρχου
689 4915 942 4989 τελευτὴν
963 4915 1084 4989 ςδιὰ.
1106 4918 1212 4971 τῶν
1247 4919 1382 4989 πρὸς
1419 4919 1637 4987 Μάγνον
1666 4915 1834 4982 Μάξι-

262 5001 361 5056 μον
391 4985 644 5038 ἐντολῶν.
695 4985 746 5039 ld
789 4985 911 5040 est}
948 4985 1086 5040 Nam
1121 5004 1185 5042 ea;
1228 4985 1414 5041 senatu
1455 4985 1652 5054 noSlro,
1683 5005 1833 5054 quem

263 5060 532 5123 Augustus
563 5056 856 5118 constituit,
900 5068 953 5110 ut
991 5068 1103 5126 post
1147 5067 1366 5126 mortem
1405 5062 1618 5110 rectoris
1663 5059 1832 5126 gentis

261 5139 475 5188 nosme,
527 5143 711 5178 curam
766 5137 960 5196 gereret
992 5125 1178 5180 rerum
1231 5125 1836 5188 Iudaicarnm,utsm'i-

262 5206 404 5261 ptum
437 5206 514 5248 est
550 5198 912 5257 in_mandalis
969 5215 1084 5265 qua:
1135 5198 1202 5250 ad
1236 5196 1490 5264 Magnum
1540 5196 1831 5250 Maximum

261 5267 425 5317 dedit.
458 5265 533 5318 Ex
563 5265 645 5316 his
676 5277 920 5334 apparet,
961 5269 1306 5320 alaharcham
1343 5267 1475 5321 nihil
1501 5267 1644 5322 aliud
1674 5267 1836 5322 fuisse

259 5335 732 5408 quaiiréevdpxrjv
784 5353 877 5389 seu
929 5337 1201 5408 7536:9qu
1248 5334 1556 5408 Jndznorum
1593 5339 1682 5406 qui
1709 5338 1835 5392 Ale-

264 5406 510 5477 xandrize
535 5419 590 5477 et
628 5421 724 5472 per
766 5416 928 5477 totam
957 5406 1246 5477 [Egyptum
1276 5407 1559 5475 degebant.
1598 5411 1669 5460 Ac
1705 5408 1835 5459 mihi

269 5475 478 5539 quidem
508 5475 740 5537 videtur,
767 5475 1282 5531 alaharclne‘nomen
1307 5492 1402 5545 per
1429 5478 1594 5532 risum
1618 5487 1672 5530 et
1705 5494 1834 5533 cou-

263 5546 540 5598 .umeliam
563 5548 852 5598 conlictum
894 5545 1080 5602 fuisse.

331 5613 443 5685 (ll)
497 5615 930 5685 ’βργυσόμενός
984 5635 1033 5670 τι
1099 5616 1297 5669 δεινὸν
1353 5617 1592 5683 αὐτούς.
1654 5613 1835 5673 Nostri

261 5683 476 5737 codices
506 5683 649 5736 Maz.
687 5700 747 5735 ac
780 5685 915 5740 Med.
945 5701 1066 5740 cum
1098 5687 1228 5740 Fuk.
1260 5703 1322 5742 ac
1373 5687 1643 5743 Saviliano
1702 5691 1836 5743 scri-

265 5763 412 5822 ptum
442 5755 647 5810 habent
680 5753 840 5824 αὐτῷ,
871 5757 1015 5826 quod
1043 5773 1148 5811 non
1177 5757 1374 5826 placet.

1939 3341 2117 3396 verbis
2146 3340 2272 3396 licet
2304 3354 2682 3411 cognoscerer
2705 3338 3002 3408 Ejusmodi,
3030 3337 3222 3407 inquit,
3258 3338 3374 3394 Caii
3403 3339 3508 3394 fuit

1939 3435 2217 3486 temeritas
2265 3447 2327 3487 ac
2376 3431 2676 3502 protervia,
2707 3446 2828 3485 cum
2853 3429 3113 3484 adversus
3154 3445 3365 3496 omnes,
3390 3441 3502 3486 tum

1939 3525 2204 3594 praecipue
2255 3525 2512 3579 adversus
2537 3522 2772 3578 Iudaeos.
2810 3524 3016 3591 Quibus
3044 3523 3291 3578 infensus
3314 3537 3504 3578 omnes

1936 3629 2121 3668 eorum
2156 3616 2488 3682 proseuehas
2537 3615 2605 3668 ab
2633 3614 3123 3668 Alexandrinorum
3181 3614 3316 3668 urbe
3367 3613 3503 3670 inci-

1944 3706 2101 3774 piens
2129 3706 2228 3761 sibi
2259 3705 2576 3772 vindicavit,
2609 3715 2666 3760 et
2689 3705 3013 3774 imaginibus
3061 3719 3124 3759 ac
3150 3704 3346 3760 statuis
3391 3706 3508 3761 sui;

2006 3941 2118 4012 (l2)
2159 3942 2342 3995 Γαΐου
2361 3941 2477 4010 μὲν
2499 3939 2720 4012 αὐτοῖς.
2754 3941 2906 4008 Apud
2935 3940 3225 4012 Josephum
3257 3949 3309 3994 et
3350 3939 3504 3996 Nice-

1939 4010 2164 4082 phorum
2206 4013 2395 4082 legitur
2419 4011 2574 4064 Γαΐου
2597 4011 2760 4082 λόγῳ,
2791 4023 2925 4082 etc.,
2946 4012 3085 4082 quod
3117 4010 3372 4082 majorem
3401 4013 3501 4082 ha-

1941 4080 2024 4137 bet
2077 4080 2418 4151 elegantiam.
2463 4080 2744 4151 Sequitur
2776 4081 2921 4151 enim
2973 4081 3119 4150 ἔργῳ
3165 4080 3234 4151 δὲλ
3263 4080 3361 4151 ἤδη
3411 4081 3504 4135 τὸν

1938 4153 2066 4206 Θεὸν
2115 4149 2656 4220 ἀντιπαρεξάγοντος.
2719 4150 2846 4216 Quze
2875 4149 3108 4205 clauStila
3136 4149 3500 4205 satisﬁobcura

1938 4233 2040 4276 est.
2091 4222 2274 4290 Itaque
2320 4220 2549 4275 Ruﬁnus
2599 4220 3082 4274 circumlocutione
3129 4220 3398 4290 quadam,
3445 4232 3501 4274 ut

1939 4293 2095 4355 solet,
2125 4289 2278 4359 hujus
2322 4291 2606 4344 sententia!
2621 4292 2924 4344 versionem
2961 4291 3138 4344 elusit.
3173 4289 3515 4360 Nicephorus.

1938 4362 2120 4426 etiam,
2140 4376 2262 4413 cum
2282 4362 2419 4414 hanc
2446 4361 2772 4414 locutionem
2805 4375 2908 4413 non
2951 4360 3298 4428 intelligeret,
3319 4375 3504 4414 emen-

1940 4433 2083 4485 davit
2112 4431 2206 4483 τοῦ
2233 4428 2364 4482 Θεοῦ
2397 4428 2934 4501 ἀντιπαρεξάγοντος.
2973 4430 3078 4484 Sed
3119 4430 3248 4482 nihil
3281 4444 3503 4486 necesse

1869 4475 1910 4528 θ
1939 4514 2074 4556 erat.
2108 4502 2198 4554 Ait
2222 4501 2363 4569 enim
2401 4500 2574 4562 Philo,
2600 4475 2792 4553 ῗὶιῖἱυῖιι
2820 4475 2997 4569 ερξοὶο
3036 4501 3252 4569 quidem
3284 4513 3350 4569 ac
3379 4515 3501 4553 ver-

1938 4573 2020 4626 bis
2049 4568 2416 4625 tenusJudatis
2441 4571 2707 4623 infensum
2731 4568 2870 4632 esse,
2897 4584 2954 4622 re
2980 4581 3156 4623 autem
3187 4568 3299 4636 ipsa
3335 4568 3499 4622 Deum

1938 4643 2197 4694 adversus
2230 4639 2579 4708 semetipsum
2638 4639 2908 4708 instruere
2933 4647 2987 4693 et
3031 4651 3269 4708 armare.
3284 4637 3508 4708 Quippe-

1937 4709 2098 4765 Caius
2151 4725 2272 4763 cum
2324 4707 2482 4761 deum
2525 4723 2582 4762 se
2642 4709 2748 4762 dici
2809 4707 3006 4772 vellet,
3051 4707 3216 4762 divini
3254 4707 3501 4760 Numinis

1936 4781 2233 4833 vindictam
2302 4778 2560 4832 adversus
2614 4792 2673 4832 se
2722 4778 3071 4847 provocabat.
3121 4777 3501 4848 Ἀντιπαρεξά-

1935 4866 2052 4918 γειν
2085 4864 2188 4918 vox
2217 4861 2304 4903 est
2326 4849 2542 4918 tactica.

2010 4919 2118 4988 (15)
2147 4917 2304 4985 Vulg.
2334 4917 2452 4972 τῶν
2477 4919 2609 4970 τότε
2629 4913 2797 4988 εταρά
2819 4911 3297 4988 βασιλεῖιίξολ..ῖὰ
3311 4907 3502 4988 διεγα-

1931 4975 2140 5058 μεᾶθοέσ.
2171 4975 2392 5042 Rei-tius
2443 4989 2494 5040 in
2544 4975 2837 5058 codicibus
2866 4983 3067 5058 nostris
3091 4979 3234 5058 _Maz_.
3274 4987 3336 5058 ct_
3367 4975 3502 5032 Fuit.

1934 5049 2193 5130 scriptum
2234 5069 2348 5130 est,
2377 5058 2504 5130 sibi;
2541 5057 2662 5109 τότε
2703 5053 2876 5130 παρὰ-
2906 5053 3114 5130 βασιλεῖ
3151 5051 3232 5130 .τά
3273 5049 3506 5130 μέγιστα

1931 5121 2248 5198 δυνάμενον.
2281 5121 2461 5198 (Iudex
2512 5141 2730 5197 quoque
2762 5121 2916 5179 Med.
2951 5134 3004 5178 et
3040 5121 3206 5176 Savil.
3244 5121 3505 5190 scriptum

1932 5196 2135 5254 habent
2159 5199 2227 5252 τὰ
2260 5196 2515 5267 μέγιστα.

2004 5268 2116 5339 (ιι)
2150 5256 2359 5339 ηρλλᾶ
2379 5266 2496 5334 μὲν
2525 5265 2613 5328 εις
2649 5261 2916 5339 πολλοὺς
2949 5262 3049 5319 και
3086 5262 3248 5339 αμα
3275 5256 3508 5339 eryci-pt-

1934 5327 2038 5392 σίὶι
2073 5327 2290 5406 implet.
2337 5327 2611 5389 l'ostreina
2667 5349 2773 5406 νοις
2803 5327 2956 5406 abest
2989 5350 3027 5406 pa
3061 5331 3263 5406 ‘codice
3316 5327 3455 5385 Maz.
3480 5369 3498 5394 ,

1937 5402 2172 5462 Medfac
2197 5404 2356 5466 Fuk..
2405 5419 2468 5458 ac
2502 5417 2620 5456 meo
2648 5403 2862 5473 quidem
2905 5402 3112 5473 judicio
3157 5414 3379 5473 prorsus
3409 5415 3504 5473 ουτ

1935 5477 2138 5546 perﬂua
2166 5485 2268 5530 est.
2307 5473 2544 5527 Habetur
2573 5469 2748 5528 tanien
2781 5474 2834 5526 in
2857 5469 3044 5528 codice
3067 5471 3236 5539 Regio
3265 5475 3332 5524 et.
3361 5469 3513 5538 apud.

1935 5548 2320 5613 Nicephorum.

2007 5609 2119 5686 (l5)
2173 5615 2437 5680 Τοσαύτη
2481 5612 2607 5686 μὲν-
2654 5613 2766 5686 οιξν
2827 5629 2914 5686 τις
2970 5612 3010 5680 ἡ
3071 5611 3274 5686 Γαῖον.
3328 5609 3505 5686 Locus

1936 5680 2024 5740 hic
2076 5680 2316 5740 Philonis
2374 5680 2551 5740 exstat
2594 5684 2649 5737 in
2696 5683 2973 5752 Legatione
3029 5684 3096 5736 ad
3145 5680 3360 5746 Caium,
3406 5681 3505 5734 sub

1938 5760 2120 5810 tinem.
