3966 6264
259 310 347 366 l5?)

1247 302 1601 360 HISTORIA]
1641 299 2198 358 ECCLESl-ASTICE
2236 301 2363 357 LIB.
2402 300 2446 356 ll

3399 295 3498 351 154

257 427 527 498 ξάνδρειαν
561 425 960 496 συμϐεϐηκότα
998 423 1292 487 Ἰουδαίοις,
1321 425 1413 477 ἐπὶ
1448 423 1539 476 τοῦ
1583 422 1846 494 δηλουμέ-

1956 424 2227 481 virtutibus
2253 419 2554 493 inscripsit,
2601 412 3228 470 Judmis-Alexandriam
3263 410 3510 465 incolen-

259 538 360 583 νου,
379 521 434 572 ὲν
466 517 711 588 δευτέρῳ
748 517 1142 588 συγγράμματι
1164 507 1208 582 ᾧ
1235 513 1509 586 ἐπέγραψε
1536 513 1673 580 Περὶ
1703 514 1837 580 ἁρε-
1877 517 1893 534 ‘

259 609 524 678 tibi-(‘20),
565 610 795 681 ἱστορεῖ.
843 608 1061 680 Συνᾲδει
1099 607 1142 660 δ’
1177 605 1324 676 αὐτῷ
1359 607 1451 660 καὶ
1485 608 1513 658 ὁ
1558 604 1836 676 Ἰώσηπος,

261 703 449 774 ὁμοίως
497 700 610 754 ἀπὸ
652 700 765 754 τῶν
801 699 1034 753 Πιλάτου
1064 699 1270 769 χρόνων
1303 699 1394 750 καὶ
1424 698 1531 752 τῶν
1572 696 1714 752 κατὰ
1745 695 1838 750 τοῦ

261 795 504 865 Σωτῆρος
540 794 702 864 ἡμῶν
740 796 1179 866 τετολμημένων,
1209 795 1308 858 τὰς
1347 791 1487 848 κατὰ
1520 790 1716 852 παντὸς
1747 789 1838 842 τοῦ

261 886 438 949 ἔθνους
465 886 802 957 ἐνάρξασθαι
831 874 1106 958 σημαίνων
1133 886 1434 958 συμφοράς.
1469 886 1665 936 ’Ἄκουε
1685 881 1727 934 δ’
1749 877 1840 934 οὖν

261 975 344 1032 οἷα
359 980 453 1032 καὶ
471 972 632 1042 οὗτος
655 983 713 1032 ἐν
735 980 972 1052 δευτέρῳ
987 981 1080 1032 τοῦ
1099 978 1427 1033 Ἰουδαϊκοῦ
1444 975 1716 1044 Πολέμου
1741 975 1840 1027 αὺ-

262 1073 378 1134 ταῖς
411 1071 706 1134 συλλαϐαῖς
737 1071 887 1142 δηλοῖ
912 1071 1110 1140 λέγων·
1155 1090 1172 1122 t
1201 1069 1474 1140 Πεμφθεὶς
1501 1068 1556 1120 δὲ
1589 1068 1669 1130 εἰς
1709 1069 1840 1118 Ἰου-

261 1164 415 1217 δαίαν
444 1163 748 1235 ἐπίτροπος
777 1163 882 1216 ὑπὸ
901 1164 1148 1234 Τιϐερίου
1171 1162 1419 1225 Πιλᾶτος,
1445 1160 1657 1230 νύκτωρ
1681 1176 1842 1212 κεκα-

262 1255 545 1326 λυμμένας
574 1258 655 1320 εἰς
699 1255 1040 1328 Ἱεροσόλυμα
1068 1253 1482 1326 παρεισκομίζει
1515 1251 1614 1315 τὰς
1636 1250 1842 1304 Καίσασ

265 1367 356 1420 ρος
387 1349 607 1412 εἰκόνας
629 1366 642 1378 ·
670 1351 900 1419 σημαῖαι
923 1347 1230 1400 καλοῦνται.
1263 1346 1433 1398 Τοῦτο
1465 1345 1581 1416 μεθ’
1605 1343 1839 1415 ἡμέραν,

267 1443 534 1514 μεγίστην
585 1443 830 1513 ταραχὴν
880 1440 1068 1514 ἤγειρε
1117 1444 1226 1504 τοῖς
1285 1438 1576 1502 Ἰουδαίοις.
1623 1439 1684 1490 Οἱ
1734 1437 1843 1507 γὰρ

265 1535 453 1602 ἔγγὺς,
483 1534 622 1605 πρὸς
642 1534 738 1604 τὴν
762 1535 884 1604 δψιν
914 1533 1306 1604 ἐξεπλάγησαν,
1333 1532 1408 1594 ὡς
1442 1528 1842 1599 πεπατημένων

265 1627 447 1690 αὐτοῖς
477 1627 589 1679 τῶν
632 1626 829 1696 νόμων.
875 1626 1036 1679 Οὐδὲν
1067 1624 1175 1695 γὰρ
1219 1623 1458 1690 ἀξιοῦσιν
1502 1625 1558 1675 ἐν
1591 1624 1654 1692 τῇ
1693 1621 1842 1672 πόλει

264 1718 514 1789 δείκηλον
574 1717 835 1771 τίθεσθαι.
864 1736 881 1769 ι
941 1717 1126 1771 Ταῦτα
1176 1716 1231 1769 δὲ
1287 1714 1580 1786 συγκρίνας
1626 1716 1689 1784 τῇ
1735 1713 1843 1766 τῶν

1949 517 2091 569 libus
2143 511 2438 578 supradicti
2489 507 2604 562 Caii
2637 508 2944 576 principatu
2979 504 3269 574 contigisse
3313 503 3504 558 refert.
3558 526 3566 532 -

1945 605 2042 660 Cui
2077 602 2401 672 astipulatur
2433 602 2595 655 etiam
2640 597 2937 666 Joscpbus,
2965 596 3055 666 qui
3085 610 3356 650 aerumnas
3388 593 3513 648 illas

1945 696 2141 766 quibus
2165 692 2469 749 Judaeorum
2501 706 2633 760 gens
2663 689 2964 745 conﬂictata
2995 695 3096 750 est,
3133 688 3242 757 jam
3276 687 3399 741 inde
3443 679 3545 740 ab'

1945 787 2079 858 ipsis
2109 787 2272 842 Pilati
2323 784 2673 853 temporibus,
2701 791 2750 836 et
2803 795 2831 836 a
2880 781 3084 836 scelere
3118 779 3208 832 illo
3252 777 3514 832 adversus

1949 880 2296 934 Servatorem
2321 885 2564 932 nostrum
2599 874 2837 928 admisso
2869 881 3018 926 ortas
3049 885 3171 924 esse
3220 867 3510 938 significat.

1945 974 2264 1038 Audiamus,
2295 970 2337 1025 si
2370 970 2562 1040 placet,
2596 983 2714 1037 qua:
2738 966 2826 1019 ille
2871 965 2923 1018 in
2955 963 3195 1017 secundo
3246 959 3382 1013 Belli
3408 957 3514 1012 Ju-

1947 1067 2090 1119 daici
2121 1065 2258 1119 libro
2289 1063 2453 1117 refert
2483 1063 2567 1115 his
2605 1059 2823 1114 verbis:
2859 1077 2876 1109 ι
2914 1057 3143 1115 Pilatus.
3177 1055 3372 1123 inquit,
3419 1052 3512 1122 qui

1947 1174 1976 1212 a
2017 1158 2235 1212 Tiberio
2267 1164 2582 1225 procurator
2611 1153 2661 1207 in
2692 1152 2931 1207 .Iudaeam
2968 1149 3170 1201 missus
3200 1147 3396 1209 fuerat,
3429 1161 3515 1200 vc-

1947 1252 2084 1305 latas
2106 1249 2335 1305 Caesaris
2360 1248 2625 1316 imagines
2645 1261 2764 1315 qua:
2790 1246 2939 1314 signa
2967 1243 3322 1312 appellantur,
3351 1251 3512 1294 noctu

1949 1343 2127 1398 intulit
2157 1340 2547 1411 Hierosolyma.
2576 1339 2647 1392 Ea
2675 1354 2760 1393 res
2793 1338 2950 1391 simul
2984 1347 3146 1402 atque
3169 1335 3282 1387 dies
3313 1334 3509 1396 illuxit,

1949 1434 2240 1488 maximum
2274 1431 2562 1484 tumultum
2614 1431 2872 1484 excitavit
2900 1428 3225 1483 Judazorum.
3262 1427 3394 1481 Nam
3425 1427 3517 1496 qui

1950 1527 2000 1578 in
2058 1523 2306 1592 proximo
2333 1531 2510 1586 erant,
2548 1537 2684 1575 novo
2727 1521 3038 1589 spectaculo
3068 1520 3282 1574 attoniti
3326 1520 3515 1572 obstu-

1947 1630 2135 1683 pucre,
2167 1628 2386 1683 prorsus
2423 1613 2575 1679 quasi
2607 1615 2792 1681 patria)
2819 1611 2960 1681 leges
2989 1612 3322 1666 conculcata:
3348 1610 3517 1664 viola-

1951 1719 2124 1778 tacque
2175 1717 2378 1762 essent.
2433 1707 2593 1761 Nefas
2647 1707 2846 1776 quippe
2886 1706 2991 1759 illis
3041 1715 3124 1759 est
3167 1704 3518 1758 simulacrum

274 1810 632 1882 Εὑαγγελίων
673 1811 879 1880 γραφῇ,
913 1807 1031 1878 εἴσῃ
1058 1808 1132 1870 ὡς
1160 1808 1257 1860 οὐκ
1295 1808 1372 1870 εἰς
1408 1806 1619 1876 μακρὰν
1654 1805 1846 1868 αὐτοὺς

1956 1802 2114 1854 ullum
2152 1801 2204 1854 in
2237 1799 2368 1853 urbe
2391 1807 2652 1854 statuere.
2687 1817 2706 1848 ›
2737 1799 2866 1864 Quae
2891 1799 3102 1866 quidem
3131 1797 3173 1852 si
3201 1813 3320 1850 cum
3350 1810 3515 1850 evan-

272 1901 536 1972 μετῆλθεν
561 1902 694 1972 (21),
728 1903 792 1972 ἣν
821 1899 1052 1972 ἕῤῥηξαν
1083 1901 1167 1951 ἐπ’
1199 1899 1360 1952 αὐτοῦ
1387 1898 1616 1952 Πιλάτου
1642 1897 1842 1968 φωνὴν,

267 1996 332 2048 δι’
359 1990 427 2067 ἦς
454 1997 558 2048 οὐκ
586 1995 740 2048 ἄλλον
765 1993 796 2064 ἢ
831 1993 985 2063 μόνον
1016 1991 1156 2062 ἔχειν
1208 1990 1446 2044 ἐπεϐόων
1475 1989 1728 2061 Καίσαρα
1753 1990 1847 2060 βα-

272 2084 444 2141 σιλέα.
473 2084 613 2141 Εἶτα
648 2087 706 2140 δὲ
751 2087 844 2142 καὶ
877 2085 1041 2156 ἄλλην
1085 2084 1210 2154 ἑξῆς
1258 2084 1285 2134 ὁ
1318 2082 1476 2146 αὐτὸς
1504 2083 1846 2154 συγγραφεὺς

269 2179 478 2249 ἱστορεῖ
502 2177 778 2248 μετελθεῖν
800 2175 993 2238 αὐτοὺς
1017 2192 1079 2227 συ
1089 2172 1300 2246 μφορὰν
1321 2175 1377 2225 ὲν
1397 2172 1604 2236 τούτοις
1622 2189 1634 2202 ’
1665 2171 1846 2225 ιΜετὰ

273 2264 333 2318 δὲ
371 2263 548 2316 ταῦτα
585 2264 830 2334 ταραχὴν
865 2264 1054 2333 ἑτέραν
1093 2263 1288 2326 ἐκίνει,
1327 2261 1417 2313 τὸν
1457 2259 1598 2330 ἱερὸν
1644 2258 1848 2328 θησαυ-

275 2354 378 2426 ρὸν
413 2354 684 2424 (καλεῖται
723 2355 779 2406 δὲ
816 2354 1096 2425 κορϐονᾶς)
1138 2356 1216 2417 εἰς
1266 2352 1592 2422 καταγωγὴν
1644 2349 1853 2404 ὑδάτων

275 2446 670 2510 ἐξαναλίσκων.
715 2447 924 2518 Κατῄει
968 2449 1025 2501 δὲ
1082 2448 1190 2500 ἀπὸ
1236 2447 1558 2518 τριακοσίων
1602 2444 1850 2499 σταδίων.

276 2539 422 2608 Πρὸς
465 2540 630 2594 τοῦτο
673 2540 770 2594 τοῦ·
816 2540 1052 2611 πλήθους
1095 2539 1463 2608 ἀγανάκτησις
1489 2533 1575 2608 ἦν.
1620 2538 1728 2589 Καὶ
1756 2534 1851 2588 τοῦ

276 2627 515 2684 Πιλάτου
562 2633 826 2704 παρόντος
867 2636 946 2696 είς
994 2631 1369 2702 Ἰεροσόλυμα,
1419 2628 1767 2700 περιστάντες
1793 2624 1855 2679 τὸ

275 2719 432 2790 βῆμα
457 2721 596 2794 (2-2),
632 2723 923 2777 κατεϐόων.
963 2721 1020 2776 Ὀ
1048 2724 1124 2788 δὲ,
1163 2721 1384 2793 προῄδει
1418 2721 1526 2791 γὰρ
1555 2719 1729 2773 αὐτῶν
1757 2718 1856 2788 τὴν

273 2813 546 2886 ταραχὴν,
582 2813 658 2886 τῷ
694 2815 886 2886 πλήθει
920 2815 1044 2878 τοὺς
1079 2814 1414 2886 στρατιώτας
1443 2812 1694 2874 ἐνόπλους
1744 2811 1854 2882 (25)

273 2906 504 2977 ἐσθῆσιν
537 2909 830 2972 ἰδιωτικαῖς
858 2907 1304 2979 κεκαλυμμένους
1345 2904 1732 2976 ἐγκαταμίξας,
1765 2903 1860 2957 καὶ

1952 1894 2119 1964 gelica
2145 1892 2370 1945 historia
2398 1891 2647 1946 conferre
2679 1891 2939 1955 volueris,
2971 1890 3240 1959 intelliges
3268 1888 3516 1956 profecto

1952 1985 2402 2040 acclamationem
2461 1984 2630 2048 illam,
2655 1998 2758 2052 qua
2803 1983 2977 2037 Pilato
3021 1983 3198 2038 testati
3235 1990 3379 2045 sunt,
3409 1997 3516 2037 non

1953 2079 2119 2132 alium
2153 2077 2252 2131 sibi
2279 2091 2456 2144 regem
2491 2091 2610 2131 esse
2645 2090 2806 2144 quam
2847 2077 3135 2143 Ctesarem,
3169 2075 3317 2131 brevi
3349 2075 3401 2130 in
3438 2076 3520 2145 ip-

1953 2186 2139 2227 sorum
2174 2170 2397 2224 exitium
2431 2169 2678 2222 vertisse.
2719 2169 2894 2222 Aliam
2925 2168 3116 2222 deinde
3149 2167 3517 2222 calamitatem

1953 2262 2130 2315 divina
2164 2260 2368 2316 ultione
2401 2261 2533 2330 ipsis
2566 2259 2769 2313 illatam
2821 2260 2960 2312 idem
2993 2259 3227 2329 scriptor
3254 2268 3520 2314 memorat

1948 2351 2032 2407 bis
2060 2353 2279 2408 verbis:
2322 2369 2339 2402 ι
2376 2351 2508 2406 Post
2555 2351 2688 2415 haec,
2723 2350 2920 2420 inquit,
2967 2351 3133 2404 alium
3175 2365 3392 2420 quoque
3430 2361 3518 2405 tu-

1949 2443 2179 2498 multum
2206 2442 2345 2498 idem
2370 2443 2575 2496 Pilatus
2624 2442 2902 2509 excitavit,
2924 2457 3046 2496 cum
3073 2443 3354 2512 pecuniam
3374 2443 3519 2497 sacri

1950 2533 2126 2588 aerarii
2166 2535 2309 2604 quod
2354 2534 2648 2588 corbonam
2687 2534 2865 2603 patria
2908 2533 3089 2602 lingua
3128 2533 3424 2604 appellant,
3460 2534 3522 2590 in

1953 2626 2410 2682 constructionem
2472 2625 2830 2693 aquaeductus
2900 2625 3251 2693 impenderet.
3311 2625 3517 2682 Aberat

1954 2727 2133 2771 autem
2165 2731 2302 2786 aqua
2328 2731 2490 2786 quam
2519 2716 2784 2770 deducere
2813 2716 2864 2768 in
2895 2715 3077 2770 urbem
3129 2715 3331 2772 Pilatus
3363 2717 3519 2775 voleo

1955 2810 2066 2874 bat,
2098 2809 2357 2863 trecentis
2393 2809 2460 2863 ab
2491 2808 2623 2863 urbe
2655 2809 2867 2862 stadiis.
2908 2808 2963 2861 ld
2993 2809 3143 2878 plebs
3165 2825 3307 2878 aegre
3334 2811 3522 2866 admo-

1957 2903 2084 2956 dum
2116 2900 2341 2956 ferebat.
2380 2899 2570 2969 Itaque
2599 2915 2720 2954 cum
2754 2899 2960 2954 Pilatus
2994 2900 3233 2953 venisset
3265 2899 3526 2957 Hieroso-

350 3065 462 3134 (9.0)
516 3066 642 3135 Ἐνμ
669 3064 923 3132 δευτέρῳ
987 3064 1395 3134 σιμνγπράμματι
1455 3056 1502 3130 ᾧ
1563 3065 1854 3135 ἐπέγραψε

1969 3061 2172 3117 Christi
2193 3060 2774 3135 mortemcontigisse.
2801 3060 2963 3135 Atqui
2993 3060 3272 3135 _Josepbu_s
3299 3061 3414 3135 ipse
3441 3071 3521 3135 te-

272 3135 418 3203 Περί
447 3133 707 3202 ἀρετῶν.
763 3135 817 3188 In
855 3133 1147 3198 superiori
1180 3133 1356 3198 capite
1407 3133 1851 3198 observavimus,

275 3204 478 3260 librum
503 3205 756 3258 Philonis
795 3207 846 3258 in
903 3203 1154 3274 Flaccum
1185 3205 1555 3262 collocandum
1589 3221 1706 3259 esse
1734 3213 1855 3274 post

273 3275 482 3328 librum
539 3275 613 3328 De
646 3276 903 3343 legatione
942 3276 1010 3327 ad
1038 3273 1248 3338 Caium,
1298 3291 1404 3329 non
1434 3285 1612 3329 autem
1647 3273 1856 3344 praepo-

274 3348 542 3407 nendum,
567 3354 627 3398 nt
683 3346 840 3410 vulgo
877 3345 1016 3398 litin
1049 3345 1208 3399 editis
1261 3353 1315 3399 et
1368 3345 1419 3400 in
1474 3346 1855 3410 manuscriptis

277 3415 706 3483 exemplaribus,
733 3417 894 3482 idque
919 3414 1130 3468 duobus
1156 3415 1491 3482 argumentis
1522 3416 1857 3469 demonstra-

276 3486 479 3547 vimus,
509 3501 629 3553 quae
667 3485 753 3538 hic
803 3494 1048 3548 repetere
1099 3484 1424 3552 superﬂuum
1476 3484 1656 3539 fuerit.
1704 3483 1856 3540 Nunc

276 3570 412 3608 vero
438 3554 528 3608 hic
575 3555 792 3609 Eusebii
844 3553 995 3608 locus
1034 3569 1194 3621 quem
1247 3569 1356 3621 pra:
1409 3555 1656 3608 manibus
1686 3555 1849 3608 hahe-

279 3639 426 3689 mns,
454 3626 778 3679 sententiam
821 3635 1058 3679 nostram
1112 3633 1297 3690 aperte
1352 3623 1655 3678 confirmat.
1698 3624 1857 3678 Post-

280 3709 444 3761 quam
523 3695 667 3748 enim
720 3694 978 3748 Eusebius
1018 3692 1158 3745 mala
1216 3695 1410 3761 quibus
1459 3692 1629 3748 Judaei
1667 3709 1694 3746 a
1727 3694 1858 3750 Caio

282 3765 463 3817 vexati
491 3774 638 3829 sunt,
663 3780 730 3818 ex
755 3765 996 3818 Philonis
1033 3763 1170 3818 libro
1193 3763 1270 3816 De
1299 3762 1553 3832 legatione
1580 3765 1646 3817 ad
1671 3763 1859 3818 Caium

286 3835 601 3904 singillatim
654 3833 1118 3904 commemoravit,
1177 3834 1346 3904 addit.
1399 3834 1604 3904 multas
1648 3848 1860 3904 quoque

287 3901 421 3959 alias
467 3905 823 3972 gravissimas
871 3903 1209 3958 calamitates
1239 3901 1443 3957 Iudaeis
1473 3901 1859 3958 Alexandrinis

286 3989 407 4029 esse
450 3976 632 4028 illatas
683 3973 922 4041 ejusdem
971 3973 1089 4028 Caii
1141 3974 1468 4043 principatu,
1525 3989 1660 4043 quas
1697 3974 1862 4027 refert

287 4043 440 4100 Philo
475 4045 528 4098 in
559 4045 795 4099 secundo
835 4043 972 4098 libro
1003 4043 1080 4097 De
1117 4042 1417 4098 virtutibus.
1455 4042 1557 4098 Hic
1595 4044 1862 4098 secundus

289 4114 423 4168 liber
451 4130 561 4168 non
598 4124 778 4182 potest
809 4128 929 4169 esse
976 4114 1112 4167 alius
1141 4128 1302 4181 quam
1333 4113 1468 4169 liber
1498 4114 1554 4167 in
1582 4111 1858 4166 Flaccum.

286 4183 404 4239 Non
448 4181 612 4239 enim
634 4184 737 4238 dici
769 4193 945 4252 potest
973 4199 1096 4239 eum
1136 4183 1311 4252 ipsum
1362 4197 1484 4238 esse
1530 4184 1728 4252 librum
1769 4181 1860 4250 qui

289 4255 367 4309 De
393 4255 656 4323 legatione
687 4251 984 4308 ad’Caium
1008 4253 1348 4318 inscribitur,
1381 4268 1502 4306 cum
1529 4251 1860 4322 Legationem

289 4328 360 4377 ad
391 4322 584 4379 Citium
631 4323 830 4378 diserte
884 4323 1179 4392 distinguat
1217 4323 1482 4378 Eusebius
1515 4324 1580 4377 ab
1621 4325 1724 4377 hoc
1771 4337 1862 4377 se-

289 4397 468 4448 cundo
497 4393 577 4448 De
612 4393 890 4447 virtutibus
917 4395 1076 4449 libro.
1109 4392 1297 4462 Restat
1323 4407 1453 4462 ergo
1485 4402 1546 4447 ut
1581 4394 1861 4447 secundus

290 4465 383 4519 hic
414 4464 551 4519 liber
580 4464 650 4518 sit
698 4464 787 4518 ille
835 4465 948 4532 ipse
998 4463 1090 4533 qui
1134 4465 1192 4518 in
1240 4460 1492 4516 Flaccum
1522 4463 1857 4516 inscribitur.

287 4536 442 4588 Adde
469 4533 616 4602 quod
641 4549 747 4587 non
803 4535 852 4588 in
892 4535 996 4588 alio
1028 4548 1189 4602 quam
1221 4533 1277 4588 in
1320 4533 1409 4586 illo
1433 4533 1686 4586 adversus
1708 4533 1867 4584 Flac-

292 4621 412 4657 cum
475 4604 651 4666 libro,
685 4606 1036 4672 gravissimas
1090 4603 1207 4657 illas
1279 4603 1616 4657 calamitates
1663 4602 1864 4657 Judaeis

291 4674 680 4727 Alexandrinis
712 4675 885 4729 illatas
913 4673 1098 4728 retulit
1136 4673 1311 4728 Philo.
1350 4673 1430 4726 Ex
1465 4688 1576 4741 quo
1621 4688 1866 4726 necessa-

293 4746 379 4798 rio
412 4745 721 4806 coulicitur,
747 4746 1038 4798 secundum
1073 4745 1220 4796 illum
1271 4745 1348 4796 De
1382 4743 1663 4797 virtutibus
1694 4742 1867 4795 Philo-

295 4815 383 4884 nis
409 4815 626 4879 librum,
645 4829 747 4867 non
774 4815 938 4868 alium
968 4829 1084 4868 esse
1106 4829 1266 4884 quam
1297 4813 1490 4884 librum
1514 4815 1566 4866 in
1592 4812 1861 4884 Flaccum.

295 4882 396 4949 Qui
431 4885 650 4954 quidem
686 4885 820 4937 liber
849 4882 1138 4954 inscriptus
1186 4884 1358 4938 fuerat
1391 4883 1676 4954 a‘Pbiloue
1725 4883 1866 4950 Hepl

293 4951 546 5022 ἀρετῶν,
594 4956 813 5020 perinde
847 4970 910 5008 ac
955 4951 1103 5022 prior
1141 4955 1229 5008 ille
1269 4954 1356 5023 qui
1407 4951 1742 5022 Legationem
1795 4953 1865 5006 ad

297 5025 488 5078 Caium
521 5025 781 5078 continet.
820 5025 1010 5078 Docuit
1064 5026 1114 5077 id
1155 5039 1257 5078 nos
1303 5023 1390 5077 hic
1419 5023 1633 5077 Eusebii
1670 5025 1861 5088 locus;

295 5096 384 5149 cui
405 5095 710 5164 jungendus
727 5104 809 5148 est
835 5095 970 5148 alter
1001 5110 1065 5148 ex
1098 5096 1272 5162 capite
1304 5094 1368 5148 18
1399 5094 1558 5159 hujus
1590 5093 1709 5164 libri
1729 5135 1744 5159 ,
1770 5095 1862 5147 ubi

300 5163 531 5218 testatur
554 5164 815 5218 Eusebius
868 5165 1048 5234 plures
1091 5165 1257 5219 libros
1290 5167 1355 5217 de
1405 5163 1698 5217 sceleribus
1745 5165 1860 5217 Caii

298 5249 330 5286 a
372 5234 600 5288 Philone
659 5239 993 5303 conscriptos
1037 5250 1157 5288 esse
1209 5249 1342 5302 quos
1375 5234 1464 5286 ille
1515 5236 1744 5302 figurate
1792 5234 1863 5288 De

298 5305 576 5358 uirtutibus
627 5304 919 5374 inscripsit.
967 5305 1146 5369 Quare
1187 5305 1294 5374 hoc
1335 5305 1452 5356 loco
1485 5305 1666 5374 malint
1718 5304 1863 5371 lege-

300 5389 378 5460 r‘e,
430 5376 488 5454 ὲν
536 5373 772 5446 δευτέρῳ
797 5368 1216 5445 ’συγγράμματι
1262 5368 1335 5428 ὧν
1389 5372 1666 5444 ἐπέγραψε
1723 5368 1862 5441 Περὶ

299 5461 543 5512 cperam.

371 5517 482 5584 (2|)
505 5515 661 5583 Εἴσῃ
684 5514 765 5579 ὠς
788 5516 897 5568 οὐκ
941 5518 1028 5579 εὶς
1042 5515 1275 5584 μακρὰν
1301 5514 1521 5581 αὐτοὺς
1539 5514 1858 5584 μετῆλθεν.

303 5582 414 5638 Hoc
445 5585 568 5639 loco
596 5587 878 5652 perspicue
908 5582 1266 5638 hallu‘cinatur
1294 5582 1574 5647 Eusebius,
1624 5586 1717 5653 qui
1764 5602 1862 5651 pu-

235 5681 238 5683 -
309 5656 442 5709 tavit
465 5671 530 5709 ea
555 5670 676 5724 qua:
701 5653 967 5725 Iosephus
997 5654 1161 5708 refert
1209 5657 1274 5725 de
1308 5656 1628 5725 imaginibus
1660 5655 1860 5708 Tiberii

303 5739 334 5779 a
357 5725 526 5780 Pilato
555 5723 858 5794 importatis
887 5724 947 5781 in,
993 5727 1176 5779 urbem
1228 5723 1672 5796 Hierosolymam,
1744 5735 1863 5793 post

1887 4431 1940 4491 D

1964 3141 2155 3197 statur,
2191 3132 2242 3186 id
2287 3132 2554 3186 accidisse
2598 3132 2755 3186 initio
2804 3132 3292 3184 administrationis
3338 3131 3517 3186 Pilati.

1957 3202 2222 3274 Sicrenim
2273 3203 2461 3274 scribit
2508 3202 2558 3274 in
2598 3201 2732 3274 libro
2757 3216 2791 3252 tt
2827 3200 2899 3254 De
2923 3201 3051 3274 bello
3075 3199 3307 3274 [ηιίαὶςο
3333 3217 3352 3255 :
3379 3203 3521 3274 Πεμ-

1955 3273 2108 3341 φθεὶς
2129 3272 2184 3325 δὲ
2210 3274 2290 3336 είς
2326 3272 2585 3325 Ἰουδαίαν
2608 3271 2898 3342 ἐπίτροπος
2939 3271 3041 3324 ὑπὸ
3072 3271 3317 3341 Τιϐερίου
3353 3271 3519 3326 Πιλᾶ-

1956 3360 2067 3406 τος,
2099 3353 2203 3396 etc.
2231 3343 2372 3396 Idem
2396 3358 2610 3411 quoque
2638 3342 2879 3408 apertius
2900 3351 3125 3411 testatur
3153 3344 3204 3394 in
3227 3343 3364 3396 libro
3385 3359 3514 3398 xvm

1957 3414 2363 3482 Antiquitatum.
2396 3410 2588 3467 Missus
2619 3423 2700 3465 est
2735 3420 2914 3482 autem
2957 3412 3009 3464 in
3046 3410 3284 3482 Judmam
3317 3412 3524 3467 Pilatus

1958 3480 2105 3538 anno
2131 3482 2331 3552 Tiberii
2363 3483 2706 3545 duodecimo,
2753 3480 2907 3552 idest
2935 3481 3165 3534 triennio
3197 3493 3322 3537 ante
3349 3483 3522 3552 bapti-

1958 3567 2134 3623 smum
2159 3551 2378 3607 Christi.
2410 3552 2719 3623 Absurdum
2757 3551 2921 3618 igitur
2944 3562 3029 3604 est
3055 3553 3254 3623 dicere,
3308 3569 3370 3606 ea
3401 3551 3518 3623 quae

1959 3621 2157 3676 Judzeis
2185 3623 2498 3676 acciderunt
2525 3621 2614 3674 diu
2648 3629 2774 3674 ante
2809 3623 3119 3687 passionem
3156 3621 3373 3684 Christi,
3412 3621 3523 3678 non

1959 3692 2027 3745 ob
2053 3692 2214 3745 aliam
2247 3707 2463 3746 causam
2491 3706 2650 3760 quam
2687 3691 2755 3745 ob
2787 3691 2966 3745 scelus
2995 3691 3120 3744 illud
3163 3693 3214 3744 in
3244 3692 3523 3749 Christum

1960 3762 2276 3832 admissum,
2305 3763 2434 3832 ipsis
2460 3760 2770 3832 contigisse.
2806 3760 2907 3832 Est.
2949 3761 3178 3832 etaliud
3214 3763 3521 3832 quidpiam,

1960 3833 2100 3900 quod
2128 3832 2179 3884 in
2214 3831 2446 3886 Eusebio
2470 3830 2700 3884 fortasse
2728 3830 2849 3896 quis
2886 3830 3055 3899 possit
3103 3830 3518 3900 reprehendere.

1961 3899 2301 3955 Existimavit
2347 3901 2488 3954 enim
2526 3900 2811 3962 Eusebius,
2853 3915 3018 3953 unum
3063 3900 3312 3969 idemque
3359 3899 3520 3957 Pilati

1962 3970 2173 4024 facinus
2205 3981 2313 4024 tum
2345 3985 2374 4022 a
2405 3969 2648 4033 Philone,
2686 3976 2794 4021 tum
2835 3984 2863 4022 a
2909 3969 3144 4038 Josepho
3191 3985 3523 4024 commento-

1965 4041 2110 4110 rari};
2141 4055 2260 4096 cum
2297 4051 2472 4096 tamen
2507 4040 2549 4094 si
2581 4038 2703 4107 quis
2732 4038 3039 4110 diligentius
3068 4039 3376 4110 intenderit,
3402 4042 3523 4096 duae

1966 4107 2154 4165 illae'ac
2185 4110 2410 4165 diversae
2452 4124 2536 4163 res
2567 4123 2688 4162 esse
2731 4107 3034 4163 videantur.
3069 4107 3334 4178 Josephus
3373 4110 3521 4169 enim

1965 4179 2202 4248 loquitur
2250 4182 2316 4234 de
2352 4179 2518 4249 signis
2555 4193 2648 4233 seu
2679 4179 2744 4232 de
2789 4179 3113 4247 imaginibus
3156 4179 3521 4247 imperatoris,

1963 4249 2116 4304 Philo
2150 4265 2277 4305 vero
2306 4251 2370 4305 de
2398 4250 2596 4320 clypeis
2629 4251 2850 4320 auratis,
2879 4249 2967 4320 qt_ti
2996 4249 3208 4320 nullaui
3229 4250 3517 4318 imaginem

1963 4320 2245 4381 baberent,
2280 4323 2374 4375 sed
2400 4317 2592 4374 nomen
2628 4319 2889 4372 duntaxat
2919 4317 3126 4374 Tiberii
3171 4317 3401 4376 Caesaris
3432 4321 3522 4377 cui

1965 4390 2372 4460 dedicabantur,
2424 4405 2547 4444 cum
2584 4389 2799 4443 nomine
2832 4389 2989 4460 Pilati
3038 4391 3126 4460 qui
3177 4404 3270 4444 eos
3301 4390 3522 4460 dedica-

1967 4460 2074 4512 bat.
2104 4459 2368 4515 Prteterea
2398 4461 2447 4514 id
2481 4460 2621 4528 quod
2645 4470 2830 4512 narrat
2856 4458 3143 4528 Josephus,
3167 4459 3522 4516 acciditanno

1964 4531 2139 4599 primo
2163 4529 2648 4584 administrationis
2678 4528 2855 4593 Pilati,
2891 4542 3018 4586 tunc
3039 4547 3161 4584 cum
3191 4529 3394 4584 Pilatus
3428 4547 3521 4581 ur-

1967 4604 2086 4654 beut
2122 4599 2926 4671 l-lierosolymitauamprimum
2961 4603 3234 4669 ingressus
3260 4611 3358 4671 est.
3383 4599 3516 4654 Illud

1969 4685 2147 4722 autem
2183 4673 2324 4738 quod
2368 4667 2537 4725 refert
2571 4667 2742 4734 Philo,
2795 4685 2887 4722 seu
2942 4667 3117 4738 potius
3152 4684 3246 4722 rex
3285 4669 3520 4738 Agrippa

1966 4742 2103 4808 apud
2135 4740 2432 4805 Philonem,
2470 4751 2594 4793 tunc
2625 4739 2851 4807 contigit
2878 4756 2998 4792 cum
3030 4738 3230 4793 Pilatus
3261 4740 3371 4808 jam
3403 4741 3521 4807 plu-

1964 4827 2053 4863 res
2073 4827 2246 4865 annos
2269 4809 2753 4865 administrationis
2790 4825 2897 4864 suae
2931 4809 3267 4878 complesset,
3318 4819 3374 4862 ut
3417 4811 3516 4864 ibi-

1965 4882 2084 4934 dent
2123 4890 2349 4935 testatur
2375 4881 2545 4935 Philo.

2058 4950 2145 5022 ‘22)
2172 4950 2567 5020 Περιστάντες
2592 4947 2658 5001 τὸ
2698 4947 2886 5022 βῆμα.
2919 4948 3009 5003 Sic
3059 4950 3196 5016 apud
3231 4946 3521 5022 Josepbum

1964 5030 2018 5074 et
2049 5019 2406 5090 Nicephorum
2446 5020 2760 5090 legituruln
2791 5022 2987 5074 nostris
3037 5030 3212 5072 tamen
3245 5019 3520 5090 codicibus

1964 5090 2102 5144 Μία.
2141 5088 2346 5148 scilicet
2386 5088 2525 5145 Med.
2554 5088 2786 5162 et_Fuk.
2828 5091 3085 5162 scriptum
3114 5099 3196 5146 est.
3229 5089 3522 5162 περιστάνο·

1962 5178 2053 5224 τες
2083 5161 2302 5230 τόλμαν,
2342 5163 2482 5216 haud
2514 5159 2676 5213 dubio
2711 5174 2806 5229 pro
2829 5159 2889 5212 τὸ
2917 5159 3083 5230 βῆμα.

2015 5236 2126 5303 (25)
2185 5234 2345 5302 Vulg.
2400 5235 2699 5300 ἐνόπλους
2754 5235 3020 5303 laena/ar.
3069 5231 3351 5287 Postrema
3410 5246 3514 5284 vox

1945 5302 2179 5359 decstin
2225 5307 2411 5360 codice
2456 5305 2622 5374 Regio
2653 5313 2708 5358 et
2751 5306 2889 5373 apud
2923 5302 3252 5371 Josephutn;
3295 5317 3359 5354 ac
3395 5317 3518 5374 meo

1945 5378 2163 5443 quidem
2195 5375 2401 5444 judicio
2431 5370 2798 5443 expungenda‘
2820 5382 2900 5427 est
2915 5370 3514 5444 tanquamsuperflua.

1946 5439 2068 5499 Mox
2105 5446 2156 5497 in
2187 5439 2358 5499 [ribus
2388 5439 2590 5499 nostris
2613 5439 2888 5499 eodieibus
2913 5439 3070 5503 Mazf,
3102 5442 3240 5496 Med.
3270 5439 3331 5496 ac
3358 5439 3515 5504 Fuk.,

1948 5516 2214 5584 scriptum
2265 5515 2443 5586 inveni
2467 5515 2774 5586 ἐσθήσεσιν
2799 5514 3109 5586 ἰδιωτικαῖς,
3136 5523 3297 5586 atque
3333 5513 3404 5564 ita
3438 5512 3515 5564 Ie-

1949 5587 2092 5710 ἕψει·
2125 5587 2264 5654 apud
2298 5583 2686 5655 Joscphum‘ac
2715 5583 3100 5654 Nicephorum,
3130 5583 3385 5638 mendose
3418 5595 3518 5653 pro

1982 5667 2187 5710 σθησιν.

1982 5667 2187 5725 σθησιν.
