3966 6264
433 338 540 397 155

1130 333 1405 393 EUSEBII
1442 333 1922 392 CESARIENSIS
1959 334 2108 391 OPP.
2150 334 2329 390 PARS
2366 332 2406 390 l.
2448 366 2517 379 ——
2555 333 2942 391 HISTORICA.

3563 340 3671 398 156

430 462 595 534 lyma,
637 458 953 515 circumfusi
1009 445 1307 513 inclamare
1338 467 1597 513 adversus
1645 473 1769 513 eum
1811 471 1993 528 caepe-

2100 456 2238 526 ξίφει
2280 457 2376 527 μὲν
2406 456 2706 528 χρήσασθαι
2738 455 3004 522 κωλύσας,
3035 453 3206 521 ξύλοις
3234 456 3291 510 δὲ
3323 459 3501 513 παίειν
3540 460 3669 527 τοὺς

433 567 580 612 runt.
610 553 678 609 At
700 553 791 607 ille
815 552 1165 623 (praeviderat
1187 550 1329 604 enim
1358 550 1643 604 tumultum
1670 549 1881 605 illorum
1912 550 1994 603 t'u-

428 656 608 704 turum
637 664 652 701 :
677 654 842 714 atque
867 643 1071 698 idcirco
1093 650 1332 696 armatos
1357 640 1554 696 milites
1577 640 1788 711 plebeio
1809 641 1994 696 habitu

428 735 760 794 multitudini
792 733 1185 794 immiscuerat,
1234 731 1361 785 dato
1392 730 1471 784 eis
1509 740 1780 800 precepto
1816 741 1874 784 ut
1907 739 1993 784 tu-

428 829 762 884 multuantes
823 840 929 880 non
981 822 1171 893 gladiis
1220 823 1315 883 sed
1351 819 1585 875 fustibus
1639 819 1887 891 ferirent)
1919 821 1997 875 si-

428 935 593 993 gnum
624 933 655 973 e
679 916 929 971 tribunali
961 916 1127 968 dedit.
1150 913 1455 982 Statimque
1476 914 1646 969 Judtei
1675 930 1703 967 a
1734 914 1994 969 militibus

428 1015 578 1077 εκεῖ,
617 1011 809 1080 partim
836 1006 1171 1070 vulneribus,
1210 1005 1405 1073 partim
1440 1005 1758 1076 fugientium
1791 1006 1994 1060 consti-

427 1106 645 1175 patione
677 1101 859 1157 obtriti
893 1100 1125 1169 periere.
1156 1096 1233 1151 Ita
1262 1097 1433 1168 plebs,
1465 1104 1869 1166 peremptorum
1896 1112 1985 1152 ca-

428 1197 673 1251 lamitate
726 1191 1009 1253 deterrita,
1050 1189 1381 1244 clamoribus
1428 1187 1708 1243 abstinuit.
1738 1206 1756 1239 »
1792 1186 1897 1241 Sed
1936 1196 1991 1242 et

428 1289 628 1344 multos
655 1285 790 1340 alios
821 1292 999 1338 motus
1032 1283 1086 1338 in
1121 1283 1305 1337 eadem
1338 1279 1832 1363 Hierosolymorum
1857 1280 1993 1336 civi-

430 1393 538 1438 tate
569 1380 866 1435 concitatos
898 1376 1036 1431 idem
1066 1374 1235 1428 refert
1270 1374 1522 1443 scriptor.
1555 1372 1904 1441 ostenditque
1927 1374 1994 1426 ab

428 1471 521 1526 illo
552 1470 807 1537 deinceps
836 1475 1079 1535 tempore
1103 1471 1157 1517 et
1181 1464 1367 1517 urbem
1392 1474 1445 1516 et
1480 1461 1791 1516 universam
1835 1461 1995 1516 simul

426 1560 664 1618 Judaeam
696 1556 1071 1621 seditionibus,
1117 1554 1293 1619 bellis,
1330 1552 1693 1622 wruinnisque
1720 1553 1995 1607 continuis

428 1651 667 1706 vicissim
712 1647 815 1703 sibi
872 1645 1291 1702 succedentibus
1342 1652 1596 1697 vexatam
1649 1641 1839 1707 fuisse,
1884 1639 1995 1713 ιθ

2097 547 2437 619 κεκραγότας
2470 546 2930 617 ἐγκελευσάμενος
2954 588 2968 612 ,
3014 547 3258 618 σύνθημα
3300 548 3511 603 δίδωσιν
3560 551 3671 605 ἀπὸ

2096 636 2191 690 τοῦ
2218 636 2477 708 βήματος.
2516 637 2854 708 Τυπτόμενοι
2886 637 2939 690 δὲ
2975 638 3023 691 οἱ
3065 638 3323 704 Ἰουδαῖοι,
3358 639 3542 694 πολλοὶ
3569 641 3670 712 μὲν

2098 728 2205 783 ἀπὸ
2254 727 2362 783 τῶν
2401 727 2643 799 πληγῶν,
2685 728 2869 782 πολλοὶ
2899 729 2954 781 δὲ
2992 729 3095 783 ὑπὸ
3123 729 3271 799 σφῶν
3299 730 3477 786 αὐτῶν
3510 733 3569 784 ὲν
3599 734 3666 805 τῇ

2097 822 2242 889 φυγῇ
2277 819 2755 890 καταπατηθέντες
2800 820 3094 874 ἀπώλοντο·
3136 822 3271 893 πρὸς
3303 823 3359 876 δὲ
3386 824 3486 895 τὴν
3530 841 3669 895 συμ-

2100 912 2270 983 φορὰν
2290 910 2397 964 τῶν
2422 912 2778 983 ἀνῃρημένων
2802 912 3149 980 καταπλαγὲν
3174 913 3233 967 τὸ
3258 914 3477 984 πλῆθος,
3511 913 3671 967 ἐσιώ-

2100 1020 2292 1072 πησεν.
2321 1023 2339 1055 ι
2389 1004 2510 1057 Ἐπὶ
2533 1004 2740 1069 τούτοις
2776 1006 2971 1077 μυρίας
3004 1005 3167 1068 ἄλλας
3199 1008 3255 1058 ὲν
3282 1007 3460 1070 αὐτοῖς
3506 1007 3668 1079 Ἱερο·

2101 1092 2351 1164 σολύμοις
2399 1094 2714 1164 κεκινῆσθαι
2757 1096 3171 1166 νεωτεροποιίας
3203 1097 3230 1147 ό
3264 1095 3422 1159 αὐτὸς
3470 1096 3669 1167 ἐμφαί-

2097 1202 2198 1249 νει,
2233 1186 2522 1258 παριστὰς,
2558 1186 2633 1250 ὡς
2666 1186 2915 1258 οὐδαμῶς
2960 1186 3017 1253 ἐξ
3050 1188 3255 1241 ἐκείνου
3298 1187 3531 1241 διέλιπον
3569 1187 3667 1258 τήν

2094 1292 2152 1329 τε
2178 1277 2330 1331 πόλιν
2352 1278 2445 1330 καὶ
2471 1277 2568 1350 τὴν
2608 1277 2863 1331 Ἰουδαίαν
2893 1278 3107 1332 ἃπασαν
3142 1278 3356 1342 στάσεις
3384 1278 3475 1333 xc‘.
3507 1278 3666 1332 πόλει·

2096 1386 2206 1434 μοι,
2242 1369 2336 1422 καὶ
2374 1368 2557 1421 κακῶν
2589 1368 2877 1439 ἐπάλληλοι
2930 1371 3166 1440 μηχαναὶ
3197 1368 3339 1440 (24),
3391 1369 3569 1422 εἰσότε
3606 1369 3668 1424 τὸ

2096 1458 2438 1514 πανύστατον
2482 1461 2515 1531 ἡ
2559 1461 2701 1514 κατά
2752 1462 3155 1515 Οὐεσπασιανὸν
3196 1461 3387 1525 αὐτοὺς
3433 1459 3664 1532 μετῆλθε

2092 1551 2397 1620 πολιορκία.
2445 1552 2727 1618 Ἰουδαίους
2761 1554 2857 1624 μὲν
2887 1550 2999 1618 οὖν,
3029 1548 3104 1607 ὧν
3126 1553 3267 1607 κατὰ
3302 1552 3396 1607 τοῦ
3429 1554 3664 1625 Χριστοῦ

2092 1642 2478 1715 τετολμήκασι,
2510 1643 2683 1718 ταύτῃ
2708 1663 2781 1716 πη
2806 1646 2872 1699 τά
2897 1647 2961 1699 ἐκ
2984 1647 3081 1717 τῆς
3109 1645 3256 1709 Θείας
3282 1645 3468 1717 μετῄει
3487 1646 3662 1718 δίκης.

424 1746 597 1802 donec
636 1743 819 1799 ultima
855 1742 971 1797 illos
1010 1741 1310 1811 imperante
1361 1737 1689 1807 Vespasiano
1721 1737 1907 1793 clades
1962 1739 2256 1794 obsidionis
2307 1742 2593 1810 oppressit.
2646 1742 2758 1797 Hoc
2806 1741 2970 1813 igitur
3018 1743 3177 1797 modo
3220 1744 3402 1798 divina
3451 1741 3664 1812 iustitia

423 1839 639 1899 Judmos
660 1838 730 1895 ob
751 1837 1100 1893 commissum
1127 1822 1386 1889 adversus
1412 1833 1688 1889 Christum
1719 1833 1990 1905 piaculum
2015 1834 2262 1890 insecuta
2299 1845 2404 1891 est.

1029 1927 1255 1983 CAPUT
1296 1928 1405 1983 νη.

524 2065 767 2132 Qualiter
792 2063 1000 2116 Pilatus
1026 2062 1279 2116 violentas
1304 2062 1402 2116 sibi
1432 2078 1618 2117 manus
1642 2064 1895 2119 intulerit.

494 2178 678 2247 Neque
706 2190 834 2230 vero
868 2175 994 2229 illud
1030 2175 1466 2244 praetereundum
1508 2187 1609 2241 est,
1643 2176 1877 2231 Pilatum
1913 2177 1992 2249 ip-

424 2285 542 2326 sum
569 2268 660 2338 qui
696 2268 1040 2323 Servatorein
1075 2277 1318 2321 nostrum
1375 2269 1533 2322 morti
1579 2270 1809 2334 addixit,
1845 2281 1996 2340 post-

426 2360 640 2417 modum
671 2358 975 2426 imperante
1001 2356 1152 2424 Caio,
1188 2359 1339 2426 cujus
1368 2375 1514 2415 nunc
1539 2370 1783 2431 tempora
1808 2377 1994 2433 prose-

422 2454 664 2523 quimur,
690 2455 745 2507 in
779 2462 960 2506 tantas
984 2452 1244 2511 incidisse
1287 2453 1645 2523 calamitates,
1660 2463 1737 2510 out
1764 2468 1991 2511 mortem

421 2546 525 2601 sibi
555 2545 919 2608 consciscere,
950 2558 1279 2615 suorumque
1338 2547 1451 2615 ipse
1492 2546 1763 2602 scelerum
1792 2548 1991 2602 vindex

422 2651 547 2693 esse
580 2646 804 2693 coactus
832 2638 995 2694 fuerit
1020 2656 1034 2693 :
1063 2639 1245 2693 divina
1270 2638 1477 2694 scilicet
1501 2638 1712 2707 justitia
1731 2639 1786 2693 in
1816 2640 1989 2706 illum,

423 2740 484 2784 ut
508 2745 605 2799 par
622 2739 763 2797 erat,
799 2731 1073 2785 saeviente.
1118 2729 1286 2800 quue
1333 2745 1362 2783 a
1392 2728 1600 2785 Graecis
1635 2731 1993 2801 scriptoribus

420 2822 693 2893 proditum
741 2830 844 2888 est,
875 2824 966 2893 qui
999 2823 1361 2895 olympiadnm
1407 2823 1605 2877 seriem
1640 2833 1694 2876 et
1722 2838 1841 2893 quae
1870 2823 1996 2893 qui-

425 2913 633 2985 busque
668 2916 1003 2986 temporibus
1034 2924 1185 2985 gesta
1213 2923 1361 2977 sunt,
1393 2913 1792 2985 conscripsere.

998 3004 1225 3062 CAPUT
1268 3004 1399 3062 Vlll.

585 3142 660 3197 De
690 3140 830 3212 fame
857 3158 974 3212 qua:
1002 3141 1229 3196 Claudio
1256 3142 1546 3211 imperante
1579 3141 1790 3196 accidit.

493 3254 704 3310 Interea
754 3254 914 3318 Caio,
941 3253 1034 3322 qui
1074 3254 1165 3315 vix
1215 3260 1448 3323 quatuor
1501 3254 1657 3309 annis
1695 3253 1989 3324 imperium

424 3354 693 3411 tenuerat,
724 3345 986 3401 Claudius
1027 3345 1324 3413 imperator
1352 3347 1616 3400 succedit.
1650 3347 1817 3416 Cujus
1853 3355 1991 3400 tem-

418 3439 640 3511 poribus
691 3440 1003 3494 universum
1054 3453 1221 3508 prope
1271 3438 1459 3492 orbem
1511 3447 1780 3491 tet-rarum
1818 3438 1987 3494 fames

418 3531 875 3600 oppressit,qnam
898 3530 1116 3600 quidem
1140 3530 1476 3598 scriptoresa
1512 3541 1698 3584 nostra
1734 3531 1994 3600 religione

419 3622 743 3679 alienissimi
770 3623 824 3677 in
849 3622 966 3677 suis
996 3623 1161 3677 etiam
1196 3623 1440 3678 historiis
1470 3630 1991 3678 commeinoraruut.

419 3717 598 3786 Atque
625 3717 697 3769 ita
739 3715 907 3783 Agabi
942 3716 1217 3786 propheta:
1263 3716 1544 3785 prtedictio
1574 3716 1640 3768 de
1674 3713 1995 3768 imminente

422 3808 587 3873 fame.
624 3808 780 3875 cujus
804 3809 857 3861 in
886 3808 1113 3862 Actibus
1140 3808 1504 3876 apostolorum
1531 3805 1589 3860 fit
1624 3806 1849 3870 mentio,
1879 3805 1993 3858 exi-

423 3910 537 3955 tum
564 3902 756 3955 sortita
787 3912 890 3956 est.
917 3902 1184 3957 Cieterum
1219 3900 1397 3956 Lucas
1430 3910 1714 3970 postquam
1747 3900 1814 3953 de
1852 3898 1995 3954 fame

424 3994 514 4049 illa
537 4009 655 4063 quae
678 3995 983 4064 principatu
1016 3993 1223 4049 Claudii
1250 3995 1476 4062 Augusti
1499 3994 1731 4062 contigit
1752 3992 1996 4045 narravit

423 4086 478 4141 in
509 4086 756 4152 Actibus,
794 4086 1100 4153 fratresilue
1141 4085 1444 4141 Antiochia
1508 4087 1769 4154 degentes
1800 4085 1993 4153 stipem

423 4179 629 4233 viritim
662 4179 914 4233 collatam
948 4178 1275 4233 Christianis
1308 4178 1360 4231 in
1395 4177 1578 4233 Iudaea
1604 4176 1999 4231 commoranti-

422 4269 526 4325 bus
562 4287 660 4341 per
698 4270 919 4324 Paulum
954 4279 1008 4323 et
1046 4258 1350 4324 Barnabam
1399 4271 1615 4325 misisse
1647 4268 1851 4333 retulit,
1879 4267 1994 4322 haec

423 4361 676 4432 deinceps
707 4360 951 4430 adjungit
989 4373 1003 4409 :

2623 1932 3020 1987 ΚΕΦΑΛᾹΙΟΝ
3069 1938 3143 1990 Z'.

2107 2022 2202 2088 Ὠς
2228 2021 2326 2075 καί
2356 1992 2613 2099 Πιλᾶτος
2651 2023 2869 2099 ἑαυτὸν
2920 2002 3278 2095 διεχρήσατο
3313 2025 3450 2099 (Nic.
3492 2027 3564 2084 Η.
3594 2026 3663 2084 Ε.

2466 2109 2525 2159 ιι,
2556 2095 2652 2157 t0;
2685 2092 2797 2147 Jos.
2829 2095 2950 2148 Aut.
2976 2092 3127 2161 xviii,
3158 2098 3271 2163 Η).

2163 2185 2278 2238 Ούκ
2331 2186 2544 2253 ἀγνοεῖν
2573 2185 2630 2239 δὲ
2663 2186 2833 2252 ἄξιον,
2861 2186 2935 2251 ὡς
2980 2189 3072 2241 καὶ
3120 2190 3279 2243 αὐτὸν
3325 2191 3531 2245 ἐκεῖνον
3575 2190 3667 2246 τὸν

2092 2276 2185 2329 ἐπὶ
2206 2276 2299 2329 τοῦ
2332 2277 2583 2348 Σωτῆρος
2611 2277 2862 2344 Πιλάτον,
2898 2278 3039 2333 κατὰ
3069 2279 3249 2345 Γάϊον,
3292 2277 3353 2333 οὗ
3383 2281 3508 2345 τοὺς
3541 2282 3668 2353 χρό-

2093 2382 2217 2430 νους
2249 2365 2506 2438 διέξιμεν,
2559 2367 2845 2433 τοσαύταις
2889 2373 3205 2440 περιπεσεῖν
3249 2370 3465 2442 κατέχει
3511 2371 3667 2441 λόγος

2096 2463 2418 2532 συμφοραῖς,
2452 2461 2526 2525 ὡς
2556 2461 2616 2527 ἐξ
2635 2463 2875 2532 ἀνάγκης
2910 2462 3019 2535 (‘25)
3046 2465 3305 2537 φονευτὴν
3334 2464 3525 2519 ἑαυτοῦ
3571 2466 3666 2519 καὶ

2091 2554 2332 2625 τιμωρὸν
2376 2553 2669 2625 αὐτόχειρα
2711 2555 2982 2623 γενέσθαι,
3024 2558 3123 2628 τῆς
3171 2558 3340 2622 θείας,
3369 2559 3443 2622 ὡς
3496 2558 3662 2622 ἔοικε,

2094 2645 2249 2716 δίκης
2281 2647 2379 2699 οὐκ
2402 2648 2483 2710 εἰς
2518 2648 2734 2720 μακρὰν
2767 2649 2929 2701 αὑτὸν
2974 2650 3353 2723 μετελθούσης.
3400 2652 3664 2723 Ἰστοροῦ-

2095 2754 2179 2791 σιν
2220 2738 2483 2810 Ἐλλήνων
2528 2741 2576 2792 οἱ
2631 2739 2729 2803 τὰς
2788 2740 3152 2812 Ὀλυμπιάδας
3199 2741 3313 2815 ἅμα
3355 2745 3468 2808 τοῖς
3524 2741 3677 2797 κατὰ.

2094 2828 2319 2902 χρόνους
2347 2829 2756 2901 πεπραγμένοις
2792 2831 3225 2902 ἀναγράψαντες.

2615 3005 3007 3060 ΚΕΦΑΛΑΙΟΝ
3057 3008 3136 3059 H'.

2093 3100 2229 3169 Περὶ
2254 3098 2360 3153 τοῦ
2404 3098 2553 3153 κατὰ
2573 3098 2874 3221 Κέαιέδιον
2906 3097 3241 3236 1ιχίενρέὶιῗενου
3302 3098 3479 3168 λιμοῦ
3522 3098 3673 3170 (Nic.

2671 3210 2685 3223 .
2767 3208 2780 3221 .
2814 3184 2871 3229 Il,
2978 3209 2992 3230 ,
3132 3209 3143 3220 .

2671 3210 2685 3223 .
2716 3184 2780 3221 ιι.
2814 3184 2871 3229 Il,
2906 3184 2992 3230 τι,
3024 3184 3143 3230 ut).

2174 3261 2332 3315 Ἀλλὰ
2366 3263 2474 3333 γὰρ
2504 3253 2662 3316 Γάϊον
2686 3262 2792 3315 οὐδ’
2826 3262 2965 3326 ὅλοις
2991 3262 3243 3333 τέταρσιν
3269 3263 3411 3315 ἔτεσι
3436 3262 3534 3334 τὴν
3565 3263 3669 3334 ἐερ-

2098 3353 2198 3424 χὴν
2230 3355 2571 3423 κατασχόντα
2613 3354 2749 3426 (9.6),
2799 3354 3063 3418 Κλαύδιος
3107 3353 3458 3427 αὐτοκράτωρ
3489 3353 3666 3408 διαδέ-

2095 3463 2266 3516 χεται.
2299 3444 2434 3498 Καθ’
2456 3445 2514 3498 ὃν
2540 3446 2696 3518 λιμοῦ
2724 3447 2821 3518 τὴν
2847 3446 3167 3517 οίκουμένην
3184 3446 3465 3509 πιέσαντος
3489 3445 3673 3517 (τοῦτο

2095 3537 2151 3590 δὲ
2178 3537 2271 3590 καὶ
2320 3539 2369 3590 οἱ
2406 3538 2595 3609 πόρρω
2644 3537 2736 3591 τοῦ
2785 3538 2906 3591 καθ’
2941 3540 3088 3609 ἡμᾶς
3138 3538 3301 3607 λόγου
3330 3541 3669 3610 συγγραφεῖς

2093 3633 2212 3694 ταῖς
2258 3631 2434 3684 αὐτῶν
2468 3631 2727 3700 ἱστορίαις
2763 3631 3109 3703 παρέδοσανι,
3146 3633 3178 3702 ἡ
3219 3634 3357 3686 κατά
3388 3632 3484 3697 τὰς
3515 3632 3666 3704 Πρά-

2097 3721 2207 3787 ξεις
2229 3722 2334 3775 τῶν
2361 3722 2672 3775 ἀποστόλων
2710 3722 2937 3790 Ἀγάϐου
2966 3724 3242 3793 προφήτου
3268 3725 3394 3796 περὶ
3420 3724 3513 3777 τοῦ
3540 3724 3669 3795 μὲλ-

2096 3811 2207 3864 λειν
2240 3811 2456 3865 ἔσεσθαι
2494 3810 2651 3881 λιμὸν
2680 3813 2765 3880 ἐφ’
2798 3811 2925 3883 ὅλην
2970 3811 3066 3882 τὴν
3106 3814 3447 3885 οἰκουμένην,
3493 3814 3669 3886 πέρας

2098 3904 2367 3975 ἐλάμϐανε
2403 3904 2724 3977 πρόρρησις.
2770 3905 2871 3957 Τὸν
2918 3904 2973 3958 δὲ
3018 3905 3160 3959 κατά
3198 3905 3462 3960 Κλαύδιον
3510 3906 3669 3977 λιμὸν

2097 3996 2572 4068 ἐπισημηνάμενος
2603 3997 2660 4048 ἐν
2685 3998 2804 4060 ταῖς
2834 3996 3099 4066 Πράξεσιν
3131 3998 3160 4049 ό
3194 3999 3423 4062 Λουκᾶς,
3453 3999 3669 4070 ἱστορή-

2100 4107 2197 4153 σας
2231 4106 2309 4153 τε,
2340 4088 2415 4153 ὡς
2446 4089 2553 4161 ἄρα
2584 4086 2672 4141 διὰ
2723 4088 2935 4142 Παύλου
2979 4090 3379 4159 καΓΒαρνάϐα
3425 4092 3473 4143 oi
3524 4091 3666 4144 κατά

2111 4180 2441 4250 Ἀντιόχειαν
2480 4180 2699 4248 ἀδελφοὶ
2743 4182 2856 4243 τοῖς
2888 4182 3025 4235 κατά
3075 4181 3172 4252 τὴν
3210 4181 3468 4234 Ἰουδαίαν
3500 4182 3556 4248 ἐξ
3590 4175 3669 4234 ὧν

2098 4269 2322 4334 ἕκαστος
2347 4271 2573 4345 ηὐπόρει
2609 4271 3041 4343 διαπεμψάμενοι
3067 4268 3228 4344 ἦσαν,
3282 4272 3530 4343 ἐπιφέρει
3578 4271 3666 4325 λέ-

2097 4379 2225 4431 γων-

494 4457 607 4540 (24)
633 4456 843 4540 Κα-κῶν
866 4457 1499 4580 ἐςπάλλῃλοςᾷιηχαναί.
1526 4457 1581 4512 ln
1613 4460 1797 4512 codice
1826 4459 1993 4527 Regio

494 4540 685 4580 nutum
717 4544 892 4580 iuveni
939 4545 1126 4580 κακων
1154 4543 1187 4580 α
1252 4528 1539 4580 επάλληλοι
1576 4529 1832 4580 μηναναί.
1864 4529 1992 4580 Ome

2104 4475 2279 4514 mores
2303 4462 2517 4531 egregie
2546 4462 2807 4517 describit
2832 4460 3070 4525 Agrippa
3101 4470 3196 4509 rex
3221 4453 3359 4521 apud
3385 4450 3664 4505 Philonem

2100 4538 2146 4580 in
2181 4530 2457 4580 Leaalione
2479 4532 2547 4580 nd
2575 4531 2763 4580 Caium
2791 4551 2808 4580 .-
2834 4528 2942 4580 Ἦν
2965 4529 3073 4580 γὰο
3100 4526 3197 4580 τὴν
3216 4524 3375 4580 φύσιν
3408 4519 3664 4580 ἀκαμπὴς

422 4527 686 4598 scriptum
717 4529 892 4583 iuveni
939 4527 1126 4600 κακῶν
1154 4527 1539 4598 ἀλλεπάλληλοι
1575 4529 1832 4600 μηχαναί.
1864 4529 1992 4594 Qua:

421 4597 698 4668 scriptura
755 4599 1028 4655 nonnullis
1085 4597 1318 4653 fortasse
1380 4597 1804 4667 placitu'raest.
1864 4600 1990 4652 liam

426 4680 605 4728 tamen
655 4685 843 4725 vocem
890 4669 1017 4724 alibi
1066 4669 1243 4740 legere
1289 4684 1393 4740 non
1433 4670 1684 4740 memini;
1740 4672 1994 4740 necseio

424 4753 610 4797 utrum
664 4742 852 4798 Crtece
898 4740 1004 4796 dici
1061 4737 1234 4811 possit
1269 4737 1656 4811 ἀλλεπάλληλοι
1700 4755 1799 4811 pro
1837 4738 1992 4793 ἄλλαι

424 4812 511 4870 tu’
540 4811 744 4876 ἄλλαις.
803 4812 1135 4882 Nicepliorus
1172 4826 1324 4882 vero
1373 4827 1470 4879 pro
1512 4810 1995 4882 rillisgngsebiauis

466 4897 545 4936 ua:
572 4883 724 4937 initio
752 4879 1049 4952 posuimus,
1079 4881 1266 4936 maluit
1296 4883 1474 4936 dicere
1506 4879 1797 4950 ἐπάλληλοι
1823 4897 1993 4952 προσ-

426 4898 545 5006 gum
572 4898 724 4937 lttlllO
752 4898 1049 4952 posuimus,
1079 4898 1266 4936 maluit
1296 4898 1474 4936 uicere
1506 4898 1797 4950 επαΛΑηΑοι
1823 4898 1993 4955 προσ-

464 4952 615 5020 ολαί,
663 4955 805 5021 quod
860 4952 1049 5021 scholii
1084 4953 1256 5007 instar
1288 4968 1407 5008 esse
1437 4959 1618 5021 potest
1655 4953 1724 5005 ad
1759 4953 1995 5019 esplica-

430 5026 628 5078 tionem
663 5020 948 5077 verborum
982 5020 1221 5076 Eusebii.

500 5092 610 5163 (ἓὸ)
658 5095 752 5159 Ὡς
805 5092 874 5156 ἐξ
898 5091 1185 5161 ἀνάγκης.
1244 5092 1298 5147 Id
1335 5102 1412 5149 est
1448 5108 1555 5160 pra:
1612 5092 1991 5159 desperatione.

430 5161 615 5219 Potest
643 5166 807 5216 etiam
841 5163 975 5215 alius
997 5176 1119 5216 eSse
1149 5178 1338 5217 sensus
1367 5165 1562 5217 horum
1593 5167 1897 5219 verborum.
1936 5174 1992 5214 ut

429 5232 634 5290 Scilicet
672 5232 874 5286 Pilatus
899 5230 1053 5299 jussu
1092 5233 1352 5301 principis
1383 5232 1485 5286 sibi
1525 5244 1754 5287 mortem
1785 5234 1995 5285 consci-

431 5305 590 5358 verit.
628 5301 718 5357 Sic
749 5303 889 5356 cnini
915 5302 1106 5356 saavire
1136 5311 1260 5355 tunc
1309 5302 1553 5357 solebant
1583 5302 1853 5371 principes
1888 5302 1995 5355 lto-

435 5374 602 5437 mani,
640 5383 699 5425 ut
731 5374 797 5427 de
836 5372 1086 5426 Macrone
1130 5372 1294 5427 tradit
1342 5371 1627 5441 Iosephus.
1685 5374 1790 5425 Sed
1849 5372 1997 5441 prior

432 5444 726 5510 explicatio
762 5442 1094 5512 praeferenda
1127 5451 1232 5506 est,
1266 5445 1462 5513 quippe
1500 5458 1627 5513 qum,
1651 5443 1996 5508 praecedenti-

435 5514 537 5569 bus
582 5513 794 5567 Eusebii
845 5514 1024 5567 verbis
1065 5513 1236 5581 magis
1286 5512 1556 5582 congruit.
1618 5512 1683 5565 Et
1734 5522 1993 5579 praeterea

433 5584 785 5637 conﬁrmatur
809 5599 871 5634 ex
900 5582 1180 5635 Chronico.
1211 5583 1304 5637 Sic
1339 5585 1482 5638 enim
1517 5584 1587 5636 ibi
1614 5582 1802 5636 scribit
1835 5596 1850 5633 :
1888 5584 1997 5633 An-

437 5669 505 5707 tto
540 5654 692 5705 tertio
725 5649 840 5705 Caii
871 5650 1126 5721 Caligula:
1176 5650 1397 5706 Pontius
1430 5651 1658 5714 Pilatus,
1710 5654 1764 5703 in
1803 5652 1994 5721 multus

437 5723 671 5777 incidens
721 5720 1082 5786 calamitates,
1154 5725 1368 5791 propria
1414 5739 1469 5777 se
1520 5738 1679 5791 manu
1714 5720 1990 5791 interﬁcit.

436 5791 684 5849 Scribant
733 5792 1093 5847 Romanorum
1130 5789 1384 5851 historian
1436 5791 1607 5849 Porro
1644 5789 1803 5846 Pilati
1833 5791 1993 5861 hujus

2094 4538 2146 4588 in
2181 4519 2457 4598 Legatione
2479 4532 2547 4583 ad
2575 4531 2763 4585 Caium
2790 4551 2808 4589 :
2834 4519 2942 4584 Ἦν
2965 4519 3073 4599 γὰρ
3100 4519 3375 4599 τὴνφύσιν
3408 4519 3669 4599 άκαμπὴς

2094 4603 2188 4659 καὶ
2218 4595 2354 4674 μετά
2400 4601 2494 4654 τοῦ
2536 4601 2800 4666 αὐθάδους
2834 4595 3167 4674 ἀμείλικτος.
3203 4596 3268 4674 itit
3297 4595 3456 4674 paulo
3493 4602 3626 4673 μυθε-
3647 4610 3663 4646 :

2095 4667 2502 4744 Καταδείσαντα
2559 4673 2631 4744 μὴ
2663 4674 2757 4726 καὶ
2815 4667 2913 4744 τῆς
2964 4670 3128 4744 ἄλλης
3150 4667 3325 4744 αὐτοῦ
3368 4667 3669 4744 ἐπιτροπῆς

2094 4743 2409 4811 ἐξελέγξωσι
2440 4743 2539 4806 τὰς
2559 4733 2922 4813 δίυροδοκίαξ,
2959 4740 3067 4813 ,τὰς
3087 4733 3308 4813 ὕδρεις,
3364 4733 3462 4813 τὰς
3493 4734 3669 4813 άρπατ

2093 4801 2214 4884 γᾶς,
2254 4801 2357 4884 Eat;
2402 4801 2603 4877 αἰκίας,
2642 4801 2740 4876 τὰς
2775 4801 3062 4884 ἐπηρείας,
3095 4801 3222 4884 τούς
3256 4801 3666 4884 ’ἀκρίτουςλκαὶ

2094 4872 2426 4955 ἐπαλλήλους
2449 4872 2661 4955 φόνόύς,
2703 4872 2802 4955 τὴν
2826 4872 3084 4955 ἀνήνυτον
3125 4878 3218 4932 καὶ
3245 4872 3682 4955 ἀργαλεωτάτην

2093 4946 2353 5027 ὠμότητα
2397 4946 2774 5027 διεξελθόντεςξ
2831 4946 2926 5007 Εί
2949 4950 3143 5020 quibus
3175 4946 3423 5027 cognosci
3461 4952 3662 5027 potest,

2095 5011 2295 5094 quanta
2330 5011 2836 5096 fuerit'iuimauitas
2866 5011 3029 5096 atque
3050 5011 3316 5096 atrocitas
3339 5015 3516 5096 Pilati.
3568 5011 3666 5096 fast

2097 5082 2199 5150 hoc
2224 5103 2373 5149 certe
2405 5094 2613 5149 illustre
2639 5082 3004 5147 testiinonium
3036 5089 3305 5158 Agrippae,
3341 5086 3430 5155 qui
3459 5082 3662 5158 ﬂagitia

2097 5168 2269 5236 ipsius
2296 5163 2453 5219 Pilati
2477 5165 2648 5236 oculis
2675 5165 2792 5236 suis
2805 5153 3181 5236 spectaverat.
3208 5155 3249 5209 Τ
3256 5153 3390 5236 alem
3421 5153 3669 5236 profecto

2096 5227 2276 5291 decuit
2319 5248 2440 5307 esse
2493 5235 2725 5307 iudicem
2781 5227 2967 5307 illum,
3018 5245 3047 5285 a
3097 5243 3203 5296 quo
3247 5227 3664 5307 damnatuaest

2094 5308 2357 5361 Christus.
2410 5291 2587 5358 Imiuit
2629 5312 2808 5357 autem
2838 5291 3056 5374 ibidem
3110 5291 3200 5352 rex
3227 5291 3662 5374 ‘Agrippa,P_ila-

2098 5388 2207 5430 tum
2239 5374 2352 5445 jam
2392 5386 2497 5429 tum
2528 5383 2798 5445 mortuum
2822 5371 3019 5445 fuisse,
3059 5385 3187 5445 cum
3225 5361 3344 5445 ipse
3369 5361 3661 5445 epistolam

2097 5435 2372 5514 illam'pro
2399 5445 2598 5499 .Iudzeis
2644 5444 2710 5514 ad
2742 5443 2929 5497 Caium
2962 5435 3256 5514 seriberet.
3306 5435 3479 5491 Verba
3514 5437 3659 5514 enim

2096 5518 2183 5588 illa
2213 5506 2287 5588 ἦν’
2311 5515 2421 5587 γὰρ
2468 5513 2751 5588 ἀκαμπής,
2795 5523 2925 5588 etc,
2963 5510 3174 5566 nonnisi
3204 5510 3272 5563 de
3313 5517 3526 5561 mortuo
3549 5506 3659 5575 jam

2096 5585 2272 5641 Pilato
2297 5585 2399 5639 dici
2428 5601 2590 5655 posse
2616 5586 2742 5637 inihi
2776 5585 3047 5655 videntur.
3117 5648 3137 5655 _
3287 5647 3319 5655 __
3568 5653 3575 5655 _
3618 5643 3629 5655 .

2166 5656 2279 5727 (26)
2313 5647 2649 5724 Τὴν-’ἀρχὴν
2688 5652 3088 5727 κατασχόντα.
3117 5648 3173 5702 1η
3212 5647 3407 5727 _tribus
3462 5647 3667 5701 nostris

2098 5718 2384 5784 codicibus“
2400 5718 2656 5797 scriptum
2688 5725 2865 5781 inveni
2884 5718 3346 5790 διακατασχόντα.
