3966 6264
260 295 356 353 {Gl

1314 302 1666 361 HISTORIE
1704 304 2264 366 ECCLESIASTICIE
2303 310 2432 369 LIB.
2474 312 2538 371 ll.

3435 329 3537 386 162

258 413 436 470 θανεῖν
480 415 815 489 ἀπάγομαι.
866 420 1092 475 Λεκτέον
1145 421 1201 475 δὲ
1262 423 1361 494 τὴν
1410 421 1856 501 πεπρωμένην,ᾖ

1968 439 2064 493 ιιο,
2097 431 2532 505 quandoquidem
2563 434 2643 492 sic
2678 435 2789 493 Deo
2826 438 3004 494 visum
3036 448 3140 496 est.
3172 440 3356 513 Neque
3388 447 3537 502 enim

261 506 388 573 Θεδς
426 506 789 580 βεϐούληται.
828 514 941 566 Καὶ
974 514 1083 585 γὰρ
1107 514 1450 587 βεϐιώκαμεν
1477 517 1690 590 οὐδαμῆ
1725 519 1862 589 φαύ-

266 601 387 665 λως,
418 600 653 655 ἀλλ’ὲπὶ
686 604 794 675 τῆς
839 607 1282 679 μακαριζομένης
1309 608 1692 682 λαμπρότητος
1725 611 1858 682 (54).

274 691 446 746 Ταῦτα
478 691 538 745 δὲ
570 691 781 760 λέγων,
819 697 1068 751 ἐπιτάσει
1116 698 1218 767 τῆς
1249 699 1441 771 ὀδύνης
1488 705 1856 757 κατεπονεῖτο.

276 780 420 836 Μετὰ
464 784 719 854 σπουδῆς
765 781 862 839 οὖν
912 788 994 851 είς
1024 788 1086 841 τὸ
1131 788 1400 858 βασίλειον
1444 791 1731 864 ἐκομίσθη,
1766 793 1862 846 καὶ

274 872 447 942 διῆλθε
479 872 648 942 λόγος
681 877 765 940 είς
796 879 1024 943 πάντας,
1057 880 1133 943 ὡς
1171 881 1282 953 ἔχοι
1334 881 1424 936 τοῦ
1472 883 1722 939 τεθνάναι
1749 884 1860 958 (55)

275 965 590 1019 παντάπασι
616 968 737 1038 μετ’
759 968 960 1038 ὀλίγον.
1012 972 1077 1024 Ἠ
1108 971 1316 1045 πληθὺς
1337 973 1383 1026 δ’
1411 975 1611 1029 αὐτίκα
1644 977 1739 1031 σὺν
1764 993 1863 1046 γυ-

272 1055 412 1121 ναιξὶ
439 1057 542 1111 καὶ
560 1059 755 1113 παισὶν
784 1061 879 1114 ἐπὶ
921 1062 1120 1116 σάκκον
1154 1062 1478 1119 καθεσθεῖσα
1512 1066 1623 1137 (⁸56)
1656 1066 1734 1137 τῷ
1758 1084 1862 1121 πα-

273 1148 405 1220 τρίῳ
446 1149 626 1222 νόμῳ,
667 1151 761 1206 τὸν
804 1152 938 1206 Θεὸν
984 1154 1222 1208 ἱκέτευον
1263 1155 1402 1228 ὑπὲρ
1446 1155 1540 1209 τοῦ
1577 1155 1859 1227 βασιλέως,

271 1238 522 1310 οἰμωγῆς
554 1257 615 1293 τε
651 1241 809 1295 πάντ’
841 1238 910 1313 ἦν
938 1243 1190 1298 ἀνάπλεω
1216 1246 1307 1299 καὶ
1333 1245 1565 1317 θρήνων.
1610 1246 1697 1300 Ἐν
1726 1248 1864 1320 ὑψη-

272 1330 349 1400 λῷ
371 1330 417 1383 δ’
457 1332 489 1384 ὁ
540 1330 797 1403 βασιλεὺς
845 1334 1101 1406 δωματίῳ
1140 1338 1555 1408 κατακείμενος,
1586 1338 1680 1393 καὶ
1710 1340 1862 1394 κάτω

276 1421 490 1493 βλέπων
518 1424 718 1488 αὐτοὺς
748 1429 975 1495 πρηνεῖς
1003 1427 1468 1498 προσπίπτοντας,
1494 1429 1734 1501 ἄδακρυς
1751 1429 1860 1484 οὐδ’

276 1515 438 1578 αὐτος
462 1514 681 1586 ἔμενεν.
730 1517 976 1588 Συνεχῶς
1003 1519 1049 1573 δ’
1074 1520 1157 1589 ἐφ’
1185 1520 1398 1593 ἡμέρας
1423 1521 1583 1575 πέντε
1637 1522 1715 1593 τῷ
1764 1524 1863 1595 τῆς

276 1605 517 1677 γαστρὸς
546 1606 1202 1680 ἁλγήματιδιεργασθεὶς,
1228 1609 1317 1663 τὸν
1345 1609 1455 1680 βίον
1469 1611 1859 1684 κατέστρεψεν,

276 1698 383 1751 ἀπὸ
409 1699 685 1766 γενέσεως
715 1700 863 1768 ἄγων
896 1702 1259 1771 πεντηκοστὸν
1289 1701 1409 1766 ἔτος
1442 1705 1538 1756 καὶ
1577 1704 1857 1777 τέταρτον,

1964 519 2105 574 male
2131 531 2188 575 et
2224 522 2431 592 abiecte
2462 526 2719 597 viximus,
2752 533 2845 585 sed
2873 531 2928 585 in
2965 546 3031 588 eo
3060 532 3352 603 splendore
3373 552 3536 607 quem

1962 611 2213 669 homines
2240 614 2729 675 fortunatissimum
2759 621 3098 681 existimant.
3133 624 3257 682 Haec
3287 642 3409 684 cum
3447 630 3537 686 dia-

1963 712 2132 769 ceret,
2174 718 2502 777 augescente
2548 709 2764 766 interim
2797 712 2851 767 vi
2902 714 3108 771 doloris
3154 720 3533 788 torquebatur.

1961 792 2127 849 Ocius
2167 809 2296 867 ergo
2326 798 2376 851 in
2426 799 2687 868 palatium
2730 802 2939 859 delatus
2981 820 3104 861 eum
3146 818 3310 876 esset,
3348 826 3538 867 rumor

1962 891 2221 944 continuo
2255 904 2354 960 per
2375 890 2562 946 urbem
2595 906 2818 963 sparsus
2840 903 2946 963 est,
2970 910 3157 965 regem
3200 899 3252 952 in
3297 901 3537 957 maximo

1962 979 2090 1034 vitae
2117 981 2432 1036 discrimine
2452 983 2680 1040 versari.
2705 983 3009 1056 Statimque
3035 987 3188 1058 plebs
3213 991 3392 1046 omnis
3412 1007 3534 1048 curn

1962 1073 2226 1128 uxoribus
2258 1083 2313 1128 et
2343 1072 2556 1142 liberis,
2595 1077 2783 1132 stratis
2823 1078 3020 1136 ciliciis
3061 1096 3213 1137 more
3239 1083 3424 1151 patrio
3451 1098 3538 1139 se-

1963 1163 2096 1219 dens
2136 1161 2305 1218 Deum
2333 1180 2431 1235 pro
2487 1166 2661 1223 salute
2688 1170 2835 1242 regis
2858 1172 3187 1227 obsecravit.
3226 1171 3363 1228 Tota
3403 1175 3535 1229 urbs

1961 1253 2163 1321 eiulatu
2194 1269 2257 1310 ac
2288 1255 2546 1312 lamentis
2571 1264 2919 1328 personabat.
2950 1261 3068 1318 Res
3088 1277 3219 1319 vero
3242 1264 3297 1319 in
3321 1265 3541 1322 excelso

1962 1347 2198 1416 quodam
2221 1347 2420 1403 solario
2457 1350 2810 1419 decumbens,
2839 1369 2960 1408 eum
2985 1368 3081 1409 eos
3105 1355 3250 1409 humi
3292 1364 3539 1426 prostra-

1964 1446 2046 1492 tos
2072 1453 2139 1493 ex
2167 1437 2276 1494 alto
2311 1444 2673 1511 proSpiceret,
2708 1458 2777 1499 ne
2820 1444 2936 1515 ipse
2967 1444 3183 1514 quidem
3230 1455 3539 1516 temperare

1962 1531 2135 1598 potuit
2163 1547 2192 1585 a
2239 1532 2524 1604 lacrymis.
2557 1534 2795 1589 Tandem
2834 1539 3111 1593 continuis
3157 1553 3252 1608 per
3294 1539 3541 1608 quinque

1961 1621 2080 1678 dies
2118 1626 2324 1679 ventris
2366 1625 2651 1682 doloribus
2697 1627 2977 1683 confectus
3021 1629 3187 1682 vitam
3244 1627 3402 1694 finiit,
3444 1644 3538 1684 an—

1964 1729 2090 1767 num
2131 1731 2296 1786 agens
2334 1717 2516 1773 celatis
2571 1727 2828 1787 quartum
2880 1729 2934 1775 et
2997 1722 3531 1791 quinquagesimum,

276 1789 375 1858 τῆς
432 1788 493 1842 δέ
544 1788 820 1860 βασιλείας
876 1790 1121 1861 ἕϐδομον.
1167 1794 1450 1867 Τέσσαρας
1494 1796 1591 1866 μὲν
1628 1793 1720 1851 οὖν
1765 1798 1856 1850 ἐπὶ

1965 1805 2115 1873 regni
2147 1820 2275 1860 vero
2306 1808 2614 1876 septimum.
2642 1808 2776 1862 Nam
2803 1810 2979 1878 primo
3018 1788 3241 1880 quidem
3276 1812 3375 1865 sub
3403 1811 3540 1866 Caio

274 1881 314 1935 Γ
317 1884 437 1936 αἳου
488 1882 773 1953 Καίσαρος
809 1880 1158 1936 ἐϐασίλευσεν
1192 1886 1493 1950 ἐνιαυτοὺς,
1538 1886 1639 1956 τῆς
1671 1887 1862 1943 Φιλίπ-

276 1988 378 2024 που
418 1973 523 2042 μὲν
557 1972 887 2045 τετραρχίας
923 1977 999 2039 είς
1032 1976 1269 2048 τριετίαν
1301 1974 1492 2048 ἄρξας,
1523 1976 1598 2048 τῷ
1618 1980 1862 2051 τετάρτῳ

275 2063 331 2116 δὲ
362 2065 460 2117 καὶ
492 2064 597 2138 τὴν
619 2065 855 2138 Ἡρώδου
896 2067 1293 2139 προσειληφὼς,
1327 2072 1474 2142 τρεῖς
1513 2070 1555 2123 δ’
1591 2070 1862 2125 ἐπιλαϐὼν

276 2156 373 2225 τῆς
402 2155 677 2209 Κλαυδίου
711 2158 987 2229 Καίσαρος
1007 2158 1454 2229 αὐτοκρατορίας.
1491 2176 1510 2209 ›
1551 2158 1736 2213 Ταῦτα
1773 2159 1863 2214 τὸν

287 2247 550 2317 Ἰώσηπον
581 2247 720 2319 μετὰ
745 2249 852 2301 τῶν
874 2249 1045 2302 ἄλλων
1075 2250 1195 2312 ταῖς
1223 2247 1393 2312 θείαις
1430 2249 1859 2322 συναληθεύοντα

274 2341 526 2413 Γραφαῖς
561 2341 956 2413 άποθαυμάζω.
989 2342 1052 2394 Εἰ
1093 2339 1149 2394 δέ
1181 2341 1308 2412 περὶ
1335 2340 1434 2413 τὴν
1472 2340 1566 2395 τοῦ
1599 2341 1861 2412 βασιλέως

275 2433 657 2504 προσηγορίαν
680 2432 850 2499 δόξειέ
882 2450 990 2486 τισι
1033 2432 1340 2502 διαφωνεῖν,
1368 2430 1482 2486 ἀλλ’
1516 2433 1544 2485 ὅ
1568 2450 1631 2502 γε
1669 2433 1862 2505 χρόνος

275 2526 370 2579 καὶ
394 2529 428 2597 ή
460 2525 665 2597 πρᾶξις
697 2528 787 2579 τὸν
820 2524 980 2578 αὐτὸν
1004 2525 1133 2579 ὄντα
1153 2525 1440 2590 δείκνυσιν,
1476 2526 1594 2596 ἦτοι
1628 2527 1769 2580 κατά
1807 2543 1861 2579 τι

276 2618 503 2688 σφάλμα
523 2617 794 2689 γραφικόν
825 2616 1224 2688 ἐνηλλαγμὲνου
1256 2616 1350 2669 τοῦ
1380 2616 1659 2687 ὀνόματος,
1694 2617 1728 2689 ἢ
1766 2618 1861 2672 καὶ

271 2707 579 2780 διωνυμίας
610 2709 736 2780 περὶ
768 2708 948 2775 αὑτὸν,
978 2702 1062 2762 οἷα
1110 2708 1205 2762 καὶ
1255 2709 1385 2781 περὶ
1443 2708 1670 2774 πολλοὺς
1698 2727 1861 2779 γεγε-

274 2801 541 2871 ημηφ

1959 1894 2174 1967 chsare
2220 1906 2453 1966 quatuor
2493 1899 2649 1953 annis
2682 1912 3028 1968 regnaverat,
3063 1900 3294 1972 Philippi
3348 1911 3543 1955 tetras-

1961 1984 2078 2038 cltia
2102 1985 2300 2053 potitus
2317 2003 2412 2055 per
2432 1990 2744 2043 triennium.
2770 1989 2898 2045 lude
2922 2005 3064 2045 anno
3086 2000 3281 2060 quarto
3305 1988 3533 2044 Herodis

1960 2091 2179 2146 quoque
2210 2081 2561 2134 tetrarchiam
2592 2082 2877 2148 regendam
2923 2086 3155 2151 accepit.
3189 2081 3383 2137 Postea
3407 2098 3537 2138 vero

1963 2168 2263 2237 principatu
2290 2168 2497 2224 Claudii
2516 2173 2741 2242 Augusti
2767 2183 2876 2227 tres
2899 2172 3122 2227 ultimos
3147 2173 3299 2244 regni
3316 2172 3398 2228 sui
3415 2189 3543 2229 ese-

1960 2259 2037 2327 git
2084 2274 2273 2314 annos.
2298 2279 2316 2312 ι
2344 2260 2456 2332 49
2487 2262 2610 2317 Haec
2647 2262 2913 2333 Iosephus
2943 2248 3038 2318 z'in
3081 2265 3280 2333 quibus
3307 2265 3541 2333 perinde

1961 2360 2027 2399 ac
2061 2345 2112 2400 in
2141 2348 2375 2413 creteris,
2409 2351 2570 2405 lidetn
2604 2351 2749 2406 illius
2782 2369 3114 2423 magnopere
3149 2353 3407 2420 admiror,
3438 2355 3532 2425 qui

1962 2451 2085 2492 cum
2104 2440 2276 2495 sacris
2295 2441 2496 2496 litteris
2516 2441 2569 2495 in
2594 2443 2828 2496 veritate
2850 2445 3122 2498 narranda
3145 2444 3278 2498 adeo
3306 2459 3533 2499 consen-

1964 2528 2080 2584 tiat.
2119 2530 2274 2597 Quod
2301 2532 2345 2587 si
2381 2533 2436 2586 in
2468 2533 2615 2602 regis
2640 2533 2865 2589 nomine
2883 2535 3195 2604 discrepare
3212 2536 3531 2604 quibusdam

1966 2619 2199 2686 videtur,
2231 2621 2491 2692 temporis
2524 2632 2700 2676 tamen
2737 2624 2873 2678 ratio
2905 2633 2957 2679 et
3001 2639 3091 2679 res
3129 2624 3241 2692 ipsa
3282 2626 3530 2679 eumdem

1966 2724 2086 2765 esse
2117 2712 2437 2779 confirmat;
2481 2714 2614 2769 adeo
2649 2721 2707 2768 ut
2736 2714 2819 2769 vel
2857 2729 3052 2769 nomen
3081 2715 3211 2770 vitio
3246 2717 3542 2787 scripturn

1967 2804 2322 2872 depravatum
2363 2821 2488 2863 esse
2531 2815 2814 2877 oporteat,
2848 2807 2936 2862 vel
2976 2816 3123 2862 certe
3166 2822 3345 2879 regem
3388 2807 3540 2864 hunc

277 2895 477 2965 duplici
518 2896 741 2950 nomine
774 2895 1098 2965 appellatum
1138 2893 1326 2961 fuisse,
1358 2896 1502 2965 quod
1537 2904 1593 2952 et
1621 2894 1862 2966 pluribus
1883 2896 2003 2955 aliis
2027 2901 2271 2973 contigit.

804 2992 1197 3045 ΚΕΦΑΛΑΙΟΝ
1236 2992 1341 3046 IA’.

277 3083 414 3151 napi
444 3080 640 3138 Θευδᾶ
665 3081 771 3137 τοῦ
803 3083 1032 3206 refici,
1059 3081 1318 3222 καίίῧῦν
1347 3081 1470 3138 σὺν
1522 3082 1685 3149 αὐτῷ
1723 3082 1863 3156 (Nic.

923 3193 936 3206 .
1018 3191 1036 3207 .
1072 3168 1134 3215 ll,
1260 3189 1276 3206 .

923 3193 936 3206 .
966 3168 1036 3207 ιι.
1072 3168 1134 3215 tt,
1165 3168 1276 3215 ιι).

359 3243 515 3295 Ἐπεὶ
543 3242 601 3295 δέ
627 3243 787 3297 πάλιν
813 3244 841 3296 ὁ
862 3244 1077 3305 Λουκᾶς
1103 3245 1160 3296 ἐν
1189 3246 1307 3306 ταῖς
1333 3242 1604 3315 Πράξεσιν
1650 3245 1859 3313 εἰσάγει

276 3335 366 3388 τὸν
390 3334 680 3405 Γαμαλιὴλ
707 3337 764 3389 ἐν
794 3338 857 3405 τῇ
889 3334 1017 3405 περὶ
1042 3334 1149 3387 τῶν
1182 3335 1496 3389 ἀποστόλων
1528 3335 1720 3406 σκέψει
1763 3335 1852 3390 λέ-

286 3440 471 3490 γοντα,
507 3424 585 3487 ὡς
617 3424 727 3495 ἄρα
756 3424 1011 3485 κατὰιτὸν
1041 3422 1362 3495 δηλούμενον
1406 3425 1595 3498 χρόνον
1622 3426 1733 3497 (57)
1764 3427 1856 3480 ἁν-

284 3515 413 3587 ἐστη
441 3515 672 3579 Θευδᾶς,
716 3516 886 3583 λέγων
921 3516 1111 3569 ἑαυτὸν
1130 3514 1264 3570 εἷναί
1291 3535 1412 3571 τινα
1453 3518 1532 3589 (ὃς
1564 3518 1857 3591 κατελύθη,

279 3608 371 3661 καὶ
418 3608 623 3671 πάντες
646 3609 757 3661 ὅσοι
801 3608 1075 3661 ἐπείθοντο
1116 3608 1264 3680 αὐτῷ
1306 3608 1650 3680 διελύθησαν)
1680 3626 1695 3643 ο
1721 3610 1854 3682 φέρε

280 3702 373 3754 καὶ
397 3701 499 3772 τὴν
525 3700 650 3772 περὶ
676 3699 866 3753 τούτου
898 3699 1267 3771 παραθώμεθα
1288 3700 1381 3754 τοῦ
1419 3700 1683 3773 Ἰωσήπου
1714 3719 1855 3773 γρα-

350 3838 461 3907 (δι)
493 3836 975 3906 Μακαριζομένης
1007 3839 1442 3907 λαμπρότητος.
1495 3838 1571 3893 Es
1620 3838 1856 3907 Josepho

282 3924 345 3962 ac
375 3908 682 3980 _Nicephuru
729 3923 825 3975 pro
877 3910 1293 3979 μακαριότητος,
1352 3910 1682 3980 restituimus
1719 3908 1856 3980 λαμ-

283 3978 572 4050 πρότητος,
603 3987 764 4050 atque
792 3978 1151 4050 llilfSCI‘ipltllll
1172 3978 1344 4050 habet
1370 3982 1538 4033 Codex
1571 3978 1709 4050 Fuk.

351 4048 464 4117 (55)
507 4048 598 4113 Ὡς
618 4047 747 4115 ἔχοι
767 4047 875 4101 τοῦ
898 4047 1197 4102 τεθνάναι.
1258 4049 1313 4102 In
1366 4050 1596 4118 vulgatis
1638 4047 1857 4117 Josephi

281 4120 611 4190 etlitionibus
635 4128 787 4171 deest
805 4119 1085 4177 articulus,
1100 4189 1106 4190 γ
1115 4118 1259 4190 quod
1285 4120 1456 4186 magis
1485 4119 1677 4190 probo.
1696 4120 1849 4190 Ἔχοι

285 4190 444 4259 igitur
495 4189 727 4255 positum
775 4198 857 4241 est
887 4204 983 4256 pro
1044 4186 1248 4259 μέλλοι,
1309 4186 1493 4259 quam
1524 4186 1848 4259 locutionem

282 4258 490 4313 Galiica
521 4259 705 4326 lingua
729 4261 1022 4310 etiamnum
1048 4257 1267 4311 retinet.
1296 4257 1447 4323 Quod
1481 4259 1524 4311 si
1556 4258 1843 4312 articulum

284 4329 525 4382 retinere
550 4327 826 4390 malueris,
884 4340 941 4380 ut
980 4329 1030 4381 in
1054 4328 1307 4381 omnibus
1334 4330 1532 4383 nostris
1569 4328 1844 4396 exempla-

284 4398 436 4453 ribus
486 4400 717 4467 etgapud
765 4398 1121 4467 Nicephorum
1166 4398 1561 4467 legitur,rtunc
1602 4398 1845 4451 scriben-

285 4470 409 4520 dum
432 4478 520 4522 est
548 4465 742 4537 ἔχοιτο,
776 4478 867 4519 aut
898 4465 1050 4521 certe
1086 4465 1515 4521 subaudiendum
1553 4467 1845 4537 θειᾼάνάγ-

280 4553 406 4608 κην.
473 4538 531 4590 In
578 4535 762 4590 tribus
816 4538 1014 4608 nostris
1064 4538 1342 4592 codicibus
1389 4536 1549 4601 Maz.,
1612 4535 1749 4591 Med.
1786 4553 1849 4593 ac

283 4605 439 4672 Fuk.,
470 4608 731 4678 scriptum
754 4616 843 4678 _est
875 4605 946 4669 ὡς
974 4606 1108 4677 ἔχει,
1141 4609 1281 4678 quod
1316 4608 1486 4678 magis
1512 4608 1706 4678 prob_o.

348 4678 466 4748 (36)
512 4676 647 4730 Ἐπί
685 4675 1337 4748 σάκκονῌκᾰθεσθεῖσα.
1376 4675 1587 4748 Optime
1629 4675 1852 4733 Ruﬁnus

285 4746 427 4800 hunc
448 4746 639 4801 locum
672 4749 833 4799 vertit
866 4765 879 4800 :
916 4746 1062 4800 More
1091 4748 1261 4814 patrio
1290 4763 1448 4814 super
1475 4747 1648 4800 cilicia
1673 4749 1848 4816 strati,

286 4816 627 4886 omnipotenti
658 4816 762 4869 Deo
788 4832 882 4884 pro
910 4820 1043 4886 regis
1083 4816 1440 4870 incolumitate
1466 4817 1850 4884 supplicabant.

287 4883 496 4954 Reliqui
545 4896 722 4938 tamen
756 4883 1076 4954 interpretes
1120 4902 1227 4940 uno
1284 4901 1545 4941 consensu
1579 4895 1854 4940 verterunt

286 4960 452 5009 saccis
498 4955 693 5008 induti.
747 4955 897 5021 Quod
932 4958 1033 5010 etsi
1081 4972 1185 5009 non
1219 4957 1437 5020 damno,
1466 4957 1645 5009 verbis
1674 4966 1852 5010 tamen

285 5023 501 5093 Iosephi
532 5038 871 5092 nequaquam
901 5026 1174 5079 convenit.
1208 5025 1332 5079 Scio
1355 5027 1521 5080 moris
1548 5025 1714 5080 fuisse
1746 5042 1854 5080 non

289 5096 457 5147 solum
493 5099 634 5162 apud
677 5095 912 5158 Judaeos,
949 5098 1044 5149 sed
1092 5097 1256 5150 etiam
1286 5096 1425 5163 apud
1484 5096 1761 5164 Assyrios,
1796 5106 1857 5150 ut

291 5164 340 5234 in
382 5164 527 5217 luctu
576 5174 633 5215 et
664 5164 716 5216 in
760 5165 987 5230 publicis
1038 5166 1519 5234 supplicationibus
1565 5180 1724 5218 sacco
1774 5166 1854 5219 in-

289 5233 421 5304 duti,
450 5234 561 5286 Deo
589 5234 846 5304 invidiam
878 5233 1138 5299 facerent,
1178 5237 1629 5304 quemadmodum
1660 5234 1855 5304 legitur

290 5303 339 5355 in
374 5304 600 5357 historia
634 5300 1011 5370 Ninivitarum,
1043 5313 1096 5358 et
1124 5300 1264 5370 apud
1291 5302 1583 5373 Jusepltum
1620 5304 1673 5357 in
1714 5300 1853 5358 libro

288 5386 355 5427 xx
399 5373 817 5442 Antiquitatum,
873 5389 993 5439 cap.
1023 5374 1078 5428 5.
1133 5373 1326 5427 Verum
1366 5385 1436 5439 pet
1487 5374 1574 5429 hic
1614 5389 1732 5442 mos
1759 5373 1857 5428 fuit

288 5440 727 5512 supplicantium,
754 5452 810 5493 ut
836 5447 1025 5499 stratis
1054 5445 1247 5499 ciliciis
1277 5456 1333 5498 et
1365 5448 1548 5498 cinere
1578 5440 1856 5511 colispersi

286 5511 608 5582 insiderent.
640 5512 733 5563 Sic
763 5511 827 5582 in
856 5513 1034 5582 capite
1065 5529 1120 5567 Ill
1167 5512 1335 5579 Jome,
1369 5530 1461 5567 rex
1496 5513 1853 5582 Ninivitarum

284 5580 669 5654 περιεϐάλλετο
714 5580 935 5654 σάκκον,
982 5585 1077 5637 καὶ
1114 5583 1365 5654 ἐκάθισεν
1392 5584 1513 5654 geni.
1540 5581 1754 5654 σποδοῦ.
1794 5584 1857 5635 Et

286 5650 669 5724 iul-Lvangelio
713 5650 885 5724 Lucae,
926 5667 1047 5723 cap.
1087 5670 1174 5724 x7:
1207 5652 1262 5707 Si
1292 5656 1348 5707 in
1386 5651 1523 5724 Tyro
1553 5661 1604 5707 et
1637 5651 1856 5724 ASidone

284 5721 436 5790 {actia
456 5723 690 5790 fuissent
720 5722 928 5776 virtutes
954 5721 1070 5794 quae
1116 5723 1270 5793 facta
1300 5721 1506 5779 ωηιξη
1534 5722 1696 5789 vobis,
1730 5723 1854 5778 olim

2579 2997 2809 3055 CAPUT
2840 2995 2932 3053 XI.

2146 3131 2222 3187 De
2266 3130 2477 3186 Theuda
2503 3134 2892 3204 prwstigiatcre
2913 3131 3129 3202 ejusque
3151 3132 3328 3187 sociis.

2040 3241 2145 3298 Sed
2174 3243 2429 3313 quoniam
2461 3243 2638 3298 Lucas
2660 3256 2921 3314 praeterea
2953 3246 3007 3300 in
3041 3245 3266 3299 Actibus
3307 3254 3537 3314 aposto-

1964 3331 2142 3389 lorum
2162 3334 2208 3365 ²⁶
2238 3334 2585 3389 Gamalielem
2612 3335 2924 3404 quemdam,
2957 3351 3079 3391 cum
3108 3336 3160 3389 in
3183 3334 3410 3389 concilio
3435 3333 3530 3389 Juo

1966 3424 2204 3478 datorum
2232 3424 2597 3492 de'apostolis
2629 3424 2949 3479 deliberatio
2987 3426 3179 3491 fieret,
3221 3426 3532 3495 loquentem

1966 3515 2172 3571 inducit
2217 3516 2283 3570 de
2332 3516 2558 3571 Theuda
2596 3518 2830 3587 quodam
2862 3519 2954 3587 qui
2998 3520 3146 3573 hisce
3197 3518 3533 3589 temporibus

1962 3609 2189 3676 exstitit,
2239 3620 2295 3663 et
2341 3610 2431 3677 qui
2476 3623 2599 3662 cum
2640 3609 2704 3663 de
2736 3611 2912 3679 seipse
2954 3624 3146 3679 magna
3190 3611 3526 3679 pricdiearet,

1964 3703 2177 3755 tandem
2201 3700 2503 3755 exstinctus
2523 3710 2627 3764 est,
2649 3715 2946 3770 omnesque
2972 3703 3063 3770 qui
3081 3702 3130 3756 ei
3155 3701 3312 3757 fidem
3337 3702 3515 3759 haqu

1958 3840 2014 3893 in
2056 3840 2230 3894 cilicio
2272 3850 2320 3893 et
2360 3839 2529 3894 cinere
2573 3836 2806 3891 sedentes
2848 3838 3167 3905 poeniterent.
3210 3837 3394 3905 quue
3440 3854 3536 3893 re-

1959 3909 2102 3964 ferre
2144 3911 2291 3965 soleo
2336 3911 2498 3962 verba
2535 3906 2716 3960 Rulini
2747 3923 2809 3961 ex
2842 3907 2979 3961 libro
3024 3923 3077 3959 XI
3131 3906 3386 3961 Historiis
3421 3908 3529 3963 Ec-

1959 3980 2289 4043 clesiasticw,
2327 3994 2449 4046 cap.
2491 3978 2578 4043 53,
2621 3977 2707 4029 ubi
2742 3979 2805 4030 de
2834 3976 3138 4046 Theodosio
3170 3981 3296 4042 imp.
3332 3978 3402 4029 ita
3443 3979 3525 4031 lo-

1965 4050 2148 4118 quitur
2173 4049 2336 4102 :Ante
2370 4044 2662 4117 martyrum
2694 4058 2740 4099 et
2770 4044 3138 4118 apostolorum
3164 4045 3336 4098 thecas
3374 4047 3531 4113 jace-

1956 4115 2039 4171 liat
2066 4119 2239 4171 cilicio
2287 4115 2600 4183 prostratus,
2631 4126 2677 4168 et
2711 4118 2911 4168 auxilia
2936 4116 3034 4168 sibi
3065 4115 3175 4183 ﬁda
3223 4124 3525 4168 sanctorum

1953 4187 2326 4241 intercessione
2357 4189 2619 4252 poscebat.
2673 4186 2993 4254 Quanquam
3050 4186 3102 4238 in
3156 4186 3526 4251 manuscripto

1952 4260 2141 4311 codice
2173 4257 2586 4310 Claromuntani
2624 4257 2834 4317 collegii
2882 4255 3079 4323 legitur
3107 4255 3249 4308 silici
3295 4266 3505 4322 prostra

1950 4335 2056 4380 tus.
2080 4327 2408 4396 Epiphanius
2436 4330 2487 4396 iu
2522 4327 2709 4380 haeresi
2734 4325 2822 4396 50,
2856 4325 3301 4396 Novatianurum,
3326 4339 3444 4393 cap.
3469 4324 3524 4390 7,

1947 4396 2098 4451 αὐτοὶ
2124 4392 2240 4451 Ἐὰν
2293 4394 2628 4460 ἐνδείξωνται
2680 4395 2888 4466 τελείαν
2914 4394 3034 4466 Ὶτὴν
3094 4392 3434 4466 μετάνοιαν,
3466 4396 3531 4450 ὲν

1948 4467 2136 4537 σάκκῳ
2162 4468 2256 4521 καὶ
2302 4466 2481 4537 σποδῴ
2508 4464 2883 4527 καθεσθέντες.
2911 4464 3274 4537 'l‘ertulliauus
3308 4467 3358 4537 in
3387 4464 3529 4537 libro

1948 4537 2027 4591 De
2053 4535 2308 4605 pudicitia
2333 4551 2351 4588 :
2381 4535 2594 4590 Pariter
2616 4537 2677 4588 de
2697 4542 3013 4605 paenitentia:
3040 4536 3204 4603 oﬁicio
3241 4535 3418 4587 sedent
3464 4535 3524 4589 in

1936 4624 2121 4670 ~sacco,
2151 4617 2197 4659 et
2227 4608 2395 4659 cinere
2427 4608 2814 4659 inhorrescunt.

2022 4678 2132 4745 (57i
2162 4676 2323 4730 Κατὰ
2344 4674 2447 4729 τόν
2478 4674 2853 4750 δηλούμενον
2881 4676 3126 4750 χρόνον.
3163 4669 3523 4750 Locus_Luca

1951 4740 2128 4803 exstat
2184 4750 2235 4799 in
2275 4761 2394 4815 cap.
2445 4761 2477 4799 ν
2509 4740 2744 4799 Actuum
2793 4740 3179 4815 apoStulurum,
3208 4740 3310 4815 ubi
3349 4741 3527 4815 Lucas

1952 4833 2060 4872 non
2090 4817 2218 4872 dicit
2245 4813 2521 4870 Théutlam
2547 4815 2756 4869 Claudii
2793 4814 2918 4881 imp.
2969 4814 3304 4880 temporibus
3349 4813 3520 4864 exsti-

1955 4890 2104 4951 tisse,
2134 4897 2191 4940 ut
2214 4887 2300 4941 bie
2325 4885 2553 4939 afﬁrmat
2580 4880 2881 4938 Eusebius.’
2916 4881 3028 4936 lmo
3057 4898 3121 4934 ex
3155 4882 3327 4951 Lucae,
3346 4880 3524 4936 verbis

1954 4950 2133 5025 colligi
2194 4966 2385 5024 potest,
2458 4953 2737 5025 Tlieudam
2796 4955 2959 5025 illum
3008 4952 3237 5025 Augusti
3291 4950 3526 5025 Ciesaris

1954 5020 2260 5094 principatu
2294 5026 2478 5079 turbas
2512 5025 2561 5077 in
2596 5023 2779 5077 Judtea
2813 5024 3138 5094 concitasse.
3167 5021 3298 5073 Nam
3324 5020 3524 5094 Gama-

1954 5089 2047 5150 liel
2106 5089 2251 5164 apud
2302 5094 2498 5147 Lucam
2553 5094 2753 5164 diserte
2784 5093 2995 5164 _tradit,
3055 5089 3521 5164 postgtumultum

1957 5161 2192 5220 Theudae
2230 5164 2505 5219 exstitisse
2545 5161 2740 5217 Jutlatn
2780 5161 3087 5226 Galilaeum,
3127 5161 3218 5228 qui
3251 5161 3302 5212 iit
3332 5161 3529 5214 diebus

1956 5235 2306 5305 professionis
2354 5234 2648 5305 “censualis
2689 5234 3070 5305 _seditionem
3117 5230 3525 5305 emnmovisset.

1955 5299 2118 5373 Atqui
2146 5302 2427 5373 censualis
2446 5303 2560 5357 haec
2581 5301 2844 5371 professio
2870 5300 3101 5369 contigit
3126 5309 3246 5368 post
3270 5299 3525 5373 exsilium

1956 5370 2233 5440 Archelai,
2281 5372 2527 5447 Quirinio
2562 5370 2787 5447 Syriam
2823 5372 3257 5447 administrante,
3298 5370 3399 5422 sub
3429 5382 3527 5447 es-

1956 5453 2130 5498 trema
2163 5445 2392 5514 Augusti
2445 5440 2967 5514 tempora._Falsum
3014 5440 3241 5514 proinde
3282 5452 3405 5514 esse
3440 5440 3525 5514 v_i-

1956 5514 2117 5568 detur
2162 5506 2304 5584 quod
2324 5513 2429 5587 _h_ic
2451 5506 2681 5587 allir'mat
2710 5511 2995 5587 Eusebius,
3014 5506 3268 5587 Lucam"
3287 5506 3528 5587 Thetide

1959 5576 2267 5638 motum'in
2315 5582 2524 5637 Claudii
2563 5590 2805 5651 tempora
2855 5576 3525 5651 conjecisse.‘Eusebium

1960 5661 2138 5706 tamen
2191 5663 2441 5711 nostrum
2486 5659 2638 5707 recte
2676 5648 2955 5717 sensisse,
3004 5663 3128 5704 mox
3188 5648 3530 5706 tletnt'mstrtt~

1959 5723 2158 5778 bimus.
