3966 6264
467 313 574 371 165

1156 309 1434 367 .EUSEBII
1470 308 1949 368 CESARIENSIS
1983 309 2133 366 OPP.
2173 308 2356 365 PARS
2394 310 2435 366 1.
2473 340 2545 351 -
2581 308 2977 367 HISTORICA.

3607 317 3702 374 164

463 442 607 501 rant,
643 430 890 501 dissipati
924 440 1091 486 sunt:
1129 432 1357 502 agedum
1394 431 1461 486 de
1502 430 1608 485 hoc
1653 431 1771 499 ipso
1794 428 2011 500 Iosephi

2126 428 2231 499 φήν
2259 428 2392 500 ('58).
2427 429 2652 500 Ἱστορεῖ
2679 427 2856 481 τοίνυν
2882 422 3037 492 αὖθις
3056 428 3195 483 κατὰ
3217 427 3307 483 τὸν
3328 428 3528 502 ἀρτίως
3548 431 3702 502 δεδηο

462 539 677 595 quoque
700 524 1068 580 testimonium
1093 521 1457 591 proferamus.
1494 520 1594 576 llic
1614 520 1781 590 igitur
1809 521 1863 575 in
1888 520 2028 576 libro

461 618 712 689 superius
758 625 1057 672 memorato
1101 616 1181 672 sic
1228 615 1510 685 loquitur:
1548 633 1567 667 ι
1600 613 1768 677 Fado,
1831 612 2023 700 inquit,

531 731 649 802 (38),
674 729 792 800 Τὴν
816 731 947 799 περὶ
974 729 1186 785 τούτου
1202 727 1599 802 πᾳραθώμεθαᾼ
1612 728 1718 783 τοῦ
1738 725 2026 794 Ἰωσήπου

572 800 713 870 φῆν.
741 804 978 870 Scaliger
997 802 1048 854 in
1068 801 1157 853 lib.
1176 816 1228 854 vt
1255 800 1329 853 De
1344 800 1699 870 emendatione
1715 806 2023 870 temporum,

572 819 713 870 φηγ.
741 819 978 870 Scaliger
997 819 1048 854 ιιι
1068 819 1157 853 ιιι).
1176 819 1228 854 vi
1255 819 1329 853 ue
1344 819 1699 853 emendatione
1715 819 2023 864 temporum,

457 819 748 929 Egebmm
780 872 1016 939 graviter
1053 870 1415 939 reprehendit,
1447 871 1535 938 qui
1570 869 1846 922 Tlteudam
1878 868 2023 921 illum

460 942 529 996 de
558 956 665 1010 quo
686 942 920 1010 loquitur
949 940 1135 999 Lucas.
1173 939 1578 1010 eumdem_esse
1603 939 1872 1010 putaverit
1902 952 2023 991 cum

460 1005 633 1065 altero
679 1005 896 1065 Tlieuda
934 1011 1084 1080 cujus
1120 1009 1357 1065 meminit
1407 1005 1670 1080 J_oseplius
1706 1008 1765 1080 in
1798 1007 1894 1080 lib.
1931 1022 2022 1073 xx,

461 1097 581 1150 cap.
602 1081 658 1138 2.
682 1082 782 1135 sub
807 1082 964 1133 linem
984 1076 1013 1147 ;’
1029 1095 1150 1134 cum
1194 1090 1381 1150 tamen
1396 1076 1669 1150 ,Theudas
1703 1077 1789 1132 ille
1813 1076 1965 1150 cujus
1993 1096 2022 1132 a

461 1147 605 1205 Luca
643 1153 699 1205 lit
730 1150 951 1212 mentio,
989 1150 1142 1217 paulo
1189 1158 1315 1203 ante
1347 1148 1548 1204 Christi
1582 1157 1808 1202 mortem
1846 1148 1895 1200 in
1928 1147 2025 1201 Ju-

461 1222 572 1274 data
619 1237 704 1274 res
758 1236 923 1275 novas
978 1219 1355 1279 concitaverit,
1404 1220 1536 1273 adeo
1582 1229 1639 1272 ut
1691 1219 1828 1270 inter
1877 1217 2022 1271 hunc

461 1290 760 1355 Thendam,
804 1301 858 1345 et
905 1291 1043 1345 inter
1078 1289 1222 1343 illum
1265 1290 1420 1357 cujus
1447 1288 1693 1341 meminit
1736 1286 2021 1355 Iosephus,

459 1360 740 1428 duodecim
776 1374 1040 1414 annOrnm
1077 1361 1307 1428 spatium
1355 1369 1412 1411 ιιι
1458 1360 1737 1411 minimum
1788 1358 2018 1428 intersit.

463 1428 592 1482 Nam
632 1426 890 1497 Iosephus
920 1426 1152 1483 Theudae
1182 1431 1462 1482 tumultum
1492 1439 1615 1497 post
1642 1427 2023 1497 ohitumwregis

458 1499 706 1567 Agrippcc
733 1496 1135 1564 Commemorat,
1172 1514 1281 1564 quo
1316 1508 1557 1567 tempore
1592 1496 1820 1563 Cuspius
1847 1496 2021 1551 Fadns

458 1567 693 1622 Iudaeam
711 1569 1135 1623 administrabat.
1169 1568 1292 1621 llaec
1323 1577 1407 1620 est
1441 1566 1698 1635 Scaligeri
1735 1568 2017 1621 sententia.

459 1641 531 1693 At
562 1637 908 1693 Casaubonns
954 1639 1007 1691 in
1058 1637 1452 1690 Exercitatione
1492 1652 1553 1698 It,
1590 1651 1703 1703 cap.
1737 1637 1822 1698 18,
1852 1637 1905 1689 in
1956 1652 2020 1691 eo

460 1708 675 1775 quidem
728 1708 997 1761 consentit
1044 1724 1161 1760 cum
1212 1707 1509 1775 Scaligero,
1554 1708 1695 1773 quod
1743 1706 2018 1760 Theudam

2129 521 2368 592 λωμένον
2416 522 2581 575 αὑτοῦ
2620 521 2789 590 λόγον,
2824 520 2964 575 αὐτὰ
3008 520 3073 592 δὴ
3118 521 3286 575 ταῦτα
3326 524 3471 577 κατὰ
3515 523 3697 597 λέξιν,-

2134 634 2153 667 ι
2182 613 2351 668 Φάδου
2394 613 2451 667 δὲ
2479 613 2578 682 τῆς
2621 612 2879 677 Ἰουδαίας
2919 612 3385 686 ἐπιτροπεύοντος,
3428 616 3563 688 γόης
3618 635 3699 684 τις

2127 727 2284 800 drum
2315 726 2659 800 presbyteros
2685 725 2758 800 ita
2797 724 2990 779 aﬂ'atur
3017 743 3033 784 :
3061 726 3383 800 Hispaniain}
3404 734 3698 800 γρηγορεῖν

2126 798 2270 869 ὑμᾶς
2305 799 2400 851 καὶ
2434 795 2872 869 aposstixeoliat._
2885 795 3262 869 μεμνημένους
3294 795 3701 868 πρὸςτὸῖξάλ..

2125 865 2236 932 λοις
2263 868 2356 921 καὶ
2401 865 2508 937 τῶν
2547 865 2832 929 κινδύνων,
2858 865 3013 929 ὅσους
3043 865 3700 937 ύπομένεινὴναγκάζετο

2123 940 2152 992 ὁ
2212 936 2654 1009 ἀναθρειξάμενός
2688 953 2755 1007 με
2809 939 2987 1008 πατήρ
3026 954 3127 1009 μου
3151 940 3185 1009 ὀί
3216 936 3512 1009 ἐπίσκοπος
3548 940 3698 994 Θεω-

2124 1012 2239 1089 νᾶέ,
2276 1008 2486 1094 etc.”Et
2537 1009 2694 1094 paulo
2731 1020 2849 1094 post
2881 1022 2910 1094 τῇ
2936 1008 3256 1094 Μειενῇσθαι
3301 1008 3356 1094 δέ
3402 1009 3565 1063 καλὸν
3603 1012 3697 1094 δαὶ

2124 1079 2216 1133 τοῦ
2262 1077 2495 1200 ῗγάλου
2543 1078 2837 1140 Διονυσίου,
2886 1077 2945 1141 ὃς
3008 1077 3135 1149 τῇδε
3184 1080 3405 1132 κακεῖσε
3447 1081 3695 1152 περιϊὼν,

2124 1150 2262 1202 Σαϐε
2296 1149 2407 1202 ’ίου
2465 1148 2699 1219 μάλιστα,
2752 1147 3091 1219 ἐπιθεμένου,
3148 1149 3242 1202 καὶ
3294 1148 3463 1219 πολλὰ
3505 1151 3695 1208 τοῦτον

2121 1219 2434 1292 ᾉυ-πούντος,
2468 1217 2622 1271 οὕτω
2650 1217 2741 1292 τρν
2776 1217 2950 1292 πάντᾳ
2980 1218 3077 1292 τῆς
3125 1219 3266 1289 ζωῆς
3300 1218 3474 1292 ιιύτοιῖιΔ
3506 1222 3695 1292 χρόνον

2121 1289 2207 1360 διὰ
2240 1288 2471 1360 Χριστὸν
2508 1288 2859 1359 στενούμενος
2902 1288 3185 1360 diseases:
3225 1288 3322 1342 καὶ
3361 1289 3477 1360 μετ’
3506 1288 3696 1347 eam

2133 1357 2405 1431 Ἠραιέλᾶς
2434 1360 2527 1431 καὶ
2555 1357 2885 1431 Δημήτριος,
2926 1371 3059 1431 etc._
3086 1357 3245 1431 Vides
3280 1368 3337 1413 ut
3364 1357 3696 1431 'Metaphra-

2121 1427 2251 1496 stes,
2277 1445 2370 1485 seu
2398 1430 2575 1497 potius
2600 1427 2788 1484 auctor
2807 1444 2873 1482 ex
2892 1443 2996 1496 quo
3014 1427 3400 1495 Metaphrastes
3424 1427 3537 1485 haec
3555 1434 3689 1487 Acta

2121 1499 2433 1569 descripsit,
2481 1498 2760 1554 Heraclam
2810 1513 2874 1551 ac
2921 1499 3248 1552 Demetrium
3280 1500 3558 1567 episcopos
3614 1504 3693 1556 ait

2125 1569 2292 1624 fuisse
2316 1578 2437 1639 post
2477 1569 2817 1639 Dionysium,
2842 1582 3001 1639 quos
3039 1578 3217 1622 tamen
3249 1578 3462 1623 constat
3484 1572 3692 1636 praede-

2120 1653 2366 1695 cessores
2414 1638 2584 1694 fuisse
2616 1637 2877 1709 Dionysii.
2929 1638 3035 1709 Sed
3074 1645 3127 1692 et
3166 1640 3503 1706 geographia:
3545 1642 3689 1695 scri-

2122 1718 2318 1778 ptores.
2375 1709 2588 1777 quoties
2632 1708 2898 1764 terrarum
2933 1708 3096 1778 situm
3137 1717 3193 1762 et
3231 1709 3541 1777 populorum
3583 1727 3689 1766 no-

459 1776 621 1832 Lucae
669 1792 697 1830 a
754 1775 979 1832 Theuda
1028 1776 1250 1845 losephi
1312 1776 1766 1846 distinguitksed
1802 1775 1881 1846 in
1914 1775 2017 1846 hoc
2049 1783 2091 1838 Β
2120 1775 2263 1831 mina
2314 1775 2648 1844 describunt,
2700 1780 2891 1832 eodem
2932 1775 3241 1844 loquuntur
3272 1775 3449 1833 modo.
3491 1779 3689 1834 Dicunt

458 1848 714 1917 dissentit
750 1848 817 1901 ab
856 1849 1040 1901 eodem
1088 1847 1362 1917 Scaligcro
1409 1844 1557 1915 quod
1590 1916 1599 1917 ί
1627 1844 1913 1917 Theudam
1951 1845 2016 1898 il-

458 1916 567 1970 lum
593 1917 750 1985 cujus
781 1918 1023 1971 meminit
1064 1914 1258 1979 Lucas,
1302 1914 1460 1983 longe
1493 1915 1851 1985 antiquiorem
1890 1914 2022 1983 facit

457 2002 620 2056 quam
659 1984 923 2055 Scaliger.
956 1986 1083 2052 Ejus
1106 1987 1246 2039 enim
1289 1986 1570 2039 tumultum
1597 1984 1807 2040 confert
1834 1985 1886 2037 in
1932 2000 2024 2038 ex-

459 2065 627 2126 trema
677 2056 903 2126 Herodis
939 2057 1081 2126 regis
1115 2066 1376 2122 tempora,
1410 2067 1466 2108 et
1498 2063 1626 2126 ante
1667 2056 2022 2126 ipsumgnata-

458 2124 561 2179 lem
591 2126 815 2181 Christi.
849 2123 1149 2178 Idem-ante
1185 2126 1333 2178 illum
1366 2125 1534 2179 sensit
1554 2123 1816 2192 Origenes
1844 2124 1894 2176 in
1924 2123 2018 2179 lib.

457 2206 682 2249 tcontra
730 2195 957 2265 Celsum.
994 2195 1066 2265 .Et
1104 2195 1230 2248 huic
1272 2194 1508 2262 opinioni
1546 2192 1729 2265 favere
1769 2193 2022 2265 videntur

455 2266 618 2317 verba
647 2266 759 2333 ipsa
788 2265 848 2318 Β.
874 2262 1054 2328 Lucie,
1093 2265 1181 2331 qui
1221 2274 1498 2332 postquam
1526 2264 1590 2317 de
1614 2263 1837 2333 Theuda
1868 2262 2020 2333 locu-

457 2343 542 2386 tns
567 2330 680 2396 est,
709 2335 819 2388 haec
841 2337 988 2389 addit
1026 2352 1040 2386 :
1073 2330 1201 2387 Post
1223 2330 1373 2387 hunc
1397 2335 1627 2387 surrexit
1667 2330 1841 2387 ludas
1872 2332 2021 2386 Gali-

457 2403 588 2473 laaus
619 2405 674 2457 in
701 2405 881 2457 diebus
905 2404 1265 2473 professionis.
1299 2405 1403 2457 Sed
1439 2404 1750 2458 facillimum
1786 2414 1871 2456 est
1896 2403 2019 2456 huic

454 2472 741 2540 objectioni
776 2472 1139 2540 respondere;
1185 2490 1283 2527 nec
1317 2473 1546 2540 longius.
1581 2487 1771 2526 verum
1804 2487 1867 2525 ex
1904 2475 2020 2539 ipso

457 2541 600 2613 [mea
636 2554 923 2613 prometur
948 2544 1247 2613 responsio.
1283 2543 1489 2611 Quippe
1526 2541 1697 2613 Lilng
1725 2557 1820 2613 seu
1844 2543 2020 2610 potius

453 2609 712 2667 Gamaliel
740 2615 878 2682 apud
910 2609 1107 2666 Lucam
1131 2609 1332 2668 diserte
1360 2609 1586 2666 teStatttr
1611 2609 1888 2666 Theudam
1918 2626 2019 2664 nu-

456 2696 552 2750 per
574 2682 882 2746 admodum,
932 2693 988 2736 et
1027 2683 1112 2737 his
1150 2684 1281 2752 ipsis
1323 2683 1517 2752 quibus
1556 2681 1665 2733 haec
1700 2682 2021 2752 loquebatur

456 2748 645 2805 diebus
683 2753 975 2806 exstitisse.
1021 2755 1152 2805 Ante
1174 2748 1272 2805 hos
1304 2748 1443 2804 enim
1472 2750 1581 2802 dies
1609 2750 1807 2803 exstitit
1847 2748 2019 2802 Theu-

454 2821 573 2894 dqs,
607 2831 714 2894 etc.
758 2822 873 2894 Hpo
903 2820 1009 2892 γὰρ
1042 2820 1244 2874 τούτων
1273 2820 1381 2874 τῶν
1413 2818 1631 2894 ήμξρῷν
1659 2817 1855 2894 ἀνέστη
1885 2817 2020 2894 Θευ-

456 2889 573 2954 δᾶς.
617 2890 748 2957 Qua:
769 2889 930 2944 verba
955 2889 1065 2943 rem
1089 2906 1257 2960 nuper
1283 2906 1345 2945 ac
1384 2889 1672 2960 ineviSSitne
1698 2892 1891 2943 factam
1920 2892 2016 2943 de-

457 2970 780 3014 monstrant.
813 2961 905 3014 Sic
930 2961 1071 3013 enim
1114 2958 1257 3028 loqui
1291 2961 1466 3014 solent
1498 2967 1605 3011 tam
1642 2958 1814 3013 Graeci
1851 2974 2013 3028 quam

455 3028 632 3083 Latini
677 3032 741 3084 de
792 3044 851 3083 re
890 3031 1063 3084 adhuc
1108 3032 1329 3093 recenti,
1374 3040 1430 3083 ut
1475 3028 1719 3096 plurimis
1757 3029 2016 3097 exemplis

456 3100 670 3184 probari
707 3108 899 3168 potest.
934 3100 1396 3184 Ante-hos‘igitur
1425 3100 1557 3184 ἀέρ’,
1592 3098 1730 3184 idem
1761 3096 2015 3184 val'et;.ac
2042 3130 2083 3184 ο

454 3166 536 3223 his
564 3166 763 3235 diebus,
792 3182 851 3222 ιιι
885 3181 1004 3221 ante
1038 3172 1173 3222 diem
1200 3166 1409 3222 tertium
1443 3166 1799 3221 Kalendarum
1834 3166 2010 3221 Latini

455 3248 509 3294 et
538 3237 709 3295 Graeci
738 3242 1033 3305 dicuntpro
1058 3256 1121 3293 eo
1150 3240 1288 3308 quod
1312 3250 1397 3293 est
1423 3241 1508 3293 die
1534 3253 1595 3292 ιιι
1624 3236 2007 3308 Kalendarum.

453 3310 633 3376 Quare
682 3325 801 3362 cum
830 3310 1048 3377 sulijicit
1090 3305 1261 3364 Lucas
1311 3309 1426 3363 haec
1472 3311 1652 3368 verba,
1697 3307 1824 3360 Post
1874 3305 2010 3361 hunc

453 3379 652 3433 exstitit
676 3377 707 3432 J
716 3380 867 3443 udas,
890 3380 971 3432 his
987 3381 1162 3435 verbis
1183 3379 1310 3433 nihil
1342 3377 1482 3431 aliud
1502 3378 1831 3444 signiﬁcatur
1850 3391 2007 3444 quam

453 3449 676 3521 Tlicuda
720 3450 1071 3521 vetustiorem
1105 3450 1270 3521 fuisse
1309 3446 1500 3521 ludam
1533 3447 1830 3521 Cantatum.
1879 3447 2011 3511 Qua:

452 3520 671 3585 quidem
695 3520 985 3587 expositio,
1010 3520 1132 3573 licet
1154 3520 1324 3587 prima
1352 3517 1528 3571 frame
1542 3518 1725 3587 durior
1742 3517 2007 3579 videatur,

456 3597 635 3642 tamen
692 3585 911 3658 prorsus
959 3585 1266 3644 necessaria
1318 3596 1401 3642 est
1450 3601 1514 3641 ac
1547 3585 1850 3658 verissima,
1907 3601 2009 3641 nec

454 3657 714 3726 exetuplis
750 3659 1077 3713 destituitur.
1105 3658 1237 3712 Nam
1261 3658 1471 3728 quoties
1502 3658 1568 3710 ab
1595 3657 1801 3720 ultimo,
1830 3662 2010 3728 utpote

454 3728 610 3782 nobis
632 3731 899 3798 propiore,
929 3743 1213 3783 munerare
1248 3726 1601 3798 instituimus,
1636 3735 1761 3779 tunc
1786 3739 1852 3779 ex
1886 3726 2010 3779 ulti-

452 3811 542 3867 mo
570 3797 794 3866 primus,
848 3809 899 3853 et
942 3814 1005 3852 ex
1036 3799 1209 3867 primo
1254 3798 1471 3867 ultimus
1523 3797 1616 3867 fiat
1645 3808 1862 3867 necesse
1902 3805 2005 3867 est.

452 3863 623 3933 Quam
665 3869 736 3923 ob
771 3863 987 3923 causam
1011 3863 1148 3921 retro
1182 3868 1342 3937 fuisse
1387 3866 1524 3937 dixit
1556 3863 1918 3920 'l‘ertullianus
1952 3866 2005 3919 in

449 3937 803 4007 Apologelico,
829 3955 925 4008 pro
951 3940 1073 3991 oliui
1118 3935 1346 3992 et'antea
1369 3935 1566 4001 fuisse;
1592 3946 1647 3989 et
1675 3938 2005 4008 retrosiorem

448 4003 672 4079 usurpat
702 4024 797 4077 pro
819 4003 1134 4079 antiquiore.
1164 4008 1231 4062 Et
1264 4019 1439 4060 tamen
1473 4016 1611 4079 retro
1641 4009 1783 4059 idem
1800 4012 1880 4057 est
1903 4003 2009 4057 La-

452 4077 581 4147 tinis
610 4079 754 4146 quod
803 4077 953 4145 post.
995 4080 1099 4132 Sed
1145 4079 1397 4147 quoniam
1449 4078 2007 4147 Casanboous_negat

446 4143 666 4203 Graecos
688 4143 923 4217 unquam
952 4150 1022 4201 ita
1057 4143 1281 4217 locutos,
1304 4148 1489 4217 fuisse,
1526 4143 1904 4217 producendus
1922 4154 2006 4217 est

451 4218 605 4271 testis
631 4213 795 4270 omni
818 4219 1135 4286 exceptione
1183 4216 1373 4286 major.
1402 4216 1449 4267 ιε
1473 4224 1557 4286 est
1598 4213 1846 4286 Clemens
1880 4214 2003 4266 Ale-

448 4287 766 4358 xandrinus,
796 4288 885 4358 qui
912 4283 977 4358 ini
1004 4288 1099 4358 lib.
1129 4303 1203 4340 vn
1238 4283 1677 4358 Siromatei,_sub
1701 4286 1893 4358 linem;
1912 4298 2004 4345 eo-

447 4355 571 4410 dem
603 4351 832 4424 prorsus'
862 4357 1020 4411 modo
1069 4357 1276 4411 locutus
1299 4364 1379 4408 est
1410 4368 1517 4424 quo
1549 4353 1608 4408 Β.
1641 4352 1832 4409 Lucas.
1858 4351 2006 4407 Post-

447 4423 611 4495 quam
656 4429 796 4480 enim
823 4426 1133 4480 observavit
1178 4425 1461 4480 haereticos
1496 4423 1607 4477 fere
1635 4436 1825 4495 omnes
1859 4424 2003 4495 circa

2124 1849 2272 1902 enim
2297 1847 2436 1919 μετὰ
2452 1848 2672 1912 τούτους
2705 1848 3091 1919 εἰσὶνγέκεῖνοι,
3129 1847 3270 1919 quod
3293 1849 3430 1919 idem
3460 1849 3599 1902 valet
3623 1866 3689 1905 ac

2124 1917 2309 1986 supra
2338 1918 2429 1972 hos
2460 1920 2552 1971 siti
2610 1930 2732 1972 sunt
2767 1918 2880 1971 isti.
2919 1918 2985 1969 Et
3027 1917 3393 1985 haac’quidem
3429 1920 3688 1974 adversus

2118 1989 2428 2055 Opinionem
2473 1988 2801 2057 Casauboni,
2826 1988 2918 2057 qui
2958 1986 3232 2057 Thendam
3265 1986 3411 2041 illum
3445 1988 3598 2052 cujus
3629 1990 3683 2043 in

2118 2057 2340 2110 Actibus
2368 2059 2426 2110 fit
2460 2059 2683 2121 mentio,
2702 2055 3223 2125 Juilaantiquiorem
3250 2070 3371 2125 esse
3399 2057 3682 2112 existima-

2119 2126 2216 2179 vit.
2249 2126 2354 2180 Sed
2384 2127 2525 2181 dicet
2550 2126 2779 2181 fortasse
2801 2124 3089 2195 quispiam,
3139 2137 3206 2177 ex
3234 2124 3298 2179 iis
3326 2140 3445 2193 qua:
3466 2142 3494 2178 ει
3531 2127 3685 2184 nobis

2119 2196 2387 2262 disputata
2418 2206 2566 2259 sunt,
2596 2196 2806 2251 abunde
2830 2197 3254 2249 demonstratum
3280 2195 3472 2257 videri,
3505 2195 3684 2250 Theu-

2118 2264 2244 2319 dam
2293 2280 2403 2319 non
2451 2264 2622 2321 fuisse
2678 2266 3038 2334 antiquiorem
3066 2333 3069 2334 ν
3098 2263 3239 2318 Juda
3296 2262 3520 2319 Galilaeo
3555 2283 3567 2317 :
3606 2267 3683 2319 ni-

2119 2335 2232 2389 hilo
2261 2344 2440 2390 tamen
2466 2338 2649 2390 minus
2679 2336 2957 2391 Theudam
3023 2333 3169 2387 illum
3222 2334 3373 2398 cujus
3439 2336 3684 2391 meminit

2118 2403 2313 2470 Lucas,
2374 2407 2812 2475 distinguendum
2867 2421 2986 2460 esse
3031 2405 3098 2457 ab
3131 2418 3219 2475 eo,
3251 2402 3470 2475 Tlienda
3527 2406 3682 2469 cujus

2123 2476 2363 2544 meminit
2410 2470 2694 2542 Iosephus.
2750 2475 2905 2529 Prior
2958 2476 3103 2544 enim
3161 2470 3410 2526 Theudas
3453 2475 3520 2544 de
3567 2489 3680 2544 quo

2119 2543 2359 2612 loquitur
2383 2544 2645 2600 Gamalicl
2670 2548 2724 2598 in
2761 2545 3012 2599 oratione
3044 2542 3131 2597 illa
3158 2558 3318 2612 quam
3380 2543 3564 2597 habuit
3585 2542 3676 2597 ‘in

2118 2614 2350 2670 οοιιοίΙὶο
2379 2614 2706 2674 τιυιιιιξοτυιιι.
2741 2616 2884 2668 circa
2915 2625 3125 2683 tempus
3162 2613 3431 2682 passionis
3475 2613 3675 2667 Christi

2119 2685 2402 2737 tumultum
2455 2685 2507 2736 in
2553 2684 2731 2737 .ludzea
2770 2686 3095 2746 concitavit;
3131 2686 3265 2736 alter
3301 2697 3428 2735 vero
3464 2684 3528 2736 de
3572 2699 3682 2751 quo

2118 2752 2356 2822 loquitur
2408 2751 2707 2822 Josephus,
2758 2764 2876 2821 post
2928 2762 3154 2807 mortem
3215 2753 3462 2822 Agrippa.
3516 2757 3678 2820 regis,

2117 2821 2263 2877 Fado
2304 2821 2545 2876 Iudaeam
2593 2823 3004 2876 administrante
3065 2821 3381 2878 seditionem
3442 2836 3684 2875 commo-

2117 2893 2215 2955 vit,
2247 2900 2443 2962 quarto
2487 2893 2702 2947 circiter
2740 2908 2886 2946 anno
2929 2892 3269 2962 principatus
3311 2891 3524 2947 Claudii
3577 2890 3682 2945 Au-

2118 2963 2287 3032 gusti.
2339 2961 2475 3015 Cum
2526 2977 2654 3032 ergo
2713 2962 2977 3016 Gamaliel
3035 2961 3332 3017 orationem
3381 2962 3523 3015 illam
3575 2962 3677 3015 ha-

2118 3035 2294 3086 buerit
2339 3033 2494 3101 paulo
2525 3044 2646 3101 post
2691 3033 3137 3088 resurrectionem
3171 3032 3395 3095 Christi,
3454 3041 3508 3084 et
3553 3040 3679 3087 ante

2120 3104 2433 3173 martyrium
2482 3102 2889 3171 B.,Stephani,
2959 3102 3363 3173 idﬂest_circa
3437 3109 3679 3173 extrema

2119 3169 2319 3225 Tiberii
2387 3181 2649 3240 tempora,
2699 3169 2765 3226 de
2825 3178 2973 3224 motu
3028 3170 3120 3226 illo
3172 3170 3407 3225 Theudae
3452 3171 3541 3238 qui
3586 3186 3676 3223 re-

2115 3251 2315 3310 gnante
2365 3241 2590 3295 Claudio
2645 3242 2825 3297 factus
2868 3251 2974 3305 est,
3028 3252 3154 3296 tunc
3217 3242 3436 3294 omnino
3500 3242 3645 3308 loqui

2117 3327 2221 3365 non
2271 3314 2462 3380 potuit.
2509 3310 2987 3381 Huiciobjectioui
3019 3311 3176 3381 aliter
3225 3324 3515 3364 occurrere
3562 3325 3677 3381 non

2115 3376 2422 3449 possumus,
2458 3382 2599 3451 _nisi
2642 3376 2931 3451 Joseplium
2979 3376 3364 3437 hallucinatum
3403 3392 3522 3451 esse
3579 3380 3675 3451 di-

2116 3448 2427 3519 camus,qui
2455 3449 2690 3505 Theudae
2720 3448 3003 3504 tumultum
3025 3451 3234 3507 tardius
3251 3464 3412 3517 quam
3444 3448 3675 3503 debebat

2116 3522 2380 3573 retulerit.
2409 3524 2550 3576 Duos
2580 3524 2722 3576 enim
2748 3520 3002 3573 Theudas
3023 3520 3208 3577 fuisse.
3233 3520 3322 3587 qui
3352 3531 3411 3571 se
3443 3521 3679 3587 pr0phe-

2116 3597 2196 3644 tas
2217 3605 2336 3644 esse
2364 3592 2594 3656 mentiti,
2621 3592 2755 3645 alter
2777 3599 2895 3655 post
2920 3589 3148 3644 alterunt
3188 3587 3397 3643 Judaeos
3427 3588 3492 3641 ad
3523 3604 3674 3656 spem

2114 3673 2296 3714 rerum
2349 3675 2608 3716 novarum
2663 3661 3085 3723 concitaverint,
3148 3672 3419 3727 nunquam
3464 3660 3673 3727 adduci

2114 3743 2331 3801 possum
2376 3740 2449 3801 ut
2477 3730 2716 3785 credam.
2745 3724 3315 3801 Conferantur__Lu_cae
3360 3740 3426 3801 ac
3454 3724 3674 3801 loseptii

2113 3798 2253 3865 loca,
2286 3800 2339 3851 in
2364 3800 2562 3869 quibus
2593 3810 2820 3869 uterque
2850 3799 3059 3869 illorum
3104 3797 3169 3853 de
3216 3797 3434 3851 Theuda
3463 3798 3675 3851 locutus

2111 3878 2223 3933 est;
2245 3878 2301 3921 et
2322 3866 2485 3922 utinm
2516 3866 2875 3936 eamdemque
2894 3866 3169 3922 Theudani
3197 3869 3266 3920 ab
3292 3868 3396 3921 illis
3418 3881 3538 3920 esse
3568 3882 3676 3920 me-

2114 3948 2380 3992 moratqu
2412 3939 2849 3993 manifestissime
2894 3937 3378 4007 deprehendemus.
3428 3936 3586 3990 Certe
3618 3937 3672 3989 in

2112 4010 2392 4077 utriusque
2418 4009 2749 4070 narratione,
2778 4006 2977 4062 cuncta
2999 4009 3064 4059 ad
3089 4009 3344 4060 amussim
3383 4006 3451 4059 ita
3476 4019 3675 4059 convc-

2112 4079 2287 4138 niunt,
2315 4090 2373 4130 ut
2391 4078 2657 4146 Joseplius
2684 4077 2887 4132 Lucam
2925 4079 3309 4146 interpretatus
3337 4091 3457 4130 esse
3482 4077 3662 4130 videa-

2114 4159 2217 4200 tur.
2267 4146 2439 4202 Unum
2484 4150 2775 4202 discrimen
2810 4150 2973 4201 estin
3016 4157 3274 4215 tempore,
3302 4149 3459 4215 quod
3492 4154 3673 4199 tamen

2114 4217 2245 4270 tanti
2292 4219 2546 4272 momenti
2601 4234 2707 4271 non
2751 4227 2855 4280 est,
2909 4230 2966 4271 ut
3000 4212 3203 4270 Idcirco
3255 4212 3388 4269 duos
3418 4212 3673 4269 Theudas

2110 4288 2442 4341 comminisci
2487 4288 2799 4342 debeamus.
2832 4286 2965 4340 Nam
3004 4286 3432 4353 quotiescunque
3486 4285 3673 4353 hujus-

2110 4356 2255 4411 modi
2293 4358 2621 4411 narrationis
2646 4357 3004 4426 discrepantia
3026 4355 3166 4424 apud
3197 4367 3406 4408 \eteres
3436 4366 3671 4422 scripto-

2112 4440 2199 4480 res
2235 4428 2496 4493 occurrit,
2526 4427 2571 4478 si
2601 4427 2670 4481 ob
2703 4428 2841 4480 hanc
2858 4440 3071 4479 causam
3111 4426 3295 4477 statim
3338 4426 3550 4491 negotia
3602 4439 3671 4477 ac

450 4486 686 4565 t'empora
726 4496 851 4565 imp.
884 4496 1109 4548 Adriani
1141 4498 1402 4563 erupisse,
1435 4500 1489 4546 et
1500 4507 1681 4565 _usque
1710 4494 1777 4545 ad
1802 4493 2003 4565 prin_ci-
2038 4486 2079 4540 ο
2110 4509 2364 4564 personas
2378 4486 2708 4565 distinguere
2724 4509 2943 4550 necesse
2957 4486 3530 4565 est,cavendumnobis
3544 4494 3669 4565 erit,

445 4560 628 4635 patum
657 4560 906 4620 Antonini
933 4566 1010 4619 l’ii
1038 4560 1367 4635 pervenisse,
1398 4573 1471 4635 ut
1497 4563 1780 4635 Basilidem
1803 4573 1859 4615 et
1893 4560 2000 4635 Va-

445 4631 725 4698 lentinum,
756 4638 870 4690 haec
899 4631 1206 4705 subjungit:
1246 4632 1388 4705 Nam
1418 4631 1658 4705 Marcion
1672 4632 1862 4705 iisdem
1887 4632 2003 4702 qui-

444 4708 557 4774 dem
594 4707 902 4774 temporibus
931 4700 1057 4759 viatit
1090 4700 1274 4774 quibus
1302 4702 1560 4755 Basilides
1584 4712 1631 4754 et
1672 4700 1999 4774 Valentinus.

457 4773 642 4828 Verum
673 4773 921 4844 tanquam
971 4777 1146 4829 senior
1180 4791 1298 4827 cum
1338 4774 1446 4844 illis
1492 4774 1663 4844 adhuc
1697 4773 1999 4844 junioribus

443 4854 516 4896 est
540 4841 793 4914 versatus.
832 4846 997 4900 Addit
1031 4847 1244 4904 deinde,
1278 4841 1394 4914 μεθ’
1416 4842 1473 4895 ὃν
1502 4842 1682 4914 Σίμων
1704 4842 1788 4892 ἐπ’
1822 4841 1998 4909 ὀλίγον

441 4913 803 4984 κηρύσσοντος
832 4915 926 4968 τοῦ
960 4914 1163 4987 Πέτρου
1204 4911 1528 4987 ὑπήκουσεν.
1548 4911 1701 4987 __l’ost
1729 4916 1999 4987 quemﬂSi-

441 4982 562 5035 mon
599 4986 970 5052 praedicantem
1007 4982 1219 5038 Petrum
1261 4982 1461 5037 audivit
1504 4982 1834 5052 aliquandiu.
1866 4982 1999 5046 Quis

441 5066 548 5104 non
603 5056 749 5107 Videt
794 5058 846 5107 in
885 5054 985 5107 hoc
1031 5055 1321 5109 Clementis
1356 5053 1473 5106 loco
1519 5060 1633 5119 post
1683 5051 1821 5102 hunc
1847 5052 1995 5119 fidem

438 5122 624 5176 Valere
666 5133 827 5189 atque
864 5136 983 5176 ante
1008 5126 1193 5178 hunc?
1215 5124 1398 5190 l‘ieque
1420 5118 1563 5176 enim
1597 5121 1781 5190 Simon
1815 5118 1997 5189 Magos

440 5192 705 5260 posterior
734 5193 833 5244 l‘nit
881 5193 1190 5260 Marciane;
1241 5189 1348 5246 imo
1375 5193 1460 5245 ditt
1508 5200 1631 5243 ante
1664 5189 1994 5260 Marcionem

440 5257 597 5324 vixit,
652 5269 709 5314 ut
759 5265 902 5316 inter
947 5278 1135 5316 omnes
1178 5257 1412 5315 constat.
1450 5260 1553 5313 Sed
1595 5260 1844 5311 nimirum
1873 5257 1996 5312 Cle-

442 5343 615 5395 mens,
650 5346 770 5384 cum
810 5348 841 5385 a
891 5334 1363 5401 propinquioribus
1402 5328 1683 5396 incipiens,
1715 5330 1994 5401 haeretico-

439 5412 559 5471 rum
591 5402 820 5455 indicem
861 5399 1084 5465 texeret,
1100 5399 1321 5471 primos
1368 5402 1667 5471 numeravit
1698 5399 1789 5466 qui
1838 5408 1994 5452 erant

439 5468 632 5535 ultimi,
661 5481 715 5525 et
735 5483 1062 5538 postremum
1090 5468 1330 5527 omnium
1355 5470 1532 5539 posuit
1569 5468 1866 5533 Simonem,
1898 5472 1991 5536 qui

440 5551 627 5610 revera
664 5552 781 5594 erat
830 5544 1066 5596 omnium
1099 5544 1321 5610 primus.
1351 5540 1549 5593 Eodem
1579 5552 1791 5608 quoque
1835 5541 1992 5592 modo

439 5606 649 5683 locutus
694 5623 778 5664 est
823 5613 1055 5683 Symeun
1089 5606 1481 5683 hletaplirastcs
1508 5612 1559 5683 in
1600 5606 1764 5683 Act—is
1802 5623 1987 5683 mami-

438 5681 657 5751 scriptis
709 5677 977 5750 passionis
1018 5681 1164 5736 Petri
1200 5680 1835 5751 Alexandriniepiscopi.
1878 5677 1992 5731 lllic

437 5748 580 5805 enim
607 5748 795 5807 Petrus
819 5752 875 5807 iu
917 5766 1139 5807 carcere
1165 5753 1373 5821 positus
1392 5748 1654 5803 Achillem
1683 5751 1991 5803 etAlcxau—

2105 4563 2171 4619 ne
2204 4581 2271 4620 ex
2293 4580 2400 4619 uno
2425 4563 2723 4634 eodemque
2752 4566 2970 4619 homine
3003 4566 3137 4618 duos
3166 4564 3473 4617 inconsulte
3500 4563 3669 4616 facia-

2104 4650 2241 4689 mus.
2267 4635 2480 4702 Quanto
2504 4638 2676 4689 satius
2706 4643 2810 4697 est,
2839 4635 2927 4689 ubi
2957 4635 3091 4689 duos
3120 4635 3412 4701 scriptores
3428 4635 3581 4702 inter
3607 4648 3669 4687 se

2100 4701 2387 4760 dissentire
2412 4706 2723 4765 viderimus,
2748 4704 2974 4757 alterum
3001 4704 3210 4756 illorum
3236 4703 3347 4757 falli
3376 4701 3663 4756 allirmare.

2100 4776 2253 4841 Quod
2278 4790 2401 4828 cum
2432 4776 2499 4830 de
2534 4777 2708 4828 sacris
2752 4776 2947 4828 litteris
2987 4774 3139 4827 nefas
3167 4774 3240 4826 sit
3263 4775 3465 4836 dicere,
3495 4774 3546 4825 in
3569 4770 3669 4826 Jo-

2099 4846 2325 4912 sephum
2367 4845 2525 4913 culpa
2569 4846 2748 4900 omnis
2781 4844 3109 4899 conterenda
3158 4853 3261 4896 est.
3303 4843 3422 4895 Alia
3454 4856 3670 4913 quoque

2099 4911 2422 4984 conciliandi
2460 4911 2601 4969 ratio
2640 4915 2936 4984 excogitari
2981 4920 3180 4984 potest,
3228 4915 3270 4966 si
3316 4914 3570 4984 dicamus
3606 4911 3666 4963 Β.

2099 4981 2297 5037 Lucam
2323 4986 2375 5037 in
2398 4999 2463 5037 eo
2494 4984 2608 5038 loco
2638 4979 3080 5054 κατῐπρόληψιν
3108 4979 3668 5054 Ιοοιιιιιιιιᾼεεεοηριιω

2097 5053 2315 5119 quidem
2376 5054 2544 5122 ﬁgura
2596 5049 3161 5122 occurrit'interdum
3202 5052 3363 5122 apud
3416 5049 3668 5122 antiquos

2096 5124 2388 5192 scriptores
2407 5120 2682 5192 {exempli
2704 5138 2865 5178 causa
2897 5124 3037 5190 apud
3068 5120 3346 5191 Virgilium
3364 5121 3664 5174 cumdicit:

2379 5223 2663 5283 portusque
2694 5215 2897 5284 require
2947 5204 3175 5266 Velinos.

2093 5328 2255 5398 Atqui
2277 5343 2397 5383 cum
2436 5332 2549 5383 haec
2570 5329 2883 5383 dicerentur
2914 5329 3121 5392 Iliaeae,
3170 5326 3407 5398 nondum
3448 5323 3665 5398 condita

2092 5396 2209 5452 erat
2237 5399 2403 5454 Velia.
2436 5399 2528 5453 Sic
2554 5414 2682 5469 ergo
2710 5399 2766 5452 Β.
2791 5398 2965 5454 Lineas
2988 5400 3268 5453 tumultum
3294 5396 3530 5451 Theudae
3552 5405 3667 5448 toto

2092 5470 2356 5545 decennio
2398 5469 3076 5545 anticipavit,.Gamahelis
3114 5470 3351 5523 orationi
3391 5474 3667 5545 narratio:

2094 5553 2214 5593 nem
2240 5539 2383 5591 illaut
2408 5535 2647 5608 quasi‘ex
2681 5535 2774 5592 sua
2795 5554 3026 5608 persona
3055 5542 3408 5608 interserens.
3430 5551 3495 5589 eo
3516 5535 3662 5604 quod

2091 5611 2336 5677 praesenti
2360 5607 2677 5677 argumento
2690 5607 2970 5677 aptissime
2996 5609 3345 5675 congruebat.
3372 5607 3533 5660 Certe
3557 5608 3665 5677 Eu-

2090 5673 2271 5731 sebius
2302 5673 2486 5733 nostér
2526 5679 2699 5733 locum
2728 5673 2792 5731 B.
2832 5679 2992 5732 Luca:
3040 5673 3125 5733 ita
3159 5681 3548 5746 interpretatus
3576 5673 3663 5728 vi-

2091 5750 2270 5816 detur,
2291 5758 2348 5803 ut
2369 5763 2435 5803 ex
2458 5751 2560 5803 hoc
2585 5750 2760 5819 capite
2781 5759 3026 5819 apparet.
