3966 6264
473 268 575 328 167

1047 388 1277 446 CAPUT
1319 389 1458 445 XIII.

961 484 1034 540 De
1078 486 1292 541 Simone
1343 485 1522 556 Mago.

537 659 749 717 Interea
802 676 921 716 cum
967 662 1078 732 jam
1122 661 1255 716 ﬁdes
1308 659 1621 717 Servatoris
1676 659 1849 716 nostri
1905 658 2032 715 Jesu

466 754 669 811 Christi
701 756 900 824 ubique
932 754 1125 810 diffusa
1161 765 1326 821 esset,
1356 754 1526 811 hostis
1561 755 1778 825 generis
1810 754 2033 810 humani

467 862 674 918 regiam
721 854 908 901 urbem
949 847 1053 902 sibi
1109 862 1378 916 occupare
1430 857 1700 918 satagens,
1756 845 2032 902 Simonem

463 937 614 994 illum
641 940 709 993 de
740 952 846 1009 quo
865 939 1116 1009 superius
1143 938 1344 993 dictum
1365 945 1471 1002 est,
1497 951 1562 992 eo
1587 937 1843 993 destinat.
1867 936 2034 1007 Cujus

460 1029 690 1086 nefariis
719 1028 932 1084 artibus
955 1029 1217 1085 auxilium
1252 1037 1414 1098 atque
1441 1043 1664 1098 operam
1697 1043 1854 1084 suam
1888 1043 2032 1084 com-

461 1123 713 1189 modans,
757 1120 1023 1193 plurimos
1050 1136 1236 1177 eorum
1274 1119 1367 1190 qui
1400 1119 1589 1175 Romae
1639 1120 1944 1190 degebant.
1977 1120 2030 1175 in

459 1227 703 1270 errorem
773 1214 1022 1269 inductos
1065 1213 1168 1299 sibi
1228 1213 1584 1284 mancipavit.
1661 1210 1922 1268 Testatur
1976 1213 2029 1267 id

458 1305 722 1373 Justinus,
756 1306 848 1377 qui
878 1322 982 1362 non
1011 1306 1202 1378 procul
1237 1305 1306 1361 ab
1345 1304 1718 1375 apostolorum
1767 1305 2030 1373 tempori-

459 1398 562 1454 bus
603 1401 742 1453 Inter
774 1397 1056 1468 religionis
1087 1406 1285 1453 nostrae
1323 1405 1639 1452 sectatores
1669 1395 1901 1451 maxime
1934 1395 2031 1451 ﬂo-

458 1492 588 1546 ruit.
617 1489 692 1546 De
715 1506 822 1560 quo
854 1490 972 1544 viro
997 1489 1225 1544 inferius
1246 1503 1346 1544 suo
1373 1488 1429 1543 in
1464 1488 1583 1544 loco
1612 1503 1677 1544 ea
1710 1503 1828 1558 quae
1855 1487 2031 1545 virtus

458 1584 627 1656 ipsius
653 1583 911 1654 postulat,
953 1584 1148 1638 dicturi
1178 1598 1387 1638 sumus.
1434 1581 1534 1636 llic
1567 1582 1731 1652 igitur
1770 1583 1823 1637 in
1850 1582 2029 1653 priore

456 1675 790 1747 Apologelico
810 1689 969 1744 quem
1010 1690 1108 1744 pro
1142 1683 1328 1728 nostra
1360 1674 1608 1728 doctrina
1642 1675 1707 1727 ad
1738 1674 2029 1745 imperato-

1205 274 1468 330 EUSEBll
1503 249 1978 331 anssa'mu’sts
2014 273 2161 330 OPP.
2203 275 2381 334 mus
2415 278 2459 334 ι.
2496 307 2569 319 -
2603 277 2991 339 ﬂlSTORlCA.

2065 399 2113 454 A

3601 283 3711 341 .168

2662 398 3055 453 ΚΕΦΑΛΑῙΟΝ
3078 401 3176 455 Il".

2136 484 2278 553 Περὶ
2337 486 2599 558 Σίμωνος
2632 488 2741 559 ⁶ι’ρῦ
2775 488 2980 559 Μάγου
3015 489 3153 559 (Nic.
3179 489 3253 544 Η.
3286 488 3355 546 Ε.
3385 507 3450 559 tl,
3474 491 3565 559 14,
3597 491 3707 557 27ς

2644 555 2777 615 Eas.
2813 555 2950 614 inira
3002 555 3075 626 tv,
3108 561 3225 630 21).

2216 647 2373 703 Ἀλλά
2404 647 2513 722 γάρ
2545 648 2645 720 τῆς
2686 654 2769 714 είς
2801 650 2893 704 τὸν
2919 651 3149 723 Σωτῆρα
3178 652 3273 706 καὶ
3303 651 3508 724 Κύριον
3549 653 3710 725 ἡμῶν

2145 741 2350 814 Ἰησοῦν
2376 743 2609 815 Χριστὸν
2643 743 2725 808 εἰς
2756 743 2963 808 πάντας
2995 743 3316 815 ἀνθρώπους
3348 745 3451 816 ἤδη
3475 744 3711 799 διαδεδο-

2135 833 2302 905 μένης
2334 834 2567 900 πίστεως
2612 835 2744 906 (45),
2773 837 2802 889 ὁ
2842 836 2941 907 τῆς
2969 834 3269 909 ἀνθρώπων
3298 836 3556 909 πολέμιος
3604 855 3712 891 σω-

2131 924 2342 997 τηρίας,
2372 926 2471 999 τὴν
2498 925 2887 997 βασιλεύουσαν
2921 927 3380 999 προαρπάσασθαι
3413 928 3569 982 πόλιν
3599 946 3708 1001 μη-

2131 1016 2462 1090 χανώμενος,
2508 1017 2742 1073 ἐνταῦθα
2778 1019 2997 1091 Σίμωνα
3023 1020 3115 1074 τὸν
3145 1020 3380 1093 πρόσθεν
3398 1021 3702 1093 δεδηλωμέ-

2129 1127 2218 1166 νον
2242 1111 2383 1180 ἇγει,
2413 1111 2507 1164 καὶ
2543 1109 2608 1182 δὴ
2630 1112 2751 1173 ταῖς
2773 1110 3037 1182 ἐντέχνοις
3067 1112 3291 1184 τάνδρὸς
3319 1113 3709 1185 συναιρόμενος

2129 1204 2423 1276 γοητείαις,
2462 1202 2680 1268 πλείους
2703 1202 2815 1257 τῶν
2853 1202 2953 1276 τὴν
3014 1202 3234 1276 Ῥώμην
3275 1198 3569 1259 οἰκούντων
3611 1206 3708 1260 ἐπὶ

2128 1295 2228 1367 τὴν
2257 1295 2461 1367 πλάνην
2493 1292 2888 1366 σφετερίζεται.
2911 1294 3072 1366 Δηλοϊ
3096 1295 3152 1348 δὲ
3186 1294 3346 1350 τοῦτο
3375 1297 3492 1368 μετ’
3515 1297 3579 1351 οὐ
3607 1315 3707 1351 πο-

2125 1387 2192 1441 λὺ
2227 1387 2334 1440 τῶν
2358 1378 2666 1441 ἀποστόλων
2695 1387 2752 1441 ὲν
2777 1386 2855 1459 τῷ
2887 1386 3008 1441 καθ’
3047 1389 3194 1460 ἡμᾶς
3232 1387 3533 1460 διαπρέψας
3558 1388 3704 1460 λόγῳ

2142 1477 2440 1543 Ἰουστῖνος,
2476 1479 2603 1551 περὶ
2616 1471 2676 1532 οὗ
2701 1477 2772 1532 τά
2792 1480 3133 1551 προσήκοντα
3151 1482 3293 1535 κατά
3319 1480 3509 1554 καιρὸν
3533 1497 3706 1554 παρα-

2130 1566 2384 1639 θήσομαι.
2414 1566 2523 1622 Καί
2544 1585 2633 1639 μοι
2656 1565 2836 1620 λαϐὼν
2864 1567 3136 1637 ἀνάγνωθι
3160 1568 3311 1622 τοῦδε
3336 1570 3436 1641 τὴν
3460 1570 3699 1643 γραφὴν,

2127 1659 2194 1730 ἢν
2217 1660 2274 1713 έν
2295 1660 2359 1731 τῇ
2390 1659 2629 1731 προτέρᾳ
2654 1660 2789 1731 πρὸς
2816 1660 3126 1714 Ἀντωνῖνον
3140 1660 3281 1733 ὑπὲρ
3299 1660 3394 1714 τοῦ
3422 1661 3701 1732 καθ’ήμᾶς

456 1782 573 1823 rem
603 1767 929 1823 Antoninum
963 1765 1315 1835 conscripsit,
1350 1765 1429 1821 sic
1459 1767 1536 1820 ait
1564 1781 1578 1819 :
1607 1784 1627 1818 ι
1656 1765 1788 1822 Post
1811 1767 2017 1822 Domini

2127 1749 2394 1821 δόγματος
2429 1753 2746 1822 Ἀπολογίᾳ
2773 1751 2881 1824 (44)
2918 1752 3143 1824 γράφων
3184 1748 3285 1809 ὧδέ
3316 1770 3498 1825 φησιν’
3537 1772 3556 1805 ι
3590 1753 3702 1810 Καὶ

456 1860 627 1915 nostri
697 1858 751 1913 in
831 1859 1027 1914 coelum
1102 1873 1432 1925 ascensum,
1516 1858 1724 1927 inquit,
1797 1859 2017 1915 immissi

2130 1843 2266 1916 μετά
2294 1843 2390 1914 τὴν
2415 1843 2679 1915 ἀνάληψιν
2709 1844 2802 1897 τοῦ
2840 1845 3045 1917 Κυρίου
3076 1847 3155 1910 είς
3187 1845 3433 1917 οὐρανὸν,
3469 1844 3703 1916 προεϐά-

457 1959 585 2006 sunt
612 1965 641 2005 a
673 1950 914 2005 daemone
947 1951 1196 2006 homines
1224 1951 1442 2020 quidam
1465 1992 1480 2016 ,
1513 1952 1606 2021 qui
1649 1964 1709 2005 se
1748 1948 1880 2006 deos
1909 1964 2027 2006 esse

457 2043 719 2099 dicerent.
769 2040 918 2108 Quos
969 2041 1187 2111 quidem
1230 2041 1475 2097 homines
1515 2050 1727 2096 tantum
1768 2042 1922 2098 abest
1966 2049 2027 2097 ut

457 2135 728 2203 persecuti
755 2133 899 2199 sitis,
944 2133 1072 2200 quin
1096 2133 1273 2202 potius
1298 2132 1551 2187 maximis
1574 2132 1869 2189 honoribus
1896 2132 2027 2189 aﬂ‘e-

458 2223 764 2280 ceritis.Ex
821 2224 888 2279 iis
942 2224 1046 2279 fuit
1097 2224 1285 2279 Simon
1346 2224 1566 2293 quidam
1620 2223 2024 2290 Samaritanus,

454 2327 612 2372 ortus
656 2329 687 2370 e
740 2315 860 2369 vico
910 2315 1002 2384 qtti
1064 2313 1253 2370 Gitton
1307 2315 1522 2382 dicitur,
1582 2316 1673 2387 qui
1724 2318 2025 2388 principatu

455 2407 667 2462 Claudii
706 2406 954 2476 Augusti,
997 2421 1120 2461 cum
1164 2421 1264 2476 per
1307 2408 1675 2477 operationem
1721 2409 2023 2464 daemonum

453 2499 619 2554 multa
654 2499 876 2567 magicae
927 2498 1063 2552 artis
1109 2498 1370 2552 miracula
1416 2498 1471 2552 in
1510 2498 1648 2553 urbe
1683 2508 1861 2553 vestra
1906 2514 2025 2568 qua:

454 2590 667 2661 imperii
698 2601 859 2658 caput
887 2598 990 2653 est,
1019 2588 1284 2643 edidisset
1309 2629 1325 2651 ,
1353 2588 1485 2644 deus
1521 2604 1552 2643 a
1579 2589 1730 2644 vobis
1757 2584 1840 2644 est
1868 2589 2022 2644 habi-

454 2688 561 2745 tus,
622 2686 968 2747 statuamque
1002 2678 1078 2731 illi
1131 2676 1355 2748 perinde
1404 2693 1468 2733 ac
1518 2679 1619 2734 deo
1669 2679 1924 2749 posuistis
1970 2679 2020 2734 in

457 2770 638 2825 insula
663 2770 915 2824 Tiberina
943 2773 1085 2826 inter
1123 2771 1257 2825 duos
1283 2778 1503 2837 pontes.
1536 2782 1661 2825 cum
1691 2771 1793 2826 hac
1828 2770 2020 2825 inscri-

456 2855 913 2925 ptione:Stuout
974 2856 1085 2911 Deo
1150 2855 1384 2911 Sucro.
1459 2855 1617 2914 Hunc
1690 2858 2019 2914 Samaritani

455 2963 624 3020 prope
674 2963 888 3013 omnes,
939 2957 993 3003 et
1029 2956 1101 3003 ex
1122 2949 1244 3004 aliis
1278 2949 1527 3018 gentibus
1556 2949 1824 3017 nonnulli,
1875 2965 2016 3025 sun)-

455 3058 601 3097 mum
626 3042 789 3096 Deum
823 3057 944 3097 esse
971 3042 1311 3108 conﬁtentes,
1335 3041 1594 3095 Helenam
1621 3055 1838 3111 quoque
1862 3056 2043 3096 vene--

2126 1933 2277 1988 λοντο
2303 1935 2352 1988 οἱ
2380 1935 2630 2006 δαίμονες
2646 1933 2963 2005 ἀνθρώπους
2988 1934 3159 2001 τινὰς,
3189 1936 3443 2005 λέγοντας
3474 1937 3703 2001 ἑαυτοὺς

2125 2023 2264 2081 εἶναι
2292 2027 2466 2092 θεούς·
2499 2028 2548 2082 οἳ
2576 2029 2637 2084 οὐ
2676 2030 2835 2101 μόνον
2873 2030 2974 2084 οὐκ
3007 2027 3339 2101 ἐδιώχθησαν
3384 2029 3473 2097 ὑφ’
3521 2028 3698 2100 ὑμῶν,

2124 2120 2261 2174 ἀλλά
2293 2121 2386 2174 καὶ
2415 2120 2590 2190 τιμῶν
2613 2120 2942 2193 ὴξιώθησανο
2979 2122 3197 2192 Σίμωνα
3228 2121 3327 2192 μέν
3350 2138 3476 2191 ,τινα
3509 2122 3699 2193 Σαμα-

2128 2215 2225 2287 ρέα
2249 2214 2339 2267 τὸν
2363 2214 2472 2268 ἀπὸ
2512 2213 2704 2286 κώμης
2749 2214 3046 2286 λεγομένης
3093 2212 3293 2267 Γίττων
3328 2214 3462 2287 (Ᾱὸ),
3501 2214 3561 2278 ὃς
3604 2215 3700 2269 ἐπὶ

2123 2306 2394 2360 Κλαυδίου
2422 2306 2701 2379 Καίσαρος
2737 2306 2826 2360 διά
2855 2306 2955 2377 τῆς
2986 2305 3094 2360 τῶν
3123 2305 3484 2378 ἐνεργούντων
3510 2306 3703 2377 δαιμὸο

2124 2414 2230 2450 νων
2261 2384 2454 2469 τέχνης
2498 2398 2756 2470 δυνάμεις
2793 2398 3032 2469 μαγικάς
3061 2399 3292 2469 ποιήσας
3327 2400 3418 2451 ἐπὶ
3447 2400 3513 2469 τῇ
3544 2398 3701 2459 πόλει

2124 2491 2275 2563 ὑμῶν
2296 2494 2362 2563 τῇ
2397 2491 2624 2562 βασιλίδι
2640 2491 2821 2564 Ῥώμῃ
2843 2491 2963 2556 θεὸς
2988 2491 3266 2560 ἐνομίσθη,
3303 2493 3397 2544 καὶ
3420 2491 3701 2563 ἀνδριάντι

2123 2586 2254 2655 παρ’
2288 2585 2417 2655 ὑμῖν
2445 2585 2520 2648 ὡς
2566 2584 2686 2649 θεὸς
2712 2584 3023 2656 τετίμηται,
3068 2586 3125 2638 ὲν
3154 2583 3232 2655 τῷ
3258 2584 3442 2655 Τίϐερι
3468 2582 3701 2655 ποταμῷ

2126 2674 2328 2747 μεταξὺ
2351 2675 2458 2729 τῶν
2474 2676 2566 2730 δύο
2590 2677 2863 2748 γεφυρῶν,
2884 2676 3021 2746 έχων
3045 2676 3355 2749 ἐπιγραφὴν
3382 2676 3701 2748 Ῥωμαϊκὴν

2120 2766 2343 2837 ταύτην,
2378 2766 2617 2819 ΣΙΜΩΝΙ
2643 2766 2770 2817 ΔΕΩ
2814 2762 3083 2817 ΣΑΓΚΤΩ
3129 2763 3260 2834 (46),
3301 2763 3437 2833 ὅπερ
3463 2762 3578 2815 ἐστὶ
3605 2760 3699 2812 Σί-

2125 2869 2275 2924 μωνι
2294 2853 2404 2922 θεῷ
2427 2858 2589 2928 ἁγίῳ,
2636 2856 2747 2909 Καὶ
2780 2855 2964 2926 σχεδὸν
3014 2857 3111 2928 μὲν
3153 2855 3354 2919 πάντες
3400 2857 3695 2928 Σαμαρεῖς,

2121 2946 2289 3016 ὀλίγοι
2321 2948 2375 3002 δὲ
2406 2949 2498 3001 καὶ
2520 2950 2577 3002 ἐν
2607 2949 2784 3013 ἄλλοις
2820 2948 3045 3013 ἔθνεσιν,
3071 2948 3146 3012 ώς
3175 2948 3267 3000 τὸν
3309 2945 3524 3019 πρῶτον
3563 2946 3698 3001 Θεὸν

2121 3041 2325 3094 ἐκεῖνον
2356 3040 2739 3112 ὁμολογοῦντες
2776 3040 3162 3113 προσκυνοῦσι,
3206 3040 3316 3093 Καὶ
3355 3038 3571 3111 Ἑλένην
3606 3056 3697 3093 τι-

452 3145 663 3199 rantur,
717 3149 835 3204 quae
898 3133 1054 3188 initio
1101 3133 1316 3203 quidem
1373 3133 1511 3202 apud
1571 3131 1776 3205 Tyrum
1827 3132 2015 3188 urbem

2123 3132 2186 3186 νά
2215 3132 2322 3205 (47)
2351 3132 2450 3203 τὴν
2472 3134 3045 3205 συμπερινοστήσασαν
3073 3131 3219 3203 αὐτῷ
3250 3133 3366 3186 κατ’
3402 3133 3577 3187 ἐκεῖνο
3597 3130 3695 3187 τοῦ

449 3224 734 3282 Phoenices
764 3225 865 3296 51
893 3226 1100 3293 publice
1129 3227 1183 3280 in
1208 3225 1452 3295 lupanari
1472 3227 2012 3295 prostiterat,postea

451 3331 585 3371 vero
626 3317 824 3386 ubique
860 3316 1134 3372 Simonem
1173 3326 1443 3373 assectata
1471 3326 1557 3373 est
1588 3331 1857 3386 :eamque
1901 3318 2014 3387 pri-

433 3409 595 3462 mam
633 3409 827 3463 summi
869 3409 962 3463 Dei
1007 3409 1281 3464 notionem
1330 3424 1451 3464 esse
1500 3407 1830 3463 afﬁrmant.»
1893 3407 2016 3495 Haec

452 3498 715 3555 Justinus.
764 3500 861 3555 (ιιιί
914 3500 1209 3555 subscribit
1242 3500 1405 3555 etiam
1450 3500 1685 3557 lreuazus
1728 3498 1780 3553 in
1838 3500 2015 3571 primo

451 3588 648 3643 Contra
669 3589 887 3644 hwrescs
920 3589 1080 3657 libro,
1103 3590 1153 3644 in
1177 3606 1284 3660 quo
1312 3591 1479 3644 vitam
1506 3590 1740 3644 hominis
1759 3589 2015 3659 etimpie-

451 3688 620 3736 tatem
656 3690 708 3735 et
740 3681 1156 3749 impurissimam
1203 3681 1505 3737 doctrinam
1551 3681 1791 3750 exponit.
1842 3681 2012 3747 Quam

450 3773 664 3842 quidem
698 3774 801 3827 hoc
833 3772 949 3828 loco
994 3774 1194 3829 referre
1226 3774 1549 3844 superﬂuum
1586 3773 1784 3838 fuerit,
1815 3774 2013 3844 quippe

449 3881 572 3921 cum
600 3881 704 3920 non
737 3865 903 3934 ipsius
949 3867 1106 3923 modo
1141 3864 1381 3921 Simonis
1404 3905 1420 3930 ,
1472 3866 1566 3921 sed
1599 3875 1652 3920 et
1680 3865 2010 3936 reliquorum

522 4042 633 4114 (4⁵5)
668 4043 825 4114 -Ἠδη
873 4043 1284 4114 διαδεδομένης
1353 4042 1632 4110 πίστεως.
1702 4045 1755 4098 In
1824 4047 2012 4104 codice

451 4111 621 4188 Mat,
667 4111 821 4188 Med.
868 4129 931 4168 ac
979 4111 1143 4168 Savtl.
1190 4116 1383 4183 legitur
1431 4115 1822 4187 διαδιδομένης,
1872 4120 2014 4188 quod

450 4184 622 4250 magis
643 4183 832 4252 placet.

527 4250 760 4320 (44)"Er
778 4250 851 4319 τῇ
881 4251 1133 4320 προτέρᾳ
1165 4252 1738 4319 πρόςἌντωνῖνον...
1771 4255 2018 4313 Ἀπολο-

449 4322 571 4393 ⁸ιτίᾳ.
604 4319 702 4393 Hic
726 4319 920 4393 .lustini
945 4319 1095 4393 locus
1119 4338 1220 4376 non
1240 4324 1303 4375 ‘iu
1331 4324 1529 4391 priore,
1569 4327 1660 4379 sed
1697 4326 1750 4378 in
1779 4330 2016 4383 secundo

447 4390 566 4460 ejus
603 4390 932 4459 Apologetico
968 4390 1125 4445 hodie
1166 4401 1358 4445 exstat.
1411 4393 1602 4447 Verum
1648 4395 1908 4451 Eusebius
1954 4400 2005 4451 in

448 4463 679 4517 citandis
718 4460 910 4517 Justini
949 4461 1315 4529 Apologelicis,
1363 4463 1525 4525 alium
1567 4465 1815 4518 ordinem
1851 4480 2008 4520 secu-

451 4543 536 4587 tus
552 4542 654 4594 est,
680 4546 840 4599 quam
872 4533 1097 4600 vulgata:
1120 4532 1400 4586 editiones.
1436 4532 1669 4587 Primum
1693 4535 1837 4588 enim
1865 4551 2005 4590 sem-

447 4616 545 4671 per
575 4612 727 4655 vocat
753 4618 873 4656 eum
902 4604 992 4671 qui
1025 4602 1077 4655 iu
1107 4602 1336 4670 vulgatis
1365 4603 1691 4658 editionihus
1710 4615 1793 4658 est
1814 4621 2007 4659 secun-

449 4673 577 4742 dus;
604 4671 961 4725 etsecundqu
993 4673 1080 4740 qui
1126 4673 1287 4740 vulgo
1314 4683 1397 4728 est
1431 4673 1653 4742 primus.
1684 4675 1798 4740 Qua
1831 4676 1896 4730 de
1946 4691 2005 4731 re

446 4741 687 4809 pluribus
712 4742 850 4811 inira
878 4742 1265 4811 disputabitur.

522 4810 629 4880 (45)
653 4810 784 4865 Ἀπὸ
815 4809 1080 4878 κώμης...
1108 4812 1351 4865 Γίττων.
1378 4809 1625 4866 Clemens
1645 4811 1696 4865 in
1724 4812 1818 4867 lib.
1845 4829 1884 4868 tl
1914 4812 2007 4868 Re-

448 4881 639 4949 cogm't.
666 4881 886 4935 :Simon
916 4882 1017 4942 hic,
1047 4884 1238 4950 inquit,
1262 4895 1408 4949 patre
1436 4881 1682 4943 Antonio,
1709 4895 1874 4937 matre
1901 4884 2005 4937 Ra-

445 4951 561 5004 chel
587 4960 736 5003 natus
765 4958 875 5002 est:
902 4962 1050 5020 gente
1088 4950 1388 5006 Sumaraaus
1423 4968 1489 5006 ea:
1527 4952 1633 5006 vico
1666 4950 1999 5022 Gya/corum,

444 5030 560 5074 arte
582 5034 786 5087 magus,
808 5029 913 5074 etc.

517 5087 628 5156 (46)
659 5089 875 5161 Σίμωνι
904 5088 1307 5161 δέῳο-ἁγικτῳ.
1345 5090 1460 5146 Jam
1490 5091 1686 5145 dudum
1726 5093 1827 5147 viri
1861 5093 2004 5149 docti

443 5156 817 5230 observarunt,
840 5156 1111 5230 imperitia
1140 5156 1352 5215 Latina:
1388 5162 1581 5230 lingua:
1627 5162 1835 5229 |apsum
1883 5180 2005 5219 esse

443 5224 713 5301 Jusli_nu_i_u
761 5229 850 5298 qui
900 5224 1130 5283 statuam
1166 5233 1383 5285 Semoni
1429 5224 1606 5286 Since
1645 5224 1896 5301 positam,
1929 5235 2008 5288 Si-

446 5297 593 5370 moni
644 5295 797 5370 Mago
844 5308 1108 5370 sacratam
1167 5302 1334 5355 fuisse
1383 5295 1672 5370 putaverit,
1725 5295 2006 5358 vicinitate

442 5365 1221 5445 nominum—deceptus._Certe
1244 5365 1421 5425 statu'a
1457 5372 1547 5445 illa
1586 5388 1744 5445 quam
1770 5373 1821 5426 in
1854 5373 2006 5445 insu-

442 5433 492 5490 la
525 5432 774 5491 Tiberina
803 5432 1007 5493 viderat
1040 5438 1306 5507 Justinus,
1344 5457 1449 5496 non
1479 5442 1550 5494 ita
1583 5432 1781 5496 dudum
1811 5441 2002 5499 eﬂ‘ossa

439 5515 527 5560 est
550 5521 671 5579 cum
699 5522 761 5561 ea
791 5508 1134 5578 inscriptione
1161 5526 1321 5579 quam
1355 5512 1463 5565 dixi
1491 5527 1678 5567 senem
1704 5528 1871 5567 saxeo
1900 5527 2002 5567 nso

441 5576 845 5651 fiot9.__Sancus
873 5576 1004 5635 deus
1038 5591 1153 5634 erat
1178 5576 1321 5650 apud
1352 5580 1583 5637 Sabinos
1616 5585 1705 5651 qui
1741 5584 1917 5651 pactis
1946 5593 2005 5638 et

439 5641 734 5727 {(Bdérj‘bus
762 5660 1012 5727 praeerat,
1049 5668 1077 5704 a
1107 5641 1803 5727 sanciendo_1lictus.:Uttile
1835 5654 1998 5707 etiam

435 5711 588 5790 Deus.
610 5711 794 5775 Fidius
830 5711 1141 5789 vocabatur,
1176 5737 1203 5777 a
1236 5723 1359 5789 ﬁde.
1403 5722 1539 5789 Quin
1571 5723 1731 5779 etiam
1759 5736 1855 5793 per
1882 5738 1999 5780 sum

2120 3223 2333 3295 καιροῦ,
2363 3223 2625 3296 πρότερον
2659 3226 2750 3278 ἐπὶ
2770 3225 2961 3293 τέγους
2983 3224 3272 3279 σταθεῖσαν
3307 3224 3418 3299 (48)
3443 3226 3500 3279 ὲν
3527 3226 3699 3299 Τύρῳ

2117 3317 2216 3387 τῆς
2244 3316 2512 3389 Φοινίκης,
2544 3317 2642 3390 τὴν
2676 3318 2769 3371 ἀπ’
2801 3316 2963 3374 αὑτοῦ
3000 3316 3221 3389 πρώτην
3252 3317 3459 3373 ἔννοιαν
3504 3318 3688 3389 λέγου-

2122 3426 2224 3466 σιν.
2258 3429 2276 3463 ι
2308 3410 2491 3465 Ταῦτα
2528 3411 2627 3482 μὲν
2654 3405 2824 3473 οὗτος.
2856 3410 3075 3483 Συνᾴδει
3104 3411 3150 3464 δ’
3179 3409 3324 3484 αὐτῷ
3353 3411 3445 3464 καὶ
3474 3412 3502 3464 ό
3526 3412 3697 3485 Εἰρη-

2120 3505 2264 3566 ναῖος
2285 3503 2342 3555 ὲν
2371 3502 2572 3576 πρώτῳ
2591 3502 2699 3555 τῶν
2730 3505 2885 3571 Πρὸς
2899 3503 3006 3569 τὰς
3019 3502 3294 3571 αἱρέσεις,
3321 3503 3454 3574 ὁμοῦ
3470 3506 3536 3559 τὰ
3560 3508 3695 3577 περὶ⁹

2118 3595 2209 3652 τὸν
2236 3596 2404 3668 ἄνδρα
2423 3596 2517 3649 καὶ
2541 3595 2637 3666 τὴν
2668 3594 2885 3649 ἀνοσίαν
2903 3596 2997 3649 καὶ
3028 3594 3230 3666 μιαρὰν
3246 3595 3409 3649 αὐτοῦ
3437 3596 3692 3652 διδασκα-

2066 3714 2075 3725 -
2118 3684 2237 3738 λίαν
2283 3686 2632 3757 ὑπογράφων,
2659 3685 2726 3757 ἣν
2774 3685 2866 3738 ἐπὶ
2904 3684 3001 3739 τοῦ
3033 3684 3299 3757 παρόντος
3340 3686 3596 3757 περιττὸν
3619 3689 3691 3751 ἀν

2117 3777 2203 3847 εἴη
2233 3776 2569 3846 καταλέγειν,
2594 3776 2766 3849 παρὸν
2789 3779 2902 3840 τοῖς
2925 3776 3287 3847 βουλομένοις,
3316 3778 3409 3830 καὶ
3433 3777 3541 3833 τῶν
3567 3781 3689 3851 μετ’

2115 3867 2276 3921 αὑτὸν
2317 3867 2456 3923 κατὰ
2507 3867 2668 3940 μέρος
2699 3866 3062 3940 αἰρεσιαρχῶν
3093 3868 3190 3932 τὰς
3222 3868 3393 3940 ἀρχὰς
3424 3871 3516 3923 καὶ
3557 3872 3688 3938 τοὺς

2116 4053 2299 4123 iurare
2345 4055 2488 4111 soliti
2535 4064 2690 4110 erant
2721 4054 2971 4108 Romani.
3026 4051 3355 4108 Fefelierunt
3411 4053 3682 4112 Justinum

2124 4127 2446 4180 Samaritaui
2484 4127 2723 4191 quidam,
2752 4124 2843 4193 qui
2888 4133 3118 4177 statuam
3158 4123 3302 4176 illam
3335 4124 3541 4179 Simoni
3577 4126 3683 4181 Sa-

2124 4198 2390 4250 maritano
2409 4198 2637 4263 positam
2662 4194 2828 4248 fuisse
2853 4194 2901 4247 ei
2930 4205 3340 4264 persuaserunt;
3368 4195 3519 4264 quasi
3552 4211 3685 4254 vero

2124 4265 2348 4318 Romani
2377 4281 2589 4335 magum
2626 4280 2689 4319 ac
2719 4263 3162 4335 praestigiatorem
3200 4265 3376 4335 adhuc
3410 4266 3681 4325 viventem

2125 4330 2607 4396 consecravissent,
2642 4330 2741 4406 aut
2792 4335 2944 4403 quasi
2996 4330 3155 4386 deum
3198 4334 3408 4405 adjecto
3437 4336 3677 4406 epitheto

2128 4412 2377 4458 sanctum
2405 4403 2737 4461 vocaverint.

2180 4472 2287 4544 (47)
2329 4472 2580 4544 Ἑλένην
2599 4470 2752 4544 τινά.
2783 4470 3009 4544 ξζιιίίιιιιξ
3036 4466 3267 4544 Selenem
3298 4474 3472 4544 vocat.
3502 4466 3685 4544 ﬁtque

2108 4535 2449 4599 ita'Clemens
2491 4535 2545 4596 in
2571 4542 2661 4597 lib.
2698 4559 2739 4598 ιι
2783 4540 3239 4610 Recognitionum,
3272 4538 3357 4610 ubi
3408 4535 3573 4590 multa
3597 4535 3684 4592 ide

2106 4612 2209 4666 hac
2238 4613 2429 4666 Selene
2450 4627 2543 4665 seu
2558 4614 2705 4668 Luna
2736 4607 2939 4671 refert,
2959 4611 3092 4662 satis
3128 4607 3427 4660 recondita.

2179 4683 2287 4751 (i8)
2302 4681 2645 4750 Ἐπὶτέγους
2658 4680 3005 4737 σταθεῖσαν.
3025 4677 3216 4732 Nescio
3233 4691 3341 4745 quo
3358 4691 3485 4729 casu
3504 4675 3553 4751 in
3572 4675 3683 4729 edi-

2109 4747 2307 4808 tionem
2328 4751 2465 4807 Rob.
2493 4747 2923 4826 Stephanierror
2950 4752 3260 4826 irrepserat,
3279 4755 3342 4826 ut
3373 4760 3469 4826 pro
3486 4747 3681 4813 τέγους

2107 4825 2442 4877 Scriberetur
2488 4815 2691 4885 τέλους.
2742 4823 2859 4888 Quo
2908 4822 3213 4888 scripturae
3241 4815 3683 4888 vitiogdeceptus

2106 4891 2400 4955 Masculus,
2451 4894 2533 4945 vir
2590 4884 2873 4946 ntctliocris
2930 4884 3155 4957 ingenii,
3206 4887 3349 4957 hunc
3383 4884 3558 4957 locum
3607 4887 3681 4941 ita

2107 4965 2273 5016 vertit
2312 4982 2325 5017 :
2353 4978 2470 5033 quas
2494 4965 2719 5032 primum
2746 4965 2798 5015 in
2826 4955 3678 5034 teloniosteterat.ChristOphor-

2106 5046 2268 5104 sonus
2285 5025 2503 5102 quoque
2519 5035 2585 5085 ad
2619 5035 2865 5104 eumdem
2892 5030 3117 5097 lapidem
3133 5025 3384 5104 impegit.
3403 5025 3507 5104 “Sic
3533 5025 3678 5104 enim

2106 5092 2491 5171 interpretaius
2519 5111 2639 5155 est:
2673 5102 2802 5166 Qua:
2829 5092 2983 5153 ante};
3007 5097 3143 5171 apud
3178 5092 3370 5171 Tyrum
3392 5092 3681 5171 Phoenicia}

2105 5162 2399 5243 mereiricio
2438 5173 2659 5243 quaestui
2689 5162 2915 5243 seipsam
2967 5162 3337 5243 prostitaisset.
3381 5164 3562 5243 Quasi
3582 5162 3681 5219 ἐπὶ

2103 5242 2296 5313 τέγους
2337 5232 2474 5297 idem
2509 5251 2655 5313 esset
2691 5232 2879 5295 ac'érc‘t
2915 5232 3109 5309 μισθῷ.
3143 5235 3308 5313 Atqui
3338 5232 3682 5313 τέγος-ϐιω-

2105 5304 2190 5386 eis
2210 5304 2294 5368 est
2324 5314 2594 5386 πορνεῖον.
2619 5310 2865 5386 Clemens
2913 5304 3315 5386 Alexandrinus
3364 5306 3416 5357 iu
3446 5304 3561 5386 _lib_.
3616 5318 3681 5386 ιρι

2105 5375 2452 5437 διτοηιαιεώη
2480 5379 2640 5435 εΕἷεν
2678 5380 2720 5435 δ’
2748 5380 2812 5433 ἂν
2846 5380 2902 5431 ὲν
2935 5380 3055 5441 ταῖς
3086 5375 3292 5448 μείζοσι
3329 5375 3680 5448 παρ’-αὑτοῖς

2105 5451 2336 5519 ἐλπίσιν,
2368 5455 2426 5508 αἱ
2459 5450 2794 5522 προεστῶσαι
2823 5448 2916 5522 τοῦ
2959 5442 3153 5522 τέγους
3198 5442 3424 5522 πόρναι,
3453 5442 3682 5513 ἀναίδην

2106 5516 2473 5595 εἰσδεχόμεναι
2504 5516 2629 5585 τοὺς
2665 5520 3021 5595 βουλομένους
3048 5518 3314 5595 ἀπαντας.
3350 5516 3683 5595 Chrysosto-

2107 5609 2224 5647 mtts
2247 5581 2298 5646 iit
2316 5581 2559 5647 'oratione
2590 5581 2861 5645 d'e'sanrt'o
2888 5591 3091 5658 Babylo
3112 5600 3294 5642 contra
3314 5581 3552 5655 gentiles,
3577 5581 3683 5648 τὰς

2103 5663 2211 5717 ἀπὸ
2235 5661 2328 5717 τοῦ
2355 5663 2544 5732 τέγους
2567 5666 2828 5730 γυναῖκας
2860 5671 3017 5716 vocat
3038 5658 3373 5716 meretriCes.
