3966 6264
196 349 289 405 {69

1228 356 1573 414 HISTORle
1615 357 2172 417 ECCLESIASTICJE
2216 362 2341 417 LIB.
2385 363 2446 417 Il.

3330 374 3435 430 ΠΟ

194 464 358 534 βίους,
388 461 481 514 καὶ
493 460 608 515 τῶν
630 462 851 533 ψευδῶν
894 466 1234 539 διδαγμάτων
1263 470 1357 533 τὰς
1388 470 1688 533 ὑποθέσεις,
1719 471 1774 525 τό

1889 474 2157 531 haeretica:
2185 478 2468 546 pravitatis
2496 486 2776 535 auctorum
2818 482 2996 548 initia,
3028 483 3213 549 vitam,
3274 486 3437 542 falso-

191 575 251 610 τε
282 559 444 609 πᾶσιν
482 556 671 619 αὐτοῖς
701 560 1161 632 ἐπιτετηδευμένα
1190 562 1502 631 διαγνῶναι,
1543 562 1602 615 οὺ
1638 563 1777 615 κατὰ

190 650 467 720 πάρεργον
500 650 567 719 τῇ
590 648 942 723 δεδηλωμένῃ
970 652 1061 705 τοῦ
1094 654 1381 725 Είρηναίου
1414 653 1779 724 παραδεδομέ-

188 760 257 795 να
304 741 488 811 βίϐλῳ.
516 742 711 814 Πάσης
742 745 841 813 μὲν
873 740 968 798 οὖν
998 747 1238 817 ἀρχηγὸν
1272 746 1535 818 αἱρέσεως
1563 745 1778 818 πρῶτον

185 832 447 901 γενέσθαι
469 831 565 885 τὸν
593 832 815 905 Σίμωνα
859 836 1292 908 παρειλήφαμεν.
1342 837 1431 901 Ἐξ
1460 830 1519 891 οὗ
1561 839 1652 891 καὶ
1698 840 1777 902 εἰς

181 924 352 995 δεῦρο
372 925 423 977 oi.
456 925 561 996 τὴν
604 928 726 980 κατ’
766 928 927 981 αὐτὸν
961 930 1236 999 μετιόντες
1271 932 1499 1003 αἵρεσιν,
1542 932 1639 1001 τὴν
1671 929 1776 984 σώ-

183 1035 367 1089 φφνα
389 1019 489 1071 καὶ
515 1019 604 1072 διὰ
637 1020 987 1093 καθαρότητα
1017 1021 1127 1093 βίου
1162 1009 1313 1095 παρὰ
1352 1026 1482 1078 πᾶσι
1512 1024 1776 1095 βεϐοημέ-

183 1126 288 1177 νην
346 1110 694 1180 Χριστιανῶν
722 1112 1037 1183 φιλοσοφίαν
1080 1115 1514 1186 ὑποκρινόμενοι,
1564 1111 1632 1188 ῆς
1680 1117 1777 1186 μὲν

182 1202 379 1267 ἔδοξαν
396 1202 841 1258 ἀπαλλάττεσθαι
895 1224 961 1259 πε
972 1207 1021 1279 pl
1042 1207 1108 1260 τά
1130 1208 1323 1261 εἴδωλα
1364 1208 1778 1279 δεισιδαιμονίας

180 1296 346 1347 οὐδὲν
361 1290 531 1367 ἧττον
558 1293 713 1361 αὖθις
738 1298 1213 1369 ἐπιλαμϐάνονται,
1239 1300 1667 1365 καταπίπτοντες
1686 1302 1777 1353 ἐπὶ

180 1387 414 1457 γραφὰς
444 1390 539 1442 καὶ
567 1389 799 1453 εἰκόνας,
835 1391 997 1443 αὐτοῦ
1044 1409 1103 1443 τε
1150 1390 1244 1443 τοῦ
1274 1393 1514 1463 Σίμωνος
1546 1394 1637 1446 καὶ
1676 1393 1777 1463 τῆς

187 1484 295 1533 σὺν
325 1480 479 1551 αὐτῷ
504 1481 836 1552 δηλωθείσης
880 1482 1113 1553 Ἑλένης,
1153 1483 1454 1555 θυμιάμασί
1474 1503 1531 1537 τε
1562 1486 1654 1539 καὶ
1681 1485 1775 1539 θυ-

186 1573 340 1636 σίαις
393 1574 493 1625 καὶ
526 1573 779 1637 σπονδαῖς
827 1575 1043 1638 τούτους
1085 1575 1404 1647 θρησκεύειν
1438 1577 1777 1649 ἐπιχειροῦν-

184 1681 285 1726 τες
320 1662 456 1734 (49).
492 1665 574 1717 Τά
602 1663 658 1718 δὲ
687 1664 890 1719 τούτων
920 1666 1099 1729 αὐτοῖς
1120 1667 1549 1740 ἀπορῤητότερα,
1577 1663 1649 1722 ὧν
1677 1686 1778 1737 φα-

192 1772 249 1807 σι
272 1755 368 1807 τὸν
396 1757 617 1826 πρῶτον
643 1756 1017 1810 ἐπακούσαντα
1036 1758 1491 1830 ἐκπλαγήσεσθαι,
1520 1760 1612 1813 καὶ
1637 1762 1776 1816 κατά

1881 579 1996 617 rum
2026 566 2333 635 dogmatum
2362 582 2553 623 causas
2584 584 2647 622 ac
2686 570 2922 625 rationes
2943 611 2959 637 ,
3001 573 3177 627 studia
3204 573 3437 644 denique

1879 655 2193 711 etinstituta
2228 658 2585 728 singulorum,
2616 674 2680 715 ex
2716 662 3041 731 supradictis
3072 663 3258 719 lrenaei
3284 665 3437 723 libris

1882 761 1910 799 a
1941 761 2047 815 quo
2072 747 2188 801 haec
2218 757 2471 803 accurate
2506 750 2703 803 tradita
2749 762 2912 816 sunt,
2940 751 3103 807 liccat
3136 754 3439 812 volentibus

1880 850 2227 905 cognoscere.
2287 838 2429 892 Sane
2461 840 2601 893 hunc
2648 840 2919 895 Simonem
2956 843 3224 899 haeretica:
3258 849 3439 915 pravi-

1882 928 2005 983 tatis
2038 929 2337 999 principem
2370 938 2530 999 atque
2566 943 2839 987 auctorem
2882 935 3050 990 fuisse
3102 939 3436 1005 accepimus.

1882 1018 2033 1074 Unde
2081 1021 2145 1074 ad
2204 1030 2445 1075 nostram
2496 1037 2669 1093 usque
2704 1034 2918 1081 aetatem
2967 1028 3274 1098 quicunque
3320 1032 3438 1100 ejus

1879 1123 2082 1166 sectam
2114 1114 2457 1182 profitentur,
2486 1130 2607 1170 cum
2643 1132 2702 1172 se
2733 1118 3092 1174 Christianam
3122 1122 3435 1192 religionem

1879 1203 2090 1273 plenam
2116 1206 2393 1260 modestiae
2421 1216 2476 1261 et
2504 1209 2816 1265 sanctitatis
2858 1212 3107 1280 amplecti
3144 1215 3437 1270 simulave-

1882 1298 1987 1351 rint
2014 1317 2026 1351 :
2064 1307 2237 1353 tamen
2268 1309 2322 1354 et
2348 1303 2412 1354 ad
2442 1302 2872 1371 superstitiosum
2894 1305 3194 1362 daamonum
3227 1310 3432 1363 cultum

1878 1404 2037 1459 quem
2072 1391 2305 1457 abjicere
2344 1393 2443 1447 visi
2496 1394 2739 1463 fuerant,
2785 1398 3037 1467 deinceps
3087 1400 3436 1456 nihilominus

1880 1482 2209 1548 relabuntur,
2264 1486 2387 1538 dum
2422 1496 2546 1540 ante
2579 1485 2816 1543 Simonis
2860 1500 2913 1544 et
2944 1493 3264 1561 supradicta:
3296 1491 3437 1547 illius

1879 1570 2090 1627 Helena:
2132 1575 2371 1643 picturas
2427 1588 2587 1644 atque
2632 1578 2893 1646 imagines
2949 1581 3104 1649 proni
3136 1596 3255 1635 sese
3298 1580 3435 1649 abji-

1879 1664 2047 1729 ciunt,
2079 1681 2279 1735 eosque
2321 1667 2641 1723 sufﬁmentis
2672 1680 2725 1724 et
2755 1672 3037 1727 sacriﬁciis
3064 1687 3126 1726 ac
3154 1672 3433 1726 libationi-

1879 1752 1979 1809 bus
2010 1755 2186 1809 colere
2223 1773 2325 1810 non
2356 1770 2631 1813 verentur.
2676 1760 2739 1815 Et
2773 1777 2893 1832 quae
2927 1762 3066 1831 apud
3109 1762 3226 1817 illos
3251 1778 3435 1819 secre-

189 1865 245 1899 τι
280 1851 416 1917 παρ’
446 1849 631 1912 αὐτοῖς
657 1848 834 1915 λόγιον
864 1848 1133 1920 ἔγγραφον
1149 1849 1618 1923 θαμϐωθήσεσθαι,
1644 1852 1774 1925 θάμ-

1881 1846 2013 1899 liora
2068 1848 2353 1913 habentur,
2411 1852 2609 1919 quibus
2671 1852 2868 1907 auditis
2921 1853 3167 1921 protinus
3226 1854 3437 1909 animos

193 1939 324 2002 6w;
354 1939 431 2002 ὠς
464 1940 678 2010 ἀληθῶς
724 1941 816 1993 καὶ
850 1941 1058 2014 φρενῶν
1093 1943 1397 2008 ἐκστάσεως
1437 1944 1530 1997 καὶ
1577 1946 1772 2016 μανίας

196 2032 420 2101 {gratam
448 2033 729 2103 τυγχάνει,
753 2032 976 2086 τοιαῦτα
1001 2033 1147 2099 ὄντα,
1180 2034 1255 2098 ὡς
1287 2036 1360 2105 μὴ
1392 2036 1549 2106 μόνον
1582 2038 1655 2108 μὴ
1679 2038 1772 2090 δυ-

196 2124 334 2177 νατά
366 2119 509 2177 εἶναι
559 2118 927 2195 παραδοθῆναι
976 2128 1181 2197 γραφῇ,
1222 2127 1337 2180 ἀλλ’
1379 2128 1499 2180 οὐδὲ
1542 2128 1772 2198 χείλεσιν

197 2218 332 2269 αὐτὸ
364 2217 527 2287 μόνον
563 2218 631 2271 δι’
662 2218 960 2289 ὑπερϐολὴν
990 2220 1374 2290 αἰσχρουργίας
1398 2239 1455 2274 τε
1485 2223 1576 2275 καὶ
1602 2225 1774 2296 ἀρρη-

196 2308 463 2372 τοποιῖας,
500 2310 726 2381 ἀνδράσι
752 2308 987 2382 σώφροσι
1007 2311 1320 2383 λαληθῆναι.
1351 2316 1416 2367 Ὅ
1439 2333 1489 2368 τι
1520 2318 1649 2370 ποτὲ
1665 2318 1773 2390 γάρ

200 2400 265 2452 ἂν
286 2400 373 2471 εἴη
401 2402 769 2473 ῆέπινοηθείη
796 2406 992 2470 παντὸς
1021 2407 1245 2479 αἰσχροῦ
1276 2407 1775 2480 μιαρώτερον,τοῦ-

198 2510 262 2545 το
293 2495 403 2547 πᾶν
436 2496 858 2567 ὑπερηκόντισεν
889 2501 921 2570 ἡ
956 2499 1120 2552 τῶνδε
1156 2503 1515 2574 μυσαρωτάτη
1542 2502 1770 2575 αἵρεσις,

198 2587 324 2647 ταῖς
347 2584 561 2649 ἀθλίαις
578 2588 673 2640 καὶ
690 2589 951 2642 παντοίων
981 2591 1054 2654 ὡς
1074 2591 1285 2662 ἀληθῶς
1303 2593 1487 2648 κακῶν
1510 2612 1775 2666 σεσωρευ-

205 2678 396 2747 μέναις
416 2678 664 2749 γυναιξὶν
690 2681 1211 2749 ἐγκαταπαιζόντων.

733 2855 1127 2909 ΚΕΦΛΛΑῙΟΝ
1157 2857 1255 2910 ΙΔ¹.

207 2946 347 3014 Περὶ
397 2945 503 2999 τοῦ
531 2946 681 2998 κατὰ
718 2944 957 3029 Ῥώμην.
988 2948 1358 3070 κηρύγὲιατος
1397 2947 1621 3017 Πέτρου
1666 2949 1772 3003 τοῦ

507 3016 850 3070 ἀποστόλου
877 3018 1012 3070 (Nic.
1052 3018 1123 3070 II.
1202 3057 1214 3070 .
1259 3034 1314 3070 ll.
1348 3019 1461 3070 Ml.

507 3016 850 3070 ἀποστόλου
877 3017 1012 3085 (Nic.
1052 3018 1123 3072 II.
1150 3016 1214 3071 E.
1259 3034 1314 3080 tt,
1348 3019 1461 3077 Ml.

277 3110 547 3163 Τοιούτων
573 3109 758 3163 κακῶν
784 3109 993 3180 πατέρα
1023 3109 1115 3162 καὶ
1134 3110 1458 3182 δημιουργὸν
1484 3111 1576 3165 τὸν
1596 3110 1772 3182 Σίμω-

1881 1938 2207 1993 audientium
2234 1940 2380 1995 aiunt
2410 1943 2647 2011 percelli,
2679 1954 2733 1999 et
2768 1955 2825 1999 ut
2860 1946 3041 2001 verbis
3068 1955 3192 2001 utar
3231 1948 3435 2003 oraculi

1881 2031 2025 2101 quod
2083 2034 2443 2101 perscriptum
2496 2036 2749 2101 habent,
2808 2038 3161 2107 obstupefieri
3198 2057 3211 2093 :
3248 2055 3434 2094 revera

1881 2125 2116 2195 stuporis
2176 2134 2231 2181 et
2295 2127 2580 2180 dementiae
2630 2136 2791 2196 atque
2850 2128 3071 2183 insania:
3122 2130 3436 2197 plenissima

1880 2226 2011 2272 sunt
2040 2235 2054 2271 :
2083 2219 2216 2272 adeo
2246 2228 2305 2271 ut
2340 2233 2444 2271 non
2475 2219 2632 2272 modo
2655 2219 2870 2286 scriptis
2899 2218 3074 2288 prodi,
3108 2221 3199 2274 sed
3233 2234 3298 2273 ne
3328 2235 3438 2274 ser-

1882 2324 2039 2365 mone
2057 2309 2271 2379 quidem
2309 2307 2485 2363 ell‘erri
2518 2311 2724 2378 possint
2754 2326 2783 2363 a
2813 2310 3072 2365 modestis
3099 2310 3430 2372 hominibus,

1874 2405 1942 2458 ob
1981 2404 2199 2458 nimiam
2234 2402 2616 2471 turpitudinem
2652 2413 2810 2471 atque
2845 2402 3255 2456 obscenitatem.
3289 2402 3434 2457 Nihil

1879 2492 2019 2546 enim
2054 2503 2162 2546 tam
2191 2492 2461 2561 impurum
2492 2501 2584 2545 aut
2621 2506 2740 2546 esse
2763 2500 2855 2545 aut
2878 2492 3167 2561 excogitari
3196 2507 3431 2561 unquam

1875 2593 2071 2654 potest,
2127 2584 2271 2653 quod
2324 2582 2738 2653 ﬂagitiosissima
2793 2583 3002 2638 illorum
3064 2594 3211 2639 secta
3276 2586 3435 2657 longo

1874 2674 2158 2730 intervallo
2204 2692 2311 2729 non
2358 2684 2599 2745 superet,
2651 2676 2775 2729 dum
2831 2675 3042 2730 miseris
3086 2686 3249 2745 atque
3287 2678 3433 2733 omni

1881 2761 2084 2816 scelere
2112 2764 2380 2831 coopertis
2412 2762 2723 2816 mulieribus
2752 2761 2996 2820 illudunt.

2455 2849 2682 2907 CAPUT
2723 2852 2857 2907 XIV.

1981 2968 2058 3023 De
2083 2969 2456 3039 praedicatione
2482 2969 2629 3024 Petri
2664 2971 2889 3039 apostoli
2912 2972 2965 3023 in
2992 2972 3118 3026 urbe
3140 2971 3326 3028 Roma.

1949 3105 2101 3160 Hunc
2144 3105 2306 3175 igitur
2345 3114 2611 3160 tantorum
2654 3106 2919 3161 scelerum
2966 3117 3235 3164 auctorem
3277 3119 3438 3180 atque

206 3219 276 3257 να
303 3203 423 3255 κατ’
456 3204 629 3255 ἐκεῖνο
656 3200 871 3272 καιροῦ,
923 3171 1159 3272 ῶσπερεὶ
1187 3171 1492 3271 μέγαν-καὶ
1529 3171 1774 3273 μεγάλων

1881 3198 2232 3252 architectum
2266 3198 2543 3253 Simonem
2575 3200 2780 3253 daemon
2808 3199 3019 3253 virtutis
3052 3200 3333 3269 inimicus,
3375 3210 3434 3256 et

211 3294 495 3349 ἀντίπαλον
525 3294 630 3347 τῶν
657 3294 955 3347 θεσπεσίων
975 3294 1067 3347 τοῦ
1096 3294 1341 3365 Σωτῆρος
1371 3293 1526 3366 ἡμῶν
1545 3295 1775 3349 ἀποστό-

211 3387 338 3449 λων,
370 3391 404 3459 ἡ
432 3386 722 3457 μισόκαλος
778 3388 871 3439 καὶ
898 3387 993 3456 τῆς
1030 3385 1327 3458 ἀνθρώπων
1352 3387 1629 3451 ἐπίϐουλος
1672 3404 1775 3440 σω-

213 3479 399 3551 τηρίας
431 3478 644 3550 πονηρά
678 3479 904 3547 δύναμις
946 3478 1340 3548 προύστήσατο.
1382 3479 1568 3549 Ὅμως
1594 3479 1638 3531 δ’
1682 3474 1773 3531 οὖν

214 3574 382 3645 ὴθεία
426 3573 520 3626 καὶ
551 3571 939 3643 ὑπερουράνιος
972 3570 1151 3641 χάρις,
1177 3573 1288 3634 τοῖς
1324 3571 1489 3641 αὐτῆς
1524 3587 1774 3641 συναιρο-

218 3667 342 3737 μένη
377 3665 644 3728 διακόνοις
689 3662 837 3736 (50),
860 3664 924 3716 δι’
948 3664 1263 3731 ἐπιφανείας
1290 3663 1467 3716 αὐτῶν
1506 3664 1598 3716 καὶ
1632 3680 1765 3735 παρ-

213 3760 412 3822 ουσίας,
442 3757 822 3829 ἀναπτομένην
870 3755 963 3809 τοῦ
998 3757 1237 3828 πονηροῦ
1259 3757 1356 3827 τὴν
1388 3756 1558 3825 φλόγα
1678 3756 1777 3809 τά-

215 3866 302 3919 χος
346 3848 589 3913 ἐσϐέννυ,
623 3847 949 3901 ταπεινοῦσα
979 3846 1046 3899 δι’
1089 3846 1266 3899 αὐτῶν
1304 3847 1398 3899 καὶ
1444 3844 1777 3916 καθαιροῦσα

214 3943 315 3994 πᾶν
339 3940 539 4010 ὕψωμα
571 3939 925 4009 ἐπαιρόμενον
956 3938 1098 3992 κατά
1118 3939 1216 4010 τῆς
1245 3937 1492 4007 γνώσεως
1508 3937 1598 3990 τοῦ
1617 3936 1772 3989 Θεοῦ.

212 4035 296 4088 Διὸ
323 4034 388 4105 δὴ
422 4032 544 4085 οὔτε
573 4032 815 4102 Σίμωνος
849 4030 957 4084 οὒτ’
992 4030 1152 4085 ἄλλου
1184 4047 1276 4082 του
1323 4029 1427 4082 τῶν
1456 4028 1575 4081 τότε
1619 4028 1776 4097 φυέν-

212 4144 315 4181 των
365 4124 723 4197 συγκρότημά
758 4140 810 4176 τι
838 4123 956 4176 κατ’
990 4124 1181 4185 αὐτοὺς
1222 4120 1456 4183 ἐκείνους
1495 4119 1621 4182 τοὺς
1644 4120 1777 4172 ἀπο-

214 4220 487 4281 στολικοὺς
543 4218 750 4287 ὑπέστη
818 4216 1057 4288 χρόνους.
1131 4212 1453 4283 ’Υπερενίκα
1517 4210 1625 4282 γὰρ
1681 4210 1776 4262 καὶ

211 4307 504 4375 ὑπερίσχυε
542 4304 610 4357 τὰ
644 4305 819 4357 πάντα
868 4305 927 4357 τὸ
970 4304 1067 4373 τῆς
1103 4302 1356 4373 ἀληθείας
1386 4301 1628 4369 οφέγγος,
1661 4300 1688 4352 ὅ
1714 4316 1775 4353 τε

194 4397 359 4464 Λόγος
387 4396 547 4459 αὐτὸς
576 4397 605 4447 ὁ
627 4393 767 4458 θεῖος
787 4394 908 4466 ἄρτι
935 4392 1117 4446 θεόθεν
1142 4389 1445 4462 ἀνθρώποις
1466 4388 1775 4459 ἐπιλάμψας

211 4490 299 4541 ἐπὶ
330 4489 435 4559 γῆς
468 4505 528 4539 τε
561 4485 842 4557 ἀκμάζων,
872 4485 965 4538 καὶ
1008 4487 1119 4547 τοῖς
1152 4484 1299 4547 ἰδίοις
1338 4481 1651 4567 ἀποστόλοις
1674 4483 1773 4551 ἐμ-

212 4582 643 4652 πολιτευόμενος.
676 4581 880 4634 Αὐτίκα
924 4582 952 4633 ό
980 4577 1236 4650 δηλωθεὶς
1262 4577 1393 4646 γόης
1428 4576 1616 4646 ῶσπερ
1671 4573 1775 4626 ὑπὸ

213 4673 355 4736 θείας
392 4674 487 4726 καὶ
532 4672 831 4743 παραδόξου
890 4669 1253 4743 μαρμαρυγῆς
1298 4667 1367 4720 τὰ
1413 4668 1508 4738 τῆς
1542 4666 1776 4729 διανοίας

211 4767 439 4837 πληγεὶς
497 4766 751 4836 ὄμματα,
775 4766 862 4818 ὅτε
924 4764 1186 4836 πρότερον
1218 4761 1309 4814 ἐπὶ
1358 4760 1456 4829 τῆς
1519 4758 1775 4820 Ἰουδαίας

212 4859 294 4926 ἐφ’
322 4854 403 4921 οἷς
430 4860 594 4927 ἐπονη
604 4856 829 4927 ρεύσατο
855 4856 989 4927 πρὸς
1006 4853 1097 4907 τοῦ
1116 4850 1410 4907 ἀποστόλου
1425 4850 1627 4921 Πέτρου
1645 4867 1775 4903 κατ-

212 4948 491 5020 εφωράθη,
524 4948 785 5019 μεγίστην
819 4948 912 5001 καὶ
932 4945 1291 5017 ὑπερπόντιον
1312 4943 1526 5014 ἀπάρας
1549 4941 1773 5012 πορείαν

210 5042 306 5112 τὴν
334 5042 429 5094 ἀπ’
457 5039 748 5111 ἀνατολῶν,
777 5039 867 5091 ἐπὶ
890 5036 1099 5108 δυσμὰς
1134 5034 1303 5106 ᾤχετο
1334 5034 1570 5103 φεύγων,
1604 5033 1777 5102 μόνως

212 5134 383 5206 ταύτῃ
429 5131 619 5203 βιωτὸν
673 5129 822 5200 αὐτῷ
872 5127 1014 5183 κατὰ
1059 5126 1280 5199 γνώμην
1326 5121 1465 5178 εἷναι
1511 5124 1771 5195 οἰόμενος.

282 5364 399 5441 (i9)
426 5361 1265 5441 Epigonus:r‘émxfzpoﬁrtec.
1285 5361 1341 5415 In
1376 5356 1777 5441 tribusnostris

212 5437 487 5488 codicibus
506 5437 665 5499 Maz.,
690 5434 826 5489 Med.
856 5447 909 5487 et
932 5435 1063 5489 Fuk.
1104 5433 1359 5499 scriptum
1396 5433 1572 5485 inveni
1601 5433 1777 5496 ἐγχει-

215 5505 450 5574 ροῦντες.
508 5506 567 5559 Et
602 5506 765 5573 paulo
814 5516 953 5572 post,
1008 5505 1096 5558 ubi
1150 5503 1343 5574 legitur
1379 5500 1613 5574 Epnlsm
1645 5514 1776 5574 τυγ-

212 5568 381 5645 χάνει,
450 5568 622 5627 iideuf
665 5568 880 5628 codices
929 5568 1503 5645 Scriptumlcxhibent
1540 5568 1770 5645 ἔμπλεα.

210 5641 266 5698 in
328 5645 533 5712 Optimo
600 5653 781 5699 tamen
838 5641 1167 5715 exemplaria
1203 5641 1479 5715 Mazariuo
1542 5641 1769 5715 adnota-

204 5726 321 5783 ,tum
366 5710 474 5769 ‘est
540 5715 611 5769 ad
667 5715 818 5784 {latus
875 5710 1084 5782 eadem,
1138 5730 1303 5769 manu
1343 5714 1505 5786 :_Fp.
1555 5710 1775 5779 ἐπιχει-

201 5786 474 5864 πίητε-ς.

442 5880 721 5939 Ριτιιοι.
758 5878 875 5938 Gn.
910 5878 1040 5940 XX.

1874 3290 2150 3344 hominum
2206 3291 2366 3345 saluti
2427 3291 2811 3346 infestissimus
2861 3292 2945 3346 his
2998 3294 3328 3363 temporibus
3379 3294 3433 3348 in

1875 3383 2103 3436 medium
2138 3383 2432 3452 produxit,
2465 3394 2524 3438 ut
2547 3385 2752 3455 magnis
2781 3399 2835 3442 et
2866 3385 3271 3442 admirabilibus
3304 3387 3433 3442 Ser-

1874 3468 2076 3524 vatoris
2108 3470 2276 3525 nostri
2304 3472 2563 3540 apostolis
2586 3488 2680 3542 par
2707 3475 3053 3532 adversarius
3085 3477 3431 3531 consisteret.

1874 3556 2072 3612 Verum
2103 3558 2213 3629 52
2241 3562 2480 3616 ctelestis
2528 3563 2618 3618 Dei
2667 3566 2838 3634 gratia
2865 3582 2987 3631 quae
3018 3567 3282 3620 ministris
3323 3566 3435 3622 suis

1875 3662 2087 3717 semper
2131 3650 2334 3703 auxilio
2379 3659 2484 3716 est,
2534 3666 2629 3721 per
2679 3654 2990 3709 earumdem
3041 3655 3328 3708 adventum
3369 3670 3435 3710 ac

1875 3738 2215 3807 praesentiam
2257 3740 2527 3795 ﬂammam
2575 3743 2715 3797 illam
2765 3761 2793 3798 a
2854 3747 3093 3801 daemone
3150 3760 3433 3801 accensam

1876 3832 2054 3885 subito
2088 3834 2358 3899 restinxit,
2413 3844 2470 3889 et
2522 3837 2783 3905 superbire
2810 3835 3008 3892 fastum
3057 3854 3120 3893 ac
3167 3850 3433 3893 tumorem

1876 3926 1964 3993 qui
1994 3941 2053 3981 se
2084 3928 2343 3983 adversus
2376 3928 2468 3983 Dei
2504 3929 2751 3983 notitiam
2806 3931 3094 3996 extulerat,
3143 3931 3340 3999 deiecit
3368 3946 3433 3985 ac

1878 4018 2159 4088 depressit.
2196 4018 2460 4082 Quocirca
2509 4034 2607 4073 nec
2653 4018 2891 4075 Simonis
2930 4034 3028 4074 nec
3076 4021 3303 4075 aliorum
3341 4022 3434 4089 qui

1880 4118 2005 4163 tunc
2032 4110 2285 4177 temporis
2321 4111 2495 4165 exorti
2524 4121 2668 4176 sunt,
2697 4112 3041 4181 conspiratio,
3069 4114 3434 4181 apostolorum

1877 4210 2037 4255 mtate
2093 4203 2381 4271 quidquam
2430 4203 2619 4257 valuit.
2686 4203 2886 4259 Omnes
2948 4206 3092 4258 enim
3156 4205 3437 4259 machinas

1879 4295 2219 4359 retundcbat,
2250 4306 2548 4364 cunctaque
2579 4297 2865 4365 superabat
2889 4296 3141 4366 Splendor
3170 4297 3433 4364 veritatis,

1868 4386 2130 4455 Verbique
2166 4387 2333 4455 ipsius
2364 4386 2529 4440 divini
2574 4389 2810 4456 potentia
2850 4389 2992 4458 quod
3057 4405 3224 4459 nuper
3260 4390 3435 4443 horni-

1881 4478 2036 4533 nibus
2059 4477 2354 4540 all‘ulserat,
2400 4486 2455 4530 et
2489 4488 2598 4533 tum
2654 4481 2887 4535 maxime
2920 4482 2972 4534 iu
3012 4482 3171 4535 terris
3200 4481 3433 4550 vigebat,

1879 4579 1931 4626 ct
1961 4572 2012 4625 in
2045 4586 2261 4626 suorum
2289 4572 2655 4641 apostolorum
2687 4574 2963 4628 mentibus
2988 4572 3276 4627 insidebat.
3310 4572 3437 4626 Sta-

1880 4663 1972 4715 tim
2007 4679 2135 4734 ergo
2181 4666 2542 4736 praestigiator
2578 4665 2671 4719 ille
2722 4680 2881 4734 quem
2928 4665 3180 4730 diximus,
3242 4663 3438 4722 divina:

1879 4753 2013 4809 lucis
2045 4756 2316 4825 insperato
2348 4759 2577 4828 quodam
2602 4758 2887 4828 splendore
2912 4756 3215 4825 perculsus,
3242 4756 3434 4812 simul-

1879 4858 2038 4918 atque
2091 4849 2143 4902 in
2183 4848 2363 4905 Iudaea
2409 4866 2439 4905 a
2498 4849 2658 4904 Petro
2688 4848 2932 4919 apostolo
2990 4848 3268 4903 convictus
3330 4858 3438 4910 est,

1879 4939 2165 5008 omniaque
2187 4940 2303 5011 ejus
2332 4941 2598 4995 maleﬁcia
2626 4942 2920 5010 patefacta,
2944 4939 3257 5009 longissime
3285 4948 3436 4994 trans

1881 5043 2027 5083 mare
2058 5029 2233 5101 fugam
2273 5032 2524 5101 arripuit,
2574 5033 2642 5087 ab
2694 5031 2921 5086 orientis
2965 5030 3202 5100 partibus
3245 5030 3312 5083 ad
3343 5045 3439 5085 oc-

1880 5136 2062 5177 casum
2100 5123 2404 5193 profectus;
2441 5139 2616 5197 neque
2659 5123 2821 5178 aliter
2852 5137 2910 5178 se
2941 5122 3113 5177 libere
3141 5132 3196 5178 et
3228 5137 3295 5177 ex
3329 5124 3440 5178 ani-

1949 5357 2061 5429 (50)
2096 5357 2251 5425 Vulg.
2273 5355 2413 5429 107g-
2459 5354 2663 5429 αὐτοῖς
2690 5351 3090 5429 συνίαιρομένη
3115 5347 3436 5429 (Synod-rore.

1878 5418 1965 5481 Ita‘
1982 5418 2254 5481 ex'codiEe
2273 5418 2412 5500 Med.
2434 5418 2769 5500 ediditiﬁoh.
2791 5418 3117 5500 Stephanus.
3146 5418 3250 5500 Sed
3267 5419 3438 5500 ¹ίοιιιξιι

1880 5500 2079 5552 rectius
2110 5501 2159 5551 in
2186 5500 2373 5569 codice
2395 5498 2579 5569 licgio,
2611 5496 2835 5569 Mazur_.,
2865 5488 3160 5569 Fuketiauﬂo
3188 5497 3240 5569 et
3266 5488 3435 5568 Sauli.

1876 5569 2127 5621 scribitur
2170 5571 2280 5631 τοῖς
2310 5560 2892 5638 αύτῆξσυναιρομένη,
2942 5572 3049 5615 etc.
3097 5560 3241 5638 Quin
3273 5560 3437 5637 etiam

1876 5639 2211 5705 Nicephorus
2239 5641 2377 5691 hanc
2407 5631 3061 5705 scriptura'm'conlirmat.
3097 5631 3271 5685 liabet
3293 5631 3438 5683 enim

1870 5711 1981 5773 τοῖς
2008 5709 2218 5781 ἐκείνης
2241 5708 2523 5771 διακόνοις.

3089 5859 3127 5917 ὓ
