3966 6264
265 416 360 471 1⁶ῖ5

1298 426 1643 486 ιιιετοιιιιιε
1682 430 2241 491 ΕοοιΕδιΑδτιο.Ε
2281 436 2409 494 un.
2452 436 2515 492 ιι.
2570 412 2577 419 ’
2662 458 2671 465 -

3399 444 3500 497 174

266 534 351 626 καὶ
665 538 952 605 coacti/£16
990 540 1155 610 αὐτῆς
1195 542 1431 614 Ῥώμης,
1472 548 1753 618 σημαίνειν
1787 566 1822 601 τι

1947 551 2108 606 Petro
2132 553 2184 607 in
2213 554 2391 621 priore
2417 552 2677 623 Epistola,
2695 568 2854 623 quam
2892 555 3079 609 Romae
3106 557 3359 626 scriptam
3385 572 3504 613 esse

266 623 399 675 τοῦτ’
440 624 612 676 αὑτὸν
665 628 769 697 τὴν
802 628 955 681 πόλιν
986 630 1384 703 τροπικὼτερον
1412 635 1701 690 Βαϐυλῶνα
1735 637 1843 709 (55)

270 716 632 785 προσειπόντα
691 718 784 772 διὰ
826 719 1047 774 τούτων·
1085 741 1101 773 ι
1161 724 1484 790 Ἀσπάζεται
1529 729 1670 799 ὑμᾶς
1697 733 1730 800 ἡ
1788 734 1845 784 ἐν

270 806 542 860 Βαϐυλῶνι
569 811 928 883 συνεκλεκτὴ.
954 813 1047 865 καὶ
1069 815 1290 886 Μάρκος
1312 818 1340 869 ὁ
1368 818 1480 881 υἱός
1502 836 1622 889 μου.
1655 840 1673 872 ›

792 998 1186 1051 ΚΕΦΑΛΑΙΟΝ
1216 1002 1331 1069 1.7.

280 1084 367 1165 Ὦς
396 1085 637 1165 ξρῶτοςς
665 1092 699 1141 ό
726 1090 967 1165 Μςὶρκος
1002 1092 1277 1165 σοῖςῄκαί
1296 1096 1594 1165 Αἴγυπτον
1617 1102 1729 1165 τὴν
1757 1102 1841 1164 εἰς

310 1158 921 1228 τὸνΧριστόνγνῶσ-ιν
934 1161 1226 1229 ἐκήρυξεν
1245 1158 1386 1236 (Nic.
1410 1168 1481 1223 ll.
1506 1170 1568 1221 Ιοῖ.
1592 1185 1649 1232 ll,
1675 1158 1783 1236 35).

335 1250 539 1303 Τοῦτον
563 1252 621 1305 δὲ
650 1254 875 1325 Μάρκον
909 1257 1120 1328 πρῶτόν
1147 1275 1310 1328 φασιν
1336 1260 1426 1312 ἐπὶ
1443 1261 1543 1330 τῆς
1565 1262 1837 1331 Αἰγύπτου

269 1343 618 1414 στειλάμενον
654 1346 864 1415 (56),τὸ
888 1349 1209 1416 Εὐαγγέλιον
1236 1350 1339 1422 ὃδὴ
1370 1353 1462 1405 καὶ
1498 1354 1837 1425 συνεγράψα-

266 1455 348 1499 το,
393 1437 659 1508 κηρύξαι,
705 1439 997 1510 ἐκκλησίας
1023 1459 1081 1493 τε
1118 1442 1332 1513 πρῶτον
1363 1445 1447 1495 ἐπ’
1481 1444 1649 1514 αὐτῆς
1696 1443 1838 1496 Ἀλε-

269 1526 551 1597 ξανδρείας
587 1530 974 1599 συστήσασθαι.
1010 1532 1254 1603 Τοσαύτη
1292 1533 1335 1585 δ’
1371 1535 1475 1604 ἄρα
1507 1535 1613 1587 τῶν
1652 1536 1835 1589 αὐτόοι

268 1621 710 1675 πεπιστευκότων
756 1623 962 1691 πληθὺς
1005 1624 1214 1695 ἀνδρῶν
1252 1643 1310 1677 τε
1337 1626 1429 1678 καὶ
1470 1628 1741 1694 γυναικῶν
1773 1631 1835 1682 ἐκ

269 1711 491 1782 πρώτης
524 1713 780 1784 ἐπιϐολῆς
824 1716 1072 1787 συνέστη,
1112 1717 1179 1770 δι’
1209 1718 1492 1789 ἀσκήσεως
1534 1720 1833 1789 φιλοσοφω-

267 1803 434 1873 τάτης
476 1820 541 1855 τε
586 1806 681 1857 καὶ
717 1805 1102 1877 σφοδροτάτης,
1156 1807 1231 1870 ὠς
1276 1808 1371 1861 καὶ
1410 1810 1625 1880 γραφῆς
1661 1811 1833 1864 αὐτῶν

1946 647 2299 714 contendunt,
2336 647 2496 716 idque
2545 646 2766 701 Petrum
2798 648 2971 716 ipsum
3002 650 3245 711 innuere,
3276 652 3365 719 qui
3389 650 3501 704 ιιο-

1947 753 2088 790 mam
2116 738 2345 806 ﬁgurate
2372 739 2697 809 Babylonem
2734 741 2967 809 appellat
2989 741 3070 795 his
3107 742 3286 796 verbis
3315 758 3329 795 :
3360 764 3376 794 ι
3397 745 3500 797 Sa-

1944 830 2078 884 lutat
2119 848 2213 886 vos
2246 833 2531 903 Babylonis
2561 834 2798 889 Ecclesia
2838 851 2865 887 a
2907 835 3016 888 Deo
3044 835 3266 904 perinde
3312 851 3373 889 ac
3411 852 3506 891 vos

1942 923 2132 985 electa,
2168 933 2222 977 et
2244 923 2455 980 Marcus
2484 926 2624 979 ﬁlius
2662 942 2832 981 meus.
2879 946 2897 977 ι

2518 1018 2744 1074 CAPUT
2781 1018 2919 1075 XVI.

1980 1104 2248 1172 Quomodo
2282 1108 2497 1163 Marcus
2545 1112 2787 1163 notitiam
2833 1111 2927 1164 Dei
2965 1114 3163 1181 primus
3198 1110 3465 1181 Egyptiia

2530 1181 2905 1248 praedicauerit.

2010 1265 2271 1320 Caeterum
2302 1268 2446 1322 hunc
2475 1267 2709 1322 Marcum
2753 1271 2804 1322 in
2839 1268 3131 1340 Egyptum
3163 1271 3460 1341 profectum
3482 1315 3496 1341 ε

1940 1358 2285 1428 Evangelium
2332 1360 2472 1428 quod
2507 1360 2619 1427 ipse
2650 1364 3082 1431 conscripserat,
3118 1365 3349 1431 primum
3388 1366 3497 1421 illic

1938 1449 2259 1518 praedicasse
2311 1449 2632 1518 perhibent,
2684 1459 2737 1504 et
2790 1452 2840 1505 in
2900 1452 3011 1521 ipsa
3061 1454 3193 1507 urbe
3233 1453 3441 1507 Alexan
3472 1486 3496 1493 -

1937 1541 2053 1595 dria
2085 1539 2341 1595 ecclesias
2391 1541 2762 1595 constituisse.
2806 1542 2975 1596 Tanta
3022 1558 3183 1612 porro
3214 1545 3497 1601 multitudo

1936 1634 2172 1685 virorum
2206 1632 2367 1688 simul
2411 1648 2472 1687 ac
2506 1633 2788 1687 mulierum
2831 1636 2919 1704 qui
2955 1635 3111 1689 ﬁdem
3140 1635 3345 1692 Christi
3390 1638 3498 1694 illic

1936 1722 2165 1790 amplexi
2209 1722 2446 1788 fuerant,
2478 1723 2545 1777 ab
2578 1724 2692 1794 ipso
2720 1729 2900 1779 statim
2932 1727 3086 1781 initio
3114 1741 3220 1781 tant
3251 1744 3496 1783 severam

1938 1824 2151 1883 tamque
2196 1815 2621 1885 philosophicam
2673 1818 3069 1873 institutionem
3110 1821 3350 1889 professa
3379 1834 3495 1886 εει,

269 1892 496 1957 hiabant
546 1894 646 1958 τὰς
684 1896 963 1967 διατριϐὰς
1006 1900 1097 1951 καὶ
1150 1899 1249 1963 τὰς
1290 1901 1624 1969 συνηλύσεις,
1668 1904 1822 1956 τάοτε

1937 1915 1993 1955 ιιι
2014 1905 2187 1958 studia
2224 1904 2437 1959 illorum
2462 1917 2516 1960 et
2540 1918 2712 1962 cretus
2741 1918 2904 1978 atque
2928 1912 3194 1975 convivia,
3225 1923 3494 1984 totamque

271 1986 566 2054 συμπόσια,
586 1988 680 2040 καὶ
709 1989 883 2041 πᾶσαν
914 1990 1011 2060 τὴν
1042 1990 1205 2062 ἄλλην
1234 1991 1329 2044 τοῦ
1353 1992 1465 2062 βίον
1498 1993 1717 2065 ἀγωγὴν
1742 1995 1831 2048 τὸν

267 2080 492 2137 Φίλωνα.

781 2176 1173 2231 ΚΕΦᾹΛΛῙΟΝ
1206 2177 1299 2232 IZ'.

272 2259 375 2319 Οἷα
413 2266 551 2335 περὶ
588 2265 708 2319 τῶν
745 2269 870 2321 κατ’
901 2269 1200 2338 Αιγυπτον
1241 2268 1520 2335 ἀσκητῶν
1558 2272 1591 2322 ό
1634 2270 1830 2324 Φίλων

594 2338 819 2404 ἱστορεῖ
848 2338 982 2405 (Nic.
1013 2338 1085 2391 Η.
1112 2338 1177 2392 Ε.
1206 2354 1264 2399 ιι,
1294 2340 1376 2402 16,
1407 2341 1514 2407 17).

344 2433 440 2485 Ὃν
460 2430 558 2483 καὶ
587 2429 742 2498 λόγος
770 2429 883 2500 ἔχει
912 2428 1050 2483 κατὰ
1084 2430 1345 2483 Κλαύδιον
1366 2432 1457 2483 ὲπί
1479 2431 1577 2501 τῆς
1616 2431 1832 2503 Ῥώμης

264 2522 346 2585 εἰς
386 2521 605 2591 ὁμιλίαν
643 2520 813 2573 ἐλθεῖν
851 2520 1059 2591 Πέτρῳ,
1092 2523 1199 2583 τοῖς
1248 2522 1421 2573 ἐκεῖσε
1472 2522 1592 2574 τότε
1633 2521 1833 2593 κηρύτ-

261 2629 429 2665 τοντι.
478 2612 591 2665 Καὶ
636 2613 735 2665 οὐκ
762 2612 985 2675 ἀπεικὸς
1013 2611 1078 2665 ἂν
1104 2613 1188 2683 εἴη
1220 2611 1374 2665 τοῦτὸ
1402 2630 1486 2680 γε,
1532 2614 1652 2666 ἐπεὶ
1684 2614 1776 2667 καὶ
1806 2615 1834 2667 ὅ

263 2722 444 2775 φαμεν
466 2704 804 2775 σύγγραμμα
827 2706 904 2768 εἰς
924 2704 1144 2777 ὕστερον
1161 2705 1252 2757 καὶ
1278 2704 1413 2775 μετὰ
1440 2707 1661 2775 χρόνους
1682 2704 1847 2776 αύτῷν

261 2799 669 2870 πεπονημένον,
720 2798 902 2867 σαφῶς
930 2800 1055 2862 τοὺς
1086 2800 1165 2862 εἰς
1192 2798 1268 2850 ἔτι
1297 2796 1389 2850 νῦν
1422 2798 1514 2850 καὶ
1561 2799 1638 2861 εἰς
1681 2800 1825 2869 ἡμᾶς

263 3010 567 3066 ﬂosculus.
609 3009 719 3063 Nos
750 3024 899 3080 vero
949 3009 1061 3063 haec
1106 3012 1270 3064 verba
1321 3028 1347 3063 a
1401 3010 1827 3080 praecedentibus

263 3082 494 3155 omnino
550 3079 918 3155 sejunxiiuus;
940 3081 1088 3149 quod
1127 3082 1289 3135 etiam
1317 3079 1673 3155 Hieronymus
1704 3094 1829 3137 ante

261 3167 362 3206 nos
380 3150 575 3204 fecisse
599 3151 1035 3217 deprehenditur.

334 3221 614 3293 (55)_Ti1r
651 3222 829 3293 πόλιν
865 3221 1289 3293 τροεζικώτερον
1318 3222 1663 3277 Βαϐυλῶνα.
1723 3222 1822 3275 Ro-

1929 3222 2222 3293 seCtittduin
2271 3220 2401 3293 im_p.
2441 3219 2807 3293 ClaudiiaSed
2850 3222 2893 3273 si
2926 3235 3107 3293 verum
3134 3222 3307 3283 estid,

259 3289 655 3345 mam'Petrus
714 3290 937 3357 ﬁgurate
993 3290 1315 3361 Babylonem
1365 3295 1591 3359 vocavit,
1639 3294 1719 3347 vel
1754 3293 1822 3347 ob

261 3361 693 3432 magnitudinem
733 3374 796 3432 ac
826 3361 1153 3425 potentiam,
1186 3363 1269 3415 vel
1314 3373 1529 3431 propter
1562 3364 1808 3432 impieta-

261 3430 399 3491 teui.
443 3445 510 3487 eo
553 3432 696 3499 quod
749 3430 1048 3483 daemonum
1080 3432 1251 3485 cultui
1287 3430 1463 3485 dedita
1504 3430 1649 3487 tunc
1680 3442 1823 3487 esset

262 3500 442 3556 Roma
479 3503 705 3569 perinde
734 3515 795 3551 ac
823 3499 948 3553 olim
992 3502 1252 3570 Babylon.
1296 3501 1483 3555 Potest
1522 3504 1684 3556 etiam
1718 3505 1819 3557 alia

263 3573 406 3626 ratio
436 3572 599 3636 hujus
627 3572 959 3639 cognominis
986 3569 1189 3636 aderri,
1227 3574 1367 3639 quod
1392 3572 1599 3627 scilicet
1636 3585 1693 3626 ut
1719 3574 1819 3625 lia-

262 3643 470 3711 hylonii
521 3640 737 3711 Jud:_eos
786 3640 838 3692 in
872 3641 1186 3694 servitutem
1230 3643 1565 3707 redegeraut,
1603 3646 1680 3697 sic
1715 3645 1821 3695 Ro-

263 3709 408 3766 mani
447 3724 573 3766 tunc
625 3709 1075 3781 Judmes_ditioni
1123 3725 1232 3763 sua:
1260 3713 1638 3781 subjecissent.
1685 3715 1821 3768 Sunt

307 3782 354 3835 ui
384 3784 437 3835 in
474 3784 621 3835 dicta
665 3778 1095 3852 PetriEpistola,
1145 3778 1429 3852 Babylonis
1457 3784 1669 3837 nomine
1710 3801 1817 3837 nou

314 3868 514 3917 omam,
544 3849 983 3923 sedBabylonem
1008 3852 1177 3923 ipsam
1201 3849 1321 3923 quae
1344 3860 1507 3923 caput",
1528 3853 1626 3905 fuit
1655 3854 1821 3923 Assy-

262 3925 495 3985 riorum,
545 3920 813 3988 designari
862 3921 1209 3975 contendant.
1248 3920 1439 3976 Verum
1490 3922 1542 3977 hi
1582 3920 1816 3977 omnium

262 4003 506 4047 veterum
539 3990 756 4060 Patrum
786 3991 1095 4045 testimonio
1130 3991 1470 4047 refelluntur.
1519 3992 1677 4046 Certe
1727 3995 1817 4060 qui

261 4061 482 4117 Petrum
540 4059 811 4129 Babylone
860 4062 1063 4113 sedisse
1093 4061 1293 4125 volunt,
1343 4064 1635 4117 ostendant
1668 4059 1819 4116 nobis

262 4142 473 4209 oportet
525 4131 921 4209 successionem
958 4132 1358 4209 episcoporum,
1409 4135 1496 4200 qui
1531 4132 1818 4209 liabylonis

264 4198 562 4257 Ecclesiam
598 4210 717 4267 post
767 4198 1485 4255 Petrum’adtniuistraruut.
1538 4198 1823 4256 Prol'eraut

264 4272 426 4340 igitur
455 4274 628 4325 faStos
650 4269 905 4325 Ecclesiae
931 4270 1090 4337 illius,
1123 4271 1266 4324 sicut
1314 4287 1411 4324 nos
1445 4274 1821 4326 successiones

264 4344 642 4412 episcoporum
682 4341 829 4412 urbis
862 4340 1045 4412 Roii'ue
1074 4342 1164 4407 qui
1207 4352 1326 4408 post
1352 4341 1567 4412 Petrum
1606 4355 1821 4409 aposto-

264 4413 369 4466 lum
400 4411 654 4467 Rmnana:
684 4411 933 4464 Ecclesiae
964 4412 1310 4478 praafuerunt,
1342 4426 1406 4465 ex
1440 4411 1640 4467 Irenaeo
1670 4412 1819 4465 aliis-

265 4498 368 4550 que
436 4482 786 4551 proferimus.
845 4480 995 4547 Quae,
1037 4481 1254 4547 malum,
1286 4482 1615 4549 impudentia
1693 4494 1821 4548 est,

1935 1996 2145 2049 vivendi
2177 2002 2436 2052 rationem
2465 2000 2685 2069 scriptis
2715 2003 2827 2057 suis
2858 2016 3283 2060 commemorare
3317 2021 3494 2075 opera

1935 2088 2166 2155 pretium
2200 2089 2418 2143 duxerit
2444 2088 2617 2145 Philo.

2498 2181 2723 2239 CAPUT
2759 2184 2918 2239 XVII.

2041 2272 2171 2339 Quw
2194 2272 2348 2327 Philo
2374 2277 2436 2328 de
2459 2278 2646 2329 ascetis
2670 2278 2725 2330 in
2754 2277 2985 2347 zEgypta
3016 2296 3396 2341 commemoret.

2004 2429 2170 2499 Quem
2213 2431 2425 2499 quidem
2454 2430 2729 2484 Philonem
2758 2433 2894 2484 fama
2923 2443 3004 2485 est
3030 2432 3236 2487 Claudii
3265 2436 3493 2504 Augusti

1938 2522 2267 2590 temporibus
2300 2521 2480 2575 Romae
2507 2535 2627 2575 cum
2658 2519 2818 2575 Petro
2870 2523 2960 2591 qui
2992 2523 3216 2576 verbum
3261 2524 3352 2576 Dei
3387 2523 3494 2576 illic

1936 2613 2302 2683 praedicabat,
2336 2612 2655 2667 familiarem
2699 2628 3045 2681 congressum
3094 2615 3364 2669 habuisse.
3390 2615 3494 2669 Ne-

1936 2721 2040 2775 que
2069 2707 2118 2760 id
2144 2716 2291 2760 certe
2320 2723 2347 2758 a
2384 2706 2610 2759 veritate
2655 2706 2933 2759 abhorret.
2976 2705 3105 2758 Nam
3138 2716 3192 2759 et
3215 2722 3494 2761 commen—

1936 2799 2105 2854 tarius
2138 2797 2227 2853 ille
2259 2798 2323 2851 de
2350 2813 2459 2868 quo
2494 2797 2785 2869 loquimur,
2820 2798 3003 2853 multis
3051 2808 3169 2867 post
3215 2799 3374 2853 annis
3424 2800 3493 2853 ab

1932 3008 2100 3082 refert
2121 3023 2262 3082 anno
2290 3024 2348 3082 ιιι
2376 3007 2490 3062 Caii
2522 3007 2792 3073 Caligulae.
2818 3008 3323 3082 Georgiusquoque
3355 3011 3489 3082 Syn-

1934 3080 2102 3133 cellus
2134 3081 2185 3133 in
2232 3080 2420 3131 eadem
2457 3088 2537 3133 est
2566 3082 2857 3134 sententia.
2906 3079 3166 3135 Eusebius
3197 3079 3408 3133 autem'
3430 3084 3484 3135 in

1935 3148 2211 3210 Chronico,
2259 3148 2422 3202 Marci
2483 3150 2864 3213 profectionem
2921 3151 3134 3204 confert
3181 3150 3232 3202 in
3285 3168 3485 3206 annum

3382 3227 3486 3277 uull

1929 3238 2222 3273 secundum
2272 3238 2401 3284 nup.
2443 3238 2674 3273 mauolt.
2705 3238 2807 3273 aeu
2850 3238 2893 3273 δι
2927 3238 3107 3273 verum
3134 3238 3307 3283 esuo,
3341 3238 3480 3288 quon

1928 3289 2175 3343 Clemens
2220 3299 2275 3341 ct
2325 3289 2518 3357 Papias
2566 3290 2886 3354 retulerunt,
2924 3289 3160 3343 Marcum
3217 3307 3321 3345 una
3357 3308 3480 3344 cum

1922 3358 2082 3417 Pet’ro
2112 3360 2324 3413 venisse
2359 3359 2605 3422 Romam,
2655 3361 2835 3428 ibique
2879 3370 3122 3428 rogatum
3153 3375 3183 3412 a
3227 3362 3486 3416 Romanis

1922 3429 2272 3500 Evangelium
2301 3431 2730 3500 conscripsisse;
2783 3430 3091 3500 priusquam
3132 3432 3196 3484 de
3242 3442 3485 3499 tempore

1919 3499 2266 3568 profectionis
2294 3500 2459 3554 Marci
2501 3502 2549 3553 iu
2577 3499 2868 3570 Egyptuin
2912 3499 3175 3563 dicamus,
3204 3500 3487 3569 inquireu-
3580 3528 3583 3531 -

1922 3570 2045 3621 dum
2070 3582 2171 3634 est,
2198 3586 2304 3636 quo
2330 3586 2469 3623 anno
2494 3570 2681 3624 Petrus
2708 3574 2758 3623 in
2788 3573 2971 3624 urbem
2999 3570 3226 3625 Romam
3248 3573 3483 3624 advene-

1921 3641 2012 3694 rit.
2045 3640 2308 3693 Eusebius
2339 3642 2554 3708 quidem
2584 3643 2634 3692 iu
2663 3640 2944 3701 Chronico.
2997 3642 3140 3694 Petri
3188 3641 3240 3693 in
3292 3643 3478 3695 urbem

1922 3708 2148 3762 Romam
2178 3714 2464 3762 adventum
2495 3709 2657 3765 refert
2697 3728 2839 3764 anno
2862 3712 3100 3765 secundo
3127 3711 3333 3765 Claudii
3378 3716 3457 3764 Au

1921 3782 2085 3843 gusti,
2133 3796 2295 3849 quam
2353 3783 2676 3833 sententiam
2713 3782 2881 3834 secuti
2932 3792 3058 3834 sunt
3110 3780 3374 3834 Baronius
3427 3792 3483 3837 et

1922 3849 2203 3912 Petavius,
2238 3850 2438 3916 aliique
2465 3851 2665 3918 plures.
2694 3852 2798 3903 Sed
2840 3853 2953 3904 lucc
2997 3852 3270 3904 sententia
3304 3852 3479 3905 refelli

1921 3923 2132 3974 videtur
2155 3936 2221 3973 ex
2247 3922 2467 3973 Actibus
2500 3926 2891 3987 apostolorum,
2922 3935 2989 3973 ex
3034 3920 3232 3989 quibus
3266 3932 3481 3974 constat

1920 3991 2139 4045 Petrum
2168 3991 2220 4043 in
2250 3989 2433 4044 Judzea
2462 4006 2523 4044 ac
2550 3991 2705 4060 Syria
2753 4007 2965 4055 semper
3010 3991 3274 4045 mansisse
3311 4006 3481 4057 usque

1923 4063 1988 4113 ad
2014 4062 2257 4114 ultimum
2284 4077 2480 4113 annum
2517 4062 2763 4130 Agrippa
2793 4062 2951 4129 regis.
3000 4062 3099 4127 Qui
3135 4076 3255 4115 cum
3286 4060 3478 4114 Hiero-

1922 4133 2144 4202 solymis
2179 4130 2398 4184 Petrum
2435 4132 2490 4184 in
2539 4134 2752 4184 vincula
2779 4132 3293 4200 conjecisset,paulo
3336 4141 3479 4202 post,

1921 4199 2099 4256 divina
2124 4217 2245 4255 eum
2275 4202 2594 4269 insequente
2631 4199 3191 4269 justitiapexstinctns
3236 4210 3320 4255 est
3361 4199 3477 4255 Cte-

1920 4288 2110 4333 sarete,
2154 4282 2210 4325 ut
2254 4272 2417 4327 refert
2464 4271 2661 4325 Lucas.
2714 4271 2848 4327 Cum
2902 4274 3067 4340 igitur
3096 4286 3239 4325 anno
3280 4282 3475 4338 quarto

1921 4343 2123 4396 Claudii
2152 4354 2393 4396 mortuus
2418 4344 2491 4396 sit
2515 4344 2772 4411 Agrippa,
2811 4351 2867 4394 ut
2897 4344 3040 4397 inter
3064 4357 3252 4395 omnes
3274 4357 3478 4397 conve-

1922 4414 2022 4473 nit,
2052 4410 2244 4465 Petrus
2266 4423 2391 4467 ante
2420 4410 2784 4466 hunc’anuum
2813 4412 3036 4468 Romam
3068 4412 3336 4482 proﬁcisci
3366 4428 3475 4466 non

1921 4484 2116 4552 potuit.
2144 4482 2293 4535 Hauc
2322 4484 2630 4552 opinionem
2664 4483 2814 4536 valde
2844 4485 3124 4537 conﬁrmat
3162 4482 3477 4552 Apollonius

264 4555 315 4608 id
339 4550 564 4641 quidem
602 4551 745 4621 quod
780 4567 936 4641 ιιξιιιο
968 4552 1630 4641 veterum“«lixit,'teitie'rc
1679 4551 1819 4641 aﬁir:
1853 4588 1896 4641 Β
1922 4550 2078 4641 vetus
2106 4550 2471 4641 scriptor,‘.qui
2500 4556 2766 4641 adversus
2789 4552 3297 4641 Moptauiliteresim
3324 4550 3478 4641 lucu-

263 4620 446 4683 mare;
474 4620 694 4676 Petrum
728 4620 931 4675 scilicet
967 4621 1147 4677 sedem
1197 4621 1380 4676 ﬁxisse
1410 4621 1721 4692 Babylone:
1768 4623 1818 4676 id

266 4709 387 4747 vero
438 4693 584 4763 quod
641 4702 851 4763 veteres
878 4706 1064 4746 omnes
1116 4692 1470 4745 ecclesiastici
1528 4693 1818 4763 scriptores

265 4760 621 4818 disertissime
650 4760 1022 4830 prodiderunt,
1070 4763 1358 4815 adventum
1393 4760 1649 4815 videlicet
1674 4762 1817 4815 Petri

266 4834 316 4888 in
352 4835 540 4888 urbem
576 4833 824 4893 Romam,
852 4833 1205 4899 pertinaciter
1237 4848 1455 4899 negare.
1488 4833 1648 4898 Atqui
1686 4834 1818 4885 nihil

265 4904 319 4957 in
351 4914 461 4958 tota
499 4902 723 4957 historia
755 4903 1118 4955 ecclesiastica
1153 4902 1431 4965 illustrius,
1461 4904 1590 4955 nihil
1615 4903 1818 4957 certius

265 4986 421 5041 atque
458 4973 727 5036 testatius,
769 4986 928 5041 quam
964 4973 1223 5025 adventus
1280 4970 1421 5026 Petri
1478 4973 1716 5038 apostoli
1762 4974 1814 5025 in

264 5040 443 5097 urbem
473 5043 720 5096 Romam.
753 5040 883 5095 Nam
912 5052 1105 5109 praeter
1136 5042 1354 5109 Papiam
1403 5053 1453 5095 et
1485 5042 1815 5096 Clementem

264 5116 685 5169 Alexandrinum
719 5127 945 5177 quorum
987 5113 1290 5165 testimonia
1324 5113 1409 5165 hic
1460 5110 1618 5165 aﬁ‘ert
1647 5113 1815 5165 Euse-

264 5184 396 5247 bius,
430 5186 569 5237 idem
597 5182 791 5235 scribit
837 5182 1127 5252 Dionysius
1158 5181 1566 5235 Corinthiorum
1600 5184 1814 5252 episco-

264 5257 430 5321 pusiu
463 5255 693 5322 epistola
723 5257 787 5304 ad
828 5251 1070 5306 Soterem
1096 5254 1404 5321 episc0pum
1431 5251 1576 5306 urbis
1606 5251 1811 5313 Rouiae,

264 5324 509 5388 lrenaaus,
542 5323 707 5377 Caius
752 5324 1032 5394 presbyter
1077 5323 1129 5375 in
1174 5322 1539 5394 Qispututioue
1565 5325 1811 5394 adversus

261 5394 526 5456 Proetum,
557 5388 813 5461 Origenes
841 5395 891 5445 iu
915 5388 1071 5445 tomo
1095 5407 1152 5446 ιιι
1179 5392 1619 5461 Explanationuut
1639 5394 1689 5443 in
1714 5388 1814 5443 Ce-

261 5482 435 5519 ueszm.
465 5459 707 5530 Quorum
744 5463 979 5515 omnium
1007 5464 1144 5519 loca.
1177 5466 1225 5517 id
1253 5464 1391 5530 quod
1414 5463 1521 5513 dixi
1545 5459 1815 5512 afﬁrmau-

259 5536 405 5599 tium,
434 5535 669 5603 sparsim
706 5532 756 5584 iu
790 5533 887 5587 hoc
913 5546 1077 5602 opere
1118 5533 1283 5586 citata
1315 5534 1547 5600 reperiet
1579 5532 1811 5599 diligens

256 5606 435 5660 lcetor.

315 5676 426 5746 (56)
463 5672 716 5743 Ma'wxor
765 5672 860 5728 ἐπὶ
898 5670 1006 5746 Ξῆς
1057 5673 1351 5746 Αἰγύπτου
1396 5670 1803 5746 στειλάμενον.

253 5742 362 5814 Quo
389 5742 537 5803 anno
562 5742 777 5799 Marcus
805 5748 855 5798 in
878 5742 1165 5815 Egyptqu
1192 5743 1459 5812 profectus
1480 5744 1548 5815 sit
1577 5747 1641 5794 ad
1672 5758 1807 5810 pne-

252 5823 533 5873 dicandum
571 5814 1106 5884 Evangelium,nou_
1123 5818 1256 5867 satis
1285 5824 1497 5867 constat
1533 5814 1673 5865 inter
1704 5828 1801 5884 ari-

251 5892 422 5964 liquos
449 5880 778 5957 scriptores.
826 5886 1028 5940 Auctor
1068 5880 1313 5938 Clironici
1351 5883 1690 5940 Alexandrini
1741 5883 1794 5936 id

1922 4625 2081 4678 lentis
2110 4623 2467 4677 voluminibus
2499 4624 2814 4677 decertavit.
2868 4625 2915 4676 ls
2941 4622 3130 4676 scribit
3163 4636 3221 4676 se
3263 4636 3330 4675 ex
3361 4632 3471 4673 tra-

1921 4695 2125 4747 ditione
2148 4694 2412 4762 majorum
2444 4696 2513 4745 ita
2546 4696 2840 4761 accepisse,
2874 4693 3145 4762 apostolos
3190 4703 3304 4755 post
3335 4692 3474 4762 duo-

1919 4765 2185 4817 decimum
2216 4760 2282 4817 ab
2315 4764 2650 4817 Ascensione
2681 4760 3125 4818 Domini—annum
3168 4777 3196 4813 a
3234 4760 3292 4814 se
3336 4760 3476 4816 iuvi.

1919 4850 2033 4887 cem
2058 4836 2393 4895 discessisse.
2427 4850 2546 4888 cum
2576 4834 2822 4887 Christus
2852 4834 2923 4887 ita
2954 4832 3082 4900 ipsis
3106 4834 3471 4900 praecepisset.

1910 4904 2095 4957 .Verha
2144 4904 2413 4972 Apollonii
2476 4904 2741 4956 habentur
2791 4902 3040 4956 Historiae
3101 4901 3474 4972 ecclesia'ticw

1918 4973 2133 5026 Eusebii
2171 4971 2340 5027 nostri
2373 4974 2465 5027 lib.
2492 4989 2542 5037 ν,
2573 4988 2693 5042 cap.
2729 4973 2815 5027 l8.
2862 4973 3005 5027 Idem
3041 4974 3211 5026 refert
3238 4971 3380 5042 Beda
3415 4973 3473 5026 in

1916 5062 2031 5110 cap.
2058 5060 2151 5098 ιιιι
2176 5045 2403 5097 Αειιιιιηι
2436 5040 2812 5112 apostolorum.
2841 5043 2945 5097 Sed
2987 5054 3176 5097 auctor
3222 5040 3470 5095 Chronici

1915 5115 2256 5167 Alexandrini
2284 5116 2570 5167 adventum
2596 5113 2739 5167 Petri
2764 5114 2816 5165 in
2846 5115 3029 5168 urbem
3051 5113 3273 5165 Romam
3297 5113 3473 5167 adhuc

1918 5186 2124 5239 tardius
2147 5186 2331 5238 refert.
2360 5183 2561 5237 Scribit
2590 5185 2731 5237 enim
2784 5184 3013 5238 Paulum
3034 5184 3249 5237 venisse
3279 5182 3471 5236 Hiero-

1915 5256 2118 5324 solyuia
2172 5255 2239 5308 ob
2266 5254 2690 5307 controversiam
2742 5254 2808 5306 de
2861 5255 3277 5309 circumcisione
3325 5268 3470 5304 anno

1915 5336 2067 5378 sexto
2092 5324 2337 5387 Claudii;
2370 5338 2541 5392 eoque
2574 5339 2718 5377 anno
2749 5325 3079 5378 celebratum
3125 5338 3247 5378 esse
3280 5324 3471 5376 conci--

1913 5394 2042 5448 lium
2072 5394 2645 5463 llierosolymitanum,
2680 5396 2937 5463 apostolis
2969 5393 3202 5447 nondum
3235 5409 3349 5463 ase
3383 5392 3471 5445 in-

1914 5466 2083 5519 vicem
2111 5462 2417 5532 disiunctis.
2460 5464 2643 5533 ltaque
2688 5462 2754 5517 ex
2803 5466 2918 5533 ejus
2954 5465 3243 5523 sententia,
3274 5462 3467 5514 Petrus

1911 5550 2016 5588 non
2042 5546 2166 5588 ante
2193 5549 2392 5587 annum
2417 5549 2487 5586 vu
2516 5532 2724 5587 Claudii
2766 5532 2992 5587 Romam
3036 5533 3315 5601 profectus
3360 5543 3463 5587 est.

1912 5606 2017 5659 Sed
2045 5605 2331 5659 dolendum
2356 5613 2461 5666 est,
2490 5606 2630 5671 quod
2660 5609 2710 5657 in
2744 5619 2809 5657 eo
2847 5604 3104 5657 Chronico
3141 5603 3331 5671 viginti
3357 5602 3468 5654 cirq

1908 5677 2045 5729 citer
2070 5689 2332 5727 annorum
2360 5674 2550 5728 lacuna
2579 5686 2679 5727 est.
2718 5676 2792 5728 Ita
2823 5675 3034 5728 Marcus
3067 5690 3212 5726 anno
3253 5672 3466 5730 Claudii

1908 5761 2049 5798 nouo
2076 5746 2452 5798 Alexandriam
2492 5748 2763 5813 prolectus
2791 5744 2972 5805 fuerit,
3000 5760 3119 5813 qua:
3141 5754 3223 5799 est
3246 5754 3472 5799 scatens

1906 5818 1977 5870 tia
2006 5815 2256 5888 Eutychti
2284 5816 2609 5887 patriarchtr
2634 5816 3015 5873 Alexandrini.
