3966 6264
518 319 619 372 Πῖἱ

1218 315 1486 372 EUSEBII
1526 315 2005 372 CAESARIENSIS
2043 315 2194 372 OPP.
2235 315 2419 373 PARS
2458 315 2497 371 1.
2539 346 2608 358 —-
2643 306 3036 375 HISTORICA.

3640 327 3742 382 176

514 452 581 491 eo
630 435 958 501 elaboratus,
981 451 1178 491 omnes
1211 436 1614 493 ecclesiasticas
1661 439 1874 506 regulas
1898 454 2017 508 quae

2140 436 2624 507 ιπεφυλαγμένους
2676 432 2777 507 τῆς
2840 437 3162 510 Ἐκκλησίας
3207 438 3448 510 περιέχει
3496 443 3744 507 κανόναςο

512 527 667 583 nobis
692 529 986 582 etiamnum
1015 537 1315 593 servantur,
1347 528 1454 602 54
1495 530 1782 585 manifeste
1810 531 2069 585 continet.

513 618 582 674 Et
639 634 761 674 cum
804 617 1242 688 philosophorum
1297 632 1712 691 ascetarumque
1760 632 2068 677 nostrorum

512 712 680 765 vitam
708 711 980 778 describit,
1015 713 1147 766 satis
1176 726 1443 782 superque
1472 713 1673 768 indicat
1695 728 1752 768 se
1775 728 1880 768 non
1911 715 2069 768 modo

508 807 729 869 vidisse,
763 807 858 860 sed
897 806 1058 860 etiam
1108 805 1457 860 vehementer
1491 805 1724 876 probare
1771 816 1827 862 et
1877 807 2064 862 mirari

509 897 833 967 apostolicos
861 898 1006 951 viros
1035 896 1126 966 qui
1153 910 1219 951 ex
1260 896 1500 952 Hebraeis
1521 936 1538 963 ,
1572 907 1631 951 ut
1656 897 1913 952 credibile
1944 906 2064 960 est,

505 990 757 1053 oriundi,
783 988 852 1044 ob
885 1004 1004 1044 eam
1035 1004 1251 1043 causam
1277 988 1528 1044 Judaicos
1561 989 1697 1044 ritus
1726 999 1886 1059 atque
1912 989 2067 1043 insti-

503 1087 619 1134 tuta
656 1089 782 1134 tunc
815 1081 1073 1150 temporis
1105 1095 1296 1150 magna
1321 1095 1386 1134 ex
1421 1089 1574 1149 parte
1599 1081 1907 1135 servabant.
1947 1081 2065 1136 Pri-

505 1187 651 1226 mum
683 1172 848 1242 igitur
879 1172 930 1226 in
976 1187 1041 1227 eo
1079 1173 1219 1228 libro
1249 1186 1406 1241 quem
1437 1170 1512 1226 De
1534 1173 1640 1226 vita
1663 1171 2061 1241 contemplativa

503 1279 597 1317 seu
632 1263 707 1317 De
731 1264 1049 1334 supplicibus
1081 1265 1398 1334 inscripsit,
1429 1273 1708 1334 postquam
1738 1265 1868 1319 nihil
1906 1281 1935 1320 a
1972 1281 2061 1320 ve-

502 1355 666 1408 ritate
694 1355 926 1410 alienum
962 1357 1257 1412 narrationi
1306 1372 1467 1426 quam
1513 1357 1832 1413 instituisset
1866 1358 1930 1411 de
1961 1373 2059 1412 suo

500 1459 560 1498 se
591 1455 920 1502 attexturum
951 1462 1073 1504 esse
1095 1449 1369 1518 professus
1385 1457 1484 1514 est,
1505 1449 1651 1504 viros
1676 1449 1887 1520 quidem
1913 1450 2057 1519 ipsos

501 1536 904 1608 Therapeutas,
950 1539 1180 1594 feminas
1226 1555 1355 1595 vero
1389 1540 1550 1594 simul
1594 1555 1718 1596 cum
1763 1539 1896 1610 ipsis
1932 1553 2056 1594 ver-

498 1639 683 1686 santes
713 1631 1132 1702 Therapeutrias
1181 1633 1256 1688 ait
1291 1635 1568 1704 appellari,
1631 1652 1957 1711 causamque
1983 1642 2057 1698 is-

498 1723 606 1776 tius
637 1722 1011 1790 appellationis
1039 1723 1330 1796 subiungit,
1363 1743 1454 1782 seu
1489 1729 1630 1796 quod
1659 1737 1912 1800 tanquam
1944 1748 2054 1788 me-

2188 528 2344 581 Ἀλλὰ
2363 530 2454 583 καὶ
2478 529 2567 583 τὸν
2607 528 2719 600 βίον
2755 530 2860 583 τῶν
2885 530 3016 601 παρ’
3061 531 3192 599 ἡμῖν
3240 529 3493 601 ἀσκητῶν
3532 532 3644 603 (57)
3671 536 3747 596 ως

2177 619 2254 673 ἔνι
2281 620 2510 691 μάλιστα
2541 619 2908 692 ἀκριϐέστατα
2938 614 3183 690 ἱστορῶν,
3201 619 3394 689 γένοιτ’
3414 620 3480 674 ἂν
3500 623 3742 692 ἔκδηλος,

2168 711 2266 764 οὐκ
2292 711 2442 775 εἰδὼς
2477 711 2658 782 μόνον,
2684 711 2819 765 ἀλλά
2858 713 2949 766 καὶ
2973 711 3367 782 ἀποδεχόμενος
3397 751 3410 775 ,
3442 713 3742 778 ἐκθειάζων

2167 823 2225 856 τε
2239 805 2330 858 καὶ
2351 803 2627 874 σεμνύνων
2650 806 2774 867 τοὺς
2790 807 2906 858 κατ’
2929 805 3090 858 αὐτὸν
3113 805 3501 869 ἀποστολικοὺς
3522 805 3740 877 ἄνδρας,

2167 897 2224 964 ἐξ
2241 897 2501 968 Ἐϐραίων
2523 897 2597 960 ὡς
2623 896 2763 950 ἔοικε
2785 897 3095 966 γεγονότας,
3113 897 3282 968 ταύτῃ
3302 915 3360 949 τε
3377 897 3741 951 Ἰουδαῖκώτεο

2167 1005 2259 1060 ρον
2287 986 2392 1039 τῶν
2428 985 2670 1039 παλαιῶν
2695 986 2773 1039 ἔτι
2795 985 2862 1039 τὰ
2885 985 3113 1039 πλεῖστα
3141 986 3528 1056 διατηροῦντας
3577 987 3736 1041 ἐθῶν.

2165 1079 2388 1149 Πρῶτον
2416 1079 2479 1146 γε
2503 1096 2584 1130 τοι
2612 1079 2671 1131 τὸ
2695 1079 2856 1151 μηδὲν
2881 1078 3020 1150 πέρα
3043 1078 3142 1148 τῆς
3166 1077 3419 1150 ἀληθείας
3448 1077 3656 1132 οἴκοθέν
3677 1097 3736 1133 τε

2163 1172 2256 1224 καί
2288 1172 2345 1237 ἐξ
2393 1170 2583 1224 ἑαυτοῦ
2617 1170 2966 1242 προσθήσειν,
3007 1171 3064 1224 ὲν
3106 1164 3187 1234 οἷς
3244 1172 3543 1242 ἱστορήσειν
3575 1172 3736 1242 ἐμελ-

2161 1262 2250 1316 λεν
2273 1263 2382 1333 (58)
2417 1255 2939 1332 ἀπισχυρισάμενος,
2963 1251 3019 1315 ἒν
3057 1255 3101 1330 ᾧ
3129 1263 3406 1334 ἐπέγραψε
3422 1261 3565 1333 λόγῳ
3593 1262 3733 1329 Περὶ

2153 1354 2294 1420 ,Βίου
2322 1353 2678 1420 θεωρητικοῦ
2709 1352 2818 1423 (59)
2840 1355 2872 1424 ἢ
2896 1351 3123 1416 ἱκετῶν,
3149 1355 3490 1428 θεραπευτὰς
3528 1353 3728 1417 αὐτοὺς

2159 1445 2251 1499 καὶ
2286 1444 2385 1508 τὰς
2413 1448 2508 1499 σὺν
2547 1444 2730 1508 αὐτοῖς
2758 1447 3018 1512 γυναῖκας
3063 1445 3487 1518 θεραπευτρίδας
3514 1447 3728 1500 ἀποκα-

2157 1535 2362 1589 λεῖσθαί
2393 1554 2544 1607 φησι,
2569 1539 2667 1599 τὰς
2702 1537 2878 1599 αἰτίας
2920 1536 3162 1592 ἐπειπὼν
3187 1539 3285 1609 τῆς
3311 1538 3521 1591 τοιᾶσδε
3557 1555 3727 1608 προσ-

2159 1629 2386 1700 ρήσεως,
2437 1627 2554 1698 ἦτοι
2599 1625 2749 1696 παρὰ
2798 1625 2859 1678 τὸ
2900 1626 2998 1689 τὰς
3034 1627 3210 1698 ψυχὰς
3249 1628 3358 1681 τῶν
3392 1629 3726 1700 προσιόντων

2156 1720 2357 1781 αὐτοῖς.
2386 1716 2492 1770 τῶν
2526 1716 2633 1770 ἀπὸ
2657 1715 2854 1778 κακίας
2886 1715 3092 1779 παθῶν,
3139 1716 3338 1788 ἰατρῶν
3370 1717 3522 1787 δίκην
3549 1715 3726 1770 ἀπαλ-

495 1813 604 1868 dici
634 1815 850 1884 quidam
876 1855 891 1881 ,
925 1817 1132 1871 animos
1169 1833 1357 1872 eorum
1395 1819 1488 1888 qui
1520 1819 1586 1875 ad
1623 1820 1768 1891 ipsos
1801 1837 2038 1880 accesse-

2153 1812 2442 1873 λάττοντας
2481 1809 2726 1863 ἀκεῖσθαι
2765 1810 2858 1862 καὶ
2901 1808 3242 1879 θεραπεύειν,
3282 1808 3446 1878 ἢτῆς
3489 1809 3614 1880 περὶ
3659 1807 3726 1861 τὸ

495 1918 663 1975 rant,
712 1909 920 1964 vitiosis
971 1907 1255 1966 affectibus
1304 1910 1558 1969 liberatos
1607 1925 1907 1980 curarent,
1959 1931 2038 1973 set

2145 1903 2296 1956 Θείον
2317 1900 2560 1971 καθαρᾶς
2592 1899 2684 1952 καὶ
2715 1897 3036 1980 εἰλικρινοῦς
3064 1898 3356 1969 θεραπείας
3392 1916 3449 1952 τε
3480 1901 3570 1952 καὶ
3590 1899 3727 1991 θρη-

495 1998 638 2063 quod
671 1997 774 2065 ipsi
793 1998 1031 2052 divinum
1049 1997 1251 2054 Numen
1283 2013 1431 2057 caste
1458 2017 1522 2057 ac
1551 2003 1764 2060 sincere
1791 2004 2050 2060 colerent.

496 2092 665 2146 Porro
715 2099 892 2145 utrum
939 2092 1093 2149 Philo
1143 2095 1257 2164 ipse
1303 2096 1446 2151 hanc
1482 2096 1590 2151 illis
1635 2097 2051 2166 appellationem

494 2186 750 2242 indiderit
775 2226 791 2252 ,
818 2197 1158 2242 commentus
1188 2189 1510 2243 vocabulum
1553 2189 1695 2258 quod
1735 2205 1918 2245 eorum
1955 2192 2053 2247 ho-

490 2277 696 2334 minum
722 2278 962 2333 moribus
980 2279 1344 2349 institutisque
1369 2291 1729 2351 congrueret;
1768 2297 1835 2336 an
1863 2298 2048 2338 revera

563 2416 672 2489 (57)
705 2417 824 2472 Τῶν
845 2417 982 2486 παρ’
1009 2418 1152 2488 ἡμῖν
1185 2417 1485 2487 ἀσκητῶν.
1513 2419 1790 2476 Musculus
1815 2431 1869 2475 et
1891 2422 2048 2476 Chri-

490 2489 882 2558 stophorsonus
909 2491 1192 2542 monachos
1220 2491 1302 2543 his
1330 2491 1510 2544 verbis
1535 2491 1828 2559 significari
1856 2492 2046 2548 existi-

495 2567 747 2633 marunt;
792 2574 821 2633 ιι
847 2559 1039 2633 quibus
1091 2574 1416 2633 magnopere
1455 2561 1737 2633 dissentio.
1779 2562 2045 2633 Ἀσκητάς

491 2629 633 2700 enim
659 2629 856 2696 priscis
876 2629 982 2683 illis
1008 2631 1338 2698 temporibus
1377 2631 1643 2684 vocabant
1671 2646 1765 2686 eos
1789 2634 1878 2700 qui
1907 2629 2046 2687 inter

489 2698 828 2754 Christianos
851 2699 1094 2771 strictius
1117 2701 1382 2767 quoddam
1415 2715 1480 2753 ac
1514 2701 1702 2771 durius
1729 2698 1849 2756 vitae
1875 2717 2044 2771 genus

493 2771 904 2838 profitebantur.
933 2769 1101 2834 Quam
1143 2784 1334 2823 vocem
1369 2786 1398 2823 a
1440 2769 1773 2839 philosophis
1815 2769 2042 2828 mutuati

488 2849 662 2910 erant,
687 2839 775 2908 qui
803 2840 1243 2910 exercitationem
1261 2840 1483 2893 virtutis
1519 2850 1678 2910 atque
1707 2843 2043 2897 abstinentiae

488 2909 716 2979 ἄσκησιν
741 2910 1028 2964 vocabant.
1072 2909 1166 2964 Est
1209 2911 1349 2977 apud
1404 2909 1696 2979 Arrianum
1746 2912 1799 2964 in
1851 2912 1943 2965 lib.
1978 2929 2040 2968 nt

489 2978 949 3052 Dissertationum,
976 2990 1138 3052 caput
1181 2979 1320 3048 Hepl
1375 2978 1713 3052 ἀσκήσεως.
1763 2981 1856 3037 Sic
1898 2986 2039 3052 apud

485 3051 888 3105 Artemidorum
915 3052 967 3104 in
1002 3050 1094 3104 lib.
1124 3065 1197 3116 Iv,
1225 3065 1339 3119 cap.
1372 3051 1465 3115 55,
1493 3051 1796 3106 Alexander
1820 3050 2036 3120 quidam

486 3121 1141 3210 philosopltusl’érqutﬁc
1477 3120 1559 3210 Et,
1588 3120 1741 3210 Philo
1765 3123 1983 3210 i‘uiiliud
2020 3142 2035 3180 :
2064 3153 2107 3210 ρ

489 3192 764 3263 Excitatus
786 3200 861 3245 est
889 3189 1037 3258 Noe,
1057 3189 1176 3261 pag.
1200 3191 1602 3263 280,Αάσκητμήν
1631 3193 1845 3260 pietatis
1879 3208 2037 3247 exer-

485 3263 629 3316 citiis
653 3262 894 3315 deditum
921 3273 1098 3316 vocat.
1137 3260 1302 3315 Recte
1334 3260 1498 3330 igitur
1521 3260 1748 3317 Ruﬁnus
1773 3265 1892 3330 haec
1926 3263 2037 3318 Eu-

483 3333 615 3387 sebii
654 3334 841 3396 verba,
871 3341 978 3385 tam
1010 3334 1074 3384 de
1098 3330 1312 3385 clericis
1343 3327 1501 3399 quam
1541 3332 1609 3386 de
1640 3327 2034 3389 monachian-

486 3412 812 3472 terpretatus
836 3411 918 3455 est
957 3418 971 3454 :
1005 3401 1110 3456 Sed
1147 3412 1194 3454 et
1220 3403 1607 3472 abstinentiam
1665 3405 1816 3466 vitas,
1855 3420 2034 3457 eorum

479 3471 764 3536 duntaxat,
786 3474 1024 3542 quinunc
1041 3473 1092 3524 in
1121 3471 1348 3542 ccclesiis
1371 3473 1444 3525 vel
1472 3473 1796 3526 monasteriis
1820 3473 2034 3541 degunt,

483 3544 724 3596 describit
749 3545 817 3595 ad
846 3542 1121 3610 iiquidnm.
1164 3541 1289 3594 Haec
1321 3543 1364 3596 si
1398 3543 1869 3596 animadvertisset
1905 3543 2036 3596 Sca-

483 3615 640 3680 liger,
666 3629 770 3666 non
809 3621 914 3664 tam
944 3612 1105 3666 facile
1123 3613 1562 3681 reprehendisset
1583 3612 1897 3669 Eusebium.
1931 3613 2036 3669 Ne-

482 3700 586 3752 que
615 3685 758 3737 enim
815 3683 1075 3737 Eusebius
1121 3682 1414 3736 monachos
1457 3698 1486 3735 a
1527 3681 1708 3752 hlarco
1753 3684 2033 3740 institutos

481 3750 600 3807 esse
628 3755 758 3808 dicit
779 3753 1136 3819 Alexandriae,
1153 3754 1243 3808 sed
1270 3763 1498 3807 ascetas.
1523 3750 1587 3805 lli
1605 3763 1784 3806 autem
1808 3755 2030 3808 multum

480 3825 680 3878 distant
707 3839 734 3876 a
781 3825 1082 3888 monachis,
1120 3832 1174 3877 ut
1231 3838 1401 3892 genus
1448 3824 1612 3876 distat
1657 3837 1686 3874 a
1721 3824 1919 3889 specie.
1968 3825 2034 3878 Et

480 3905 674 3948 ascela:
697 3896 911 3964 quidem
942 3894 994 3946 in
1023 3894 1261 3947 Ecclesia
1306 3893 1520 3947 fuerunt
1559 3907 1807 3962 semper;
1853 3909 2033 3964 mona-

418 4015 420 4018 ,
479 3965 700 4018 chorum
718 3963 854 4019 vero
878 3979 1070 4018 nomen
1095 3975 1148 4017 et
1175 3964 1476 4017 institutum
1503 3965 1677 4016 serius
1697 3963 1878 4030 coepit.
1908 3963 2031 4016 Scio

479 4033 796 4088 Cassianum
826 4035 879 4087 in
913 4035 1009 4087 lib.
1041 4047 1078 4085 tt
1120 4033 1536 4093 institutionum,
1576 4034 1752 4101 capite
1779 4034 1833 4096 5,
1864 4031 2032 4089 δοιο-

481 4119 695 4156 menum
721 4114 775 4157 et
817 4104 966 4165 alios,
999 4103 1142 4156 hunc
1186 4103 1397 4155 Eusebii
1431 4103 1603 4154 locum
1641 4105 1706 4156 de
1747 4103 2030 4161 monachis

479 4175 770 4241 accepisse.
805 4173 999 4226 Verum
1028 4172 1082 4225 hi
1109 4173 1174 4226 ab
1205 4171 1416 4226 Eusebii
1447 4183 1643 4236 mente,
1673 4187 1790 4226 meo
1814 4173 2028 4242 quidem

471 4242 698 4309 judicio,
735 4244 858 4312 long
883 4243 1234 4312 aberrarunt.

548 4312 658 4385 (58)
686 4305 854 4384 Vulg:
877 4310 1246 4385 προσθῄσειν
1267 4305 1735 4385 οἷςμιοςτορήο-ειν
1754 4313 2026 4385 ἔμελλεν.

477 4380 783 4452 Ιιιιιιιιῖόθιιι
800 4380 864 4438 ex
879 4383 1066 4437 codice
1077 4380 1243 4451 Regio
1257 4383 1573 4452 ediditltob.
1593 4380 2030 4452 Stephanus“:-

475 4451 599 4511 rum,
623 4455 675 4508 in
703 4455 872 4509 tribus
899 4455 1098 4508 nostris
1129 4452 1401 4507 codicibus
1431 4451 1592 4520 Mam,
1622 4451 1756 4508 Méd.
1785 4463 1838 4506 et
1884 4452 2018 4508 Fuk.

2157 1992 2341 2056 σκείας
2369 1991 2549 2044 ἕνεκα.
2590 1992 2698 2043 Εἶτ’
2719 1985 2808 2043 οὖν
2838 1988 2896 2054 ἐξ
2923 1989 3115 2042 ἑαυτοῦ
3142 1990 3345 2060 ταύτην
3375 1990 3554 2053 αὐτοῖς
3590 1985 3720 2043 Ent-

2159 2084 2398 2138 τέθειται
2443 2084 2540 2154 τὴν
2579 2083 2968 2154 προσηγορίαν,
3010 2083 3224 2146 οἰκείως
3278 2085 3585 2155 ἐπιγράψας
3641 2085 3722 2156 τῷ

2150 2178 2333 2248 τρόπῳ
2358 2176 2464 2229 τῶν
2497 2175 2701 2246 ἀνδρῶν
2729 2175 2982 2246 τοῦνομα,
3007 2177 3115 2228 εἴτε
3146 2178 3238 2229 καὶ
3257 2176 3422 2241 ὅντως
3451 2177 3592 2230 τοῦτ’
3622 2178 3724 2230 αὑ-

2149 2270 2272 2332 τοὺς
2306 2268 2532 2321 ἐκάλουν
2583 2267 2862 2339 καταρχὰς
2911 2270 2960 2321 ol
3011 2268 3249 2340 πρῶτοι,
3303 2269 3565 2340 μηδαμῶς
3617 2269 3720 2340 τῆς

2147 2427 2386 2490 ancillas
2424 2436 2586 2496 negat
2627 2426 2963 2482 Christianos
3012 2443 3244 2496 unquam
3314 2427 3496 2483 fuisse.
3545 2429 3718 2497 quue

2147 2498 2308 2562 paulo
2353 2507 2470 2565 post
2521 2497 2765 2566 pluribus
2811 2499 3144 2566 argumentis
3191 2499 3708 2554 demonstrabimus.

2149 2568 2252 2620 Sed
2283 2569 2419 2639 quod
2446 2565 2582 2620 idem
2634 2565 3052 2639 Scaliger’dicit,
3089 2568 3208 2623 illos
3259 2569 3500 2623 Philonis
3547 2569 3713 2639 θερα-

2147 2637 2361 2710 πευτόιςΔ
2379 2638 2610 2710 Essenos
2638 2637 2904 2710 fuisse,id
2947 2639 3072 2710 mihi
3101 2641 3424 2710 persuadere
3451 2655 3554 2693 non
3586 2637 3714 2710 pos-

2145 2723 2282 2760 sum.
2322 2707 2452 2760 Nam
2480 2709 2712 2775 primum
2762 2709 2978 2776 quidem
3027 2708 3182 2764 Philo
3227 2711 3277 2763 in
3337 2718 3448 2763 toto
3495 2707 3599 2763 illn'
3639 2711 3710 2764 li-

2144 2779 2241 2830 bro
2262 2777 2340 2829 De
2369 2777 2471 2830 vita
2504 2778 2932 2843 contemplativa.
2981 2794 3246 2846 nusquam
3302 2779 3422 2834 illos
3475 2780 3709 2836 Essenos

2143 2847 2543 2922 non‘iinat._lmo
2593 2849 2771 2899 statim
2809 2851 2860 2922 iu
2897 2849 3027 2922 ipso
3081 2849 3202 2902 libri
3255 2851 3507 2922 exordio,
3539 2848 3707 2922 θερα-

2142 2917 2808 2989 jnstijrdcaitnuncnpaios
2835 2917 3021 2989 fuisse,
3066 2928 3119 2973 et
3172 2919 3428 2974 mulieros
3461 2917 3706 2989 ejusdem

2142 2986 2368 3060 instituti
2410 2985 2875 3060 Oepartewpi8ag._
2897 2987 3100 3060 Deinde
3155 2989 3342 3043 Esseni
3388 2985 3604 3058 quidem
3650 2993 3702 3046 in

2139 3056 2321 3111 Judzea
2357 3056 2564 3110 tantam
2591 3056 2825 3111 erantac
2849 3058 3155 3124 Palaestina,
3183 3069 3241 3112 ut
3275 3056 3474 3114 diserte
3515 3061 3708 3116 scribit

2140 3127 2315 3194 Philo,
2354 3138 2463 3180 tum
2495 3127 2548 3180 in
2608 3128 2743 3181 libro
2775 3127 2926 3191 Quod
2967 3130 3135 3182 omnis
3181 3132 3371 3196 probus
3421 3133 3486 3183 ait
3535 3130 3705 3195 fiber;

2142 3199 2333 3267 tumin
2361 3197 2614 3265 Apologia
2659 3215 2750 3262 pro
2790 3197 3200 3267 Judaeis,quam
3253 3200 3384 3252 citat
3440 3200 3704 3256 Eusebius

2139 3271 2192 3320 in
2219 3266 2353 3322 libro
2385 3283 2476 3321 vrtt
2507 3267 2582 3320 De
2611 3269 3015 3334 praeparatione.
3043 3266 3399 3335 Therapentaa
3447 3286 3574 3324 vero
3606 3286 3702 3335 per

2135 3353 2346 3392 omnem
2380 3336 2639 3391 Graeciam
2687 3351 2751 3390 ac
2789 3336 3099 3391 Barbariam
3152 3339 3327 3392 dill‘usi
3376 3350 3550 3393 erant.
3592 3336 3700 3396 Sed

2137 3408 2409 3479 praecipue
2433 3406 2486 3459 in
2514 3406 2746 3479 Aigypto
2766 3409 2920 3479 circa
2967 3407 3258 3462 Mareotem
3293 3410 3582 3479 degebant,
3640 3421 3698 3466 ut

2137 3476 2898 3548 aitPhilo,quiMareuticnm
2952 3491 3137 3532 eorum
3171 3476 3400 3547 patriam
3436 3491 3490 3532 et
3537 3482 3696 3548 quasi

2137 3547 2476 3617 metropolim
2522 3546 2690 3599 fuisse
2743 3555 3006 3611 testatur,
3065 3563 3171 3617 quo
3217 3546 3696 3616 praestantissin‘ius

2135 3617 2361 3688 quisque
2387 3615 2843 3688 Therapeutarum
2867 3615 3275 3688 cotntiiigrabat.
3314 3617 3556 3688 Denique
3598 3619 3693 3676 Jo-

2133 3687 2355 3756 sephus,
2410 3686 2853 3756 diligentissimus
2908 3686 3106 3756 alioqui
3161 3689 3415 3756 scriptor,
3458 3686 3579 3743 cum
3626 3691 3694 3747 de

2133 3755 2452 3809 Essenorum
2487 3755 2633 3809 secta
2650 3756 2864 3826 duobus
2891 3757 2942 3808 in
2975 3755 3109 3812 loCis
3136 3773 3199 3811 ex
3237 3755 3478 3826 professo
3516 3761 3694 3815 disse-

2131 3826 2322 3897 ruerit,
2354 3835 2532 3897 tamen
2554 3823 3111 3897 (ιεγίιιὶεθεωρητικοῖς
3131 3823 3347 3882 Essenis
3373 3844 3438 3882 ne
3465 3831 3690 3885 verbum

2131 3896 2349 3962 quidem
2386 3896 2544 3949 dixit.
2567 3893 2717 3947 Mitto
2741 3893 2883 3963 quod
2918 3893 3271 3965 Therapeutis
3296 3899 3399 3952 illis
3429 3899 3595 3952 multa
3615 3899 3703 3955 at;

2134 3965 2520 4038 _tribuitPh_i|o,
2552 3965 3134 4038 qn:eab__Essenorum
3173 3980 3322 4022 secta
3375 3968 3533 4038 longe
3596 3971 3694 4023 ab-

2131 4034 2373 4106 horrent.
2401 4035 2710 4102 Cujusmodi
2749 4035 2876 4089 illud
2910 4047 2992 4089 est
3043 4039 3183 4106 quod
3237 4037 3301 4092 de
3365 4034 3687 4096 mulieribus

2129 4105 2511 4172 therapeuticis
2541 4106 2668 4158 dicit
2695 4144 2710 4168 ,
2763 4120 2883 4158 cum
2913 4105 3088 4161 tamen
3114 4107 3265 4162 Philo
3296 4109 3495 4167 diserte
3528 4120 3690 4164 teste-

2131 4183 2216 4226 tur
2246 4173 2479 4229 Essenos
2517 4175 2829 4228 muliebrem
2869 4191 3054 4229 sexum
3087 4179 3353 4232 aversari.
3397 4178 3513 4234 Jam
3556 4181 3687 4236 illud

2125 4246 2266 4311 quod
2292 4245 2369 4298 ait
2411 4244 2585 4310 Philo,
2651 4243 3016 4316 Therapeulas
3070 4249 3448 4316 patrimonium
3520 4241 3681 4304 suum

2127 4315 2441 4386 propinquis
2481 4323 2533 4369 et
2565 4314 2753 4368 amicis
2815 4325 3005 4384 sponte
3057 4314 3382 4386 relinquere,
3443 4333 3508 4372 an
3575 4335 3685 4374 non

2129 4384 2410 4456 manifeste
2443 4394 2641 4454 pugnat
2676 4399 2795 4439 cum
2823 4399 2888 4456 eo
2922 4387 3066 4456 quod
3107 4384 3378 4456 Josephus
3431 4387 3682 4451 aiiirmat.

2128 4451 2358 4508 Essenos
2383 4450 2588 4510 scilicet
2622 4455 2753 4508 nihil
2788 4450 3098 4525 propinquis
3147 4450 3258 4512 suis
3313 4459 3534 4524 donare,
3589 4450 3684 4515 sed

475 4526 636 4581 aliter
662 4525 918 4581 scribitur
957 4525 1044 4596 hic
1082 4525 1249 4596 locus,
1277 4522 1485 4596 οἴκοθέν
1503 4519 1694 4596 τεκαὶ
1722 4521 1784 4587 ἐξ
1827 4525 2017 4596 ἑαυτοῦ

2140 4529 2304 4596 itania
2336 4526 2401 4596 in
2435 4538 2718 4596 commune
2744 4519 3017 4596 conferre:
3075 4527 3285 4596 Fefellit
3343 4519 3680 4596 Scalig—erum

451 4597 818 4669 προσθήσειν,
845 4598 901 4649 ὲν
928 4589 1008 4658 οἷς
1054 4595 1356 4669 ἱστορήσειν
1404 4593 1645 4669 ἔμελλεν
1670 4594 2024 4669 ἀπισχυρισά-

476 4665 818 4738 μενοςίριιαξ
847 4669 1061 4738 quidem
1095 4667 1258 4720 lectio
1287 4665 1484 4738 rectior
1521 4667 1656 4738 mihi
1681 4667 1914 4738 videtur.

541 4740 654 4810 (59)
681 4733 822 4810 Περ-ι
840 4733 987 4810 βίου
1015 4733 1616 4810 θεωρητικοῦᾷδιᾷιιειιιι
1646 4735 1908 4810 hodieque
1934 4735 2022 4792 hic

471 4803 711 4863 Philonis
742 4803 875 4861 lilier
906 4809 956 4860 in
982 4820 1091 4874 quo
1119 4803 1337 4860 disserit
1367 4803 1522 4859 Philo
1551 4807 1616 4859 de
1644 4806 1748 4858 vita
1769 4820 2022 4873 quorum-

473 4883 594 4933 dam
632 4877 1088 4948 philosophorum,
1148 4878 1262 4944 qui,
1309 4875 1511 4948 relictis
1548 4875 1858 4948 civitatibus
1889 4915 1904 4940 ,
1963 4877 2018 4930 in

470 4963 600 5016 agro
625 4945 680 5001 et
707 4947 990 5000 solitudine
1021 4948 1294 5016 degentes,
1333 4945 1663 5016 orationibus
1697 4955 1750 4999 et
1778 4956 2020 5016 contem-

470 5013 994 5086 plationivacabant.
1053 5013 1188 5083 quos
1249 5015 1585 5086 θεραπευτάς
1632 5017 1802 5086 dictos
1857 5013 2019 5068 fuisse

469 5083 564 5150 ait,
601 5097 656 5140 et
686 5087 934 5138 mulieres
963 5083 1374 5156 θεραπευτρίας.
1408 5083 1520 5156 illos
1554 5084 1814 5140 Eusebius
1838 5097 2019 5156 noster

470 5159 582 5210 vult
609 5157 774 5210 fuisse
801 5155 1152 5224 Christianos,
1179 5155 1266 5224 qui
1307 5171 1372 5208 ex
1403 5155 1640 5209 Hebrais
1672 5157 1914 5209 conversi
1949 5155 2017 5209 ab

468 5227 798 5294 evangelista
840 5223 1044 5288 Marco,
1096 5223 1418 5278 strictiorem
1474 5226 1754 5292 quamdam
1806 5226 2014 5278 vivendi

468 5297 804 5366 disciplinam
842 5295 1338 5364 fuerantamplcxi.
1367 5298 1435 5366 At
1473 5297 1711 5366 Scaliger
1735 5299 1785 5348 in
1815 5295 1920 5366 lib.
1963 5311 2014 5350 Vt

467 5365 950 5426 Decmcndatione
1009 5377 1294 5430 temporum
1327 5407 1341 5430 ,
1389 5365 1635 5421 Essenos
1680 5365 1798 5420 illos
1853 5365 2015 5419 luisse

467 5437 746 5490 contendit
777 5454 789 5490 :
821 5447 871 5490 et
895 5438 1181 5506 Eusebium
1227 5438 1466 5504 graviter
1494 5437 1863 5506 reprehendit,
1920 5437 2012 5504 qui

464 5507 802 5561 Christianos
876 5507 995 5561 illos
1038 5505 1207 5559 fuisse
1277 5505 1640 5561 allirmaverit.
1699 5507 1813 5560 Duo
1870 5522 2011 5561 enim

463 5592 661 5644 genera
694 5577 1019 5632 Essenorum
1050 5577 1215 5648 fuisse
1244 5577 1435 5630 scribit
1468 5577 1741 5648 Scaliger;
1791 5587 1844 5632 et
1881 5577 2014 5630 alios

462 5649 677 5715 quidem
712 5649 877 5719 fuisse
903 5647 1256 5719 πρακτικούς,
1283 5651 1347 5700 de
1377 5649 1570 5719 quibus
1599 5647 1648 5701 in
1679 5649 1856 5715 priore
1881 5648 2013 5701 libro

461 5720 681 5772 disserit
705 5718 891 5782 Philo;
923 5716 1054 5773 alios
1088 5716 1470 5787 θεωρητικούς.
1499 5718 1611 5786 Ego
1639 5733 1765 5774 vero
1817 5719 1869 5772 in
1913 5719 2013 5772 hoc

461 5791 674 5857 quidem
703 5789 930 5842 libenter
957 5791 1223 5843 assentior
1247 5788 1546 5859 Scaligero,
1570 5789 1714 5859 quod
1745 5788 2010 5860 θεραπευ-

2126 4593 2366 4664 lfltilonis
2391 4595 2558 4656 locus,
2589 4596 2678 4663 qui
2708 4595 2901 4648 librum
2932 4610 3086 4649 suum
3117 4595 3190 4650 De
3218 4599 3320 4651 vita
3357 4593 3683 4664 contempla-

2123 4663 2225 4716 tiva
2260 4665 2336 4718 sic
2362 4665 2640 4738 exorditur
2671 4685 2682 4718 :
2729 4665 2990 4738 Ἐσσαίων
3016 4666 3142 4738 πέρι
3175 4667 3472 4738 διαλεχθεὶς
3515 4663 3567 4719 οἶ
3591 4668 3682 4723 τὸν

2123 4734 2422 4807 πρακτικὸν
2456 4733 2732 4807 ἐζήλωσαν
2777 4735 2870 4807 καὶ
2905 4733 3224 4807 διεπόνησαν
3256 4733 3390 4807 βίον,
3442 4740 3498 4790 ὲν
3538 4739 3682 4791 άπα-

2123 4820 2228 4876 σιν,
2255 4805 2287 4876 ἢ
2315 4805 2376 4876 τὸ
2419 4803 2546 4874 γοῦν
2570 4805 2991 4876 εὐφορητότερον
3028 4803 3200 4860 εἰπεῖν
3251 4803 3364 4872 τοῖς
3410 4807 3683 4873 πλείστοις

2124 4875 2312 4950 μέρεσι
2347 4875 2954 4950 διενεγκόντες,-αῤ-τίκα
2985 4877 3398 4950 καὶηπερὶώτῶν
3417 4947 3425 4950 Α
3445 4878 3679 4948 θεωρίαν

2119 4945 2516 5016 ἀσπασαμένων
2543 4944 2696 5008 λέξω.
2732 4947 2946 5000 Scilicet
2979 4944 3219 5016 Scaliger
3243 4947 3524 5010 Ἑσσαίων,
3551 4944 3682 5003 sub-

2119 5017 2290 5068 audiri
2319 5016 2669 5070 existimavit.
2721 5017 2826 5069 Sed
2871 5017 3001 5070 nihil
3038 5032 3259 5072 necesse
3301 5030 3402 5073 est.
3459 5021 3548 5081 At,
3593 5019 3677 5071 in-

2119 5087 2290 5156 quies,
2315 5088 2530 5154 quinam
2565 5085 2728 5154 igitur
2758 5085 2977 5140 fuerunt
3019 5087 3366 5156 Therapeutaz
3392 5088 3415 5140 ?
3443 5086 3680 5144 Judaicze

2118 5155 2330 5222 quidem
2373 5156 2643 5224 religionis
2682 5156 2914 5210 cultores
2941 5157 3058 5212 illos
3087 5155 3255 5212 fuisse
3282 5174 3387 5213 non
3420 5157 3672 5225 diﬁiteor,

2120 5228 2351 5279 maxime
2386 5243 2505 5280 cum
2531 5226 2682 5279 Philo
2713 5226 2844 5279 nihil
2884 5241 3078 5296 praeter
3104 5228 3273 5296 legem
3331 5244 3393 5280 ac
3444 5235 3679 5296 prophe-

2121 5304 2221 5358 tas,
2262 5312 2354 5351 eos
2397 5297 2669 5350 lectitasse
2734 5299 2894 5354 dicat.
2955 5300 3060 5352 Sed
3114 5299 3344 5351 Essenos
3397 5298 3516 5352 illos
3567 5315 3678 5353 non

2118 5365 2306 5430 fuisse,
2343 5382 2403 5420 ex
2437 5367 2504 5418 iis
2534 5366 2782 5437 quatdixi
2809 5369 2962 5433 satis,
2993 5379 3048 5420 ut
3074 5368 3286 5436 opinor,
3312 5369 3494 5437 liquet.
3528 5369 3676 5422 idem

2116 5437 2400 5505 nobiscum
2433 5446 2616 5505 sentit
2642 5435 2862 5491 l’hotius
2891 5439 2941 5490 in
2992 5435 3321 5491 Bibliotheca
3361 5435 3478 5505 cap.
3519 5438 3622 5491 105
3658 5452 3676 5490 :

2130 5504 2575 5580 ’ᾼνεγνώσθησανΔ
2598 5503 2654 5558 δὲ
2705 5505 3013 5580 athenade
3067 5508 3335 5580 Ἰουδαίοις
3385 5503 3681 5580 φιλοσοφη-

2117 5577 2321 5651 σάντων
2342 5574 2526 5651 τήντε
2554 5574 2889 5651 θεωρητικὴν
2922 5574 3015 5632 καὶ
3038 5577 3137 5651 τὴν
3181 5574 3488 5651 πρακτικὴν
3525 5574 3681 5651 φιλοέ

2116 5645 2304 5726 σοφίαν
2335 5641 2436 5717 βίοι
2460 5663 2471 5674 ·
2493 5641 2566 5702 ὧν
2595 5647 2641 5698 οἱ
2665 5641 2775 5720 ’μὲν
2838 5641 3106 5720 Ἐσσηνοὶ,
3156 5651 3206 5702 ol
3227 5641 3300 5703 ’δὲ
3330 5641 3677 5720 Θερᾶπέυταὶ

2114 5716 2417 5769 ὲκαλουντο.

2143 5733 2417 5771 καΑονντο.
