3966 6264
228 302 323 356 177

1264 295 1611 352 HISTORIA}
1648 293 2215 351 ECCLESIASTICAE
2254 292 2385 350 LIB.
2423 291 2498 347 ll.

3359 285 3465 338 173·

231 411 568 489 Χριστιανῶν
605 435 695 470 πω
720 416 1083 490 προσρήσεως
1106 413 1210 468 ἀνὰ
1238 413 1415 469 πάντα
1433 415 1594 469 τόπον
1621 417 1805 468 ἐπιπε-

1910 415 1978 469 ab
2013 413 2166 468 initio
2203 414 2271 466 ita
2313 410 2486 466 vocati
2523 407 2631 463 sint
2659 447 2673 473 ,
2709 421 2830 462 cum
2876 405 3308 462 Christianorum
3364 415 3462 455 no-

239 509 582 581 φημισμένης
620 510 762 580 (60),
819 514 933 568 οΰτι
968 526 1053 561 πω
1093 507 1450 561 διατείνεσθαι
1489 509 1802 576 ἀναγκαῖον.

239 604 420 672 Ὅμως
455 599 622 656 δὀῦν
666 606 726 656 ὲν
772 602 1009 675 πρώτοις
1056 599 1151 672 τὴν
1204 601 1460 668 ἀπόταξιν
1493 601 1670 665 αὐτοῖς
1709 601 1805 672 τῆς

234 694 412 757 οὐσίας
461 697 765 767 μαρτυρεῖ,
807 697 1029 764 φάσκων
1079 693 1416 766 ἀρχομένους
1465 693 1804 763 φιλοσοφεῖν,

233 784 545 848 ἐξίστασθαι
567 788 684 849 τοῖς
704 784 1035 857 προσήκουσι
1055 783 1160 836 τῶν
1193 783 1541 854 ὑπαρχόντων
1559 818 1571 836 .
1621 781 1807 836 ἔπειτα

233 873 432 938 πάσαις
461 875 916 946 ἁποταξαμένους
953 876 1072 937 ταῖς
1101 872 1193 926 τοῦ
1237 873 1350 944 βίου
1379 871 1672 944 φροντίσιν,
1704 871 1808 936 ἔξω

233 967 423 1036 τειχῶν
455 968 843 1040 προελθόντας,
891 969 948 1020 ἐν
994 967 1306 1039 μοναγρίοις
1344 968 1436 1020 καὶ
1467 967 1659 1036 κήποις
1709 965 1808 1028 τὰς

233 1057 516 1128 διατριϐὰς
552 1058 846 1123 ποιεῖσθαι,
868 1055 965 1119 τὰς
993 1058 1056 1109 ὲκ
1077 1055 1184 1108 τῶν
1216 1055 1482 1126 ἀνομοίων
1506 1055 1817 1127 ἐπιμιξίας,

238 1148 574 1212 ἀλυσιτελεῖς
595 1150 691 1202 καὶ
720 1149 878 1220 βλαϐε
889 1147 984 1218 ρας
1013 1143 1072 1201 εὖ
1108 1148 1314 1212 εἰδότας
1331 1147 1464 1202 ’τῶν
1487 1148 1603 1201 κατ’
1632 1149 1813 1201 ἐκεῖνο·

238 1240 426 1311 καιροῦ
461 1241 611 1294 τοῦθ’
635 1240 710 1304 ὡς
740 1243 882 1305 εἰκὸς
910 1240 1294 1294 ἐπιτελούντων
1327 1239 1546 1310 ἐκθύμῳ
1573 1239 1666 1293 καὶ
1693 1238 1810 1311 θερ-

243 1332 442 1403 μοτάτῃ
475 1333 681 1396 πίστει,
728 1332 833 1386 τῶν
860 1333 949 1386 τὸν
977 1331 1309 1406 προφητικὸν
1350 1331 1542 1402 ζηλοῦν
1579 1331 1807 1386 ἀσκούν-

239 1441 341 1477 των
366 1422 500 1492 βίον.
551 1423 854 1494 Τοιγαροῦν
905 1422 1009 1478 κάν
1050 1426 1170 1496 ταῖς
1207 1422 1662 1494 ὁμολογουμέναις
1701 1422 1808 1476 τῶν

241 1515 547 1569 ἀποστόλων
580 1513 848 1586 Πράξεσιν
872 1515 1182 1587 ἐμφέρεται,
1213 1516 1293 1568 ὅτι
1320 1514 1381 1586 δὴ
1409 1516 1604 1579 πάντες
1625 1516 1672 1568 οἱ
1700 1514 1808 1568 τῶν

243 1606 550 1660 ἀποστόλων
576 1605 872 1676 γνώριμοι,
910 1604 977 1657 τὰ
1015 1606 1266 1676 κτήματα
1295 1605 1389 1658 καὶ
1425 1604 1524 1668 τὰς
1549 1603 1808 1676 ὑπάρξεις

245 1699 752 1770 διαπιπράσκοντες,
783 1697 1031 1768 ὲμέριζον
1059 1697 1229 1750 ἀπασι
1261 1695 1378 1750 καθ’
1397 1696 1424 1749 ὃ
1441 1697 1504 1750 ἄν
1523 1715 1608 1761 τις
1622 1695 1807 1769 χρείαν

246 1787 398 1859 εἶχεν,
447 1789 527 1852 ὡς
574 1791 709 1861 μηδὲ
789 1784 925 1841 εἷναί
957 1804 1078 1840 τινα
1111 1787 1260 1858 ἐνδεῆ
1288 1787 1417 1858 παρ’
1442 1787 1621 1850 αὐτοῖς
1644 1799 1655 1810 ·
1694 1788 1806 1841 ὅσοι

241 1879 363 1949 γοῦν
391 1881 661 1949 κτήτορες
685 1879 896 1949 χωρίων
922 1877 953 1950 ἦ
986 1877 1169 1932 οἰκιῶν
1200 1878 1466 1949 ὑπῆρχον,
1503 1877 1578 1942 ὡς
1602 1881 1630 1931 ὁ
1651 1877 1808 1946 λόγος

244 1973 390 2041 φησὶ,
416 1971 725 2034 πωλοῦντες
748 1971 942 2041 ἔφερον
971 1970 1070 2034 τὰς
1103 1971 1266 2041 τιμὰς
1287 1969 1394 2022 τῶν
1427 1969 1806 2042 πιπρασκομέ-

244 2081 362 2126 νων,
416 2062 670 2116 ἐτίθεσαν
699 2079 758 2114 τε
789 2061 939 2134 παρά
979 2063 1105 2126 τούς
1141 2062 1306 2126 πόδας
1333 2061 1441 2115 τῶν
1474 2061 1804 2126 ἀποστόλων,

244 2153 372 2207 ὥστε
394 2154 720 2206 διαδίδοσθαι
743 2153 953 2225 ἑκάστῳ
971 2154 1092 2207 καθ’
1117 2155 1145 2207 ὃ
1170 2172 1223 2206 τι
1247 2155 1310 2208 ἄν
1325 2173 1406 2217 τις
1428 2155 1614 2226 χρείαν
1643 2151 1806 2224 εἶχεν.

248 2244 322 2298 Τὰ
351 2245 716 2316 παραπλήσια
752 2245 809 2297 δὲ
836 2245 1042 2310 τούτοις
1089 2247 1441 2318 μαρτυρήσας
1476 2249 1589 2310 τοῖς
1616 2246 1807 2315 δηλου-

249 2335 423 2406 μένοις
465 2339 494 2388 ὀ
539 2335 734 2399 Φίλων,
780 2336 1064 2400 συλλαϐαῖς
1109 2339 1300 2400 αὐταῖς
1335 2339 1584 2412 ἐπιφέρει
1637 2339 1807 2406 λέγων

243 2425 404 2479 ταῦτα
428 2442 497 2477 πε
504 2427 559 2497 pl.
576 2427 752 2480 αὐτῶν
775 2426 941 2479 οὖτω⁹
957 2447 974 2476 ι
995 2428 1264 2498 Πολλαχοῦ
1291 2429 1386 2500 μὲν
1407 2426 1496 2482 οὖν
1515 2430 1614 2500 τῆς
1633 2432 1808 2482 οἰκου-

247 2515 405 2587 μένης
448 2517 568 2568 ἐστὶ
607 2517 666 2569 τὸ
707 2518 881 2585 γένος.
914 2519 1059 2572 Ἔδει
1088 2519 1196 2590 γὰρ
1225 2520 1431 2589 ἀγαθοῦ
1460 2522 1666 2574 τελείου
1707 2540 1805 2592 με-

243 2610 454 2678 τασχεῖν
475 2609 569 2660 καὶ
597 2609 695 2677 τὴν
719 2608 938 2662 Ἑλλάδα
968 2612 1062 2663 καὶ
1078 2612 1176 2681 τὴν
1200 2612 1494 2684 βάρϐαρον.
1520 2614 1806 2677 Πλεονάζει

239 2699 280 2752 δ’
312 2701 368 2752 ὲν
434 2698 700 2770 Αἰγύπτῳ
769 2701 887 2754 καθ’
932 2701 1160 2756 ἕκαστον
1212 2703 1318 2756 τῶν
1367 2705 1806 2776 ἐπικαλουμένων

238 2791 432 2862 νομῶν,
469 2793 566 2845 καὶ
600 2792 834 2863 μάλιστα
872 2795 998 2865 περὶ
1034 2794 1132 2866 τὴν
1169 2795 1591 2869 Ἀλεξάνδρειαν.
1642 2799 1704 2851 Oi
1749 2797 1806 2850 δὲ

239 2880 574 2949 πανταχόθεν
603 2875 835 2952 ἄριστοι,
878 2881 1128 2954 καθάπερ
1157 2886 1237 2948 εἰς
1271 2885 1504 2955 πατρίδα
1541 2884 1805 2954 θεραπευ-

237 2974 356 3037 sint,
386 2974 649 3027 ἀποικίαν
684 2973 988 3027 στέλλονται
1026 2974 1136 3045 (6i)
1156 2975 1291 3046 πρός
1321 2976 1590 3048 τιχωρίον
1615 2978 1805 3048 ἐπιτη-

234 3064 519 3126 δειότατον,
547 3067 683 3138 ὅπερ
707 3067 850 3119 ἐστὶν
884 3067 1023 3137 ὑπὲρ
1049 3066 1243 3136 λίμνης
1285 3067 1500 3138 Μαρίας
1554 3066 1802 3137 κείμενον

235 3159 319 3209 ἐπὶ
344 3159 622 3227 γεωλόφου
643 3159 1057 3230 χθαμαλωτέρου
1091 3160 1295 3228 σφόδρα
1319 3158 1604 3229 εὐκαίρως,
1627 3159 1802 3228 ἀσφα-

232 3247 379 3312 λείας
404 3266 464 3300 τε
489 3249 656 3302 ἓνεκα
691 3251 786 3303 καὶ
825 3250 984 3321 ἀέρος
1028 3249 1344 3320 εὐκρασίας.
1376 3269 1394 3300 ι
1419 3245 1531 3302 Εἶθ’
1557 3250 1680 3320 ἑξῆς
1705 3249 1803 3312 τὰς

231 3341 472 3412 οἰκήσεις
513 3342 692 3396 αὐτῶν
740 3342 920 3395 ὁποῖαί
953 3359 1096 3405 τινες
1128 3337 1266 3412 ἦσαν
1297 3341 1623 3413 διαγράψας,
1678 3342 1804 3412 περὶ

231 3434 337 3488 τῶν
355 3435 502 3489 κατὰ
518 3435 702 3507 χώραν
722 3435 1024 3506 ἐκκλησιῶν
1039 3433 1210 3487 ταῦτά
1229 3451 1301 3504 φη
1311 3451 1411 3486 σιν·
1437 3454 1454 3484 ι
1493 3434 1578 3486 Ἐν
1600 3432 1804 3506 έκάστῃ

231 3526 286 3580 δὲ
308 3527 478 3597 οἰκίᾳ,
509 3527 655 3579 ἔστιν
689 3527 894 3598 οἴκημα
931 3527 1073 3598 ἱερὸν
1101 3525 1128 3578 ὃ
1163 3526 1403 3579 καλεῖται
1434 3528 1678 3595 σεμνεῖον
1712 3525 1805 3578 καὶ

235 3621 620 3691 μοναστήριον,
666 3621 723 3672 ἐν
758 3613 802 3687 ᾧ
839 3618 1178 3689 μονούμενοι,
1209 3616 1278 3670 τὰ
1308 3617 1402 3670 τοῦ
1442 3615 1638 3687 σεμνοῦ
1689 3616 1802 3687 βίου

237 3713 512 3783 μυστήρια
532 3711 834 3776 τελοῦνται,
865 3711 1028 3782 μηδὲν
1063 3711 1482 3781 εἰσκομίζοντες,
1513 3711 1587 3782 μὴ
1621 3710 1801 3773 ποτὸν,

238 3802 312 3873 μὴ
348 3804 540 3859 σιτίον.
583 3803 720 3874 μήτε
747 3820 800 3856 τι
827 3803 934 3855 τῶν
958 3802 1132 3855 ἄλλων
1173 3803 1271 3856 ὅσα
1296 3802 1429 3874 πρὸς
1450 3802 1548 3865 τὰς
1581 3802 1674 3854 τοῦ
1702 3801 1804 3854 σώ-

235 3913 402 3965 ματος
429 3895 622 3967 χρείας
646 3896 934 3963 ἀναγκαῖα,
955 3895 1088 3948 ἀλλά
1112 3896 1308 3967 νόμους
1325 3896 1415 3948 καὶ
1439 3894 1590 3964 λόγια
1617 3894 1803 3948 θεσπι-

233 3986 430 4039 σθέντα
479 3986 569 4038 διὰ
620 3986 912 4056 προφητῶν
959 3988 1053 4040 καὶ
1107 3987 1329 4058 ὕμνους,
1379 3986 1472 4040 καὶ
1527 3985 1691 4040 τᾶλλα
1723 3979 1805 4048 οἷς

231 4080 511 4149 ἐπιστήμη
529 4079 625 4132 καὶ
654 4079 900 4131 εὐσέϐεια
929 4079 1277 4145 συναύξονται
1305 4081 1398 4133 καὶ
1421 4078 1798 4132 τελειοῦνται.»

241 4171 349 4223 Καὶ
399 4170 519 4240 μεθ’
553 4169 718 4241 ἕτερά
762 4187 927 4241 φησι·
974 4189 992 4222 ι
1025 4171 1098 4223 Τὸ
1139 4171 1194 4223 δὲ
1239 4169 1298 4235 ἐξ
1344 4169 1564 4223 ἑωθινοῦ
1615 4170 1806 4242 μέχρις

234 4260 476 4332 ἑσπέρας
529 4261 803 4332 διάστημα
858 4261 1076 4332 σύμπαν
1134 4262 1314 4324 αὐτοῖς
1367 4265 1513 4314 ἐστιν
1555 4263 1801 4333 ἄσκησις.

247 4352 695 4422 Ἐντυγχάνοντες
726 4352 833 4426 γὰρ
873 4357 985 4418 τοῖς
1029 4356 1192 4425 ἱεροῖς
1237 4356 1545 4425 γράμμασι,
1597 4353 1805 4423 φιλοσο-

1906 523 2030 564 men
2077 501 2318 561 nonduin
2345 506 2545 574 ubique
2577 501 2825 558 diﬂ’usum
2873 515 2936 554 ac
2973 498 3343 568 pervulgatum
3369 510 3460 550 es-

1906 607 2022 663 set,
2052 597 2186 652 nihil
2218 611 2348 666 opus
2379 604 2464 652 est
2509 592 2863 664 pertinaciter
2904 589 3252 643 contendere.
3284 585 3458 640 Caete-

1907 705 2026 744 rum
2065 699 2192 743 ante
2235 687 2416 741 omnia
2453 685 2670 754 quidem
2704 681 2983 736 facultates
3009 694 3134 734 suas
3170 677 3289 733 illos
3320 674 3458 741 abji-

1907 797 2030 838 cere
2063 787 2312 834 testatur.
2359 778 2449 832 Ait
2486 777 2628 831 enim
2675 773 2833 830 simul
2864 784 3026 842 atque
3063 769 3127 825 ad
3160 772 3262 825 hoc
3293 767 3465 840 philo-

1906 873 2168 945 sophandi
2200 886 2371 943 genus
2401 885 2461 925 se
2506 868 2835 924 contulerint
2861 907 2877 933 ,
2909 864 3156 922 omnibus
3183 877 3274 918 eos
3305 857 3462 915 bonis

1908 967 1975 1021 ad
2004 966 2334 1035 propinquos
2361 976 2486 1019 suos
2517 959 2850 1016 transmissis
2875 959 3018 1013 ultro
3049 957 3256 1012 cedere.
3299 952 3462 1006 Dein-

1906 1059 1972 1113 de
1993 1057 2200 1126 abjecta
2227 1055 2376 1110 omni»
2406 1067 2586 1108 rerum
2617 1053 2969 1107 humanarum
2996 1063 3152 1114 cura,
3181 1057 3334 1102 extra
3364 1061 3460 1102 ur-

1905 1150 2026 1205 bem
2065 1161 2400 1218 progressos,
2430 1145 2485 1199 in
2512 1144 2684 1200 hortis
2711 1142 3008 1214 agellisque
3031 1140 3200 1196 deviis
3223 1140 3416 1209 degere
3442 1157 3459 1195 :

1907 1242 2104 1313 quippe
2135 1241 2225 1310 qui
2260 1237 2568 1307 intelligant
2600 1233 2879 1291 dissimilis
2902 1231 3158 1303 propositi
3186 1230 3460 1284 hominum

1907 1332 2257 1387 contubernia
2293 1339 2348 1385 et
2377 1327 2702 1384 commercia
2739 1325 3030 1396 plurimum
3062 1322 3253 1376 obesse
3282 1320 3459 1391 philo-

1909 1424 2135 1495 50phitc.
2163 1423 2314 1490 Quod
2345 1421 2562 1492 quidem
2600 1418 2744 1472 illius
2767 1414 3027 1485 temporis
3050 1411 3340 1467 Christiani
3371 1427 3463 1482 ge—

1909 1524 2105 1566 neroso
2135 1510 2369 1578 quodam
2405 1523 2468 1563 ac
2498 1507 2680 1561 divino
2727 1504 2846 1560 lidei
2877 1505 3069 1557 ardore
3111 1502 3352 1556 succensi
3384 1503 3464 1555 in-

1908 1602 2152 1658 stituisse
2197 1601 2326 1656 mihi
2357 1599 2631 1665 videntur,
2678 1612 2800 1652 cum
2839 1594 3205 1667 proplieticam
3248 1593 3461 1648 vivendi

1909 1694 2170 1748 rationem
2220 1691 2463 1746 simulari
2514 1689 2814 1744 studerent.
2864 1687 3073 1741 Etenim
3134 1687 3186 1740 in
3240 1685 3465 1739 Actibus

1909 1783 2278 1855 apostolorum
2303 1822 2318 1849 ,
2357 1782 2447 1852 qui
2494 1780 2627 1834 nihil
2662 1787 2857 1849 printer
2886 1779 3154 1832 sinceram
3185 1777 3464 1831 veritatem

1908 1879 2184 1932 continent
2215 1916 2230 1942 ,
2264 1875 2526 1944 scriptum
2577 1871 2827 1937 habetur,
2861 1885 3047 1924 omnes
3097 1867 3464 1938 apostolorum

1907 1969 2203 2038 discipulos
2253 1967 2470 2036 praediis
2523 1974 2578 2020 et
2630 1961 2982 2018 facultatibus
3029 1960 3141 2016 suis
3189 1959 3423 2014 venditis
3449 1998 3480 2022 ..

1906 2060 2135 2130 pretium
2172 2057 2432 2112 fratribus
2481 2064 2643 2125 prout
2681 2054 2938 2124 cujusque
2979 2052 3276 2108 necessitas
3310 2049 3467 2123 ﬂagi-

1909 2150 2090 2216 tabat,
2117 2148 2368 2204 divisisse
2396 2188 2411 2212 ,
2457 2148 2594 2202 adeo
2626 2154 2685 2198 ut
2726 2145 2870 2199 inter
2898 2145 3049 2214 ipsos
3077 2158 3235 2196 nemo
3263 2157 3470 2211 egenus

1904 2243 2210 2297 exsisteret.
2258 2239 2532 2309 Quotquot
2550 2239 2694 2294 enim
2724 2250 3061 2308 possessores
3084 2249 3334 2303 agrorum
3376 2242 3470 2288 aut

1906 2335 2185 2390 domorum
2220 2342 2394 2398 erant,
2423 2342 2481 2387 ut
2513 2333 2588 2386 ait
2624 2331 2819 2395 Lucas,
2847 2328 3143 2383 vendentes
3171 2325 3466 2380 aﬂ‘erebaut

1905 2425 2078 2495 pretia
2111 2439 2300 2480 eorum
2347 2438 2465 2492 quae
2504 2422 2896 2486 vendebantur,
2927 2427 2980 2474 et
3026 2418 3298 2488 ponebant
3340 2426 3468 2472 ante

1905 2518 2070 2587 pedes
2131 2516 2519 2588 apostolorum.
2581 2513 2943 2569 Dividebatur
2997 2522 3176 2566 autem
3239 2510 3467 2580 singulis

1907 2618 2068 2680 prout
2094 2611 2287 2679 cuique
2313 2623 2446 2679 opus
2469 2616 2608 2663 erat.
2640 2605 2734 2660 llis
2757 2605 2913 2674 plane
2942 2603 3136 2659 similia
3164 2603 3229 2656 de
3261 2601 3467 2655 Thera-

1904 2701 2082 2771 peutis
2107 2711 2392 2772 postquam
2424 2697 2577 2753 Philo
2615 2696 2719 2766 55
2745 2705 2970 2751 testatus
2995 2703 3096 2758 est,
3128 2704 3238 2748 tum
3271 2691 3468 2747 ismad‘

1903 2793 2124 2848 verbum
2156 2789 2462 2860 subiungit:
2489 2807 2508 2840 ι
2546 2789 2604 2842 Id
2653 2803 2825 2857 genus
2872 2789 3150 2842 hominum
3203 2787 3257 2840 in
3299 2784 3467 2838 variis

1906 2882 2058 2938 orbis
2101 2880 2412 2952 regionibus
2440 2892 2688 2948 sparsum
2736 2878 3028 2948 reperitur.
3075 2875 3295 2932 Graecos
3319 2873 3465 2928 enim

1905 2983 1958 3028 et
1991 2973 2256 3028 barbaros
2293 2970 2428 3024 tanti
2456 2969 2582 3025 boni
2607 2968 2898 3038 participes
2927 2969 3041 3023 ﬁeri
3077 2969 3322 3022 decebat.
3350 2968 3470 3023 Flo-

1906 3074 1988 3120 ret
2014 3075 2194 3118 tamen
2235 3063 2508 3132 praecipue
2550 3061 2605 3116 in
2635 3059 2909 3130 ngypto,
2947 3076 3044 3130 per
3087 3061 3324 3131 singulas
3352 3060 3470 3133 eius

1905 3154 2252 3225 praefecturas
2290 3151 2569 3216 dill‘usum,
2617 3151 2854 3203 maxime
2901 3164 3028 3204 vero
3053 3147 3196 3204 circa
3233 3149 3470 3205 Alexan-

1906 3247 2102 3302 driam.
2132 3245 2399 3301 Caeterum
2437 3257 2503 3297 ex
2542 3239 2796 3295 omnibus
2819 3254 2978 3295 terrae
3008 3240 3249 3304 partibus
3278 3241 3469 3312 optimi

1903 3341 2102 3410 quique
2129 3340 2183 3394 in
2236 3338 2411 3393 locum
2461 3335 2748 3406 quemdam
2791 3331 3344 3403 opportunissimum,
3375 3332 3469 3401 qui

1905 3443 1987 3489 est
2014 3441 2166 3486 trans
2189 3430 2415 3485 Mariam
2443 3429 2689 3501 paludem
2717 3429 2770 3482 in
2797 3425 2933 3481 colle
2964 3436 3182 3480 terreno
3207 3425 3339 3481 satis
3373 3425 3470 3478 hu.-

1905 3525 2016 3579 niili
2053 3525 2210 3590 situs,
2245 3533 2298 3578 et
2325 3533 2434 3580 tum
2467 3532 2689 3593 propter
2711 3521 3087 3583 securitatem,
3122 3528 3232 3572 tum
3257 3519 3325 3574 ob
3347 3517 3472 3572 coeli

1911 3617 2228 3686 temperiem
2275 3615 2788 3679 commodissimus,
2827 3621 3081 3680 tanquam
3134 3609 3189 3663 in
3240 3607 3471 3677 patriam

1908 3709 2373 3780 Therapeutarum
2400 3709 2654 3775 migrant.
2700 3723 2720 3758 ι
2770 3704 2906 3758 llinc
2948 3712 3233 3772 postquam
3283 3697 3472 3767 cujus-

1905 3802 2050 3859 modi
2103 3812 2290 3856 essent
2338 3799 2556 3856 illorum
2588 3799 2864 3856 domicilia
2899 3797 3231 3866 descripsit,
3280 3794 3347 3848 de
3377 3805 3471 3848 ec-

1904 3893 2086 3950 clesiis
2129 3908 2265 3964 quas
2292 3893 2460 3947 variis
2507 3892 2561 3946 in
2613 3890 2748 3946 locis
2787 3896 3092 3943 exstructas
3122 3887 3317 3941 habent
3347 3927 3363 3951 ,
3397 3884 3470 3938 ita

1905 3985 2036 4041 dicit
2070 4001 2086 4040 :
2127 4004 2146 4037 ‹
2181 3985 2240 4040 ln
2266 3985 2497 4055 singulis
2526 3993 2707 4038 autem
2759 3979 3044 4035 domiciliis
3089 3991 3172 4034 est
3203 3979 3473 4045 quoddam

1905 4075 2158 4132 sacellum
2183 4076 2325 4146 quod
2346 4089 2623 4132 semneum
2661 4083 2718 4130 et
2743 4071 3125 4128 monasterium
3154 4067 3471 4138 appellatur.

1907 4166 1963 4222 lu
1987 4183 2092 4238 quo
2123 4168 2242 4234 soli,
2283 4167 2509 4222 remotis
2543 4165 2783 4232 arbitris,
2808 4162 3098 4219 sanctioris
3127 4163 3248 4215 vitae
3275 4170 3474 4232 myste-

1907 4259 1986 4313 ria
2021 4266 2304 4330 peragunt.
2335 4258 2446 4313 Nec
2477 4258 2658 4313 cibum
2699 4268 2982 4326 potumve,
3015 4270 3113 4310 nec
3143 4268 3328 4310 eorum
3355 4269 3474 4324 quae

1907 4351 1974 4406 ad
2003 4353 2247 4421 corporis
2291 4365 2478 4405 curam
2520 4349 2795 4419 pertinent
2841 4346 3145 4416 quidquam
3195 4359 3260 4399 eo
3289 4359 3473 4400 secum

234 4445 394 4513 φοῦσι
443 4444 542 4515 τὴν
591 4446 817 4518 πάτριον
864 4446 1176 4515 φιλοσοφίαν
1209 4445 1316 4516 (62)
1361 4444 1803 4518 ἀλληγοροῦντες,

1909 4442 2147 4498 inferunt
2176 4464 2188 4499 :
2214 4445 2308 4497 sed
2334 4441 2502 4511 legem
2539 4443 2805 4498 duntaxat
2833 4448 2886 4494 et
2913 4439 3303 4509 prophetarum
3347 4452 3473 4492 ora-

233 4536 421 4607 ἑπειδὴ
439 4536 680 4606 σύμϐολα
695 4537 763 4590 τὰ
785 4537 881 4606 τῆς
903 4536 1071 4607 ῥητῆς
1101 4536 1395 4607 ἑρμηνείας
1421 4535 1727 4607 νομίζουσιν
1751 4537 1810 4590 ἀ-

234 4626 700 4698 ποκεκρυμμένης
730 4626 960 4696 φύσεως,
975 4628 1029 4680 ἐν
1048 4625 1320 4690 ὑπονοίαις
1335 4625 1490 4698 δηλου
1499 4627 1664 4697 μένης
1686 4626 1812 4697 (65).

304 4745 420 4814 (60)
455 4746 1058 4814 Ἐπιπεςοημισμένης.
1086 4745 1140 4798 In
1178 4747 1354 4801 tribus
1384 4747 1585 4800 nostris
1615 4747 1814 4801 codici-

236 4814 341 4868 bus
379 4815 545 4888 Μυκη
577 4817 714 4871 Med.
738 4833 804 4870 ac
842 4815 980 4870 Fuk.
1021 4817 1279 4885 scriptum
1337 4817 1513 4871 inveni
1567 4818 1813 4888 ἐμπεφη-

240 4887 532 4955 μισμένης·

308 4954 424 5036 (61)
466 4955 572 5036 Ek
597 4957 1152 5036 :rarp{§q_d:rgtxlar
1176 4955 1559 5036 στέλλονται.
1585 4957 1680 5012 Hic
1707 4958 1808 5036 im-

238 5027 463 5096 proprie
489 5028 725 5096 loquitur
749 5027 922 5082 Pliilo.
948 5029 1079 5082 Nam
1108 5028 1283 5081 coloni
1309 5043 1371 5080 ex
1399 5029 1594 5096 patria,
1626 5030 1803 5096 potius

237 5113 402 5166 quam
437 5098 488 5150 in
526 5097 754 5169 patriam
791 5101 1021 5169 migrare
1049 5100 1318 5169 dicuntur.
1351 5096 1414 5150 Et
1465 5108 1640 5169 tamen
1673 5099 1804 5169 ligu-

235 5185 295 5238 ra
327 5177 541 5238 estnon
571 5167 1148 5238 ίρειθςοηδξάποικίαν
1201 5170 1290 5230 εἰς,
1316 5167 1547 5238 πατρίδα
1596 5168 1804 5238 στέλλε-

237 5237 381 5290 σθαι.
427 5237 561 5290 Nam
588 5237 940 5306 Tlierapeuta:
967 5241 1080 5308 qni,
1101 5239 1285 5292 relicta
1317 5237 1509 5305 putria,
1556 5239 1608 5292 'rn
1635 5237 1806 5308 Εεν-

234 5319 384 5379 ptum
415 5309 482 5361 ad
513 5323 706 5379 pagum
746 5308 1092 5364 Mareoticum
1129 5309 1578 5379 commigrabant,
1613 5312 1803 5364 merito

235 5376 580 5432 dicunturin
612 5378 876 5433 coloniam
916 5381 1077 5432 mitti.
1122 5376 1238 5432 Jani
1290 5394 1419 5433 vero
1465 5394 1583 5431 cum
1639 5380 1799 5432 iidem

233 5447 276 5501 Τ
285 5451 596 5516 lierapeutze
623 5448 798 5502 locum
832 5450 975 5504 illum
1009 5464 1107 5517 pro
1137 5449 1306 5517 patria
1338 5448 1638 5509 habuerint,
1661 5460 1807 5504 recte

238 5519 494 5572 dicuntur
531 5520 582 5572 in
617 5520 852 5586 patriam
885 5520 1165 5588 migrasse,
1189 5534 1310 5573 cum
1341 5518 1469 5572 illuc
1489 5520 1805 5587 prolicisce-

241 5603 332 5640 τοι)
342 5599 393 5642 ιιι
403 5606 447 5642 1³.

307 5659 416 5730 (62)
447 5657 871 5730 Φιλοσοφοῦαι
898 5657 1013 5724 τὴν
1039 5657 1284 5730 πάτριον
1316 5658 1696 5728 φιλοσοφίαν.
1728 5659 1805 5712 Ita

237 5742 296 5781 ex
318 5729 526 5786 codice
554 5731 723 5800 Regio
753 5729 926 5784 edidit
957 5729 1090 5785 Rob.
1139 5729 1462 5800 Stephanus.
1524 5731 1720 5786 Verum
1753 5730 1804 5782 in

1921 4535 2041 4591 cula
2087 4535 2428 4606 hymnosque
2472 4544 2527 4591 et
2571 4535 2675 4589 alia
2715 4533 3057 4602 hujusmodi,
3082 4532 3274 4601 quibus
3300 4529 3473 4598 pietas

1923 4627 2086 4684 simul
2121 4642 2184 4682 ac
2233 4627 2461 4683 scientia
2507 4635 2773 4697 augentur
2816 4634 2871 4680 et
2925 4609 3391 4681 consummantur:
3447 4641 3467 4674 ι

1920 4747 2108 4802 codice
2142 4745 2278 4800 Max.
2305 4761 2368 4799 ac
2404 4744 2543 4800 Med.
2570 4745 2828 4811 scriptum
2869 4741 3048 4796 inveni
3086 4739 3198 4811 τὴν
3245 4729 3472 4811 πάτριον

1918 4816 2264 4886 φιλοσοφοῦσι
2292 4816 2503 4885 σοφίαν.
2538 4816 2590 4886 In
2627 4807 2810 4886 codice
2857 4821 3045 4886 autent
3086 4807 3223 4886 Fuk.
3250 4807 3474 4886 “legitur

1915 4877 2012 4960 τὴν
2038 4877 2259 4960 πάτριον
2285 4877 2628 4960 φιλοσοφοῦσι
2651 4881 2983 4960 φιλοσοφίαν.
3010 4879 3162 4960 Quod
3183 4880 3319 4960 inihi
3353 4877 3476 4960 qui-

1915 4949 2034 5013 dém
2075 4949 2276 5012 rectius
2297 4949 2532 5011 'videtu'r.
2568 4949 3020 5009 Sic'cuim'Pliilo
3053 4951 3196 5017 loqui
3241 4949 3379 5002 solet
3409 4949 3476 5002 de

1913 5025 2133 5089 Judmis.
2183 5037 2238 5081 ut
2269 5027 2321 5080 in
2353 5027 2444 5080 lib.
2479 5042 2534 5080 Ill
2563 5026 2636 5078 De
2671 5025 2773 5078 vita
2807 5021 2971 5075 Musis
2999 5063 3014 5086 ,
3053 5019 3219 5074 εἰσέτι
3253 5019 3346 5072 νῦν
3382 5036 3471 5086 φι-

1909 5097 2193 5168 λοσοφοῦσι
2217 5100 2337 5160 ταῖς
2366 5097 2619 5168 έόδόμαις
2661 5093 2900 5168 Ἰουδαῖοι
2930 5090 3287 5168 τὴν-πάτριον
3328 5089 3475 5168 φιλο-

1911 5108 2193 5168 Αοσοφουσι
2217 5108 2337 5160 ταῖς
2366 5108 2619 5166 εοοομαις
2666 5108 2900 5148 Ἰουοαιοι
2930 5108 3028 5162 την
3062 5108 3287 5212 πατριον
3328 5108 3475 5160 φιλο-

1911 5170 2099 5236 σοφίαν
2121 5186 2135 5198 ·
2177 5177 2229 5223 et
2267 5170 2316 5220 in
2360 5167 2636 5236 Legatione
2661 5167 2727 5218 ad
2752 5163 3066 5236 ίλιιίιιιη,κα“ι
3096 5161 3179 5236 μόιΔ
3207 5178 3327 5214 ιστα
3355 5161 3475 5222 ταῖς

1907 5231 2178 5362 ξδδόμῗις,
2214 5239 2302 5291 ὅτε
2329 5231 2562 5309 δημοσία
2595 5237 2692 5306 τὴν
2739 5234 2964 5306 πάτριον
2995 5231 3336 5286 παιδεύονται
3383 5249 3473 5302 φι-

1939 5325 2067 5362 ocros:
2095 5326 2177 5362 αν.

1939 5325 2177 5364 οσοφιαν.

1982 5327 2276 5448 ἷὲἓῖαζίύιε.
2298 5377 2367 5431 ἐν
2383 5377 2694 5448 ὑπονοίαις
2704 5372 3396 5448 dnlodysaﬁaJnPhilpne
3419 5383 3476 5426 et

1912 5451 1964 5506 in
1989 5443 2174 5505 Codice
2201 5443 2360 5508 Μαι..
2384 5447 2521 5502 Med.
2544 5457 2600 5503 et
2623 5446 2756 5502 Fuk.
2777 5443 2840 5498 et
2875 5445 3040 5498 Savil.
3069 5443 3260 5514 legitur
3283 5443 3475 5514 δηλου-

1915 5521 2080 5591 μένης
2107 5520 2339 5591 rectius._
2354 5517 2524 5572 Porro
2550 5519 2677 5586 quid
2708 5515 2974 5591 signiticet
3008 5514 3262 5591 ὑπονοίας
3318 5530 3475 5591 V_'oca-

1913 5585 2094 5643 bulum
2124 5628 2139 5650 ,
2189 5587 2374 5657 paucis
2428 5585 2609 5643 notum
2665 5601 2785 5641 esse
2818 5585 3076 5639 arbitror.
3110 5585 3478 5657 _Antiqn_i_o_rcs

1913 5659 2084 5713 Graeci
2124 5653 2377 5720 ὑπονοίας
2406 5657 2693 5720 vocabant,
2727 5672 2860 5726 quas
2919 5653 3477 5726 τοοεῃιίοιοθείὰλλη-

1914 5729 2103 5797 τορίας
2133 5730 2342 5794 dixere,
2374 5744 2497 5783 cum
2532 5725 2757 5782 scilicet
2793 5725 2937 5780 aliud
2967 5725 3183 5787 dicitur.
3213 5725 3370 5778 aliud.
3408 5725 3482 5776 in-
