3966 6264
508 300 609 361 179
1192 291 1462 352 EUSEBII
1496 289 1977 349 CIESABIENSIS
2013 287 2164 347 OPP.
2202 287 2384 344 PARS
2419 285 2461 344 Ι.
2500 316 2573 332 -—
2606 282 2998 344 HISTORICA.
3611 280 3711 337 180

485 414 677 471 Paucis
703 412 897 470 deinde
929 411 1260 485 interpositis
1293 414 1408 469 haec
1442 412 1753 483 subiungit:
1790 431 1808 463 ι
1846 411 2040 467 Tomm

2158 410 2302 464 Ἐστι
2327 409 2371 463 δ’
2393 409 2575 473 αὐτοῖς
2604 407 2699 463 καὶ¹
2721 406 3124 479 συγγράμματα
3153 401 3406 459 παλαιῶν
3419 398 3646 474 ἀνδρῶν,
3662 402 3713 457 οἱ

485 521 617 562 vero
646 548 660 570 .
688 507 862 577 inquit
888 547 903 572 ,
937 508 1041 562 diei
1072 507 1301 576 Spatium
1341 508 1485 574 quod
1535 508 1604 560 ab
1653 516 1772 559 ortu
1820 504 1950 558 solis
1979 505 2046 557 ad

2158 503 2243 574 τῆς
2272 501 2534 574 αἱρέσεως
2557 498 2735 555 αὐτῶν
2753 498 3054 571 ἀρχηγέται
3085 496 3195 569 (64)
3224 496 3521 573 γενόμενοι,
3544 493 3716 549 πολλά

486 613 771 677 vesperam
822 598 1140 669 interjacet.
1190 598 1243 651 in
1302 596 1650 650 meditatione
1692 596 2048 663 philosophiae

2158 597 2385 666 μνημεῖα
2410 594 2508 665 τῆς
2535 595 2593 646 έν
2626 594 2737 656 τοῖς
2759 584 3243 663 ἀλληγορουμένοις
3262 589 3405 653 ἰδέας
3427 588 3712 652 ἀπέλιπον,

491 692 798 749 traducunt.
839 692 1005 745 Sacra
1038 691 1178 743 enim
1214 688 1488 744 volumina
1536 687 1847 743 lectitantes
1874 688 2051 758 philo-

489 782 786 852 sophantur
810 796 958 835 more
982 781 1180 850 patrio,
1218 790 1485 851 praecepta
1514 778 1795 849 sapientia:
1821 794 1852 834 a
1883 781 2050 849 majo-

490 872 640 927 ribus
686 870 880 925 tradita
932 870 1217 938 allegorice
1245 870 1581 940 esplieando.
1616 867 1823 938 Quippe
1862 870 2050 924 existi-

492 972 643 1016 mant
666 964 828 1017 verba
860 964 972 1031 ipsa
1007 962 1138 1016 nihil
1180 962 1326 1016 aliud
1356 976 1473 1016 esse
1501 976 1663 1031 quam
1695 960 1959 1031 imagines
1996 970 2052 1016 et

491 1053 643 1124 signa
676 1060 859 1107 reruiu
892 1052 1198 1107 abditarum
1230 1092 1244 1115 .
1276 1044 1397 1122 qum
1424 1067 1521 1119 per
1556 1049 1843 1118 allegorias
1869 1050 2048 1106 decla-

489 1146 676 1200 randae
716 1146 844 1200 sint.
879 1144 1020 1200 Sunt
1062 1146 1226 1199 etiam
1261 1144 1402 1213 apud
1431 1159 1524 1197 eos
1554 1144 1927 1199 commentarii
1957 1159 2049 1199 ve-

490 1246 663 1291 terum
688 1236 1068 1307 quorumdam,
1098 1236 1188 1306 qui
1223 1245 1384 1290 sectae
1419 1235 1560 1291 illius
1591 1243 1858 1297 auctores.
1887 1250 2049 1305 quam

491 1328 721 1397 plurima
757 1328 836 1383 eis
866 1336 1219 1382 monumenta
1248 1327 1510 1382 doctrinm
1557 1328 1698 1382 illius
1726 1341 1847 1397 quae
1889 1328 1940 1380 in
1973 1326 2051 1380 al-

492 1422 710 1492 legoriis
735 1423 908 1492 posita
937 1430 1040 1485 est,
1072 1421 1426 1490 reliquerunt.
1453 1420 1658 1488 Quibtl's
1680 1420 1767 1476 isti
1798 1432 2048 1490 tanquam

491 1514 894 1584 exemplaribus
927 1522 1139 1568 utentes
1165 1555 1180 1578 ,
1211 1527 1415 1568 morem
1450 1514 1591 1569 hunc
1638 1512 2049 1580 institutumque

493 1604 799 1659 imitantur.
837 1621 854 1655 ι
905 1601 1027 1656 Hazc
1056 1612 1207 1657 certe
1254 1602 1321 1656 ab
1345 1616 1409 1656 eo
1441 1602 1660 1656 homine
1691 1602 1941 1656 videntur
1969 1602 2051 1655 di-

493 1707 603 1763 ota,
642 1698 732 1764 qui
769 1704 982 1750 nostros
1004 1710 1193 1750 sacras
1235 1694 1445 1748 litteras
1470 1704 1802 1763 exponentes
1833 1695 2052 1748 audive-

492 1788 582 1840 rit.
615 1788 762 1853 Quos
812 1795 990 1839 autem
1025 1789 1099 1840 ait
1128 1800 1291 1854 penes
1315 1785 1433 1839 illos
1460 1786 1625 1839 fuisse
1656 1794 1893 1841 veterum
1921 1801 2053 1855 quo-

493 1879 739 1933 rumdam
795 1878 1246 1943 commentarios,
1300 1878 1593 1933 verisimile
1641 1889 1723 1932 est
1754 1878 1883 1947 "ipsa
1933 1891 2053 1931 esse

495 1972 782 2042 Evangelia
818 1980 872 2026 et
918 1971 1280 2040 apostolorum
1324 1972 1522 2040 scripta
1551 2010 1566 2034 ,
1597 1980 1651 2024 et
1692 1970 2054 2039 expositiones

493 2063 756 2134 quasdam
785 2072 1023 2118 veterum
1059 2065 1443 2133 prophetarum
1479 2081 1493 2116 :
1530 2061 1826 2131 cuiusmodi
1872 2061 2054 2128 plures

494 2162 607 2209 tum
638 2155 691 2209 in
718 2156 839 2210 aliis
863 2154 1011 2210 Pauli
1038 2156 1314 2227 Epistolis,
1351 2165 1460 2208 tum
1496 2156 1547 2209 in
1574 2154 1662 2208 illa
1695 2170 1816 2224 quae
1843 2155 1908 2208 ad
1946 2154 2052 2210 He-

494 2245 670 2299 hrzeos
713 2245 912 2314 seripta
946 2254 1027 2300 est
1058 2287 1074 2309 .
1127 2246 1494 2301 continentur.
1526 2244 1876 2300 Postmodum
1927 2261 2055 2301 vero

493 2334 560 2388 de
612 2333 765 2388 novis
796 2333 1015 2404 psalmis
1054 2324 1149 2403 qul
1186 2333 1255 2389 ab
1302 2335 1490 2391 iisdem
1536 2346 1952 2405 componuntur,
1981 2336 2053 2391 ita

493 2424 682 2480 scribit
708 2424 864 2481 Philo
898 2436 914 2479 :
951 2445 971 2478 ι
1014 2427 1124 2491 Ita,
1159 2427 1333 2497 inquit
1359 2471 1373 2494 ,
1404 2442 1508 2482 non
1547 2428 1718 2482 solum
1769 2427 1879 2498 56
1927 2442 2056 2483 con-

494 2517 829 2586 templationi
866 2527 1101 2583 vacant,
1139 2521 1234 2575 sed
1262 2521 1425 2574 etiam
1474 2521 1687 2576 cantica
1722 2519 2055 2591 hymnosque

492 2612 561 2666 ad
585 2611 677 2665 Dei
727 2610 936 2666 laudem
966 2620 1300 2682 componunt
1328 2614 1478 2667 omni
1517 2622 1814 2668 metrorum
1846 2628 1909 2670 ac
1941 2629 2057 2669 mo-

493 2704 827 2759 dulationum
881 2719 1101 2774 genere.
1154 2704 1300 2771 Quos
1348 2705 1563 2774 quidem
1615 2707 1952 2777 gravioribus
1995 2716 2056 2762 ut

494 2810 591 2864 par
616 2804 719 2859 est,
760 2797 1000 2850 numeris
1056 2796 1422 2851 conscribunt.
1456 2814 1476 2849 ι
1515 2796 1675 2852 Multa
1711 2812 1924 2868 quoque
1949 2798 2054 2854 alia

494 2888 563 2941 de
611 2888 797 2943 iisdem
850 2888 903 2941 in
956 2901 1022 2943 eo
1074 2902 1231 2958 quem
1293 2889 1404 2944 dixi
1466 2888 1603 2945 libro
1645 2901 2053 2949 commemorat.

496 2977 604 3034 Sed
634 2980 750 3035 hac
779 2980 1012 3035 maxime
1041 2979 1318 3052 seligenda
1342 2990 1395 3038 et
1424 2984 1761 3054 excerpenda
1803 2999 1926 3040 esse
1955 2986 2057 3040 du-

2152 683 2226 744 υῗς
2259 686 2509 758 καθάπερ
2542 687 2681 740 τισὶν
2713 683 3039 757 ἀρχετύποις
3072 682 3381 755 χρώμενοι,
3423 681 3715 754 μιμοῦνται

2154 780 2247 847 τῆς
2279 778 2647 851 προαιρέσεως
2665 778 2755 831 τὸν
2787 777 3004 849 τρόπον.
3042 796 3060 829 ι
3081 774 3265 830 Ταῦτα
3291 776 3388 847 μὲν
3419 771 3511 830 οὖν
3538 775 3716 829 ἔοικεν

2150 872 2401 945 εἰρῆσθαι
2432 872 2510 944 τῷ
2534 872 2710 946 ἀνδρὶ,
2735 870 2835 935 τάς
2865 869 3015 943 ίεράς
3035 870 3410 942 ἐξηγουμένων
3434 872 3715 942 ὲπακροα-

2151 962 2368 1034 σαμένῳ
2396 962 2633 1033 Γραφάς.
2660 963 2813 1034 Τάχα
2836 962 2880 1016 δ’
2905 962 3053 1027 εἰκὸς
3074 962 3110 1016 ἆ
3133 979 3296 1034 φησιν
3318 962 3558 1033 ἀρχαίων
3581 962 3715 1033 παρ’

2150 1054 2330 1119 αὐτοῖς
2362 1050 2503 1109 εἶναι
2530 1056 2959 1127 συγγράμματα,
2984 1056 3053 1109 τά
3083 1073 3143 1109 τε
3166 1055 3468 1125 Εὐαγγέλια
3496 1053 3718 1118 καὶτὰς

2148 1146 2256 1199 τῶν
2305 1146 2614 1200 ἀποστόλων
2661 1146 2877 1220 γραφὰς
2913 1144 3278 1219 [τυγχάνειν],
3330 1146 3608 1218 διηγήσεις
3652 1162 3716 1200 τε

2149 1237 2301 1303 τινάς
2320 1237 2461 1292 κατά
2479 1237 2541 1291 τὸ
2571 1237 2719 1302 εἰκὸς
2742 1237 2850 1292 τῶν
2880 1238 3045 1293 πάλαι
3070 1237 3363 1312 προφητῶν
3395 1239 3721 1311 ἑρμηνευτι-

2150 1330 2269 1395 κάς,
2295 1329 2486 1395 ὁποίας
2512 1330 2546 1401 ἦ
2573 1347 2633 1383 τε
2656 1329 2794 1402 πρὸς
2833 1328 3138 1402 Ἐϐραίους,
3174 1329 3269 1384 καὶ
3309 1328 3463 1384 ἀλλαι
3497 1328 3720 1393 πλείους

2150 1418 2244 1473 τοῦ
2274 1418 2484 1473 Παύλου
2519 1420 2861 1492 περιέχουσιν
2888 1419 3185 1493 ἐπιστολαὶ,
3211 1417 3384 1474 ταῦτα
3403 1413 3561 1474 εἶναι.
3579 1414 3719 1474 Εἶτα

2153 1512 2319 1567 πάλιν
2344 1511 2471 1582 ἑξῆς
2494 1511 2624 1583 περὶ
2655 1510 2749 1564 τοῦ
2772 1510 2926 1576 νέους
2956 1512 3137 1575 αὐτοῖς
3182 1510 3448 1566 ποιεῖσθαι
3470 1511 3716 1584 ψαλμοὺς

2151 1604 2322 1667 οὕτως
2348 1604 2549 1676 γράφει
2568 1621 2582 1635 ·
2618 1622 2637 1655 ι
2668 1604 2817 1657 ⁹Ὠστ’
2839 1603 2899 1658 οὐ
2933 1602 3197 1675 θεωροῦσι
3241 1604 3420 1676 μόνον,
3454 1604 3588 1660 ἀλλά
3618 1606 3717 1661 καὶ

2154 1694 2395 1748 ποιοῦσιν
2423 1694 2640 1766 ᾅσματα
2676 1694 2769 1748 καὶ
2801 1693 3002 1765 ὓμνους
3040 1695 3121 1759 εἰς
3158 1694 3247 1748 τὸν
3276 1694 3428 1755 Θεὸν,
3465 1695 3551 1749 διά
3579 1714 3717 1751 παν-

2152 1787 2309 1841 τοίων
2381 1786 2592 1858 μέτρων
2659 1785 2754 1840 καὶ
2832 1784 3006 1857 μελῶν
3068 1784 3293 1857 ῥυθμοῖς
3376 1784 3720 1857 σεμνοτέροις

2153 1879 2465 1945 ἀναγκαίως
2508 1878 2886 1949 χαράσσοντες.
2930 1897 2949 1930 ι
2987 1877 3161 1932 Πολλὰ
3197 1878 3294 1950 μὲν
3332 1873 3423 1932 οὖν
3452 1878 3545 1933 καὶ
3586 1878 3721 1934 ἀλλα

2154 1972 2281 2043 περὶ
2304 1965 2378 2024 ὧν
2401 1971 2430 2025 ὁ
2454 1971 2628 2040 λόγος,
2664 1971 2722 2023 ὲν
2751 1970 2930 2042 ταύτῷ
2957 1970 3228 2038 διέξεισιν,
3270 1972 3452 2025 ἐκεῖνα
3476 1970 3521 2024 δ’
3547 1972 3719 2041 ἀναγ-

2154 2066 2304 2118 καῖον
2336 2063 2507 2136 ἐφάνη
2551 2062 2661 2116 δεῖν
2708 2061 3098 2129 ἀναλέξασθαι,
3148 2061 3214 2116 δι’
3234 2054 3309 2116 ὧν
3335 2060 3407 2115 τὰ
3437 2077 3720 2133 χαρακτη-

2158 2153 2369 2227 ριστικά
2401 2154 2502 2224 τῆς
2548 2153 3001 2224 ὲκκλησιαστικῆς
3029 2153 3251 2224 ἀγωγῆς
3287 2152 3621 2207 ὑποτίθεται.
3653 2154 3719 2207 Et

2152 2246 2210 2300 δέ
2240 2264 2315 2318 τῳ
2358 2246 2431 2317 μὴ
2467 2245 2613 2299 δοκεί
2651 2244 2720 2299 τὰ
2750 2246 3012 2317 εἰρημένα
3048 2245 3155 2300 ῐδια
3186 2242 3325 2300 εἶναι
3361 2246 3460 2317 τῆς
3487 2246 3630 2301 κατά
3656 2246 3721 2300 τὺ

2154 2338 2484 2407 Εὑαγγέλιον
2510 2336 2803 2400 πολιτείας,
2833 2336 3088 2390 δύνασθαι
3119 2336 3176 2389 δὲ
3222 2337 3315 2390 καὶ
3345 2335 3523 2399 ἄλλοις
3561 2335 3720 2408 παρά

2154 2430 2279 2493 τοὺς
2309 2428 2704 2500 δεδηλωμένους
2730 2429 3040 2501 ἁρμόττειν,
3071 2427 3339 2482 πειθέσθω
3369 2427 3471 2482 κᾶν
3490 2427 3596 2482 ἀπὸ
3609 2428 3721 2482 τῶν

2155 2521 2280 2593 ἑξῆς
2308 2519 2470 2575 αὐτοῦ
2501 2520 2713 2592 φωνῶν,
2749 2523 2807 2575 ἐν
2831 2516 2917 2585 αἷς
2940 2522 3350 2592 ἀναμφήριστον
3372 2521 3418 2573 εί
3445 2521 3720 2591 εὐγνωμο-

2155 2614 2294 2685 νοίη,
2334 2613 2618 2685 κομίσεται
2658 2613 2756 2683 τὴν
2795 2614 2923 2683 περὶ
2951 2611 3103 2665 τοῦδε
3148 2611 3467 2684 μαρτυρίαν.
3512 2610 3720 2682 Γράφει

2155 2707 2266 2780 γὰρ
2290 2702 2411 2761 ὧδε·
2441 2725 2460 2758 ι
2498 2706 2852 2777 Ἐγκράτειαν
2881 2704 2924 2757 δ’
2953 2703 3141 2775 ὥσπερ
3162 2703 3284 2757 τινὰ
3315 2702 3559 2774 θεμέλιον
3581 2719 3720 2773 προ-

2156 2797 2613 2869 καταϐαλλόμενοι
2648 2799 2714 2869 τῇ
2753 2796 2921 2867 ψυχῇ.
2950 2795 3050 2859 τάς
3080 2795 3245 2858 ἄλλας
3278 2792 3723 2866 ὲποικοδομοῦσιν

2157 2889 2374 2962 ἀρετάς.
2404 2889 2579 2942 Σιτίον
2616 2888 2778 2959 γάρῆ
2807 2887 2968 2941 ποτὸν
3007 2886 3181 2950 οὐδεὶς
3218 2872 3284 2939 ἄν
3332 2884 3509 2938 αὐτῶν
3547 2900 3720 2956 προσ-

2158 2982 2441 3050 ενέγκαιτο
2476 2979 2581 3053 πρὸ
2605 2979 2754 3051 ἡλίου
2773 2978 2995 3043 δύσεως,
3035 2977 3156 3031 ὲπεὶ
3186 2977 3247 3030 τὸ
3278 2976 3376 3047 μὲν
3414 2976 3723 3046 φιλοσοφεῖν

495 3070 574 3134 xi,
611 3071 808 3139 quibus
851 3070 1233 3130 ecclesiastica!
1266 3074 1561 3145 disciplima
1608 3074 1779 3131 forma
1810 3078 2054 3147 quaedam

2160 3074 2335 3146 φωτὸς
2363 3072 2511 3138 ἀξιον
2541 3071 2818 3144 κρίνουσιν
2846 3069 3003 3134 εἶναι,
3042 3070 3265 3133 σκότους
3290 3069 3345 3123 δὲ
3369 3066 3467 3132 τὰς
3488 3066 3582 3121 τοῦ
3616 3066 3723 3120 σὼ·

494 3176 549 3217 et
579 3164 754 3233 imago
779 3159 1049 3234 descripta
1083 3175 1185 3220 est.
1215 3166 1368 3232 Quod
1401 3167 1447 3221 si
1478 3168 1601 3236 quis
1629 3183 1690 3223 ea
1724 3185 1846 3239 quae
1871 3185 1899 3224 a
1930 3169 2054 3224 Phi-

495 3252 618 3309 lone
647 3255 790 3311 dicta
829 3267 954 3311 sunt
979 3297 995 3321 ,
1028 3257 1349 3329 evangelicae
1373 3258 1672 3329 disciplina:
1712 3275 2054 3331 nequaquam

495 3348 715 3414 propria
746 3361 885 3414 esse,
914 3348 1008 3402 sed
1039 3348 1160 3404 aliis
1187 3350 1349 3403 etiam
1396 3359 1593 3419 praeter
1623 3350 1743 3406 illos
1772 3366 1909 3421 quos
1942 3352 2055 3406 dixi

497 3451 807 3507 competere
852 3456 1009 3510 posse
1056 3442 1377 3507 existimat,
1420 3442 1468 3497 is
1502 3450 1652 3497 certe
1705 3445 2055 3512 sequentibus

496 3526 738 3586 Philonis
764 3533 947 3587 verbis
966 3532 1124 3588 fidem
1148 3533 1421 3600 adhibeat,
1447 3534 1500 3588 in
1522 3535 1737 3604 quibus,
1764 3537 2055 3593 dummodo

498 3636 684 3693 :rquus
725 3638 905 3679 rerum
946 3626 1242 3682 aestimator
1269 3626 1382 3693 sit,
1413 3628 1777 3682 certissimum
1807 3638 1861 3684 et
1900 3640 2055 3685 extra

497 3724 711 3771 o‘mnem
748 3714 1171 3771 controversiam
1227 3718 1456 3788 positum
1493 3718 1638 3774 illius
1686 3721 1763 3774 rei
1816 3722 2056 3778 testimo-

500 3811 647 3863 nium
689 3809 938 3878 reperiet.
972 3806 1062 3863 Sic
1089 3817 1267 3864 autem
1298 3810 1487 3865 scribit
1518 3829 1534 3864 :
1572 3830 1592 3863 ι
1623 3810 1939 3881 Postquam,
1968 3813 2057 3868 in-

500 3922 776 3990 telligitur.
810 3920 971 3977 Docet
1000 3923 1051 3978 id
1080 3922 1403 3981 Plutarchus
1437 3926 1489 3979 in
1520 3926 1657 3981 libro
1683 3925 1957 3993 Quomodo
1986 3930 2059 3983 Ie-

814 4002 998 4083 ρεςεξτ-
1018 4010 1036 4047 :
1065 3995 1228 4083 ’Ἔχει
1255 3996 1341 4083 δέῃ
1360 3995 1733 4083 ἀναθεώρησιν
1789 3998 2061 4083 ὠφέλιμον

497 4063 590 4137 ἐπι
618 4064 726 4115 τῶν
740 4063 1201 4137 Δδιαίᾶεὸλτιᾼμένιιυν
1228 4066 1480 4137 μάλιστα
1526 4063 1742 4137 μύθων·
1801 4063 1897 4133 οὖς
1942 4063 2064 4135 ταῖς

499 4133 682 4211 πάλαε
699 4134 802 4211 μὲν
828 4133 1121 4202 ὑπονοίαις,
1156 4133 1591 4211 ἀλληγορίαις
1621 4138 1714 4211 ν-ὗν
1748 4133 2063 4211 λεγομέναις

498 4202 981 4275 παραϐιαζόμενοι,
1015 4219 1123 4260 etc.
1158 4206 1234 4260 Ita
1272 4202 1420 4261 certe
1453 4210 1592 4275 apud
1638 4202 1917 4263 Platonem
1970 4202 2062 4264 su;

502 4272 917 4345 ιιιὶἰιιιχὺπόνοια
948 4276 998 4327 in
1023 4275 1117 4330 lib.
1153 4292 1190 4331 tt
1224 4275 1298 4330 De
1339 4272 1622 4345 republica,
1656 4281 1758 4335 sub
1784 4279 1979 4345 linem;
2008 4290 2062 4334 et

501 4343 639 4412 apud
669 4343 943 4397 Philonem
976 4346 1137 4402 infra.

2159 3185 2324 3240 ματος
2349 3166 2607 3234 ἀνάγκας,
2640 3164 2760 3218 ὅθεν
2787 3163 2862 3235 τῷ
2885 3164 2981 3234 μὲν
3028 3163 3259 3234 ἡμέραν,
3285 3162 3404 3225 ταῖς
3432 3161 3490 3214 δὲ
3526 3159 3723 3224 νυκτὸς

2158 3259 2329 3333 βραχύ
2359 3276 2411 3311 τι
2449 3260 2609 3330 μέρος
2634 3257 2952 3326 ἀπένειμαν.
3004 3256 3174 3308 Ἔνιοι
3201 3254 3259 3308 δὲ
3296 3253 3389 3307 καὶ
3419 3251 3505 3306 διὰ
3550 3251 3722 3324 τριῶν

2154 3352 2373 3426 ἡμερῶν
2400 3350 2904 3422 ὑπομιμνήσκονται
2931 3347 3159 3420 τροφῆς,
3176 3339 3257 3409 οἷς
3285 3344 3482 3399 πλείων
3504 3347 3532 3399 ὁ
3555 3344 3723 3409 πόθος

2153 3446 2459 3516 ἐπιστήμης
2488 3442 2756 3514 ἐνίδρυται
2775 3481 2789 3506 ,
2835 3441 2976 3503 τινὲς
3006 3439 3049 3492 δ’
3078 3439 3248 3501 οὕτως
3280 3438 3723 3510 ἐνευφραίνονται

2160 3535 2255 3589 καὶ
2278 3534 2553 3607 τρυφῶσιν
2588 3533 2690 3587 ὑπὸ
2735 3533 2924 3602 σοφίας
2966 3530 3281 3602 ἑστιώμενοι
3316 3530 3580 3593 πλουσίως
3625 3532 3726 3583 καὶ

2161 3626 2407 3697 ἀφθόνως
2432 3626 2499 3680 τὰ
2512 3626 2754 3698 δόγματα
2781 3623 3142 3698 χορηγούσης,
3158 3624 3234 3688 ὼς
3261 3624 3354 3679 καὶ
3381 3623 3517 3695 πρὸς
3539 3622 3728 3676 διπλα-

2164 3721 2317 3775 σίονα
2351 3719 2537 3792 χρόνον
2567 3718 2809 3789 ἀντέχειν
2845 3720 2939 3772 καὶ
2984 3716 3142 3789 μόγις
3163 3717 3227 3770 δι’
3257 3715 3315 3783 ἒξ
3348 3715 3566 3788 ἡμερῶν
3587 3715 3725 3768 ἀπο-

2162 3814 2415 3886 γεύεσθαι
2436 3813 2639 3885 τροφῆς
2660 3811 2961 3882 ἀναγκαίας
2985 3808 3282 3873 ἐθισθέντες
3298 3808 3426 3880 (65).
3457 3827 3477 3860 ι
3508 3808 3729 3872 Ταύτας

2163 3931 2370 3985 Iiariter
2394 3929 2575 3983 Roma:
2601 3938 2850 3983 versatus
2881 3934 2986 3988 est.
3012 3924 3056 3980 si
3083 3925 3312 3979 Eusebio
3328 3923 3613 3978 credimus.
3636 3922 3721 3975 An

2163 4018 2266 4055 non
2302 4016 2367 4055 ex
2398 4001 2479 4053 his
2503 4009 2690 4066 aperte
2732 3997 3022 4061 colligitur,
3057 3995 3336 4050 Philonem
3368 4009 3433 4047 eo
3486 3995 3537 4046 in
3584 3994 3725 4047 Iihro

2163 4075 2229 4125 de
2254 4070 2577 4126 Christianis
2608 4084 2714 4122 non
2745 4067 2928 4132 loqui?
2971 4068 3110 4122 Sunt
3154 4075 3209 4119 et
3248 4066 3349 4117 alia
3403 4074 3721 4132 argumenta

2163 4085 2229 4125 (te
2254 4085 2577 4126 Lnrtsuants
2608 4085 2714 4122 non
2746 4085 2928 4136 loqu”
2972 4085 3110 4122 bunt
3154 4085 3209 4119 el.
3248 4085 3349 4117 alia
3403 4085 3721 4132 arglttm-tua

2163 4157 2227 4194 cx
2257 4140 2451 4210 quibus
2476 4141 2614 4193 idem
2642 4137 2859 4208 probari
2885 4145 3085 4206 potest,
3124 4144 3181 4189 ut
3231 4150 3350 4187 cum
3393 4134 3525 4188 dicit
3566 4130 3723 4187 Philo

2164 4209 2525 4278 Therapeutas
2589 4209 2670 4261 his
2696 4216 2918 4278 tantum
2963 4206 3201 4276 quotidie
3252 4219 3444 4278 preces
3503 4203 3718 4278 fecisse,

2162 4274 2374 4335 oriente
2396 4279 2605 4334 scilicet
2630 4276 2742 4333 sole
2773 4286 2825 4331 et
2847 4274 3157 4332 occidente:
3184 4275 3335 4343 qttasi
3369 4289 3496 4329 vero
3558 4274 3719 4337 primi

2170 4350 2459 4404 Christiani
2491 4364 2595 4401 non
2634 4346 2813 4409 tertia.
2840 4357 2988 4401 sexta
3044 4355 3099 4400 et
3154 4359 3293 4398 nona
3347 4344 3499 4407 hora,
3547 4351 3601 4396 ut
3663 4344 3719 4396 in

717 4414 1147 4508 Συζπξᾴμμςτα
1182 4416 1451 4508 σεαλαιῶξ
1470 4417 1724 4487 ἀνδρῶν,
1757 4419 1814 4508 οἳ
1831 4416 1941 4500 τῆς
1977 4422 2055 4474 αἱ-

2173 4414 3481 4508 Asilas.testatas$959135.“t'r-9.*°1.1'1°92~
3510 4416 3724 4508 221'}

492 4484 723 4558 ρέσεως
775 4484 1353 4558 α-ὐτῶννάρχηγέται.
1410 4487 1525 4543 lam
1568 4484 1727 4558 supra
1764 4484 2066 4553 docuimus,

508 4550 746 4626 Philonis
780 4550 1419 4626 'l‘herapeuta'sdiversos
1470 4559 1539 4612 ab
1592 4550 1812 4613 Essenis
1864 4559 2053 4614 fuisse.

502 4625 691 4680 Restat
722 4639 863 4680 nunc
892 4625 1293 4695 ut’pt‘obetnus.
1319 4642 1414 4682 eos
1445 4643 1548 4683 non
1587 4628 1752 4685 fuisse
1793 4630 2061 4684 Christia-

503 4711 624 4757 nos,
658 4696 833 4749 utsibi
862 4695 1087 4766 aliisque
1139 4700 1405 4765 persuasit
1454 4699 1737 4754 Eusebius.
1779 4698 2059 4754 Undenam

502 4781 633 4839 vero
669 4767 718 4839 id
749 4768 976 4839 probare
1033 4770 1231 4823 certius
1277 4782 1581 4837 possunms,
1635 4786 1794 4839 quam
1840 4786 1906 4824 ex
1962 4771 2062 4823 hoc

499 4831 1084 4909 Philonis'loeoquem
1113 4853 1222 4909 p_r:e
1252 4831 1498 4893 manibus
1523 4831 1797 4895 habemus.
1824 4840 1914 4893 Ait
1955 4840 2061 4909 igi-

503 4918 593 4958 tur
629 4905 798 4970 Philo,
831 4906 1082 4960 habuisse
1116 4905 1505 4977 ’Therapeutas
1558 4910 1761 4975 scripta
1818 4905 2058 4964 veterum

500 4977 858 5049 quorumdam
886 4991 998 5049 sum
1031 4991 1191 5033 secta:
1228 4990 1511 5032 auctorum
1534 5019 1551 5044 ,
1578 4980 1670 5046 qui
1710 4979 1878 5049 legem
1932 4979 2062 5033 alle-

498 5045 678 5110 gorice
705 5047 1100 5112 exposuissent.
1128 5050 1405 5114 Quomodo
1463 5045 1691 5103 haec’de
1738 5045 2061 5103 Christianis

499 5115 670 5179 accipi
704 5126 959 5181 possunt.
995 5115 1083 5181 qui
1123 5127 1230 5171 tttm
1291 5118 1483 5172 novelli
1534 5125 1691 5173 erant
1735 5128 1791 5171 et
1834 5119 2061 5173 nudius-

504 5187 693 5236 tertius
723 5186 867 5259 natij.’
887 5185 1142 5251 Quaenam
1170 5203 1308 5259 rogo,
1348 5200 1470 5242 sunt
1524 5188 1719 5256 scripta
1756 5188 1843 5243 illa
1874 5203 1889 5254 ;
1939 5190 2063 5259 qui-

504 5267 627 5306 nam
661 5253 857 5326 vetusti
882 5265 1130 5310 auctores
1158 5266 1210 5310 et
1232 5253 1505 5326 principes
1540 5253 1678 5312 illius
1714 5268 1873 5314 sectas
1896 5259 1919 5313 i
1944 5253 2057 5312 Non

502 5332 649 5376 certe
673 5324 1054 5390 protihetarum
1082 5324 1371 5382 libriiHos
1401 5324 1544 5382 cnim
1596 5330 1793 5384 diserte
1825 5331 1891 5383 ab
1952 5329 2058 5383 illis

502 5404 719 5461 separat
754 5393 926 5448 Philo.
960 5394 1324 5462 Respondebit
1357 5398 1617 5453 Eusebius
1653 5413 1775 5453 esse
1828 5401 2055 5454 forsitan

500 5463 786 5537 Evangelia
814 5475 869 5517 et
893 5466 1157 5537 Epistolas
1179 5472 1572 5537 apostolorum;
1591 5470 1683 5524 sed
1711 5472 1822 5525 lucc
1839 5470 2059 5524 vixdum

500 5536 719 5608 scripta
736 5546 893 5590 erant
919 5536 1162 5592 Philonis
1191 5536 1386 5591 aetate:
1430 5542 1623 5592 nedum
1659 5551 1718 5590 ut
1743 5539 1969 5608 apostoli
2005 5547 2059 5592 et

500 5606 845 5672 evangelista:
877 5622 976 5675 pro
1006 5609 1233 5661 vetustis
1260 5609 1565 5664 auctoribus
1616 5606 1802 5664 haberi
1864 5610 2057 5663 etiam-

503 5687 613 5725 tum
643 5687 881 5737 posseut.
909 5679 1204 5749 pra-semini
1239 5694 1267 5731 a
1297 5679 1538 5741 Philone,
1584 5681 1673 5747 qui
1705 5690 1760 5749 ct
1802 5679 2057 5749 apostoli-

505 5760 693 5800 cortrm
719 5757 1016 5814 temporum
1052 5748 1149 5801 fuit
1182 5752 1421 5811 zeuualis.
1455 5758 1509 5803 et
1557 5765 1675 5804 cuiu
1706 5748 1865 5806 Petro
1894 5749 2053 5802 fami-

2172 4491 2345 4545 noctis
2375 4481 2521 4543 horis
2547 4488 2710 4542 Deum
2742 4481 3036 4541 oraverint.
3067 4486 3194 4540 Item
3222 4485 3362 4552 quod
3397 4486 3470 4538 ait
3510 4481 3721 4536 Thera-

2162 4571 2347 4626 pcutas
2366 4559 2592 4631 hymnos
2621 4568 2675 4611 et
2704 4556 2912 4631 cantica
2942 4556 3405 4631 variometrorutn
3433 4568 3626 4623 genere
3660 4552 3719 4631 in

2162 4624 2423 4684 honorem
2452 4628 2542 4682 Dei
2571 4628 2960 4696 composuisse,
3001 4626 3209 4696 cadere
3246 4639 3350 4677 non
3423 4632 3598 4691 potest
3659 4624 3716 4675 in

2162 4702 2445 4766 ριίιητιιιόε
2503 4697 2622 4752 illos
2670 4694 3024 4751 Christianos.
3094 4694 3282 4750 Serius
3338 4696 3515 4766 enim_
3550 4708 3720 4747 novos

2164 4763 2391 4840 hymnos
2439 4778 2732 4824 contexere
2788 4773 3091 4840 coeperunt,
3138 4773 3273 4840 post
3322 4763 3716 4840 Antoninorum

2162 4835 2363 4895 scilicet
2392 4849 2653 4908 tempora,
2699 4852 2819 4891 cum
2866 4837 2980 4908 viri_
3005 4837 3148 4890 docti
3199 4849 3318 4889 sese
3350 4835 3415 4887 ad
3443 4844 3715 4908 Δηοςιιίειιμιι

2163 4910 2475 4979 religionem
2502 4903 2915 4979 applicuissent.
2956 4905 3078 4979 Jam
3141 4919 3267 4959 vero
3320 4904 3459 4972 quod
3526 4903 3719 4979 scribit

2160 4973 2335 5043 Philo,
2394 4973 2759 5049 Therapcutas
2805 4977 3265 5049 per_universuul
3308 4988 3484 5049 prope.
3519 4973 3709 5027 orbem

2162 5051 2380 5105 diffusos
2408 5044 2592 5114 fuisse;
2624 5048 2717 5102 sed
2747 5044 3084 5115 potissimum
3113 5047 3166 5100 in
3201 5044 3431 5115 Egypto
3461 5044 3716 5115 frequen-

2161 5129 2243 5174 tes
2272 5121 2433 5174 fuisse
2455 5161 2470 5185 ,
2502 5130 2557 5173 et
2579 5112 2929 5172 ‘Mareoticam
2968 5112 3346 5185 praefecturam
3395 5115 3558 5168 fuisse
3593 5112 3717 5185 illis

2162 5192 2335 5245 instar
2365 5182 2572 5257 patriae,
2614 5189 2667 5241 in
2708 5203 2866 5257 quam
2894 5182 3323 5256 praestantissimi
3357 5185 3555 5257 quique
3591 5182 3717 5235 illo-

2162 5206 2335 5245 lItSlal'
2402 5206 2572 5253 alme,
2614 5206 2667 5241 ιη
2708 5206 2866 5257 quam
2894 5206 3323 5256 prtesunussmtt
3357 5206 3555 5254 quique
3593 5206 3713 5235 qu-

2160 5276 2276 5313 rum
2305 5206 2506 5333 relictis
2540 5257 3001 5333 p_atr_iis_sedib_us_
3028 5257 3265 5326 migrare
3313 5256 3459 5333 soliti
3503 5261 3713 5333 essent,

2160 5332 2428 5398 quomodo
2451 5329 2518 5384 de
2544 5326 2870 5383 Christianis
2896 5326 3001 5381 dici
3029 5334 3224 5398 potest,
3255 5326 3347 5394 qui
3373 5335 3428 5378 et
3448 5326 3716 5393 paucissi-o

2160 5397 2229 5453 mi
2256 5411 2380 5454 tunc
2406 5410 2583 5463 erant,
2613 5413 2711 5452 nec
2741 5398 2969 5468 patriam
3010 5398 3109 5452 sibi
3141 5397 3304 5468 ullam
3346 5409 3467 5449 esse
3518 5405 3719 5463 praeter

2159 5472 2429 5524 etelestem
2453 5466 2757 5523 Jerusalem
2778 5466 3187 5522 existimabant?

2230 5539 2338 5610 (65)
2379 5538 2765 5604 Ἐθισθέντες.
2798 5537 2904 5590 Aut
2935 5533 3048 5592 haec
3089 5551 3188 5610 vox
3222 5533 3441 5610 delenda
3479 5540 3721 5610 astuant

2158 5602 2459 5676 adjicienda
2489 5620 2636 5672 sunt,
2663 5602 2782 5676 quae
2810 5616 3105 5677 sequuntur
3129 5608 3181 5659 in
3223 5604 3453 5677 Philone
3474 5602 3717 5677 εθισθένς-

2157 5672 2246 5741 τεξ
2264 5678 2451 5802 ἕωσπερ
2484 5680 2615 5748 φασὶ
2664 5672 2724 5732 τὸ
2771 5672 2902 5732 τῶν’
2927 5677 3183 5746 τεττίγων
3230 5672 3382 5742 γένος
3431 5674 3550 5743 ἀέρι
3599 5673 3720 5744 τρέ-

2160 5766 2260 5802 φεσ
2296 5767 2372 5802 αι.

2160 5766 2372 5809 φεσυαι.
