3966 6264
183 306 264 366 {Si

1202 300 1562 361 "lSTORle
1597 301 2147 358 ECCLESIASTICIE
2189 301 2315 361 LIB.
2353 300 2417 357 Il.

3310 306 3404 363 182

185 424 263 480 τοῦ
286 422 515 487 Φδυνος
547 426 756 493 σαφεῖς
787 425 880 478 καὶ
899 425 1322 496 ἁναντιρῤήτους
1349 425 1601 498 περὶτῶν
1633 424 1732 477 καθ

1854 425 1992 493 quit,
2031 425 2437 493 temperantiam
2471 432 2720 492 tanquam
2749 424 3152 480 fundamentum
3191 425 3407 496 aliquod

357 514 631 585 ὑπάρχειν
681 515 964 586 ἡγούμεθα
1017 513 1208 578 λέξεις.
1245 515 1318 567 Εἰ-
1345 514 1388 566 δ’
1417 515 1510 567 ἐπὶ
1546 513 1751 575 τούτοις

193 608 459 677 ἀντιλέγων
497 624 583 670 τις
617 607 702 660 ἔτι
735 606 1120 678 σκληρύνοιτο,
1148 603 1243 660 καὶ
1283 605 1452 670 οὕτως
1481 606 1752 660 ἀπαλλατ-

195 701 352 759 τέσθω
394 699 491 769 τῆς
538 699 910 762 δυσπιστίας,
968 697 1389 769 ἐναργεστέρως
1443 696 1750 768 πειθαρχῶν

197 793 534 859 ἀποδείξεσιν,
567 791 634 855 ἃς
661 793 725 844 οὐ
752 793 908 864 παρά
929 807 1090 856 τισιν,
1125 791 1156 860 ἦ
1195 790 1331 864 μόνῃ
1366 793 1432 862 τῇ
1477 790 1586 843 τῶν
1618 792 1751 862 Χρι-

197 885 412 941 στιανῶν
437 884 621 955 εὑρεῖν
653 884 830 937 ἔνεστι
861 881 1000 935 κατὰ
1033 881 1091 934 τὸ
1113 882 1439 950 Εὐαγγέλιον
1464 881 1746 953 θρησκείᾳ.

185 974 314 1044 Φησὶ
369 973 474 1043 γὰρ
536 977 650 1039 τοῖς
683 976 810 1046 περὶ
839 967 911 1028 ὧν
945 974 972 1026 ὁ
1016 973 1192 1042 λόγος,
1221 973 1314 1027 καὶ
1341 977 1597 1042 γυναῖκας
1627 992 1750 1028 συν-

188 1073 320 1124 εῖναι
370 1062 445 1124 ὧν
490 1069 556 1122 αἱ
593 1067 842 1120 πλεῖσται
875 1064 1138 1135 γηραλέαι
1179 1066 1502 1135 τυγχάνουσι
1543 1067 1756 1142 παρθέτ

188 1179 283 1224 vat,
308 1161 408 1228 τὴν
440 1158 664 1227 ἁγνείαν
686 1157 785 1209 οὐκ
814 1154 1308 1227 ἀνάγκῃ,καθάπερ
1335 1155 1471 1210 ἔνιαι
1497 1155 1602 1208 τῶν
1619 1157 1746 1227 παρ’

191 1251 437 1320 Ἕλλησιν
468 1247 700 1320 ἱερειῶν,
736 1246 1034 1316 φυλάξασαι
1063 1245 1281 1317 μᾶλλον,
1315 1246 1746 1316 ῆκαθ’ἐκούσιον

185 1343 428 1413 γνῴμην.
461 1341 550 1395 διὰ
601 1340 758 1410 ζῆλον
814 1339 905 1392 καὶ
953 1338 1114 1392 πόθον
1164 1339 1350 1408 σοφίας
1487 1340 1745 1411 συμϐιοῦν

187 1433 571 1492 σπουδάσασα.
609 1432 714 1484 τῶν
748 1431 874 1501 περὶ
913 1431 972 1483 τὸ
1006 1430 1162 1501 σῶμα
1205 1431 1405 1502 ἡδονῶν
1452 1433 1742 1504 ὴλόγησαν,

186 1528 246 1580 οὺ
301 1525 504 1596 θνητῶν
538 1526 805 1594 ἐκγόνων,
862 1524 975 1578 ἀλλ’
1009 1523 1287 1578 ἀθανάτων
1334 1524 1658 1598 ὀρεχθεῖσαι,
1710 1524 1746 1578 ἃ

191 1619 325 1688 μόνη
371 1619 570 1670 τίκτειν
615 1619 706 1686 ἀφ’
732 1618 930 1688 ἑαυτῆς
972 1619 1065 1672 οἶα
1112 1634 1170 1670 τε
1223 1617 1368 1669 ἐστὶν
1411 1619 1444 1686 ἠ
1496 1616 1744 1689 θεοφιλὴς

188 1707 350 1776 ψυχή.
407 1704 515 1762 Εἶθ’
579 1707 930 1770 ὑποκαταϐὰς
961 1705 1429 1778 ἐμφαντικώτερον
1475 1707 1743 1762 ἐκτίθεται

192 1799 284 1852 καὶ
316 1798 494 1851 ταῦτα·
534 1817 552 1848 ι
590 1799 653 1851 Ai
695 1799 738 1850 δ’
768 1799 1052 1869 ἐξηγήσεις
1081 1798 1189 1851 τῶν
1220 1798 1376 1870 ἱερῶν
1403 1799 1741 1870 γραμμάτων

195 1890 422 1956 γίνονται
450 1890 629 1952 αὐτοῖς
663 1890 730 1942 δι’
765 1890 1026 1943 ὑπονοιῶν
1058 1891 1115 1943 ἐν
1148 1889 1740 1959 ἁλληγορίαις.”Απαο-α

198 1978 298 2049 γὰρ
330 1982 361 2049 ἡ
402 1979 688 2049 νομοθεσία
715 1980 862 2034 δοκεῖ
890 1984 1002 2045 τοῖς
1030 1981 1251 2052 ἀνδράσι
1278 1980 1484 2044 τούτοις
1513 1982 1740 2036 ἐοικέναι

197 2070 330 2140 ζώω,
368 2071 455 2123 καὶ
489 2071 645 2141 σῶμα
691 2073 786 2141 μὲν
833 2072 973 2143 ἔχειν
999 2073 1097 2136 τὰς
1141 2073 1309 2144 ῥητὰς
1340 2071 1531 2138 λέξεις,
1564 2072 1740 2144 ψυχὴν

285 2161 370 2215 τὸν
406 2162 822 2233 ἐναποκείμενον
851 2166 972 2226 ταῖς
1015 2163 1221 2228 λέξεσιν
1255 2163 1481 2233 ἀόρατον
1514 2164 1657 2227 νοῦν,
1683 2164 1740 2218 ὂν

201 2252 386 2322 ἤρξατο
406 2253 763 2323 διαφερόντως
785 2257 816 2325 ἡ
845 2255 1105 2328 θρησκεία
1130 2254 1264 2327 αὕτη
1291 2255 1528 2328 θεωρεῖν,
1551 2257 1626 2321 ὡς
1654 2257 1740 2312 διὰ

203 2345 482 2416 κατόπτρου
509 2345 615 2398 τῶν
646 2347 943 2416 ὀνομάτων,
991 2347 1199 2411 ἐξαίσια
1240 2347 1408 2419 κάλλη
1457 2348 1740 2420 νοημάτων

205 2435 550 2505 ἐμφαινόμενα
593 2436 904 2489 κατιδοῦσα.
943 2458 961 2488 ι
1001 2437 1065 2490 Τί
1097 2438 1176 2490 δεῖ
1213 2438 1418 2502 τούτοις
1470 2439 1738 2506 ἐπιλέγειν

202 2527 287 2588 τὰς
306 2527 392 2578 ἐπὶ
417 2529 604 2580 ταυτὸν
636 2529 902 2592 συνόδους,
937 2530 1030 2582 καὶ
1078 2518 1177 2592 τὰς
1231 2529 1334 2601 ἰδία
1371 2530 1468 2601 μὲν
1511 2530 1736 2600 ἀνδρῶν,

207 2615 299 2687 ἰδία
325 2617 381 2668 δέ
425 2618 694 2684 γυναικῶν
727 2622 781 2672 ἐν
813 2620 992 2691 ταύτῷ
1049 2620 1349 2693 διατριϐὰς,
1385 2621 1478 2675 καὶ
1541 2622 1637 2684 τὰς
1681 2622 1740 2686 ἐξ

201 2707 339 2772 ἔθους
384 2711 541 2763 εἰσέτι
596 2713 690 2766 καὶ
755 2712 848 2765 νῦν
910 2714 1046 2784 πρὸς
1113 2714 1266 2785 ἡμῶν
1323 2714 1738 2785 ἐπιτελουμένας

198 2796 453 2868 ἀσκήσεις,
487 2801 552 2865 ἃς
599 2803 959 2876 διαφερόντως
999 2804 1140 2858 κατᾶ
1185 2806 1285 2876 τὴν
1327 2806 1419 2858 τοῦ
1469 2807 1735 2878 σωτηρίου

200 2890 383 2954 πάθους
429 2895 639 2964 ἑορτὴν,
679 2896 734 2948 ἐν
782 2896 1018 2960 ἀσιτίαις
1074 2900 1167 2952 καὶ
1207 2898 1732 2972 διανυκτερεύσεσιν,

199 2989 468 3055 προπχαῖς
509 3005 568 3040 τε
622 2988 729 3042 τῶν
770 2989 926 3043 θείων
955 2991 1127 3059 λόγων
1162 2994 1397 3047 ἐκτελεῖν
1444 2993 1732 3067 εἰώθαμεν.

1855 516 1906 569 in
1944 516 2138 570 animis
2163 516 2274 570 suis
2315 515 2583 585 iecerunt,
2631 512 2864 584 reliquas
2896 506 3151 585 deiuccp's
3179 518 3408 573 virtutes

1852 615 2254 676 superstruunt.
2289 607 2478 662 Cibum
2506 608 2648 663 enim
2686 616 2977 677 potumque
3007 623 3167 662 nemo
3193 608 3404 662 illorum

1852 711 1978 755 ante
2009 701 2138 755 solis
2175 716 2426 756 occasum
2457 715 2696 770 unquam
2730 701 3042 769 sumpserit.
3070 700 3274 770 Quippe
3297 701 3408 769 phio

1850 793 2108 863 Iosephia:
2155 794 2389 848 studium
2440 794 2544 848 luci
2590 796 2883 848 convenire
2932 811 2945 847 :
2994 810 3178 848 curam
3223 803 3404 848 autem

1848 887 2090 954 corporis
2141 885 2374 940 tenebris
2416 885 2626 955 dignam
2666 901 2785 942 esse
2839 884 3168 940 existimant.
3220 882 3415 954 Itaque

1849 975 1924 1030 illi
1952 975 2164 1044 quidem
2195 975 2373 1029 studio
2402 986 2567 1031 totum
2609 977 2752 1030 diem
2781 1017 2795 1042 ,
2824 976 3068 1045 corporis
3099 986 3276 1030 autem
3312 967 3420 1029 tte-'-

1849 1069 2191 1123 cessitatihus
2208 1069 2457 1138 exiguam
2480 1069 2650 1124 noctis
2669 1078 2872 1138 partem
2899 1071 3243 1138 deputarunt.
3261 1067 3406 1122 Non-

1848 1157 1977 1210 nulli
2026 1173 2206 1212 eorum
2262 1168 2373 1214 toto
2419 1159 2598 1215 triduo
2649 1162 2828 1214 cibum
2875 1176 3068 1231 capere
3110 1163 3439 1225 omittunt...

1849 1249 1975 1301 dum
2006 1251 2300 1304 ardentiori
2341 1252 2577 1306 discendi
2623 1252 2914 1322 cupiditate
2941 1254 3242 1321 rapiuntur.
3273 1252 3405 1320 Qui-

1847 1340 1966 1392 dant
2014 1356 2137 1396 vero
2175 1353 2281 1396 tam
2321 1343 2618 1398 incredibili
2645 1343 2934 1412 voluptate,
2963 1344 3236 1413 tantisque
3260 1343 3401 1398 delié

1845 1434 1944 1488 ciis
1976 1427 2393 1502 perfunduntur,
2422 1434 2546 1489 dum
2581 1445 2875 1504 pascuntur
2907 1436 3077 1506 epulis
3104 1437 3415 1504 sapientiae,

1845 1541 1963 1595 qua:
2020 1526 2257 1580 salubria
2309 1526 2442 1596 ipsis
2488 1537 2752 1597 praecepta
2802 1539 3057 1595 tanquam
3119 1529 3413 1596 opiparum-

1845 1619 2151 1673 convivium
2193 1620 2450 1689 apponit,
2485 1629 2542 1673 ut
2570 1619 2730 1688 duplo
2767 1619 2966 1674 diutius
3004 1619 3194 1674 famem
3227 1617 3408 1688 perfe-

1844 1719 2003 1772 rant,
2052 1725 2114 1763 ac
2163 1711 2247 1762 vix
2283 1721 2436 1764 sexto
2480 1711 2564 1764 die
2607 1695 2967 1766 necessarium
3017 1711 3193 1764 cibum
3233 1709 3412 1779 dego.

1844 1812 2005 1856 stent.
2043 1821 2061 1854 ι
2101 1802 2223 1856 ιίιωε
2248 1802 2488 1856 Philonis
2516 1803 2680 1856 verba
2705 1802 2776 1856 de
2809 1802 2998 1872 primis
3033 1810 3230 1856 nostrae
3271 1799 3401 1852 reli-

1843 1895 2015 1963 gionis
2053 1894 2185 1950 viris
2236 1895 2517 1964 perSpicue
2565 1903 2617 1948 et
2661 1894 2868 1964 absque
2913 1895 3018 1948 ulla
3068 1893 3418 1949 dubitatione

1843 1987 1983 2040 dicta
2013 1999 2130 2039 esse
2174 1987 2430 2044 arbitror.
2465 1986 2618 2053 Quod
2665 1989 2708 2041 si
2737 1989 2858 2057 quis
2886 1987 3058 2042 adhuc
3110 1986 3427 2056 pertinaci.-

1846 2085 1926 2129 ter
1969 2077 2049 2130 his
2078 2075 2336 2146 refragari
2385 2077 2659 2144 voluerit,
2697 2079 2741 2132 is
2770 2077 3232 2132 manifestioribus
3273 2093 3408 2133 con-

1843 2168 2018 2221 victus
2043 2167 2257 2222 indiciis
2289 2208 2302 2231 ,
2331 2181 2450 2234 quae
2484 2182 2586 2220 non
2625 2168 2751 2249 alibi
2781 2183 2942 2237 quam
2976 2168 3028 2220 iit
3058 2165 3408 2220 Christianae

1843 2273 1960 2310 rum
1991 2258 2248 2330 religione
2276 2259 2341 2312 ad
2388 2259 2667 2329 Evangelii
2698 2274 2945 2312 normam
2995 2259 3291 2327 composita
3317 2273 3422 2311 ro-

1843 2351 2141 2416 perimitur,
2189 2352 2535 2418 pertinaciam
2567 2366 2717 2404 suam
2778 2351 2988 2404 tandem
3034 2350 3272 2419 abjiciat.
3313 2349 3424 2402 Ait,

1843 2443 2005 2513 igitur
2049 2442 2200 2497 Philo
2227 2460 2345 2495 cum
2377 2445 2460 2498 his
2487 2444 2617 2498 viris
2643 2445 2709 2498 de
2758 2445 2952 2512 quibus
2974 2444 3122 2515 ﬁam:
3142 2445 3418 2512 diximus,

1843 2537 2043 2588 versari
2089 2535 2248 2588 etiam
2291 2534 2521 2589 feminas
2559 2536 2814 2604 quasdam
2840 2575 2856 2602 ,
2889 2552 3113 2604 quarum
3159 2538 3404 2606 plurima:

1841 2628 1906 2681 atl
1949 2636 2242 2681 extremam
2285 2643 2455 2696 usque
2497 2637 2826 2682 senectutem
2880 2628 3112 2696 virgines
3156 2639 3400 2683 manent.

1841 2718 1968 2785 Quae
2018 2719 2230 2788 quidem
2286 2734 2387 2773 non
2436 2729 2637 2774 coacta:
2671 2719 2993 2773 necessitate
3034 2727 3092 2772 ut
3132 2718 3401 2788 ploratque

1839 2808 1977 2878 apud
2002 2808 2217 2863 G'rzecos
2244 2810 2586 2875 sacerdotes,
2617 2811 2708 2864 sed
2743 2825 2838 2866 sua
2875 2821 3066 2879 sponte
3094 2811 3406 2866 castitatem

1839 2903 2084 2971 corporis
2125 2905 2538 2970 custodierunt,
2587 2905 2779 2959 illecta:
2822 2920 3005 2959 amore
3037 2919 3101 2958 ac
3130 2903 3399 2958 desiderio

1836 2992 2148 3062 Sapientiae;
2195 2995 2248 3049 in
2277 2995 2433 3066 cujus
2468 2996 2749 3066 complexu
2779 3011 2843 3050 ac
2893 2997 3244 3050 contubernio
3269 2994 3396 3049 dum

197 3075 358 3147 Ἀπερ
398 3079 690 3151 ἐπακριόἐς
740 3081 832 3134 τὸν
883 3082 1043 3136 αὐτὸν
1103 3083 1209 3155 (66)
1236 3085 1293 3138 ὃν
1338 3086 1430 3139 καὶ
1462 3089 1540 3151 είς
1581 3087 1734 3158 δεῦρο

1839 3085 2003 3140 vitam
2034 3101 2247 3142 omnem
2281 3085 2561 3142 traducere
2591 3089 2847 3157 cupiunt,
2877 3103 3129 3159 sprevere
3153 3087 3398 3158 corporis

188 3168 466 3239 τετήρηται
519 3171 664 3243 παρὰ
713 3173 890 3243 μόνοις
940 3177 1068 3246 ἡμῖν
1126 3174 1343 3246 τρόπον,
1395 3177 1730 3249 ἐπισημηνά⁷

186 3276 337 3328 μενος
375 3265 404 3314 ὁ
457 3262 710 3333 δηλωθεὶς
743 3266 909 3337 ἀνὴρ,
961 3272 1027 3339 τῇ
1089 3269 1193 3340 ἰδίᾳ
1240 3269 1581 3340 παραδέδωκε
1607 3287 1735 3342 γρα-

182 3355 247 3423 φῇ
294 3370 309 3383 ο
368 3355 464 3407 καὶ
509 3356 739 3428 μάλιστα
792 3358 889 3422 τὰς
932 3360 1029 3430 τῆς
1085 3360 1323 3431 μεγάλης
1384 3363 1577 3433 ἑορτῆς
1621 3362 1731 3432 (67)

179 3448 502 3518 παννυχίδας
536 3449 666 3520 (68),
701 3452 794 3503 καὶ
818 3451 913 3515 τὰς
946 3453 1004 3504 ἐν
1038 3453 1262 3516 ταύταις
1290 3454 1580 3524 ἀσκήσεις·⁹
1612 3454 1737 3516 τούς

244 3558 352 3630 (66)
393 3559 738 3630 Ἐπακριϐὲς
770 3562 875 3613 τὸν
899 3561 1099 3630 αὐτόν.
1156 3561 1321 3616 Paulo
1356 3563 1512 3618 aliter
1560 3564 1731 3616 nostri

181 3629 392 3701 Codices
421 3629 582 3701 Μία..
613 3630 746 3683 Med.
772 3643 818 3701 et
859 3629 1016 3688 Fuk.,
1047 3632 1135 3698 qui
1187 3633 1257 3685 ita
1288 3633 1544 3701 scriptum
1578 3634 1735 3685 exhi-

180 3702 295 3753 bent
323 3719 336 3756 :
363 3699 399 3752 ἂ
423 3700 518 3752 καὶ
565 3699 1021 3772 ἐπακριϐέστερον
1063 3702 1222 3764 αὐτὸς
1263 3702 1321 3754 ὃν
1367 3699 1460 3754 καὶ
1514 3703 1592 3765 εἰς
1618 3702 1736 3754 δεῦ-

217 3788 259 3831 ο,
285 3782 392 3824 etc.

183 3788 506 3911 ρῡξὲἆῖθῖῆς
532 3839 798 3908 μεγάλης
827 3840 1035 3909 ἑορτῆς
1054 3841 1445 3908 παννυχίδας.
1485 3841 1736 3908 Iutclligit

181 3910 338 3964 totam
394 3910 540 3962 illam
602 3911 986 3965 hebdomadem
1048 3929 1167 3978 qua:
1221 3911 1505 3965 Paschales
1574 3913 1735 3966 ferias

182 3981 450 4050 praecedit,
480 3994 639 4044 quam
665 3979 921 4050 Μεγάλην
983 3981 1280 4050 Ἐϐδομάδα
1330 3981 1499 4035 Graeci
1544 3982 1730 4036 Patres

184 4050 463 4115 appellant.
496 4050 830 4116 Epiphanius
859 4053 909 4103 itt
943 4051 1133 4106 ltarresi
1173 4052 1546 4106 Nazarreorttm
1579 4061 1731 4106 vocat

186 4119 446 4192 ἐεὼμάδα
476 4119 870 4192 τῶν-Πάσχων,
903 4131 961 4177 ut
989 4131 1042 4175 et
1089 4123 1321 4192 Cyrillus
1381 4123 1434 4173 itt
1486 4121 1731 4192 l‘lon'tiliis

184 4189 544 4244 Paseltalihtts.
577 4189 650 4242 Ex
682 4189 788 4259 quo
828 4192 1101 4255 discimus,
1133 4189 1521 4246 hebdomadcm
1585 4191 1725 4245 illam

187 4259 623 4312 iuAlexaudriua
659 4260 894 4314 Ecclesia
927 4275 956 4313 a
1017 4261 1254 4315 secunda
1295 4261 1556 4314 duntaxat
1594 4261 1724 4314 feria

186 4331 458 4396 incepisse.
485 4329 574 4382 Ait
608 4338 788 4382 autem
829 4331 1159 4399 Epiphanius
1193 4331 1475 4384 Philonem
1515 4347 1609 4398 per
1635 4347 1726 4386 eos

185 4402 291 4454 dies
314 4399 527 4470 venisse
579 4401 644 4452 ad
702 4403 1030 4470 monasteria
1082 4401 1540 4470 Therapeutarum
1593 4417 1727 4470 quos

187 4471 287 4538 ipse
330 4468 563 4523 Jessmos
605 4469 868 4523 nominat.
931 4471 1126 4524 Verum
1182 4476 1232 4524 in
1262 4468 1540 4524 'l‘ltilouis
1590 4468 1728 4525 libro

190 4540 314 4592 nulla
350 4541 409 4593 lit
464 4540 666 4594 mentio
727 4540 1003 4594 Paschalis
1059 4540 1439 4595 soiemnitatis.
1493 4540 1733 4594 Meminit

188 4610 384 4682 quidem
417 4607 576 4661 Philo
631 4611 730 4677 τῆς
787 4610 1042 4681 Μεγάλης
1102 4611 1344 4682 Ἐορτῆς,
1405 4611 1494 4664 ubi
1543 4611 1733 4666 scribit

191 4681 543 4748 'l'berapeutas
574 4694 812 4733 seorsum
841 4682 1039 4735 vixisse
1069 4682 1117 4734 itt
1151 4681 1489 4734 utettasteriis
1511 4723 1524 4747 ,
1565 4682 1728 4750 septi-

190 4766 264 4803 tno
290 4761 466 4802 autem
495 4765 714 4817 quoque
747 4750 833 4803 die
863 4751 914 4803 in
961 4767 1121 4803 unum
1155 4751 1444 4804 convenire
1494 4751 1682 4806 solitos
1711 4769 1725 4804 :

191 4832 292 4886 post
318 4821 434 4871 dies
471 4834 599 4872 vero
632 4819 834 4888 septies
860 4831 1112 4888 septenos
1149 4821 1396 4875 convivia
1428 4821 1727 4889 frugalissi—

192 4906 262 4940 tna
299 4889 604 4942 celebrasse
633 4906 753 4942 cuin
786 4891 999 4944 choreis
1026 4891 1326 4944 etcanticis
1356 4891 1405 4942 in
1469 4892 1726 4945 honorem

192 4958 271 5011 Dei
301 4959 636 5027 compositis.
668 4959 876 5028 Quippe
899 4975 990 5014 eos
1034 4961 1392 5030 septenarium
1444 4977 1726 5014 numerum

190 5030 437 5092 coluisse;
469 5044 568 5082 nec
595 5030 769 5082 solum
797 5031 1091 5096 simplicem
1125 5030 1508 5084 hebdomadeut
1547 5031 1597 5084 in
1633 5032 1727 5084 lto-

190 5115 301 5153 nore
327 5099 615 5164 habuisse,
649 5114 832 5152 verum
885 5101 1047 5153 etiam
1103 5100 1384 5169 repetitam
1428 5115 1491 5154 ac
1535 5117 1630 5169 per
1668 5117 1726 5154 se

192 5169 600 5243 multiplicatam,
644 5169 840 5243 quippe
864 5186 984 5243 qua:
1016 5171 1198 5240 vigilia
1233 5170 1328 5243 sit_
1353 5185 1446 5243 seu
1496 5172 1723 5243 προεόρ-

189 5255 281 5301 τιος
311 5229 518 5308 magna:
551 5229 1250 5303 festivitatis;Pentecostes
1281 5229 1554 5296 videlicet:
1601 5229 1725 5296 Hice

189 5319 294 5382 sunt
323 5309 568 5382 Philonis
592 5311 773 5382 verba,
805 5325 929 5377 qua:
957 5310 1198 5380 profecto
1225 5311 1358 5363 nihil
1378 5309 1585 5367 faciunt
1627 5329 1724 5382 pro

189 5380 420 5434 Eusebio.
453 5381 591 5434 Nam
652 5379 883 5448 primum
914 5379 1129 5448 quidem
1187 5382 1335 5435 l’hilo
1375 5379 1725 5438 hebdomadis

126 5513 129 5517 ι
189 5452 382 5520 nomine
405 5450 704 5504 Sabbatutu
737 5450 1004 5520 intelligit,
1047 5453 1191 5520 quod
1236 5452 1588 5519 Therapeutm
1635 5469 1723 5507 re-

189 5519 352 5588 ligiose
378 5523 636 5575 colebant
668 5535 736 5572 ex
760 5519 924 5574 illosis
944 5519 1232 5590 przecepto,
1262 5532 1318 5573 ttt
1355 5523 1517 5575 tradit
1545 5523 1720 5578 Philo.

187 5591 244 5642 At
265 5593 359 5662 hoc
384 5592 551 5660 longe
579 5590 844 5662 abhorret
887 5607 913 5644 a
964 5593 1422 5662 tilltristiauorutn
1455 5594 1581 5659 ritu,
1628 5596 1721 5662 qui

188 5677 276 5712 non
320 5661 596 5724 Sabhata,
633 5661 724 5714 sed
795 5661 906 5713 dies
972 5661 1275 5715 Domitticos
1346 5661 1717 5718 celebrabant.

191 5730 366 5786 Deinde
395 5731 665 5800 Μεγάλης
699 5729 921 5801 Ἐορτῆς
945 5733 1200 5786 vocabulo
1224 5731 1595 5786 Petttecostetu
1631 5736 1721 5787 dc-

189 5801 366 5867 sigttari
393 5805 629 5858 insetnct
660 5811 908 5868 testatur,
933 5819 1034 5858 non
1062 5813 1236 5859 autem
1256 5801 1482 5868 Pascha,
1507 5815 1563 5859 ut
1581 5807 1721 5860 allic-

1840 3175 2159 3244 voluptates,
2207 3190 2309 3230 nec
2355 3178 2626 3246 perituros
2691 3186 2877 3246 partus
2955 3178 3396 3246 concupiverunt,

1839 3269 1930 3324 sed
1979 3270 2160 3334 potius
2203 3268 2533 3323 immortales
2585 3267 2766 3324 fimus.
2811 3269 2958 3336 Quos
2999 3269 3214 3339 quidem
3249 3269 3397 3323 solus

1852 3361 2063 3413 animus
2087 3360 2266 3414 divino
2291 3357 2498 3414 Numiui
2526 3362 2736 3415 dicatus
2759 3371 2812 3415 ct
2840 3371 3092 3430 acceptus
3123 3377 3190 3415 ex
3221 3361 3399 3430 seipso

1841 3453 2000 3506 edere
2029 3461 2223 3521 potest.
2269 3450 2373 3522 57
2399 3451 2582 3505 Multis
2626 3452 2820 3508 deinde
2867 3450 3178 3520 iuterjectis,
3225 3453 3397 3508 diser-

1838 3571 1948 3615 mat
1979 3561 2267 3616 Eusebius.
2300 3562 2504 3619 Omitto
2538 3567 2768 3621 choreas
2798 3576 2852 3619 et
2897 3566 3208 3622 saltationes
3258 3569 3398 3626 Tlte-

1837 3642 2186 3705 rapeutarum
2218 3634 2268 3686 in
2301 3634 2406 3705 illis
2441 3636 2754 3704 pervigiliis,
2785 3651 2904 3704 qua:
2952 3639 3129 3705 petitis
3161 3639 3228 3692 ad
3264 3638 3398 3695 Bac-

1837 3701 2144 3775 chanalium
2199 3701 2503 3775 insaniam,-
2561 3701 2723 3775 quam
2769 3701 2833 3759 ad
2887 3701 3254 3762 Christianam
3308 3725 3398 3765 so-

1838 3771 2460 3846 brietatempertinent;
2491 3771 2614 3846 licet
2644 3775 2830 3846 Philo,
2865 3787 3054 3844 utpote
3081 3779 3256 3846 gentis
3286 3795 3397 3836 suae

1837 3841 2170 3910 philosophis
2203 3842 2392 3897 favens
2424 3884 2438 3908 ,
2470 3843 2736 3911 ejusmodi
2782 3841 3018 3900 furorem
3081 3841 3294 3902 sacrum
3331 3865 3396 3904 ac

1838 3911 2076 3965 sobrium
2111 3915 2369 3970 nominet.

1909 3979 2019 4052 ((58)
2051 3983 2662 4058 Παννυχίδαςηῐδιιιιιο
2703 4000 2872 4058 supra
2927 3985 3396 4058 διανυκτερεύσεις

1836 4066 1935 4121 pro
1965 4051 2152 4121 eodem
2187 4053 2322 4104 dixit
2354 4071 2367 4104 :
2395 4056 2502 4107 Rat
2538 4055 2636 4118 τὰς
2667 4055 2726 4120 ἐξ
2753 4056 2908 4119 ἔθους
2952 4057 3118 4110 εἰσέτι
3161 4051 3254 4111 καὶ
3302 4051 3396 4112 νῦν

1837 4120 1974 4198 πρὸς
1995 4120 2148 4198 ἡμῶν
2174 4122 2587 4198 ἐπιτελουμένας
2617 4127 2898 4198 ἀσκήσεις,
2932 4126 2996 4198 ἃς
3035 4127 3396 4198 διαφερόντως

1835 4191 1982 4267 κατὸι
2019 4191 2115 4262 τὴν
2166 4192 2257 4244 τοῦ
2287 4191 2803 4267 ’σωτηρίουπάθους
2829 4197 3039 4267 ἑορτὴν,
3066 4191 3393 4262 ἐν’ἁσιτίαις,

1834 4263 1926 4315 καὶ
1956 4261 2474 4337 διανυκτερε-ύσεσιν,
2512 4271 2801 4337 προσὀχαῖς
2841 4261 2900 4318 τε
2949 4261 3055 4320 τῶν
3116 4267 3275 4322 θείων
3317 4261 3396 4323 16-

1833 4348 1966 4400 γων,
1996 4343 2099 4386 etc.
2133 4335 2233 4408 Qui
2264 4335 2411 4408 locus
2441 4335 2712 4408 imprimis
2753 4338 3024 4408 notandus
3053 4348 3156 4408 est,
3208 4351 3396 4408 utpote

1836 4417 1904 4455 ex
1938 4417 2044 4470 quo
2075 4405 2366 4471 antiquitas
2393 4406 2582 4474 jejttuii
2606 4407 2898 4473 Paschalis
2947 4405 3395 4464 manifestissime

1835 4474 2156 4544 ostenditur.
2209 4474 2465 4544 Quamvis
2517 4478 2660 4530 etiitn
2705 4479 3100 4544 ,coucedatttus,
3155 4479 3394 4534 Philonis
3458 4477 3465 4490 ’

1837 4541 2015 4595 locum
2043 4558 2108 4596 ex
2135 4544 2271 4598 libro
2304 4543 2378 4596 De
2400 4541 2948 4613 vita‘contemplativa,
3003 4547 3071 4600 de
3128 4550 3380 4603 Christia-

1836 4614 1919 4665 nis
1949 4627 2051 4684 nott
2077 4627 2198 4668 esse
2233 4615 2680 4683 intelligendum,‘
2702 4634 2767 4670 ex
2823 4618 3270 4684 interpretatione
3313 4629 3393 4671 ta.-

1834 4697 1955 4735 ttten
1989 4683 2359 4756 Eusebiich
2388 4687 2689 4756 colligimus
2727 4683 3055 4740 :Ettsehium
3092 4703 3197 4741 non
3236 4689 3393 4742 dubi-

1837 4761 1977 4806 tasse
2033 4757 2158 4827 quin
2201 4753 2490 4827 Paschale
2519 4753 2782 4824 jejunium
2824 4756 2991 4827 Marci
3045 4758 3392 4827 evangelista:

1835 4824 2166 4890 temporibus
2193 4825 2304 4892 jatn
2333 4835 2441 4877 tum
2482 4825 2531 4879 iu
2560 4827 2801 4881 Ecclesia
2855 4824 3238 4882 celebraretur.
3281 4829 3392 4881 Cae-

1834 4901 2005 4965 terum
2031 4901 2088 4945 ut
2117 4895 2180 4946 ad
2207 4895 2530 4964 παννυχίδας
2552 4912 2644 4949 seu
2671 4895 2936 4965 pervigilia
2965 4895 3240 4952 Paschalis
3268 4897 3388 4952 festi

1832 4964 2135 5037 redeamus,
2166 4970 2230 5018 de
2255 4969 2442 5019 iisdem
2473 4967 2708 5037 loquitur
2735 4964 2994 5037 Eusebius
3021 4981 3140 5037 cap.
3169 4969 3223 5032 9,
3254 4967 3292 5020 Ι.
3312 4984 3383 5033 Vl,

1831 5033 1918 5110 ubi
1974 5033 2087 5110 agit
2144 5037 2238 5110 de_
2270 5033 2837 5110 tuit'aculis'_Natjciss_i
2889 5033 3390 5110 Hierosolymorum

1829 5104 2067 5174 episcopi
2097 5120 2110 5167 ;
2142 5118 2190 5157 et
2229 5106 2278 5157 in
2307 5107 2446 5159 libro
2474 5122 2523 5158 tv
2553 5105 2629 5159 De
2661 5109 2764 5160 vita
2807 5104 3153 5173 Constantini,
3201 5124 3251 5162 (ε.
3291 5108 3385 5174 22,

1827 5171 1925 5242 τὴν
1966 5173 2115 5244 ἱερὰν
2161 5175 2594 5246 διανυκτέρευσιν
2649 5176 2900 5245 appellat.
2959 5171 3288 5246 Epiphanius
3332 5171 3385 5230 in

1826 5247 2035 5316 epilogo
2061 5247 2240 5314 operis
2263 5245 2338 5299 De
2373 5245 2679 5310 ltwresibus,
2727 5250 2824 5300 has
2857 5245 3074 5316 gvigilias
3117 5248 3267 5302 varie
3331 5247 3383 5301 in

1826 5311 2064 5369 Ecclesia
2093 5311 2404 5387 observatas
2425 5331 2546 5370 esse
2570 5327 2816 5371 testatur.
2854 5311 3102 5386 Plerique
3125 5318 3266 5371 euiut
3289 5333 3386 5387 per

1826 5399 1920 5456 sex
1961 5387 2078 5444 illos
2104 5387 2217 5440 dies
2247 5387 2334 5454 qui
2368 5385 2569 5440 Pascha
2596 5387 2908 5454 praecedunt
2936 5425 2953 5451 ,
2983 5385 3261 5456 pervigilia
3290 5385 3384 5442 ce-

1828 5454 2128 5510 lebrabattt.
2163 5457 2262 5510 Alii
2288 5456 2472 5525 quinta
2508 5458 2767 5510 duntaxat
2797 5456 2928 5510 feria
2957 5454 3010 5510 et
3034 5454 3272 5512 Sabbato
3308 5459 3386 5512 vi-

1826 5526 1983 5591 gilias
2010 5527 2262 5595 agebant,
2288 5527 2612 5596 ἀγρυπνίαις
2641 5525 3126 5591 δὲδιατελοῦσιτὰς
3155 5526 3384 5595 ἐξ,οιο.;

1823 5605 1876 5646 et
1908 5598 2063 5664 paulo
2092 5597 2320 5669 post,_§v
2343 5613 2452 5650 τισι
2476 5597 2531 5649 δὲ
2555 5597 2736 5669 τόποις
2766 5599 2863 5668 τὴν
2899 5599 3036 5668 μετὰ
3087 5598 3183 5657 τὴν
3236 5598 3388 5669 πέμ·

1824 5683 1968 5736 πτην,
1991 5667 2374 5736 ἀγρυπνοῦσιν,
2404 5665 2920 5741 ἐπιφιξισκουσανείς
2971 5669 3030 5720 τὸ
3075 5665 3385 5741 προσάϐϐα-

1822 5754 1932 5800 τον,
1960 5739 2051 5790 xui.
2079 5739 2174 5808 τὴν
2198 5740 2464 5809 κυριακὴν
2502 5737 2686 5808 μόνας.
2728 5739 2826 5802 Qui
2863 5742 3010 5792 iocus
3041 5737 3164 5794 cuiu
3213 5740 3379 5809 inuti—

1821 5809 1906 5862 lus
1941 5813 2031 5875 sit,
2067 5807 2289 5878 italmilt’t
2317 5807 2640 5878 supplendus
2675 5810 2908 5868 videtur.
2954 5809 3050 5865 τὴν
3102 5807 3238 5862 μετὰ
3289 5809 3388 5862 τὴν
