  <div class='ocr_page' id='page_1' title='image "/cluster/home/n/w/nwhite01/storage/ocr_20150623/20/mdp.39015008802764/099.png"; bbox 0 0 4016 6260; ppageno 0'>
   <div class='ocr_carea' id='block_1_1' title="bbox 615 313 714 367">
    <p class='ocr_par' dir='ltr' id='par_1_1' title="bbox 615 313 714 367">
     <span class='ocr_line' id='line_1_1' title="bbox 615 313 714 367; baseline 0 0"><span class='ocrx_word' id='word_1_1' title='bbox 615 313 714 367; x_wconf 64' lang='lat'><strong>133</strong></span> 
     </span>
    </p>
   </div>
   <div class='ocr_carea' id='block_1_2' title="bbox 1303 282 3083 372">
    <p class='ocr_par' dir='ltr' id='par_1_2' title="bbox 1303 282 3083 372">
     <span class='ocr_line' id='line_1_2' title="bbox 1303 282 3083 372; baseline -0.004 -3"><span class='ocrx_word' id='word_1_2' title='bbox 1303 314 1568 370; x_wconf 71' lang='lat' dir='ltr'><strong>EUSEBll</strong></span> <span class='ocrx_word' id='word_1_3' title='bbox 1606 313 2077 372; x_wconf 60' lang='grc' dir='ltr'>(λεεΑῐιιΕΝειε</span> <span class='ocrx_word' id='word_1_4' title='bbox 2113 313 2259 369; x_wconf 70' lang='lat' dir='ltr'><strong>ore.</strong></span> <span class='ocrx_word' id='word_1_5' title='bbox 2299 311 2478 366; x_wconf 79' lang='lat' dir='ltr'><strong>PARS</strong></span> <span class='ocrx_word' id='word_1_6' title='bbox 2510 282 2557 366; x_wconf 79' lang='grc' dir='ltr'><strong>ἰ.</strong></span> <span class='ocrx_word' id='word_1_7' title='bbox 2597 340 2665 349; x_wconf 91' lang='grc'><strong><em>-</em></strong></span> <span class='ocrx_word' id='word_1_8' title='bbox 2700 304 3083 363; x_wconf 79' lang='lat' dir='ltr'><strong>HISTORICA.</strong></span> 
     </span>
    </p>
   </div>
   <div class='ocr_carea' id='block_1_3' title="bbox 3727 299 3848 355">
    <p class='ocr_par' dir='ltr' id='par_1_3' title="bbox 3727 299 3848 355">
     <span class='ocr_line' id='line_1_3' title="bbox 3727 299 3848 355; baseline -0.008 0"><span class='ocrx_word' id='word_1_9' title='bbox 3727 301 3757 355; x_wconf 76' lang='grc'><strong>1</strong></span> <span class='ocrx_word' id='word_1_10' title='bbox 3770 299 3848 354; x_wconf 61' lang='grc'><strong>84</strong></span> 
     </span>
    </p>
   </div>
   <div class='ocr_carea' id='block_1_4' title="bbox 610 414 2150 507">
    <p class='ocr_par' dir='ltr' id='par_1_4' title="bbox 610 414 2150 504">
     <span class='ocr_line' id='line_1_4' title="bbox 610 414 2150 504; baseline 0.003 -21"><span class='ocrx_word' id='word_1_11' title='bbox 610 434 716 485; x_wconf 84' lang='lat' dir='ltr'><strong>tius</strong></span> <span class='ocrx_word' id='word_1_12' title='bbox 740 432 914 485; x_wconf 86' lang='lat' dir='ltr'><strong>adhuc</strong></span> <span class='ocrx_word' id='word_1_13' title='bbox 937 432 1177 501; x_wconf 86' lang='lat' dir='ltr'><strong>loquitur</strong></span> <span class='ocrx_word' id='word_1_14' title='bbox 1200 432 1286 488; x_wconf 88' lang='lat' dir='ltr'><strong>his</strong></span> <span class='ocrx_word' id='word_1_15' title='bbox 1315 434 1531 488; x_wconf 84' lang='lat' dir='ltr'><strong>verbis:</strong></span> <span class='ocrx_word' id='word_1_16' title='bbox 1589 451 1611 486; x_wconf 75' lang='grc' dir='ltr'><strong>ι</strong></span> <span class='ocrx_word' id='word_1_17' title='bbox 1645 434 2014 504; x_wconf 81' lang='lat' dir='ltr'><strong>Expositioncs</strong></span> <span class='ocrx_word' id='word_1_18' title='bbox 2064 414 2150 488; x_wconf 85' lang='lat' dir='ltr'><strong>au-</strong></span> 
     </span>
    </p>
   </div>
   <div class='ocr_carea' id='block_1_5' title="bbox 2255 414 3851 507">
    <p class='ocr_par' dir='ltr' id='par_1_5' title="bbox 2259 415 3851 499">
     <span class='ocr_line' id='line_1_5' title="bbox 2259 415 3851 499; baseline -0.011 -14"><span class='ocrx_word' id='word_1_19' title='bbox 2259 449 2317 484; x_wconf 89' lang='grc' dir='ltr'><strong>τε</strong></span> <span class='ocrx_word' id='word_1_20' title='bbox 2341 429 2593 499; x_wconf 84' lang='grc' dir='ltr'>λέγεσθαι</span> <span class='ocrx_word' id='word_1_21' title='bbox 2611 427 2867 491; x_wconf 84' lang='grc' dir='ltr'><strong>εἰωθότας</strong></span> <span class='ocrx_word' id='word_1_22' title='bbox 2895 426 3030 498; x_wconf 86' lang='grc' dir='ltr'>πρὸς</span> <span class='ocrx_word' id='word_1_23' title='bbox 3053 422 3209 495; x_wconf 80' lang='grc' dir='ltr'>ἡμῶν</span> <span class='ocrx_word' id='word_1_24' title='bbox 3237 421 3434 492; x_wconf 76' lang='grc' dir='ltr'>ὕμνους</span> <span class='ocrx_word' id='word_1_25' title='bbox 3453 416 3714 492; x_wconf 78' lang='grc' dir='ltr'><strong>ἱστορῶν,</strong></span> <span class='ocrx_word' id='word_1_26' title='bbox 3741 415 3851 470; x_wconf 78' lang='grc' dir='ltr'>καὶ</span> 
     </span>
    </p>
   </div>
   <div class='ocr_carea' id='block_1_6' title="bbox 607 523 2159 596">
    <p class='ocr_par' dir='ltr' id='par_1_6' title="bbox 607 523 2159 596">
     <span class='ocr_line' id='line_1_6' title="bbox 607 523 2159 596; baseline 0.003 -21"><span class='ocrx_word' id='word_1_27' title='bbox 607 532 737 589; x_wconf 85' lang='lat' dir='ltr'><strong>tem,</strong></span> <span class='ocrx_word' id='word_1_28' title='bbox 761 523 952 593; x_wconf 89' lang='lat' dir='ltr'><strong>inquit,</strong></span> <span class='ocrx_word' id='word_1_29' title='bbox 981 538 1255 579; x_wconf 88' lang='lat' dir='ltr'><strong>sacrorum</strong></span> <span class='ocrx_word' id='word_1_30' title='bbox 1288 525 1615 580; x_wconf 85' lang='lat' dir='ltr'><strong>voluminum</strong></span> <span class='ocrx_word' id='word_1_31' title='bbox 1644 530 1710 581; x_wconf 90' lang='lat' dir='ltr'><strong>ab</strong></span> <span class='ocrx_word' id='word_1_32' title='bbox 1745 529 1812 582; x_wconf 93' lang='lat' dir='ltr'><strong>iis</strong></span> <span class='ocrx_word' id='word_1_33' title='bbox 1859 528 1993 581; x_wconf 87' lang='lat' dir='ltr'><strong>linttt</strong></span> <span class='ocrx_word' id='word_1_34' title='bbox 2027 528 2159 596; x_wconf 86' lang='lat' dir='ltr'><strong>lign-</strong></span> 
     </span>
    </p>
   </div>
   <div class='ocr_carea' id='block_1_7' title="bbox 608 613 2156 689">
    <p class='ocr_par' dir='ltr' id='par_1_7' title="bbox 608 613 2156 689">
     <span class='ocr_line' id='line_1_7' title="bbox 608 613 2156 689; baseline 0.003 -22"><span class='ocrx_word' id='word_1_35' title='bbox 608 623 722 667; x_wconf 91' lang='lat' dir='ltr'><strong>rate</strong></span> <span class='ocrx_word' id='word_1_36' title='bbox 752 629 847 683; x_wconf 91' lang='lat' dir='ltr'><strong>per</strong></span> <span class='ocrx_word' id='word_1_37' title='bbox 877 613 1177 684; x_wconf 74' lang='lat' dir='ltr'><strong>allegorias.</strong></span> <span class='ocrx_word' id='word_1_38' title='bbox 1205 615 1518 671; x_wconf 87' lang='lat' dir='ltr'><strong>Universam</strong></span> <span class='ocrx_word' id='word_1_39' title='bbox 1536 619 1678 673; x_wconf 91' lang='lat' dir='ltr'><strong>enim</strong></span> <span class='ocrx_word' id='word_1_40' title='bbox 1720 619 1889 689; x_wconf 86' lang='lat' dir='ltr'><strong>legem</strong></span> <span class='ocrx_word' id='word_1_41' title='bbox 1930 618 2156 673; x_wconf 82' lang='lat' dir='ltr'><strong>similem</strong></span> 
     </span>
    </p>
   </div>
   <div class='ocr_carea' id='block_1_8' title="bbox 605 705 2161 780">
    <p class='ocr_par' dir='ltr' id='par_1_8' title="bbox 605 705 2161 780">
     <span class='ocr_line' id='line_1_8' title="bbox 605 705 2161 780; baseline 0.003 -21"><span class='ocrx_word' id='word_1_42' title='bbox 605 718 724 759; x_wconf 88' lang='lat' dir='ltr'><strong>esse</strong></span> <span class='ocrx_word' id='word_1_43' title='bbox 755 705 1067 760; x_wconf 81' lang='lat' dir='ltr'><strong>existimant</strong></span> <span class='ocrx_word' id='word_1_44' title='bbox 1096 706 1358 763; x_wconf 67' lang='lat' dir='ltr'><strong>animali&#39;:</strong></span> <span class='ocrx_word' id='word_1_45' title='bbox 1391 717 1444 764; x_wconf 92' lang='lat' dir='ltr'><strong>et</strong></span> <span class='ocrx_word' id='word_1_46' title='bbox 1473 708 1634 763; x_wconf 88' lang='lat' dir='ltr'><strong>verba</strong></span> <span class='ocrx_word' id='word_1_47' title='bbox 1654 709 1868 780; x_wconf 81' lang='lat' dir='ltr'><strong>quidem</strong></span> <span class='ocrx_word' id='word_1_48' title='bbox 1898 711 2011 779; x_wconf 81' lang='lat' dir='ltr'><strong>ipsa</strong></span> <span class='ocrx_word' id='word_1_49' title='bbox 2042 725 2161 764; x_wconf 85' lang='lat' dir='ltr'><strong>cor-</strong></span> 
     </span>
    </p>
   </div>
   <div class='ocr_carea' id='block_1_9' title="bbox 604 796 2159 869">
    <p class='ocr_par' dir='ltr' id='par_1_9' title="bbox 604 796 2159 869">
     <span class='ocr_line' id='line_1_9' title="bbox 604 796 2159 869; baseline 0.003 -20"><span class='ocrx_word' id='word_1_50' title='bbox 604 797 751 866; x_wconf 84' lang='lat' dir='ltr'><strong>poris</strong></span> <span class='ocrx_word' id='word_1_51' title='bbox 774 796 945 851; x_wconf 89' lang='lat' dir='ltr'><strong>instar</strong></span> <span class='ocrx_word' id='word_1_52' title='bbox 973 812 1133 863; x_wconf 87' lang='lat' dir='ltr'><strong>esse;</strong></span> <span class='ocrx_word' id='word_1_53' title='bbox 1164 799 1435 854; x_wconf 91' lang='lat' dir='ltr'><strong>occultum</strong></span> <span class='ocrx_word' id='word_1_54' title='bbox 1481 810 1657 855; x_wconf 88' lang='lat' dir='ltr'><strong>autem</strong></span> <span class='ocrx_word' id='word_1_55' title='bbox 1696 815 1913 856; x_wconf 88' lang='lat' dir='ltr'><strong>sensum</strong></span> <span class='ocrx_word' id='word_1_56' title='bbox 1938 799 2026 869; x_wconf 84' lang='lat' dir='ltr'><strong>qui</strong></span> <span class='ocrx_word' id='word_1_57' title='bbox 2060 800 2159 855; x_wconf 88' lang='lat' dir='ltr'><strong>sub</strong></span> 
     </span>
    </p>
   </div>
   <div class='ocr_carea' id='block_1_10' title="bbox 602 888 2159 960">
    <p class='ocr_par' dir='ltr' id='par_1_10' title="bbox 602 888 2159 960">
     <span class='ocr_line' id='line_1_10' title="bbox 602 888 2159 960; baseline 0.002 -20"><span class='ocrx_word' id='word_1_58' title='bbox 602 889 780 942; x_wconf 86' lang='lat' dir='ltr'><strong>verbis</strong></span> <span class='ocrx_word' id='word_1_59' title='bbox 797 888 941 952; x_wconf 88' lang='lat' dir='ltr'><strong>latet,</strong></span> <span class='ocrx_word' id='word_1_60' title='bbox 969 890 1159 943; x_wconf 86' lang='lat' dir='ltr'><strong>animae</strong></span> <span class='ocrx_word' id='word_1_61' title='bbox 1190 890 1423 959; x_wconf 85' lang='lat' dir='ltr'><strong>speciem</strong></span> <span class='ocrx_word' id='word_1_62' title='bbox 1440 894 1722 960; x_wconf 80' lang='lat' dir='ltr'><strong>quamdam</strong></span> <span class='ocrx_word' id='word_1_63' title='bbox 1752 892 1972 947; x_wconf 89' lang='lat' dir='ltr'><strong>habere.</strong></span> <span class='ocrx_word' id='word_1_64' title='bbox 1993 890 2159 956; x_wconf 76' lang='lat' dir='ltr'><strong>Quem</strong></span> 
     </span>
    </p>
   </div>
   <div class='ocr_carea' id='block_1_11' title="bbox 604 979 2164 1052">
    <p class='ocr_par' dir='ltr' id='par_1_11' title="bbox 604 979 2164 1052">
     <span class='ocr_line' id='line_1_11' title="bbox 604 979 2164 1052; baseline 0.004 -22"><span class='ocrx_word' id='word_1_65' title='bbox 604 979 816 1047; x_wconf 84' lang='lat' dir='ltr'><strong>quidem</strong></span> <span class='ocrx_word' id='word_1_66' title='bbox 835 995 1048 1034; x_wconf 90' lang='lat' dir='ltr'><strong>sensum</strong></span> <span class='ocrx_word' id='word_1_67' title='bbox 1066 981 1179 1035; x_wconf 53' lang='lat' dir='ltr'><strong>haec</strong></span> <span class='ocrx_word' id='word_1_68' title='bbox 1193 993 1337 1035; x_wconf 84' lang='lat' dir='ltr'><strong>secta</strong></span> <span class='ocrx_word' id='word_1_69' title='bbox 1358 983 1590 1037; x_wconf 81' lang='lat' dir='ltr'><strong>scrutari</strong></span> <span class='ocrx_word' id='word_1_70' title='bbox 1609 992 1663 1036; x_wconf 91' lang='lat' dir='ltr'><strong>et</strong></span> <span class='ocrx_word' id='word_1_71' title='bbox 1679 982 2026 1052; x_wconf 87' lang='lat' dir='ltr'><strong>contemplari</strong></span> <span class='ocrx_word' id='word_1_72' title='bbox 2051 983 2164 1052; x_wconf 83' lang='lat' dir='ltr'><strong>pri-</strong></span> 
     </span>
    </p>
   </div>
   <div class='ocr_carea' id='block_1_12' title="bbox 602 1069 2160 1141">
    <p class='ocr_par' dir='ltr' id='par_1_12' title="bbox 602 1069 2160 1141">
     <span class='ocr_line' id='line_1_12' title="bbox 602 1069 2160 1141; baseline 0.001 -17"><span class='ocrx_word' id='word_1_73' title='bbox 602 1070 764 1124; x_wconf 88' lang='lat' dir='ltr'><strong>mitus</strong></span> <span class='ocrx_word' id='word_1_74' title='bbox 787 1069 1037 1134; x_wconf 88' lang='lat' dir='ltr'><strong>instituit,</strong></span> <span class='ocrx_word' id='word_1_75' title='bbox 1080 1070 1133 1124; x_wconf 93' lang='lat' dir='ltr'><strong>in</strong></span> <span class='ocrx_word' id='word_1_76' title='bbox 1164 1071 1342 1125; x_wconf 81' lang='lat' dir='ltr'><strong>verbis</strong></span> <span class='ocrx_word' id='word_1_77' title='bbox 1368 1071 1498 1140; x_wconf 83' lang='lat' dir='ltr'><strong>ipsis</strong></span> <span class='ocrx_word' id='word_1_78' title='bbox 1529 1073 1676 1127; x_wconf 83' lang='lat' dir='ltr'><strong>velut</strong></span> <span class='ocrx_word' id='word_1_79' title='bbox 1706 1073 1758 1126; x_wconf 92' lang='lat' dir='ltr'><strong>in</strong></span> <span class='ocrx_word' id='word_1_80' title='bbox 1787 1071 2005 1139; x_wconf 86' lang='lat' dir='ltr'><strong>speculo</strong></span> <span class='ocrx_word' id='word_1_81' title='bbox 2025 1086 2160 1141; x_wconf 86' lang='lat' dir='ltr'><strong>quo—</strong></span> 
     </span>
    </p>
   </div>
   <div class='ocr_carea' id='block_1_13' title="bbox 602 1160 2157 1230">
    <p class='ocr_par' dir='ltr' id='par_1_13' title="bbox 602 1160 2157 1230">
     <span class='ocr_line' id='line_1_13' title="bbox 602 1160 2157 1230; baseline 0.001 -14"><span class='ocrx_word' id='word_1_82' title='bbox 602 1163 766 1229; x_wconf 81' lang='lat' dir='ltr'><strong>dam,</strong></span> <span class='ocrx_word' id='word_1_83' title='bbox 812 1160 1184 1217; x_wconf 86' lang='lat' dir='ltr'><strong>admirabilem</strong></span> <span class='ocrx_word' id='word_1_84' title='bbox 1255 1164 1648 1217; x_wconf 86' lang='lat' dir='ltr'><strong>sententiarum</strong></span> <span class='ocrx_word' id='word_1_85' title='bbox 1704 1161 2157 1230; x_wconf 82' lang='lat' dir='ltr'><strong>pulchritudinem</strong></span> 
     </span>
    </p>
   </div>
   <div class='ocr_carea' id='block_1_14' title="bbox 597 1254 2158 1323">
    <p class='ocr_par' dir='ltr' id='par_1_14' title="bbox 597 1254 2158 1323">
     <span class='ocr_line' id='line_1_14' title="bbox 597 1254 2158 1323; baseline -0.003 -12"><span class='ocrx_word' id='word_1_86' title='bbox 597 1265 879 1311; x_wconf 87' lang='lat' dir='ltr'><strong>contuens.</strong></span> <span class='ocrx_word' id='word_1_87' title='bbox 915 1254 1052 1320; x_wconf 89' lang='lat' dir='ltr'><strong>Quid</strong></span> <span class='ocrx_word' id='word_1_88' title='bbox 1105 1263 1363 1323; x_wconf 61' lang='lat' dir='ltr'><strong>praeterea</strong></span> <span class='ocrx_word' id='word_1_89' title='bbox 1408 1255 1492 1308; x_wconf 86' lang='lat' dir='ltr'><strong>hic</strong></span> <span class='ocrx_word' id='word_1_90' title='bbox 1518 1256 1709 1310; x_wconf 87' lang='lat' dir='ltr'><strong>attinet</strong></span> <span class='ocrx_word' id='word_1_91' title='bbox 1735 1265 2158 1308; x_wconf 87' lang='lat' dir='ltr'><strong>commemorare</strong></span> 
     </span>
    </p>
   </div>
   <div class='ocr_carea' id='block_1_15' title="bbox 596 1340 2157 1413">
    <p class='ocr_par' dir='ltr' id='par_1_15' title="bbox 596 1340 2157 1413">
     <span class='ocr_line' id='line_1_15' title="bbox 596 1340 2157 1413; baseline -0.003 -15"><span class='ocrx_word' id='word_1_92' title='bbox 596 1354 772 1398; x_wconf 66' lang='lat' dir='ltr'><strong>coetus</strong></span> <span class='ocrx_word' id='word_1_93' title='bbox 802 1355 857 1398; x_wconf 91' lang='lat' dir='ltr'><strong>et</strong></span> <span class='ocrx_word' id='word_1_94' title='bbox 890 1346 1130 1398; x_wconf 87' lang='lat' dir='ltr'><strong>virorum</strong></span> <span class='ocrx_word' id='word_1_95' title='bbox 1158 1359 1220 1398; x_wconf 84' lang='lat' dir='ltr'><strong>ac</strong></span> <span class='ocrx_word' id='word_1_96' title='bbox 1265 1343 1547 1396; x_wconf 91' lang='lat' dir='ltr'><strong>mulierum</strong></span> <span class='ocrx_word' id='word_1_97' title='bbox 1578 1358 1817 1402; x_wconf 86' lang='lat' dir='ltr'><strong>seorsum</strong></span> <span class='ocrx_word' id='word_1_98' title='bbox 1849 1340 2157 1413; x_wconf 77' lang='lat' dir='ltr'><strong>degentium</strong></span> 
     </span>
    </p>
   </div>
   <div class='ocr_carea' id='block_1_16' title="bbox 598 1433 2157 1505">
    <p class='ocr_par' dir='ltr' id='par_1_16' title="bbox 598 1433 2157 1505">
     <span class='ocr_line' id='line_1_16' title="bbox 598 1433 2157 1505; baseline -0.001 -16"><span class='ocrx_word' id='word_1_99' title='bbox 598 1435 771 1489; x_wconf 84' lang='lat' dir='ltr'><strong>studia</strong></span> <span class='ocrx_word' id='word_1_100' title='bbox 795 1444 958 1505; x_wconf 91' lang='lat' dir='ltr'><strong>atque</strong></span> <span class='ocrx_word' id='word_1_101' title='bbox 1002 1434 1444 1497; x_wconf 84' lang='lat' dir='ltr'><strong>exercitationes,</strong></span> <span class='ocrx_word' id='word_1_102' title='bbox 1495 1448 1619 1503; x_wconf 66' lang='lat' dir='ltr'><strong>quae</strong></span> <span class='ocrx_word' id='word_1_103' title='bbox 1644 1434 1781 1501; x_wconf 86' lang='lat' dir='ltr'><strong>apud</strong></span> <span class='ocrx_word' id='word_1_104' title='bbox 1820 1448 1919 1486; x_wconf 90' lang='lat' dir='ltr'><strong>nos</strong></span> <span class='ocrx_word' id='word_1_105' title='bbox 1969 1433 2157 1488; x_wconf 82' lang='lat' dir='ltr'><strong>etiam</strong></span> 
     </span>
    </p>
   </div>
   <div class='ocr_carea' id='block_1_17' title="bbox 2257 507 3851 594">
    <p class='ocr_par' dir='ltr' id='par_1_17' title="bbox 2257 507 3851 594">
     <span class='ocr_line' id='line_1_17' title="bbox 2257 507 3851 594; baseline -0.01 -18"><span class='ocrx_word' id='word_1_106' title='bbox 2257 525 2332 587; x_wconf 86' lang='grc' dir='ltr'>ὡς</span> <span class='ocrx_word' id='word_1_107' title='bbox 2356 524 2473 587; x_wconf 74' lang='grc' dir='ltr'>ἐνὸς</span> <span class='ocrx_word' id='word_1_108' title='bbox 2510 522 2648 594; x_wconf 84' lang='grc' dir='ltr'>μετὰ</span> <span class='ocrx_word' id='word_1_109' title='bbox 2672 518 2875 591; x_wconf 79' lang='grc' dir='ltr'><strong>ῥυθμοῦ</strong></span> <span class='ocrx_word' id='word_1_110' title='bbox 2894 517 3134 588; x_wconf 85' lang='grc' dir='ltr'>κοσμίως</span> <span class='ocrx_word' id='word_1_111' title='bbox 3150 513 3635 583; x_wconf 61' lang='grc' dir='ltr'>ἐπιψάλλοντος,,οἱ’</span> <span class='ocrx_word' id='word_1_112' title='bbox 3649 507 3851 563; x_wconf 73' lang='grc' dir='ltr'>λοιποὶ</span> 
     </span>
    </p>
   </div>
   <div class='ocr_carea' id='block_1_18' title="bbox 2257 600 3850 683">
    <p class='ocr_par' dir='ltr' id='par_1_18' title="bbox 2257 600 3850 683">
     <span class='ocr_line' id='line_1_18' title="bbox 2257 600 3850 683; baseline -0.01 -16"><span class='ocrx_word' id='word_1_113' title='bbox 2257 612 2377 667; x_wconf 80' lang='grc' dir='ltr'>καθ’</span> <span class='ocrx_word' id='word_1_114' title='bbox 2396 611 2623 683; x_wconf 78' lang='grc' dir='ltr'><strong>ἡσυχίαν</strong></span> <span class='ocrx_word' id='word_1_115' title='bbox 2647 606 3003 680; x_wconf 86' lang='grc' dir='ltr'>ἀκροώμενοι,</span> <span class='ocrx_word' id='word_1_116' title='bbox 3025 605 3131 659; x_wconf 81' lang='grc' dir='ltr'><strong>τῶν</strong></span> <span class='ocrx_word' id='word_1_117' title='bbox 3153 605 3332 674; x_wconf 84' lang='grc' dir='ltr'>’ύμνων</span> <span class='ocrx_word' id='word_1_118' title='bbox 3353 603 3422 657; x_wconf 82' lang='grc' dir='ltr'>τὰ</span> <span class='ocrx_word' id='word_1_119' title='bbox 3438 600 3850 673; x_wconf 83' lang='grc' dir='ltr'>ἀκροτελευτια</span> 
     </span>
    </p>
   </div>
   <div class='ocr_carea' id='block_1_19' title="bbox 2258 692 3850 775">
    <p class='ocr_par' dir='ltr' id='par_1_19' title="bbox 2258 692 3850 775">
     <span class='ocr_line' id='line_1_19' title="bbox 2258 692 3850 775; baseline -0.011 -15"><span class='ocrx_word' id='word_1_120' title='bbox 2258 704 2657 775; x_wconf 70' lang='grc' dir='ltr'>ωνεξηχοῦσιν,</span> <span class='ocrx_word' id='word_1_121' title='bbox 2682 701 2828 762; x_wconf 82' lang='grc' dir='ltr'>ὅπως</span> <span class='ocrx_word' id='word_1_122' title='bbox 2852 716 2911 751; x_wconf 86' lang='grc' dir='ltr'><strong>τε</strong></span> <span class='ocrx_word' id='word_1_123' title='bbox 2939 698 3077 751; x_wconf 78' lang='grc' dir='ltr'>κατὰ</span> <span class='ocrx_word' id='word_1_124' title='bbox 3093 696 3188 760; x_wconf 81' lang='grc' dir='ltr'>τὰς</span> <span class='ocrx_word' id='word_1_125' title='bbox 3219 694 3590 766; x_wconf 79' lang='grc' dir='ltr'>δεδηλωμένας</span> <span class='ocrx_word' id='word_1_126' title='bbox 3616 692 3850 764; x_wconf 81' lang='grc' dir='ltr'>ἡμέρας</span> 
     </span>
    </p>
   </div>
   <div class='ocr_carea' id='block_1_20' title="bbox 2257 782 3851 865">
    <p class='ocr_par' dir='ltr' id='par_1_20' title="bbox 2257 782 3851 865">
     <span class='ocr_line' id='line_1_20' title="bbox 2257 782 3851 865; baseline -0.011 -13"><span class='ocrx_word' id='word_1_127' title='bbox 2257 798 2350 851; x_wconf 75' lang='grc' dir='ltr'>ἐπὶ</span> <span class='ocrx_word' id='word_1_128' title='bbox 2381 790 3059 865; x_wconf 78' lang='grc' dir='ltr'>στιϐάδωνχαμευνοῦντες,</span> <span class='ocrx_word' id='word_1_129' title='bbox 3089 788 3229 841; x_wconf 74' lang='grc' dir='ltr'>οἴνου</span> <span class='ocrx_word' id='word_1_130' title='bbox 3259 788 3355 857; x_wconf 83' lang='grc' dir='ltr'><strong>μὲν</strong></span> <span class='ocrx_word' id='word_1_131' title='bbox 3381 786 3737 859; x_wconf 78' lang='grc' dir='ltr'>τοπαράπαν.</span> <span class='ocrx_word' id='word_1_132' title='bbox 3766 782 3851 844; x_wconf 85' lang='grc' dir='ltr'>ὼς</span> 
     </span>
    </p>
   </div>
   <div class='ocr_carea' id='block_1_21' title="bbox 2259 874 3849 956">
    <p class='ocr_par' dir='ltr' id='par_1_21' title="bbox 2259 874 3849 956">
     <span class='ocr_line' id='line_1_21' title="bbox 2259 874 3849 956; baseline -0.008 -16"><span class='ocrx_word' id='word_1_133' title='bbox 2259 887 2439 949; x_wconf 70' lang='grc' dir='ltr'>αὐτοῖς</span> <span class='ocrx_word' id='word_1_134' title='bbox 2496 886 2734 956; x_wconf 78' lang='grc' dir='ltr'>ῥήμασιν</span> <span class='ocrx_word' id='word_1_135' title='bbox 2766 880 3091 950; x_wconf 69' lang='grc' dir='ltr'>ἀνέγραψεν,</span> <span class='ocrx_word' id='word_1_136' title='bbox 3140 879 3240 931; x_wconf 82' lang='grc' dir='ltr'><strong>οὐκ</strong></span> <span class='ocrx_word' id='word_1_137' title='bbox 3288 876 3671 946; x_wconf 78' lang='grc' dir='ltr'>ἀπογεύονται,</span> <span class='ocrx_word' id='word_1_138' title='bbox 3720 874 3849 930; x_wconf 82' lang='grc' dir='ltr'>ἀλλ’</span> 
     </span>
    </p>
   </div>
   <div class='ocr_carea' id='block_1_22' title="bbox 2260 966 3849 1046">
    <p class='ocr_par' dir='ltr' id='par_1_22' title="bbox 2260 966 3849 1046">
     <span class='ocr_line' id='line_1_22' title="bbox 2260 966 3849 1046; baseline -0.007 -16"><span class='ocrx_word' id='word_1_139' title='bbox 2260 977 2378 1030; x_wconf 75' lang='grc' dir='ltr'>οὐδὲ</span> <span class='ocrx_word' id='word_1_140' title='bbox 2411 975 2518 1029; x_wconf 84' lang='grc' dir='ltr'><strong>τῶν</strong></span> <span class='ocrx_word' id='word_1_141' title='bbox 2543 974 2779 1046; x_wconf 75' lang='grc' dir='ltr'>ἐναίμων</span> <span class='ocrx_word' id='word_1_142' title='bbox 2798 973 2960 1037; x_wconf 84' lang='grc' dir='ltr'>τινὸς,</span> <span class='ocrx_word' id='word_1_143' title='bbox 2989 971 3128 1043; x_wconf 77' lang='grc' dir='ltr'>ὕδωρ</span> <span class='ocrx_word' id='word_1_144' title='bbox 3148 969 3206 1023; x_wconf 82' lang='grc' dir='ltr'>δὲ</span> <span class='ocrx_word' id='word_1_145' title='bbox 3238 969 3396 1040; x_wconf 85' lang='grc' dir='ltr'>μόνον</span> <span class='ocrx_word' id='word_1_146' title='bbox 3422 970 3605 1033; x_wconf 80' lang='grc' dir='ltr'>αὐτοῖς</span> <span class='ocrx_word' id='word_1_147' title='bbox 3630 969 3760 1020; x_wconf 81' lang='grc' dir='ltr'>ἐστι</span> <span class='ocrx_word' id='word_1_148' title='bbox 3782 966 3849 1019; x_wconf 85' lang='grc' dir='ltr'><strong>τδ</strong></span> 
     </span>
    </p>
   </div>
   <div class='ocr_carea' id='block_1_23' title="bbox 2261 1059 3846 1140">
    <p class='ocr_par' dir='ltr' id='par_1_23' title="bbox 2261 1059 3846 1140">
     <span class='ocr_line' id='line_1_23' title="bbox 2261 1059 3846 1140; baseline -0.006 -19"><span class='ocrx_word' id='word_1_149' title='bbox 2261 1068 2441 1132; x_wconf 84' lang='grc' dir='ltr'>ποτὸν,</span> <span class='ocrx_word' id='word_1_150' title='bbox 2465 1069 2558 1122; x_wconf 74' lang='grc' dir='ltr'><strong>καὶ</strong></span> <span class='ocrx_word' id='word_1_151' title='bbox 2584 1067 2911 1140; x_wconf 72' lang='grc' dir='ltr'>προσόψημα</span> <span class='ocrx_word' id='word_1_152' title='bbox 2946 1065 3060 1137; x_wconf 79' lang='grc' dir='ltr'>μετ’</span> <span class='ocrx_word' id='word_1_153' title='bbox 3086 1063 3249 1134; x_wconf 78' lang='grc' dir='ltr'>ἄρτου</span> <span class='ocrx_word' id='word_1_154' title='bbox 3270 1060 3395 1126; x_wconf 71' lang='grc' dir='ltr'>ἅλες</span> <span class='ocrx_word' id='word_1_155' title='bbox 3428 1061 3520 1115; x_wconf 71' lang='grc' dir='ltr'><strong>καὶ</strong></span> <span class='ocrx_word' id='word_1_156' title='bbox 3550 1059 3846 1114; x_wconf 77' lang='grc' dir='ltr'>ὕσσωπον.</span> 
     </span>
    </p>
   </div>
   <div class='ocr_carea' id='block_1_24' title="bbox 2257 1149 3846 1231">
    <p class='ocr_par' dir='ltr' id='par_1_24' title="bbox 2257 1149 3846 1231">
     <span class='ocr_line' id='line_1_24' title="bbox 2257 1149 3846 1231; baseline -0.007 -17"><span class='ocrx_word' id='word_1_157' title='bbox 2257 1157 2401 1228; x_wconf 76' lang='grc' dir='ltr'>Πρὸς</span> <span class='ocrx_word' id='word_1_158' title='bbox 2419 1159 2624 1223; x_wconf 81' lang='grc' dir='ltr'>τούτοις</span> <span class='ocrx_word' id='word_1_159' title='bbox 2655 1158 2852 1231; x_wconf 79' lang='grc' dir='ltr'>γράφει</span> <span class='ocrx_word' id='word_1_160' title='bbox 2873 1157 2963 1210; x_wconf 83' lang='grc' dir='ltr'>τὸν</span> <span class='ocrx_word' id='word_1_161' title='bbox 2987 1155 3085 1226; x_wconf 77' lang='grc' dir='ltr'>τῆς</span> <span class='ocrx_word' id='word_1_162' title='bbox 3105 1152 3443 1231; x_wconf 76' lang='grc' dir='ltr'>προστασίας</span> <span class='ocrx_word' id='word_1_163' title='bbox 3464 1153 3666 1224; x_wconf 72' lang='grc' dir='ltr'>τρόπον</span> <span class='ocrx_word' id='word_1_164' title='bbox 3696 1149 3846 1221; x_wconf 87' lang='grc'>(69),</span> 
     </span>
    </p>
   </div>
   <div class='ocr_carea' id='block_1_25' title="bbox 2255 1240 3851 1322">
    <p class='ocr_par' dir='ltr' id='par_1_25' title="bbox 2255 1240 3851 1322">
     <span class='ocr_line' id='line_1_25' title="bbox 2255 1240 3851 1322; baseline -0.009 -16"><span class='ocrx_word' id='word_1_165' title='bbox 2255 1261 2365 1309; x_wconf 84' lang='grc' dir='ltr'>τῶν</span> <span class='ocrx_word' id='word_1_166' title='bbox 2399 1250 2496 1312; x_wconf 78' lang='grc' dir='ltr'>τὰς</span> <span class='ocrx_word' id='word_1_167' title='bbox 2531 1247 2983 1322; x_wconf 69' lang='grc' dir='ltr'>ὲκκλησιαστικὰς</span> <span class='ocrx_word' id='word_1_168' title='bbox 3033 1243 3368 1315; x_wconf 79' lang='grc' dir='ltr'>λειτουργίας</span> <span class='ocrx_word' id='word_1_169' title='bbox 3414 1240 3851 1314; x_wconf 77' lang='grc' dir='ltr'>ἐγκεχειρισμέ-</span> 
     </span>
    </p>
   </div>
   <div class='ocr_carea' id='block_1_26' title="bbox 2257 1332 3847 1406">
    <p class='ocr_par' dir='ltr' id='par_1_26' title="bbox 2257 1332 3847 1406">
     <span class='ocr_line' id='line_1_26' title="bbox 2257 1332 3847 1406; baseline -0.008 -9"><span class='ocrx_word' id='word_1_170' title='bbox 2257 1360 2385 1406; x_wconf 87' lang='grc' dir='ltr'>νων,</span> <span class='ocrx_word' id='word_1_171' title='bbox 2438 1341 2711 1405; x_wconf 84' lang='grc' dir='ltr'>διακονίας</span> <span class='ocrx_word' id='word_1_172' title='bbox 2756 1358 2815 1394; x_wconf 86' lang='grc' dir='ltr'><strong>τε</strong></span> <span class='ocrx_word' id='word_1_173' title='bbox 2858 1339 2952 1394; x_wconf 78' lang='grc' dir='ltr'><strong>καὶ</strong></span> <span class='ocrx_word' id='word_1_174' title='bbox 2984 1338 3082 1401; x_wconf 76' lang='grc' dir='ltr'>τὰς</span> <span class='ocrx_word' id='word_1_175' title='bbox 3110 1336 3206 1391; x_wconf 77' lang='grc' dir='ltr'>ἐπὶ</span> <span class='ocrx_word' id='word_1_176' title='bbox 3231 1337 3396 1389; x_wconf 80' lang='grc' dir='ltr'>πᾶσιν</span> <span class='ocrx_word' id='word_1_177' title='bbox 3438 1334 3702 1388; x_wconf 83' lang='grc' dir='ltr'>ἀνωτάτω</span> <span class='ocrx_word' id='word_1_178' title='bbox 3738 1332 3847 1403; x_wconf 81' lang='grc' dir='ltr'>τῆς</span> 
     </span>
    </p>
   </div>
   <div class='ocr_carea' id='block_1_27' title="bbox 2265 1425 3847 1503">
    <p class='ocr_par' dir='ltr' id='par_1_27' title="bbox 2265 1425 3847 1503">
     <span class='ocr_line' id='line_1_27' title="bbox 2265 1425 3847 1503; baseline -0.006 -18"><span class='ocrx_word' id='word_1_179' title='bbox 2265 1434 2564 1503; x_wconf 77' lang='grc' dir='ltr'>ἐπισκοπῆς</span> <span class='ocrx_word' id='word_1_180' title='bbox 2608 1431 2915 1503; x_wconf 87' lang='grc' dir='ltr'>προεδρίας.</span> <span class='ocrx_word' id='word_1_181' title='bbox 2951 1428 3167 1483; x_wconf 86' lang='grc' dir='ltr'>Τούτων</span> <span class='ocrx_word' id='word_1_182' title='bbox 3206 1427 3251 1479; x_wconf 83' lang='grc' dir='ltr'>δ’</span> <span class='ocrx_word' id='word_1_183' title='bbox 3280 1427 3386 1497; x_wconf 78' lang='grc' dir='ltr'><strong>ὅτῳ</strong></span> <span class='ocrx_word' id='word_1_184' title='bbox 3439 1426 3600 1490; x_wconf 84' lang='grc' dir='ltr'>πόθος</span> <span class='ocrx_word' id='word_1_185' title='bbox 3653 1425 3847 1481; x_wconf 71' lang='grc' dir='ltr'>ἔνεστι</span> 
     </span>
    </p>
   </div>
   <div class='ocr_carea' id='block_1_28' title="bbox 597 1514 2150 1597">
    <p class='ocr_par' dir='ltr' id='par_1_28' title="bbox 597 1524 2150 1597">
     <span class='ocr_line' id='line_1_28' title="bbox 597 1524 2150 1597; baseline 0.001 -17"><span class='ocrx_word' id='word_1_186' title='bbox 597 1543 724 1581; x_wconf 87' lang='lat' dir='ltr'><strong>num</strong></span> <span class='ocrx_word' id='word_1_187' title='bbox 753 1526 805 1580; x_wconf 91' lang='lat' dir='ltr'><strong>in</strong></span> <span class='ocrx_word' id='word_1_188' title='bbox 835 1542 932 1580; x_wconf 89' lang='lat' dir='ltr'><strong>usu</strong></span> <span class='ocrx_word' id='word_1_189' title='bbox 963 1536 1106 1591; x_wconf 88' lang='lat' dir='ltr'><strong>sunt,</strong></span> <span class='ocrx_word' id='word_1_190' title='bbox 1142 1527 1410 1597; x_wconf 66' lang='lat' dir='ltr'><strong>praecipue</strong></span> <span class='ocrx_word' id='word_1_191' title='bbox 1457 1525 1599 1581; x_wconf 87' lang='lat' dir='ltr'><strong>circa</strong></span> <span class='ocrx_word' id='word_1_192' title='bbox 1646 1526 1787 1579; x_wconf 90' lang='lat' dir='ltr'><strong>diem</strong></span> <span class='ocrx_word' id='word_1_193' title='bbox 1830 1524 2025 1579; x_wconf 82' lang='lat' dir='ltr'><strong>festum</strong></span> <span class='ocrx_word' id='word_1_194' title='bbox 2056 1524 2150 1581; x_wconf 88' lang='lat' dir='ltr'><strong>Do-</strong></span> 
     </span>
    </p>
   </div>
   <div class='ocr_carea' id='block_1_29' title="bbox 2255 1514 3847 1597">
    <p class='ocr_par' dir='ltr' id='par_1_29' title="bbox 2261 1514 3847 1594">
     <span class='ocr_line' id='line_1_29' title="bbox 2261 1514 3847 1594; baseline -0.006 -18"><span class='ocrx_word' id='word_1_195' title='bbox 2261 1523 2362 1591; x_wconf 80' lang='grc' dir='ltr'>τῆς</span> <span class='ocrx_word' id='word_1_196' title='bbox 2381 1521 2639 1594; x_wconf 79' lang='grc' dir='ltr'>ἀκριϐοῦς</span> <span class='ocrx_word' id='word_1_197' title='bbox 2664 1521 3021 1584; x_wconf 76' lang='grc' dir='ltr'>ἐπιστάσεως,</span> <span class='ocrx_word' id='word_1_198' title='bbox 3039 1518 3197 1591; x_wconf 82' lang='grc' dir='ltr'>μάθοι</span> <span class='ocrx_word' id='word_1_199' title='bbox 3211 1516 3279 1571; x_wconf 83' lang='grc' dir='ltr'><strong>ἂν</strong></span> <span class='ocrx_word' id='word_1_200' title='bbox 3301 1518 3365 1569; x_wconf 81' lang='grc' dir='ltr'>ὲκ</span> <span class='ocrx_word' id='word_1_201' title='bbox 3386 1516 3483 1587; x_wconf 82' lang='grc' dir='ltr'>τῆς</span> <span class='ocrx_word' id='word_1_202' title='bbox 3495 1514 3847 1587; x_wconf 80' lang='grc' dir='ltr'>δηλωθείσης</span> 
     </span>
    </p>
   </div>
   <div class='ocr_carea' id='block_1_30' title="bbox 599 1607 2150 1686">
    <p class='ocr_par' dir='ltr' id='par_1_30' title="bbox 599 1613 2150 1685">
     <span class='ocr_line' id='line_1_30' title="bbox 599 1613 2150 1685; baseline -0.001 -15"><span class='ocrx_word' id='word_1_203' title='bbox 599 1616 814 1670; x_wconf 74' lang='grc' dir='ltr'>ηιὶηἱεαι</span> <span class='ocrx_word' id='word_1_204' title='bbox 845 1616 1136 1683; x_wconf 87' lang='lat' dir='ltr'><strong>passionis,</strong></span> <span class='ocrx_word' id='word_1_205' title='bbox 1164 1630 1269 1683; x_wconf 92' lang='lat' dir='ltr'><strong>quo</strong></span> <span class='ocrx_word' id='word_1_206' title='bbox 1311 1624 1552 1684; x_wconf 89' lang='lat' dir='ltr'><strong>tempore</strong></span> <span class='ocrx_word' id='word_1_207' title='bbox 1578 1613 1801 1685; x_wconf 84' lang='lat' dir='ltr'><strong>jejuniis</strong></span> <span class='ocrx_word' id='word_1_208' title='bbox 1830 1623 1994 1682; x_wconf 91' lang='lat' dir='ltr'><strong>atque</strong></span> <span class='ocrx_word' id='word_1_209' title='bbox 2023 1615 2150 1685; x_wconf 86' lang='lat' dir='ltr'><strong>vigi-</strong></span> 
     </span>
    </p>
   </div>
   <div class='ocr_carea' id='block_1_31' title="bbox 2255 1607 3842 1686">
    <p class='ocr_par' dir='ltr' id='par_1_31' title="bbox 2263 1607 3842 1686">
     <span class='ocr_line' id='line_1_31' title="bbox 2263 1607 3842 1686; baseline -0.003 -21"><span class='ocrx_word' id='word_1_210' title='bbox 2263 1613 2356 1665; x_wconf 84' lang='grc' dir='ltr'>τοῦ</span> <span class='ocrx_word' id='word_1_211' title='bbox 2388 1613 2578 1686; x_wconf 84' lang='grc' dir='ltr'>ἀνδρὸς</span> <span class='ocrx_word' id='word_1_212' title='bbox 2604 1612 2864 1685; x_wconf 82' lang='grc' dir='ltr'>ἱστορίας.</span> <span class='ocrx_word' id='word_1_213' title='bbox 2900 1613 3026 1665; x_wconf 87' lang='grc' dir='ltr'><strong>Ὅτι</strong></span> <span class='ocrx_word' id='word_1_214' title='bbox 3051 1611 3106 1663; x_wconf 84' lang='grc' dir='ltr'>δὲ</span> <span class='ocrx_word' id='word_1_215' title='bbox 3139 1611 3264 1673; x_wconf 85' lang='grc' dir='ltr'>τοὺς</span> <span class='ocrx_word' id='word_1_216' title='bbox 3292 1607 3541 1681; x_wconf 85' lang='grc' dir='ltr'>πρώτους</span> <span class='ocrx_word' id='word_1_217' title='bbox 3572 1611 3842 1681; x_wconf 78' lang='grc' dir='ltr'>κήρυκας</span> 
     </span>
    </p>
   </div>
   <div class='ocr_carea' id='block_1_32' title="bbox 596 1692 2150 1776">
    <p class='ocr_par' dir='ltr' id='par_1_32' title="bbox 596 1692 2150 1774">
     <span class='ocr_line' id='line_1_32' title="bbox 596 1692 2150 1774; baseline 0.001 -14"><span class='ocrx_word' id='word_1_218' title='bbox 596 1692 706 1771; x_wconf 77' lang='lat' dir='ltr'><strong>liis,</strong></span> <span class='ocrx_word' id='word_1_219' title='bbox 738 1716 792 1761; x_wconf 91' lang='lat' dir='ltr'><strong>et</strong></span> <span class='ocrx_word' id='word_1_220' title='bbox 842 1722 1116 1761; x_wconf 84' lang='lat' dir='ltr'><strong>sacrorum</strong></span> <span class='ocrx_word' id='word_1_221' title='bbox 1160 1706 1418 1761; x_wconf 90' lang='lat' dir='ltr'><strong>librorum</strong></span> <span class='ocrx_word' id='word_1_222' title='bbox 1456 1707 1676 1761; x_wconf 88' lang='lat' dir='ltr'><strong>lectioni</strong></span> <span class='ocrx_word' id='word_1_223' title='bbox 1738 1706 2035 1774; x_wconf 83' lang='lat' dir='ltr'><strong>impensius</strong></span> <span class='ocrx_word' id='word_1_224' title='bbox 2065 1722 2150 1762; x_wconf 86' lang='lat' dir='ltr'><strong>va-</strong></span> 
     </span>
    </p>
   </div>
   <div class='ocr_carea' id='block_1_33' title="bbox 2255 1692 3843 1776">
    <p class='ocr_par' dir='ltr' id='par_1_33' title="bbox 2264 1701 3843 1776">
     <span class='ocr_line' id='line_1_33' title="bbox 2264 1701 3843 1776; baseline -0.002 -18"><span class='ocrx_word' id='word_1_225' title='bbox 2264 1705 2363 1776; x_wconf 77' lang='grc' dir='ltr'>τῆς</span> <span class='ocrx_word' id='word_1_226' title='bbox 2387 1705 2522 1758; x_wconf 79' lang='grc' dir='ltr'>κατὰ</span> <span class='ocrx_word' id='word_1_227' title='bbox 2555 1707 2615 1759; x_wconf 81' lang='grc' dir='ltr'><strong>τὸ</strong></span> <span class='ocrx_word' id='word_1_228' title='bbox 2640 1704 2973 1774; x_wconf 69' lang='grc' dir='ltr'>Εὐαγγέλιω</span> <span class='ocrx_word' id='word_1_229' title='bbox 3000 1702 3373 1766; x_wconf 83' lang='grc' dir='ltr'>διδασκαλίας,</span> <span class='ocrx_word' id='word_1_230' title='bbox 3412 1702 3481 1756; x_wconf 85' lang='grc' dir='ltr'><strong>τά</strong></span> <span class='ocrx_word' id='word_1_231' title='bbox 3506 1719 3565 1755; x_wconf 91' lang='grc' dir='ltr'><strong>τε</strong></span> <span class='ocrx_word' id='word_1_232' title='bbox 3593 1701 3843 1773; x_wconf 80' lang='grc' dir='ltr'>ἀρχῆθεν</span> 
     </span>
    </p>
   </div>
   <div class='ocr_carea' id='block_1_34' title="bbox 595 1793 2150 1872">
    <p class='ocr_par' dir='ltr' id='par_1_34' title="bbox 595 1797 2150 1866">
     <span class='ocr_line' id='line_1_34' title="bbox 595 1797 2150 1866; baseline 0 -15"><span class='ocrx_word' id='word_1_233' title='bbox 595 1811 722 1852; x_wconf 88' lang='lat' dir='ltr'><strong>care</strong></span> <span class='ocrx_word' id='word_1_234' title='bbox 749 1804 1152 1852; x_wconf 75' lang='lat' dir='ltr'><strong>consuevimus.</strong></span> <span class='ocrx_word' id='word_1_235' title='bbox 1197 1816 1216 1850; x_wconf 77' lang='grc' dir='ltr'><strong>ι</strong></span> <span class='ocrx_word' id='word_1_236' title='bbox 1256 1800 1384 1864; x_wconf 72' lang='grc' dir='ltr'>ρυιιι</span> <span class='ocrx_word' id='word_1_237' title='bbox 1418 1799 1597 1852; x_wconf 90' lang='lat' dir='ltr'><strong>omnia</strong></span> <span class='ocrx_word' id='word_1_238' title='bbox 1629 1798 1711 1852; x_wconf 89' lang='lat' dir='ltr'><strong>vir</strong></span> <span class='ocrx_word' id='word_1_239' title='bbox 1740 1797 1832 1853; x_wconf 89' lang='lat' dir='ltr'><strong>ille</strong></span> <span class='ocrx_word' id='word_1_240' title='bbox 1861 1798 2019 1853; x_wconf 87' lang='lat' dir='ltr'><strong>toties</strong></span> <span class='ocrx_word' id='word_1_241' title='bbox 2049 1799 2150 1866; x_wconf 86' lang='lat' dir='ltr'><strong>jam</strong></span> 
     </span>
    </p>
   </div>
   <div class='ocr_carea' id='block_1_35' title="bbox 2255 1793 3846 1872">
    <p class='ocr_par' dir='ltr' id='par_1_35' title="bbox 2264 1793 3846 1869">
     <span class='ocr_line' id='line_1_35' title="bbox 2264 1793 3846 1869; baseline -0.001 -19"><span class='ocrx_word' id='word_1_242' title='bbox 2264 1798 2402 1868; x_wconf 76' lang='grc' dir='ltr'>πρὸς</span> <span class='ocrx_word' id='word_1_243' title='bbox 2426 1797 2534 1851; x_wconf 83' lang='grc' dir='ltr'><strong>τῶν</strong></span> <span class='ocrx_word' id='word_1_244' title='bbox 2561 1798 2872 1852; x_wconf 85' lang='grc' dir='ltr'>ἀποστόλων</span> <span class='ocrx_word' id='word_1_245' title='bbox 2905 1797 2999 1869; x_wconf 73' lang='grc' dir='ltr'>ἔθη</span> <span class='ocrx_word' id='word_1_246' title='bbox 3032 1794 3439 1867; x_wconf 82' lang='grc' dir='ltr'>παραδεδομένα</span> <span class='ocrx_word' id='word_1_247' title='bbox 3453 1793 3791 1849; x_wconf 85' lang='grc' dir='ltr'>καταλαϐὼν</span> <span class='ocrx_word' id='word_1_248' title='bbox 3815 1794 3846 1848; x_wconf 77' lang='grc' dir='ltr'><strong>ὁ</strong></span> 
     </span>
    </p>
   </div>
   <div class='ocr_carea' id='block_1_36' title="bbox 595 1886 2150 1962">
    <p class='ocr_par' dir='ltr' id='par_1_36' title="bbox 595 1886 2150 1957">
     <span class='ocr_line' id='line_1_36' title="bbox 595 1886 2150 1957; baseline 0.001 -15"><span class='ocrx_word' id='word_1_249' title='bbox 595 1888 922 1952; x_wconf 84' lang='lat' dir='ltr'><strong>nominatus,</strong></span> <span class='ocrx_word' id='word_1_250' title='bbox 955 1888 1145 1941; x_wconf 85' lang='lat' dir='ltr'><strong>eodem</strong></span> <span class='ocrx_word' id='word_1_251' title='bbox 1201 1886 1359 1957; x_wconf 87' lang='lat' dir='ltr'><strong>plane</strong></span> <span class='ocrx_word' id='word_1_252' title='bbox 1410 1887 1569 1943; x_wconf 89' lang='lat' dir='ltr'><strong>modo</strong></span> <span class='ocrx_word' id='word_1_253' title='bbox 1591 1902 1700 1956; x_wconf 93' lang='lat' dir='ltr'><strong>quo</strong></span> <span class='ocrx_word' id='word_1_254' title='bbox 1730 1904 1763 1943; x_wconf 92' lang='lat' dir='ltr'><strong>a</strong></span> <span class='ocrx_word' id='word_1_255' title='bbox 1820 1887 1978 1943; x_wconf 89' lang='lat' dir='ltr'><strong>nobis</strong></span> <span class='ocrx_word' id='word_1_256' title='bbox 2027 1887 2150 1943; x_wconf 83' lang='lat' dir='ltr'><strong>solis</strong></span> 
     </span>
    </p>
   </div>
   <div class='ocr_carea' id='block_1_37' title="bbox 2255 1886 3364 1962">
    <p class='ocr_par' dir='ltr' id='par_1_37' title="bbox 2258 1887 3364 1962">
     <span class='ocr_line' id='line_1_37' title="bbox 2258 1887 3364 1962; baseline 0 -21"><span class='ocrx_word' id='word_1_257' title='bbox 2258 1888 2434 1943; x_wconf 67' lang='grc' dir='ltr'>Φίλων</span> <span class='ocrx_word' id='word_1_258' title='bbox 2456 1888 2606 1942; x_wconf 80' lang='grc' dir='ltr'>ταῦτ’</span> <span class='ocrx_word' id='word_1_259' title='bbox 2631 1890 2860 1962; x_wconf 65' lang='grc' dir='ltr'>ἔγραφε,</span> <span class='ocrx_word' id='word_1_260' title='bbox 2893 1888 3051 1943; x_wconf 88' lang='grc' dir='ltr'>παντί</span> <span class='ocrx_word' id='word_1_261' title='bbox 3082 1905 3161 1960; x_wconf 85' lang='grc' dir='ltr'>τῳ</span> <span class='ocrx_word' id='word_1_262' title='bbox 3186 1887 3364 1958; x_wconf 75' lang='grc' dir='ltr'>δῆλον.</span> 
     </span>
    </p>
   </div>
   <div class='ocr_carea' id='block_1_38' title="bbox 592 1978 3844 2054">
    <p class='ocr_par' dir='ltr' id='par_1_38' title="bbox 592 1978 3844 2054">
     <span class='ocr_line' id='line_1_38' title="bbox 592 1978 3844 2054; baseline -0.001 -18"><span class='ocrx_word' id='word_1_263' title='bbox 592 1981 858 2050; x_wconf 81' lang='lat' dir='ltr'><strong>hodieque</strong></span> <span class='ocrx_word' id='word_1_264' title='bbox 875 1982 1254 2046; x_wconf 82' lang='lat' dir='ltr'><strong>observantur,</strong></span> <span class='ocrx_word' id='word_1_265' title='bbox 1275 1990 1531 2036; x_wconf 87' lang='lat' dir='ltr'><strong>accurate</strong></span> <span class='ocrx_word' id='word_1_266' title='bbox 1553 1990 1759 2047; x_wconf 85' lang='lat' dir='ltr'><strong>notata,</strong></span> <span class='ocrx_word' id='word_1_267' title='bbox 1791 1980 2009 2052; x_wconf 87' lang='lat' dir='ltr'><strong>scriptis</strong></span> <span class='ocrx_word' id='word_1_268' title='bbox 2039 1982 2152 2038; x_wconf 88' lang='lat' dir='ltr'><strong>suis</strong></span> <span class='ocrx_word' id='word_1_269' title='bbox 2188 1984 2433 2049; x_wconf 80' lang='lat' dir='ltr'><strong>tradidit,</strong></span> <span class='ocrx_word' id='word_1_270' title='bbox 2463 1993 2624 2053; x_wconf 89' lang='lat' dir='ltr'><strong>atque</strong></span> <span class='ocrx_word' id='word_1_271' title='bbox 2648 1983 2701 2038; x_wconf 90' lang='lat' dir='ltr'><strong>in</strong></span> <span class='ocrx_word' id='word_1_272' title='bbox 2734 1983 2924 2054; x_wconf 84' lang='lat' dir='ltr'><strong>primis</strong></span> <span class='ocrx_word' id='word_1_273' title='bbox 2971 1981 3252 2052; x_wconf 81' lang='lat' dir='ltr'><strong>pervigilia</strong></span> <span class='ocrx_word' id='word_1_274' title='bbox 3313 1994 3520 2051; x_wconf 64' lang='lat' dir='ltr'><strong>magna:</strong></span> <span class='ocrx_word' id='word_1_275' title='bbox 3573 1978 3844 2034; x_wconf 85' lang='lat' dir='ltr'><strong>solemni-</strong></span> 
     </span>
    </p>
   </div>
   <div class='ocr_carea' id='block_1_39' title="bbox 592 2074 3846 2148">
    <p class='ocr_par' dir='ltr' id='par_1_39' title="bbox 592 2074 3846 2148">
     <span class='ocr_line' id='line_1_39' title="bbox 592 2074 3846 2148; baseline -0.001 -19"><span class='ocrx_word' id='word_1_276' title='bbox 592 2075 739 2141; x_wconf 88' lang='lat' dir='ltr'><strong>tatis,</strong></span> <span class='ocrx_word' id='word_1_277' title='bbox 771 2076 994 2146; x_wconf 87' lang='lat' dir='ltr'><strong>piasque</strong></span> <span class='ocrx_word' id='word_1_278' title='bbox 1025 2077 1077 2130; x_wconf 89' lang='lat' dir='ltr'><strong>in</strong></span> <span class='ocrx_word' id='word_1_279' title='bbox 1110 2077 1297 2131; x_wconf 87' lang='lat' dir='ltr'><strong>iisdem</strong></span> <span class='ocrx_word' id='word_1_280' title='bbox 1350 2078 1798 2142; x_wconf 83' lang='lat' dir='ltr'><strong>exercitationes,</strong></span> <span class='ocrx_word' id='word_1_281' title='bbox 1851 2086 1907 2133; x_wconf 90' lang='lat' dir='ltr'><strong>et</strong></span> <span class='ocrx_word' id='word_1_282' title='bbox 1955 2077 2182 2148; x_wconf 82' lang='lat' dir='ltr'><strong>hymnos</strong></span> <span class='ocrx_word' id='word_1_283' title='bbox 2230 2079 2321 2148; x_wconf 88' lang='lat' dir='ltr'><strong>qui</strong></span> <span class='ocrx_word' id='word_1_284' title='bbox 2359 2094 2388 2133; x_wconf 90' lang='lat' dir='ltr'><strong>a</strong></span> <span class='ocrx_word' id='word_1_285' title='bbox 2444 2080 2600 2134; x_wconf 90' lang='lat' dir='ltr'><strong>nobis</strong></span> <span class='ocrx_word' id='word_1_286' title='bbox 2650 2078 2865 2134; x_wconf 89' lang='lat' dir='ltr'><strong>recitari</strong></span> <span class='ocrx_word' id='word_1_287' title='bbox 2924 2077 3120 2141; x_wconf 89' lang='lat' dir='ltr'><strong>solent,</strong></span> <span class='ocrx_word' id='word_1_288' title='bbox 3180 2083 3586 2133; x_wconf 90' lang='lat' dir='ltr'><strong>commemorat.</strong></span> <span class='ocrx_word' id='word_1_289' title='bbox 3630 2074 3702 2129; x_wconf 87' lang='lat' dir='ltr'><strong>Et</strong></span> <span class='ocrx_word' id='word_1_290' title='bbox 3730 2087 3846 2143; x_wconf 87' lang='lat' dir='ltr'><strong>quo</strong></span> 
     </span>
    </p>
   </div>
   <div class='ocr_carea' id='block_1_40' title="bbox 588 2168 3845 2243">
    <p class='ocr_par' dir='ltr' id='par_1_40' title="bbox 588 2168 3845 2243">
     <span class='ocr_line' id='line_1_40' title="bbox 588 2168 3845 2243; baseline 0.001 -22"><span class='ocrx_word' id='word_1_291' title='bbox 588 2179 769 2239; x_wconf 86' lang='lat' dir='ltr'><strong>pacto,</strong></span> <span class='ocrx_word' id='word_1_292' title='bbox 823 2184 945 2224; x_wconf 88' lang='lat' dir='ltr'><strong>cum</strong></span> <span class='ocrx_word' id='word_1_293' title='bbox 976 2185 1113 2225; x_wconf 90' lang='lat' dir='ltr'><strong>unus</strong></span> <span class='ocrx_word' id='word_1_294' title='bbox 1149 2170 1412 2239; x_wconf 76' lang='lat' dir='ltr'><strong>quispiam</strong></span> <span class='ocrx_word' id='word_1_295' title='bbox 1462 2171 1734 2226; x_wconf 88' lang='lat' dir='ltr'><strong>modulate</strong></span> <span class='ocrx_word' id='word_1_296' title='bbox 1768 2186 1833 2226; x_wconf 89' lang='lat' dir='ltr'><strong>ac</strong></span> <span class='ocrx_word' id='word_1_297' title='bbox 1881 2172 2135 2227; x_wconf 90' lang='lat' dir='ltr'><strong>decenter</strong></span> <span class='ocrx_word' id='word_1_298' title='bbox 2170 2173 2430 2243; x_wconf 89' lang='lat' dir='ltr'><strong>psalmum</strong></span> <span class='ocrx_word' id='word_1_299' title='bbox 2461 2188 2660 2229; x_wconf 90' lang='lat' dir='ltr'><strong>canere</strong></span> <span class='ocrx_word' id='word_1_300' title='bbox 2692 2186 2920 2228; x_wconf 83' lang='lat' dir='ltr'><strong>exorsus</strong></span> <span class='ocrx_word' id='word_1_301' title='bbox 2973 2171 3157 2238; x_wconf 79' lang='lat' dir='ltr'><strong>fuerit,</strong></span> <span class='ocrx_word' id='word_1_302' title='bbox 3215 2171 3394 2227; x_wconf 70' lang='lat' dir='ltr'><strong>caeteri</strong></span> <span class='ocrx_word' id='word_1_303' title='bbox 3446 2184 3565 2225; x_wconf 92' lang='lat' dir='ltr'><strong>cum</strong></span> <span class='ocrx_word' id='word_1_304' title='bbox 3618 2168 3845 2225; x_wconf 85' lang='lat' dir='ltr'><strong>silentio</strong></span> 
     </span>
    </p>
   </div>
   <div class='ocr_carea' id='block_1_41' title="bbox 587 2263 3845 2339">
    <p class='ocr_par' dir='ltr' id='par_1_41' title="bbox 587 2263 3845 2339">
     <span class='ocr_line' id='line_1_41' title="bbox 587 2263 3845 2339; baseline 0 -24"><span class='ocrx_word' id='word_1_305' title='bbox 587 2265 975 2329; x_wconf 79' lang='lat' dir='ltr'><strong>auscultantes,</strong></span> <span class='ocrx_word' id='word_1_306' title='bbox 1013 2276 1284 2321; x_wconf 76' lang='lat' dir='ltr'><strong>extremas</strong></span> <span class='ocrx_word' id='word_1_307' title='bbox 1329 2266 1589 2322; x_wconf 84' lang='lat' dir='ltr'><strong>duntaxat</strong></span> <span class='ocrx_word' id='word_1_308' title='bbox 1622 2269 1945 2339; x_wconf 81' lang='lat' dir='ltr'><strong>hymnorum</strong></span> <span class='ocrx_word' id='word_1_309' title='bbox 1981 2278 2164 2337; x_wconf 89' lang='lat' dir='ltr'><strong>partes</strong></span> <span class='ocrx_word' id='word_1_310' title='bbox 2211 2268 2371 2325; x_wconf 91' lang='lat' dir='ltr'><strong>simul</strong></span> <span class='ocrx_word' id='word_1_311' title='bbox 2398 2269 2710 2324; x_wconf 90' lang='lat' dir='ltr'><strong>concinant.</strong></span> <span class='ocrx_word' id='word_1_312' title='bbox 2740 2265 2918 2337; x_wconf 86' lang='lat' dir='ltr'><strong>thue</strong></span> <span class='ocrx_word' id='word_1_313' title='bbox 2952 2280 3049 2337; x_wconf 83' lang='lat' dir='ltr'><strong>per</strong></span> <span class='ocrx_word' id='word_1_314' title='bbox 3073 2265 3196 2321; x_wconf 91' lang='lat' dir='ltr'><strong>illos</strong></span> <span class='ocrx_word' id='word_1_315' title='bbox 3218 2265 3334 2320; x_wconf 90' lang='lat' dir='ltr'><strong>dies</strong></span> <span class='ocrx_word' id='word_1_316' title='bbox 3388 2263 3538 2319; x_wconf 87' lang='lat' dir='ltr'><strong>humi</strong></span> <span class='ocrx_word' id='word_1_317' title='bbox 3601 2268 3655 2317; x_wconf 89' lang='lat' dir='ltr'><strong>in</strong></span> <span class='ocrx_word' id='word_1_318' title='bbox 3692 2273 3845 2317; x_wconf 87' lang='lat' dir='ltr'><strong>stra-</strong></span> 
     </span>
    </p>
   </div>
   <div class='ocr_carea' id='block_1_42' title="bbox 586 2357 3847 2438">
    <p class='ocr_par' dir='ltr' id='par_1_42' title="bbox 586 2357 3847 2438">
     <span class='ocr_line' id='line_1_42' title="bbox 586 2357 3847 2438; baseline -0.001 -25"><span class='ocrx_word' id='word_1_319' title='bbox 586 2361 781 2415; x_wconf 88' lang='lat' dir='ltr'><strong>mentis</strong></span> <span class='ocrx_word' id='word_1_320' title='bbox 813 2363 1155 2428; x_wconf 85' lang='lat' dir='ltr'><strong>recubantes,</strong></span> <span class='ocrx_word' id='word_1_321' title='bbox 1199 2378 1230 2416; x_wconf 90' lang='lat' dir='ltr'><strong>a</strong></span> <span class='ocrx_word' id='word_1_322' title='bbox 1277 2363 1400 2418; x_wconf 90' lang='lat' dir='ltr'><strong>vino</strong></span> <span class='ocrx_word' id='word_1_323' title='bbox 1421 2365 1766 2433; x_wconf 88' lang='lat' dir='ltr'><strong>quidetn,_ut</strong></span> <span class='ocrx_word' id='word_1_324' title='bbox 1812 2365 1931 2434; x_wconf 86' lang='lat' dir='ltr'><strong>ejus</strong></span> <span class='ocrx_word' id='word_1_325' title='bbox 1970 2367 2150 2422; x_wconf 83' lang='lat' dir='ltr'><strong>verbis</strong></span> <span class='ocrx_word' id='word_1_326' title='bbox 2179 2376 2320 2432; x_wconf 88' lang='lat' dir='ltr'><strong>utar,</strong></span> <span class='ocrx_word' id='word_1_327' title='bbox 2348 2367 2556 2438; x_wconf 84' lang='lat' dir='ltr'><strong>penitus</strong></span> <span class='ocrx_word' id='word_1_328' title='bbox 2588 2365 2926 2432; x_wconf 82' lang='lat' dir='ltr'><strong>abstineant,</strong></span> <span class='ocrx_word' id='word_1_329' title='bbox 2981 2378 3154 2433; x_wconf 90' lang='lat' dir='ltr'><strong>neque</strong></span> <span class='ocrx_word' id='word_1_330' title='bbox 3206 2375 3400 2417; x_wconf 89' lang='lat' dir='ltr'><strong>carnes</strong></span> <span class='ocrx_word' id='word_1_331' title='bbox 3457 2360 3593 2414; x_wconf 90' lang='lat' dir='ltr'><strong>ullas</strong></span> <span class='ocrx_word' id='word_1_332' title='bbox 3666 2357 3847 2429; x_wconf 81' lang='lat' dir='ltr'><strong>degu-</strong></span> 
     </span>
    </p>
   </div>
   <div class='ocr_carea' id='block_1_43' title="bbox 586 2453 3841 2532">
    <p class='ocr_par' dir='ltr' id='par_1_43' title="bbox 586 2453 3841 2532">
     <span class='ocr_line' id='line_1_43' title="bbox 586 2453 3841 2532; baseline -0.001 -23"><span class='ocrx_word' id='word_1_333' title='bbox 586 2466 728 2510; x_wconf 87' lang='lat' dir='ltr'><strong>stent</strong></span> <span class='ocrx_word' id='word_1_334' title='bbox 759 2472 775 2509; x_wconf 89' lang='lat'><strong>:</strong></span> <span class='ocrx_word' id='word_1_335' title='bbox 812 2457 922 2511; x_wconf 90' lang='lat' dir='ltr'><strong>sola</strong></span> <span class='ocrx_word' id='word_1_336' title='bbox 951 2467 1129 2514; x_wconf 90' lang='lat' dir='ltr'><strong>autent</strong></span> <span class='ocrx_word' id='word_1_337' title='bbox 1161 2473 1302 2528; x_wconf 90' lang='lat' dir='ltr'><strong>aqua</strong></span> <span class='ocrx_word' id='word_1_338' title='bbox 1348 2461 1416 2516; x_wconf 91' lang='lat' dir='ltr'><strong>ad</strong></span> <span class='ocrx_word' id='word_1_339' title='bbox 1460 2470 1644 2529; x_wconf 88' lang='lat' dir='ltr'><strong>potum</strong></span> <span class='ocrx_word' id='word_1_340' title='bbox 1681 2470 1926 2529; x_wconf 89' lang='lat' dir='ltr'><strong>utantur,</strong></span> <span class='ocrx_word' id='word_1_341' title='bbox 1975 2476 2152 2531; x_wconf 90' lang='lat' dir='ltr'><strong>neque</strong></span> <span class='ocrx_word' id='word_1_342' title='bbox 2183 2463 2249 2517; x_wconf 87' lang='lat' dir='ltr'><strong>ad</strong></span> <span class='ocrx_word' id='word_1_343' title='bbox 2274 2477 2464 2532; x_wconf 90' lang='lat' dir='ltr'><strong>panem</strong></span> <span class='ocrx_word' id='word_1_344' title='bbox 2492 2461 2633 2515; x_wconf 89' lang='lat' dir='ltr'><strong>aliud</strong></span> <span class='ocrx_word' id='word_1_345' title='bbox 2696 2461 2989 2531; x_wconf 87' lang='lat' dir='ltr'><strong>quidquam</strong></span> <span class='ocrx_word' id='word_1_346' title='bbox 3045 2456 3337 2513; x_wconf 86' lang='lat' dir='ltr'><strong>adhibeant</strong></span> <span class='ocrx_word' id='word_1_347' title='bbox 3381 2463 3579 2525; x_wconf 67' lang='lat' dir='ltr'><strong>praeter</strong></span> <span class='ocrx_word' id='word_1_348' title='bbox 3618 2453 3703 2508; x_wconf 86' lang='lat' dir='ltr'><strong>sal</strong></span> <span class='ocrx_word' id='word_1_349' title='bbox 3753 2459 3841 2505; x_wconf 77' lang='lat' dir='ltr'><strong>at.</strong></span> 
     </span>
    </p>
   </div>
   <div class='ocr_carea' id='block_1_44' title="bbox 585 2543 3849 2623">
    <p class='ocr_par' dir='ltr' id='par_1_44' title="bbox 585 2543 3849 2623">
     <span class='ocr_line' id='line_1_44' title="bbox 585 2543 3849 2623; baseline -0.001 -22"><span class='ocrx_word' id='word_1_350' title='bbox 585 2561 693 2615; x_wconf 89' lang='lat' dir='ltr'><strong>que</strong></span> <span class='ocrx_word' id='word_1_351' title='bbox 715 2546 1025 2620; x_wconf 68' lang='lat' dir='ltr'><strong>hyssoltum.</strong></span> <span class='ocrx_word' id='word_1_352' title='bbox 1049 2553 1130 2606; x_wconf 85' lang='lat' dir='ltr'><strong>Ad</strong></span> <span class='ocrx_word' id='word_1_353' title='bbox 1162 2552 1276 2606; x_wconf 59' lang='lat' dir='ltr'><strong>haec</strong></span> <span class='ocrx_word' id='word_1_354' title='bbox 1311 2550 1511 2621; x_wconf 86' lang='lat' dir='ltr'><strong>gradus</strong></span> <span class='ocrx_word' id='word_1_355' title='bbox 1554 2561 1741 2621; x_wconf 57' lang='lat' dir='ltr'><strong>atque,</strong></span> <span class='ocrx_word' id='word_1_356' title='bbox 1772 2554 2036 2615; x_wconf 62' lang='lat' dir='ltr'><strong>ordinem?</strong></span> <span class='ocrx_word' id='word_1_357' title='bbox 2061 2553 2467 2623; x_wconf 61' lang='lat' dir='ltr'><strong>praesidentium</strong></span> <span class='ocrx_word' id='word_1_358' title='bbox 2541 2552 2822 2620; x_wconf 89' lang='lat' dir='ltr'><strong>describit,</strong></span> <span class='ocrx_word' id='word_1_359' title='bbox 2883 2565 3070 2606; x_wconf 87' lang='lat' dir='ltr'><strong>eorum</strong></span> <span class='ocrx_word' id='word_1_360' title='bbox 3129 2547 3386 2603; x_wconf 83' lang='lat' dir='ltr'><strong>videlicet</strong></span> <span class='ocrx_word' id='word_1_361' title='bbox 3441 2545 3534 2616; x_wconf 89' lang='lat' dir='ltr'><strong>qui</strong></span> <span class='ocrx_word' id='word_1_362' title='bbox 3581 2543 3849 2600; x_wconf 78' lang='lat' dir='ltr'><strong>ecclesia-</strong></span> 
     </span>
    </p>
   </div>
   <div class='ocr_carea' id='block_1_45' title="bbox 585 2639 3840 2718">
    <p class='ocr_par' dir='ltr' id='par_1_45' title="bbox 585 2639 3840 2718">
     <span class='ocr_line' id='line_1_45' title="bbox 585 2639 3840 2718; baseline -0.001 -21"><span class='ocrx_word' id='word_1_363' title='bbox 585 2643 720 2697; x_wconf 71' lang='lat' dir='ltr'><strong>Stica</strong></span> <span class='ocrx_word' id='word_1_364' title='bbox 757 2645 1241 2700; x_wconf 88' lang='lat' dir='ltr'><strong>obeuntmunera:</strong></span> <span class='ocrx_word' id='word_1_365' title='bbox 1278 2656 1388 2700; x_wconf 90' lang='lat' dir='ltr'><strong>tum</strong></span> <span class='ocrx_word' id='word_1_366' title='bbox 1422 2646 1728 2700; x_wconf 88' lang='lat' dir='ltr'><strong>ministeria</strong></span> <span class='ocrx_word' id='word_1_367' title='bbox 1784 2648 2173 2703; x_wconf 80' lang='lat' dir='ltr'><strong>diaconorum:</strong></span> <span class='ocrx_word' id='word_1_368' title='bbox 2200 2659 2478 2718; x_wconf 90' lang='lat' dir='ltr'><strong>postremo</strong></span> <span class='ocrx_word' id='word_1_369' title='bbox 2523 2648 2862 2717; x_wconf 86' lang='lat' dir='ltr'><strong>episcopatus</strong></span> <span class='ocrx_word' id='word_1_370' title='bbox 2906 2645 3108 2716; x_wconf 88' lang='lat' dir='ltr'><strong>apicem</strong></span> <span class='ocrx_word' id='word_1_371' title='bbox 3161 2641 3414 2697; x_wconf 92' lang='lat' dir='ltr'><strong>omnibus</strong></span> <span class='ocrx_word' id='word_1_372' title='bbox 3457 2639 3840 2693; x_wconf 87' lang='lat' dir='ltr'><strong>antistantem.</strong></span> 
     </span>
    </p>
   </div>
   <div class='ocr_carea' id='block_1_46' title="bbox 586 2732 3843 2813">
    <p class='ocr_par' dir='ltr' id='par_1_46' title="bbox 586 2732 3843 2813">
     <span class='ocr_line' id='line_1_46' title="bbox 586 2732 3843 2813; baseline -0.002 -21"><span class='ocrx_word' id='word_1_373' title='bbox 586 2739 715 2806; x_wconf 65' lang='lat' dir='ltr'><strong>Quae</strong></span> <span class='ocrx_word' id='word_1_374' title='bbox 733 2741 778 2796; x_wconf 88' lang='lat' dir='ltr'><strong>si</strong></span> <span class='ocrx_word' id='word_1_375' title='bbox 806 2743 928 2810; x_wconf 89' lang='lat' dir='ltr'><strong>quis</strong></span> <span class='ocrx_word' id='word_1_376' title='bbox 954 2742 1259 2797; x_wconf 88' lang='lat' dir='ltr'><strong>accuratius</strong></span> <span class='ocrx_word' id='word_1_377' title='bbox 1284 2757 1444 2797; x_wconf 90' lang='lat' dir='ltr'><strong>nosse</strong></span> <span class='ocrx_word' id='word_1_378' title='bbox 1466 2742 1760 2810; x_wconf 88' lang='lat' dir='ltr'><strong>desiderat,</strong></span> <span class='ocrx_word' id='word_1_379' title='bbox 1787 2757 1854 2797; x_wconf 82' lang='lat' dir='ltr'><strong>ex</strong></span> <span class='ocrx_word' id='word_1_380' title='bbox 1884 2744 2000 2813; x_wconf 89' lang='lat' dir='ltr'><strong>ipso</strong></span> <span class='ocrx_word' id='word_1_381' title='bbox 2057 2744 2301 2800; x_wconf 91' lang='lat' dir='ltr'><strong>Philonis</strong></span> <span class='ocrx_word' id='word_1_382' title='bbox 2363 2744 2502 2799; x_wconf 90' lang='lat' dir='ltr'><strong>libro</strong></span> <span class='ocrx_word' id='word_1_383' title='bbox 2536 2743 2746 2799; x_wconf 88' lang='lat' dir='ltr'><strong>discere</strong></span> <span class='ocrx_word' id='word_1_384' title='bbox 2792 2742 3012 2812; x_wconf 90' lang='lat' dir='ltr'><strong>poterit.</strong></span> <span class='ocrx_word' id='word_1_385' title='bbox 3042 2740 3308 2795; x_wconf 84' lang='lat' dir='ltr'><strong>Caeterum</strong></span> <span class='ocrx_word' id='word_1_386' title='bbox 3361 2735 3490 2807; x_wconf 91' lang='lat' dir='ltr'><strong>quin</strong></span> <span class='ocrx_word' id='word_1_387' title='bbox 3543 2736 3667 2791; x_wconf 86' lang='lat' dir='ltr'><strong>dum</strong></span> <span class='ocrx_word' id='word_1_388' title='bbox 3729 2732 3843 2787; x_wconf 85' lang='lat' dir='ltr'><strong>ista</strong></span> 
     </span>
    </p>
   </div>
   <div class='ocr_carea' id='block_1_47' title="bbox 586 2828 3842 2910">
    <p class='ocr_par' dir='ltr' id='par_1_47' title="bbox 586 2828 3842 2910">
     <span class='ocr_line' id='line_1_47' title="bbox 586 2828 3842 2910; baseline -0.001 -23"><span class='ocrx_word' id='word_1_389' title='bbox 586 2835 851 2889; x_wconf 86' lang='lat' dir='ltr'><strong>scriberet</strong></span> <span class='ocrx_word' id='word_1_390' title='bbox 884 2834 1059 2900; x_wconf 87' lang='lat' dir='ltr'><strong>Philo,</strong></span> <span class='ocrx_word' id='word_1_391' title='bbox 1114 2837 1318 2906; x_wconf 89' lang='lat' dir='ltr'><strong>primos</strong></span> <span class='ocrx_word' id='word_1_392' title='bbox 1368 2836 1490 2892; x_wconf 91' lang='lat' dir='ltr'><strong>illos</strong></span> <span class='ocrx_word' id='word_1_393' title='bbox 1541 2838 1868 2907; x_wconf 78' lang='lat' dir='ltr'><strong>evangelicae</strong></span> <span class='ocrx_word' id='word_1_394' title='bbox 1915 2840 2175 2897; x_wconf 76' lang='lat' dir='ltr'><strong>doctrina:</strong></span> <span class='ocrx_word' id='word_1_395' title='bbox 2234 2839 2637 2910; x_wconf 80' lang='lat' dir='ltr'><strong>praelicatores,</strong></span> <span class='ocrx_word' id='word_1_396' title='bbox 2669 2846 2724 2894; x_wconf 89' lang='lat' dir='ltr'><strong>et</strong></span> <span class='ocrx_word' id='word_1_397' title='bbox 2774 2840 2842 2894; x_wconf 90' lang='lat' dir='ltr'><strong>ab</strong></span> <span class='ocrx_word' id='word_1_398' title='bbox 2880 2834 3147 2906; x_wconf 88' lang='lat' dir='ltr'><strong>apostolis</strong></span> <span class='ocrx_word' id='word_1_399' title='bbox 3177 2834 3413 2906; x_wconf 88' lang='lat' dir='ltr'><strong>primum</strong></span> <span class='ocrx_word' id='word_1_400' title='bbox 3461 2830 3717 2887; x_wconf 84' lang='lat' dir='ltr'><strong>traditam</strong></span> <span class='ocrx_word' id='word_1_401' title='bbox 3755 2828 3842 2887; x_wconf 89' lang='lat' dir='ltr'><strong>di-</strong></span> 
     </span>
    </p>
   </div>
   <div class='ocr_carea' id='block_1_48' title="bbox 587 2929 2407 2998">
    <p class='ocr_par' dir='ltr' id='par_1_48' title="bbox 587 2929 2407 2998">
     <span class='ocr_line' id='line_1_48' title="bbox 587 2929 2407 2998; baseline 0.004 -15"><span class='ocrx_word' id='word_1_402' title='bbox 587 2929 865 2998; x_wconf 86' lang='lat' dir='ltr'><strong>sciplinam</strong></span> <span class='ocrx_word' id='word_1_403' title='bbox 895 2929 950 2985; x_wconf 90' lang='lat' dir='ltr'><strong>in</strong></span> <span class='ocrx_word' id='word_1_404' title='bbox 987 2939 1166 2986; x_wconf 89' lang='lat' dir='ltr'><strong>mente</strong></span> <span class='ocrx_word' id='word_1_405' title='bbox 1215 2931 1487 2997; x_wconf 81' lang='lat' dir='ltr'><strong>habuerit,</strong></span> <span class='ocrx_word' id='word_1_406' title='bbox 1515 2935 1716 2988; x_wconf 89' lang='lat' dir='ltr'><strong>nemini</strong></span> <span class='ocrx_word' id='word_1_407' title='bbox 1747 2934 1968 2991; x_wconf 88' lang='lat' dir='ltr'><strong>dubium</strong></span> <span class='ocrx_word' id='word_1_408' title='bbox 1995 2950 2117 2993; x_wconf 88' lang='lat' dir='ltr'><strong>esse</strong></span> <span class='ocrx_word' id='word_1_409' title='bbox 2156 2936 2407 2992; x_wconf 87' lang='lat' dir='ltr'><strong>arbitror.</strong></span> 
     </span>
    </p>
   </div>
   <div class='ocr_carea' id='block_1_49' title="bbox 1073 3023 1658 3097">
    <p class='ocr_par' dir='ltr' id='par_1_49' title="bbox 1073 3023 1658 3097">
     <span class='ocr_line' id='line_1_49' title="bbox 1073 3023 1658 3097; baseline 0.005 -16"><span class='ocrx_word' id='word_1_410' title='bbox 1073 3025 1182 3097; x_wconf 67' lang='grc' dir='ltr'><strong>ξε</strong></span> <span class='ocrx_word' id='word_1_411' title='bbox 1201 3023 1431 3082; x_wconf 82' lang='lat' dir='ltr'><strong>CAPUT</strong></span> <span class='ocrx_word' id='word_1_412' title='bbox 1470 3026 1658 3085; x_wconf 84' lang='lat' dir='ltr'><strong>xvut.</strong></span> 
     </span>
    </p>
   </div>
   <div class='ocr_carea' id='block_1_50' title="bbox 800 3116 1950 3190">
    <p class='ocr_par' dir='ltr' id='par_1_50' title="bbox 800 3116 1950 3190">
     <span class='ocr_line' id='line_1_50' title="bbox 800 3116 1950 3190; baseline 0.005 -20"><span class='ocrx_word' id='word_1_413' title='bbox 800 3116 905 3183; x_wconf 77' lang='lat' dir='ltr'><strong>Qui</strong></span> <span class='ocrx_word' id='word_1_414' title='bbox 939 3116 1176 3171; x_wconf 78' lang='lat' dir='ltr'><strong>Philonis</strong></span> <span class='ocrx_word' id='word_1_415' title='bbox 1216 3118 1338 3171; x_wconf 84' lang='lat' dir='ltr'><strong>libri</strong></span> <span class='ocrx_word' id='word_1_416' title='bbox 1369 3120 1440 3172; x_wconf 85' lang='lat' dir='ltr'><strong>ad</strong></span> <span class='ocrx_word' id='word_1_417' title='bbox 1474 3135 1568 3174; x_wconf 78' lang='lat' dir='ltr'><strong>nos</strong></span> <span class='ocrx_word' id='word_1_418' title='bbox 1606 3121 1950 3190; x_wconf 79' lang='lat' dir='ltr'><strong>pervenerint.</strong></span> 
     </span>
    </p>
   </div>
   <div class='ocr_carea' id='block_1_51' title="bbox 659 3296 2157 3369">
    <p class='ocr_par' dir='ltr' id='par_1_51' title="bbox 659 3296 2157 3369">
     <span class='ocr_line' id='line_1_51' title="bbox 659 3296 2157 3369; baseline 0.004 -18"><span class='ocrx_word' id='word_1_419' title='bbox 659 3296 757 3351; x_wconf 83' lang='lat' dir='ltr'><strong>Hic</strong></span> <span class='ocrx_word' id='word_1_420' title='bbox 778 3311 940 3366; x_wconf 92' lang='lat' dir='ltr'><strong>porro</strong></span> <span class='ocrx_word' id='word_1_421' title='bbox 965 3297 1047 3352; x_wconf 92' lang='lat' dir='ltr'><strong>vir</strong></span> <span class='ocrx_word' id='word_1_422' title='bbox 1078 3298 1131 3352; x_wconf 91' lang='lat' dir='ltr'><strong>in</strong></span> <span class='ocrx_word' id='word_1_423' title='bbox 1176 3298 1404 3354; x_wconf 89' lang='lat' dir='ltr'><strong>dicendo</strong></span> <span class='ocrx_word' id='word_1_424' title='bbox 1448 3300 1724 3369; x_wconf 85' lang='lat' dir='ltr'><strong>copiosus,</strong></span> <span class='ocrx_word' id='word_1_425' title='bbox 1778 3301 1831 3355; x_wconf 92' lang='lat' dir='ltr'><strong>in</strong></span> <span class='ocrx_word' id='word_1_426' title='bbox 1867 3303 2157 3358; x_wconf 88' lang='lat' dir='ltr'><strong>sententiis</strong></span> 
     </span>
    </p>
   </div>
   <div class='ocr_carea' id='block_1_52' title="bbox 588 3388 2157 3463">
    <p class='ocr_par' dir='ltr' id='par_1_52' title="bbox 588 3388 2157 3463">
     <span class='ocr_line' id='line_1_52' title="bbox 588 3388 2157 3463; baseline 0.006 -21"><span class='ocrx_word' id='word_1_427' title='bbox 588 3388 846 3458; x_wconf 84' lang='lat' dir='ltr'><strong>locuples,</strong></span> <span class='ocrx_word' id='word_1_428' title='bbox 892 3389 944 3443; x_wconf 92' lang='lat' dir='ltr'><strong>in</strong></span> <span class='ocrx_word' id='word_1_429' title='bbox 976 3390 1171 3445; x_wconf 75' lang='lat' dir='ltr'><strong>divinae</strong></span> <span class='ocrx_word' id='word_1_430' title='bbox 1194 3389 1493 3461; x_wconf 63' lang='lat' dir='ltr'><strong>Scriptura:</strong></span> <span class='ocrx_word' id='word_1_431' title='bbox 1524 3392 1878 3463; x_wconf 85' lang='lat' dir='ltr'><strong>intelligentia</strong></span> <span class='ocrx_word' id='word_1_432' title='bbox 1909 3396 2157 3451; x_wconf 88' lang='lat' dir='ltr'><strong>sublimis</strong></span> 
     </span>
    </p>
   </div>
   <div class='ocr_carea' id='block_1_53' title="bbox 595 3481 2154 3555">
    <p class='ocr_par' dir='ltr' id='par_1_53' title="bbox 595 3481 2154 3555">
     <span class='ocr_line' id='line_1_53' title="bbox 595 3481 2154 3555; baseline 0.008 -24"><span class='ocrx_word' id='word_1_433' title='bbox 595 3490 757 3549; x_wconf 90' lang='lat' dir='ltr'><strong>atque</strong></span> <span class='ocrx_word' id='word_1_434' title='bbox 799 3481 1085 3550; x_wconf 82' lang='lat' dir='ltr'><strong>excelsus,</strong></span> <span class='ocrx_word' id='word_1_435' title='bbox 1140 3484 1346 3538; x_wconf 87' lang='lat' dir='ltr'><strong>variam</strong></span> <span class='ocrx_word' id='word_1_436' title='bbox 1390 3498 1454 3537; x_wconf 88' lang='lat' dir='ltr'><strong>ac</strong></span> <span class='ocrx_word' id='word_1_437' title='bbox 1485 3484 1834 3555; x_wconf 90' lang='lat' dir='ltr'><strong>multiplicem</strong></span> <span class='ocrx_word' id='word_1_438' title='bbox 1877 3503 2154 3543; x_wconf 88' lang='lat' dir='ltr'><strong>sacrorum</strong></span> 
     </span>
    </p>
   </div>
   <div class='ocr_carea' id='block_1_54' title="bbox 589 3570 2150 3649">
    <p class='ocr_par' dir='ltr' id='par_1_54' title="bbox 589 3570 2150 3649">
     <span class='ocr_line' id='line_1_54' title="bbox 589 3570 2150 3649; baseline 0.009 -28"><span class='ocrx_word' id='word_1_439' title='bbox 589 3570 923 3626; x_wconf 88' lang='lat' dir='ltr'><strong>voluminum</strong></span> <span class='ocrx_word' id='word_1_440' title='bbox 958 3573 1354 3644; x_wconf 85' lang='lat' dir='ltr'><strong>expositionem</strong></span> <span class='ocrx_word' id='word_1_441' title='bbox 1389 3577 1580 3631; x_wconf 89' lang='lat' dir='ltr'><strong>edidit.</strong></span> <span class='ocrx_word' id='word_1_442' title='bbox 1624 3579 1703 3632; x_wconf 83' lang='lat' dir='ltr'><strong>Ac</strong></span> <span class='ocrx_word' id='word_1_443' title='bbox 1729 3577 1908 3649; x_wconf 90' lang='lat' dir='ltr'><strong>primo</strong></span> <span class='ocrx_word' id='word_1_444' title='bbox 1932 3580 2150 3649; x_wconf 89' lang='lat' dir='ltr'><strong>quidem</strong></span> 
     </span>
    </p>
   </div>
   <div class='ocr_carea' id='block_1_55' title="bbox 582 3668 2150 3743">
    <p class='ocr_par' dir='ltr' id='par_1_55' title="bbox 582 3668 2150 3743">
     <span class='ocr_line' id='line_1_55' title="bbox 582 3668 2150 3743; baseline 0.006 -22"><span class='ocrx_word' id='word_1_445' title='bbox 582 3668 803 3737; x_wconf 82' lang='lat' dir='ltr'><strong>scripsit</strong></span> <span class='ocrx_word' id='word_1_446' title='bbox 823 3670 876 3722; x_wconf 86' lang='lat' dir='ltr'><strong>in</strong></span> <span class='ocrx_word' id='word_1_447' title='bbox 893 3668 1138 3737; x_wconf 74' lang='lat' dir='ltr'><strong>Geneein,</strong></span> <span class='ocrx_word' id='word_1_448' title='bbox 1160 3681 1356 3728; x_wconf 89' lang='lat' dir='ltr'><strong>cuncta</strong></span> <span class='ocrx_word' id='word_1_449' title='bbox 1379 3687 1499 3743; x_wconf 63' lang='lat' dir='ltr'><strong>quae</strong></span> <span class='ocrx_word' id='word_1_450' title='bbox 1512 3672 1619 3729; x_wconf 93' lang='lat' dir='ltr'><strong>illic</strong></span> <span class='ocrx_word' id='word_1_451' title='bbox 1635 3688 2150 3742; x_wconf 88' lang='lat' dir='ltr'><strong>commemorantur,</strong></span> 
     </span>
    </p>
   </div>
   <div class='ocr_carea' id='block_1_56' title="bbox 585 3759 2151 3837">
    <p class='ocr_par' dir='ltr' id='par_1_56' title="bbox 585 3759 2151 3837">
     <span class='ocr_line' id='line_1_56' title="bbox 585 3759 2151 3837; baseline 0.006 -26"><span class='ocrx_word' id='word_1_452' title='bbox 585 3759 775 3815; x_wconf 88' lang='lat' dir='ltr'><strong>ordine</strong></span> <span class='ocrx_word' id='word_1_453' title='bbox 790 3760 1084 3829; x_wconf 83' lang='lat' dir='ltr'><strong>explanans</strong></span> <span class='ocrx_word' id='word_1_454' title='bbox 1115 3777 1284 3831; x_wconf 89' lang='lat' dir='ltr'><strong>:quos</strong></span> <span class='ocrx_word' id='word_1_455' title='bbox 1310 3762 1477 3818; x_wconf 91' lang='lat' dir='ltr'><strong>libros</strong></span> <span class='ocrx_word' id='word_1_456' title='bbox 1501 3780 1775 3818; x_wconf 81' lang='lat' dir='ltr'><strong>sacrarum</strong></span> <span class='ocrx_word' id='word_1_457' title='bbox 1810 3765 1982 3837; x_wconf 80' lang='lat' dir='ltr'><strong>legum</strong></span> <span class='ocrx_word' id='word_1_458' title='bbox 2008 3766 2151 3821; x_wconf 78' lang='grc' dir='ltr'>Αιιε-</span> 
     </span>
    </p>
   </div>
   <div class='ocr_carea' id='block_1_57' title="bbox 586 3848 2151 3925">
    <p class='ocr_par' dir='ltr' id='par_1_57' title="bbox 586 3848 2151 3925">
     <span class='ocr_line' id='line_1_57' title="bbox 586 3848 2151 3925; baseline 0.007 -24"><span class='ocrx_word' id='word_1_459' title='bbox 586 3850 789 3916; x_wconf 84' lang='lat' dir='ltr'><strong>gariam</strong></span> <span class='ocrx_word' id='word_1_460' title='bbox 830 3848 1125 3921; x_wconf 91' lang='lat' dir='ltr'><strong>inscripsit.</strong></span> <span class='ocrx_word' id='word_1_461' title='bbox 1161 3851 1357 3907; x_wconf 88' lang='lat' dir='ltr'><strong>Deinde</strong></span> <span class='ocrx_word' id='word_1_462' title='bbox 1375 3867 1504 3908; x_wconf 92' lang='lat' dir='ltr'><strong>vero</strong></span> <span class='ocrx_word' id='word_1_463' title='bbox 1524 3856 1696 3924; x_wconf 85' lang='lat' dir='ltr'><strong>capita</strong></span> <span class='ocrx_word' id='word_1_464' title='bbox 1722 3857 1964 3925; x_wconf 86' lang='lat' dir='ltr'><strong>quaedam</strong></span> <span class='ocrx_word' id='word_1_465' title='bbox 1980 3871 2151 3912; x_wconf 62' lang='lat' dir='ltr'><strong>sacrae</strong></span> 
     </span>
    </p>
   </div>
   <div class='ocr_carea' id='block_1_58' title="bbox 587 3937 2146 4015">
    <p class='ocr_par' dir='ltr' id='par_1_58' title="bbox 587 3937 2146 4015">
     <span class='ocr_line' id='line_1_58' title="bbox 587 3937 2146 4015; baseline 0.006 -23"><span class='ocrx_word' id='word_1_466' title='bbox 587 3937 883 4009; x_wconf 66' lang='lat' dir='ltr'><strong>Scriptura:</strong></span> <span class='ocrx_word' id='word_1_467' title='bbox 913 3956 1036 4010; x_wconf 87' lang='lat' dir='ltr'><strong>quae</strong></span> <span class='ocrx_word' id='word_1_468' title='bbox 1089 3944 1456 4002; x_wconf 77' lang='lat' dir='ltr'><strong>dillicultatem</strong></span> <span class='ocrx_word' id='word_1_469' title='bbox 1488 3946 1690 4003; x_wconf 87' lang='lat' dir='ltr'><strong>habere</strong></span> <span class='ocrx_word' id='word_1_470' title='bbox 1718 3949 1995 4015; x_wconf 89' lang='lat' dir='ltr'><strong>videntur,</strong></span> <span class='ocrx_word' id='word_1_471' title='bbox 2030 3949 2146 4004; x_wconf 86' lang='lat' dir='ltr'><strong>sin-</strong></span> 
     </span>
    </p>
   </div>
   <div class='ocr_carea' id='block_1_59' title="bbox 584 4033 2147 4110">
    <p class='ocr_par' dir='ltr' id='par_1_59' title="bbox 584 4033 2147 4110">
     <span class='ocr_line' id='line_1_59' title="bbox 584 4033 2147 4110; baseline 0.008 -26"><span class='ocrx_word' id='word_1_472' title='bbox 584 4033 814 4102; x_wconf 78' lang='lat' dir='ltr'><strong>gillatim</strong></span> <span class='ocrx_word' id='word_1_473' title='bbox 838 4036 1110 4103; x_wconf 84' lang='lat' dir='ltr'><strong>exposuit,</strong></span> <span class='ocrx_word' id='word_1_474' title='bbox 1157 4037 1489 4106; x_wconf 87' lang='lat' dir='ltr'><strong>objectiones</strong></span> <span class='ocrx_word' id='word_1_475' title='bbox 1521 4054 1820 4110; x_wconf 78' lang='lat' dir='ltr'><strong>earumque</strong></span> <span class='ocrx_word' id='word_1_476' title='bbox 1851 4042 2147 4097; x_wconf 82' lang='lat' dir='ltr'><strong>solutiones</strong></span> 
     </span>
    </p>
   </div>
   <div class='ocr_carea' id='block_1_60' title="bbox 584 4125 2144 4195">
    <p class='ocr_par' dir='ltr' id='par_1_60' title="bbox 584 4125 2144 4195">
     <span class='ocr_line' id='line_1_60' title="bbox 584 4125 2144 4195; baseline 0.008 -22"><span class='ocrx_word' id='word_1_477' title='bbox 584 4136 877 4191; x_wconf 86' lang='lat' dir='ltr'><strong>apponens.</strong></span> <span class='ocrx_word' id='word_1_478' title='bbox 908 4125 1054 4190; x_wconf 85' lang='lat' dir='ltr'><strong>Quos</strong></span> <span class='ocrx_word' id='word_1_479' title='bbox 1092 4128 1347 4182; x_wconf 90' lang='lat' dir='ltr'><strong>similiter</strong></span> <span class='ocrx_word' id='word_1_480' title='bbox 1376 4129 1541 4183; x_wconf 86' lang='lat' dir='ltr'><strong>libros</strong></span> <span class='ocrx_word' id='word_1_481' title='bbox 1566 4128 1929 4195; x_wconf 67' lang='lat' dir='ltr'><strong>Quaestionum</strong></span> <span class='ocrx_word' id='word_1_482' title='bbox 1953 4148 2013 4185; x_wconf 87' lang='lat' dir='ltr'><strong>ac</strong></span> <span class='ocrx_word' id='word_1_483' title='bbox 2038 4130 2144 4186; x_wconf 88' lang='lat' dir='ltr'><strong>So-</strong></span> 
     </span>
    </p>
   </div>
   <div class='ocr_carea' id='block_1_61' title="bbox 583 4212 2139 4289">
    <p class='ocr_par' dir='ltr' id='par_1_61' title="bbox 583 4212 2139 4289">
     <span class='ocr_line' id='line_1_61' title="bbox 583 4212 2139 4289; baseline 0.009 -25"><span class='ocrx_word' id='word_1_484' title='bbox 583 4213 842 4267; x_wconf 85' lang='lat' dir='ltr'><strong>lutiomtnt</strong></span> <span class='ocrx_word' id='word_1_485' title='bbox 879 4216 933 4269; x_wconf 84' lang='lat' dir='ltr'><strong>in</strong></span> <span class='ocrx_word' id='word_1_486' title='bbox 961 4212 1181 4269; x_wconf 68' lang='grc' dir='ltr'>δεηθείη</span> <span class='ocrx_word' id='word_1_487' title='bbox 1202 4220 1323 4270; x_wconf 79' lang='lat' dir='ltr'><strong>etin</strong></span> <span class='ocrx_word' id='word_1_488' title='bbox 1344 4217 1590 4271; x_wconf 67' lang='lat' dir='ltr'><strong>Exedunt</strong></span> <span class='ocrx_word' id='word_1_489' title='bbox 1620 4219 1773 4275; x_wconf 90' lang='lat' dir='ltr'><strong>titulo</strong></span> <span class='ocrx_word' id='word_1_490' title='bbox 1805 4223 2139 4289; x_wconf 71' lang='lat' dir='ltr'><strong>prtenotavit.</strong></span> 
     </span>
    </p>
   </div>
   <div class='ocr_carea' id='block_1_62' title="bbox 587 4301 2142 4377">
    <p class='ocr_par' dir='ltr' id='par_1_62' title="bbox 587 4301 2142 4377">
     <span class='ocr_line' id='line_1_62' title="bbox 587 4301 2142 4377; baseline 0.006 -22"><span class='ocrx_word' id='word_1_491' title='bbox 587 4301 728 4357; x_wconf 87' lang='lat' dir='ltr'><strong>Sunt</strong></span> <span class='ocrx_word' id='word_1_492' title='bbox 758 4313 1023 4374; x_wconf 86' lang='lat' dir='ltr'><strong>praeterea</strong></span> <span class='ocrx_word' id='word_1_493' title='bbox 1045 4308 1110 4358; x_wconf 91' lang='lat' dir='ltr'><strong>alt</strong></span> <span class='ocrx_word' id='word_1_494' title='bbox 1140 4306 1327 4360; x_wconf 89' lang='lat' dir='ltr'><strong>eodem</strong></span> <span class='ocrx_word' id='word_1_495' title='bbox 1358 4321 1602 4362; x_wconf 90' lang='lat' dir='ltr'><strong>seorsum</strong></span> <span class='ocrx_word' id='word_1_496' title='bbox 1625 4310 1917 4377; x_wconf 89' lang='lat' dir='ltr'><strong>conscripti</strong></span> <span class='ocrx_word' id='word_1_497' title='bbox 1955 4310 2021 4365; x_wconf 92' lang='lat' dir='ltr'><strong>de</strong></span> <span class='ocrx_word' id='word_1_498' title='bbox 2057 4309 2142 4364; x_wconf 85' lang='lat' dir='ltr'><strong>di-</strong></span> 
     </span>
    </p>
   </div>
   <div class='ocr_carea' id='block_1_63' title="bbox 2770 3025 3301 3081">
    <p class='ocr_par' dir='ltr' id='par_1_63' title="bbox 2770 3025 3301 3081">
     <span class='ocr_line' id='line_1_63' title="bbox 2770 3025 3301 3081; baseline -0.006 0"><span class='ocrx_word' id='word_1_499' title='bbox 2770 3025 3165 3081; x_wconf 81' lang='grc' dir='ltr'><strong>ΚΕΦΑΛΑΙΟΝ</strong></span> <span class='ocrx_word' id='word_1_500' title='bbox 3191 3025 3301 3079; x_wconf 81' lang='lat' dir='ltr'><strong>IH&#39;.</strong></span> 
     </span>
    </p>
   </div>
   <div class='ocr_carea' id='block_1_64' title="bbox 2297 3112 3807 3186">
    <p class='ocr_par' dir='ltr' id='par_1_64' title="bbox 2297 3112 3807 3186">
     <span class='ocr_line' id='line_1_64' title="bbox 2297 3112 3807 3186; baseline -0.007 -8"><span class='ocrx_word' id='word_1_501' title='bbox 2297 3124 2452 3177; x_wconf 83' lang='grc' dir='ltr'>Ὀσα</span> <span class='ocrx_word' id='word_1_502' title='bbox 2502 3121 2607 3176; x_wconf 86' lang='grc' dir='ltr'>τοῦ</span> <span class='ocrx_word' id='word_1_503' title='bbox 2662 3121 2927 3185; x_wconf 77' lang='grc' dir='ltr'>Φίλωνος</span> <span class='ocrx_word' id='word_1_504' title='bbox 2981 3120 3070 3185; x_wconf 82' lang='grc' dir='ltr'>εὶς</span> <span class='ocrx_word' id='word_1_505' title='bbox 3117 3114 3274 3186; x_wconf 73' lang='grc' dir='ltr'>ἡμᾶς</span> <span class='ocrx_word' id='word_1_506' title='bbox 3321 3112 3601 3186; x_wconf 57' lang='grc' dir='ltr'>περιῆᾅθε</span> <span class='ocrx_word' id='word_1_507' title='bbox 3643 3127 3807 3184; x_wconf 51' lang='grc' dir='ltr'><strong>συγ</strong></span> 
     </span>
    </p>
   </div>
   <div class='ocr_carea' id='block_1_65' title="bbox 2537 3184 3575 3261">
    <p class='ocr_par' dir='ltr' id='par_1_65' title="bbox 2537 3184 3575 3261">
     <span class='ocr_line' id='line_1_65' title="bbox 2537 3184 3575 3261; baseline -0.009 -15"><span class='ocrx_word' id='word_1_508' title='bbox 2537 3191 2844 3261; x_wconf 49' lang='grc' dir='ltr'>’,γράμματα</span> <span class='ocrx_word' id='word_1_509' title='bbox 2871 3184 3018 3259; x_wconf 66' lang='grc' dir='ltr'><strong>(ΜΟ.</strong></span> <span class='ocrx_word' id='word_1_510' title='bbox 3048 3184 3122 3241; x_wconf 81' lang='grc' dir='ltr'><strong>Η.</strong></span> <span class='ocrx_word' id='word_1_511' title='bbox 3255 3202 3316 3250; x_wconf 81' lang='grc' dir='ltr'><strong>ιι,</strong></span> <span class='ocrx_word' id='word_1_512' title='bbox 3345 3186 3432 3250; x_wconf 81' lang='lat' dir='ltr'><strong>l7,</strong></span> <span class='ocrx_word' id='word_1_513' title='bbox 3468 3184 3575 3252; x_wconf 82' lang='grc'><strong>18).</strong></span> 
     </span>
    </p>
   </div>
   <div class='ocr_carea' id='block_1_66' title="bbox 2329 3293 3837 3374">
    <p class='ocr_par' dir='ltr' id='par_1_66' title="bbox 2329 3293 3837 3374">
     <span class='ocr_line' id='line_1_66' title="bbox 2329 3293 3837 3374; baseline -0.007 -16"><span class='ocrx_word' id='word_1_514' title='bbox 2329 3303 2500 3368; x_wconf 90' lang='grc' dir='ltr'>Πολύς</span> <span class='ocrx_word' id='word_1_515' title='bbox 2548 3319 2612 3371; x_wconf 85' lang='grc' dir='ltr'><strong>γε</strong></span> <span class='ocrx_word' id='word_1_516' title='bbox 2659 3300 2765 3374; x_wconf 79' lang='grc' dir='ltr'>μὴν</span> <span class='ocrx_word' id='word_1_517' title='bbox 2807 3300 2885 3373; x_wconf 83' lang='grc' dir='ltr'><strong>τῷ</strong></span> <span class='ocrx_word' id='word_1_518' title='bbox 2941 3299 3104 3370; x_wconf 88' lang='grc' dir='ltr'>λόγῳ,</span> <span class='ocrx_word' id='word_1_519' title='bbox 3150 3296 3245 3352; x_wconf 74' lang='grc' dir='ltr'>καὶ</span> <span class='ocrx_word' id='word_1_520' title='bbox 3298 3294 3501 3359; x_wconf 73' lang='grc' dir='ltr'>πλατὺς</span> <span class='ocrx_word' id='word_1_521' title='bbox 3546 3296 3667 3358; x_wconf 84' lang='grc' dir='ltr'>ταῖς</span> <span class='ocrx_word' id='word_1_522' title='bbox 3712 3293 3837 3348; x_wconf 81' lang='grc' dir='ltr'>δια-</span> 
     </span>
    </p>
   </div>
   <div class='ocr_carea' id='block_1_67' title="bbox 2257 3387 3835 3471">
    <p class='ocr_par' dir='ltr' id='par_1_67' title="bbox 2257 3387 3835 3471">
     <span class='ocr_line' id='line_1_67' title="bbox 2257 3387 3835 3471; baseline -0.008 -18"><span class='ocrx_word' id='word_1_523' title='bbox 2257 3400 2427 3462; x_wconf 88' lang='grc' dir='ltr'>νοίαις</span> <span class='ocrx_word' id='word_1_524' title='bbox 2461 3395 2592 3471; x_wconf 73' lang='lat'><strong>(70),</strong></span> <span class='ocrx_word' id='word_1_525' title='bbox 2630 3394 2829 3467; x_wconf 57' lang='grc' dir='ltr'>ὑψηλός</span> <span class='ocrx_word' id='word_1_526' title='bbox 2864 3411 2923 3446; x_wconf 90' lang='grc' dir='ltr'><strong>τε</strong></span> <span class='ocrx_word' id='word_1_527' title='bbox 2961 3392 3055 3447; x_wconf 76' lang='grc' dir='ltr'>καὶ</span> <span class='ocrx_word' id='word_1_528' title='bbox 3097 3391 3365 3463; x_wconf 85' lang='grc' dir='ltr'>μετέωρος</span> <span class='ocrx_word' id='word_1_529' title='bbox 3397 3390 3453 3442; x_wconf 82' lang='grc' dir='ltr'>ὲν</span> <span class='ocrx_word' id='word_1_530' title='bbox 3477 3390 3595 3453; x_wconf 88' lang='grc' dir='ltr'>ταῖς</span> <span class='ocrx_word' id='word_1_531' title='bbox 3617 3389 3698 3451; x_wconf 85' lang='grc' dir='ltr'><strong>είς</strong></span> <span class='ocrx_word' id='word_1_532' title='bbox 3728 3387 3835 3452; x_wconf 82' lang='grc' dir='ltr'>τὰς</span> 
     </span>
    </p>
   </div>
   <div class='ocr_carea' id='block_1_68' title="bbox 2258 3477 3834 3559">
    <p class='ocr_par' dir='ltr' id='par_1_68' title="bbox 2258 3477 3834 3559">
     <span class='ocr_line' id='line_1_68' title="bbox 2258 3477 3834 3559; baseline -0.004 -18"><span class='ocrx_word' id='word_1_533' title='bbox 2258 3488 2410 3552; x_wconf 80' lang='grc' dir='ltr'>θείας</span> <span class='ocrx_word' id='word_1_534' title='bbox 2457 3485 2679 3559; x_wconf 79' lang='grc' dir='ltr'>Γραφὰς</span> <span class='ocrx_word' id='word_1_535' title='bbox 2724 3483 2978 3555; x_wconf 86' lang='grc' dir='ltr'>θεωρίαις</span> <span class='ocrx_word' id='word_1_536' title='bbox 3011 3480 3393 3552; x_wconf 79' lang='grc' dir='ltr'>γεγενημένος,</span> <span class='ocrx_word' id='word_1_537' title='bbox 3433 3477 3682 3550; x_wconf 84' lang='grc' dir='ltr'>ποικίλην</span> <span class='ocrx_word' id='word_1_538' title='bbox 3732 3479 3834 3534; x_wconf 75' lang='grc' dir='ltr'>καὶ</span> 
     </span>
    </p>
   </div>
   <div class='ocr_carea' id='block_1_69' title="bbox 2258 3570 3833 3651">
    <p class='ocr_par' dir='ltr' id='par_1_69' title="bbox 2258 3570 3833 3651">
     <span class='ocr_line' id='line_1_69' title="bbox 2258 3570 3833 3651; baseline -0.009 -17"><span class='ocrx_word' id='word_1_539' title='bbox 2258 3579 2587 3651; x_wconf 85' lang='grc' dir='ltr'>πολύτροπον</span> <span class='ocrx_word' id='word_1_540' title='bbox 2627 3576 2738 3631; x_wconf 83' lang='grc' dir='ltr'>τῶν</span> <span class='ocrx_word' id='word_1_541' title='bbox 2775 3574 2931 3647; x_wconf 86' lang='grc' dir='ltr'>ἱερῶν</span> <span class='ocrx_word' id='word_1_542' title='bbox 2962 3574 3131 3644; x_wconf 82' lang='grc' dir='ltr'>λόγων</span> <span class='ocrx_word' id='word_1_543' title='bbox 3161 3572 3449 3644; x_wconf 88' lang='grc' dir='ltr'>πεποίηται</span> <span class='ocrx_word' id='word_1_544' title='bbox 3481 3570 3577 3641; x_wconf 84' lang='grc' dir='ltr'><strong>τὴν</strong></span> <span class='ocrx_word' id='word_1_545' title='bbox 3610 3571 3833 3645; x_wconf 75' lang='grc' dir='ltr'>ὑφήγη-</span> 
     </span>
    </p>
   </div>
   <div class='ocr_carea' id='block_1_70' title="bbox 2255 3662 3833 3743">
    <p class='ocr_par' dir='ltr' id='par_1_70' title="bbox 2255 3662 3833 3743">
     <span class='ocr_line' id='line_1_70' title="bbox 2255 3662 3833 3743; baseline -0.006 -18"><span class='ocrx_word' id='word_1_546' title='bbox 2255 3688 2361 3725; x_wconf 77' lang='grc' dir='ltr'>σιν’</span> <span class='ocrx_word' id='word_1_547' title='bbox 2389 3670 2545 3724; x_wconf 81' lang='grc' dir='ltr'>τοῦτο</span> <span class='ocrx_word' id='word_1_548' title='bbox 2573 3669 2671 3743; x_wconf 79' lang='grc' dir='ltr'><strong>μὲν</strong></span> <span class='ocrx_word' id='word_1_549' title='bbox 2703 3668 2879 3740; x_wconf 88' lang='grc' dir='ltr'>εἱρμῷ</span> <span class='ocrx_word' id='word_1_550' title='bbox 2903 3668 2997 3720; x_wconf 70' lang='grc' dir='ltr'><strong>καὶ</strong></span> <span class='ocrx_word' id='word_1_551' title='bbox 3014 3665 3320 3737; x_wconf 76' lang='grc' dir='ltr'>ἀκολουθίᾳ,</span> <span class='ocrx_word' id='word_1_552' title='bbox 3352 3664 3449 3735; x_wconf 83' lang='grc' dir='ltr'>τὴν</span> <span class='ocrx_word' id='word_1_553' title='bbox 3466 3663 3575 3716; x_wconf 84' lang='grc' dir='ltr'><strong>τῶν</strong></span> <span class='ocrx_word' id='word_1_554' title='bbox 3597 3665 3687 3729; x_wconf 85' lang='grc' dir='ltr'>εὶς</span> <span class='ocrx_word' id='word_1_555' title='bbox 3708 3662 3833 3732; x_wconf 80' lang='grc' dir='ltr'>τὴν</span> 
     </span>
    </p>
   </div>
   <div class='ocr_carea' id='block_1_71' title="bbox 2252 3748 3832 3827">
    <p class='ocr_par' dir='ltr' id='par_1_71' title="bbox 2252 3748 3832 3827">
     <span class='ocr_line' id='line_1_71' title="bbox 2252 3748 3832 3827; baseline -0.006 -10"><span class='ocrx_word' id='word_1_556' title='bbox 2252 3762 2506 3816; x_wconf 78' lang='grc' dir='ltr'>Γένεσιν</span> <span class='ocrx_word' id='word_1_557' title='bbox 2524 3757 2803 3826; x_wconf 81' lang='grc' dir='ltr'>διεξελθὼν</span> <span class='ocrx_word' id='word_1_558' title='bbox 2822 3756 3242 3827; x_wconf 76' lang='grc' dir='ltr'>πραγματείαν,</span> <span class='ocrx_word' id='word_1_559' title='bbox 3260 3754 3316 3806; x_wconf 85' lang='grc' dir='ltr'>ὲν</span> <span class='ocrx_word' id='word_1_560' title='bbox 3331 3748 3410 3817; x_wconf 74' lang='grc' dir='ltr'>οἷς</span> <span class='ocrx_word' id='word_1_561' title='bbox 3427 3753 3701 3825; x_wconf 81' lang='grc' dir='ltr'>ἐπέγραψε</span> <span class='ocrx_word' id='word_1_562' title='bbox 3722 3754 3832 3808; x_wconf 81' lang='grc' dir='ltr'>νό-</span> 
     </span>
    </p>
   </div>
   <div class='ocr_carea' id='block_1_72' title="bbox 2245 3841 3830 3922">
    <p class='ocr_par' dir='ltr' id='par_1_72' title="bbox 2245 3841 3830 3922">
     <span class='ocr_line' id='line_1_72' title="bbox 2245 3841 3830 3922; baseline -0.012 -17"><span class='ocrx_word' id='word_1_563' title='bbox 2245 3869 2376 3922; x_wconf 81' lang='grc' dir='ltr'><strong>μων</strong></span> <span class='ocrx_word' id='word_1_564' title='bbox 2402 3846 2572 3920; x_wconf 82' lang='grc' dir='ltr'>ιερῶν</span> <span class='ocrx_word' id='word_1_565' title='bbox 2589 3843 3018 3917; x_wconf 76' lang='grc' dir='ltr'>Ἀλληγορίαις,</span> <span class='ocrx_word' id='word_1_566' title='bbox 3033 3843 3191 3899; x_wconf 82' lang='grc' dir='ltr'>τοῦτο</span> <span class='ocrx_word' id='word_1_567' title='bbox 3223 3843 3300 3908; x_wconf 83' lang='grc' dir='ltr'><strong>δὲ,</strong></span> <span class='ocrx_word' id='word_1_568' title='bbox 3331 3841 3468 3896; x_wconf 79' lang='grc' dir='ltr'>κατὰ</span> <span class='ocrx_word' id='word_1_569' title='bbox 3505 3843 3668 3915; x_wconf 84' lang='grc' dir='ltr'>μέρος</span> <span class='ocrx_word' id='word_1_570' title='bbox 3707 3843 3830 3898; x_wconf 82' lang='grc' dir='ltr'>δια-</span> 
     </span>
    </p>
   </div>
   <div class='ocr_carea' id='block_1_73' title="bbox 2252 3934 3829 4011">
    <p class='ocr_par' dir='ltr' id='par_1_73' title="bbox 2252 3934 3829 4011">
     <span class='ocr_line' id='line_1_73' title="bbox 2252 3934 3829 4011; baseline -0.006 -13"><span class='ocrx_word' id='word_1_571' title='bbox 2252 3941 2440 4004; x_wconf 83' lang='grc' dir='ltr'>στολὰς</span> <span class='ocrx_word' id='word_1_572' title='bbox 2482 3939 2789 4011; x_wconf 79' lang='grc' dir='ltr'>κεφαλαίων</span> <span class='ocrx_word' id='word_1_573' title='bbox 2848 3938 2955 3993; x_wconf 83' lang='grc' dir='ltr'>τῶν</span> <span class='ocrx_word' id='word_1_574' title='bbox 3007 3938 3064 3990; x_wconf 78' lang='grc' dir='ltr'>ἐν</span> <span class='ocrx_word' id='word_1_575' title='bbox 3101 3938 3219 3999; x_wconf 91' lang='grc' dir='ltr'>ταῖς</span> <span class='ocrx_word' id='word_1_576' title='bbox 3273 3935 3515 4005; x_wconf 82' lang='grc' dir='ltr'>Γραφαῖς</span> <span class='ocrx_word' id='word_1_577' title='bbox 3543 3934 3829 4006; x_wconf 66' lang='grc' dir='ltr'>ζητουμέ-</span> 
     </span>
    </p>
   </div>
   <div class='ocr_carea' id='block_1_74' title="bbox 2247 4026 3828 4099">
    <p class='ocr_par' dir='ltr' id='par_1_74' title="bbox 2247 4026 3828 4099">
     <span class='ocr_line' id='line_1_74' title="bbox 2247 4026 3828 4099; baseline -0.005 -10"><span class='ocrx_word' id='word_1_578' title='bbox 2247 4052 2373 4099; x_wconf 90' lang='grc' dir='ltr'>νων,</span> <span class='ocrx_word' id='word_1_579' title='bbox 2441 4033 2754 4096; x_wconf 75' lang='grc' dir='ltr'>ἐπιστάσεις</span> <span class='ocrx_word' id='word_1_580' title='bbox 2803 4048 2863 4084; x_wconf 89' lang='grc' dir='ltr'><strong>τε</strong></span> <span class='ocrx_word' id='word_1_581' title='bbox 2908 4029 3003 4083; x_wconf 76' lang='grc' dir='ltr'><strong>καὶ</strong></span> <span class='ocrx_word' id='word_1_582' title='bbox 3048 4026 3319 4091; x_wconf 86' lang='grc' dir='ltr'>διαλύσεις</span> <span class='ocrx_word' id='word_1_583' title='bbox 3382 4026 3699 4098; x_wconf 86' lang='grc' dir='ltr'>ποιούμενος</span> <span class='ocrx_word' id='word_1_584' title='bbox 3767 4030 3828 4081; x_wconf 80' lang='grc' dir='ltr'>ἐν</span> 
     </span>
    </p>
   </div>
   <div class='ocr_carea' id='block_1_75' title="bbox 2244 4118 3827 4193">
    <p class='ocr_par' dir='ltr' id='par_1_75' title="bbox 2244 4118 3827 4193">
     <span class='ocr_line' id='line_1_75' title="bbox 2244 4118 3827 4193; baseline -0.005 -11"><span class='ocrx_word' id='word_1_585' title='bbox 2244 4122 2324 4192; x_wconf 75' lang='grc' dir='ltr'>οἷς</span> <span class='ocrx_word' id='word_1_586' title='bbox 2360 4127 2454 4180; x_wconf 76' lang='grc' dir='ltr'>καὶ</span> <span class='ocrx_word' id='word_1_587' title='bbox 2520 4126 2701 4189; x_wconf 82' lang='grc' dir='ltr'>αὐτοῖς</span> <span class='ocrx_word' id='word_1_588' title='bbox 2757 4121 3103 4193; x_wconf 70' lang='grc' dir='ltr'>καταλλήλως</span> <span class='ocrx_word' id='word_1_589' title='bbox 3147 4118 3279 4186; x_wconf 73' lang='grc' dir='ltr'>τῶν,</span> <span class='ocrx_word' id='word_1_590' title='bbox 3301 4119 3371 4172; x_wconf 84' lang='grc' dir='ltr'>ἐν</span> <span class='ocrx_word' id='word_1_591' title='bbox 3417 4120 3662 4174; x_wconf 83' lang='grc' dir='ltr'>Γενέσει</span> <span class='ocrx_word' id='word_1_592' title='bbox 3722 4121 3827 4175; x_wconf 72' lang='grc' dir='ltr'>καὶ</span> 
     </span>
    </p>
   </div>
   <div class='ocr_carea' id='block_1_76' title="bbox 2244 4210 3828 4284">
    <p class='ocr_par' dir='ltr' id='par_1_76' title="bbox 2244 4210 3828 4284">
     <span class='ocr_line' id='line_1_76' title="bbox 2244 4210 3828 4284; baseline -0.006 -10"><span class='ocrx_word' id='word_1_593' title='bbox 2244 4218 2362 4274; x_wconf 84' lang='grc' dir='ltr'>τῶν</span> <span class='ocrx_word' id='word_1_594' title='bbox 2398 4218 2469 4271; x_wconf 80' lang='grc' dir='ltr'>ἐν</span> <span class='ocrx_word' id='word_1_595' title='bbox 2522 4212 2816 4284; x_wconf 76' lang='grc' dir='ltr'>Ἐξαγωγῇ</span> <span class='ocrx_word' id='word_1_596' title='bbox 2867 4210 3208 4281; x_wconf 82' lang='grc' dir='ltr'>ζητημάτων</span> <span class='ocrx_word' id='word_1_597' title='bbox 3258 4226 3324 4264; x_wconf 81' lang='grc' dir='ltr'><strong>τε</strong></span> <span class='ocrx_word' id='word_1_598' title='bbox 3352 4210 3451 4264; x_wconf 78' lang='grc' dir='ltr'>καὶ</span> <span class='ocrx_word' id='word_1_599' title='bbox 3484 4212 3722 4265; x_wconf 76' lang='grc' dir='ltr'>λύσεων</span> <span class='ocrx_word' id='word_1_600' title='bbox 3742 4226 3828 4265; x_wconf 87' lang='grc' dir='ltr'>τε-</span> 
     </span>
    </p>
   </div>
   <div class='ocr_carea' id='block_1_77' title="bbox 2251 4301 3822 4381">
    <p class='ocr_par' dir='ltr' id='par_1_77' title="bbox 2251 4301 3822 4381">
     <span class='ocr_line' id='line_1_77' title="bbox 2251 4301 3822 4381; baseline -0.004 -17"><span class='ocrx_word' id='word_1_601' title='bbox 2251 4310 2425 4365; x_wconf 81' lang='grc' dir='ltr'>θειται</span> <span class='ocrx_word' id='word_1_602' title='bbox 2470 4309 2570 4381; x_wconf 79' lang='grc' dir='ltr'>τὴν</span> <span class='ocrx_word' id='word_1_603' title='bbox 2609 4305 2940 4377; x_wconf 77' lang='grc' dir='ltr'>ἐπιγραφήν.</span> <span class='ocrx_word' id='word_1_604' title='bbox 2966 4304 3121 4356; x_wconf 87' lang='grc' dir='ltr'>Ἔστι</span> <span class='ocrx_word' id='word_1_605' title='bbox 3159 4302 3205 4355; x_wconf 74' lang='grc' dir='ltr'>δ’</span> <span class='ocrx_word' id='word_1_606' title='bbox 3237 4302 3383 4373; x_wconf 76' lang='grc' dir='ltr'>αὐτῷ</span> <span class='ocrx_word' id='word_1_607' title='bbox 3433 4301 3584 4374; x_wconf 80' lang='grc' dir='ltr'>παρὰ</span> <span class='ocrx_word' id='word_1_608' title='bbox 3623 4301 3822 4369; x_wconf 81' lang='grc' dir='ltr'>ταῦτα,</span> 
     </span>
    </p>
   </div>
   <div class='ocr_carea' id='block_1_78' title="bbox 582 4383 2150 4475">
    <p class='ocr_par' dir='ltr' id='par_1_78' title="bbox 582 4395 2141 4472">
     <span class='ocr_line' id='line_1_78' title="bbox 582 4395 2141 4472; baseline 0.007 -27"><span class='ocrx_word' id='word_1_609' title='bbox 582 4395 757 4450; x_wconf 81' lang='lat' dir='ltr'><strong>versis</strong></span> <span class='ocrx_word' id='word_1_610' title='bbox 776 4399 1108 4465; x_wconf 87' lang='lat' dir='ltr'><strong>argumentis</strong></span> <span class='ocrx_word' id='word_1_611' title='bbox 1135 4407 1395 4455; x_wconf 86' lang='lat' dir='ltr'><strong>tractatus</strong></span> <span class='ocrx_word' id='word_1_612' title='bbox 1425 4416 1441 4452; x_wconf 91' lang='lat'><strong>:</strong></span> <span class='ocrx_word' id='word_1_613' title='bbox 1488 4400 1636 4456; x_wconf 86' lang='lat' dir='ltr'><strong>verbi</strong></span> <span class='ocrx_word' id='word_1_614' title='bbox 1666 4402 1860 4471; x_wconf 84' lang='lat' dir='ltr'><strong>gratia,</strong></span> <span class='ocrx_word' id='word_1_615' title='bbox 1898 4401 1971 4454; x_wconf 86' lang='lat' dir='ltr'><strong>De</strong></span> <span class='ocrx_word' id='word_1_616' title='bbox 2000 4404 2141 4472; x_wconf 83' lang='lat' dir='ltr'><strong>agri-</strong></span> 
     </span>
    </p>
   </div>
   <div class='ocr_carea' id='block_1_79' title="bbox 2255 4383 3818 4475">
    <p class='ocr_par' dir='ltr' id='par_1_79' title="bbox 2255 4394 3818 4475">
     <span class='ocr_line' id='line_1_79' title="bbox 2255 4394 3818 4475; baseline -0.004 -18"><span class='ocrx_word' id='word_1_617' title='bbox 2255 4402 2646 4475; x_wconf 83' lang='grc' dir='ltr'>προϐλημάτων</span> <span class='ocrx_word' id='word_1_618' title='bbox 2674 4396 2833 4451; x_wconf 83' lang='grc' dir='ltr'>τινῶν</span> <span class='ocrx_word' id='word_1_619' title='bbox 2859 4397 3001 4459; x_wconf 79' lang='grc' dir='ltr'>ἰδίως</span> <span class='ocrx_word' id='word_1_620' title='bbox 3024 4394 3371 4465; x_wconf 84' lang='grc' dir='ltr'>πεπονημένα</span> <span class='ocrx_word' id='word_1_621' title='bbox 3411 4394 3818 4466; x_wconf 75' lang='grc' dir='ltr'>σπουδάσματα.</span> 
     </span>
    </p>
   </div>
   <div class='ocr_carea' id='block_1_80' title="bbox 582 4488 2143 4561">
    <p class='ocr_par' dir='ltr' id='par_1_80' title="bbox 582 4488 2143 4561">
     <span class='ocr_line' id='line_1_80' title="bbox 582 4488 2143 4561; baseline 0.006 -22"><span class='ocrx_word' id='word_1_622' title='bbox 582 4488 790 4542; x_wconf 83' lang='lat' dir='ltr'><strong>cultura</strong></span> <span class='ocrx_word' id='word_1_623' title='bbox 816 4488 938 4542; x_wconf 82' lang='lat' dir='ltr'><strong>libri</strong></span> <span class='ocrx_word' id='word_1_624' title='bbox 969 4494 1096 4555; x_wconf 82' lang='lat' dir='ltr'><strong>duo,</strong></span> <span class='ocrx_word' id='word_1_625' title='bbox 1134 4491 1479 4560; x_wconf 87' lang='lat' dir='ltr'><strong>totidemque,</strong></span> <span class='ocrx_word' id='word_1_626' title='bbox 1507 4493 1581 4547; x_wconf 90' lang='lat' dir='ltr'><strong>De</strong></span> <span class='ocrx_word' id='word_1_627' title='bbox 1611 4495 1934 4561; x_wconf 81' lang='lat' dir='ltr'><strong>temulentia,</strong></span> <span class='ocrx_word' id='word_1_628' title='bbox 1962 4503 2015 4548; x_wconf 88' lang='lat' dir='ltr'><strong>et</strong></span> <span class='ocrx_word' id='word_1_629' title='bbox 2036 4494 2143 4549; x_wconf 86' lang='lat' dir='ltr'><strong>alia</strong></span> 
     </span>
    </p>
   </div>
   <div class='ocr_carea' id='block_1_81' title="bbox 582 4578 2144 4656">
    <p class='ocr_par' dir='ltr' id='par_1_81' title="bbox 582 4578 2144 4656">
     <span class='ocr_line' id='line_1_81' title="bbox 582 4578 2144 4656; baseline 0.006 -26"><span class='ocrx_word' id='word_1_630' title='bbox 582 4578 811 4648; x_wconf 79' lang='lat' dir='ltr'><strong>plurima</strong></span> <span class='ocrx_word' id='word_1_631' title='bbox 867 4580 1123 4649; x_wconf 88' lang='lat' dir='ltr'><strong>opuscula</strong></span> <span class='ocrx_word' id='word_1_632' title='bbox 1180 4582 1347 4638; x_wconf 90' lang='lat' dir='ltr'><strong>variis</strong></span> <span class='ocrx_word' id='word_1_633' title='bbox 1393 4598 1490 4652; x_wconf 86' lang='lat' dir='ltr'><strong>pro</strong></span> <span class='ocrx_word' id='word_1_634' title='bbox 1534 4585 1797 4656; x_wconf 88' lang='lat' dir='ltr'><strong>cujusque</strong></span> <span class='ocrx_word' id='word_1_635' title='bbox 1826 4595 2144 4654; x_wconf 79' lang='lat' dir='ltr'><strong>argumento</strong></span> 
     </span>
    </p>
   </div>
   <div class='ocr_carea' id='block_1_82' title="bbox 585 4669 2141 4747">
    <p class='ocr_par' dir='ltr' id='par_1_82' title="bbox 585 4669 2141 4747">
     <span class='ocr_line' id='line_1_82' title="bbox 585 4669 2141 4747; baseline 0.005 -24"><span class='ocrx_word' id='word_1_636' title='bbox 585 4669 759 4725; x_wconf 89' lang='lat' dir='ltr'><strong>titulis</strong></span> <span class='ocrx_word' id='word_1_637' title='bbox 785 4671 1058 4740; x_wconf 83' lang='lat' dir='ltr'><strong>insignita.</strong></span> <span class='ocrx_word' id='word_1_638' title='bbox 1089 4670 1235 4727; x_wconf 87' lang='lat' dir='ltr'><strong>Inter</strong></span> <span class='ocrx_word' id='word_1_639' title='bbox 1267 4688 1388 4742; x_wconf 74' lang='lat' dir='ltr'><strong>qua:</strong></span> <span class='ocrx_word' id='word_1_640' title='bbox 1422 4686 1503 4729; x_wconf 90' lang='lat' dir='ltr'><strong>est</strong></span> <span class='ocrx_word' id='word_1_641' title='bbox 1526 4676 1655 4730; x_wconf 90' lang='lat' dir='ltr'><strong>illud</strong></span> <span class='ocrx_word' id='word_1_642' title='bbox 1692 4678 1768 4731; x_wconf 82' lang='lat' dir='ltr'><strong>De</strong></span> <span class='ocrx_word' id='word_1_643' title='bbox 1813 4678 1966 4730; x_wconf 83' lang='lat' dir='ltr'><strong>rebus</strong></span> <span class='ocrx_word' id='word_1_644' title='bbox 2012 4692 2141 4747; x_wconf 77' lang='lat' dir='ltr'><strong>quas</strong></span> 
     </span>
    </p>
   </div>
   <div class='ocr_carea' id='block_1_83' title="bbox 584 4763 2141 4835">
    <p class='ocr_par' dir='ltr' id='par_1_83' title="bbox 584 4763 2141 4835">
     <span class='ocr_line' id='line_1_83' title="bbox 584 4763 2141 4835; baseline 0.005 -21"><span class='ocrx_word' id='word_1_645' title='bbox 584 4777 726 4815; x_wconf 84' lang='lat' dir='ltr'><strong>mem</strong></span> <span class='ocrx_word' id='word_1_646' title='bbox 750 4763 926 4816; x_wconf 77' lang='lat' dir='ltr'><strong>sobria</strong></span> <span class='ocrx_word' id='word_1_647' title='bbox 963 4774 1104 4833; x_wconf 79' lang='lat' dir='ltr'><strong>optat</strong></span> <span class='ocrx_word' id='word_1_648' title='bbox 1136 4775 1181 4818; x_wconf 83' lang='lat' dir='ltr'><strong>et</strong></span> <span class='ocrx_word' id='word_1_649' title='bbox 1211 4782 1340 4835; x_wconf 74' lang='lat' dir='ltr'><strong>quas</strong></span> <span class='ocrx_word' id='word_1_650' title='bbox 1387 4778 1709 4823; x_wconf 75' lang='lat' dir='ltr'><strong>exsecratur.</strong></span> <span class='ocrx_word' id='word_1_651' title='bbox 1749 4769 1876 4824; x_wconf 90' lang='lat' dir='ltr'><strong>ltetn</strong></span> <span class='ocrx_word' id='word_1_652' title='bbox 1910 4768 1984 4822; x_wconf 89' lang='lat' dir='ltr'><strong>De</strong></span> <span class='ocrx_word' id='word_1_653' title='bbox 2017 4784 2141 4822; x_wconf 83' lang='lat' dir='ltr'><strong>con-</strong></span> 
     </span>
    </p>
   </div>
   <div class='ocr_carea' id='block_1_84' title="bbox 579 4950 2144 5026">
    <p class='ocr_par' dir='ltr' id='par_1_84' title="bbox 579 4950 2144 5026">
     <span class='ocr_line' id='line_1_84' title="bbox 579 4950 2144 5026; baseline 0 -21"><span class='ocrx_word' id='word_1_654' title='bbox 579 4952 834 5026; x_wconf 77' lang='grc' dir='ltr'>πέμπτην</span> <span class='ocrx_word' id='word_1_655' title='bbox 862 4955 1228 5026; x_wconf 73' lang='grc' dir='ltr'>άγρυπνοῦσιν</span> <span class='ocrx_word' id='word_1_656' title='bbox 1259 4955 1674 5026; x_wconf 79' lang='grc' dir='ltr'>ὲπιφώσκουσαν</span> <span class='ocrx_word' id='word_1_657' title='bbox 1705 4956 1785 5026; x_wconf 83' lang='grc' dir='ltr'><strong>είς</strong></span> <span class='ocrx_word' id='word_1_658' title='bbox 1811 4953 1872 5007; x_wconf 81' lang='grc' dir='ltr'>τὸ</span> <span class='ocrx_word' id='word_1_659' title='bbox 1903 4950 2144 5026; x_wconf 80' lang='grc' dir='ltr'>προσάϐ-</span> 
     </span>
    </p>
   </div>
   <div class='ocr_carea' id='block_1_85' title="bbox 579 5022 2147 5096">
    <p class='ocr_par' dir='ltr' id='par_1_85' title="bbox 579 5022 2147 5096">
     <span class='ocr_line' id='line_1_85' title="bbox 579 5022 2147 5096; baseline 0.002 -23"><span class='ocrx_word' id='word_1_660' title='bbox 579 5023 766 5096; x_wconf 83' lang='grc' dir='ltr'>ϐατον,</span> <span class='ocrx_word' id='word_1_661' title='bbox 791 5022 884 5077; x_wconf 79' lang='grc' dir='ltr'>καὶ</span> <span class='ocrx_word' id='word_1_662' title='bbox 911 5022 1009 5096; x_wconf 71' lang='grc' dir='ltr'>τὴν</span> <span class='ocrx_word' id='word_1_663' title='bbox 1049 5026 1185 5096; x_wconf 81' lang='grc' dir='ltr'>μετὰ</span> <span class='ocrx_word' id='word_1_664' title='bbox 1219 5027 1281 5081; x_wconf 79' lang='grc' dir='ltr'><strong>τὸ</strong></span> <span class='ocrx_word' id='word_1_665' title='bbox 1312 5022 1577 5080; x_wconf 81' lang='grc' dir='ltr'>σάϐϐατον</span> <span class='ocrx_word' id='word_1_666' title='bbox 1609 5022 2022 5096; x_wconf 80' lang='grc' dir='ltr'>ὲπιφώσκουσαν</span> <span class='ocrx_word' id='word_1_667' title='bbox 2064 5025 2147 5083; x_wconf 74' lang='grc' dir='ltr'><strong>είς</strong></span> 
     </span>
    </p>
   </div>
   <div class='ocr_carea' id='block_1_86' title="bbox 577 5093 2147 5219">
    <p class='ocr_par' dir='ltr' id='par_1_86' title="bbox 577 5093 2147 5219">
     <span class='ocr_line' id='line_1_86' title="bbox 577 5093 2147 5166; baseline 0.004 -24"><span class='ocrx_word' id='word_1_668' title='bbox 577 5093 677 5162; x_wconf 83' lang='grc' dir='ltr'>τὴν</span> <span class='ocrx_word' id='word_1_669' title='bbox 701 5093 974 5164; x_wconf 83' lang='grc' dir='ltr'>κυριακὴν</span> <span class='ocrx_word' id='word_1_670' title='bbox 1002 5093 1189 5166; x_wconf 83' lang='grc' dir='ltr'>μόνας.</span> <span class='ocrx_word' id='word_1_671' title='bbox 1221 5098 1299 5150; x_wconf 85' lang='lat' dir='ltr'><strong>Ac</strong></span> <span class='ocrx_word' id='word_1_672' title='bbox 1328 5096 1555 5151; x_wconf 83' lang='lat' dir='ltr'><strong>fortasse</strong></span> <span class='ocrx_word' id='word_1_673' title='bbox 1580 5095 1744 5149; x_wconf 89' lang='lat' dir='ltr'><strong>etiam</strong></span> <span class='ocrx_word' id='word_1_674' title='bbox 1769 5094 1919 5162; x_wconf 88' lang='lat' dir='ltr'><strong>plura</strong></span> <span class='ocrx_word' id='word_1_675' title='bbox 1955 5096 2147 5148; x_wconf 87' lang='lat' dir='ltr'><strong>desunt</strong></span> 
     </span>
     <span class='ocr_line' id='line_1_87' title="bbox 577 5160 2144 5219; baseline 0.003 -7"><span class='ocrx_word' id='word_1_676' title='bbox 577 5161 634 5213; x_wconf 85' lang='lat' dir='ltr'><strong>in</strong></span> <span class='ocrx_word' id='word_1_677' title='bbox 654 5160 757 5214; x_wconf 81' lang='lat' dir='ltr'><strong>illo</strong></span> <span class='ocrx_word' id='word_1_678' title='bbox 788 5164 1071 5219; x_wconf 84' lang='lat' dir='ltr'><strong>Eniultattii</strong></span> <span class='ocrx_word' id='word_1_679' title='bbox 1105 5166 1248 5219; x_wconf 92' lang='lat' dir='ltr'><strong>loco.</strong></span> <span class='ocrx_word' id='word_1_680' title='bbox 1284 5166 1419 5219; x_wconf 82' lang='lat' dir='ltr'><strong>Nam</strong></span> <span class='ocrx_word' id='word_1_681' title='bbox 1455 5175 1510 5219; x_wconf 90' lang='lat' dir='ltr'><strong>et</strong></span> <span class='ocrx_word' id='word_1_682' title='bbox 1540 5175 1695 5219; x_wconf 89' lang='lat' dir='ltr'><strong>nocte</strong></span> <span class='ocrx_word' id='word_1_683' title='bbox 1746 5164 1834 5219; x_wconf 88' lang='lat' dir='ltr'><strong>illa</strong></span> <span class='ocrx_word' id='word_1_684' title='bbox 1884 5179 2002 5219; x_wconf 70' lang='lat' dir='ltr'><strong>ante</strong></span> <span class='ocrx_word' id='word_1_685' title='bbox 2040 5164 2144 5217; x_wconf 86' lang='lat' dir='ltr'><strong>Pa-</strong></span> 
     </span>
    </p>
   </div>
   <div class='ocr_carea' id='block_1_87' title="bbox 577 5175 2147 5306">
    <p class='ocr_par' dir='ltr' id='par_1_87' title="bbox 577 5175 2147 5306">
     <span class='ocr_line' id='line_1_88' title="bbox 577 5175 2144 5232; baseline 0.003 -19"><span class='ocrx_word' id='word_1_686' title='bbox 577 5175 757 5214; x_wconf 80' lang='lat' dir='ltr'><strong>tn-tlto</strong></span> <span class='ocrx_word' id='word_1_687' title='bbox 788 5175 1071 5232; x_wconf 70' lang='lat' dir='ltr'><strong>Eplpllallll</strong></span> <span class='ocrx_word' id='word_1_688' title='bbox 1105 5175 1248 5220; x_wconf 91' lang='lat' dir='ltr'><strong>loco.</strong></span> <span class='ocrx_word' id='word_1_689' title='bbox 1284 5175 1419 5220; x_wconf 73' lang='lat' dir='ltr'><strong>Nam</strong></span> <span class='ocrx_word' id='word_1_690' title='bbox 1455 5175 1510 5221; x_wconf 80' lang='lat' dir='ltr'><strong>et</strong></span> <span class='ocrx_word' id='word_1_691' title='bbox 1540 5175 1695 5220; x_wconf 87' lang='lat' dir='ltr'><strong>nocte</strong></span> <span class='ocrx_word' id='word_1_692' title='bbox 1746 5175 1834 5219; x_wconf 82' lang='lat' dir='ltr'><strong>illa</strong></span> <span class='ocrx_word' id='word_1_693' title='bbox 1884 5179 2002 5232; x_wconf 69' lang='lat' dir='ltr'><strong>qua!</strong></span> <span class='ocrx_word' id='word_1_694' title='bbox 2040 5175 2144 5217; x_wconf 75' lang='lat' dir='ltr'><strong>Pa-</strong></span> 
     </span>
     <span class='ocr_line' id='line_1_89' title="bbox 577 5235 2147 5306; baseline 0.003 -23"><span class='ocrx_word' id='word_1_695' title='bbox 577 5235 1141 5306; x_wconf 34' lang='lat' dir='ltr'><strong>r‘ascevem_seqnit_ur</strong></span> <span class='ocrx_word' id='word_1_696' title='bbox 1165 5276 1181 5301; x_wconf 93' lang='lat'><strong>,</strong></span> <span class='ocrx_word' id='word_1_697' title='bbox 1210 5235 1506 5291; x_wconf 84' lang='lat' dir='ltr'><strong>Christiani</strong></span> <span class='ocrx_word' id='word_1_698' title='bbox 1548 5235 1863 5306; x_wconf 86' lang='lat' dir='ltr'><strong>vigilabant,</strong></span> <span class='ocrx_word' id='word_1_699' title='bbox 1897 5245 1962 5306; x_wconf 83' lang='lat' dir='ltr'><strong>ut</strong></span> <span class='ocrx_word' id='word_1_700' title='bbox 1989 5236 2147 5306; x_wconf 75' lang='lat' dir='ltr'><strong>docet</strong></span> 
     </span>
    </p>
   </div>
   <div class='ocr_carea' id='block_1_88' title="bbox 577 5301 2145 5374">
    <p class='ocr_par' dir='ltr' id='par_1_88' title="bbox 577 5301 2145 5374">
     <span class='ocr_line' id='line_1_90' title="bbox 577 5301 2145 5374; baseline 0.003 -21"><span class='ocrx_word' id='word_1_701' title='bbox 577 5301 812 5374; x_wconf 54' lang='lat' dir='ltr'><strong>(iyrillus</strong></span> <span class='ocrx_word' id='word_1_702' title='bbox 841 5301 1360 5374; x_wconf 74' lang='lat' dir='ltr'><strong>Hierdsolymitanus</strong></span> <span class='ocrx_word' id='word_1_703' title='bbox 1393 5307 1444 5360; x_wconf 93' lang='lat' dir='ltr'><strong>in</strong></span> <span class='ocrx_word' id='word_1_704' title='bbox 1487 5301 1756 5361; x_wconf 71' lang='lat' dir='ltr'><strong>cateébesi</strong></span> <span class='ocrx_word' id='word_1_705' title='bbox 1808 5306 1896 5371; x_wconf 79' lang='grc'><strong>18,</strong></span> <span class='ocrx_word' id='word_1_706' title='bbox 1945 5303 2034 5357; x_wconf 84' lang='grc' dir='ltr'><strong>διὰ</strong></span> <span class='ocrx_word' id='word_1_707' title='bbox 2087 5302 2145 5358; x_wconf 86' lang='grc' dir='ltr'><strong>δὲ</strong></span> 
     </span>
    </p>
   </div>
   <div class='ocr_carea' id='block_1_89' title="bbox 576 5370 2146 5457">
    <p class='ocr_par' dir='ltr' id='par_1_89' title="bbox 576 5370 2146 5457">
     <span class='ocr_line' id='line_1_91' title="bbox 576 5370 2146 5457; baseline 0.001 -33"><span class='ocrx_word' id='word_1_708' title='bbox 576 5370 668 5457; x_wconf 55' lang='grc' dir='ltr'><strong>τόν</strong></span> <span class='ocrx_word' id='word_1_709' title='bbox 706 5373 949 5456; x_wconf 64' lang='grc' dir='ltr'>κάματον</span> <span class='ocrx_word' id='word_1_710' title='bbox 978 5374 1067 5427; x_wconf 82' lang='grc' dir='ltr'><strong>τὸν</strong></span> <span class='ocrx_word' id='word_1_711' title='bbox 1087 5370 1487 5457; x_wconf 68' lang='grc' dir='ltr'>προγενόμενω</span> <span class='ocrx_word' id='word_1_712' title='bbox 1529 5377 1655 5447; x_wconf 85' lang='grc' dir='ltr'>ὑμῖν</span> <span class='ocrx_word' id='word_1_713' title='bbox 1682 5374 1821 5457; x_wconf 37' lang='grc' dir='ltr'>ἔκητε</span> <span class='ocrx_word' id='word_1_714' title='bbox 1851 5370 2146 5457; x_wconf 40' lang='grc' dir='ltr'>τῆςιὺπερ-</span> 
     </span>
    </p>
   </div>
   <div class='ocr_carea' id='block_1_90' title="bbox 577 5439 2148 5582">
    <p class='ocr_par' dir='ltr' id='par_1_90' title="bbox 577 5439 2148 5582">
     <span class='ocr_line' id='line_1_92' title="bbox 579 5439 2148 5518; baseline 0.006 -28"><span class='ocrx_word' id='word_1_715' title='bbox 579 5439 793 5506; x_wconf 77' lang='grc' dir='ltr'>θέσεως</span> <span class='ocrx_word' id='word_1_716' title='bbox 830 5445 929 5515; x_wconf 80' lang='grc' dir='ltr'>τῆς</span> <span class='ocrx_word' id='word_1_717' title='bbox 983 5439 1232 5517; x_wconf 68' lang='grc' dir='ltr'>νηστείας</span> <span class='ocrx_word' id='word_1_718' title='bbox 1288 5439 1387 5518; x_wconf 72' lang='grc' dir='ltr'>τῆς</span> <span class='ocrx_word' id='word_1_719' title='bbox 1455 5439 1827 5518; x_wconf 78' lang='grc' dir='ltr'>παρασκευῆς,</span> <span class='ocrx_word' id='word_1_720' title='bbox 1888 5439 1983 5500; x_wconf 75' lang='grc' dir='ltr'><strong>καὶ</strong></span> <span class='ocrx_word' id='word_1_721' title='bbox 2050 5439 2148 5516; x_wconf 79' lang='grc' dir='ltr'>τῆς</span> 
     </span>
     <span class='ocr_line' id='line_1_93' title="bbox 577 5512 904 5582; baseline 0.018 -20"><span class='ocrx_word' id='word_1_722' title='bbox 577 5512 904 5582; x_wconf 85' lang='grc' dir='ltr'>ἀγρυπνίας.</span> 
     </span>
    </p>
   </div>
   <div class='ocr_carea' id='block_1_91' title="bbox 578 5554 2147 5662">
    <p class='ocr_par' dir='ltr' id='par_1_91' title="bbox 578 5554 2147 5662">
     <span class='ocr_line' id='line_1_94' title="bbox 578 5554 2147 5662; baseline 0.004 -28"><span class='ocrx_word' id='word_1_723' title='bbox 578 5554 613 5662; x_wconf 45' lang='grc' dir='ltr'><em>ῗ</em></span> <span class='ocrx_word' id='word_1_724' title='bbox 936 5584 1010 5652; x_wconf 85' lang='grc' dir='ltr'>τῆ</span> <span class='ocrx_word' id='word_1_725' title='bbox 1016 5607 1059 5662; x_wconf 28' lang='grc' dir='ltr'>ς-</span> <span class='ocrx_word' id='word_1_726' title='bbox 1073 5587 1751 5662; x_wconf 30' lang='grc' dir='ltr'>’προστασίας-τρόπῳ.</span> <span class='ocrx_word' id='word_1_727' title='bbox 1793 5586 2147 5662; x_wconf 64' lang='lat' dir='ltr'><strong>[&#39;resbyteros</strong></span> 
     </span>
    </p>
   </div>
   <div class='ocr_carea' id='block_1_92' title="bbox 576 5652 2146 5724">
    <p class='ocr_par' dir='ltr' id='par_1_92' title="bbox 576 5652 2146 5724">
     <span class='ocr_line' id='line_1_95' title="bbox 576 5652 2146 5724; baseline 0.006 -22"><span class='ocrx_word' id='word_1_728' title='bbox 576 5652 848 5724; x_wconf 81' lang='lat' dir='ltr'><strong>intelligit,</strong></span> <span class='ocrx_word' id='word_1_729' title='bbox 881 5656 948 5710; x_wconf 92' lang='lat' dir='ltr'><strong>de</strong></span> <span class='ocrx_word' id='word_1_730' title='bbox 972 5652 1166 5724; x_wconf 78' lang='lat' dir='ltr'><strong>quibus</strong></span> <span class='ocrx_word' id='word_1_731' title='bbox 1194 5657 1344 5712; x_wconf 83' lang='lat' dir='ltr'><strong>Philo</strong></span> <span class='ocrx_word' id='word_1_732' title='bbox 1372 5652 1603 5714; x_wconf 49' lang='lat' dir='ltr'><strong>in&#39;dic&#39;to</strong></span> <span class='ocrx_word' id='word_1_733' title='bbox 1625 5658 1765 5711; x_wconf 91' lang='lat' dir='ltr'><strong>libro</strong></span> <span class='ocrx_word' id='word_1_734' title='bbox 1792 5657 1865 5711; x_wconf 89' lang='lat' dir='ltr'><strong>De</strong></span> <span class='ocrx_word' id='word_1_735' title='bbox 1891 5652 1993 5711; x_wconf 65' lang='lat' dir='ltr'><strong>vita</strong></span> <span class='ocrx_word' id='word_1_736' title='bbox 2021 5673 2146 5711; x_wconf 85' lang='lat' dir='ltr'><strong>con-</strong></span> 
     </span>
    </p>
   </div>
   <div class='ocr_carea' id='block_1_93' title="bbox 577 5723 1844 5794">
    <p class='ocr_par' dir='ltr' id='par_1_93' title="bbox 577 5723 1844 5794">
     <span class='ocr_line' id='line_1_96' title="bbox 577 5723 1844 5794; baseline 0.009 -22"><span class='ocrx_word' id='word_1_737' title='bbox 577 5723 898 5794; x_wconf 69' lang='lat' dir='ltr'><strong>templativa,</strong></span> <span class='ocrx_word' id='word_1_738' title='bbox 931 5723 1049 5794; x_wconf 72' lang='lat' dir='ltr'><strong>pag.</strong></span> <span class='ocrx_word' id='word_1_739' title='bbox 1086 5727 1190 5782; x_wconf 88' lang='lat'><strong>899</strong></span> <span class='ocrx_word' id='word_1_740' title='bbox 1216 5728 1476 5784; x_wconf 82' lang='lat' dir='ltr'><strong>editionis</strong></span> <span class='ocrx_word' id='word_1_741' title='bbox 1501 5727 1844 5783; x_wconf 86' lang='lat' dir='ltr'><strong>Parisiensis.</strong></span> 
     </span>
    </p>
   </div>
   <div class='ocr_carea' id='block_1_94' title="bbox 650 5792 2145 5868">
    <p class='ocr_par' dir='ltr' id='par_1_94' title="bbox 650 5792 2145 5868">
     <span class='ocr_line' id='line_1_97' title="bbox 650 5792 2145 5868; baseline 0.005 -23"><span class='ocrx_word' id='word_1_742' title='bbox 650 5792 765 5863; x_wconf 84' lang='lat'><strong>(70)</strong></span> <span class='ocrx_word' id='word_1_743' title='bbox 793 5792 1034 5863; x_wconf 71' lang='grc' dir='ltr'>Πλατὺς</span> <span class='ocrx_word' id='word_1_744' title='bbox 1060 5796 1185 5861; x_wconf 83' lang='grc' dir='ltr'>ταῖς</span> <span class='ocrx_word' id='word_1_745' title='bbox 1212 5797 1518 5865; x_wconf 80' lang='grc' dir='ltr'>διανοίαις.</span> <span class='ocrx_word' id='word_1_746' title='bbox 1550 5797 1777 5854; x_wconf 84' lang='lat' dir='ltr'><strong>Ruﬁnus</strong></span> <span class='ocrx_word' id='word_1_747' title='bbox 1825 5798 2016 5868; x_wconf 82' lang='lat' dir='ltr'><strong>legisse</strong></span> <span class='ocrx_word' id='word_1_748' title='bbox 2068 5799 2145 5853; x_wconf 91' lang='lat' dir='ltr'><strong>vi-</strong></span> 
     </span>
    </p>
   </div>
   <div class='ocr_carea' id='block_1_95' title="bbox 2251 4484 3822 4560">
    <p class='ocr_par' dir='ltr' id='par_1_95' title="bbox 2251 4484 3822 4560">
     <span class='ocr_line' id='line_1_98' title="bbox 2251 4484 3822 4560; baseline -0.006 -11"><span class='ocrx_word' id='word_1_749' title='bbox 2251 4490 2354 4549; x_wconf 80' lang='grc' dir='ltr'><strong>Οἷά</strong></span> <span class='ocrx_word' id='word_1_750' title='bbox 2386 4495 2501 4546; x_wconf 70' lang='grc' dir='ltr'>ἐστι</span> <span class='ocrx_word' id='word_1_751' title='bbox 2520 4491 2588 4544; x_wconf 80' lang='grc' dir='ltr'><strong>τὰ</strong></span> <span class='ocrx_word' id='word_1_752' title='bbox 2621 4490 2759 4560; x_wconf 67' lang='grc' dir='ltr'>αερὶ</span> <span class='ocrx_word' id='word_1_753' title='bbox 2787 4487 3067 4558; x_wconf 72' lang='grc' dir='ltr'>γεωργίας</span> <span class='ocrx_word' id='word_1_754' title='bbox 3099 4485 3225 4549; x_wconf 84' lang='grc' dir='ltr'>δύο,</span> <span class='ocrx_word' id='word_1_755' title='bbox 3247 4484 3433 4541; x_wconf 80' lang='grc' dir='ltr'>καὶτὰ</span> <span class='ocrx_word' id='word_1_756' title='bbox 3459 4486 3599 4555; x_wconf 81' lang='grc' dir='ltr'>Περὶ</span> <span class='ocrx_word' id='word_1_757' title='bbox 3629 4487 3822 4556; x_wconf 80' lang='grc' dir='ltr'>μέθης</span> 
     </span>
    </p>
   </div>
   <div class='ocr_carea' id='block_1_96' title="bbox 2242 4572 3823 4647">
    <p class='ocr_par' dir='ltr' id='par_1_96' title="bbox 2242 4572 3823 4647">
     <span class='ocr_line' id='line_1_99' title="bbox 2242 4572 3823 4647; baseline -0.009 -6"><span class='ocrx_word' id='word_1_758' title='bbox 2242 4584 2502 4647; x_wconf 82' lang='grc' dir='ltr'>τοσαῦτα,</span> <span class='ocrx_word' id='word_1_759' title='bbox 2530 4580 2625 4634; x_wconf 70' lang='grc' dir='ltr'><strong>καὶ</strong></span> <span class='ocrx_word' id='word_1_760' title='bbox 2657 4578 2791 4634; x_wconf 79' lang='grc' dir='ltr'>ἄλλα</span> <span class='ocrx_word' id='word_1_761' title='bbox 2810 4576 2944 4631; x_wconf 78' lang='grc' dir='ltr'>ἄττα</span> <span class='ocrx_word' id='word_1_762' title='bbox 2971 4574 3224 4646; x_wconf 81' lang='grc' dir='ltr'>διαφόρου</span> <span class='ocrx_word' id='word_1_763' title='bbox 3247 4574 3338 4627; x_wconf 75' lang='grc' dir='ltr'>καὶ</span> <span class='ocrx_word' id='word_1_764' title='bbox 3368 4572 3571 4637; x_wconf 79' lang='grc' dir='ltr'>οἰκείας</span> <span class='ocrx_word' id='word_1_765' title='bbox 3591 4574 3823 4644; x_wconf 76' lang='grc' dir='ltr'>ἐπιγρα-</span> 
     </span>
    </p>
   </div>
   <div class='ocr_carea' id='block_1_97' title="bbox 2243 4661 3818 4747">
    <p class='ocr_par' dir='ltr' id='par_1_97' title="bbox 2243 4661 3818 4747">
     <span class='ocr_line' id='line_1_100' title="bbox 2243 4661 3818 4747; baseline -0.014 -16"><span class='ocrx_word' id='word_1_766' title='bbox 2243 4678 2348 4747; x_wconf 82' lang='grc' dir='ltr'><strong>φῆς</strong></span> <span class='ocrx_word' id='word_1_767' title='bbox 2394 4673 2693 4745; x_wconf 78' lang='grc' dir='ltr'>ἠξιωμένα.</span> <span class='ocrx_word' id='word_1_768' title='bbox 2732 4665 2856 4733; x_wconf 80' lang='grc' dir='ltr'>Οίος</span> <span class='ocrx_word' id='word_1_769' title='bbox 2887 4667 3026 4737; x_wconf 84' lang='grc' dir='ltr'>Περὶ</span> <span class='ocrx_word' id='word_1_770' title='bbox 3054 4661 3141 4721; x_wconf 85' lang='grc' dir='ltr'>ὧν</span> <span class='ocrx_word' id='word_1_771' title='bbox 3160 4665 3365 4735; x_wconf 70' lang='grc' dir='ltr'>νήψας</span> <span class='ocrx_word' id='word_1_772' title='bbox 3400 4669 3432 4719; x_wconf 86' lang='grc' dir='ltr'><strong>ό</strong></span> <span class='ocrx_word' id='word_1_773' title='bbox 3471 4666 3618 4732; x_wconf 85' lang='grc' dir='ltr'>νοῦς</span> <span class='ocrx_word' id='word_1_774' title='bbox 3644 4666 3818 4736; x_wconf 81' lang='grc' dir='ltr'><strong>εῦχε-</strong></span> 
     </span>
    </p>
   </div>
   <div class='ocr_carea' id='block_1_98' title="bbox 2242 4754 3819 4837">
    <p class='ocr_par' dir='ltr' id='par_1_98' title="bbox 2242 4754 3819 4837">
     <span class='ocr_line' id='line_1_101' title="bbox 2242 4754 3819 4837; baseline -0.016 -15"><span class='ocrx_word' id='word_1_775' title='bbox 2242 4784 2336 4823; x_wconf 83' lang='grc' dir='ltr'><strong>ται</strong></span> <span class='ocrx_word' id='word_1_776' title='bbox 2355 4765 2576 4837; x_wconf 76' lang='grc' dir='ltr'><strong>(Ἠ)καὶ</strong></span> <span class='ocrx_word' id='word_1_777' title='bbox 2600 4758 2939 4832; x_wconf 81' lang='grc' dir='ltr'>καταρᾶται,</span> <span class='ocrx_word' id='word_1_778' title='bbox 2962 4759 3054 4811; x_wconf 70' lang='grc' dir='ltr'>καὶ</span> <span class='ocrx_word' id='word_1_779' title='bbox 3072 4759 3100 4810; x_wconf 85' lang='grc' dir='ltr'>ὁ</span> <span class='ocrx_word' id='word_1_780' title='bbox 3129 4755 3268 4824; x_wconf 77' lang='grc' dir='ltr'>Περὶ</span> <span class='ocrx_word' id='word_1_781' title='bbox 3295 4754 3497 4826; x_wconf 75' lang='grc' dir='ltr'>φυγῆς</span> <span class='ocrx_word' id='word_1_782' title='bbox 3523 4755 3621 4810; x_wconf 71' lang='grc' dir='ltr'>καὶ</span> <span class='ocrx_word' id='word_1_783' title='bbox 3650 4755 3819 4825; x_wconf 75' lang='grc' dir='ltr'><strong>εὑρέ.</strong></span> 
     </span>
    </p>
   </div>
   <div class='ocr_carea' id='block_1_99' title="bbox 2246 4944 3838 5018">
    <p class='ocr_par' dir='ltr' id='par_1_99' title="bbox 2246 4944 3838 5018">
     <span class='ocr_line' id='line_1_102' title="bbox 2246 4944 3838 5018; baseline -0.006 -15"><span class='ocrx_word' id='word_1_784' title='bbox 2246 4951 2404 5003; x_wconf 88' lang='lat' dir='ltr'><strong>detur</strong></span> <span class='ocrx_word' id='word_1_785' title='bbox 2456 4945 2643 5018; x_wconf 85' lang='grc' dir='ltr'>βαθύς,</span> <span class='ocrx_word' id='word_1_786' title='bbox 2666 4946 2830 4999; x_wconf 87' lang='lat' dir='ltr'><strong>vertit</strong></span> <span class='ocrx_word' id='word_1_787' title='bbox 2858 4946 3000 5000; x_wconf 91' lang='lat' dir='ltr'><strong>enim</strong></span> <span class='ocrx_word' id='word_1_788' title='bbox 3028 4946 3082 4998; x_wconf 84' lang='lat' dir='ltr'><strong>in</strong></span> <span class='ocrx_word' id='word_1_789' title='bbox 3105 4944 3838 5018; x_wconf 17' lang='lat' dir='ltr'><strong>sensibut‘profundissimux.</strong></span> 
     </span>
    </p>
   </div>
   <div class='ocr_carea' id='block_1_100' title="bbox 2256 5014 3814 5085">
    <p class='ocr_par' dir='ltr' id='par_1_100' title="bbox 2256 5014 3814 5085">
     <span class='ocr_line' id='line_1_103' title="bbox 2256 5014 3814 5085; baseline -0.003 -12"><span class='ocrx_word' id='word_1_790' title='bbox 2256 5014 2597 5085; x_wconf 81' lang='lat' dir='ltr'><strong>Nicephorns</strong></span> <span class='ocrx_word' id='word_1_791' title='bbox 2658 5026 2835 5070; x_wconf 80' lang='lat' dir='ltr'><strong>tamen</strong></span> <span class='ocrx_word' id='word_1_792' title='bbox 2906 5025 2961 5069; x_wconf 85' lang='lat' dir='ltr'><strong>et</strong></span> <span class='ocrx_word' id='word_1_793' title='bbox 3014 5016 3201 5083; x_wconf 81' lang='lat' dir='ltr'><strong>scripti</strong></span> <span class='ocrx_word' id='word_1_794' title='bbox 3272 5014 3486 5069; x_wconf 91' lang='lat' dir='ltr'><strong>codices</strong></span> <span class='ocrx_word' id='word_1_795' title='bbox 3541 5014 3814 5085; x_wconf 82' lang='lat' dir='ltr'><strong>vulgatam</strong></span> 
     </span>
    </p>
   </div>
   <div class='ocr_carea' id='block_1_101' title="bbox 2252 5084 3813 5154">
    <p class='ocr_par' dir='ltr' id='par_1_101' title="bbox 2252 5084 3813 5154">
     <span class='ocr_line' id='line_1_104' title="bbox 2252 5084 3813 5154; baseline -0.003 -12"><span class='ocrx_word' id='word_1_796' title='bbox 2252 5089 2536 5144; x_wconf 85' lang='lat' dir='ltr'><strong>lectionem</strong></span> <span class='ocrx_word' id='word_1_797' title='bbox 2566 5094 2802 5140; x_wconf 89' lang='lat' dir='ltr'><strong>tuentur.</strong></span> <span class='ocrx_word' id='word_1_798' title='bbox 2831 5084 2996 5140; x_wconf 88' lang='lat' dir='ltr'><strong>Paulo</strong></span> <span class='ocrx_word' id='word_1_799' title='bbox 3038 5094 3158 5154; x_wconf 90' lang='lat' dir='ltr'><strong>post</strong></span> <span class='ocrx_word' id='word_1_800' title='bbox 3183 5086 3352 5139; x_wconf 89' lang='lat' dir='ltr'><strong>nostri</strong></span> <span class='ocrx_word' id='word_1_801' title='bbox 3405 5085 3621 5139; x_wconf 89' lang='lat' dir='ltr'><strong>codices</strong></span> <span class='ocrx_word' id='word_1_802' title='bbox 3651 5084 3813 5149; x_wconf 80' lang='lat' dir='ltr'><strong>Maz..</strong></span> 
     </span>
    </p>
   </div>
   <div class='ocr_carea' id='block_1_102' title="bbox 2252 5154 3815 5226">
    <p class='ocr_par' dir='ltr' id='par_1_102' title="bbox 2252 5154 3815 5226">
     <span class='ocr_line' id='line_1_105' title="bbox 2252 5154 3815 5226; baseline -0.002 -13"><span class='ocrx_word' id='word_1_803' title='bbox 2252 5159 2393 5213; x_wconf 79' lang='lat' dir='ltr'><strong>Meti.</strong></span> <span class='ocrx_word' id='word_1_804' title='bbox 2431 5173 2493 5211; x_wconf 88' lang='lat' dir='ltr'><strong>ac</strong></span> <span class='ocrx_word' id='word_1_805' title='bbox 2518 5155 2652 5211; x_wconf 85' lang='lat' dir='ltr'><strong>Fuk.</strong></span> <span class='ocrx_word' id='word_1_806' title='bbox 2683 5171 2866 5210; x_wconf 88' lang='lat' dir='ltr'><strong>vocem</strong></span> <span class='ocrx_word' id='word_1_807' title='bbox 2904 5156 3234 5211; x_wconf 85' lang='lat' dir='ltr'><strong>interseruut</strong></span> <span class='ocrx_word' id='word_1_808' title='bbox 3265 5155 3367 5209; x_wconf 83' lang='lat' dir='ltr'><strong>hoc</strong></span> <span class='ocrx_word' id='word_1_809' title='bbox 3405 5154 3583 5221; x_wconf 87' lang='lat' dir='ltr'><strong>modo,</strong></span> <span class='ocrx_word' id='word_1_810' title='bbox 3612 5155 3815 5226; x_wconf 72' lang='grc' dir='ltr'>ὑψηλός</span> 
     </span>
    </p>
   </div>
   <div class='ocr_carea' id='block_1_103' title="bbox 2249 5226 2846 5298">
    <p class='ocr_par' dir='ltr' id='par_1_103' title="bbox 2249 5226 2846 5298">
     <span class='ocr_line' id='line_1_106' title="bbox 2249 5226 2846 5298; baseline -0.003 -16"><span class='ocrx_word' id='word_1_811' title='bbox 2249 5247 2308 5283; x_wconf 90' lang='grc' dir='ltr'><strong>τε</strong></span> <span class='ocrx_word' id='word_1_812' title='bbox 2326 5230 2407 5281; x_wconf 68' lang='grc' dir='ltr'>ῗῦν</span> <span class='ocrx_word' id='word_1_813' title='bbox 2432 5228 2528 5281; x_wconf 74' lang='grc' dir='ltr'><strong>καὶ</strong></span> <span class='ocrx_word' id='word_1_814' title='bbox 2560 5226 2846 5298; x_wconf 56' lang='grc' dir='ltr'>μετέωρος.</span> 
     </span>
    </p>
   </div>
   <div class='ocr_carea' id='block_1_104' title="bbox 2323 5290 3816 5372">
    <p class='ocr_par' dir='ltr' id='par_1_104' title="bbox 2323 5290 3816 5372">
     <span class='ocr_line' id='line_1_107' title="bbox 2323 5290 3816 5372; baseline -0.003 -19"><span class='ocrx_word' id='word_1_815' title='bbox 2323 5299 2436 5372; x_wconf 81' lang='grc'><strong>(71)</strong></span> <span class='ocrx_word' id='word_1_816' title='bbox 2463 5290 2717 5372; x_wconf 41' lang='grc' dir='ltr'>Περὶ-ὦν</span> <span class='ocrx_word' id='word_1_817' title='bbox 2738 5290 2941 5365; x_wconf 52' lang='lat' dir='ltr'><strong>Malae</strong></span> <span class='ocrx_word' id='word_1_818' title='bbox 2971 5294 3167 5372; x_wconf 67' lang='grc' dir='ltr'>ὀνρῦς</span> <span class='ocrx_word' id='word_1_819' title='bbox 3195 5293 3585 5372; x_wconf 32' lang='grc' dir='ltr'>εὔχεταιεῌΗίε</span> <span class='ocrx_word' id='word_1_820' title='bbox 3635 5294 3816 5372; x_wconf 71' lang='lat' dir='ltr'><strong>Philo-</strong></span> 
     </span>
    </p>
   </div>
   <div class='ocr_carea' id='block_1_105' title="bbox 2250 5365 3816 5438">
    <p class='ocr_par' dir='ltr' id='par_1_105' title="bbox 2250 5365 3816 5438">
     <span class='ocr_line' id='line_1_108' title="bbox 2250 5365 3816 5438; baseline -0.005 -11"><span class='ocrx_word' id='word_1_821' title='bbox 2250 5365 2339 5426; x_wconf 78' lang='lat' dir='ltr'><strong>nis</strong></span> <span class='ocrx_word' id='word_1_822' title='bbox 2359 5365 2497 5424; x_wconf 85' lang='lat' dir='ltr'><strong>liber</strong></span> <span class='ocrx_word' id='word_1_823' title='bbox 2521 5365 2682 5423; x_wconf 90' lang='lat' dir='ltr'><strong>hodie</strong></span> <span class='ocrx_word' id='word_1_824' title='bbox 2704 5382 2818 5438; x_wconf 83' lang='lat' dir='ltr'><strong>non</strong></span> <span class='ocrx_word' id='word_1_825' title='bbox 2842 5377 3036 5422; x_wconf 67' lang='lat' dir='ltr'><strong>existat.</strong></span> <span class='ocrx_word' id='word_1_826' title='bbox 3068 5365 3203 5421; x_wconf 82' lang='lat' dir='ltr'><strong>Nam</strong></span> <span class='ocrx_word' id='word_1_827' title='bbox 3256 5365 3681 5438; x_wconf 12' lang='lat' dir='ltr'><strong>q‘uodiNicolaus</strong></span> <span class='ocrx_word' id='word_1_828' title='bbox 3712 5366 3816 5421; x_wconf 84' lang='lat' dir='ltr'><strong>Fa-</strong></span> 
     </span>
    </p>
   </div>
   <div class='ocr_carea' id='block_1_106' title="bbox 2254 5436 3814 5497">
    <p class='ocr_par' dir='ltr' id='par_1_106' title="bbox 2254 5436 3814 5497">
     <span class='ocr_line' id='line_1_109' title="bbox 2254 5436 3814 5497; baseline -0.003 -1"><span class='ocrx_word' id='word_1_829' title='bbox 2254 5446 2350 5497; x_wconf 90' lang='lat' dir='ltr'><strong>ber</strong></span> <span class='ocrx_word' id='word_1_830' title='bbox 2381 5441 2447 5494; x_wconf 88' lang='lat' dir='ltr'><strong>ad</strong></span> <span class='ocrx_word' id='word_1_831' title='bbox 2478 5453 2632 5494; x_wconf 90' lang='lat' dir='ltr'><strong>oram</strong></span> <span class='ocrx_word' id='word_1_832' title='bbox 2655 5436 2856 5492; x_wconf 90' lang='lat' dir='ltr'><strong>codicis</strong></span> <span class='ocrx_word' id='word_1_833' title='bbox 2880 5438 2961 5491; x_wconf 87' lang='lat' dir='ltr'><strong>sui</strong></span> <span class='ocrx_word' id='word_1_834' title='bbox 2992 5436 3366 5496; x_wconf 78' lang='lat' dir='ltr'><strong>adnotaverat.</strong></span> <span class='ocrx_word' id='word_1_835' title='bbox 3392 5437 3532 5491; x_wconf 83' lang='lat' dir='ltr'><strong>forte</strong></span> <span class='ocrx_word' id='word_1_836' title='bbox 3567 5436 3814 5491; x_wconf 82' lang='lat' dir='ltr'><strong>scriben-</strong></span> 
     </span>
    </p>
   </div>
   <div class='ocr_carea' id='block_1_107' title="bbox 2254 5506 3812 5576">
    <p class='ocr_par' dir='ltr' id='par_1_107' title="bbox 2254 5506 3812 5576">
     <span class='ocr_line' id='line_1_110' title="bbox 2254 5506 3812 5576; baseline -0.003 -12"><span class='ocrx_word' id='word_1_837' title='bbox 2254 5514 2379 5565; x_wconf 82' lang='lat' dir='ltr'><strong>dum</strong></span> <span class='ocrx_word' id='word_1_838' title='bbox 2405 5525 2526 5564; x_wconf 84' lang='lat' dir='ltr'><strong>esse</strong></span> <span class='ocrx_word' id='word_1_839' title='bbox 2545 5507 2684 5576; x_wconf 77' lang='grc' dir='ltr'>Περὶ</span> <span class='ocrx_word' id='word_1_840' title='bbox 2711 5506 2818 5561; x_wconf 84' lang='grc' dir='ltr'>τοῦ</span> <span class='ocrx_word' id='word_1_841' title='bbox 2840 5506 3136 5575; x_wconf 77' lang='grc' dir='ltr'>Ἐξένηψε</span> <span class='ocrx_word' id='word_1_842' title='bbox 3150 5509 3295 5576; x_wconf 86' lang='grc' dir='ltr'>Νωε,</span> <span class='ocrx_word' id='word_1_843' title='bbox 3312 5507 3367 5561; x_wconf 92' lang='lat' dir='ltr'><strong>id</strong></span> <span class='ocrx_word' id='word_1_844' title='bbox 3386 5507 3634 5575; x_wconf 87' lang='lat' dir='ltr'><strong>equidem</strong></span> <span class='ocrx_word' id='word_1_845' title='bbox 3686 5522 3812 5576; x_wconf 86' lang='lat' dir='ltr'><strong>pro-</strong></span> 
     </span>
    </p>
   </div>
   <div class='ocr_carea' id='block_1_108' title="bbox 2252 5577 3810 5648">
    <p class='ocr_par' dir='ltr' id='par_1_108' title="bbox 2252 5577 3810 5648">
     <span class='ocr_line' id='line_1_111' title="bbox 2252 5577 3810 5648; baseline -0.003 -12"><span class='ocrx_word' id='word_1_846' title='bbox 2252 5582 2385 5637; x_wconf 85' lang='lat' dir='ltr'><strong>bare</strong></span> <span class='ocrx_word' id='word_1_847' title='bbox 2407 5596 2512 5634; x_wconf 84' lang='lat' dir='ltr'><strong>non</strong></span> <span class='ocrx_word' id='word_1_848' title='bbox 2540 5592 2782 5648; x_wconf 84' lang='lat' dir='ltr'><strong>possum,</strong></span> <span class='ocrx_word' id='word_1_849' title='bbox 2811 5578 2942 5632; x_wconf 89' lang='lat' dir='ltr'><strong>licet</strong></span> <span class='ocrx_word' id='word_1_850' title='bbox 2971 5580 3023 5629; x_wconf 90' lang='lat' dir='ltr'><strong>itt</strong></span> <span class='ocrx_word' id='word_1_851' title='bbox 3047 5594 3112 5632; x_wconf 89' lang='lat' dir='ltr'><strong>eo</strong></span> <span class='ocrx_word' id='word_1_852' title='bbox 3135 5579 3270 5632; x_wconf 84' lang='lat' dir='ltr'><strong>libro</strong></span> <span class='ocrx_word' id='word_1_853' title='bbox 3298 5586 3423 5648; x_wconf 75' lang='lat' dir='ltr'><strong>agat</strong></span> <span class='ocrx_word' id='word_1_854' title='bbox 3452 5577 3602 5631; x_wconf 85' lang='lat' dir='ltr'><strong>Philo</strong></span> <span class='ocrx_word' id='word_1_855' title='bbox 3628 5578 3695 5648; x_wconf 87' lang='lat' dir='ltr'><strong>de</strong></span> <span class='ocrx_word' id='word_1_856' title='bbox 3718 5593 3810 5631; x_wconf 86' lang='lat' dir='ltr'><strong>vo-</strong></span> 
     </span>
    </p>
   </div>
   <div class='ocr_carea' id='block_1_109' title="bbox 2254 5647 3807 5718">
    <p class='ocr_par' dir='ltr' id='par_1_109' title="bbox 2254 5647 3807 5718">
     <span class='ocr_line' id='line_1_112' title="bbox 2254 5647 3807 5718; baseline -0.004 -14"><span class='ocrx_word' id='word_1_857' title='bbox 2254 5655 2323 5705; x_wconf 92' lang='lat' dir='ltr'><strong>tis</strong></span> <span class='ocrx_word' id='word_1_858' title='bbox 2350 5662 2404 5705; x_wconf 89' lang='lat' dir='ltr'><strong>et</strong></span> <span class='ocrx_word' id='word_1_859' title='bbox 2429 5647 3115 5718; x_wconf 77' lang='lat' dir='ltr'><strong>imprecationibus._Aputl</strong></span> <span class='ocrx_word' id='word_1_860' title='bbox 3144 5648 3363 5718; x_wconf 68' lang='lat' dir='ltr'><strong>Sttidam</strong></span> <span class='ocrx_word' id='word_1_861' title='bbox 3401 5647 3535 5700; x_wconf 78' lang='lat' dir='ltr'><strong>liber</strong></span> <span class='ocrx_word' id='word_1_862' title='bbox 3559 5648 3648 5718; x_wconf 89' lang='lat' dir='ltr'><strong>hic</strong></span> <span class='ocrx_word' id='word_1_863' title='bbox 3681 5647 3807 5700; x_wconf 85' lang='lat' dir='ltr'><strong>l’hi-</strong></span> 
     </span>
    </p>
   </div>
   <div class='ocr_carea' id='block_1_110' title="bbox 2253 5711 3809 5787">
    <p class='ocr_par' dir='ltr' id='par_1_110' title="bbox 2253 5711 3809 5787">
     <span class='ocr_line' id='line_1_113' title="bbox 2253 5711 3809 5787; baseline -0.003 -14"><span class='ocrx_word' id='word_1_864' title='bbox 2253 5722 2392 5777; x_wconf 86' lang='lat' dir='ltr'><strong>Ionis</strong></span> <span class='ocrx_word' id='word_1_865' title='bbox 2423 5711 2731 5774; x_wconf 75' lang='lat' dir='ltr'><strong>inscribitur</strong></span> <span class='ocrx_word' id='word_1_866' title='bbox 2767 5717 2905 5787; x_wconf 76' lang='grc' dir='ltr'>Περὶ</span> <span class='ocrx_word' id='word_1_867' title='bbox 2928 5711 3028 5771; x_wconf 78' lang='grc' dir='ltr'><strong>ὤν’</strong></span> <span class='ocrx_word' id='word_1_868' title='bbox 3051 5716 3199 5770; x_wconf 80' lang='grc' dir='ltr'>κατὰ</span> <span class='ocrx_word' id='word_1_869' title='bbox 3258 5716 3407 5787; x_wconf 67' lang='grc' dir='ltr'>νοῦν</span> <span class='ocrx_word' id='word_1_870' title='bbox 3452 5733 3544 5782; x_wconf 82' lang='grc' dir='ltr'><strong>τις</strong></span> <span class='ocrx_word' id='word_1_871' title='bbox 3571 5717 3809 5787; x_wconf 83' lang='grc' dir='ltr'>εὔχεται</span> 
     </span>
    </p>
   </div>
   <div class='ocr_carea' id='block_1_111' title="bbox 2250 5781 3833 5860">
    <p class='ocr_par' dir='ltr' id='par_1_111' title="bbox 2250 5781 3833 5860">
     <span class='ocr_line' id='line_1_114' title="bbox 2250 5781 3833 5860; baseline -0.004 -13"><span class='ocrx_word' id='word_1_872' title='bbox 2250 5789 2355 5860; x_wconf 83' lang='grc' dir='ltr'>εἷς.</span> <span class='ocrx_word' id='word_1_873' title='bbox 2400 5791 2732 5860; x_wconf 79' lang='lat' dir='ltr'><strong>Sophronias</strong></span> <span class='ocrx_word' id='word_1_874' title='bbox 2765 5781 2887 5845; x_wconf 64' lang='lat' dir='ltr'><strong>vero</strong></span> <span class='ocrx_word' id='word_1_875' title='bbox 2909 5791 2986 5845; x_wconf 82' lang='lat' dir='ltr'><strong>sic</strong></span> <span class='ocrx_word' id='word_1_876' title='bbox 3015 5786 3340 5856; x_wconf 76' lang='lat' dir='ltr'><strong>habetzﬂepi</strong></span> <span class='ocrx_word' id='word_1_877' title='bbox 3363 5781 3450 5842; x_wconf 84' lang='grc' dir='ltr'>ὧν</span> <span class='ocrx_word' id='word_1_878' title='bbox 3484 5781 3833 5857; x_wconf 51' lang='grc' dir='ltr'>κατὰῖττιιέ</span> 
     </span>
    </p>
   </div>
  </div>
