4016 6260
364 282 465 336 185

1405 273 1751 334 HISTORIA]
1790 270 2346 327 ECCLESIASTICAE
2389 269 2517 326 ΜΒ.
2558 269 2623 325 ll.

3509 263 3612 319 186

358 415 510 464 σεως
533 397 680 468 (72),
695 400 800 452 καὶ
815 402 841 453 ὁ
859 397 996 468 Περὶ
1012 371 1120 467 τῆς
1140 397 1287 468 πρὸς
1311 394 1384 450 τὰ
1419 395 1783 466 παιδεύματα
1817 408 1953 447 συν-

2060 391 2264 460 fusione
2317 390 2636 460 linguarum.
2697 387 2792 442 Est
2838 395 2890 441 et
2927 387 3064 442 alius
3094 385 3170 440 De
3202 386 3327 456 fuga
3357 395 3402 439 et
3431 384 3611 439 inven-

356 489 524 543 όΰου.
544 490 692 561 Περί
719 509 789 545 τε
813 490 927 559 τοῦ,
945 493 1036 557 τίς
1048 495 1080 545 ό
1092 489 1210 544 τῶν
1225 491 1395 544 θείων
1411 489 1542 544 ἐστὶ
1559 488 1950 556 κληρονόμος,

356 579 551 649 ῆΠερὶ
582 578 708 648 τῆς
740 585 831 648 εὶς
860 580 929 634 τὰ
957 581 1061 634 τονα
1089 579 1186 633 καὶ
1209 580 1453 633 ἐναντία
1474 576 1677 647 τομῆς,
1702 579 1794 631 καὶ
1822 576 1900 628 ἔτι
1925 576 1954 627 ὁ

355 669 492 737 Περὶ
526 668 655 722 τῶν
679 671 864 739 τριῶν
884 670 1128 739 ἀρετῶν,
1156 669 1228 736 ἀς
1256 671 1378 724 σὺν
1409 669 1625 736 ἄλλαις
1655 669 1955 738 ἀνέγραψε

353 766 502 816 Μωσ
511 761 586 829 ῆς
597 804 611 816 .
659 765 710 816 Π
723 764 817 834 pb;
830 765 1058 828 τούτοις,
1071 766 1098 816 ὁ
1110 763 1246 832 Περὶ
1260 761 1377 815 τῶν
1382 761 1952 832 μετονομαζομένων,

354 855 450 908 καὶ
469 850 565 909 ὧν
585 857 784 913 ἕνεκα
799 857 1314 929 μετονομάζονται,
1341 859 1397 909 ἐν
1427 849 1472 924 ᾧ
1490 874 1619 926 φησι
1647 855 1958 927 συντεταχὲ-

356 966 444 1000 va:
459 949 561 1000 καὶ
581 951 730 1021 περὶ
749 951 1031 1022 Διαθηκῶν
1048 949 1267 1022 πρώτης
1280 953 1370 1003 καὶ
1384 950 1636 1021 δευτέρας
1650 949 1781 1020 (75).
1802 950 1956 1002 Ἔστι

355 1041 399 1093 δ’
420 1041 596 1093 αὐτοῦ
617 1045 726 1097 καὶ
742 1044 881 1113 Περὶ
897 1045 1192 1110 ἀποικίας,
1211 1045 1303 1096 καὶ
1319 1044 1460 1098 Βίου
1475 1043 1667 1113 σοροῦ
1683 1044 1787 1097 τοῦ
1811 1044 1958 1097 κατὰ

355 1135 778 1202 δικαιοσύνην
791 1136 1220 1202 τελειώθέντος,
1242 1137 1274 1207 ἢ
1295 1135 1429 1204 Περὶ
1447 1137 1644 1205 νόμων
1657 1134 1955 1204 ἀγράφων.

341 1226 463 1286 ,Καὶ
476 1224 562 1276 ἔτι
581 1226 744 1293 Περὶ
765 1226 1073 1295 γιγάντων,
1090 1227 1184 1280 καὶ
1199 1227 1333 1294 Περὶ
1352 1226 1458 1279 τοῦ
1469 1225 1554 1295 μὴ
1567 1225 1879 1294 τρέπεσθαι
1892 1225 1956 1280 τὸ

359 1315 533 1370 Ocior
554 1316 708 1386 (74),
723 1318 864 1386 Περί
891 1334 956 1370 τε
977 1317 1100 1380 τοῦ,
1119 1317 1257 1371 κατὰ
1281 1318 1533 1382 Μωῦσέα,
1557 1317 1957 1386 θεοπέμπτους

356 1404 510 1461 εἶναι
528 1408 689 1474 τοὺς
704 1410 976 1478 ὀνείρους
988 1409 1120 1481 (75),
1135 1409 1366 1482 πρῶτον,
1381 1410 1651 1483 δεύτερον,
1663 1409 1862 1481 τρίτον,
1878 1410 1959 1463 τὲ-

356 1519 584 1574 ταρτον,
613 1504 898 1576 πέμπτον.
932 1505 1040 1558 Καὶ
1059 1504 1229 1558 ταῦτα
1253 1506 1348 1575 μὲν
1380 1505 1448 1558 τὰ
1470 1507 1548 1569 εἰς
1568 1506 1710 1576 ἡμᾶς
1741 1505 1958 1558 ἐλθόντα

355 1594 466 1646 τῶν
481 1597 596 1661 Εἰς
612 1596 743 1664 τὴν
757 1597 1028 1650 Γένεοίν.
1045 1599 1148 1662 Εἰς
1162 1596 1218 1649 δὲ
1233 1596 1345 1664 τὴν
1359 1597 1606 1660 Ἕξοδον
1619 1598 1857 1668 ἔγνωμεν
1872 1598 1958 1650 αὑ-

358 1688 453 1742 τοῦ
482 1689 870 1758 Ζητημάτων
897 1689 992 1744 καὶ
1016 1691 1263 1743 Λύσεων
1279 1689 1512 1760 πρῶτον,
1539 1691 1807 1762 δεύτερον,
1837 1693 1956 1764 τρί-

358 1798 470 1845 τον,
505 1782 811 1851 τέταρτον,
842 1782 1108 1853 πέμπτον.
1131 1781 1240 1835 Καὶ
1253 1781 1314 1834 τὸ
1345 1782 1479 1850 Περὶ
1506 1781 1614 1849 τῆς
1627 1783 1879 1852 σκηνῆς,
1897 1785 1956 1838 τό

360 1891 419 1926 τε
436 1874 582 1941 Περὶ
604 1873 739 1926 τῶν
761 1873 905 1927 δέκα
919 1875 1158 1943 λογίων,
1182 1874 1276 1926 καὶ
1303 1872 1371 1926 τὰ
1383 1873 1519 1941 Περὶ
1539 1871 1653 1926 τῶν
1671 1874 1956 1943 ἀναφερο-

357 1966 566 2032 μένων
583 1965 661 2017 ἐν
679 1965 828 2019 εἴδει
860 1967 1060 2034 νόμων
1103 1967 1184 2027 εἰς
1214 1965 1282 2019 τὰ
1315 1965 1655 2020 συντείνοντα
1692 1967 1956 2035 κεφάλαια

363 2055 471 2109 τῶν
504 2056 649 2110 δέκα
672 2057 871 2125 λόγων,
900 2057 1133 2128 πρῶτον,
1160 2057 1425 2130 δεύτερον,
1449 2057 1650 2130 τρῐτον,
1680 2058 1951 2128 τέταρτον.

364 2151 473 2204 Καὶ
495 2153 561 2206 τὸ
592 2153 744 2221 Περὶ
781 2151 897 2205 τῶν
922 2155 1008 2218 είς
1034 2151 1140 2218 τὰς
1158 2153 1486 2221 ἱερουργίας
1505 2152 1679 2217 ζώων,
1702 2154 1797 2207 καὶ
1821 2154 1957 2206 τίνα

367 2243 437 2296 τὰ
453 2243 577 2298 τῶν
592 2243 832 2300 θυσιῶν
852 2243 998 2312 εἴδη.
1032 2245 1141 2297 Καὶ
1171 2244 1230 2296 τὸ
1250 2245 1384 2313 Περὶ
1419 2244 1536 2298 τῶν
1563 2245 1956 2316 προκειμένων

368 2337 534 2403 ἐντῷ
555 2339 734 2408 νόμῳ
747 2338 870 2403 τοῖς
882 2338 995 2408 μὲν
1011 2339 1251 2406 ἀγαθοῖς
1286 2337 1503 2404 ἄθλων,
1531 2338 1652 2404 τοῖς
1676 2337 1743 2390 δὲ
1771 2353 1954 2406 πονη-

368 2428 496 2496 ροῖς
515 2431 838 2499 ἐπιτιμίων
858 2432 950 2484 καὶ
969 2431 1146 2499 ἀρῶν.
1166 2431 1309 2501 Πρὸς
1329 2431 1535 2494 τούτοις
1555 2431 1722 2484 ἅπασι
1749 2433 1842 2485 καὶ
1863 2450 1956 2502 μο-

373 2521 601 2576 νὸὁιϐλα
634 2523 803 2576 αὑτοῦ
830 2523 1070 2595 φέρεται,
1087 2522 1162 2586 ὡς
1180 2523 1240 2575 τὸ
1258 2524 1394 2592 Περὶ
1411 2525 1698 2592 Προνοίας
1712 2524 1841 2595 (76),
1861 2527 1955 2580 nat

376 2655 689 2724 εὐχόμεθα
715 2657 810 2710 καὶ
842 2657 1387 2728 ἀζεομαρττφόμεθα,
1418 2661 1599 2728 λόγος
1620 2657 1725 2724 εἷς.
1767 2658 1954 2713 Hiero-

381 2740 581 2794 nymus
611 2728 852 2798 diui-rat,
880 2727 951 2780 De
977 2729 1040 2780 iis
1062 2745 1177 2795 quae
1199 2747 1353 2783 sensu
1393 2727 1667 2798 precamur
1711 2738 1758 2782 et
1811 2729 1951 2782 dete-

381 2796 758 2868 stamurJiber
782 2813 934 2868 unus.
965 2798 1066 2853 Ubi
1116 2799 1328 2868 notabis
1355 2796 1568 2853 sensum
1594 2799 1712 2860 poni
1748 2813 1845 2868 pro
1873 2800 1954 2852 in-

384 2865 635 2938 tellectu,
675 2882 825 2919 more
849 2867 990 2920 illius
1013 2867 1218 2938 smculi.
1265 2868 1356 2922 Sic
1384 2869 1523 2922 idem
1590 2865 1951 2938 Hieronymus

384 2935 438 2987 in
463 2933 658 2991 Indice
680 2938 963 2998 licereseon,
995 2954 1110 3004 eap.
1148 2937 1197 3002 7,
1219 2939 1287 2993 de
1314 2938 1721 3002 Valentinianis,
1746 2933 1951 2993 sensum

387 3020 608 3076 semper
641 3017 820 3066 vocat,
857 3009 944 3075 qui
983 3008 1166 3062 Greece
1195 3019 1276 3061 est
1331 3009 1472 3072 νοῦς,
1516 3018 1568 3062 et
1622 3009 1672 3062 in
1723 3024 1840 3076 cap.
1879 3010 1947 3064 ‘28

2054 487 2208 537 tione.
2251 483 2380 537 item
2412 485 2482 536 De
2511 498 2786 552 congressu
2810 491 2855 533 et
2885 481 3258 534 consuetudine
3287 495 3403 532 cum
3419 483 3609 531 huma-

2052 576 2282 629 nioribus
2305 575 2618 644 disciplinis.
2651 574 2916 627 Prmterea
2957 573 3088 638 Quis
3121 587 3291 625 rerum
3311 570 3611 624 divinarum

2053 669 2215 722 [iteres
2239 669 2327 729 sit,
2358 683 2448 721 seu
2482 667 2552 718 De
2581 667 2830 719 divisione
2861 665 2914 717 in
2947 674 3115 731 partes
3148 661 3376 731 tequales
3410 671 3458 714 et
3483 661 3614 714 ince-

2009 775 2012 782 '
2051 759 2251 830 quales.
2279 757 2409 810 Item
2444 757 2513 809 De
2541 758 2708 809 tribus
2745 755 3022 810 virtutibus
3051 771 3181 824 quas
3204 769 3319 806 cum
3352 752 3470 805 aliis
3495 751 3610 806 Μυ-

2053 869 2133 906 ses
2164 849 2456 918 descripsit.
2488 849 2584 903 Est
2635 849 2849 916 insuper
2897 848 3033 900 alius
3064 847 3196 898 liber
3228 846 3302 898 De
3345 845 3611 897 nominum

2054 944 2360 1004 mutatione,
2410 949 2457 994 et
2505 957 2634 1010 quas
2674 945 2734 992 ob
2760 947 2943 992 causas
2983 939 3194 990 nomina
3242 937 3606 990 immutantur.

2055 1037 2110 1091 In
2146 1052 2250 1104 quo
2291 1035 2426 1089 libro
2457 1035 2521 1087 de
2566 1033 2773 1087 duobus
2817 1033 3176 1086 Testamentis
3225 1032 3396 1099 primo
3435 1045 3496 1082 ac
3530 1043 3612 1082 se-

2057 1129 2227 1183 eundo
2268 1143 2325 1182 se
2355 1126 2640 1196 scripsisse
2669 1134 2916 1179 testatur.
2970 1124 3060 1178 Est
3105 1135 3152 1174 et
3207 1122 3342 1175 alius
3374 1122 3506 1173 litn-r
3539 1120 3612 1173 De

2055 1221 2383 1286 migratione.
2420 1219 2548 1272 Item
2596 1217 2670 1270 De
2698 1219 2800 1270 vita
2828 1217 3078 1282 sapientis
3120 1216 3206 1286 qui
3238 1232 3324 1280 per
3340 1214 3609 1282 justitiam

2058 1322 2439 1365 consummatus
2461 1317 2560 1370 est,
2583 1325 2676 1362 seu
2715 1308 2790 1361 De
2816 1308 3014 1377 legibus
3040 1324 3140 1359 non
3171 1307 3372 1372 scriptis
3394 1322 3412 1359 :
3454 1316 3505 1358 et
3537 1303 3612 1358 al-

2058 1411 2139 1455 ter
2169 1402 2242 1456 De
2272 1403 2598 1472 gigantibus;
2628 1411 2735 1453 tum
2790 1400 2940 1464 Quod
2990 1399 3125 1451 Deus
3157 1398 3221 1451 sit
3251 1396 3611 1450 immutabilis.

2058 1493 2203 1547 Adde
2237 1493 2318 1545 liis
2363 1491 2528 1545 libros
2554 1490 2794 1560 quinque
2841 1488 2916 1542 De
2943 1505 3000 1541 eo
3023 1487 3157 1555 quod
3191 1488 3393 1540 somnia
3419 1485 3612 1538 immit-

2059 1591 2238 1634 tantnr
2268 1600 2298 1634 a
2343 1581 2470 1646 Deo,
2495 1595 2561 1636 ex
2592 1581 2860 1634 sententia
2909 1579 3090 1632 Musis.
3119 1581 3292 1646 Atque
3318 1578 3370 1631 hi
3408 1590 3520 1630 sunt
3550 1576 3612 1630 li-

2058 1675 2139 1728 bri
2172 1675 2238 1730 ab
2272 1675 2359 1727 illo
2390 1677 2442 1728 in
2469 1673 2692 1728 Genesin
2730 1673 3060 1741 conscripti,
3086 1673 3174 1740 qui
3202 1673 3268 1725 ad
3295 1687 3392 1725 nos
3427 1685 3611 1737 perve—

1989 1747 2029 1802 Β
2059 1777 2273 1822 uerunt.
2312 1767 2374 1820 lu
2405 1765 2644 1821 Exortum
2676 1781 2808 1820 vero
2861 1765 3098 1834 quinque
3127 1765 3295 1818 libros
3348 1763 3606 1828 Qutrstio-

2057 1876 2179 1912 num
2233 1867 2281 1912 et
2334 1859 2668 1913 Solutionum
2715 1859 2782 1911 ab
2825 1871 2888 1911 eo
2919 1857 3147 1923 scriptos
3179 1855 3427 1909 vidimus.
3480 1854 3607 1908 Item

2058 1951 2133 2004 De
2159 1948 2511 2009 tabernaculo,
2536 1947 2609 2001 De
2629 1948 2800 2000 decem
2831 1947 3120 2015 praeceptis.
3147 1947 3284 2000 Sunt
3306 1955 3353 2001 et
3381 1955 3613 2014 quatuor

2056 2043 2174 2112 ejus
2206 2042 2326 2096 libri
2360 2041 2435 2095 De
2466 2041 2775 2108 specialibus
2801 2039 2997 2109 legibus
3023 2056 3140 2107 quae
3177 2040 3244 2092 ad
3275 2053 3484 2093 summa
3515 2039 3612 2092 De-

2056 2137 2226 2207 calogi
2269 2137 2444 2204 capita
2480 2135 2806 2188 referuntur.
2841 2134 2988 2188 Alius
3031 2135 3154 2187 item
3197 2133 3270 2186 De
3300 2132 3614 2186 animalibus

2054 2241 2170 2296 quae
2212 2224 2489 2292 sacriﬁciis
2536 2225 2782 2291 deputata
2837 2234 2979 2288 sunt,
3022 2235 3066 2277 et
3112 2240 3228 2291 qua:
3253 2233 3372 2276 sunt
3421 2224 3613 2291 species

2055 2318 2462 2385 sacrificiorum.
2497 2315 2573 2369 De
2604 2318 2836 2384 prazmiis
2863 2327 2908 2369 et
2953 2316 3225 2384 suppliciis
3266 2332 3382 2385 quae
3406 2317 3460 2368 in
3503 2315 3612 2384 lege

2053 2411 2321 2482 proposita
2345 2418 2465 2463 sum
2493 2418 2600 2460 tam
2644 2409 2791 2460 bonis
2822 2424 2978 2476 quam
3003 2407 3178 2460 malis.
3215 2407 3277 2460 Et
3318 2406 3392 2458 De
3420 2407 3610 2472 impre-

2054 2505 2368 2560 cationibus.
2415 2503 2616 2558 Praeter
2643 2501 2751 2572 59
2795 2503 2891 2555 hos
2927 2515 3116 2554 omnes
3155 2499 3611 2554 circumferuntur

2054 2677 2316 2716 consensu
2357 2658 2758 2713 Testamentum
2797 2659 3066 2722 dixerunt,
3101 2657 3403 2711 allndentes
3432 2658 3611 2725 potius

2053 2734 2120 2786 ad
2148 2732 2251 2783 vim
2281 2731 2447 2797 ipsam
2481 2730 2734 2791 nominis,
2767 2744 2870 2797 qua
2902 2729 3120 2782 testatio
3148 2729 3441 2797 voluntatis
3469 2728 3612 2797 desi-

2054 2811 2268 2869 gnatur,
2297 2795 2459 2868 quam
2493 2800 2556 2852 ad
2579 2799 2768 2852 mortis
2787 2795 3264 2864 signiﬁcationem.
3311 2795 3612 2869 Ostendere

2053 2868 2260 2926 scilicet
2285 2869 2595 2931 voluerunt.
2644 2879 2797 2937 pacta
2833 2869 2920 2921 illa
2972 2877 3026 2921 et
3065 2869 3329 2932 promissa
3381 2868 3467 2920 Dei
3506 2881 3612 2919 non

2055 2940 2234 2996 minus
2265 2940 2417 2992 ﬁrma
2447 2953 2565 2993 esse
2597 2955 2756 3007 quam
2803 2937 3443 3007 testamentahominum
3479 2947 3612 3007 irata

2054 3026 2172 3064 esse
2195 3011 2384 3072 solent.
2418 3005 2722 3063 Secundum
2754 3007 2929 3062 foedus
2959 3007 3057 3059 fuit
3097 3005 3243 3066 illud.
3278 3007 3418 3073 quod
3477 3006 3613 3060 Deus

385 3074 646 3151 ejusdem
675 3077 832 3151 libri.
853 3074 1117 3151 Itaetiam
1143 3078 1422 3151 _Eusebius
1479 3074 1808 3151 Emissenus.
1852 3094 1944 3134 seu
1975 3081 2015 3136 Ο
2049 3081 2248 3151 pepigit
2265 3094 2387 3151 eum
2417 3077 2562 3134 Mose
2591 3088 2644 3132 et
2675 3079 2950 3151 Israelitis,
2977 3088 3035 3130 ut
3084 3078 3256 3151 est__iu
3296 3075 3458 3151 lia-odi
3488 3090 3610 3144 cap.

383 3147 576 3210 potius
605 3147 904 3201 Eucherius
934 3148 987 3201 in
1014 3147 1230 3200 homilia
1263 3150 1428 3212 prima
1479 3150 1543 3201 de
1584 3151 1941 3203 Ascensione:

389 3215 583 3281 Totus,
610 3217 804 3282 inquit,
831 3219 980 3270 homo
1029 3219 1082 3270 in
1130 3218 1296 3271 animi
1335 3219 1617 3282 intellectu,
1676 3228 1726 3272 et
1768 3236 1948 3273 sensus

383 3289 668 3356 exercitio,
687 3297 733 3340 et
753 3289 804 3339 in
829 3289 1011 3340 mentis
1034 3287 1237 3340 ratione
1257 3304 1318 3340 ac
1340 3289 1509 3356 vigore
1535 3289 1784 3342 consistit.
1815 3287 1951 3342 Nul-

387 3355 436 3408 la
457 3359 604 3410 enim
635 3359 810 3411 carnis
844 3358 1044 3410 utilitas
1067 3366 1161 3411 est.
1193 3358 1259 3410 Et
1297 3357 1348 3411 in
1382 3355 1628 3412 Sermone
1662 3359 1727 3412 de
1759 3358 1951 3414 Pente-

387 3438 541 3480 coste
565 3443 692 3482 cum
717 3427 848 3481 dicit
879 3444 893 3481 :
925 3429 1004 3480 Ad
1033 3427 1129 3480 ltoc
1159 3428 1292 3480 enim
1335 3445 1539 3480 sensum
1582 3429 1949 3482 rationabilem

389 3506 604 3552 natum
649 3513 882 3555 munere.
924 3507 970 3551 et
1005 3498 1247 3552 secundae
1296 3499 1583 3552 nativitatis
1626 3501 1952 3566 reparatione

390 3571 738 3637 suscepimus.
773 3568 1066 3621 Rut‘musin
1099 3567 1412 3633 expositione
1433 3569 1654 3637 symboli
1693 3583 1711 3620 :
1763 3568 1952 3622 Conci-

389 3635 525 3691 lium
547 3635 796 3692 eanitatis
825 3648 896 3692 est
922 3647 968 3690 et
995 3639 1113 3701 hoc,
1138 3637 1276 3706 quod
1305 3639 1426 3691 olim
1466 3635 1799 3706 congregavit
1841 3655 1954 3706 per-

392 3709 547 3761 tinax
569 3719 616 3762 et
639 3723 800 3776 prava
828 3709 1089 3761 contentio
1114 3749 1128 3773 ,
1157 3723 1394 3760 asserens
1431 3709 1637 3776 quidem
1688 3707 1949 3761 Christum

391 3795 608 3832 carnem
647 3779 927 3830 humanam
953 3779 1259 3847 suscepisse,
1287 3794 1390 3831 non
1415 3789 1586 3830 tamen
1628 3789 1674 3832 et
1723 3780 1952 3832 animam

393 3849 734 3912 rationalem,
763 3864 880 3901 cum
906 3850 1084 3917 utique
1112 3857 1160 3901 et
1184 3849 1331 3920 carui
1351 3858 1397 3900 et
1422 3849 1632 3920 innima:
1680 3858 1742 3920 et
1778 3849 1952 3901 sensui

394 3929 439 3987 et
491 3921 651 3972 menti
703 3936 807 3972 una
854 3920 1135 3987 eademque
1157 3917 1300 3971 salus
1351 3917 1614 3972 ali/arista
1641 3918 1838 3972 collata
1859 3919 1950 3974 sit.

395 3986 498 4044 Ubi
523 3989 764 4042 delendze
792 3998 915 4042 sunt
951 3986 1108 4042 voces
1135 3989 1236 4042 illa;
1269 4000 1318 4040 et
1340 3989 1519 4045 menti.

465 4060 582 4128 (72)
618 4059 680 4112 '0
712 4058 844 4126 περὶ
867 4057 1062 4128 φυγῆς
1114 4059 1210 4112 καὶ
1247 4059 1556 4126 είιρέσεως.
1619 4056 1692 4110 Ita
1735 4059 1951 4127 quidem

398 4132 659 4184 scribitur
694 4130 745 4182 in
770 4131 956 4184 codice
989 4129 1174 4198 Regio,
1215 4144 1376 4195 quam
1407 4130 1730 4198 scripturam
1759 4130 1956 4183 contir-

399 4209 510 4253 mat
543 4201 792 4254 Ruﬁnus.
831 4201 1002 4254 Vertit
1028 4199 1172 4253 enim
1226 4199 1300 4252 De
1326 4210 1518 4252 natura
1545 4209 1592 4252 et
1640 4199 1951 4254 inventione.

398 4273 550 4334 Apud
581 4271 802 4323 Suidam
827 4271 913 4324 hic
939 4270 1074 4324 liber
1107 4269 1422 4324 inscribitur
1441 4269 1578 4336 Περὶ
1600 4270 1836 4338 φύσεως
1856 4271 1953 4323 καὶ

397 4340 749 4408 εὑρήματος.
775 4338 943 4404 Quam
967 4339 1372 4406 inscriptionem
1409 4340 1600 4393 Suidas
1630 4355 1694 4394 ex
1721 4341 1956 4408 Suphro-

2052 3145 2200 3205 Ξιιίιῖ
2243 3150 2558 3216 Quanquam
2588 3149 2778 3218 duplex
2815 3148 2987 3202 imitus
3013 3163 3132 3218 eum
3157 3145 3300 3218 Mose
3333 3147 3469 3198 Dens
3497 3161 3612 3214 per-

2047 3222 2216 3276 cussit
2249 3237 2262 3272 :
2297 3219 2444 3287 prius
2470 3216 2684 3287 quidem
2711 3221 2763 3272 in
2797 3228 2975 3272 mOute
3008 3217 3216 3287 lloreb,
3252 3216 3476 3268 alterum
3521 3229 3612 3287 νοτ

2052 3308 2110 3346 ro
2144 3293 2196 3344 in
2223 3285 2352 3359 agro
2387 3285 2762 3350 Moabitarum,
2797 3299 2852 3341 ut
2886 3288 3082 3355 legitur
3110 3289 3178 3359 in_
3206 3285 3611 3359 Deuteronpmii

2049 3377 2170 3429 cap.
2200 3355 2350 3414 xxix.
2383 3359 2456 3412 De
2485 3361 2690 3413 duobus
2737 3359 2819 3412 his
2850 3359 3139 3429 ltederilms
3169 3355 3361 3429 librum
3385 3357 3598 3429 scripse

2051 3421 2306 3484 raiPhilo
2331 3431 2429 3484 hoc
2453 3429 2646 3484 titulo:
2683 3429 2820 3496 Περὶ
2873 3426 3178 3494 Διαθηκῶν
3231 3425 3463 3492 πρώτης
3495 3421 3613 3478 ’καὶ

2048 3501 2348 3569 δευτέρας.
2376 3499 2468 3553 Sic
2496 3500 2637 3552 enim
2671 3499 2928 3552 scribitur
2952 3501 3004 3569 in
3032 3509 3271 3569 quatuor
3301 3499 3498 3569 nostris
3520 3511 3612 3569 (Σοτ

2051 3565 2279 3631 dicibtls,
2308 3570 2445 3627 Mal.
2479 3570 2705 3633 scilicet,
2737 3570 2898 3632 Mem,
2952 3567 3085 3621 Fuit.
3126 3580 3178 3622 et
3234 3565 3406 3618 Savil.
3454 3565 3609 3631 Quod

2051 3643 2094 3695 si
2123 3641 2245 3708 quis
2277 3641 2542 3710 vulgatam
2561 3639 2774 3710 codicis
2813 3639 2960 3707 Regii
2989 3640 3345 3710 scripturam
3373 3637 3610 3710 retinere

2052 3706 2324 3774 maluerit,
2355 3706 2458 3764 non
2492 3709 2642 3763 valde
2672 3706 2997 3778 repugnabo.
3027 3708 3182 3761 Certe
3224 3707 3387 3778 Philo
3414 3707 3610 3778 diserte

2054 3789 2280 3850 testatur
2312 3781 2446 3834 duos
2477 3794 2561 3850 se
2583 3775 2750 3850 libros
2772 3775 3054 3850 scripsisse
3098 3777 3237 3844 Περὶ
3280 3775 3608 3850 Amarynthis.

2052 3849 2146 3904 Sic
2171 3851 2314 3902 enim
2356 3851 2432 3904 ait
2467 3851 2522 3902 in
2555 3849 2689 3902 libro
2712 3847 2788 3900 De
2816 3844 3084 3900 nominum
3105 3844 3414 3899 ntutatione:
3437 3845 3538 3897 Τὸν
3556 3844 3612 3897 δὲ

2054 3919 2191 3988 Περὶ
2227 3920 2529 3987 Διαθηκῶν
2563 3916 2853 3988 σύμπαντα
2896 3917 3071 3984 λόγον,
3099 3920 3155 3970 ἐν
3205 3916 3353 3968 δυσὶν
3415 3914 3612 3984 ἀναγέ-

2049 4007 2238 4063 γρφφα
2259 3990 2514 4063 resim-

2122 4055 2236 4132 (74)
2259 4055 2412 4131 vulg.
2434 4060 2470 4128 ἢ
2497 4059 2626 4132 περὶ
2645 4059 2749 4132 τοῦ
2760 4058 2844 4132 μὴ
2867 4058 3179 4132 τρέπεσθαι
3194 4057 3254 4132 τνιὲ
3273 4055 3615 4132 (νεῖον-’.Βῆ-

2054 4127 2289 4185 bendum
2329 4127 2411 4185 est
2437 4127 2534 4184 καὶ
2567 4130 2700 4198 περὶ
2729 4129 2853 4195 τοῦ,
2891 4140 2994 4180 etc.
3028 4130 3118 4181 Est
3149 4130 3286 4198 enim
3315 4129 3499 4178 titulus
3530 4127 3612 4178 al-

2058 4203 2227 4256 terius
2266 4202 2406 4262 libri,
2439 4202 2527 4270 qui
2564 4202 2614 4252 in
2643 4197 2883 4270 vulgatis
2910 4198 3154 4270 l’hilonis
3183 4197 3510 4270 editionibus
3535 4198 3611 4252 ita

2053 4273 2407 4341 perSeribitnr
2435 4265 2605 4337 ε’Περὶ
2635 4265 2854 4322 τοῦῖἔτι
2881 4265 3265 4341 ἄτδιιεπτονρτό
3282 4267 3470 4322 Beier.

2124 4342 2238 4412 (75)
2265 4343 2401 4410 Περὶ
2434 4334 2716 4394 toﬁ—nata
2743 4335 3421 4412 Mtuvoéaot-Jostéyntovc
3462 4334 3614 4394 εἶναι

405 4411 838 4486 niotliertmymi
866 4411 1157 4486 interprete
1186 4409 1500 4486 desumpsit.
1535 4409 1728 4486 Veru_m
1761 4411 1948 4486 optimi

2053 4413 2193 4478 τοὺς
2221 4409 2661 4486 ὀνείρουςαηβλ.
2704 4410 2847 4486 γηιδ.
2877 4427 2925 4486 ε.
2954 4411 3120 4486 Aliter
3146 4409 3495 4486 huncdocum
3535 4411 3611 4486 le-

401 4483 616 4536 codices
666 4478 801 4533 Max.
841 4495 903 4533 ac
961 4479 1120 4540 Med.,
1173 4494 1296 4533 cum
1348 4478 1480 4532 Fuk.
1545 4489 1598 4534 et
1659 4479 1948 4548 Saviliano,

401 4552 695 4621 praeferunt
732 4553 830 4604 καὶ
861 4553 892 4603 ὁ
914 4550 1051 4618 Περὶ
1075 4550 1308 4621 φύσεως
1342 4549 1958 4621 ζιαὶίαὶρέσεως.ρυεπε

402 4619 673 4676 assentior
702 4621 1023 4689 Niceplioro,
1064 4622 1153 4688 qui
1182 4620 1317 4674 duos
1345 4619 1584 4674 Philonis
1608 4621 1776 4675 libros
1813 4633 1958 4676 recte

402 4693 648 4746 distinxit
681 4710 693 4744 :
729 4707 951 4762 quorum
976 4690 1450 4762 alter_ins_criptus
1483 4691 1958 4760 θωιΠερὶφυγῆς

400 4762 497 4814 καὶ
531 4759 833 4830 αἱρέσεως,
871 4762 921 4814 id
972 4772 1074 4820 est.
1110 4760 1184 4814 De
1230 4759 1353 4828 fuga
1392 4771 1437 4812 et
1488 4759 1771 4830 electione;
1821 4767 1958 4815 alter

398 4832 538 4911 ῌερὶ
570 4829 812 4911 φύσεως
838 4831 937 4884 καὶ
971 4830 1410 4911 εὑρέσεωςηειορ
1433 4839 1535 4911 est,
1577 4829 1658 4911 D_e_
1687 4843 1879 4884 natura
1907 4842 1956 4886 et

402 4905 713 4956 inventione.
731 4903 804 4956 Ex
823 4918 930 4970 quo
955 4911 1176 4970 apparet
1199 4901 1440 4955 codicem
1466 4901 1824 4955 Eusebianum
1849 4919 1956 4970 quo

403 4989 531 5027 usus
564 4983 648 5026 est
681 4972 1037 5042 Nicephorus,
1072 4971 1172 5026 hoc
1205 4972 1419 5042 quidem
1476 4973 1529 5024 in
1584 4972 1704 5025 loco
1751 4974 1956 5028 nostris

406 5040 1250 5109 exemplaribusemendatiorem
1290 5040 1473 5094 fuisse.

471 5113 581 5182 (75)
612 5113 758 5182 Vulg.
794 5113 923 5180 περὶ
951 5110 1242 5178 διαθηκῶν
1270 5109 1500 5178 πρῶτον
1532 5111 1628 5164 καὶ
1655 5111 1952 5181 δεύτερον.

404 5181 757 5253 Hieronymus
785 5195 838 5236 et
882 5182 1399 5253 Christophorsouus
1429 5192 1643 5253 vertunt
1663 5183 1739 5235 De
1767 5188 1950 5251 pactis.

404 5253 506 5306 Sed
553 5251 685 5313 nos.
731 5253 981 5306 Ruﬁnum
1042 5253 1231 5313 secuti,
1279 5251 1563 5311 maluimus
1611 5263 1822 5306 vertere
1880 5253 1954 5307 De

404 5325 740 5376 testamentis.
773 5323 1046 5393 Διαθήκην
1098 5320 1238 5376 LXX
1285 5320 1608 5393 interpretes
1664 5334 1954 5391 posuerunt

405 5407 502 5460 pro
535 5395 775 5462 pactione
801 5391 959 5462 quam
983 5391 1453 5462 Οτίεοίίσυνθήκην
1493 5403 1702 5454 vocant,
1754 5403 1811 5446 ut
1853 5410 1952 5448 no-

405 5464 538 5516 tavit
576 5461 810 5517 lsidorus
841 5462 1127 5516 Pelusiota.
1157 5461 1432 5530 Praecipue
1452 5472 1629 5516 autem
1681 5463 1759 5518 sic
1791 5480 1952 5519 voca-

404 5542 529 5585 runt
569 5535 770 5587 fmdera
801 5548 919 5601 quae
959 5531 1101 5586 Deus
1132 5534 1282 5588 inivit
1320 5547 1440 5585 cum
1480 5533 1824 5601 hominibus;
1859 5550 1953 5587 cu-

399 5601 638 5667 jusmodi
675 5603 840 5656 multa
869 5604 1174 5656 referuntur
1220 5605 1271 5657 in
1331 5602 1511 5656 Veteri
1563 5601 1946 5658 lnstruniento.

406 5673 510 5745 Sed
536 5673 775 5745 oniniutp
803 5675 1100 5745 maximum
1146 5681 1224 5728 est
1257 5683 1330 5745 et
1366 5673 1762 5745 sapctissimum
1806 5675 1950 5744 quod

413 5741 547 5797 Deus
573 5741 771 5813 pepigit
796 5758 918 5799 cum
946 5741 1262 5804 Abrahamo.
1289 5742 1400 5801 Hoc
1421 5741 1597 5799 Latini
1626 5757 1812 5801 omnes
1825 5741 1951 5802 'uno

2062 4477 2204 4548 uisse
2233 4477 2446 4536 videtur
2475 4477 2720 4535 Rulin‘usl
2754 4481 2920 4533 Vertit
2946 4482 3086 4532 enim
3137 4477 3214 4530 De
3261 4477 3457 4546 Moysis
3512 4482 3612 4532 vita

2060 4553 2218 4606 libros
2247 4554 2487 4622 quinque.
2519 4554 2589 4604 De
2612 4569 2673 4622 eo
2704 4553 2839 4620 quod
2865 4570 2894 4603 a
2929 4551 3030 4602 Deo
3080 4549 3354 4622 mittantur
3385 4551 3610 4622 somnia.

2061 4625 2163 4676 Sed
2187 4621 2306 4676 cum
2341 4622 2415 4676 De
2437 4623 2539 4676 vita
2570 4621 2733 4676 Mosis
2763 4622 2924 4674 libros
2955 4633 3064 4673 tres
3087 4621 3345 4670 duntaxat
3381 4621 3611 4683 scripse-

2060 4695 2128 4745 rit
2155 4693 2324 4757 Philo,
2361 4693 2474 4746 hanc
2506 4693 2680 4745 ltutini
2719 4694 2892 4745 versit)
2926 4690 3053 4743 ferri
3090 4704 3192 4740 non
3222 4697 3416 4754 potest.
3448 4687 3524 4740 De
3552 4705 3610 4740 eo

2058 4763 2273 4832 quidem
2309 4764 2447 4832 quod
2468 4781 2498 4816 a
2527 4763 2630 4815 Deo
2657 4763 2934 4814 mittantur
2965 4759 3190 4821 somnia,
3238 4767 3346 4811 tres
3395 4758 3556 4832 libros
3580 4773 3610 4811 a

2058 4828 2280 4887 Philone
2309 4828 2648 4900 conscriptos
2682 4832 2845 4885 fuisse
2873 4841 3116 4900 constat;
3143 4843 3366 4900 quorum
3404 4828 3611 4900 primus

2057 4903 2236 4970 periit,
2259 4897 2541 4958 secundus
2563 4911 2737 4958 exstat
2805 4916 2924 4970 pag.
2976 4899 3080 4953 465
3136 4898 3388 4950 editionis
3455 4897 3608 4970 Pari-

2001 4977 2004 4980 ’
2056 4969 2249 5028 Siensis
2276 4991 2289 5026 :
2317 4975 2368 5027 in
2399 4973 2549 5039 cujus
2592 4969 2819 5026 exordio
2863 4971 3190 5024 mentionem
3237 4970 3360 5019 lat-it
3415 4969 3610 5039 pt-pris

2057 5042 2198 5106 libri,
2237 5059 2398 5112 quem
2431 5036 2495 5098 de
2525 5045 2711 5097 eodem
2741 5050 3056 5111 argntnento
3103 5036 3608 5112 exaraverat._Ter-

2057 5115 2159 5167 tius
2184 5109 2397 5167 delnum
2425 5122 2600 5167 exstat
2623 5114 2757 5166 liber
2786 5109 2838 5165 in
2868 5113 3054 5165 eadem
3085 5109 3318 5163 editione
3359 5127 3409 5177 p.
3447 5109 3604 5176 1108,

2055 5199 2160 5238 non
2190 5199 2286 5237 suo
2319 5185 2436 5239 loco
2470 5185 2696 5251 positus.
2727 5185 2807 5235 An
2841 5192 3019 5234 autem
3061 5181 3239 5249 plures
3306 5179 3392 5233 his
3435 5180 3605 5233 tribus

2053 5255 2546 5320 scripserttlibros,
2577 5254 2734 5307 nobis
2771 5267 2872 5306 non
2919 5260 3148 5305 constat.
3211 5251 3408 5304 Suidas
3459 5261 3606 5303 certe

2053 5325 2290 5392 quinque
2327 5325 2489 5377 libros
2523 5325 2760 5377 Philonis
2785 5325 2849 5375 de
2875 5323 3097 5392 somniis
3126 5331 3530 5392 commemorat.

2122 5387 2235 5463 (76')
2255 5392 2408 5462 Vulg.
2424 5393 2496 5446 τὰ
2509 5393 2639 5462 περὶ
2658 5393 2961 5460 Προνοίας.
2982 5391 3035 5444 In
3053 5393 3235 5446 codice
3251 5391 3381 5444 Man.
3402 5403 3452 5444 et
3471 5387 3604 5463 uk.

2053 5462 2313 5532 scriptum
2347 5474 2430 5518 est
2465 5465 2524 5518 τὸ
2576 5466 2717 5532 Περὶ
2757 5463 3070 5529 Προνοίας,
3132 5465 3364 5525 rectius;
3416 5462 3606 5532 unicus

2051 5529 2195 5588 enim
2219 5534 2318 5587 fuit
2354 5534 2589 5588 Philonis
2621 5529 2756 5588 liber
2788 5534 2890 5587 hoc
2924 5534 3074 5585 titulo
3102 5542 3432 5598 praenotatos
3463 5529 3604 5598 Περὶ

2054 5605 2366 5672 Προνοίας.
2403 5605 2456 5656 In
2509 5605 2874 5672 manuscripto
2915 5601 3154 5655 Philonis
3179 5603 3380 5672 _eod_ice
3426 5601 3608 5672 biblio-

2054 5669 2225 5728 theca:
2249 5677 2595 5743 Augustarum,
2626 5674 2714 5727 hic
2745 5669 2988 5727 Philonis
3018 5673 3152 5726 liber
3168 5670 3244 5724 De
3275 5669 3604 5743 Prouidentia

2053 5741 2397 5801 confunditur
2424 5759 2552 5798 cum
2578 5745 2746 5801 altero
2786 5743 3026 5814 ejusdem
3059 5743 3297 5798 Philonis
3343 5741 3478 5796 libro
3503 5742 3602 5792 ad-
