4016 6260
410 274 513 329 187

1152 267 1415 326 EUSEBII
1458 266 1935 353 CESARIENSIS

2072 267 2123 322 P.
2164 263 2343 320 rans
2379 266 2419 322 l.
2473 249 2921 320 ~HISTUBICA.
3004 313 3021 326 .

3542 258 3634 314 188

408 396 576 440 etiam
609 380 916 452 singulares
949 380 1190 451 ejusdem
1221 380 1367 435 libri.
1406 378 1482 434 De
1511 379 1861 448 providentia.
1898 378 1969 432 De

2074 378 2102 431 ὁ
2120 377 2256 443 Περὶ
2287 376 2729 448 Ἰουδαίωνκῦῖ)
2761 376 3076 448 συνταχθεὶς
3106 373 3253 446 αύτῷ
3279 374 3456 445 λόγος,
3501 376 3636 429 καὶὸ

406 476 636 533 Judtris.
671 476 744 529 De
766 476 973 530 homine
1001 475 1200 527 ciuilem
1229 475 1385 528 vitam
1416 483 1619 541 agente.
1649 470 1965 536 Alexander,

410 571 526 625 sive
560 570 637 623 De
660 586 719 623 eo
748 567 889 640 quod
918 570 1071 622 bruta
1095 564 1348 620 animalia
1376 565 1579 617 ratione
1598 564 1699 617 sint
1724 564 1968 631 praedita.

412 657 545 714 Item
578 656 732 723 Quod
753 658 1048 727 quicunque
1083 664 1259 722 peccat
1296 669 1473 707 servus
1504 662 1599 706 est.
1627 652 1722 707 Ctti
1752 652 1971 720 subjun-

413 760 536 805 etus
568 759 653 805 est
686 750 845 814 liber,
873 749 948 803 De
973 766 1032 802 eo
1058 747 1195 817 quod
1222 746 1353 798 liber
1371 754 1445 798 est
1483 745 1776 814 quicunque
1792 742 1973 798 virtuti

410 842 607 896 studet.
634 839 890 909 Sequitur
923 840 1057 894 liber
1087 838 1176 892 ille
1211 835 1281 890 De
1303 837 1405 889 vita
1446 835 1847 905 contemplativa
1877 849 1971 889 seu

413 934 493 987 De
516 933 857 1002 supplicibus,
886 944 950 985 ex
978 945 1083 999 quo
1112 929 1287 997 capita
1323 928 1564 997 quietiam
1599 928 1666 982 de
1715 924 1970 996 apostoli-

413 1014 598 1079 corum
648 1024 924 1079 hominum
957 1023 1067 1077 vita
1102 1036 1263 1092 supra
1310 1019 1611 1074 retulimus.
1646 1016 1751 1072 Sed
1792 1025 1846 1071 et
1874 1014 1977 1071 He-

415 1116 711 1170 braicorum
755 1114 1024 1168 nominum
1053 1129 1170 1182 qua:
1211 1115 1263 1167 in
1305 1113 1414 1183 lege
1443 1121 1492 1166 et
1519 1113 1572 1167 in
1595 1111 1862 1183 prophetis
1895 1126 1977 1165 oc-

409 1215 672 1271 currunt,
725 1207 1181 1276 interpretationes
1227 1204 1295 1259 ab
1344 1205 1458 1274 ipso
1516 1205 1826 1275 compositas
1854 1218 1977 1260 esse

414 1298 687 1353 dicuntur.
721 1298 864 1353 idem
893 1314 1017 1353 cum
1062 1297 1362 1366 imperante
1382 1296 1512 1352 Caio
1538 1297 1760 1352 Romam
1792 1296 1975 1352 venis-

413 1400 514 1452 ειει,
548 1389 850 1460 librumque
896 1391 962 1444 de
1009 1390 1151 1444 illius
1198 1389 1495 1444 sceleribus
1524 1399 1578 1443 et
1601 1388 1818 1460 ﬂagitiis
1847 1403 1977 1443 con—

411 1482 727 1550 scripsisset
759 1523 774 1549 ,
816 1497 975 1551 quem
1009 1497 1103 1550 per
1149 1480 1547 1536 cavillationem
1582 1479 1655 1535 De
1700 1481 1977 1536 virtutibus

413 1574 710 1643 inscripsit,
737 1574 1074 1645 postmodum
1108 1572 1332 1627 Claudio
1365 1573 1733 1642 adimperium
1765 1582 1975 1637 evecto,

413 1681 594 1719 coram
627 1666 876 1720 universo
905 1676 1090 1720 senatu
1117 1664 1313 1718 librum
1335 1661 1480 1715 illum
1507 1661 1681 1717 fertur
1699 1662 1974 1720 recitasse.

2072 469 2508 536 Πολιτικός-ἔτι
2537 486 2596 522 τε
2611 469 2663 522 Ὀ
2698 468 3096 544 Ἀλέξανδρος,
3128 468 3314 540 ῆΠερὶ
3331 465 3435 521 τοῦ
3450 467 3637 536 λόγον

2079 561 2244 632 ἔχειν
2269 561 2341 616 τὰ
2371 561 2561 633 ἄλογα
2606 561 2733 624 ζῶα.
2766 561 2887 615 Ἐπὶ
2917 560 3125 624 τούτοις
3150 563 3178 615 ὁ
3205 559 3344 629 Περὶ
3373 559 3477 615 τοῦ
3506 558 3638 614 δοῦ-

2070 657 2185 709 λον
2214 650 2365 707 εἶναι
2393 653 2588 708 πάντα
2614 654 2875 723 φαῦλον.
2894 646 2964 723 ᾯ
2989 653 3113 725 ἑξῆς
3130 654 3295 717 ἐστιν,
3325 656 3357 708 ὀ
3372 652 3511 721 Περὶ
3530 650 3635 705 τοῦ

2072 744 2267 799 πάντα
2298 745 2631 800 σπουδαῖον
2644 746 2957 813 ἐλεύθερον
2978 741 3148 799 εἶναι.
3178 744 3311 798 Μεθ’
3336 743 3427 808 οὓς
3450 744 3628 797 συντέ-

2070 855 2262 891 τακται
2276 838 2443 908 αὐτῷ,
2463 841 2492 893 ὁ
2513 837 2652 906 Περὶ
2668 838 2810 902 βίου
2828 836 3174 905 θεωρητικοῦ
3192 836 3224 907 ἢ
3244 835 3472 899 ἱκετῶν,
3500 835 3558 901 ἐξ
3573 831 3635 887 οὗ

2071 925 2139 980 τὰ
2163 929 2288 998 περὶ
2301 927 2393 982 τοῦ
2425 927 2538 998 βίου
2561 927 2665 980 τῶν
2693 925 3060 979 ἁποστολικῶν
3087 925 3293 996 ἀνδρῶν
3325 924 3637 995 διεληλύθα-

2078 1035 2175 1091 μεν
2197 1037 2210 1050 ο
2243 1020 2335 1072 καὶ
2370 1017 2496 1071 Τῶν
2509 1019 2578 1071 ἐν
2592 1018 2752 1087 νόμῳ
2766 1015 2833 1070 δὲ
2847 1017 2942 1070 καὶ
2965 1003 3160 1086 προρῆ
3169 1033 3295 1083 ταις
3327 1016 3638 1085 Ἑϐραϊκῶν

2074 1110 2380 1180 ὀνομάτων
2406 1112 2464 1164 αἱ
2488 1110 2782 1179 ἐρμηνειαι
2805 1107 3054 1182 (78),τοῦ
3084 1109 3247 1162 αὑτοῦ
3279 1109 3480 1178 σπουδὴ
3502 1103 3638 1161 εἶναι

2073 1201 2314 1273 λέγονται
2331 1198 2639 1274 (79)..Οὗτος
2658 1202 2753 1272 μὲν
2767 1197 2859 1255 οὖν
2879 1201 3018 1255 κατὰ
3028 1202 3182 1256 Γάϊον
3203 1201 3293 1254 ἐπὶ
3305 1201 3402 1272 τῆς
3425 1201 3636 1273 Ῥώμης

2075 1295 2419 1366 ἀφικόμενος,
2440 1293 2511 1347 τὰ
2534 1294 2661 1367 περὶ
2686 1296 2785 1365 τῆς
2812 1295 2971 1348 Γαΐου
2996 1292 3309 1362 θεοστυγὶας
3334 1292 3480 1364 αὐτῷ
3500 1310 3638 1365 γρα-

2075 1387 2263 1459 φέντα,
2306 1386 2341 1441 ἃ
2385 1386 2519 1457 μετὰ
2545 1387 2705 1458 ἤθους
2733 1388 2824 1440 καὶ
2855 1386 3130 1458 εἰρωνείας
3172 1386 3476 1458 ἐπέγραψεν
3501 1384 3637 1454 Περὶ

2073 1478 2317 1548 ἀρετῶν,
2352 1479 2445 1531 ἐπὶ
2473 1478 2650 1548 πάσης
2673 1477 2886 1546 λέγεται
2906 1479 3005 1549 τῆς
3034 1478 3316 1549 Ῥωμαίων
3340 1478 3637 1549 συγκλήτου

2076 1570 2216 1625 κατὰ
2244 1569 2505 1624 Κλαύδιον
2541 1570 2786 1634 διελθεῖν,
2826 1571 2901 1635 ὡς
2932 1571 3025 1625 καὶ
3057 1571 3155 1641 τῆς
3186 1573 3242 1625 ὲν
3273 1570 3637 1643 βιϐλιοθήκαις

2078 1661 2381 1725 ἀναθέσεως
2421 1661 2829 1734 θαυμασθέντας
2872 1661 3034 1717 αὐτοῦ
3078 1661 3472 1733 καταξιωθῆναι
3511 1662 3638 1725 τοὺς

412 1754 513 1823 Qui
573 1756 790 1826 quidem
834 1765 977 1809 tanta
1027 1755 1266 1810 omnium
1328 1753 1685 1808 admiratione
1720 1763 1969 1823 exceptus

2076 1754 2283 1824 λόγους.
2314 1754 2624 1826 Τηνικαῦτα
2653 1755 2708 1808 δὲ
2731 1755 2823 1808 καὶ
2859 1754 3072 1808 Παύλου
3099 1755 3197 1825 τὴν
3231 1754 3337 1807 ἀπὸ
3375 1755 3627 1827 Ἰερουσα-

405 1855 514 1912 est,
560 1856 618 1901 ut
669 1846 785 1914 ejus
816 1849 1014 1914 scripta
1044 1847 1206 1915 digna
1248 1845 1510 1914 deinceps
1536 1843 1774 1911 iudicata
1823 1843 1929 1898 sint
1955 1883 1970 1910 ,

410 1956 531 2010 qua:
562 1941 613 1994 in
668 1939 1017 1995 bibliothecis
1061 1939 1291 2009 publicis
1356 1946 1827 1992 consecrarentur.
1860 1936 1974 1992 Sub

412 2033 553 2088 idem
586 2040 796 2101 tempus
821 2047 942 2085 cum
969 2030 1167 2085 Paulus
1198 2031 1471 2098 apostolus
1497 2031 1564 2085 ab
1583 2028 1974 2100 Hierosolymis

407 2132 465 2176 et
502 2122 743 2177 finitimis
779 2121 913 2177 locis
940 2136 1223 2191 regressus
1253 2124 1318 2176 ad
1348 2122 1614 2194 Illyricum
1649 2133 1973 2191 usquepro-

409 2223 644 2284 peruret,
677 2213 935 2269 Claudius
989 2215 1286 2284 imperator
1328 2212 1543 2269 Iudaeos
1575 2214 1719 2271 Urbe
1745 2214 1971 2282 expulit.

412 2308 566 2363 Unde
592 2307 784 2377 Aquila
818 2316 875 2362 et
926 2307 1172 2363 Priscilla
1208 2325 1329 2365 cum
1394 2309 1514 2362 aliis
1563 2307 1765 2364 Judazis
1800 2307 1970 2362 Roma

411 2399 636 2468 egressi,
672 2399 724 2453 in
757 2398 941 2452 Asiam
977 2399 1323 2470 appulerunt,
1359 2399 1540 2468 ibique
1569 2414 1691 2454 cum
1728 2398 1973 2467 apostolo

407 2489 573 2547 Paulo
601 2491 689 2562 qui
721 2489 1081 2547 Ecclesiarum
1141 2493 1374 2562 regionis
1426 2492 1574 2547 illius
1626 2491 1973 2546 fundamenta

2075 1846 2186 1918 λὴμ
2229 1847 2324 1900 καὶ
2371 1846 2552 1919 κύκλῳ
2591 1847 2811 1919 πορείαν
2869 1846 3027 1919 μέχρι
3067 1845 3160 1899 τοῦ
3204 1844 3495 1918 Ἰλλυρικοῦ
3534 1845 3638 1899 δια-

2075 1936 2310 2003 νύοντος,
2344 1938 2626 2002 Ἰουδαίους
2661 1938 2874 2010 Ῥώμης
2900 1938 3188 1992 ἀπελαύνει
3218 1937 3481 2002 Κλαύδιος
3503 1936 3635 2008 (80).

2079 2033 2207 2085 Ὅτε
2245 2031 2471 2095 Ἀκύλας
2503 2031 2611 2102 (81)
2657 2032 2751 2085 καὶ
2804 2032 3102 2104 Πρίσκιλλα
3142 2030 3279 2104 μετὰ
3321 2024 3428 2086 τῶν
3466 2030 3639 2087 ἄλλων

2092 2123 2356 2178 Ἰουδαίων
2383 2124 2479 2196 τῆς
2515 2122 2729 2195 Ῥώμης
2752 2123 3173 2192 ἀπαλλαγέντες,
3207 2125 3296 2179 ἐπὶ
3317 2124 3416 2196 τὴν
3459 2124 3638 2180 Ἀσίαί

2079 2214 2458 2285 καταίρουσιν·
2505 2214 2739 2268 ἐνταῦθά
2766 2233 2826 2268 τε
2861 2216 3056 2288 Παύλῳ
3098 2216 3175 2287 τῷ
3213 2216 3490 2287 ἀποστόλῳ
3518 2233 3621 2270 συν

2077 2306 2428 2378 διατρίϐουσι,
2469 2310 2593 2371 τοὺς
2622 2307 2807 2361 αὐτόθι
2860 2308 2968 2362 τῶν
2996 2306 3332 2380 Ἐκκλησιῶν
3352 2309 3477 2379 ἄρτι
3503 2308 3638 2378 πρὸς

2076 2397 2237 2451 αὐτοῦ
2286 2396 2717 2469 καταϐληθέντας
2762 2398 3040 2470 θεμελίους
3087 2399 3636 2471 ὲπιστηρίζοντι..Δι-

2077 2488 2339 2553 δάσκαλος
2368 2488 2461 2542 καὶ
2485 2488 2687 2542 τούτων
2713 2492 2745 2562 ή
2775 2490 2894 2562 ἱερὰ
2919 2490 3027 2544 τῶν
3047 2490 3300 2564 Πράξεων
3325 2493 3532 2563 γραφή.

410 2601 439 2641 a
467 2600 527 2640 se
557 2598 743 2640 recens
773 2585 948 2656 posita
983 2594 1092 2639 tum
1120 2585 1354 2639 maxime
1377 2584 1646 2650 firmabat,
1666 2579 1983 2640 commorati
2023 2594 2171 2647 sunt,
2208 2592 2268 2636 ut
2294 2583 2452 2636 docet
2483 2581 2693 2637 divinus
2716 2583 2945 2639 Actuum
2967 2584 3381 2655 apostolicorum
3409 2586 3577 2640 liber-

409 2757 589 2810 uersus
622 2739 890 2793 Flaccum.
926 2740 1094 2795 Periit
1137 2741 1354 2810 quidem
1403 2739 1493 2810 hic
1539 2739 1780 2796 Philonis
1835 2740 1975 2793 liber

412 2811 490 2863 De
514 2808 869 2863 Providentia.
905 2810 1010 2864 Sed
1041 2808 1169 2879 ejus
1206 2811 1414 2879 insigne
1471 2809 1833 2878 fragmentum
1881 2811 1976 2863 ha-

410 2880 507 2950 bes
537 2881 675 2948 apud
706 2881 989 2950 Eusebium
1016 2878 1188 2935 in’lib.
1218 2878 1333 2935 vut
1361 2878 1801 2950 Pra’parationis,
1851 2895 1970 2950 cap.

413 2948 627 3011 ultimo,
659 2959 712 3002 et
738 2949 789 3001 iu
826 2950 918 3003 lib.
957 2966 1053 3010 vn.
1087 2966 1138 3006 c.
1165 2950 1256 3003 2|.

2079 2738 2358 2810 Claudium
2388 2753 2576 2810 omnes
2625 2740 2940 2810 peregrinos
2976 2743 3111 2795 urbe
3148 2743 3449 2810 expulisse,
3495 2748 3636 2804 inter

2079 2823 2214 2888 quos
2234 2808 2394 2888 etiam
2430 2807 2579 2863 fuere
2607 2807 2799 2864 Judaei.
2844 2809 2897 2888 l_d
2932 2814 3074 2888 enim
3109 2807 3267 2888 antea
3297 2817 3363 2868 ab
3392 2807 3636 2888 ningusto

2083 2879 2282 2951 factum
2309 2877 2527 2943 fuerat;
2558 2889 2613 2933 et
2639 2896 2667 2933 a
2700 2883 2901 2934 secutis
2931 2882 3347 2946 imperatoribus
3385 2877 3638 2951 frequen-

2083 2950 2284 3027 tissime
2312 2959 2508 3027 postea
2527 2960 2860 3027 usurpatum,
2892 2953 3099 3027 quoties
3132 2953 3256 3027 urbs
3270 2955 3433 3008 Roma
3465 2973 3636 3027 penu-

622 3018 1253 3095 ῌερρ-Ἰορδαίωνι-Νοη
1281 3020 1464 3095 dubito
1483 3020 1608 3095 quin
1636 3019 1973 3095 scribendum
2001 3036 2045 3095 ς,
2079 3019 2158 3072 ria
2185 3033 2414 3095 annonae
2424 3018 2741 3095 laborabat.
2768 3018 2941 3095 atque
2985 3022 3056 3095 ita
3090 3018 3477 3091 explicaudum'
3506 3045 3636 3084 cen-

414 3088 501 3143 sit'
526 3088 693 3157 Ὑπὲρ
737 3088 1057 3144 Ἰουδαίων.
1093 3091 1184 3145 Sic
1210 3091 1351 3144 enim
1387 3090 1634 3144 laudatur
1673 3090 1759 3143 hic
1789 3090 1971 3145 Philo-

413 3161 499 3213 nis
531 3160 665 3211 liber
708 3160 775 3213 ab
825 3161 1055 3216 Eusebio
1102 3162 1154 3214 in
1196 3160 1290 3214 lib.
1323 3175 1417 3214 vm
1471 3160 1544 3213 De
1588 3161 1973 3227 prteparatione

411 3229 726 3297 evangelica,
759 3245 881 3299 cap.
916 3230 983 3283 li)
1009 3231 1144 3295 ,‘ubi
1186 3231 1334 3285 locus
1375 3229 1647 3297 profertur
1682 3229 1974 3296 elegantis-

412 3299 581 3369 simus
602 3300 682 3369 ex
729 3300 831 3369 τῆς
880 3300 1110 3364 Φίλωνος
1171 3299 1351 3369 ’Υπὲρ
1407 3299 1709 3353 Ἰουδαίων
1752 3301 1974 3356 ἀπολο-

410 3367 562 3437 γίας.
584 3367 1031 3441 ΔΕιιιεειιὶιιιίοιιοιιι
1051 3379 1286 3441 nostram
1312 3367 1596 3441 confirmat
1616 3371 1853 3441 Iiufiuus.
1878 3372 1970 3441 qui

411 3441 559 3508 hunc
578 3438 755 3508 laeum
785 3440 857 3491 ita
898 3441 1088 3503 vertit,
1126 3437 1408 3508 deludwis
1425 3439 1774 3508 apologeticus
1805 3437 1953 3495 liber.

478 3507 620 3580 (778)!
665 3508 985 3580 Ἑϐραϊκῶν
1029 3507 1330 3580 ὀνομάτων
1370 3510 1688 3579 ἑρμηνεῖαι.
1747 3510 1820 3564 De
1873 3513 1973 3565 hoc

413 3575 653 3632 Philonis
686 3575 824 3632 libro
852 3575 1209 3648 Hieronymus
1239 3581 1288 3632 in
1322 3575 1764 3645 interpretatione
1801 3582 1971 3634 nomi-

416 3663 544 3701 num
575 3648 960 3703 ilehraicorum
1010 3651 1086 3717 ita
1125 3650 1348 3704 scribit:
1386 3648 1541 3702 Philo
1564 3691 1579 3714 ,
1623 3650 1699 3703 vir
1733 3652 1972 3705 disertis-

411 3719 575 3789 simus
607 3717 941 3782 Juda'orum,
968 3718 1207 3789 Origenis
1246 3734 1447 3788 quoque
1493 3720 1788 3773 testimonio
1831 3736 1972 3773 com-

411 3788 662 3856 probatur
711 3790 936 3843 edidisse
979 3788 1171 3843 librum
1233 3789 1966 3857 llebraicorum-nominum,

411 3860 1215 3929 eorumqueetymologiasjuxta
1252 3860 1484 3912 ordinem
1512 3861 1801 3929 litterarum
1836 3877 1863 3913 e
1891 3860 1972 3913 la-

411 3928 838 3998 terercopulasse.
899 3928 1001 3994 Qui
1043 3946 1159 3984 cum
1203 3930 1352 3998 vulgo
1394 3929 1650 3982 habeatur
1677 3947 1708 3981 a
1746 3928 1968 3998 Gracia,

411 4006 460 4071 e_t
514 3997 1038 4071 bibliothecasrorbis
1067 3997 1375 4071 impleverit,
1415 4001 1581 4071 studii
1614 3999 1741 4053 mihi
1768 4000 1869 4071 fuit
1914 3997 1971 4057 in

411 4064 656 4122 Latinam
697 4085 813 4122 eum
858 4070 1094 4138 linguam
1140 4064 1382 4123 'vertere.
1423 4068 1595 4123 Porro
1645 4064 1779 4123 cum'
1817 4070 1971 4126 Philo

413 4151 475 4209 ea
521 4138 786 4192 duntaxat
837 4142 1048 4193 nomina
1095 4140 1484 4206 interpretatus
1533 4139 1721 4194 fuisset
1754 4156 1872 4209 qua:
1916 4143 1968 4196 in

412 4207 532 4276 lege
552 4223 615 4262 ac
639 4210 915 4277 prophetis
943 4210 1278 4263 habebantur
1296 4248 1312 4269 ,
1345 4218 1529 4277 postea
1558 4207 1819 4277 Origenes
1843 4226 1969 4266 ver-

411 4277 693 4350 borumac
714 4280 989 4350 nominum
1022 4278 1153 4333 Novi
1184 4277 1519 4350 Testamenti
1574 4281 1970 4350 interpretatio—

413 4361 535 4416 nem
567 4348 793 4416 adjecit,
839 4348 1091 4415 suppleas
1120 4348 1365 4402 videlicet
1392 4348 1442 4402 id
1465 4351 1604 4415 quod
1636 4350 1686 4402 in
1715 4348 1969 4406 Philonis

412 4415 552 4471 libro
577 4415 763 4489 deesse
791 4420 1093 4485 videbatur,
1141 4418 1425 4489 ut_scribit
1471 4419 1828 4489 Hieronymus
1870 4423 1970 4476 ibi-

411 4489 552 4560 dem.
583 4487 845 4560 Origenes
885 4491 936 4542 in
974 4490 1067 4543 lib.
1115 4505 1147 4541 ν
1200 4487 1491 4560 Comment.
1531 4491 1584 4543 in
1626 4487 1967 4560 Erangelium

406 4554 634 4630 Joannis
657 4554 1021 4613 {Invenimus
1066 4575 1187 4629 ergo
1225 4559 1284 4613 in
1326 4554 1971 4630 interpretatione'nomi-

410 4643 555 4692 num,
580 4628 828 4693 Joannes,
852 4639 959 4686 etc.

480 4697 591 4768 (79)
610 4699 860 4771 Σπουδὴ
890 4697 1041 4754 εἶναι
1058 4700 1354 4771 λέγονται.
1387 4699 1521 4754 Tres
1537 4698 1706 4755 nostri
1730 4701 1965 4771 codices,

409 4765 581 4833 Mam,
603 4770 740 4823 Med.
773 4765 1081 4826 ac'Fuketii
1113 4765 1372 4839 scriptum
1402 4770 1601 4825 habent
1633 4770 1878 4825 σπουδαί.

478 4840 590 4910 (80)
657 4840 984 4908 Ἰουδαίους
1022 4841 1246 4912 Ῥώμης
1295 4842 1617 4896 ἀπελαύνει
1653 4841 1964 4909 Κλαύδιος.

409 4908 721 4979 Desumpsit
764 4913 864 4964 hoc
914 4929 980 4967 ex
1038 4908 1285 4967 Luca'iu
1330 4913 1552 4966 Actibus
1602 4908 1966 4979 apostolorum

408 4994 528 5047 cap.
555 4996 707 5034 xvui.
741 4981 807 5034 Et
827 4981 1050 5037 Orosius
1071 4982 1284 5049 quidem
1316 4996 1458 5035 anno
1500 4982 1704 5036 Claudii
1749 4997 1889 5035 nuno
1914 4984 1966 5036 id

409 5061 615 5118 gestum
641 5067 761 5104 esse
789 5052 979 5106 scribit
1005 5068 1070 5105 ex
1097 5052 1347 5121 Josepho.
1397 5051 1791 5121 Anno,iuquit,
1822 5054 1965 5118 ejus-

408 5122 521 5172 dem
547 5136 682 5172 nono
710 5124 951 5189 expulsos
965 5138 1068 5191 .per
1087 5120 1366 5176 Claudium
1393 5122 1518 5174 urbe
1552 5120 1779 5191 Judwos
1819 5123 1968 5177 .lose-

409 5191 539 5261 ptius
569 5191 752 5261 tradit.
800 5189 998 5246 Verum
1030 5191 1254 5261 Josepiii
1293 5193 1445 5246 locus
1477 5189 1632 5258 cujus
1656 5193 1965 5247 testimonio

409 5260 578 5311 utitur
607 5258 846 5325 Orosius,
873 5262 1028 5315 hodie
1058 5258 1378 5317 non—exstat.
1399 5262 1580 5328 Itaque
1600 5263 1820 5316 Orosius
1855 5279 1965 5318 nie-

408 5331 579 5401 moria
613 5330 794 5401 lapsus
817 5332 947 5386 mihi
973 5332 1201 5387 videtur.
1235 5334 1314 5386 Ac
1349 5330 1594 5400 profecto
1629 5347 1962 5401 nequaquam

410 5399 704 5471 verisimile
722 5410 823 5467 est,
849 5402 1127 5457 Claudium
1162 5404 1314 5471 imp.,
1344 5399 1434 5469 qui
1466 5409 1614 5455 tanta
1640 5399 1964 5458 benevolen-

410 5469 483 5544 ti_a
512 5485 721 5544 semper
740 5471 951 5528 Judaeos
979 5469 1292 5544 complexus
1307 5481 1413 5535 est,
1443 5481 1503 5544 ut
1521 5480 1670 5540 patet
1685 5487 1750 5526 ex
1781 5473 1964 5529 multis

408 5538 783 5613 ejus‘edictis
806 5558 925 5612 qua:
961 5538 1117 5613 apud
1147 5542 1440 5612 .losephum
1495 5538 1745 5613 leguntur
1765 5583 1781 5607 ,
1814 5544 1963 5612 ipsos

411 5609 728 5665 nominatim
758 5609 972 5669 Judaeos
992 5609 1124 5668 urbe
1151 5609 1447 5681 expulisse.
1483 5609 1958 5681 Crediderim'po-

414 5687 519 5731 tus
541 5718 554 5741 ,
587 5695 706 5754 cum
734 5698 940 5754 magna
973 5685 1155 5754 Romae
1186 5682 1357 5754 fames
1385 5694 1501 5754 orta
1529 5689 1673 5754 esset
1693 5722 1708 5743 ,
1730 5684 1796 5754 id
1818 5686 1961 5753 quod

413 5765 556 5807 anno
580 5751 790 5810 Claudii
821 5751 1031 5812 decimo
1074 5753 1304 5811 refertur
1346 5753 1402 5813 in
1432 5752 1687 5811 Chronico
1712 5751 1957 5829 Eusebii,

2080 3091 2371 3164 seolocum
2403 3088 2549 3164 i||_um
2600 3090 2744 3164 beati
2785 3088 2967 3164 Lucae.
3012 3088 3173 3157 Quod
3212 3095 3258 3148 si
3294 3095 3427 3164 quis
3470 3099 3636 3156 fultus

2078 3161 2396 3237 auctoritate
2445 3158 2720 3222 Suetonii,
2764 3162 3067 3228 Opinionem
3112 3158 3633 3237 nostrantrrespuat,

2078 3231 2324 3299 equidem
2366 3245 2469 3283 nou
2516 3244 2838 3298 magnopere
2874 3232 3196 3297 repugnabo.
3251 3231 3500 3291 Orosiuni
3550 3231 3638 3293 si...

2077 3302 2186 3373 cuti
2231 3310 2359 3373 sunt
2407 3300 2678 3373 deinceps
2703 3314 2889 3354 omnes
2924 3302 3349 3373 Cbronngraplii,
3382 3317 3437 3359 et
3469 3309 3633 3361 Baro-

2078 3370 2199 3423 nius
2229 3371 2280 3424 in
2300 3368 2613 3424 Annalibus.
2645 3369 2814 3437 Quem
2836 3378 3011 3424 tamen
3040 3368 3225 3437 mirer,
3241 3368 3371 3428 eum
3396 3379 3629 3434 edictum

2080 3440 2212 3495 illud
2250 3439 2458 3494 Claudii
2504 3450 2693 3494 contra
2743 3439 2956 3495 Judaeos
3001 3440 3202 3496 referat
3243 3459 3386 3498 anno
3425 3448 3630 3504 Clamiii

2078 3524 2244 3575 nono,
2277 3509 2560 3581 concilium
2593 3510 3132 3581 llierosolymitanum
3170 3514 3221 3566 in
3256 3517 3499 3570 eumdem
3533 3536 3633 3572 an-

2079 3596 2202 3634 num
2233 3579 2604 3653 conferret.“
2637 3582 2688 3635 id
2723 3579 3005 3636 manifesto
3035 3593 3238 3653 pugnat
3261 3599 3380 3638 cum
3407 3588 3634 3644 Actibus

2076 3650 2457 3727 apostolorum.
2501 3649 2633 3727 l‘iam
2679 3663 2798 3719 post
2846 3649 3133 3727 concilium
3190 3654 3632 3727 Hierosolymita-

2076 3736 2238 3792 num,
2267 3719 2411 3788 quod
2439 3719 2667 3792 refertur
2691 3736 2807 3790 cap.
2845 3738 2914 3775 \'v
2936 3762 2951 3786 ,
2982 3722 3177 3792 Paulus
3219 3719 3494 3792 regressus
3528 3732 3633 3782 Au-

2078 3790 2329 3867 tiocliiam
2368 3791 2730 3857 apostolorum
2750 3792 3052 3867 Epistolam
3083 3790 3343 3848 fratribus
3387 3799 3628 3867 tradidit,

2075 3870 2131 3914 et
2157 3859 2432 3929 aliquanto
2469 3870 2709 3929 tempore
2749 3859 2944 3917 ibidem
2976 3875 3218 3918 moratus
3246 3878 3368 3919 esse
3408 3859 3627 3923 dicitur;

2078 3930 2325 4001 Posthtcc
2352 3930 2623 3995 seiunctus
2669 3948 2696 3984 a
2726 3932 2964 3988 Barnaba
2989 3973 3005 3999 ,
3049 3934 3184 3988 abiit
3209 3936 3260 3987 in
3302 3937 3514 4001 Syriam
3564 3956 3629 3995 ac

2075 3999 2358 4077 Ciii_ciam_,
2385 4003 2683 4077 prtetiicaus
2711 4003 2927 4077 verbum
2962 4003 3074 4057 Dei.
3101 4003 3226 4057 inde
3263 4007 3313 4058 in
3338 3999 3626 4077 Phrygiam

2075 4069 2427 4141 etgGalatiam
2456 4087 2521 4125 ac
2549 4072 2766 4141 Mysiam
2794 4074 3065 4140 profectus
3092 4084 3196 4138 est,
3235 4078 3319 4129 ubi
3342 4077 3392 4129 in
3423 4069 3628 4135 sbniuis

2075 4139 2551 4217 a_Spiritu_saucto
2575 4139 2983 4217 admonitus-stin
3017 4143 3391 4217 Macedoniam
3408 4151 3628 4217 naviga-

2075 4211 2173 4284 vit,
2188 4224 2269 4284 _ac_
2287 4210 2518 4284 primum
2560 4213 2776 4284 quidem
2808 4214 3063 4284 Philippis
3094 4210 3623 4284 annuntiavit“dein

2074 4280 2272 4334 Christi
2315 4298 2328 4333 :
2371 4282 2606 4348 postlnec
2646 4280 3034 4338 Thessalonicae
3072 4295 3122 4338 et
3175 4283 3444 4342 Berrhoae.
3488 4288 3626 4344 Hine

2074 4351 2315 4424 Athenas
2335 4364 2455 4424 cum
2500 4351 2843 4421 navigasset,
2882 4355 3080 4408 diutius
3122 4353 3195 4406 ibi
3238 4362 3621 4424 commoratus,

2000 4402 2046 4458 1)
2075 4402 2206 4493 dum
2247 4402 3625 4493 Timotneain"éi'siimiiEiié‘ﬁeéiat3111;333:231

2076 4490 2173 4566 bus
2202 4492 2427 4566 verbum
2442 4490 2536 4566 _Dei
2559 4490 2887 4566 praedicavit.
2932 4490 3128 4566 Deinde
3157 4490 3469 4550 Corinthum
3504 4513 3623 4566 pro-

2070 4559 2266 4637 fectus,
2295 4561 2545 4637 Aquilam
2576 4573 2630 4615 et
2652 4562 2946 4637 Priscillam
2979 4564 3046 4618 ibi
3068 4567 3294 4637 reperit,
3326 4570 3416 4637 qui
3451 4559 3623 4636 nuper

2069 4645 2135 4706 eo
2152 4631 2398 4706 abitalia
2428 4642 2687 4706 venerant
2712 4633 3032 4706 obedictum
3057 4631 3410 4706 Claudii,quo
3433 4631 3622 4694 omnes

2067 4699 2235 4756 Judaei
2282 4701 2542 4770 compulsi
2592 4714 2750 4756 erant
2789 4702 2929 4757 Urbe
2975 4699 3277 4770 excedere,
3320 4699 3381 4762 ut
3429 4718 3512 4763 est
3565 4711 3618 4763 in
3655 4753 3660 4757 .

2068 4786 2190 4848 cap.
2228 4774 2627 4848 lVlllﬁ'Cluu-Iil
2680 4775 3061 4848 apostolorum.
3092 4772 3194 4848 Ἐκ
3240 4777 3323 4831 his
3373 4793 3616 4848 apparet,

2069 4841 2523 4918 iptereonciii‘um
2564 4842 2946 4918 Hierosolymis
2975 4844 3220 4918 habitum
3242 4887 3256 4908 ,
3279 4858 3334 4901 et
3376 4841 3613 4903 edictum

2067 4904 2309 4983 Claudii,
2338 4912 2558 4983 multum
2597 4904 2854 4983 temporis
2899 4904 3284 4971 intercessisse.
3331 4919 3447 4983 Quo
3478 4930 3614 4973 tem-

2066 4982 2214 5050 poris
2247 4982 2642 5054 spatiogcuncta
2683 4987 2795 5039 [nec
2842 4999 2960 5053 qua:
3003 4982 3382 5054 compendiose
3430 4992 3616 5043 retuli-

2069 5067 2218 5124 mus,
2244 5067 2274 5105 a
2305 5050 2470 5107 Paulo
2497 5056 2735 5121 apostolo
2760 5050 2883 5109 sunt
2920 5064 3088 5124 gestu.
3122 5050 3178 5109 lu
3212 5054 3467 5112 Chronico
3505 5061 3616 5113 Ale-

2067 5122 2330 5194 xandrino
2361 5126 2650 5177 concilium
2674 5122 3208 5194 iiierosoij'mitauum
3234 5127 3613 5186 referturanno

2067 5192 2278 5246 Claudii
2328 5204 2513 5258 sexto,
2548 5196 2736 5251 melius
2779 5192 3004 5249 dixisset
3051 5199 3287 5264 septimo.
3334 5200 3424 5253 Sic
3467 5202 3609 5255 enim

2066 5273 2257 5316 cuncta
2299 5265 2514 5333 egregie
2558 5267 2901 5320 conveniunt.
2945 5264 3076 5319 Nam
3126 5266 3323 5322 Paulus
3381 5268 3613 5327 residuis

2067 5334 2342 5410 mensibus
2376 5335 2506 5410 anni
2534 5335 2676 5410 illius
2703 5351 2808 5405 quo
2833 5334 3117 5390 concilium
3140 5338 3382 5410 habitum
3412 5339 3610 5410 fuerat,

2065 5405 2262 5480 mansit
2298 5405 2781 5480 Antiochiaa,_tum
2820 5422 2962 5480 anno
3009 5409 3252 5480 sequenti
3301 5410 3511 5480 Syriam
3556 5405 3611 5467 ei

2063 5471 2306 5548 Ciliciam
2334 5475 2687 5548 perlustravit
2715 5491 2835 5530 cum
2862 5471 3102 5548 Phrygia
3121 5489 3170 5531 et
3198 5471 3426 5534 Galatia.
3455 5485 3612 5538 Anno

2064 5544 2279 5597 demum
2307 5544 2511 5599 Claudii
2538 5561 2679 5600 nono
2704 5551 2851 5600 venit
2875 5550 2925 5601 in
2952 5544 3238 5603 Graeciam.

2130 5616 2242 5683 (8|)
2266 5614 2401 5691 "ore
2415 5614 2680 5691 Ἀκύλας.
2702 5617 2760 5691 id
2786 5630 2866 5671 est
2889 5635 2989 5688 quo
3034 5631 3257 5688 tempore
3272 5622 3482 5691 Aquila,
3502 5634 3608 5683 etc.

2062 5682 2244 5768 Potest
2271 5687 2432 5768 etiam
2468 5688 2567 5759 legi
2614 5682 2913 5768 disjunclitu
2947 5692 2975 5745 ὃ
3030 5708 3109 5758 τε,
3135 5682 3205 5744 ἰιι
3255 5682 3523 5768 ίιιίὶεεῖο-
3555 5682 3610 5752 et

2060 5751 2193 5810 Fuit.
2221 5755 2404 5813 codice
2430 5751 2917 5830 scriptutu'inveni.
