4016 6260
276 239 370 298 189

828 369 1221 424 ΚΕΦᾹΛΑῘΟΝ
1249 370 1347 424 ΙΘἎ

292 454 391 534 οἶα
406 454 546 534 τοὺς
679 458 1122 534 ’ζερορ-ολῷμοις
1155 460 1756 534 Ἰουδαίουςσνυμςρορὰ
1766 480 1868 533 με-

325 526 542 594 τῆλθεν
554 527 628 580 ἐν
648 526 728 599 τῇ
748 526 857 585 τοῦ
877 526 1298 602 maxumum
1323 526 1461 603 (Nic:
1481 526 1637 589 Η
1653 526 1710 599 ιῐ,
1728 526 1840 604 26).

364 621 480 673 Ἔτι
507 619 568 672 δὲ
601 621 881 676 Κλαυδίου
933 623 999 677 τὰ
1029 623 1130 694 τῆς
1158 623 1431 695 βασιλείας
1449 625 1740 690 διέποντος,
1773 643 1870 679 κα-

299 712 361 765 τὰ
384 711 477 782 τὴν
503 710 602 765 τοῦ
643 715 842 786 Πάσχα
901 716 1110 787 ἑορτήν,
1162 716 1426 788 τοσαύτην
1485 719 1576 771 ἐπὶ
1605 718 1712 771 τῶν
1777 720 1870 772 Ἰε-

305 803 611 876 ροσολύμων
654 806 846 860 στάσιν
901 810 994 861 καὶ
1019 809 1260 881 ταραχὴν
1303 809 1615 878 ἐγγενέσθαι
1653 812 1866 882 συνέϐη,

301 897 370 960 ὡς
404 897 569 967 μόνον
609 899 720 952 τῶν
754 901 884 971 περὶ
923 901 1020 964 τὰς
1046 901 1258 968 ἐξόδους
1285 901 1377 955 τοῦ
1409 902 1554 974 ἱεροῦ
1605 903 1696 973 βίᾳ
1750 923 1872 958 συν-

298 988 647 1060 ωθουμένων,
676 993 826 1063 τρεῖς
854 992 1118 1064 μυριάδας
1137 992 1247 1065 (82)
1283 995 1546 1050 Ἰουδαίων
1583 996 1870 1052 ἀποθανεῖν

300 1081 434 1152 πρὸς
449 1082 702 1154 ἀλλήλων
737 1085 1247 1156 καταπατηθέντων,
1270 1086 1521 1155 γενέσθαι
1548 1105 1608 1140 τε
1633 1088 1731 1158 τὴν
1754 1089 1872 1160 ἐορ-

297 1173 392 1244 τὴν
417 1173 616 1237 πένθος
647 1176 742 1246 μὲν
768 1176 872 1247 ὅλῳ
897 1176 973 1247 τῷ
993 1176 1154 1242 ἔθνει,
1197 1177 1391 1250 θρῆνον
1408 1179 1464 1231 δὲ
1488 1179 1607 1232 καθ’
1638 1179 1871 1252 ἑκάστην

297 1264 494 1321 οἰκίαν.
522 1267 816 1322 Κα“ιταῦτα
842 1269 939 1340 μὲν
963 1271 1147 1341 σχεδὸν
1168 1271 1308 1324 κατὰ
1343 1271 1489 1336 λέξιν
1518 1274 1545 1326 ὁ
1587 1271 1866 1344 Ἰώσηπος.

299 1357 567 1422 Κλαύδιος
620 1359 675 1412 δὲ
720 1361 1054 1432 Ἀγρίππαν,
1117 1363 1415 1434 Ἀγρίππου
1477 1363 1684 1427 etaiam!
1740 1365 1872 1417 ’lou~

298 1449 464 1503 δαίων
556 1451 844 1522 καθίστησι
926 1452 1144 1522 βασιλέα
1215 1454 1346 1525 (85),
1380 1453 1585 1526 Φήλικα
1615 1455 1723 1526 (84)
1773 1455 1872 1525 τῆς

299 1540 484 1612 χώρας
536 1541 756 1612 ἁπάσης
813 1545 1123 1616 Σαμαρείας
1163 1563 1221 1598 τε
1270 1546 1362 1599 καὶ
1420 1544 1727 1609 Γαλιλαίας,
1779 1547 1872 1599 καὶ

303 1635 530 1706 προσέτι
561 1637 664 1707 τῆς
692 1637 1120 1710 ἐπικαλουμένης
1160 1639 1418 1710 Περαίας,
1453 1637 1742 1711 ἐπίτροπον
1776 1640 1870 1692 ἐκ-

1323 251 1672 310 HISTORIA]
1714 253 2267 312 ECCLESlASTlC/E
2307 256 2431 314 LIB.
2471 255 2536 312 ll.

1899 380 1946 436 A

3420 268 3520 324 l90

2541 373 2764 432 CAPUT
2800 376 2940 435 XIX.

2043 469 2348 533 Cuiusmodi
2394 471 2670 546 cryamitas
2695 472 2912 546 Juda’os
2945 472 3316 546 Hierosolymis
3341 475 3452 546 ipso

2424 540 2646 595 Pascha:
2694 545 2777 597 die
2810 545 3066 615 aﬂlixerit.

2040 631 2302 686 Craterum
2325 631 2548 687 Claudio
2576 633 2876 689 Romanum
2913 635 3084 691 adhuc
3115 635 3394 706 imperium
3429 650 3522 705 gn-

1973 725 2254 790 bernante,
2287 734 2434 779 tanta
2474 726 2667 782 seditio
2697 737 2984 796 tantusque
3025 729 3286 782 tumultus
3332 727 3523 781 l-liero-

1970 816 2196 888 solymis
2225 817 2277 870 in
2338 817 2450 886 ipsa
2485 818 2823 872 solemnitate
2855 818 3076 874 Paschm
3108 819 3370 874 conﬂatus
3417 827 3520 884 est,

1971 918 2030 962 ut
2053 908 2262 962 illorum
2293 908 2550 961 duntaxat
2579 908 2667 976 qui
2696 909 2840 964 circa
2871 909 3052 978 templi
3078 919 3257 978 portas
3284 912 3524 965 contrusi

1971 1010 2024 1054 et
2055 999 2280 1054 conferti
2306 1000 2713 1056 conculcatione
2737 1009 2921 1054 mutua
2951 1002 3244 1068 perierunt,
3271 1017 3526 1058 numerus

1972 1093 2038 1146 ad
2097 1091 2313 1161 triginta
2370 1090 2646 1146 hominum
2701 1091 2864 1145 millia
2929 1094 3240 1162 pervenisse
3289 1093 3522 1146 dicatur.

1969 1184 2120 1239 Adeo
2146 1191 2203 1237 ut
2233 1182 2402 1235 festus
2426 1182 2514 1237 ille
2545 1183 2657 1238 dies
2683 1193 2735 1237 et
2764 1185 3028 1239 universae
3060 1185 3204 1254 genti
3262 1183 3518 1253 lugubris.

1971 1283 2024 1328 et
2047 1275 2273 1344 singulis
2307 1274 2527 1329 familiis
2565 1274 2924 1329 lamentabilis
2958 1275 3139 1330 fuerit.
3201 1274 3323 1329 Haec
3369 1273 3524 1330 Jose-

1971 1367 2108 1434 phus
2137 1366 2330 1420 iisdem
2356 1364 2470 1420 fere
2504 1365 2684 1418 verbis
2714 1374 2996 1420 memorat.
3038 1365 3242 1420 Interea
3273 1365 3528 1421 Claudius

1971 1456 2263 1527 Agrippam
2299 1458 2544 1528 Agrippa:
2573 1456 2737 1510 lilium
2766 1457 3068 1512 Judazorum
3105 1471 3284 1527 regem
3320 1457 3527 1512 consti-

1976 1551 2094 1612 tuit,
2133 1551 2300 1603 misso
2329 1549 2508 1603 Felice
2553 1549 2646 1617 qui
2692 1547 2886 1604 Iudaeae
2910 1548 3068 1603 simul
3103 1559 3156 1603 et
3187 1548 3447 1602 Samaria:
3473 1555 3528 1602 et

1973 1642 2224 1706 Galilaeaa,
2260 1653 2313 1696 et
2336 1643 2567 1713 regionis
2597 1651 2744 1696 trans
2766 1641 3049 1698 Jordanem
3072 1643 3180 1714 ϐο
3209 1651 3528 1711 procurator

304 1727 544 1797 πέμψας.
598 1730 886 1800 Διοικήσας
929 1729 986 1782 δέ
1049 1730 1208 1793 αὐτὸς
1269 1730 1366 1801 τὴν
1399 1730 1693 1801 ἠγεμονίαν
1725 1729 1868 1783 ἔτεσι

1977 1745 2139 1791 esset.
2185 1735 2302 1804 Ipse
2361 1750 2484 1790 cum
2533 1735 2786 1790 tredecim
2827 1736 2984 1790 annis
3044 1745 3100 1788 et
3150 1743 3273 1789 Octo
3305 1734 3530 1802 insuper

301 1820 447 1890 τρισὶ
479 1820 575 1873 καὶ
603 1821 738 1874 δέκα
760 1822 896 1894 πρὸς
929 1822 1090 1894 μησὶν
1121 1821 1284 1886 ὀκτὼ,
1324 1821 1550 1894 Νέρωνα
1574 1823 1669 1893 τῆς
1697 1821 1870 1893 ἀρχῆς

301 1911 538 1982 διάδοχον
567 1911 881 1966 καταλιπὼν
911 1914 1153 1984 τελευτᾷ.

836 2005 1229 2058 ΚΕΦΑΛΑῙΟΝ
1259 2007 1342 2059 Κ’.

376 2087 480 2149 οἷα
526 2097 628 2150 καὶ
660 2097 811 2168 κατὰ
841 2099 1078 2168 Νέρωνα
1203 2097 1326 2164 τοῖς
1368 2097 1804 2168 Ἰεροσολύμοις

657 2167 922 2237 ἐπράχθη
946 2167 1083 2237 (Nic.
1123 2167 1194 2221 Η.
1231 2167 1294 2220 E.
1321 2184 1381 2232 ιι,
1408 2168 1521 2239 26).

374 2257 527 2312 Κατὰ
578 2258 634 2312 δὲ
674 2260 900 2330 Νέρωνα
943 2259 1169 2330 Φήλικος
1213 2259 1313 2330 τῆς
1367 2260 1622 2324 Ἰουδαίας
1659 2260 1872 2332 ἐπιτρο-

305 2347 582 2415 πευοντος,
617 2353 800 2416 αὐτοῖς
842 2355 1045 2424 ῥήμασι
1094 2349 1248 2416 αὖθις
1295 2355 1322 2407 ὁ
1363 2353 1642 2424 Ἰώσηπος,
1674 2353 1769 2425 τήν
1794 2355 1872 2418 είς

305 2441 566 2514 ἀλλήλους
603 2444 790 2496 στάσιν
815 2443 923 2496 τῶν
956 2444 1142 2513 ἱερέων
1166 2439 1268 2497 ὧδε
1299 2463 1414 2508 πως
1440 2447 1497 2498 ἐν
1530 2446 1757 2516 εἰκοστῷ
1777 2446 1872 2516 τῆς

316 2533 768 2605 Ἀρχαιολογίας
785 2537 1044 2606 γράφεισι
1082 2536 1394 2602 Ἐξάτπεται
1436 2536 1492 2589 δὲ
1526 2538 1741 2601 καὶτοῖς
1773 2538 1872 2608 ἀρ-

304 2627 546 2698 κιερεῦσι
585 2628 771 2691 στάσις
799 2627 934 2698 πρὸς
963 2629 1086 2692 τοὺς
1112 2631 1292 2700 ἱερεῖς,
1321 2629 1414 2681 καὶ
1445 2623 1578 2692 τοὺς
1627 2629 1874 2702 πρώτους

303 2720 394 2776 τοῦ
438 2720 682 2790 πλήθους
735 2719 841 2772 τῶν
879 2720 1277 2792 Ἰεροσολύμων,
1309 2721 1533 2785 ἕκαστός
1566 2738 1624 2773 τε
1675 2721 1870 2787 αὐτῶν,

307 2809 489 2880 στῖφος
523 2810 828 2882 ἀνθρώπων
854 2810 963 2864 τῶν
1003 2810 1352 2882 θρασυτάτων
1392 2811 1486 2865 καὶ
1512 2812 1872 2882 νεωτεριστῶν

306 2899 481 2972 ἐαυτῷ
517 2903 772 2974 ποιήσας,
800 2900 1020 2973 ἡγεμὼν
1053 2898 1140 2973 ἦν.
1188 2902 1296 2955 Καὶ
1327 2903 1717 2974 συρράσσοντες
1747 2904 1874 2956 ἐκα-

308 2996 568 3064 κολόγουν
591 3012 652 3047 τε
683 2994 962 3064 ἀλλήλους,
998 2996 1091 3047 καὶ
1118 2993 1285 3057 λίθοις
1329 2994 1566 3048 ἔϐαλλον.
1610 2997 1666 3047 '0
1692 2994 1734 3047 δ’
1757 2998 1874 3048 ἐπι-

311 3087 550 3160 πλήξων,
574 3081 643 3157 ἦν
669 3085 786 3138 οὐδὲ
819 3081 918 3149 εἷς,
950 3083 1060 3137 ἀλλ’
1093 3083 1167 3148 ὡς
1196 3086 1251 3138 ἐν
1280 3084 1698 3156 ἁπροστατεύτῳ
1726 3084 1874 3137 πόλει

306 3178 455 3232 ταῦτ’
485 3177 793 3247 ἐπράσσετο
833 3175 946 3246 μετ’
971 3174 1235 3240 ἐξουσίας.
1266 3175 1511 3243 Τοσαύτη
1542 3174 1598 3226 δέ
1620 3175 1745 3237 τοὺς
1771 3175 1871 3246 ἁρ-

307 3273 508 3343 χιερεῖς
550 3267 841 3322 κατέλαϐεν
869 3267 1106 3328 ἀναίδεια
1152 3267 1244 3319 καὶ
1269 3267 1459 3336 τόλμα,
1497 3265 1635 3318 ὥστε
1668 3266 1888 3338 ἐκπέμ-ι

310 3382 428 3417 πειν
459 3362 680 3424 δούλους
706 3360 942 3430 ἐτόλμων
969 3359 1058 3412 ἐπὶ
1090 3359 1186 3422 τὰς
1215 3358 1439 3422 ἅλωνας,
1478 3360 1602 3422 τοὺς
1641 3357 1875 3429 ληψομέ-

309 3474 426 3520 νους
445 3455 549 3518 τὰς
570 3457 681 3518 τοῖς
712 3454 912 3523 ἱερεῦσι
938 3451 1284 3528 ὀφειλομένας
1311 3451 1556 3514 δεκάτας.
1588 3452 1696 3504 Καὶ
1750 3468 1873 3505 συν-

308 3551 488 3605 εὸαινε
534 3550 661 3612 τοὺς
715 3547 1116 3619 ἀπορουμένους
1165 3544 1274 3598 τῶν
1306 3545 1492 3615 ἱερέων
1531 3544 1622 3598 ὑπ’
1674 3544 1878 3608 ἐνδείας

379 3738 491 3796 (82ι
536 3735 700 3805 Τρεῖς
721 3733 1030 3805 μῳιάδας.
1083 3734 1225 3805 Idem
1269 3747 1521 3805 numerus
1567 3728 1873 3805 ponitnr_in

311 3798 594 3864 Chronico.
643 3798 747 3860 Sed
785 3798 1050 3873 Iosephus
1095 3805 1150 3858 in
1187 3803 1281 3859 lib.
1315 3819 1353 3857 ιι
1401 3803 1476 3856 De
1508 3798 1710 3857 excidio
1756 3798 1875 3873 plus

310 3894 469 3949 quam
501 3880 690 3931 decem
734 3869 1216 3949 millia;_hom_inum
1250 3874 1528 3949 exstincta
1559 3885 1683 3949 esse
1720 3869 1872 3949 dicit.

313 3940 366 4002 In
396 3949 664 4001 vicesimo
686 3945 1022 4016 autemlibro
1043 3945 1429 4016 Antiquitatuut
1450 3941 1589 4016 ,_qui
1613 3940 1734 4016 libri
1760 3946 1881 4016 post

313 4019 602 4073 historiam
634 4015 754 4069 belli
777 4015 982 4069 Judaici
1010 4015 1076 4068 ab
1103 4029 1167 4068 eo
1184 4008 1485 4080 conscripti
1514 4008 1658 4074 sunt,
1687 4008 1876 4077 vigin'ti

315 4089 482 4142 millia
509 4088 812 4141 occisorum
836 4095 1100 4138 numerat.
1137 4083 1309 4149 Quem
1345 4083 1558 4150 quidem
1597 4093 1876 4134 numerum

315 4161 469 4226 sequi
531 4158 752 4219 malim,
803 4165 1088 4223 propterea
1133 4155 1276 4223 quod
1333 4153 1389 4208 hi
1443 4152 1566 4206 libri
1613 4150 1879 4220 posterius

313 4230 503 4294 scripti
539 4235 689 4291 sunt,
721 4235 778 4279 ut
804 4227 936 4278 dixi.

385 4287 500 4367 (85)
543 4287 874 4364 Ἀγρίππαν
915 4295 1213 4367 Ἰουδαίων
1239 4293 1560 4367 καθίστησι
1594 4287 1876 4354 βασιλέα.

315 4365 412 4444 llic
443 4368 632 4434 junior
659 4367 916 4444 Agrippa,
1023 4367 1235 4443 proprie
1259 4365 1878 4444 loquamur,nnnlquam

312 4430 626 4494 Judzeorum
666 4430 759 4489 re};
795 4430 920 4490 run.
948 4430 1081 4488 Nam
1122 4430 1242 4503 post
1263 4430 1470 4490 obitum
1506 4431 1676 4500 patris
1695 4430 1880 4503 Agrip-

311 4525 427 4578 pae,
458 4509 552 4577 qui
601 4521 741 4559 anno
786 4521 838 4559 Iv
878 4500 1260 4578 Claudii‘fabiit
1290 4521 1320 4558 e
1359 4505 1510 4578 vita,_
1539 4516 1659 4578 cunt
1706 4500 1880 4578 adhuc

313 4569 532 4632 inﬁrma
568 4586 716 4630 esset
739 4584 918 4640 celate,
951 4575 1202 4631 Claudius
1229 4590 1350 4629 eum
1374 4573 1511 4642 apud
1543 4586 1601 4642 se
1629 4569 1877 4642 detinuit,

312 4664 412 4702 nec
456 4649 509 4701 in
543 4646 714 4714 patris
747 4661 912 4713 regno
945 4648 1230 4700 succedere
1260 4640 1524 4714 permisit.
1564 4640 1758 4695 Postea
1789 4640 1883 4692 de-

315 4717 502 4773 functo
544 4712 765 4770 Herode
811 4712 1084 4770 Chalcidis
1131 4712 1291 4785 rege,
1337 4712 1592 4785 Claudius
1651 4725 1879 4785 regnum

314 4789 490 4858 patrui
520 4790 572 4841 ei
591 4787 840 4858 donavit.
882 4787 1043 4858 Quod
1067 4781 1318 4858 cumiper
1342 4781 1881 4858 quadrienniunt_te-

317 4848 546 4918 nuisset,
572 4857 827 4911 Claudius
861 4848 1002 4908 anno
1034 4848 1238 4922 imperii
1273 4848 1699 4909 sui-duodecimo
1755 4848 1882 4922 Tra-

317 4930 610 4983 conitidem
643 4942 764 4996 qum
792 4923 1084 4980 tetrarchia
1111 4918 1341 4996 Philippi
1388 4925 1744 4996 fuerat,_c_um
1770 4918 1880 4996 by-

321 4999 480 5052 sania:
518 4990 687 5064 regno
719 4997 767 5049 ei
807 4996 1101 5058 concessit,
1129 4990 1379 5062 adempta
1424 4993 1572 5062 prius
1600 4990 1874 5064 Chalcide.

315 5067 410 5122 Jus
435 5061 655 5138 quoque
686 5068 738 5119 in
770 5067 1043 5138 templum,
1079 5072 1132 5118 et
1158 5061 1528 5138 eligendorum
1566 5061 1876 5138 pontiﬁcum

318 5131 645 5206 potu-statem
669 5152 834 5205 quam
864 5131 1099 5206 Herodes
1123 5131 1345 5203 patruus
1372 5131 1651 5206 habuerat,
1683 5131 1733 5182 in
1756 5144 1876 5206 eum

318 5199 619 5262 transtulit.
665 5199 834 5259 Paulo
881 5216 998 5274 post
1041 5199 1180 5274 Nero
1235 5215 1445 5272 partem
1491 5203 1722 5274 Galilaeze
1759 5199 1878 5274 ejus

316 5280 563 5346 adjunxit
598 5291 784 5344 regno,
812 5269 1094 5346 ut'scribit
1123 5269 1386 5346 Josephus
1418 5274 1469 5327 in
1501 5273 1599 5346 lib.
1621 5287 1714 5346 sx.
1751 5269 1878 5346 Quae

316 5341 437 5403 cu'm
473 5350 547 5402 ita
581 5341 716 5406 sint.
752 5355 975 5415 apparet
1005 5345 1114 5398 falli
1150 5341 1438 5399 Eusebium
1461 5383 1476 5407 ,
1510 5343 1600 5412 qui
1633 5341 1878 5415 huncju-

313 5423 526 5473 niorem
578 5412 875 5486 Agrippam
925 5417 1106 5469 statim
1160 5425 1283 5484 post
1336 5415 1543 5486 obitum
1586 5415 1776 5486 patris
1825 5412 1876 5462 in

312 5504 540 5560 rrgnum
573 5483 733 5560 eius
757 5483 1236 5560 'successisse_,_'et
1281 5483 1800 5560 regemﬂiudaeorum
1846 5493 1879 5560 _a

311 5552 536 5614 Claudio
564 5552 779 5611 factum
815 5571 930 5610 esse
964 5565 1073 5609 tum
1101 5555 1210 5618 hic,
1241 5552 1428 5608 tumin
1454 5552 1721 5608 Chronico
1751 5552 1881 5604 scri-

312 5633 418 5683 bat.
453 5626 920 5698 Quanqnamhoc
955 5625 1070 5679 loco
1095 5625 1358 5698 Eusebius
1393 5635 1577 5698 aperte
1614 5636 1717 5698 noti
1750 5620 1880 5698 dicit

306 5690 500 5758 statim
552 5690 684 5770 post
729 5695 933 5750 obitum
970 5696 1136 5765 patris
1175 5709 1356 5765 regem
1401 5690 1548 5748 illum
1600 5708 1630 5747 a
1661 5690 1881 5746 Claudio

1902 3067 1944 3121 C

1972 1828 2254 1882 mensibus
2301 1826 2584 1895 imperium
2629 1827 3086 1892 administrasset,
3127 1826 3392 1882 Neronem
3423 1828 3528 1881 im-

1974 1920 2106 1975 perii
2133 1931 2498 1973 successorem
2525 1918 2862 1988 relinquens,
2897 1935 2926 1974 e
2965 1921 3071 1974 vita
3099 1920 3351 1976 decessit.

2557 2009 2783 2064 CAPUT
2822 2009 2942 2065 XX.

2013 2101 2142 2167 Quae
2165 2109 2285 2156 acta
2325 2104 2427 2156 sint
2465 2099 2843 2171 Hierosolymis
2880 2099 2973 2154 sub
3002 2099 3220 2169 imperio
3261 2094 3511 2153 Neronis.

2042 2261 2275 2318 Neronis
2303 2272 2478 2317 autem
2536 2261 2868 2329 temporibus
2903 2257 3081 2313 Felice
3106 2256 3347 2312 Iudaeam
3397 2270 3499 2326 pro

1973 2363 2216 2421 curante,
2247 2354 2406 2407 aliam
2443 2369 2632 2408 rursus
2665 2353 2805 2406 inter
2836 2351 3145 2406 sacerdotes
3166 2359 3405 2403 exortam
3437 2362 3528 2404 se-

1972 2446 2251 2509 ditionem,
2281 2443 2545 2511 Josephus
2579 2444 2631 2496 in
2679 2443 2937 2498 vicesimo
2985 2441 3364 2511 Antiquitatum
3392 2439 3530 2494 libro

1972 2547 2157 2592 narrat
2188 2538 2271 2592 his
2292 2538 2510 2592 verbis:
2550 2557 2568 2588 ι
2603 2535 2730 2590 Orta
2773 2543 2880 2600 est,
2929 2535 3122 2603 inquit,
3165 2533 3358 2603 ingens
3384 2531 3530 2587 sedi-

1975 2634 2049 2688 tio
2073 2632 2387 2703 pontificum
2415 2633 2672 2686 adversus
2699 2631 3007 2685 sacerdotes
3027 2628 3395 2698 primoresque
3425 2625 3533 2696 ple-

1973 2726 2058 2780 bis
2089 2725 2599 2797 Hierosolymorum,
2636 2723 2769 2778 adeo
2821 2731 2880 2776 ut
2929 2719 3124 2790 singuli
3174 2719 3384 2773 illorum
3415 2717 3529 2772 col-

1973 2814 2108 2870 lecta
2155 2829 2317 2868 manu
2370 2814 2702 2884 perditorum
2752 2811 3026 2864 hominum
3061 2807 3324 2875 novisque
3371 2805 3534 2858 rebus

1974 2904 2329 2968 stndentium,
2374 2906 2624 2958 ductores
2651 2916 2708 2957 se
2733 2901 2910 2969 palam
2942 2898 3186 2952 ferrent:
3239 2894 3534 2964 congressi-

1978 3011 2082 3066 que
2111 2998 2375 3051 interdum
2402 2993 2663 3050 conviciis
2689 3003 2741 3048 et
2769 2992 3035 3062 lapidibus
3064 3004 3120 3043 se
3151 2997 3338 3043 mutuo
3366 2988 3534 3055 impe-

1979 3097 2156 3141 terent
2185 3105 2198 3142 :
2234 3102 2357 3141 cum
2390 3086 2606 3140 interim
2638 3100 2797 3140 nemo
2841 3090 2985 3137 esset
3015 3081 3104 3150 qui
3143 3094 3237 3135 eos
3282 3077 3533 3146 objurga-

1979 3189 2082 3244 ret,
2113 3179 2204 3234 sed
2231 3189 2485 3248 tanquam
2516 3179 2568 3233 in
2609 3177 2828 3232 civitate
2864 3174 3008 3230 omni
3043 3181 3250 3228 rectore
3277 3170 3532 3224 destituta

1981 3272 2095 3327 hzec
2137 3271 2386 3326 licentius
2440 3277 2768 3340 agerentur:
2827 3275 2974 3319 tanta
3025 3279 3184 3334 porro
3218 3261 3532 3333 pontiﬁcum

1979 3370 2098 3415 erat
2128 3357 2458 3428 impudentia
2485 3367 2538 3412 et
2563 3357 2811 3422 audacia,
2839 3365 2896 3408 ιιι
2921 3371 3025 3408 ιιοη
3048 3353 3362 3408 dubitarent
3394 3366 3532 3407 'ser-

1981 3467 2080 3506 vos
2110 3466 2238 3504 suos
2265 3450 2331 3503 ad
2359 3463 2517 3504 areas
2557 3449 2793 3513 mittere,
2824 3448 2915 3517 qui
2959 3445 3198 3501 decimas
3241 3443 3536 3498 sacerdoti-

1984 3544 2084 3598 bus
2119 3543 2325 3597 debitas
2358 3549 2630 3612 raperent.
2671 3537 2826 3595 Unde
2855 3538 3057 3594 accidit
3104 3547 3163 3590 ut
3203 3522 3442 3590 nonnulli
3467 3549 3533 3590 ex

1982 3723 2180 3778 factum
2225 3721 2408 3777 fuissm
2450 3721 2608 3778 Certe
2631 3720 2799 3788 ipsius
2833 3718 3054 3790 Josephi
3103 3721 3410 3776 testimonio
3442 3722 3535 3778 de-

1982 3793 2270 3848 monstrari
2297 3800 2509 3861 potest,
2537 3790 2805 3856 iuniorem
2829 3792 3116 3860 Agrippam
3142 3807 3248 3846 non
3277 3794 3535 3847 continuo

1982 3873 2100 3932 post
2124 3863 2297 3932 patris
2331 3863 2735 3932 mortemregia
2755 3861 3042 3932 dignitate
3065 3873 3314 3914 ornatum
3347 3862 3532 3916 fuisse.

1979 3929 2189 3988 Etenim
2206 3930 2468 4001 Josephus
2487 3930 2538 3984 in
2561 3930 2660 4001 lib.
2679 3947 2717 3986 ιι
2745 3929 2820 3983 De
2843 3930 2974 3984 bello
3005 3929 3253 3992 Iudaico,
3279 3947 3398 4000 cap.
3443 3933 3530 4001 l5,

1979 3998 2349 4058 duodecimum
2373 4000 2600 4056 Neronis
2633 4015 2830 4054 annum
2861 4015 2968 4068 quo
2995 4002 3157 4069 cmpit
3203 3998 3403 4054 bellum
3435 3998 3531 4055 Ju-

1982 4074 2232 4135 daicum,
2269 4072 2543 4140 componit
2586 4085 2704 4124 cum
2737 4085 2881 4123 anno
2924 4071 3065 4139 regis
3104 4071 3354 4139 Agrippzc
3396 4086 3529 4126 xvu.

1980 4143 2213 4196 Proinde
2250 4140 2433 4208 junior
2490 4141 2720 4209 Agrippa
2767 4155 2994 4209 regnare
3042 4156 3198 4196 orsus
3252 4151 3335 4195 est
3393 4157 3532 4195 anno

1980 4213 2185 4268 Claudii
2216 4222 2426 4267 octavo.
2465 4210 2633 4265 Porro
2669 4226 2771 4264 non
2822 4212 3126 4280 negaverim
3168 4227 3287 4280 eum
3325 4209 3532 4266 Juda‘o-

1983 4299 2098 4337 rum
2124 4297 2302 4350 regem
2335 4282 2437 4335 dici
2473 4295 2646 4350 posse.
2674 4296 2795 4337 cum
2839 4279 2931 4334 rex
2965 4279 3126 4334 fuerit
3171 4279 3442 4350 Galilzeae,
3480 4289 3532 4337 et

1983 4353 2124 4406 inter
2169 4349 2485 4406 Judmorum
2516 4366 2670 4420 reges
2718 4361 3064 4405 recenseatur
3114 4366 3143 4404 a
3190 4349 3360 4405 Justo.
3426 4352 3530 4406 Sed

1982 4437 2118 4491 nego
2147 4422 2294 4476 illum
2325 4420 2522 4475 Judaeaa
2557 4437 2733 4490 regem
2765 4436 2999 4488 unquam
3026 4421 3211 4492 fuisse.
3243 4422 3374 4474 Nam
3411 4431 3534 4492 post

1981 4487 2185 4547 obitum
2217 4487 2738 4561 seniorisAgripp-te,
2769 4487 2869 4559 qui
2892 4487 3114 4561 contigit
3147 4506 3286 4546 anno
3320 4507 3372 4546 IV
3399 4487 3528 4560 i‘mp.

1980 4562 2213 4628 Claudii,
2251 4561 2431 4616 Judaea
2458 4560 2846 4630 inproviuciaa
2899 4560 3124 4614 formam
3170 4563 3384 4614 redacta
3427 4571 3528 4622 est,

1981 4633 2338 4701 missiqueiin
2376 4645 2493 4684 eam
2527 4634 2814 4699 quotannis
2854 4641 3232 4700 procuratores
3277 4631 3529 4695 Caesaris,

1980 4713 2039 4756 ut
2066 4700 2219 4756 docet
2242 4700 2526 4769 Josephus.

2052 4773 2165 4843 (84)
2196 4771 2536 4843 (brumali)
2562 4769 2818 4843 Chronico
2863 4769 3252 4843 Euseb_ii_Felix
3305 4772 3372 4843 ad
3415 4785 3532 4843 pro.

1981 4840 2312 4897 curationem
2365 4840 2562 4895 Judtem
2608 4842 2802 4894 missus
2841 4855 2960 4894 esse
3000 4840 3193 4893 dicitur
3225 4859 3250 4893 a
3305 4841 3531 4896 Claudio

1983 4928 2122 4967 anno
2145 4929 2220 4968 χι.
2255 4913 2360 4967 Sed
2401 4915 2451 4964 in
2485 4911 2718 4965 editione
2742 4910 2998 4978 Scaligeri
3026 4912 3228 4965 rectius
3266 4911 3317 4966 id
3357 4913 3532 4964 ascri-

1980 4983 2127 5037 bitur
2152 4999 2294 5038 anno
2325 4999 2353 5036 x
2385 4981 2615 5035 Claudii.
2651 4982 2837 5035 Verius
2875 4992 3050 5033 tamen
3097 4981 3339 5044 videtur,
3387 4982 3528 5035 Feli-

1981 5066 2096 5108 cem
2130 5069 2272 5108 anno
2299 5051 2508 5106 Claudii
2552 5065 2690 5105 nono
2740 5052 2960 5104 missum
3007 5065 3128 5104 esse
3175 5053 3226 5105 in
3264 5050 3524 5106 Judmam.

1977 5125 2114 5178 Nam
2146 5123 2370 5178 Tacitus
2400 5127 2450 5175 in
2483 5121 2578 5176 lib.
2607 5137 2709 5184 xu,
2742 5122 2887 5174 Sulla
2915 5133 2969 5174 et
3002 5119 3210 5175 Othone
3240 5137 3403 5191 coss.,
3436 5124 3528 5191 qui

1977 5204 2059 5248 est
2109 5209 2283 5248 annus
2326 5209 2360 5245 x
2411 5192 2658 5254 Claudii,
2700 5191 2929 5246 Felicem
2967 5192 3290 5260 jampridem
3331 5190 3529 5246 JudaEis

1979 5264 2287 5332 impositum
2335 5262 2497 5318 fuisse
2546 5263 2702 5325 dicit,
2763 5272 2818 5317 et
2871 5263 2920 5314 in
2967 5277 3088 5330 cap.
3139 5277 3267 5315 xxrv
3297 5266 3524 5315 Actuunt

1979 5337 2341 5403 apostolorum
2383 5332 2580 5386 Paulus
2615 5347 2832 5387 causam
2892 5347 3055 5401 agens
3087 5335 3224 5401 apud
3281 5333 3524 5386 eumdem

1978 5405 2247 5468 Felicem,
2279 5405 2420 5472 quod
2465 5403 2689 5470 contigit
2729 5417 2872 5457 anno
2907 5403 3111 5458 Claudii
3143 5417 3263 5472 xm,
3292 5403 3371 5456 sic
3404 5417 3525 5455 cum

1980 5471 2312 5543 alloquituri
2354 5474 2437 5527 Ea:
2476 5474 2650 5543 multis
2693 5475 2846 5526 annis
2885 5482 2933 5526 te
2976 5489 3084 5525 esse
3127 5471 3361 5543 judicent
3403 5473 3528 5543 huic

1979 5541 2121 5616 genti
2142 5545 2334 5616 sciens,
2353 5554 2457 5598 etc.
2477 5541 2756 5616 Cmterum,
2775 5543 3105 5616 lalliturrhic
3149 5541 3410 5616 Rnliuns,
3436 5541 3528 5608 qui

1984 5613 2095 5670 haec
2125 5616 2284 5668 verba
2307 5613 2524 5682 Josephi
2556 5629 2676 5668 esse
2701 5615 3051 5678 existimavit,
3077 5629 3197 5667 cum
3231 5615 3337 5667 sint
3363 5614 3531 5666 Ense-

1983 5687 2054 5742 bii
2093 5686 2261 5758 ipsius
2293 5696 2348 5741 ut
2375 5695 2615 5752 apparet.
