4016 6260
487 262 584 320 191

1220 261 1489 320 EUSEBII
1527 258 2011 317 CESARIENSIS
2049 257 2199 316 OPP.
2240 254 2419 312 PARS
2455 253 2496 310 l.
2534 284 2604 295 —
2639 251 2787 306 HlS'l
2803 253 3030 308 υιιιωι.

3601 258 3701 319 £92

484 382 821 438 sacerdotum
863 381 1074 447 ordine,
1104 381 1298 451 quibus
1349 395 1439 436 res
1475 378 1762 435 familiaris
1794 388 1912 434 erat
1942 392 2039 433 an-

2139 373 2537 445 ἀπολλυμένους
2583 369 2825 442 θεωρεῖν.
2876 369 3060 435 Οὕτως
3104 370 3320 444 ἐκράτει
3358 374 3452 429 τοῦ
3494 375 3700 434 δικαίου

485 474 713 547 gustior,
744 489 855 543 prae
879 473 1258 528 alimentorum
1286 473 1467 543 inOpia
1498 471 1814 527 deficerent.
1841 470 1923 525 Ita
1956 485 2043 525 se-

485 567 800 622 ditiosorum
824 564 1078 619 violentia
1092 563 1182 634 jus
1203 563 1389 634 fasque
1411 562 1627 633 penitus
1643 569 2037 632 oppresserat.»

482 653 627 709 Idem
661 654 894 723 scriptor
932 655 1032 710 sub
1059 656 1175 710 haec
1211 663 1451 725 tempora
1478 663 1710 708 turmam
1750 652 2042 725 quamdam

485 759 852 818 grassatorum
898 748 1293 820 Hierosolymis
1319 747 1594 804 exstitisse
1635 745 1789 811 dicit,
1838 746 1928 815 qui
1963 745 2044 799 in-

487 840 655 895 terdiu
680 841 865 895 obvios
893 842 945 895 in
973 841 1191 896 civitate
1220 839 1583 896 trucidabant.
1608 837 1887 908 Praecipue
1915 851 2044 891 vero

484 932 580 999 ait,
619 932 806 987 diebus
840 931 991 987 festis
1019 932 1163 1003 plebi
1216 930 1462 997 immisti,
1487 931 1630 987 sicas
1673 929 1772 986 sub
1800 928 2042 983 vestibus

483 1024 837 1089 occultantes,
867 1025 1126 1094 optimum
1157 1037 1426 1095 quemque
1454 1020 1846 1095 percutiebant.
1876 1018 2041 1075 Cum-

483 1132 587 1186 que
607 1117 868 1172 vulnerati
904 1118 1148 1187 protinus
1174 1117 1513 1174 corruissent
1533 1155 1548 1181 ,
1582 1113 1683 1185 ipsi
1710 1128 1829 1169 cum
1859 1122 2043 1167 astan-

483 1209 625 1263 tibus
655 1208 921 1277 indignari
945 1224 1003 1264 se
1027 1208 1374 1265 simulabant.
1398 1207 1517 1275 Quo
1542 1205 1710 1272 facto,
1724 1203 2042 1260 credulitate

481 1302 757 1357 hominum
785 1302 914 1358 nihil
944 1303 1010 1358 de
1039 1303 1104 1358 iis
1121 1302 1325 1357 sinistri
1354 1300 1769 1371 suspicantium,
1791 1298 1885 1352 diu
1913 1295 2039 1352 tecti

483 1391 769 1447 latuerunt.
808 1394 885 1447 Ac
914 1393 1143 1462 primum
1174 1392 1387 1463 quidem
1414 1388 1701 1446 Jonatbam
1730 1388 2039 1459 pontificem

482 1484 549 1538 ab
570 1483 673 1538 illis
700 1484 775 1539 ait
821 1484 1163 1540 interfectum
1200 1483 1387 1543 fuisse.
1419 1482 1614 1537 deinde
1640 1495 1769 1535 vero
1798 1478 2040 1548 complu-

484 1592 569 1631 res
597 1576 730 1631 alios
753 1576 993 1646 quotidie
1014 1575 1318 1631 confossos.
1344 1575 1490 1630 Adeo
1523 1583 1578 1627 ut
1615 1572 1780 1628 timor
1810 1571 1923 1640 ipsa
1958 1585 2044 1625 ca-

2144 467 2340 532 παντδς
2374 469 2407 538 ή
2443 466 2549 518 τῶν
2589 462 2978 528 στασιαζόντων
3020 463 3128 535 βία.
3164 485 3183 517 ι
3228 466 3394 521 Πάλιν
3417 468 3477 521 δὲ’
3497 470 3703 537 όαύτὸς

2144 558 2486 628 συγγραφεὺς
2517 554 2661 609 κατά
2689 556 2812 619 τοὺς
2844 554 3039 619 αὐτοὺς
3061 556 3282 628 χρόνους
3310 558 3367 610 ἐν
3411 559 3703 632 Ἰεροσολύ..

2145 668 2263 722 μοις
2277 649 2580 720 ὑποφυῆναι
2609 647 2816 721 λῃστῶν
2836 665 2888 700 τι
2911 644 3047 712 εἶδος
3070 649 3288 722 ἱστορεῖ,
3316 671 3334 703 ι
3362 652 3412 706 οἳ
3433 652 3701 725 μεθ’ήμέ-

2142 756 2263 814 ραν,
2296 739 2372 804 ὥς
2411 757 2562 813 φησι,
2604 738 2701 793 καὶ
2744 740 2801 792 ἐν
2836 738 2974 812 μέσῃ
3011 743 3075 812 τῇ
3110 740 3260 796 πόλει
3290 743 3538 811 ἐφόνευον
3579 747 3701 810 τοὺς

2143 831 2513 894 συναντῶντας
2535 845 2546 859 ·
2586 829 2817 901 μάλιστα
2843 831 2949 902 γὰρ
2973 831 3030 885 ἐν
3056 834 3175 896 ταῖς
3201 834 3412 905 ἑορταῖς
3441 836 3690 907 μιγνυμέ-

2140 939 2263 986 νους
2282 921 2359 993 τῷ
2388 920 2597 992 πλήθει,
2634 921 2726 975 καὶ
2759 924 2877 985 ταῖς
2905 921 3121 993 ἐσθῆσιν
3150 924 3591 995 ὑποκρύπτοντας
3616 944 3689 999 μι-

2140 1013 2250 1087 κρά
2293 1012 2511 1083 ξιφίδια,
2548 1012 2767 1077 τούτους
2815 1013 3022 1067 νύττειν
3065 1016 3188 1079 τοὺς
3225 1015 3509 1089 διαφόρους
3556 1019 3700 1093 (85)-

2140 1107 2329 1161 ἔπειτα
2360 1107 2653 1171 πεσόντων,
2675 1108 2839 1180 μέρος
2867 1106 3110 1177 γίνεσθαι
3131 1108 3239 1163 τῶν
3270 1112 3676 1180 ἐπαγανακτούν

2138 1221 2245 1257 των
2306 1202 2498 1265 αὐτοὺς
2519 1200 2644 1264 τοὺς
2664 1200 3056 1271 πεφονευκότας
3075 1218 3088 1232 ·
3125 1201 3204 1255 διὸ
3235 1204 3328 1256 καὶ
3361 1206 3700 1262 παντάπασιν

2141 1294 2232 1347 ὑπ’
2283 1292 2620 1360 ἀξιοπιστίας
2666 1292 2984 1363 ἀνευρέτους
3031 1294 3300 1363 γενέσθαι.
3342 1297 3561 1368 Πρῶτον
3604 1302 3702 1371 μὲν

2140 1381 2231 1439 οὖν
2282 1385 2373 1439 ὑπ’
2400 1384 2599 1448 αὐτῶν,
2646 1384 2896 1455 Ἰωνάθην
2940 1385 3030 1440 τὸν
3057 1387 3311 1460 ἀρχιερέα
3351 1393 3688 1464 κατασφαγῆο

2141 1495 2253 1540 ναι,
2285 1475 2421 1548 μετά
2446 1475 2489 1528 δ’
2522 1475 2701 1539 αὑτὸν,
2724 1474 2846 1529 καθ’
2865 1475 3073 1547 ἡμέραν
3097 1479 3429 1550 ἀναιρεῖσθαι
3454 1481 3700 1552 πολλοὺς,

2141 1572 2236 1625 καὶ
2283 1570 2391 1625 τῶν
2442 1570 2731 1643 συμφορῶν
2783 1571 2875 1625 τὸν
2934 1572 3095 1643 φόϐον
3132 1568 3267 1626 εἶναι
3303 1574 3701 1648 χαλεπώτερον,

482 1668 725 1723 lamitate
768 1664 1016 1723 acerbior
1062 1677 1226 1737 esset,
1263 1670 1388 1723 dum
1424 1666 1624 1735 singuli
1687 1674 1939 1733 tanquam
1987 1667 2039 1719 in

2144 1662 2370 1717 ἑκάστου
2402 1661 2652 1733 καθάπερ
2684 1662 2740 1716 ἐν
2772 1661 2991 1733 πολέμῳ
3023 1659 3146 1715 καθ’
3174 1660 3321 1734 ὤραν
3357 1661 3448 1715 τὸν
3478 1661 3701 1719 θάνατον

483 1761 597 1816 acie
620 1761 800 1831 positi,
831 1762 1022 1832 quovis
1046 1769 1320 1817 momento
1345 1770 1572 1816 mortem
1608 1759 1707 1814 sibi
1761 1758 2039 1813 imminere

2144 1751 2591 1825 προσδεχομένου.
2622 1725 2653 1803 ἰ

482 1854 784 1908 crederent.

981 1945 1085 2016 ει
1127 1943 1354 2000 CAPUT
1394 1943 1533 1997 χχι.

545 2034 618 2090 De
649 2036 856 2091 homine
875 2035 1148 2106 ﬂgyptio,
1187 2037 1337 2104 cujus
1373 2037 1566 2089 mentio
1589 2036 1650 2103 lit
1677 2036 1732 2088 in
1759 2033 1976 2089 Actibus

1077 2107 1449 2175 apostolorum.

551 2194 747 2252 Paucis
790 2196 982 2252 deinde
1032 2196 1328 2265 interiectis
1378 2198 1491 2251 haec
1539 2195 1848 2266 subjungit:
1885 2215 1904 2248 ι
1933 2195 2040 2252 Sed

481 2287 669 2353 multo,
699 2286 897 2355 inquit,
925 2287 1173 2358 graviore
1194 2286 1348 2341 clade
1386 2285 1602 2343 Iudaeos
1632 2283 1820 2341 afﬂixit
1864 2286 2036 2359 Egy-

478 2378 623 2448 ptius
663 2378 880 2448 quidam
910 2376 1077 2433 falsus
1106 2379 1390 2449 propheta.
1431 2378 1674 2449 Namque
1698 2380 1743 2434 is
1778 2379 1830 2432 in
1861 2380 2038 2450 regio.

478 2484 603 2524 nem
637 2469 933 2539 ingressus,
959 2469 1360 2540 homomagus,
1395 2485 1516 2524 cum
1542 2470 1851 2539 Opinionem
1878 2478 2040 2539 atque

479 2560 854 2616 auctoritatem
903 2562 1179 2631 prophetae
1223 2561 1326 2616 sibi
1362 2560 1727 2625 conciliasset,
1755 2576 1923 2630 usque
1971 2561 2038 2615 ad

481 2651 698 2721 triginta
727 2651 1005 2705 hominum
1047 2652 1213 2705 millia
1246 2666 1382 2722 quos
1410 2652 1692 2722 praestigiis
1721 2653 1834 2706 suis
1877 2653 2036 2706 dece-

475 2752 652 2813 perat,
680 2743 1047 2812 congregavit.
1078 2743 1222 2809 Quos
1248 2759 1369 2797 cum
1392 2758 1457 2797 ex
1485 2744 1770 2798 solitudine
1793 2744 1857 2796 ad
1889 2760 2040 2797 mon-

477 2841 586 2885 tem
636 2847 807 2900 usque
847 2833 1124 2888 Olivarum
1182 2833 1549 2902 perduxisset,
1588 2833 1713 2887 inde
1762 2833 1814 2887 in
1852 2834 2037 2888 urbem

477 2922 971 2994 Hierosolymorum
1027 2925 1329 2994 irrumpere
1381 2933 1673 2991 statuerat,
1713 2925 2038 2996 depulsoqne

2665 1926 3058 1982 ΚΕΦΑΛΑΙΟΝ
3082 1927 3210 1980 KA'.

2136 2019 2277 2089 Περὶ
2326 2019 2430 2074 τοῦ
2472 2020 2816 2089 Αἰγυπτίου,
2843 2016 2913 2076 οὗ
2960 2020 3058 2073 καὶ
3102 2020 3221 2074 τῶν
3242 2019 3596 2074 ἀποστόλων
3636 2020 3699 2075 al

2255 2090 2505 2158 Πράξεις
2531 2090 2986 2160 ἐμνημόνευσαν
3014 2090 3153 2162 (Nic.
3186 2090 3257 2145 Η.
3286 2089 3351 2144 Ε.
3377 2106 3436 2156 ll,
3461 2091 3577 2162 ‘26).

2220 2181 2377 2253 Ἑξῆς
2427 2182 2483 2236 δὲ
2539 2181 2747 2245 τούτοις
2801 2183 3047 2255 ἐπιφέρει
3117 2181 3234 2253 μεθ’
3284 2181 3446 2255 ἕτερα
3493 2181 3701 2252 λέγων’

2144 2292 2162 2327 ι
2195 2275 2417 2340 Μείζονι
2462 2274 2519 2328 δέ
2552 2274 2756 2328 τούτων
2800 2274 2979 2347 πληγῇ
3026 2275 3304 2339 Ἰουδαίους
3353 2276 3628 2330 ἐκάκωσεν
3672 2280 3705 2330 ό

2136 2369 2430 2438 Αἰγύπτιος
2474 2368 2938 2443 ψευδοπροφήτης.
2981 2368 3421 2441 Παραγενόμενος
3460 2368 3568 2442 γὰρ
3620 2371 3702 2434 εἰς

2136 2462 2234 2532 τὴν
2265 2460 2446 2533 χώραν
2478 2459 2759 2532 ἄνθρωπος
2781 2460 2932 2532 γόης,
2958 2459 3051 2513 καὶ
3078 2461 3352 2530 προφήτου
3379 2459 3559 2513 πίστιν
3584 2461 3704 2512 ἐπι-

2138 2553 2251 2617 θεὶς
2284 2551 2479 2623 ἐαυτῷ,
2508 2553 2636 2623 περὶ
2663 2550 3015 2624 τρισμυρίους
3046 2551 3143 2621 μὲν
3176 2550 3411 2617 ἀθροίζει
3431 2548 3538 2603 τῶν
3558 2552 3703 2620 ἡπα-

2136 2644 2403 2715 τήμένων,
2446 2642 2793 2714 περιαγαγὼν
2838 2641 2882 2695 δ’
2919 2636 3115 2705 αὐτοὺς
3144 2643 3207 2696 ἐκ
3234 2641 3333 2712 τῆς
3365 2641 3597 2713 ἐρημίας
3623 2643 3706 2705 είς

2136 2736 2197 2789 τὸ
2233 2734 2455 2789 Ἐλαιῶν
2487 2735 2816 2806 καλούμενον
2853 2735 2996 2807 ὅρος,
3042 2734 3249 2789 ἐκεῖθεν
3288 2731 3396 2798 οἷός
3426 2751 3486 2787 τε
3520 2730 3587 2806 ἦν
3623 2736 3705 2799 εἰς

2150 2825 2489 2898 Ἰεροσόλυμα
2527 2826 2813 2899 παρελθεῖν
2844 2826 3141 2896 βιάζεσθαι,
3171 2829 3264 2881 καὶ
3293 2829 3570 2900 κρατήσας
3592 2827 3702 2897 (86)

2137 2917 2237 2988 τῆς
2262 2934 2320 2971 τε
2356 2918 2663 2990 Ῥωμαῖκῆς
2690 2921 2929 2991 φρουρᾶς
2959 2920 3053 2973 καὶ
3082 2919 3175 2972 τοῦ
3209 2920 3380 2991 δήμου
3399 2922 3702 2993 τυραννεῖν,

481 3014 848 3071 Romanorum
878 3016 1149 3084 praesidio,
1181 3017 1601 3072 dominationem
1639 3032 1925 3086 occupare,
1953 3032 2039 3071 sa-

2139 3007 2415 3082 χρώμενος
2457 3012 2568 3071 τοῖς
2610 3011 3017 3064 συνεισπεσοῦσι
3061 3010 3394 3085 δορυφόροις.
3428 3011 3619 3066 Φθάνει
3652 3013 3703 3067 τ’

474 3108 673 3163 tellites
689 3122 783 3163 eos
808 3108 1092 3163 habiturus
1108 3108 1199 3177 qui
1227 3122 1409 3163 secum
1430 3110 1482 3163 in
1509 3110 1695 3163 urbem
1724 3109 2032 3166 irruissent.

2139 3101 2298 3156 αὑτοῦ
2329 3102 2426 3175 τὴν
2466 3104 2643 3176 ὁρμὴν
2683 3104 2870 3175 Φῆλιξ,
2912 3106 3226 3178 ὑπαντήσας
3257 3105 3394 3178 μετά
3417 3106 3523 3162 τῶν
3567 3108 3704 3162 Ῥω-

477 3200 676 3256 Verum
726 3199 878 3255 Felix
922 3210 1173 3255 conatum
1223 3199 1458 3255 hominis
1491 3200 1783 3269 praevenit,
1820 3201 2033 3257 obviam

2140 3194 2350 3267 μαῖκῶν
2382 3194 2633 3250 ὁπλιτῶν.
2677 3197 2788 3251 Καὶ
2816 3199 2921 3262 πᾶς
2956 3200 2984 3252 ὁ
3014 3197 3183 3269 δῆμος
3232 3199 3574 3273 συνεφήψατο
3605 3201 3704 3273 τῆς

477 3292 735 3347 adversus
784 3308 908 3348 eum
938 3307 1255 3362 progressus
1292 3307 1416 3347 cum
1462 3291 1719 3346 Romanis
1754 3292 2035 3352 militibus.

2139 3288 2370 3358 ἀμύνης,
2431 3286 2591 3348 ὥστε,
2621 3288 2891 3360 συμϐολῆς
2930 3286 3245 3363 γενὸμένης,
3287 3292 3378 3345 τὸν
3413 3295 3511 3365 μὲν
3538 3296 3704 3364 Αἰγύ-

476 3382 545 3437 Ει
581 3382 862 3438 universus
908 3385 1136 3453 populus
1167 3398 1262 3455 pro
1294 3383 1469 3438 salute
1503 3383 1689 3451 patrias
1734 3393 2035 3438 certaturus

2139 3398 2291 3435 πτιον
2339 3382 2527 3451 φυγεῖν
2582 3381 2700 3452 μετ’
2731 3380 2944 3450 ὀλίγων,
2971 3381 3329 3454 διαφθαρῆναι
3375 3384 3431 3437 δὲ
3470 3386 3563 3439 καὶ
3593 3385 3703 3451 ζω-

480 3475 754 3531 Bomanos
782 3486 1001 3531 strenue
1016 3475 1325 3543 adiuvabat.
1350 3475 1516 3529 Facto
1540 3476 1702 3546 igitur
1717 3490 2031 3547 congressu,

2139 3473 2401 3547 γρηθῆναι
2449 3473 2730 3537 πλείστους
2770 3473 2876 3526 τῶν
2919 3474 3015 3527 σὺν
3058 3474 3225 3546 αὐτῷ.
3264 3493 3283 3526 ι
3334 3474 3518 3529 Ταῦτα
3558 3478 3613 3529 ἐν
3636 3480 3702 3550 τῇ

477 3566 765 3638 Εεγριῑιιε
801 3570 1016 3638 quidem
1053 3570 1168 3639 ipse
1207 3586 1326 3626 cum
1379 3569 1564 3640 paucis
1615 3570 1817 3635 evasit;
1850 3569 2031 3624 caeteri

2139 3565 2355 3638 δευτέρᾳ
2400 3566 2510 3620 τῶν
2544 3565 2843 3635 Ἰστοριῶν
2893 3568 2921 3620 ὁ
2967 3566 3251 3638 Ἰώσηποςο
3312 3568 3600 3638 ἐπιστῆσαι
3644 3570 3704 3623 δὲ

477 3658 671 3728 partim
700 3658 971 3723 trucidati,
1003 3661 1197 3727 partim
1224 3661 1364 3730 capti
1386 3669 1527 3731 sunt.
1559 3678 1577 3711 ι
1616 3657 1737 3713 llazc
1766 3657 2036 3729 Josephus

2140 3657 2288 3724 ἄξιον
2316 3658 2425 3730 (87)
2474 3662 2584 3721 τοῖς
2612 3659 2841 3713 ἐνταῦθα
2875 3658 3012 3713 κατά
3039 3659 3130 3713 τὸν
3153 3660 3446 3728 Αίγύπτιον
3476 3661 3703 3731 δεδηλω-

477 3747 533 3801 in
560 3749 795 3803 secundo
819 3748 1181 3805 Historiarum
1204 3751 1339 3809 libro
1368 3730 1575 3807 retniit.
1594 3752 1781 3822 Opera:
1802 3752 2034 3822 pretium

2143 3752 2343 3823 μένοις,
2399 3753 2492 3805 καὶ
2528 3754 2638 3816 τοῖς
2685 3754 2743 3805 ἐν
2788 3755 2907 3814 ταῖς
2949 3752 3185 3823 Πράξεσι
3222 3753 3330 3807 τῶν
3370 3730 3698 3808 ἀποστόλων.

480 3846 657 3892 autem
698 3839 863 3895 fuerit
923 3843 989 3899 iis
1022 3859 1142 3912 quas
1192 3860 1221 3898 a
1250 3843 1487 3915 Josepho
1518 3845 1584 3900 de
1620 3845 1839 3900 homine
1867 3842 2035 3918 Egy-

2143 3843 2309 3897 Ἔνθα
2330 3843 2468 3897 κατά
2493 3844 2697 3915 Φήλικα
2726 3843 2830 3897 ὑπὸ
2859 3842 2953 3896 τοῦ
2987 3845 3043 3896 ὲν
3076 3843 3462 3917 Ἱεροσολύμοις
3497 3844 3704 3915 χιλιάρ-

474 3931 588 4001 ptio
621 3931 763 3987 dicta
791 3942 937 3997 sunt,
964 3933 1049 3987 illa
1066 3936 1390 4007 subiungere
1418 3951 1533 4006 quae
1568 3936 1619 3991 in
1652 3937 1875 3992 Actibus
1903 3950 2035 4003 apo-

2139 3951 2233 4004 χου
2272 3933 2482 4005 εἴρηται
2515 3933 2592 4004 τῷ
2621 3934 2833 4005 Παύλῳ,
2872 3933 3105 4007 ὁπηνίκα
3142 3936 3566 4000 κατεστασίαζεν
3605 3936 3701 3989 αὺ-

475 4022 733 4077 stolorum
761 4025 965 4093 scripta
996 4025 1265 4083 habentur
1289 4043 1430 4097 :quo
1462 4027 1580 4083 loco
1611 4027 1861 4082 tribunus
1893 4026 2036 4081 mili-

2139 4024 2229 4078 τοῦ
2254 4026 2315 4079 τὸ
2336 4025 2443 4080 τῶν
2484 4026 2748 4080 Ἰουδαίων
2772 4027 3001 4099 πλῆθος·
3040 4046 3057 4079 ‹
3092 4029 3205 4083 Οὐκ
3234 4028 3342 4101 άρα
3374 4030 3436 4083 σὺ
3464 4023 3513 4082 εἷ
3544 4030 3572 4083 ὁ
3594 4028 3703 4101 πρὸ

478 4121 589 4168 tum
621 4114 1009 4186 Hierosolymis
1034 4134 1155 4172 cum
1184 4118 1334 4187 plebs
1356 4119 1617 4173 adversus
1644 4116 1865 4173 Paulum
1891 4116 2035 4172 sedi-

2139 4116 2338 4171 τούτων
2372 4118 2478 4172 τῶν
2502 4117 2722 4191 ἡμερῶν
2751 4119 3133 4184 ἀναστατώσας
3169 4121 3273 4192 (88)
3306 4122 3398 4175 καὶ
3420 4120 3699 4192 ἐξαγαγὼν

477 4206 675 4261 tionem
707 4209 1051 4274 concitasset,
1073 4208 1254 4265 Felice
1278 4209 1515 4266 Judaaam
1535 4218 1883 4281 procurante,
1898 4208 2034 4264 dixit

2139 4210 2216 4273 είς
2266 4209 2364 4282 τὴν
2409 4210 2609 4282 ἔρημον
2659 4212 2785 4275 τοὺς
2831 4213 3288 4284 τετρακισχιλίους
3336 4214 3446 4285 (89)
3502 4214 3699 4286 ἄνδρας

546 4435 657 4509 (85)
688 4405 930 4492 Νύττειν
977 4438 1119 4505 τοὺς
1156 4439 1494 4509 διαφόρους.
1564 4441 1813 4497 Inimicos
1872 4443 2036 4497 vertit

2140 4440 2192 4495 in
2229 4441 2331 4509 hoc
2351 4439 2508 4503 libro,
2533 4452 2652 4508 cap.
2684 4439 2771 4504 18,
2795 4439 3049 4495 dicuntur
3072 4451 3211 4496 notae
3234 4455 3328 4497 seu
3362 4441 3698 4497 observatio-

474 4505 899 4586 Gelrniusqnod
936 4505 1432 4586 non_pr9bo.'_Nam
1452 4505 1591 4578 ’τοὺς
1619 4512 1907 4586 διαφόρους
1937 4511 2032 4568 Jo-
2135 4526 2250 4586 nes.
2286 4508 2534 4565 Occurrit
2564 4505 2627 4564 ea
2658 4526 2761 4566 vox
2795 4512 2935 4581 apud
2962 4511 3300 4576 Athenaeum,
3336 4512 3611 4583 Polybium
3639 4523 3694 4569 et

473 4576 673 4653 sephtis
706 4576 842 4653 diiit
868 4594 963 4646 pro
995 4576 1118 4653 τοῦς
1140 4580 1511 4653 διαφέροντας.
1550 4576 1582 4653 ς
1722 4576 1734 4584 ’
1780 4576 1793 4586 ’
1894 4652 1899 4653 ί

2139 4580 2298 4653 alios.

546 4648 680 4722 (86)-
708 4650 820 4722 Kal
859 4649 1185 4717 κρατήσας.
1237 4648 1366 4722 lla-c
1412 4664 1492 4706 est
1521 4651 1756 4722 AJosephi
1817 4652 2033 4720 vulgata

472 4716 634 4772 editio
667 4718 719 4771 iu
755 4718 848 4774 lib.
877 4716 937 4785 ll,
971 4736 1089 4788 cap.
1129 4722 1194 4776 l5
1227 4721 1300 4775 De
1346 4724 1476 4777 bello
1501 4716 1750 4786 Iudaica,
1781 4726 1867 4778 cui
1906 4716 2035 4778 cou-

470 4789 660 4859 sentit_
661 4789 831 4859 codex
861 4790 1074 4859 Regius.
1110 4790 1215 4846 Sed
1245 4793 1415 4847 nostri
1445 4795 1658 4847 codices
1674 4793 1835 4859 Μυκη
1869 4794 2031 4858 bled.,

472 4871 593 4910 cum
613 4856 755 4932 fuit.
789 4873 852 4932 ac
886 4856 1053 4932 Savil.
1077 4900 1093 4924 ,
1132 4861 1287 4916 aliter
1326 4865 1585 4932 scriptum
1618 4856 1906 4924 exhibent.
1939 4856 2034 4917 uati.

470 4926 865 5008 κρατῆσαι-τῆς
896 4946 955 4981 τε
984 4931 1313 5008 ςΡωμαῖκῆς-
1341 4926 1581 5005 φρουρᾶς
1613 4933 1704 4987 καὶ
1724 4933 1830 5008 ’τοῦ
1863 4933 2033 5008 δῇιου

467 4997 835 5074 τυιραννιζῶς,
895 4997 1173 5074 χρώμενος
1233 4997 1366 5074 τοῖςί
1383 4997 1841 5074 ’συνεισπεσοῦσιν
1889 4997 2038 5074 δόρυ·

514 5067 679 5142 όρρις.
709 5066 1038 5142 Subauditur
1067 5081 1244 5125 autem
1278 5073 1385 5126 ἀπὸ
1427 5072 1604 5127 κοινοῦ
1654 5073 1876 5127 verbum
1926 5066 2038 5142 βιά-

514 5083 679 5136 οροις.
709 5083 1038 5122 Sunanuttur
1067 5083 1244 5125 autem
1278 5083 1385 5126 ἀπὸ
1427 5091 1604 5127 κοινου
1654 5083 1876 5127 verbum
1926 5083 2038 5142 βιά-

470 5083 658 5211 ῗεσθαι
680 5139 825 5211 quod
847 5138 1157 5211 paulo~ante
1182 5144 1473 5211 praecessit.
1502 5142 1609 5203 Nec
1651 5143 1804 5197 aliter
1838 5142 2039 5210 legisse

469 5206 684 5260 videtur.
712 5207 956 5261 Iinlinus.
1001 5208 1092 5263 Sic
1121 5206 1264 5264 enim
1294 5213 1453 5266 vertit
1480 5232 1492 5267 :
1531 5212 1765 5267 Paratus
1802 5206 1922 5266 inde
1956 5213 2036 5265 ir—

470 5292 623 5330 ruere
664 5274 1122 5347 Hierosolymam,
1159 5290 1206 5333 et
1252 5283 1304 5335 vi
1352 5298 1413 5335 ac
1455 5280 1708 5346 potestate
1751 5283 1929 5336 urbem
1957 5292 2036 5337 te-

470 5346 1302 5424 nere,simulquefiomanorum
1326 5354 1572 5422 prwsidia
1611 5370 1673 5408 ac
1719 5352 1919 5423 plebem
1955 5364 2038 5424 ty-

468 5418 679 5479 rannidi
710 5433 821 5471 sua:
845 5418 1147 5486 subjugure.

540 5487 651 5569 (87)
702 5486 1059 5569 Ἐπιστῆσαι
1085 5488 1152 5542 δὲ
1168 5489 1360 5569 ἀξιον.
1390 5490 1615 5569 Proprie
1636 5492 1925 5569 ἐπιστῆσαι
1957 5502 2057 5549 est.

468 5559 895 5632 attendere,_sen
925 5559 1229 5632 observare.
1273 5563 1364 5617 Sic
1408 5559 1670 5618 Eusebius
1721 5566 1777 5632 in
1816 5559 1911 5618 lib.
1954 5580 2034 5631 ιιι,

468 5641 585 5705 cap.
620 5623 823 5705 Sigei;
855 5629 947 5705 ita).
974 5629 1347 5705 ἐ-πισςήσαντι,
1364 5633 1550 5705 *οὐκέτ’
1574 5633 1638 5687 ἂν
1662 5623 1809 5705 δόξξιι
1838 5623 2038 5703 οιαφωί

470 5700 581 5752 νεῖ)
612 5698 861 5771 ἀλλήλοις
891 5699 959 5755 τά
994 5698 1343 5779 Εὐαγγέλιαί
1362 5703 1497 5763 llinc
1528 5698 1838 5771 ἐπιστάσεις
1874 5698 2036 5777 supra

2205 4649 2317 4722 (88)
2364 4648 2837 4716 Ἀναστατώσας.
2871 4647 3034 4706 Vetus
3065 4651 3333 4722 interpres
3361 4651 3412 4704 in
3440 4666 3561 4718 cap.
3605 4667 3696 4707 χιι

2138 4720 2371 4776 Ᾱοίυυῠι
2420 4722 2784 4788 apostolorum
2830 4722 3028 4786 vertit,
3078 4720 3355 4774 tumultum
3398 4723 3695 4785 concitasti,

2134 4792 2293 4856 male,
2314 4799 2369 4842 ut
2396 4791 2639 4857 equidem
2674 4791 2866 4845 sentio.
2886 4789 3014 4844 Nam
3050 4790 3424 4845 ἀναπατῶσαι
3454 4792 3590 4844 idem
3617 4802 3701 4847 est

2134 4862 2273 4928 quod
2302 4859 2599 4931 ἀνάστατον
2629 4860 2887 4931 ποιῆσαι,
2936 4862 3208 4925 abducere,
3260 4871 3549 4927 asportare.
3595 4862 3701 4915 Ita-

2135 4943 2240 4997 que
2264 4941 2410 5002 recte
2437 4929 2709 5002 Masculus
2739 4929 2938 4995 vertit,
2975 4933 3064 5002 qui
3104 4941 3271 4984 tecum
3297 4931 3553 4985 excivisti.
3596 4931 3699 4986 P0—

2143 5009 2245 5072 test
2268 4999 2437 5072 etiam,
2461 5000 2636 5067 verti,
2671 5002 2758 5072 qui
2789 4999 3085 5055 subvertisti
3132 5010 3354 5070 quatuor
3400 5002 3567 5072 millia
3605 5004 3701 5053 ho-

2138 5070 2357 5140 minum.
2387 5069 2476 5123 Sic
2509 5071 2650 5124 enim
2683 5069 2991 5140 Hesychius
3036 5072 3423 5138 interpretatur
3465 5070 3700 5124 ἀναστα-

2136 5138 2847 5213 το-ῦνταςμᾲνατρέποντας,
2884 5151 2936 5194 et
2976 5140 3333 5213 ἀναστάτους,
3361 5156 3700 5213 κατεστραμ-

2138 5210 2349 5282 μένους.
2385 5209 2519 5282 Hinc
2548 5209 2637 5279 qui
2664 5227 2771 5282 tere
2793 5213 2965 5266 alieno
2992 5212 3232 5282 Oppressi
3261 5212 3430 5265 solum
3458 5209 3693 5282 vertunt,

2135 5279 2597 5353 ἀναστατωθῆναι
2624 5280 2879 5334 dicuntur
2953 5279 3087 5337 teste
3156 5280 3577 5353 Harpocratione
3645 5293 3700 5338 et

2135 5361 2359 5407 auctore
2388 5350 2763 5420 Etymologici.

2207 5420 2316 5493 (89)
2363 5420 2899 5493 Τετρακισχιλίρυς.
2936 5421 3003 5475 At
3037 5420 3303 5490 Josephus
3340 5421 3552 5491 triginta
3585 5421 3700 5475 mil-

2136 5490 2511 5546 lia'hominum
2573 5495 2723 5547 dicit.
2753 5490 2904 5556 Quod
2934 5493 3004 5545 ita
3045 5490 3442 5562 intelligendum
3479 5501 3596 5550 est.
3641 5503 3697 5545 ut

2139 5577 2394 5617 numerus
2423 5563 2636 5631 quidem
2657 5562 2973 5631 promiscua:
3000 5562 3354 5616 multitudinis
3383 5564 3447 5615 ad
3477 5562 3694 5629 triginta

2136 5648 2306 5699 usque
2358 5633 2520 5686 millia
2569 5632 2841 5688 hominum
2897 5634 3234 5700 pervenerit;
3277 5647 3341 5686 ex
3396 5633 3500 5685 illis
3546 5648 3693 5698 vero,

2135 5714 2369 5774 quatuor
2412 5712 2616 5758 tantum
2666 5704 2831 5756 millia
2878 5703 3076 5758 fuerint
3132 5700 3472 5758 sicariorum.
3522 5702 3697 5772 Atque
