4016 6260
491 359 592 417 195

1230 363 1498 421 EUSEBII
1536 364 2011 423 CAESARIENSIS
2047 365 2198 424 OPP.
2240 366 2419 423 PARS
2456 368 2497 424 1.
2534 398 2605 409 —
2642 366 3029 426 HISTORICA.

3599 375 3700 431 196

486 481 698 527 nentem
718 473 822 529 sibi
846 483 1070 531 mortem
1100 477 1443 547 praavidebat.
1469 479 1731 547 Quocirca
1757 494 2016 555 postquan

2140 483 2410 552 ἐπιλέγων
2449 484 2579 556 τῷ,‹
2610 486 2702 540 καὶ
2736 487 3010 559 ἐρῤύσθην
3034 488 3098 542 ἐκ
3129 490 3395 561 στόματος
3421 491 3651 559 λέοντος,
3676 513 3698 549 ι

485 564 623 620 dixit
648 582 661 620 :
690 585 708 618 ι
729 565 1014 623 Liberatus
1036 584 1153 624 sum
1178 584 1242 624 ex
1268 587 1362 626 ore
1385 572 1575 640 leonis,
1601 592 1619 625 ιι
1647 575 1828 628 statim
1855 575 2031 630 addit:

488 673 510 710 ι
545 655 825 714 Liberabit
880 676 967 717 me
1010 661 1270 719 Dominus
1307 664 1375 719 ab
1417 666 1564 720 omni
1596 681 1758 736 opere
1797 666 1959 733 malo,
1983 677 2038 722 et

481 763 719 818 servabit
739 763 792 818 in
811 779 1028 835 regnum
1055 781 1207 820 suum
1230 766 1504 831 caeleste,»
1534 769 1853 841 martyrium
1878 784 2034 825 suum

479 851 699 923 iamiam
752 854 940 909 adfore
965 855 1294 926 significans.
1314 857 1465 925 Quod
1485 860 1701 929 quidem
1732 862 1894 916 etiam
1917 863 2036 917 evi-

480 944 695 1000 dentius
732 944 782 998 iu
814 945 1005 1000 eadem
1033 946 1268 1016 Epistola
1304 948 1624 1018 prmdixerat
1666 951 1752 1006 his
1803 952 1983 1006 verbis
2017 967 2031 1004 :

486 1051 508 1086 ο
541 1035 655 1105 Ego
713 1036 854 1091 enim
899 1034 1009 1104 jam
1062 1037 1292 1103 delibor,
1319 1049 1374 1094 et
1425 1049 1633 1112 tempus
1667 1042 2034 1099 dissolutionis

477 1140 613 1180 mete
640 1127 825 1180 instat.
853 1145 871 1177 ι
906 1126 971 1180 Ει
1004 1127 1056 1182 in
1084 1128 1185 1182 hac
1216 1130 1432 1198 quidem
1471 1135 1708 1188 secunda
1737 1135 1804 1190 ad
1847 1134 2030 1189 Timo-

478 1215 659 1269 theum
683 1216 939 1284 Fpistola,
978 1216 1176 1274 Lucam
1210 1221 1382 1275 solum
1416 1222 1519 1277 sibi
1546 1223 1737 1279 adesse
1764 1232 2027 1292 testatur;

475 1301 527 1355 in
557 1302 738 1372 priore
761 1319 887 1359 vero
916 1306 1231 1364 defensioue
1263 1326 1329 1365 ne
1371 1312 1517 1366 hunc
1545 1313 1758 1382 quidem
1790 1313 2031 1371 adfuisse

473 1391 621 1446 dicit.
646 1394 814 1460 Quam
848 1397 918 1451 ob
945 1412 1165 1453 causam
1199 1401 1411 1456 videtur
1439 1402 1616 1459 Lucas
1644 1404 1876 1459 Actuum
1903 1421 2030 1475 apo-

470 1485 782 1541 stolicorum
814 1488 1095 1546 historiam
1131 1494 1222 1548 illo
1251 1505 1491 1564 tempore
1522 1497 1872 1565 conclusisse,
1905 1514 2026 1553 cum

470 1578 647 1631 omnia
677 1594 795 1648 quae
833 1583 1068 1650 quandiu
1107 1599 1229 1638 cum
1275 1584 1445 1640 Paulo
1491 1597 1740 1642 versatus
1765 1598 1849 1643 est
1880 1599 2027 1661 gesta

470 1667 702 1734 fuerant,
735 1684 1230 1730 commemorasset.
1256 1676 1381 1731 Haec
1411 1678 1613 1734 idcirco
1641 1693 1670 1732 a
1702 1680 1857 1734 nobis
1882 1681 2027 1735 dicta

468 1765 615 1820 sunt,
645 1767 705 1812 ut
730 1762 1076 1819 ostendamus
1101 1763 1321 1819 Paulum
1350 1782 1455 1821 non
1481 1768 1531 1822 in
1556 1768 1729 1838 primo
1755 1748 1846 1826 illo
1874 1770 2028 1840 cujus

2138 574 2200 627 τό
2219 591 2231 602 ”
2262 593 2280 626 ι
2322 574 2564 628 Ῥύσεταί
2601 594 2666 647 με
2692 579 2720 630 ὁ
2747 577 2946 650 Κύριος
2982 578 3090 633 ἀπὸ
3115 581 3311 645 παντὸς
3337 581 3499 655 ἔργου
3533 600 3694 656 πονη-

2140 665 2256 739 ροῦ,
2289 668 2380 721 καὶ
2407 666 2569 721 σώσει
2610 670 2689 733 είς
2715 670 2813 739 τὴν
2840 669 3114 740 βασιλείαν
3136 671 3297 726 αὐτοῦ
3336 674 3436 744 τὴν
3468 674 3699 747 ἐπουρά-

2137 775 2264 822 νιον,
2298 779 2317 811 ι
2353 759 2629 830 σημαίνων
2654 759 2715 812 τὸ
2743 762 3051 832 παραυτίκα
3074 762 3387 834 μαρτύριον,
3421 764 3450 817 ὃ
3482 767 3575 819 καὶ
3602 783 3700 820 σα-

2137 850 2394 923 φέστερον
2422 853 2479 905 ἐν
2503 854 2567 923 τῇ
2589 852 2725 924 αὐτῇ
2749 852 3001 925 προλέγει
3022 857 3204 926 γραφῇ
3227 855 3476 924 φάσκων*
3504 874 3526 908 t
3558 856 3701 924 Ἐγὼ

2134 943 2243 1015 γὰρ
2274 945 2371 1015 ἤδη
2404 944 2715 1015 σπένδομαι,
2747 945 2839 998 καὶ
2858 948 2885 999 ὁ
2916 947 3102 1014 καιρὸς
3130 948 3227 1017 τῆς
3259 946 3568 1012 ἀναλύσεώς
3596 966 3699 1020 μου

2134 1036 2449 1107 ἐφέστηκεν.
2497 1056 2516 1088 ι
2552 1036 2663 1089 Νῦν
2695 1037 2791 1107 μὲν
2817 1032 2909 1091 οὖν
2949 1038 3042 1092 ἐπὶ
3070 1040 3167 1111 τῆς
3187 1041 3443 1112 δευτέρας
3456 1042 3698 1097 Ἐπιστο-

2132 1127 2230 1199 λῆς
2256 1128 2362 1181 τῶν
2396 1127 2530 1200 πρὸς
2558 1127 2835 1198 Τιμόθεον,
2870 1129 2961 1182 τὸν
3000 1131 3211 1186 Λουκᾶν
3247 1133 3404 1203 μόνον
3431 1136 3699 1205 γράφοντι

2131 1217 2279 1289 αὐτῷ
2322 1221 2557 1272 συνεῖναι
2603 1219 2769 1291 δηλοῖ,
2809 1219 2948 1272 κατά
2983 1219 3038 1272 δὲ
3062 1221 3159 1291 τὴν
3198 1222 3464 1294 προτέραν
3502 1223 3700 1277 ἀπολο-

2130 1307 2254 1377 γίαν
2297 1309 2418 1363 οὐδὲ
2453 1310 2658 1364 τοῦτον.
2691 1310 2850 1364 Ὅθεν
2879 1311 3100 1375 εἰκότως
3121 1311 3218 1376 τὰς
3246 1313 3354 1366 τῶν
3383 1314 3694 1368 ἀποστόλων

2129 1400 2363 1472 Πράξεις
2398 1404 2486 1456 ἐπ’
2520 1406 2723 1456 ἐκεῖνον
2769 1405 2797 1456 ό
2830 1404 3043 1468 Λουκᾶς
3071 1404 3403 1479 περιέγραψε
3448 1407 3540 1459 τὸν
3566 1406 3696 1477 χρό’

2128 1511 2237 1561 νον,
2267 1495 2364 1567 τὴν
2397 1495 2587 1569 μέχρις
2617 1497 2704 1549 ὅτε
2745 1496 2822 1568 τῷ
2848 1496 3043 1568 Παύλῳ
3077 1499 3241 1568 συνῆν
3284 1498 3522 1569 ἱστορίαν
3556 1499 3697 1570 ὑφηο

2128 1586 2452 1657 γησάμενος.
2504 1587 2684 1641 Ταῦτα
2725 1589 2783 1641 δέ
2825 1590 2953 1660 ἡμῖν
2985 1587 3198 1660 εἴρηται
3245 1587 3688 1659 παρισταμένοις,

2126 1676 2208 1731 ὅτι
2251 1679 2325 1750 μὴ
2365 1678 2485 1732 καθ’
2506 1681 2571 1750 ἢν
2599 1682 2627 1733 ὁ
2648 1682 2860 1744 Λουκᾶς
2894 1679 3193 1750 ἀνέγραψεν
3214 1680 3307 1733 ἐπὶ
3335 1680 3436 1750 τῆς
3474 1679 3692 1751 Ῥώμης
3784 1723 3791 1728 .

2127 1768 2415 1840 ἐπιδημίαν
2434 1769 2526 1827 τοῦ
2550 1771 2780 1836 Παύλου,
2795 1771 2854 1824 τὸ
2877 1772 3168 1844 μαρτύριον
3193 1771 3339 1843 αὐτῷ
3367 1771 3690 1843 συνεπεράν-

466 1850 713 1904 meminit
737 1849 935 1917 Lucas,
964 1853 1015 1907 in
1041 1856 1229 1909 urbem
1256 1857 1479 1913 Romam
1498 1859 1750 1923 adventu,
1770 1860 2016 1931 martyrio

2133 1860 2221 1932 θη.
2250 1862 2411 1925 Είκός
2433 1879 2496 1931 γε
2522 1879 2602 1916 τοι
2628 1863 2771 1917 κατὰ
2811 1863 2910 1935 μὲν
2934 1864 3106 1935 ἀρχὰς
3136 1864 3438 1937 ἠπιώτερον
3462 1862 3556 1917 τοῦ
3586 1864 3681 1918 Νέσ

467 1955 587 1997 esse
606 1941 966 2012 perfunctum.
991 1945 1198 2017 Quippe
1223 1950 1505 2018 probabile
1529 1961 1613 2007 est
1633 1952 1782 2006 Pauli
1802 1969 1898 2023 pro
1924 1952 2028 2009 ﬁde

466 2042 648 2087 nostra
673 2033 1039 2090 defensionem
1070 2053 1101 2092 a
1130 2037 1340 2096 Nerone
1370 2042 1461 2111 qui
1489 2044 1632 2098 circa
1670 2044 1819 2100 initia
1854 2046 2029 2117 impe-

468 2125 540 2179 rii
567 2125 888 2183 clementius
911 2144 968 2184 se
994 2135 1239 2200 gerebat,
1262 2134 1492 2206 benigne
1513 2136 1800 2192 admissam
1821 2137 1985 2195 fuisse
2008 2158 2022 2194 :

464 2230 654 2269 verum
691 2230 812 2270 cum
863 2228 1047 2287 postea
1081 2223 1148 2275 ad
1197 2224 1470 2276 teterrima
1505 2239 1733 2293 quaeque
1781 2224 2021 2281 facinora

2129 1968 2296 2024 ρωνος
2325 1953 2685 2027 διακειμένου,
2721 1958 2849 2028 ῥᾷον
2877 1956 2973 2029 τὴν
3006 1958 3143 2029 ὑπὲρ
3168 1957 3262 2009 τοῦ
3293 1957 3559 2029 δόγματος
3591 1955 3689 2010 τοῦ

2128 2045 2338 2101 Παύλου
2372 2048 2764 2121 καταδεχθῆναι
2804 2049 3121 2119 ἀπολογίαν
3165 2049 3510 2122 προελθόντος
3531 2048 3587 2103 δὲ
3608 2050 3688 2114 είς

2126 2138 2414 2210 ἀθεμίτους
2439 2140 2661 2212 τόλμας,
2699 2140 2836 2212 μετὰ
2862 2140 2969 2193 τῶν
2989 2139 3161 2195 ἄλλων
3191 2142 3283 2194 καὶ
3312 2138 3382 2194 τὰ
3410 2140 3548 2195 κατὰ
3578 2140 3694 2194 τῶν

2125 2231 2437 2286 ἀποστόλων
2462 2233 2865 2304 ἐγχειρισθῆναι
2898 2231 3055 2305 (90‘).

462 2307 606 2361 idem
653 2303 795 2362 Nero
838 2312 1192 2381 prorupisset,
1219 2316 1495 2384 apostolos
1519 2332 1737 2388 quoque
1780 2332 1902 2374 cum
1931 2324 2142 2380 cmteris
2171 2328 2433 2381 saevitiam
2464 2327 2578 2395 ejus
2611 2303 2883 2395 expertos.

941 2407 1048 2479 e3
1084 2406 1312 2466 CAPUT
1345 2409 1528 2465 χχιιι.

530 2497 802 2566 Quomodo
825 2499 1058 2555 Jacobus
1085 2501 1173 2567 qui
1203 2502 1367 2570 frater
1403 2502 1612 2559 Domini
1645 2505 1818 2560 dictus
1848 2515 1946 2572 est,

980 2574 1286 2640 martyrium
1319 2573 1498 2629 subiit.

527 2659 792 2715 Caeterum
844 2675 964 2715 cum
996 2660 1194 2716 Paulus
1231 2663 1297 2716 ad
1333 2661 1600 2719 Cmsarem
1648 2676 2016 2734 provocasset,

2629 2422 3020 2476 ΚΕΦΑΛΑΙΟΝ
3052 2423 3175 2476 Kl".
3237 2402 3242 2411 ’

2137 2512 2234 2581 Ὠς
2258 2511 2288 2581 ἐ

2283 2514 2666 2586 mdioan
2700 2512 2974 2586 ’Idwé’oc
2999 2513 3182 2586 63012
3208 2515 3428 2586 Κυρίου
3458 2531 3683 2586 χρημαα

2359 2585 2533 2649 τίσας
2560 2583 2823 2652 ἀδελφός
2856 2583 2998 2647 (Nic.
3028 2582 3102 2642 Η.
3136 2584 3203 2639 Ε.
3236 2582 3299 2649 ιι,
3324 2584 3433 2655 58).

2207 2674 2447 2728 Ἰουδαῖοί
2480 2691 2544 2744 γε
2582 2675 2805 2747 μὴν,τοῦ
2834 2674 3048 2730 Παύλου
3083 2676 3333 2749 Καίσαρα
3364 2677 3691 2732 ἐπικαλεσα-

456 2749 792 2820 Bonnamque
824 2767 852 2805 a
881 2751 1043 2807 Festo
1069 2752 1267 2806 missus
1294 2762 1456 2818 esset,
1477 2753 1646 2808 Judaei
1672 2756 1762 2824 qui
1794 2756 2016 2811 insidias

2126 2764 2288 2837 μένου
2308 2803 2322 2828 ,
2352 2765 2445 2819 ἐπί
2472 2782 2531 2818 τε
2561 2766 2661 2838 τὴν
2698 2766 2981 2836 Ῥωμαίων
3010 2767 3162 2821 πόλιν
3201 2767 3305 2821 ὑπὸ
3342 2770 3549 2841 Φήστου
3579 2787 3685 2826 πα·-

456 2841 556 2911 ipsi
594 2849 928 2905 struxerant,
968 2858 1062 2913 spe
1084 2856 1183 2930 sua
1216 2843 1486 2912 frustrati,
1521 2846 1573 2898 in
1603 2843 1863 2900 Jacobum
1899 2846 2014 2901 fra-

2123 2856 2531 2927 ραπεμφθέντος
2554 2897 2571 2921 ,
2612 2858 2709 2929 τῆς
2740 2857 2949 2922 ἐλπίδος
2990 2858 3110 2912 καθ’
3137 2859 3204 2930 ἧν
3242 2858 3499 2931 ἐξήρτυον
3535 2858 3691 2931 αύτῷ

456 2943 591 2988 trem
619 2932 957 3000 Domini,eui
983 2934 1307 3005 episcopalis
1334 2934 1836 3007 Hierosolymorum
1858 2938 2014 2993 sedes

2118 2947 2216 3017 τὴν
2249 2945 2538 3018 ἐπιϐουλὴν
2558 2987 2572 3012 ,
2600 2947 2996 3014 ἀποπεσόντες,
3025 2948 3117 3002 ἐπὶ
3157 2948 3407 3004 Ἰάκωϐον
3454 2949 3544 3003 τὸν
3586 2947 3682 3003 τοῦ

454 3029 522 3082 ab
561 3025 818 3095 apostolis
848 3028 1041 3082 tradita
1083 3026 1282 3094 fuerat,
1310 3028 1511 3083 rabiem
1558 3038 1899 3098 convertunt,
1930 3043 2015 3087 at-

2118 3036 2319 3108 Κυρίου
2343 3037 2627 3109 τρέπονται
2670 3037 2912 3107 ἀδελφὸν,
2944 3033 2988 3107 ᾧ
3022 3039 3156 3111 πρὸς
3179 3040 3287 3093 τῶν
3312 3041 3620 3095 ἀποστόλων
3652 3042 3689 3095 ό

454 3133 560 3190 que
591 3115 832 3174 lioc'fere
879 3118 1040 3174 modo
1074 3119 1223 3174 illum
1276 3120 1450 3174 adorti
1495 3131 1639 3177 sunt.
1686 3121 2010 3180 Productnm

2118 3127 2214 3198 τῆς
2238 3127 2538 3198 ἐπισκοπῆς
2552 3127 2649 3198 τῆς
2672 3129 2729 3181 ἐν
2763 3127 3021 3200 Ἱεροσολύ
3030 3146 3150 3199 μοις
3170 3129 3540 3201 ἐγκεχείριστο
3561 3127 3692 3200 θρό-

453 3188 509 3267 in
549 3210 821 3276 medium,
859 3210 1131 3283 abnegare
1186 3211 1347 3267 (idem
1398 3212 1598 3269 Christi
1640 3230 1821 3270 coram
1869 3219 2013 3272 omni

2118 3233 2226 3280 νος.
2256 3216 2490 3270 Τοιαῦτα
2533 3217 2589 3270 δέ
2619 3217 2800 3283 αὐτοῖς
2834 3220 2926 3273 καὶ
2957 3219 3025 3273 τὰ
3062 3220 3203 3274 κατὰ
3246 3193 3435 3274 τούτοῦ
3478 3221 3682 3295 τολμή-

452 3302 651 3374 populo
681 3302 891 3373 jubent.
925 3303 1032 3358 Sed
1065 3304 1256 3359 cumis
1288 3315 1483 3374 praeter
1520 3307 1760 3361 omnium
1820 3324 2014 3379 exspe-

2119 3326 2264 3380 ματα
2279 3309 2411 3381 (91).
2433 3311 2527 3373 Είς
2551 3310 2712 3381 μέσον
2732 3312 2891 3365 αὑτὸν
2918 3313 3467 3385 ἀγαγόντες,ἄρνησιν
3490 3315 3588 3386 τῆς
3600 3317 3689 3378 εἰς

454 3396 745 3451 ctationem
787 3395 953 3450 libera
998 3408 1126 3449 voce
1156 3406 1211 3450 et
1261 3393 1464 3464 majore
1514 3411 1675 3465 quam
1726 3398 2016 3468 sperabant

2118 3401 2204 3455 τδν
2231 3401 2463 3473 Χριστὸν
2492 3402 2726 3467 πίστεως
2767 3404 2860 3456 ἐπὶ
2902 3405 3098 3469 παντὸς
3138 3404 3359 3477 ἐζήτουν
3400 3404 3492 3459 τοῦ
3525 3405 3681 3461 λαοῦ.

453 3492 671 3556 ﬁducia,
708 3491 1053 3546 Servatorem
1101 3504 1166 3544 ac
1213 3488 1496 3543 Dominum
1544 3500 1782 3545 nostrum
1832 3488 2012 3548 Jesum

2118 3493 2220 3547 Τοῦ
2244 3493 2301 3547 δέ
2321 3494 2470 3565 παρὰ
2494 3492 2590 3564 τὴν
2615 3495 2867 3550 ἁπάντων
2889 3496 3109 3569 γνώμην
3136 3498 3392 3571 ἐλευθέρᾳ
3414 3503 3563 3572 φωνῇ
3586 3501 3687 3555 καὶ

454 3581 550 3638 Dei
588 3580 782 3637 Filium
816 3596 936 3637 esse
962 3596 1146 3636 coram
1181 3581 1328 3635 omni
1364 3580 1704 3636 multitudine
1734 3581 2013 3637 confessus

451 3674 680 3742 fuisset;
708 3685 817 3728 tum
860 3674 935 3728 illi
968 3674 1320 3744 impatienter
1365 3674 1604 3730 ferentes
1646 3675 2010 3729 testimonium

451 3767 583 3821 tanti
624 3767 747 3832 viri,
775 3767 973 3837 quippe
1010 3768 1101 3837 qui
1145 3767 1211 3823 ob
1242 3765 1570 3839 singularem
1620 3766 2009 3821 continentiam

450 3874 517 3913 ac
547 3858 882 3930 religionem,
920 3857 1161 3913 omnium
1192 3872 1457 3914 consensu
1475 3856 1813 3927 justissimus
1844 3855 2012 3909 habe-

448 3952 631 4016 batur,
662 3960 875 4020 arrepta
903 3966 967 4005 ex
1000 3961 1170 4005 morte
1201 3950 1431 4006 rectoris
1476 3949 1690 4004 licentia
1740 3963 1863 4002 eum
1893 3955 2010 4001 tru-

447 4043 655 4098 cidant.
682 4041 889 4113 Quippe
930 4058 1025 4111 per
1062 4043 1203 4097 idem
1231 4052 1440 4111 tempus
1476 4049 1693 4095 mortuo
1744 4039 1797 4092 in
1827 4037 2009 4092 Judma

447 4133 629 4199 Festo,
669 4136 873 4206 absque
895 4134 1004 4189 ullo
1029 4133 1255 4204 praeside
1279 4148 1344 4189 ac
1370 4130 1710 4188 moderatore
1731 4130 2007 4198 provincia

447 4234 808 4280 remanserat.
841 4225 917 4279 Ac
939 4224 1051 4294 jam
1082 4224 1298 4292 quidem
1323 4224 1575 4294 superius
1596 4226 1812 4280 modum
1843 4225 2008 4281 caedis

445 4313 640 4371 Jacobi
665 4330 731 4370 ex
762 4315 943 4370 allatis
963 4313 1256 4370 Clementis
1290 4314 1463 4370 verbis
1514 4317 1882 4387 cognovimus,
1918 4316 2007 4385 qui

446 4420 514 4462 ex
547 4404 728 4476 templi
777 4393 993 4476 fasiigio
1040 4419 1163 4459 eum
1217 4404 1634 4475 praecipitatum,
1684 4416 1741 4461 et
1789 4406 2007 4462 fullonis

2116 3586 2314 3657 μᾶλλον
2336 3586 2368 3657 ἢ
2392 3586 2789 3658 προσεδόκησαν
2809 3588 2899 3642 ἐπὶ
2917 3589 3019 3660 τῆς
3040 3589 3274 3663 πληθύος
3302 3592 3516 3663 ἀπάσης
3539 3595 3680 3664 παῤ-

2113 3676 2532 3747 ρησιασαμένου,
2557 3678 2651 3731 καὶ
2674 3679 3098 3752 ὁμολογήσαντος
3122 3680 3246 3734 Υίὸν
3270 3676 3406 3736 εἶναι
3433 3683 3523 3736 τοῦ
3542 3682 3686 3737 Θεοῦ

2111 3767 2200 3821 τὸν
2233 3767 2458 3838 Σωτῆρα
2504 3769 2598 3822 καὶ
2628 3768 2827 3841 Κύριον
2859 3770 3011 3842 ἡμῶν
3061 3772 3263 3843 Ἰησοῦν
3290 3773 3381 3827 τὸν
3419 3773 3680 3846 Χριστὸν,

2114 3858 2304 3931 μηκέθ’
2334 3853 2435 3913 οἷοί
2460 3877 2518 3914 τε
2540 3863 2638 3931 τὴν
2664 3860 2757 3914 τοῦ
2804 3861 2993 3934 ἀνδρός
3025 3867 3324 3937 μαρτυρίαν
3353 3865 3564 3938 φέρειν,
3595 3865 3674 3938 τῷ

2109 3950 2437 4006 δικαιότατον
2479 3951 2638 4008 αὐτὸν
2677 3952 2828 4025 παρὰ
2868 3956 2981 4017 τοῖς
3021 3955 3151 4007 πᾶσι
3192 3955 3258 4009 δι’
3290 3956 3585 4029 ἀκρότητα,
3608 3952 3685 4031 ἦς

2113 4042 2297 4113 μετῄει
2350 4042 2489 4097 κατά
2513 4042 2604 4096 τὸν
2649 4041 3104 4114 βίον,φιλοσοφίας
3132 4062 3191 4098 τε
3235 4047 3327 4100 καὶ
3371 4046 3677 4112 θεοσεϐείας

2110 4133 2474 4200 πιστεύεσθαι,
2507 4135 2793 4200 κτείνουσι,
2826 4136 3013 4207 καιρὸν
3045 4139 3125 4203 είς
3152 4136 3397 4204 ἐξουσίαν
3422 4138 3680 4203 λαϐόντες

2107 4227 2204 4300 τὴν
2232 4229 2510 4301 ἀναρχίαν,
2541 4230 2622 4282 ὅτι
2661 4228 2724 4300 δὴ
2758 4228 2850 4281 τοῦ
2883 4230 3087 4300 Φήστου
3117 4230 3236 4283 κατ’
3270 4228 3401 4282 αὐτὸ
3426 4229 3518 4283 τοῦ
3549 4247 3674 4303 και-

2111 4317 2205 4387 ροῦ
2224 4318 2314 4371 ἐπὶ
2333 4318 2433 4389 τῆς
2466 4317 2724 4380 Ἰουδαίας
2746 4316 3180 4389 τελευτήσαντος,
3203 4317 3412 4389 ἀναρχα
3451 4320 3543 4372 καὶ
3580 4321 3680 4375 ἀνα

2108 4410 2472 4482 επιτρόπευτα
2502 4410 2571 4464 τά
2596 4409 2697 4480 τῆς
2739 4409 2925 4462 αὐτόθι
2958 4408 3273 4481 διοικήσεως
3305 4411 3678 4482 καθειστήκει.

443 4505 600 4553 vecte
625 4510 938 4566 percussum
966 4494 1238 4551 interiisse
1266 4503 1490 4550 testatus
1515 4504 1616 4551 est.
1635 4497 1742 4552 Sed
1766 4497 2004 4551 omnium

2118 4502 2210 4557 Γὸν
2233 4502 2290 4556 δὲ
2318 4503 2419 4573 τῆς
2449 4503 2542 4556 τοῦ
2584 4500 2837 4555 Ἰακώϐου
2879 4501 3133 4573 τελευτῆς
3165 4501 3394 4585 τρόπον,
3434 4503 3533 4575 ήδη
3573 4504 3676 4575 μὲν

447 4588 855 4643 accuratissime
886 4586 1219 4658 Hegesippus
1253 4585 1344 4655 qui
1395 4586 1754 4655 apostolorum
1799 4598 2005 4657 tempo-

374 4742 379 4751 ι
448 4679 596 4733 ribus
619 4678 897 4748 prosimus
932 4677 1050 4745 fuit,
1078 4678 1132 4732 in
1180 4678 1367 4748 quinto
1394 4676 1903 4732 Commentariorum
1936 4678 2003 4732 lic

444 4766 545 4825 bro
588 4769 654 4825 de
685 4768 888 4825 Jacobo
942 4770 1274 4841 praescripsit
1300 4770 1384 4825 bis
1416 4768 1597 4823 verbis
1629 4785 1643 4822 :
1674 4786 1693 4821 ι
1725 4768 1999 4833 Ecclesiae,

445 4860 642 4941 inquit,
668 4861 1187 4917 administrationem
1225 4877 1330 4916 una
1365 4877 1486 4916 cum
1531 4860 1787 4930 apOstolis
1819 4877 2004 4918 susce-

2109 4592 2368 4664 πρότερον
2399 4593 2454 4645 αί
2498 4590 2885 4664 παρατεθεῖσαι
2916 4590 3009 4644 τοῦ
3047 4591 3362 4662 Κλήμεντος
3386 4593 3558 4661 φωναὶ
3585 4593 3673 4651 δε-

2106 4684 2428 4756 δηλώκασιν,
2456 4685 2573 4739 ἀπὸ,
2600 4684 2693 4740 τοῦ
2733 4685 3025 4757 πτερυγίου
3067 4685 3376 4757 βεϐλῆσθαι,
3425 4684 3564 4757 ξύλῳ
3609 4703 3672 4740 τε

2104 4776 2203 4844 τὴν
2252 4775 2387 4848 πρὸς
2438 4776 2662 4831 θάνατον
2716 4777 3020 4848 πεπλῆχθαι
3081 4779 3241 4833 αὑτὸν
3302 4779 3668 4852 ἱστορηκότος.

2117 4864 2503 4936 Ἀκριϐέστατά
2517 4883 2580 4935 γε
2603 4866 2706 4938 μὴν
2725 4866 2792 4921 τὰ
2817 4868 2937 4921 κατ’
2959 4867 3118 4920 αὐτὸν
3142 4869 3171 4920 ὀ
3202 4869 3542 4938 Ἡγήσιππος
3575 4869 3670 4923 ἐπὶ

443 4953 523 5023 pit
550 4951 783 5009 Jacobus
823 4952 993 5009 frater
1037 4952 1272 5020 Domini,
1311 4953 1403 5025 qui
1432 4952 1544 5025 jam
1575 4951 1700 5008 inde
1733 4968 1762 5007 a
1792 4951 1997 5010 Christi

2118 4955 2198 5027 τῆς
2223 4956 2442 5030 πρώτης
2468 4959 2573 5015 τῶν
2597 4956 2903 5013 ἀποστόλων
2948 4958 3235 5031 γενόμενος
3261 4959 3507 5031 διαδοχῆς
3531 4959 3668 5042 (92),

518 5139 1153 5211 (90⁴)ΫἘτχειρισθῆναι.
1168 5141 1224 5197 ln
1252 5152 1483 5211 quatuor
1502 5140 1706 5196 nosuis
1728 5139 2003 5196 codicibus

445 5209 968 5281 Maz.,lgled.,l“ult.
1024 5209 1093 5266 ac
1133 5209 1302 5266 Savil.
1355 5214 1617 5279 scriptum
1673 5220 1756 5265 est
1794 5212 1999 5281 ἐπιχει-

449 5281 629 5352 ρῆσαι.
658 5280 826 5346 Quam
859 5281 1139 5352 lectionem
1174 5283 1228 5334 in
1271 5281 1589 5352 quibusdam
1634 5280 1917 5352 codicibus
1944 5295 2002 5334 se

442 5349 710 5418 reperisse
739 5360 961 5405 testatur
994 5349 1317 5419 Stephanus.
1352 5349 1546 5404 Verum
1571 5353 1614 5405 si
1639 5352 1709 5405 ita
1735 5351 1996 5416 legamus,

445 5422 753 5494 necessario
784 5421 1129 5494 scribendum
1168 5423 1280 5494 erit
1300 5421 1627 5494 προελθόντα
1662 5421 1725 5494 δὲ
1762 5424 1843 5485 είς
1870 5420 1995 5473 ἀθε-

2108 5139 2175 5194 tri
2197 5140 2409 5194 codices
2423 5139 2559 5195 Maz.
2577 5180 2592 5205 ,
2614 5139 2828 5203 Medic.,
2859 5139 2994 5197 [θυι.
3018 5149 3072 5196 et
3093 5139 3260 5196 Savil.
3278 5153 3376 5210 pro
3404 5139 3666 5209 τολμᾶται

2107 5210 2645 5282 scriptumexhibeut
2669 5210 3009 5282 τολμήματα.
3034 5210 3183 5277 Quod
3208 5211 3456 5282 equidem
3498 5211 3669 5282 magis

2108 5278 2298 5351 probo.
2334 5278 2467 5351 Nam
2499 5281 2544 5335 si
2567 5278 3169 5351 soluatat'legcrimus.
3199 5278 3527 5351 superﬂuum
3557 5278 3669 5351 erit

2094 5348 2184 5414 τὰ,
2203 5365 2324 5404 cum
2349 5348 2787 5406 suﬁciatdiiisse
2807 5348 3030 5404 τοιαῦτα
3045 5350 3101 5404 δέ
3117 5350 3296 5412 αὐτοῖς
3318 5348 3458 5403 κατά
3477 5350 3667 5408 τούτου

2093 5421 2376 5491 papam.
2422 5419 2587 5491 Paulo
2628 5431 2753 5474 ante
2795 5421 2957 5474 iidem
2997 5422 3213 5475 codices
3244 5419 3565 5491 Maz..b_led.
3601 5434 3667 5478 ac

445 5491 632 5587 ιιξτεῑις
664 5490 877 5587 abere
907 5488 1636 5587 ,ειςιὲετιξ.ίῖίίξεῧξ¹ιοιξξῖί1ι
1655 5492 1992 5587 liram“??-

2118 5488 2252 5587 παίξὶό
2260 5490 2738 5587 ρεροέῐγκειχείριστο
2752 5492 3009 5587 icqiptum
3027 5491 3225 5576 habent
3240 5488 3661 5587 ἐγκεχειίρισταὲ.

443 5561 535 5626 54,
563 5563 632 5614 ita
664 5562 871 5616 videtur
907 5564 1119 5630 legisse.
1167 5561 1258 5614 Sic
1297 5563 1442 5615 enim
1479 5563 1621 5614 hunc
1655 5561 1996 5615 Eusebii-lo-

444 5646 568 5683 cum
600 5631 966 5701 interpolavit',
1000 5633 1079 5695 είς
1103 5631 1147 5683 δ’
1173 5630 1460 5701 ἀθεμίτους
1482 5630 1823 5701 ἐξοκείλαντα
1864 5631 1998 5701 πρά-
2090 5633 2216 5685 λων

2163 5559 2274 5628 (92)
2291 5561 2342 5612 Ὁ
2357 5558 2736 5638 Ἡγήσιππος
2749 5559 2852 5638 ἐπί⁴
2882 5558 2988 5638 τῆς
3004 5558 3235 5638 πρώτης
3261 5558 3380 5638 τῶν
3398 5558 3666 5638 ἀποστό-

2252 5633 2568 5700 γενόμενος
2609 5630 2909 5700 διαδοχῆς.
2941 5631 3164 5685 Rulinus
3201 5632 3395 5700 legisse
3428 5634 3658 5690 Vltlrlttl'.

446 5700 574 5780 ἕξις,
616 5696 758 5772 μετά’
779 5700 886 5780 τῷν
914 5700 1086 5755 ἄλλων
1111 5701 1202 5754 καὶ
1223 5696 1319 5765 τᾶς
1336 5702 1444 5754 τῶν
1462 5700 1768 5754 ἀποστόλων
1794 5696 1998 5752 ἐπιτολ-

2123 5702 2181 5780 ori
2205 5696 2271 5770 τῇ
2315 5696 2504 5780 πρώτῃ
2548 5696 2903 5780 διαδοχῇξὸιο
2929 5701 3070 5753 enim
3102 5696 3274 5780 vertit
3293 5722 3304 5756 :
3340 5696 3661 5766 Hegesippus

448 5770 626 5844 eiset
649 5770 880 5844 ςφαγάςτ

513 5836 623 5904 t9!)
650 5836 803 5905 Vulgi.
819 5842 890 5895 τὰ
901 5839 1046 5898 κατὰ
1056 5843 1266 5898 τούτου
1284 5838 1589 5910 τολμᾶται.
1610 5838 1851 5909 Quatuor
1866 5854 1997 5897 nos-

2090 5773 2178 5838 qui
2229 5770 2371 5842 post
2400 5770 2539 5840 ipsa:
2587 5770 2764 5826 nolim
2815 5771 3010 5842 primas
3046 5770 3401 5840 apostolorum
3451 5783 3659 5827 success
