4016 6260
345 365 440 419 197
1359 376 1701 435 HISTORIA:
1742 380 1902 437 ECCI

2007 382 2294 440 lASTlCE
2333 385 2459 440 [ΑΒ.
2501 386 2564 442 ll.
3501 397 3601 452 {98

338 483 396 534 ἐν
443 481 524 551 τῷ
573 483 838 557 πέμπτῳ
879 486 1044 542 αὑτοῦ
1100 488 1478 560 Ὑπομνήματι
1531 495 1716 547 τοῦτον
1773 495 1902 565 λέγα

2007 525 2018 556 ι
2049 501 2378 569 temporibus
2407 501 2472 554 ad
2507 511 2744 556 nostram
2765 518 2938 572 usque
2961 513 3176 576 aetatem
3197 505 3378 564 Justus
3402 524 3602 580 cogno-
3673 525 3676 527 '

337 577 538 646 εστορεί
566 575 668 631 τὸν
704 580 944 651 τρόπον·
982 599 1000 632 ι
1038 579 1345 650 Διαδέχεται
1391 583 1447 636 δὲ
1488 583 1584 656 τὴν
1625 585 1902 656 Ἐκκλησία

2050 590 2282 644 minatus
2313 603 2413 645 est.
2443 590 2574 645 Nam
2606 593 2758 647 multi
2801 595 3019 662 quidem
3043 575 3230 652 eodem
3264 575 3598 656 nomiue'J'a-

337 669 473 739 μετὰ
499 669 617 723 τῶν
651 675 984 728 ἀποστόλων
1020 676 1151 746 (95),
1185 680 1212 730 ὁ
1237 676 1458 745 ἁδελφὸς
1479 677 1572 729 τοῦ
1598 679 1801 748 Κυρίου
1838 681 1902 733 Ίά

2045 680 2162 734 eobi
2200 683 2553 737 vocabantur.
2592 683 2697 740 Sed
2733 684 2821 741 hic
2847 687 2912 741 ab
2941 687 3056 756 ipso
3086 689 3274 743 matris
3299 700 3451 747 utero
3474 709 3602 748 sau-

333 761 531 826 κωὸος,
580 767 614 818 ὁ
663 766 1000 837 ὀνομασθείς
1041 771 1144 822 ὑπὸ
1188 772 1403 823 πάντων
1436 769 1652 833 Δίκαιος
1686 771 1794 840 (94)
1835 773 1902 824 ἀτι

2044 781 2162 826 ctus
2196 771 2312 826 fuit.
2345 773 2454 828 Nec
2476 777 2655 829 vinum
2682 792 2917 848 unquam
2948 777 3082 832 bibit
3111 795 3208 832 nee
3233 780 3463 837 siceram
3492 802 3503 836 :
3531 785 3599 840 ab

330 853 436 906 τῶν
463 856 563 908 τοῦ
600 859 832 929 Κυρίου
860 861 1064 930 χρόνων
1101 862 1259 933 μέχρι
1285 861 1376 914 καὶ
1404 860 1580 932 ἡμῶν.
1621 862 1774 914 Ἐπεὶ
1808 863 1902 916 πολ

2041 862 2396 917 animantium
2447 866 2700 922 carnibus
2758 870 2973 937 penitus
3025 872 3306 926 abstinuit.
3375 875 3597 931 Comam

328 945 408 998 λοὶ
444 947 720 1001 Ἵάκωϐοι
773 951 1080 1006 ἐκαλοῦντο.
1111 947 1276 1015 Οὗτος
1305 952 1361 1004 δὲ
1390 953 1454 1005 ὲκ
1484 953 1688 1017 κοιλίας
1737 955 1902 1024 μητρὶ

2042 968 2311 1022 nunquam
2347 955 2594 1012 totondit.
2646 956 2830 1026 Neque
2860 961 3006 1025 ungi,
3053 976 3226 1030 neque
3271 963 3450 1022 lavare
3482 968 3602 1022 bal-

328 1038 494 1091 αὐτοῦ
529 1039 705 1107 ἅγιος
861 1039 1014 1096 Οἶνον
1039 1045 1130 1096 καὶ
1161 1045 1352 1114 σίκερα
1381 1046 1479 1098 οὐκ
1505 1045 1673 1109 ἔπιεν,
1693 1047 1812 1100 οὐδὲ
1841 1048 1939 1117 ἔμ-

323 1129 496 1200 ψυχον
533 1130 753 1201 ἔφαγε.
792 1133 962 1205 Ξυρδν
989 1135 1077 1186 ἐπὶ
1103 1135 1198 1206 τὴν
1227 1135 1465 1207 κεφαλὴν
1492 1137 1654 1189 αὑτοῦ
1684 1139 1782 1191 οὐκ
1811 1139 1935 1192 ἀνέ-

323 1221 416 1291 6η,
441 1222 637 1276 ἔλαιον
668 1227 781 1278 οὐκ
806 1226 1088 1295 ἠλείψατο,
1109 1228 1201 1280 καὶ
1226 1227 1490 1299 βαλανείῳ
1517 1230 1615 1284 οὐκ
1646 1231 1932 1302 ἐχρήσατο.

322 1313 515 1384 Τούτῳ
547 1317 719 1386 μόνῳ
749 1319 874 1388 ἐξῆν
903 1320 1010 1389 (95)
1035 1323 1113 1384 είς
1145 1321 1210 1373 τὰ
1239 1321 1367 1389 ἆγια
1400 1322 1642 1376 εἰσιέναι.
1679 1324 1809 1377 Οὐδὲ
1830 1325 1936 1396 γὰρ

323 1406 515 1476 ἐρεοῦν
553 1409 767 1480 ἐφόρει
791 1453 804 1474 ,
838 1411 970 1464 ἀλλὰ
999 1412 1254 1475 σινδόνας.
1304 1414 1413 1466 Καὶ
1459 1414 1617 1484 μόνος
1653 1417 1936 1486 εἰσήρχετο

321 1498 400 1561 είς
432 1497 529 1551 τὸν
561 1499 737 1564 ναὸν,
764 1503 1052 1573 ηὑρίσκετό
1085 1521 1141 1557 τε
1167 1504 1414 1573 κείμενος
1448 1507 1540 1558 ἐπὶ
1569 1510 1680 1571 τοῖς
1723 1509 1931 1575 γόνασι,

321 1590 416 1641 καὶ
462 1591 816 1664 αἰτούμενος
850 1596 988 1667 ὑπὲρ
1013 1595 1104 1650 τοῦ
1138 1597 1266 1650 λαοῦ
1297 1599 1509 1669 ἄφεσιν,
1539 1600 1612 1664 ὡς
1657 1601 1931 1674 ἀπεσκλη-

320 1681 477 1734 κέναι
523 1684 600 1736 ri
646 1686 858 1754 γόνατα
890 1687 1053 1741 αὐτοῦ
1087 1689 1241 1761 δίκην
1283 1691 1524 1761 καμήλου
1549 1732 1563 1754 ,
1609 1693 1695 1746 διὰ
1737 1693 1797 1746 τὸ
1843 1695 1931 1747 ἀεὶ

322 1773 615 1842 κάμπτειν
651 1779 753 1830 ἐπὶ
783 1778 910 1846 γόνυ
937 1780 1046 1849 (96)
1091 1782 1493 1852 προσκυνοῦντα
1535 1784 1610 1854 τῷ
1637 1783 1755 1854 Θεῴ
1777 1825 1790 1849 ,
1836 1786 1927 1839 καὶ

2040 1061 2142 1100 neo
2184 1063 2381 1117 corpus
2423 1063 2654 1117 unquam
2703 1051 2912 1106 solitus.
2948 1051 3098 1108 Unus
3150 1071 3212 1109 ex
3251 1058 3500 1114 omnibus
3543 1061 3597 1116 in

2039 1137 2284 1192 intimum
2316 1141 2493 1208 templi
2530 1145 2890 1197 sanctuarium
2934 1146 3264 1214 ingrediendi
3305 1149 3394 1217 jus
3422 1151 3595 1207 facul-

2041 1238 2314 1299 talemque
2365 1231 2616 1286 habebat.
2651 1233 2837 1304 Neque
2888 1238 3028 1290 enim
3070 1239 3286 1304 lanicio,
3328 1243 3419 1295 sed
3456 1243 3595 1298 linea

2038 1329 2244 1374 tantum
2302 1333 2449 1376 veste
2483 1324 2754 1382 utebatur.
2806 1325 2863 1379 In
2898 1328 3152 1396 templum
3192 1331 3336 1384 solus
3366 1332 3591 1396 intrare,

2037 1421 2196 1480 atque
2232 1413 2301 1468 ibi
2327 1416 2551 1484 genibus
2574 1415 2727 1471 ﬂexis
2758 1433 2854 1486 pro
2899 1421 3132 1488 peccatis
3161 1422 3338 1490 populi
3371 1424 3590 1492 supplex

2037 1505 2202 1561 Deum
2238 1522 2396 1562 orare
2419 1519 2792 1564 consueverat.
2831 1512 2978 1568 Adeo
3011 1524 3067 1566 ut
3101 1529 3271 1583 genua
3311 1515 3477 1584 ipsius
3511 1517 3593 1569 iu-

2033 1609 2146 1654 star
2175 1601 2364 1655 cameli
2411 1602 2779 1665 occalluerint,
2809 1604 2934 1658 dum
2963 1608 3178 1662 assidue
3220 1611 3385 1663 Deum
3426 1625 3590 1665 vene-

2036 1708 2182 1756 rans,
2212 1703 2263 1748 et
2311 1709 2407 1763 pro
2455 1693 2565 1766 64
2615 1696 2786 1750 salute
2825 1699 3000 1766 populi
3035 1708 3151 1754 vota
3192 1699 3396 1754 faciens
3439 1701 3586 1756 humi

2032 1793 2382 1842 sterneretur.
2422 1785 2520 1841 Hie
2569 1803 2698 1858 ergo
2726 1789 2794 1843 ob
2827 1790 3148 1860 singularem
3191 1791 3455 1861 justitiam
3497 1808 3590 1846 co-

319 1866 606 1920 αἱτεῖσθαι
643 1870 846 1938 ἄτρεσιν
888 1872 962 1942 τῷ
986 1872 1116 1943 λαῷ.
1143 1874 1241 1927 Διά
1283 1892 1346 1943 γε
1386 1893 1466 1929 τοι
1493 1877 1590 1947 τὴν
1623 1876 1902 1948 ὑπερϐολὴ·

2023 1877 2370 1944 gnominatus
2397 1889 2475 1932 est
2500 1878 2684 1936 Justus
2710 1892 2762 1935 et
2785 1881 2984 1944 Oblias,
3015 1885 3155 1952 quod
3185 1884 3374 1940 Latine
3416 1887 3590 1939 muni-

318 1958 419 2027 τῆς
471 1959 850 2034 δικαιοσύνης
893 1964 1056 2017 αὑτοῦ
1083 2009 1098 2032 ,
1142 1966 1386 2020 ἐκαλεῖτο
1413 1969 1630 2032 Δίκαιος
1671 1971 1764 2023 καὶ
1804 1971 1923 2022 Ὠϐ-

316 2051 436 2117 λίας
470 2056 615 2126 (97)
641 2075 654 2087 ο
685 2059 714 2110 ὅ
754 2061 899 2111 ἐστιν
936 2059 1234 2130 Ἑλληνιστὶ
1268 2061 1491 2132 περιοχὴ
1531 2063 1622 2115 τοῦ
1667 2062 1794 2116 λαοῦ
1835 2064 1926 2117 καὶ

319 2147 688 2220 δικαιοσύνη,
711 2151 784 2214 ὡς
804 2153 849 2204 οἱ
881 2152 1152 2224 προφῆται
1177 2153 1391 2222 δηλοῦσι
1415 2155 1539 2225 περὶ
1563 2153 1746 2208 αὑτοῦ.
1773 2156 1926 2219 Τινὲς

324 2235 416 2294 οῦν
448 2242 572 2294 τῶν
615 2244 756 2298 ἑπτὰ
789 2246 1050 2316 αἱρέσεων
1078 2245 1186 2298 τῶν
1228 2247 1286 2298 ἐν
1309 2245 1385 2316 τῷ
1428 2245 1558 2316 λαῷ,
1589 2247 1694 2300 τῶν
1729 2264 1926 2318 προγε-

324 2335 692 2404 γραμμὲνων
728 2354 816 2406 μοι
848 2337 954 2406 (98)
983 2339 1039 2390 ἐν
1071 2339 1182 2400 τοῖς
1223 2337 1665 2408 Ὑπομνήμασιν,
1697 2339 1925 2392 ἐπυνθά-

325 2443 481 2480 νοντο
510 2428 694 2481 αὖτοῦ
713 2470 726 2492 ,
763 2429 843 2493 τίς
873 2432 906 2500 ἡ
951 2429 1089 2501 θύρα
1115 2429 1209 2484 τοῦ
1263 2430 1436 2503 Ἰησοῦ
1466 2430 1595 2501 (99).
1632 2431 1741 2484 Καὶ
1772 2430 1921 2499 ἔλεγε

329 2547 506 2598 siones
557 2547 810 2614 fuit,etc.
849 2547 1064 2616 Vulgata
1123 2559 1299 2603 tamen
1342 2549 1502 2604 lectio
1553 2549 1771 2602 minime
1820 2565 1916 2603 re-

329 2617 622 2684 pudianda
699 2629 812 2677 est,
864 2634 984 2671 cum
1050 2619 1328 2688 llcgesippi
1395 2632 1523 2674 atlas
1579 2621 1629 2672 in
1687 2621 1910 2688 primam

331 2688 715 2754 apostolorum
765 2688 1153 2742 successionem
1207 2691 1476 2743 inciderit.
1529 2688 1706 2742 Prima
1766 2691 1909 2742 enim

330 2758 718 2828 apostolorum
751 2760 1019 2811 successio
1048 2762 1298 2828 usquead
1328 2770 1566 2828 tempora
1601 2758 1761 2812 Marci
1802 2760 1909 2811 An-

335 2826 514 2898 tonini
571 2828 902 2898 producitur.
930 2828 1005 2881 Eo
1036 2826 1260 2897 namque
1292 2826 1609 2898 imperante,
1656 2829 1909 2898 Polycar-

333 2910 456 2962 pus,
487 2894 741 2968 Joannis_
763 2898 988 2968 apostoli
1023 2894 1333 2964 discipulus.
1369 2894 1630 2953 coronam
1663 2894 1904 2968 martyrii

333 2965 667 3032 reportavit.
713 2965 874 3020 Recte
915 2966 1076 3035 igitur
1118 2968 1444 3036 ilegesippns
1476 2970 1527 3022 in
1559 2969 1726 3035 prima
1779 2965 1906 3035 apo-

332 3036 612 3108 stolormn
661 3037 999 3108 Successione
1050 3038 1246 3092 vixisse
1301 3039 1519 3100 dicitur,
1563 3038 1761 3108 quippe
1813 3038 1904 3106 qui

334 3103 532 3176 ﬂoruit
582 3105 970 3158 Antoniuorum
1011 3108 1332 3176 principatu.
1381 3103 1626 3176 Cumque
1660 3103 1902 3161 Romam

337 3175 594 3246 venisset
627 3176 938 3246 pontiﬁcatu
984 3175 1209 3241 Aniceti,
1258 3177 1451 3246 ibidem
1499 3175 1793 3246 permansit
1823 3193 1905 3232 us-

2030 1979 2254 2022 utentum
2273 1971 2453 2038 populi
2476 1973 2803 2042 etjustitiam
2830 1973 3120 2044 signiﬁcat,
3138 1977 3585 2045 quemadmodum

2029 2060 2189 2113 etiam
2214 2063 2485 2132 propheta:
2519 2064 2584 2118 de
2610 2079 2672 2119 eo
2711 2065 3096 2134 prazdixerunt.
3135 2067 3364 2133 Quidam
3403 2078 3582 2122 autem

2030 2165 2094 2204 ex
2125 2161 2327 2220 septem
2354 2155 2517 2209 sectis
2543 2171 2662 2224 qua:
2691 2159 2830 2224 apud
2860 2155 3073 2212 Judaeos
3095 2165 3271 2222 erant,
3295 2160 3360 2214 de
3389 2159 3586 2230 quibus

2031 2243 2087 2297 in
2114 2245 2479 2314 superioribus
2513 2246 2666 2302 libris
2694 2249 2980 2317 scripsisse
3011 2250 3383 2314 meminimus,
3413 2252 3583 2306 inter—

2031 2346 2292 2404 rogarunt
2321 2351 2466 2400 eum,
2505 2338 2774 2404 quodnam
2800 2348 2940 2394 esset
2970 2341 3166 2394 osﬁum
3201 2340 3347 2397 Jesu.
3376 2343 3584 2410 Quibus

2030 2425 2116 2479 ille
2141 2425 2320 2482 Jesum
2347 2443 2467 2482 esse
2515 2427 2854 2484 Servatorem
2903 2432 3198 2500 reSpondit.
3233 2431 3324 2486 [iis
3363 2435 3580 2501 auditis,

2022 2547 2166 2600 ribus
2203 2562 2362 2613 usque
2388 2546 2456 2600 ad
2494 2556 2724 2600 nostram
2771 2558 2976 2600 (etatem
3019 2545 3200 2601 Iustus
3234 2550 3298 2601 ab
3340 2553 3582 2606 omnibus

2019 2617 2417 2682 coynominatus
2450 2627 2544 2670 est.
2576 2618 2638 2670 Et
2672 2618 2809 2671 hanc
2847 2618 3060 2686 quidem
3089 2619 3488 2674 distinctionem
3525 2622 3576 2675 itt

2019 2686 2460 2754 interpretatione
2495 2702 2612 2740 mea
2641 2689 2791 2754 sequi
2825 2686 3011 2752 malui,
3041 2697 3160 2754 post
3194 2686 3488 2741 Musculuiu
3523 2699 3579 2744 et

2016 2755 2583 2823 Christopltorsonum,
2628 2757 2820 2824 quippe
2862 2772 2977 2824 qua:
3016 2757 3216 2810 certior
3242 2768 3296 2809 et
3343 2774 3576 2825 sequen-

2013 2826 2154 2880 tibus
2185 2825 2469 2894 llcgesippi
2498 2826 2674 2880 verbis
2719 2826 2886 2893 magis
2927 2841 3220 2892 congruere
3250 2827 3380 2880 mihi
3430 2829 3577 2881 vide-

2012 2895 2644 2968 retur.‘Su_bjicit_.enim
2699 2894 3049 2968 llegesippus,
3081 2896 3204 2968 ἐπεὶ
3255 2897 3439 2950 πολλοὶ
3473 2898 3577 2968 μὲν

2022 2964 2266 3020 Ἰάκωϐοι
2294 2963 2600 3027 ἐκαλοῦντο,
2631 2977 2734 3018 etc.
2769 2963 2903 3030 Qua!
2924 2965 3086 3018 verba
3125 2966 3241 3018 sine
3283 2968 3443 3019 dubio
3475 2963 3575 3020 're-

2010 3035 2260 3088 Ieruntnr
2289 3036 2354 3086 ad
2389 3049 2449 3086 ea
2489 3049 2606 3103 quze
2635 3043 3048 3102 prmcesseruut,
3077 3037 3104 3087 ό
3129 3035 3443 3103 ὀνομασοεὶς
3471 3037 3577 3091 ὑπὸ

2010 3105 2226 3180 πάντων
2255 3083 2708 3180 Δίκαιος.ΊΒεὸί1ίι
2739 3083 3172 3180 cnim_rationem
3219 3083 3569 3180 Hegesippus,

2010 3191 2109 3228 cur
2148 3173 2379 3229 Jacobus
2408 3173 2595 3228 Justus
2639 3175 2707 3227 ab
2735 3175 2984 3228 omnibus
3018 3173 3568 3242 cogitetiiiiiattis"sit.

337 3257 448 3310 que
476 3244 547 3295 ad
579 3237 945 3311 pontiﬁcatum
988 3237 1277 3300 Eleutheri.
1305 3245 1360 3299 In
1391 3237 1648 3300 Chronico
1679 3248 1908 3302 Alercau-
1935 3237 1976 3296 C
2010 3245 2234 3313 Quippe,
2278 3245 2486 3312 inquit,
2528 3244 2678 3297 multi
2728 3244 2877 3298 fucr‘e
2917 3237 3137 3310 Jacobi;
3185 3245 3278 3300 sed
3326 3246 3411 3300 hic
3460 3262 3573 3314 pra}

333 3315 523 3377 drino,
567 3315 712 3378 quod
761 3315 975 3380 quidem
1011 3316 1398 3370 Antiochenum
1449 3317 1700 3371 libentius
1751 3319 1908 3371 voea-

335 3385 540 3456 verint,
580 3382 914 3456 llcgesippns
937 3397 1185 3456 mortuus
1206 3401 1324 3440 esse
1365 3387 1564 3440 dicitur
1602 3387 1904 3456 principatu

335 3452 895 3525 commodiAugusti.
912 3454 1159 3525 Equalis
1183 3457 1340 3525 igitur
1365 3456 1462 3508 fuit
1489 3452 1720 3510 Irenaeo:
1747 3452 1904 3525 quem

338 3523 508 3594 etiam
562 3524 749 3591 primae
790 3523 1152 3594 apostolorum
1204 3523 1530 3579 successioni
1593 3523 1902 3594 contiguum

337 3590 512 3644 fuisse
565 3590 792 3645 testatur
825 3590 1096 3648 Eusebius
1143 3596 1193 3648 in
1240 3596 1338 3648 lib.
1362 3611 1413 3653 ν,
1449 3611 1567 3660 cap.
1597 3596 1686 3658 ‘20,
1723 3590 1807 3648 ubi
1840 3598 1904 3648 de

337 3660 480 3733 Libro
499 3662 634 3733 ejus
663 3665 766 3730 agit
804 3664 893 3728 qui
928 3666 1215 3732 inscriptus
1237 3674 1352 3718 erat
1381 3665 1453 3718 De
1479 3665 1729 3733 Ogdoade
1753 3680 1770 3715 :
1816 3667 1901 3718 'Ev

332 3723 382 3798 ᾧ
544 3723 978 3806 Ἑπισῆμαίνεται
1021 3723 1118 3806 τὴν
1162 3734 1384 3806 πρώτην
1429 3723 1549 3788 τῶν
1591 3736 1900 3788 ἀποστόλων

335 3801 725 3876 κατειληφέναι
737 3801 936 3876 ἑαυτὸν
958 3801 1220 3876 διαδοχήνζ

409 3870 525 3944 (93)
563 3872 726 3944 Μετὰ
750 3873 886 3944 ,τῶν
913 3870 1286 3930 ἀποσέὸλων.
1323 3875 1675 3944 Hieronymus
1709 3873 1758 3927 in
1793 3873 1896 3926 Ca-

335 3941 516 4009 talogo
565 3943 708 3996 liune
747 3943 918 3998 locum
964 3947 1036 3999 ita
1085 3946 1284 4000 vertit:
1324 3941 1557 4007 Suscepit
1610 3944 1893 3997 Ecclesium

341 4009 746 4084 (lierosolymre,
778 4026 893 4080 post
919 4015 1177 4084 apostolos
1206 4015 1368 4082 frater
1392 4015 1596 4084 Domini
1641 4012 1890 4067 Jacolms.

337 4081 502 4153 quasi
530 4081 798 4153 legeretur
822 4081 961 4153 μετᾶ
981 4086 1102 4148 τοὺς
1123 4081 1468 4148 ἀποστόλους.
1494 4083 1672 4153 Longe
1697 4085 1893 4137 rectius

341 4152 690 4223 adverSarius
738 4152 1044 4223 Hieronymi
1100 4155 1326 4208 Ruﬁnus
1372 4152 1762 4222 interpretatus
1809 4163 1893 4208 est

339 4235 457 4293 cum
481 4221 755 4293 apostolis.
775 4221 908 4276 Nam
923 4221 1148 4293 apostoli
1167 4239 1272 4277 una
1291 4221 1626 4278 cumJacoho
1639 4223 1889 4290 episeopo

341 4287 880 4355 Hierosolvmitanam
926 4287 1176 4347 rexerunt
1209 4293 1523 4348 Ecclesiam.
1556 4287 1733 4356 Quare
1767 4287 1888 4358 per-

339 4372 522 4432 peram
564 4358 787 4412 Ruﬁnus
818 4362 869 4414 in
909 4379 1025 4432 cap.
1049 4363 1083 4414 2
1112 4363 1269 4427 huius
1302 4361 1444 4422 libri,
1475 4360 1729 4432 Jacobtttn
1760 4377 1887 4428 apo.

339 4429 602 4500 stolorum
639 4429 988 4500 (episcopum
1050 4433 1362 4486 nominavit.
1414 4431 1573 4500 Atqui
1631 4429 1885 4500 (lienis-ns

339 4496 493 4563 cujus
539 4496 715 4551 verba
748 4496 868 4554 illic'
899 4503 1282 4567 interpretatur
1330 4496 1581 4562 Ruﬁnus,
1623 4499 1882 4554 Jacobtnn

2009 3315 2215 3369 czcteris
2269 3313 2478 3382 justitia
2539 3313 2829 3384 excelluit,
2884 3325 2940 3366 ut
2984 3315 3174 3384 multis
3234 3313 3572 3384 argumentis

2007 3385 2262 3454 deinceps
2320 3385 2514 3454 probat
2572 3383 2920 3452 Ilegesippus.
2962 3383 3180 3454 Deinde
3232 3386 3277 3438 si
3313 3383 3562 3452 priorem

2009 3453 2410 3508 distinctionem
2463 3469 2750 3520 sequamur
2790 3470 2910 3507 cum
2956 3453 3169 3516 ιιυιιηο,
3221 3454 3412 3508 falsum
3459 3458 3568 3510 erit

2005 3523 2131 3577 illud
2165 3526 2307 3591 quod
2355 3524 2614 3591 sequitur,
2653 3522 2908 3577 Jacobum
2957 3524 3162 3576 scilicet
3189 3525 3495 3591 episcopum
3532 3543 3562 3580 a

2006 3594 2332 3662 temporibus
2384 3594 2592 3663 Domini
2637 3609 2828 3663 _usque
2889 3593 2956 3646 ad
3012 3593 3296 3663 llegesippi
3348 3603 3560 3648 mtatcm

2002 3661 2385 3730 permansisse.
2435 3661 2572 3715 Nam
2624 3661 2857 3716 Jacobus
2900 3661 3114 3729 quideni
3163 3661 3347 3717 Justus
3392 3679 3566 3718 cmsus

2000 3744 2078 3786 εει
2130 3730 2356 3785 Neronis
2405 3733 2730 3798 principatu.
2773 3732 3101 3800 llegesippus
3149 3746 3277 3786 vero
3327 3733 3560 3789 Antoni-

2000 3817 2190 3855 normn
2225 3803 2558 3870 temporibus
2587 3802 2784 3870 floruit,
2814 3813 2869 3853 ut
2900 3801 3145 3868 superius
3176 3803 3484 3857 observavi.

2071 3871 2180 3941 (95)
2209 3869 2397 3941 Τούτῳ
2413 3871 2573 3939 μόνῳ
2593 3869 2763 3941 ἐξῆν,
2779 3871 3094 3941 etc.'l‘otut_n
3115 3871 3253 3941 hunc
3281 3872 3562 3941 llegesippi

1998 3939 2172 3994 locum
2201 3940 2312 4006 jam
2346 3942 2547 4008 pridem
2589 3940 2920 3992 examinavit
2949 3939 3187 4006 Scaliger
3216 3940 3268 3992 in
3305 3939 3562 3996 Animad-

1997 4011 2314 4064 versionibus
2340 4008 2668 4073 Eusebianis,
2696 4026 2818 4078 pag.
2842 4009 2963 4067 178,
2998 4013 3267 4076 uiultaqne
3293 4014 3345 4063 iu
3379 4027 3442 4064 eo
3475 4029 3562 4065 rc-

1994 4080 2296 4148 prehendit,
2319 4096 2434 4146 qme
2451 4081 2626 4145 Operm
2647 4091 2871 4147 pretium
2893 4081 2997 4131 erit
3020 4078 3210 4144 legere.
3231 4080 3377 4132 Adde
3395 4082 3556 4135 etiam

2034 4166 2112 4203 ιιω
2143 4150 2396 4204 adversus
2421 4148 2680 4214 Scaligeri
2714 4164 2995 4201 censuram
3019 4149 3240 4219 scripsit
3265 4150 3556 4219 Dionysius

2034 4166 2112 4203 uae
2143 4165 2396 4204 adversus
2421 4165 2680 4214 aeangert
2714 4165 2995 4201 censuram
3019 4165 3235 4214 scripsit
3265 4165 3554 4219 urouysrus

1993 4165 2242 4272 getavius
2264 4222 2315 4272 in
2343 4219 2486 4272 notis
2507 4222 2571 4270 ad
2599 4219 2844 4272 hmresim
2869 4233 3068 4270 LXXVIII
3095 4215 3396 4286 Epiphanii,
3418 4232 3470 4274 et
3495 4221 3554 4276 P.

1989 4287 2286 4342 Halloixius
2313 4290 2362 4341 in
2396 4288 2760 4341 notationibus
2790 4289 2855 4340 ad
2900 4287 3066 4340 Vitam
3101 4285 3395 4355 Hegesippi,
3425 4306 3472 4345 c.
3495 4291 3552 4347 5.

2060 4359 2167 4429 (96)
2207 4359 2309 4413 Διὰ
2338 4358 2402 4411 τὸ
2447 4357 2537 4410 ἀεὶ
2582 4357 3016 4429 κάμπτειν-ἐξά
3063 4357 3556 4429 γόι-ὐηῇιιωψο·

1989 4427 2205 4483 suem
2237 4443 2394 4481 voces
2417 4429 2654 4480 absunta
2675 4429 2859 4480 codice
2888 4427 3019 4480 Fuk.
3049 4438 3102 4480 et
3131 4427 3270 4494 apud
3298 4427 3554 4496 Nicepho-

1989 4514 2129 4552 rum.
2157 4497 2350 4552 Verum
2385 4498 2437 4549 in
2465 4497 2649 4549 codice
2683 4497 2818 4550 Maz.
2849 4514 2909 4549 ac
2939 4497 3074 4550 Med.
3107 4508 3246 4549 totus
3277 4499 3362 4550 hic
3400 4499 3551 4552 locus

336 4582 440 4641 non
469 4569 858 4641 apostolorum,
891 4574 997 4641 (sed
1041 4565 1531 4641 Hierosolymorum
1576 4572 1882 4637 episcopum

2008 4578 2057 4620 ta
2074 4567 2302 4641 legitur,
2342 4565 2429 4620 διὰ
2467 4565 2528 4617 τὸ
2573 4566 2660 4618 ἀεὶ
2703 4569 2972 4637 κάμπτειν
3022 4566 3426 4637 προσκυνοῦντα
3473 4569 3555 4640 τῷ

341 4637 542 4689 factum
571 4653 690 4690 esse
712 4637 862 4691 dicit.
889 4639 1054 4694 Porro
1077 4637 1300 4695 Ruﬁnus
1332 4642 1380 4694 id
1408 4642 1653 4694 hausisse
1676 4641 1887 4692 videtur

338 4721 400 4779 ex
427 4707 721 4779 Clementis
743 4707 1212 4778 Recognitionibus,
1243 4726 1377 4779 quas
1401 4711 1480 4764 vel
1517 4707 1732 4779 ipsejvel
1760 4707 1892 4761 Pau-

336 4773 472 4848 linus
495 4774 687 4848 Latine
709 4773 1030 4834 vertitham
1052 4783 1102 4834 in
1127 4782 1218 4834 lib.
1235 4773 1272 4833 ti
1290 4781 1405 4848 ejus
1422 4773 1599 4848 operis
1621 4777 1886 4843 Clemens,

332 4843 590 4897 Jacobnm
629 4845 852 4919 fratrem
899 4851 1128 4914 Domini,
1159 4843 1334 4919 quem'
1367 4843 1478 4916 ipse
1521 4849 1886 4919 archiepiscon

335 4928 457 4979 pum
493 4917 736 4988 nominat
767 4928 821 4970 et
849 4920 1134 4986 principem
1171 4917 1561 4988 episcoporum,
1599 4917 1884 4986 episcopali

335 4986 657 5056 auctoritate
683 4989 939 5056 apostolis
963 4986 1214 5043 omnibus
1238 4986 1629 5056 praecipientem
1661 4989 1881 5040 inducit.

402 5055 512 5121 (94)
567 5055 621 5106 Ὁ
663 5055 1014 5124 ὀνομασθείς
1042 5059 1158 5112 ὑπὸ
1197 5055 1433 5112 πάντων
1463 5058 1712 5122 Δίκαιος.
1761 5057 1885 5110 Post

333 5120 444 5194 haec
473 5125 635 5178 verba
675 5125 724 5178 in
764 5120 948 5180 codice
973 5120 1240 5182 Mazarino
1277 5145 1339 5182 ac
1377 5127 1509 5181 Fuk.
1535 5120 1771 5194 apposita
1803 5136 1884 5180 est

332 5192 629 5266 distinctio.
649 5195 818 5260 Quam
839 5199 1052 5265 quidem
1078 5192 1795 5266 interpunetionemsecutus
1813 5199 1888 5248 vi-

330 5264 486 5316 detur
515 5265 762 5320 Ruliuus.
791 5264 882 5319 su:
908 5269 1048 5320 enitn
1088 5264 1245 5320 vertit
1277 5285 1292 5318 τ
1328 5268 1559 5330 Suscepit
1592 5264 1881 5318 Ecclesium

329 5347 443 5384 cum
470 5336 720 5400 apostolis
751 5336 914 5404 frater
937 5337 1142 5392 Domini
1163 5337 1413 5402 Jacobus,
1433 5339 1521 5404 qui
1550 5340 1612 5388 ab
1645 5337 1880 5388 omnibus

329 5407 723 5476 cognominatus
769 5417 841 5457 est
884 5406 1102 5468 Justus,
1143 5410 1207 5460 ab
1248 5409 1374 5476 ipsis
1421 5408 1630 5458 Domini
1682 5415 1874 5472 tempo-

328 5474 470 5546 iibus
524 5478 816 5546 perdamus
869 5493 1025 5546 usque
1080 5479 1146 5530 ad
1207 5474 1318 5530 nos.
1352 5476 1550 5531 Verum
1591 5478 1641 5528 in
1695 5479 1879 5529 codice

326 5541 494 5614 Regio
523 5560 588 5598 ac
619 5545 756 5598 Med.
785 5556 838 5598 et
867 5541 1002 5614 apud
1035 5547 1389 5615 Nicephorum
1423 5547 1564 5600 nulla
1595 5556 1678 5599 est
1713 5547 1880 5598 ascri-

325 5626 415 5680 pta
454 5616 739 5668 distinctio
773 5626 891 5683 post
932 5633 1113 5671 vocem
1144 5618 1384 5681 Δίκαιος.
1422 5618 1514 5670 sed
1551 5625 1692 5668 totus
1728 5617 1876 5668 locus

328 5699 432 5755 uno
477 5686 673 5752 Spiritu
723 5688 1067 5739 continuatur
1117 5687 1217 5740 hoc
1259 5692 1445 5746 modo,
1495 5687 1523 5738 ὁ
1557 5684 1876 5755 ὀνομασθείς

325 5753 426 5804 om
470 5755 690 5827 πάντων
737 5755 948 5827 Δίκαιος
991 5756 1098 5808 ἀπὸ
1137 5757 1242 5810 τῶν
1285 5755 1378 5809 τοῦ
1413 5755 1626 5827 ’Κυρίου
1655 5753 1874 5826 χρόνων

325 5825 482 5896 μέχρι
521 5823 615 5879 καὶ
654 5823 834 5897 ἡμῶν,
872 5827 918 5882 id
951 5837 1050 5892 est,
1079 5828 1246 5896 quiub
1282 5828 1406 5897 ipsis
1450 5823 1643 5880 (Μίνωι
1675 5823 1872 5892 ιέηῳοο

1989 4636 2107 4706 Θεῷ
2132 4636 2200 4690 τὰ
2222 4637 2442 4704 γόνατα.

2060 4704 2170 4777 (97)
2225 4706 2512 4761 Ἐκαλεῖτο
2563 4707 2796 4777 Δίκαιος
2844 4705 2942 4758 καὶ
2986 4704 3236 4771 nimiae.
3299 4705 3550 4763 Nicolaus

1987 4775 2238 4831 Fullerus
2281 4778 2333 4830 itt
2370 4778 2463 4830 lib.
2493 4792 2550 4828 ιιι
2582 4775 3042 4832 Miscellaneorum
3077 4792 3367 4834 sacrorum,
3407 4778 3549 4831 hunc

1988 4846 2160 4900 locum
2187 4848 2264 4900 sic
2296 4848 2571 4906 emendat,
2615 4846 2857 4900 ἐκαλεῖτο
2885 4844 3082 4916 Σαδδὶκ
3117 4845 3208 4898 καὶ
3251 4845 3492 4916 Ὠζλιὰμ,
3520 4847 3550 4900 ὅ

1987 4918 2131 4969 ἐστιν
2161 4916 2405 4981 δίκαιος,
2431 4918 2525 4970 καὶ
2565 4916 2811 4985 περιοχὴ
2839 4914 3014 4970 λαοῦ.
3051 4915 3217 4985 Quam
3251 4914 3545 4970 doctissimi

1985 4987 2086 5039 viri
2119 4988 2550 5041 emendationem
2587 4984 2813 5042 libenter
2844 4985 3160 5054 amplector.
3190 4984 3390 5038 Tamen
3423 5001 3545 5040 eum

1983 5055 2318 5124 Epiphanius
2351 5058 2400 5109 in
2439 5057 2624 5110 haeresi
2669 5072 2868 5109 Lxxvm
2900 5053 2951 5109 et
2999 5053 3180 5124 JO‘UIIS
3226 5057 3542 5120 monachus,

1932 5143 1940 5150 ·
1984 5121 2141 5191 quem
2175 5126 2327 5195 vulgo
2374 5127 2514 5180 male
2559 5125 2772 5180 Jobium
2806 5134 3021 5188 vocant,
3049 5121 3305 5178 Jacobum
3335 5124 3550 5181 Obliant

1983 5196 2182 5250 dictum
2212 5210 2331 5250 esse
2362 5206 2646 5258 testentur,
2676 5195 2954 5249 retinenda
2982 5205 3063 5247 est
3088 5195 3320 5264 vulgaris
3349 5195 3540 5262 lectio;

1982 5267 2214 5318 maxime
2247 5281 2366 5319 cum
2407 5267 2626 5332 Ophlias
2666 5265 2929 5320 llebraice
2958 5280 3129 5318 arcem
3165 5265 3346 5330 populi
3375 5265 3542 5333 signi-

1982 5334 2125 5406 ﬁcet.
2160 5335 2264 5388 Sed
2309 5345 2364 5388 et
2414 5335 2642 5388 Ruﬁnus
2688 5347 2850 5406 atque
2900 5336 3235 5403 Nicephorus
3271 5334 3538 5404 vulgatam

1980 5404 2264 5460 lecticuem
2297 5414 2535 5458 tuentur.

2050 5473 2160 5544 (93)
2207 5473 2328 5527 Τῶν
2363 5474 2511 5527 ἑπτὰ
2549 5475 2831 5542 αἱρέσεων
2863 5473 2980 5528 τῶν
3013 5473 3542 5544 προγεγραμμένων

1973 5543 2093 5612 μοι.
2138 5543 2310 5597 Locus
2362 5544 2676 5612 llegesippi,
2723 5547 2772 5598 in
2824 5560 2928 5613 quo
2979 5545 3042 5596 de
3086 5555 3288 5610 septem
3327 5543 3539 5613 Judaici

1977 5615 2154 5682 populi
2189 5614 2350 5668 sectis
2381 5630 2439 5668 se
2478 5617 2757 5681 scripsisse
2799 5612 3042 5679 testatur,
3083 5623 3261 5667 exstat
3304 5614 3355 5667 in
3399 5612 3539 5667 libro

1977 5699 2029 5738 Iv
2074 5683 2286 5738 Eusebii
2331 5685 2535 5746 nostri,
2577 5685 2808 5753 eap.22.
2851 5687 2925 5736 Ad
2975 5697 3132 5752 quem
3185 5685 3392 5747 locum,
3431 5683 3540 5737 Deo

1972 5755 2212 5823 juvante,
2246 5755 2394 5820 plura
2427 5755 2623 5807 dicturi
2656 5769 2841 5806 sumus
2881 5756 2946 5804 de
2973 5763 3175 5823 septem
3211 5753 3315 5806 illis
3349 5754 3533 5806 sectis.

2047 5824 2155 5893 (99)
2203 5827 2294 5890 Τίς
2326 5827 2362 5896 1)
2396 5826 2544 5892 θύρα
2590 5823 2696 5877 τοῦ
2749 5822 2960 5891 Ἰησοῦ.
3011 5822 3222 5878 Ostium
3259 5825 3358 5878 hoc
3414 5823 3534 5878 loco
