4016 6260
465 318 561 373 199

459 530 672 584 derunt.
715 526 889 598 Supra
917 529 1133 598 scriptae
1162 544 1290 583 vero
1320 539 1479 585 secta:
1508 544 1609 584 nec
1652 530 2008 586 resurrectio-

458 634 605 686 nem,
637 632 735 674 nec
780 620 1020 674 futurum
1069 620 1266 675 Christi
1298 621 1585 676 adventum
1616 630 1676 675 ut
1717 622 2011 691 unicuique

455 725 554 780 pro
586 710 793 765 meritis
818 711 1115 766 mercedem
1142 713 1368 779 tribuat,
1392 711 1707 767 credebant.
1736 712 2009 782 Quotquot

455 817 587 858 vero
619 818 686 858 ex
712 802 779 857 iis
808 802 1177 869 crediderunt,
1212 801 1394 858 Jacobi
1424 819 1584 874 opera
1614 820 1678 859 ac
1708 806 2009 861 ministerio

455 896 642 965 utique
680 895 1041 950 crediderunt.
1065 894 1198 950 Cum
1230 911 1360 966 ergo
1403 897 1553 951 multi
1585 911 1650 951 ex
1694 897 1822 966 ipsis
1847 898 2009 953 etiam

455 989 782 1058 primoribus
821 988 1129 1053 crederent,
1167 988 1482 1042 tumultuari
1530 1000 1810 1060 cmperunt
1838 988 2008 1045 Judaei

455 1090 509 1135 et
544 1081 736 1135 scriba:
788 1095 849 1135 ac
891 1079 1146 1135 Pharisaei
1177 1099 1190 1136 :
1223 1094 1289 1135 eo
1323 1080 1434 1149 jam
1480 1092 1699 1137 ventum
1733 1098 1853 1138 esse
1901 1082 2012 1138 cla-

454 1182 681 1237 mantes,
713 1181 770 1225 ttt
799 1185 963 1241 prope
990 1172 1165 1226 omnis
1198 1173 1426 1242 populus
1459 1172 1639 1228 Jesum
1674 1175 1826 1243 quasi
1852 1174 2011 1229 Chri-

454 1273 596 1317 stum
631 1272 997 1333 exspectaret.
1046 1263 1279 1319 Proinde
1312 1266 1365 1318 in
1398 1281 1560 1319 unum
1588 1267 1892 1336 congregati
1922 1264 2011 1319 Ja-

456 1354 648 1408 cobum
679 1355 897 1418 adeunt,
918 1354 1109 1422 hisque
1132 1368 1253 1409 eum
1277 1354 1458 1408 verbis
1480 1353 1801 1424 compellant
1830 1371 1843 1407 :
1878 1353 2009 1407 lior-

453 1456 630 1499 tamnr
660 1456 733 1511 te,
763 1447 1037 1515 inquiunt,
1078 1458 1134 1500 ut
1164 1446 1344 1517 populi
1387 1461 1625 1503 errorem
1659 1448 2007 1516 comprimas,

452 1540 542 1608 qui
575 1539 764 1594 falsam
788 1541 854 1594 de
869 1538 992 1594 Jesu
1023 1540 1328 1608 opinionem
1354 1538 1592 1605 imbibit,
1613 1539 1836 1609 perinde
1856 1540 2006 1608 quasi

452 1630 698 1685 Christus
727 1641 890 1686 esset.
942 1631 1213 1687 Persuade
1254 1631 1418 1702 igitur
1460 1633 1712 1688 omnibus
1738 1632 1830 1703 qui
1868 1630 2008 1688 festo

432 1718 672 1787 ,Paschre
703 1722 788 1776 die
818 1723 922 1778 huc
956 1724 1300 1789 conveniunt,
1339 1732 1399 1778 ut
1443 1724 1508 1780 de
1530 1722 1657 1780 Jesu
1691 1734 1839 1781 recte
1887 1739 2013 1781 sen-

1189 318 1454 377 EUSEBII
1491 318 1966 376 εΑῑεΑῐιιΕΝειε
2002 320 2152 377 ΟΡΡ.
2195 321 2373 376 PARS
2412 320 2448 373 1.
2492 351 2564 361 -—
2599 314 2990 377 HISTORICA.

458 435 696 493 nonnulli
721 449 907 496 eorum
937 432 1121 490 Iesum
1159 450 1344 490 revera
1376 436 1649 491 Christum
1675 451 1796 492 esse
1823 436 2004 492 credi—
2034 448 2081 500 Α

3574 323 3694 377 ΞΓΟ

2107 434 2291 490 τοῦτον
2332 433 2471 491 εἶναι
2499 438 2590 492 τὸν
2635 436 2881 508 Σωτῆρα.
2929 436 3018 505 Ἐξ
3059 428 3135 491 ὧν
3162 453 3305 502 τινες
3330 435 3692 493 ἐπίστευσαν)

2112 530 2194 586 ὅτι
2233 530 2436 603 Ἰησοῦς
2462 532 2607 584 ἐστιν
2631 530 2659 583 ὁ
2691 530 2943 602 Χριστός.
2976 531 3040 584 Αἱ
3067 530 3122 583 δὲ
3142 530 3379 602 αἱρέσεις
3407 531 3463 583 αἱ
3491 547 3692 602 προει-

2117 620 2367 693 ρημέναι,
2401 620 2503 674 οὐκ
2542 619 2822 674 ἐπίστευον
2850 619 2973 675 οὔτε
2996 621 3287 675 ἀνάστασιν
3314 620 3413 693 (1),
3442 619 3564 675 οὔτε
3592 624 3690 692 ἐρ-

2114 714 2338 786 χόμενον
2385 712 2674 767 ἀποδοῦναι
2721 713 2935 784 ἑκάστῳ
2991 713 3131 768 κατὰ
3178 712 3246 767 τὰ
3302 713 3437 785 ἔργα
3490 713 3690 770 αὐτοῦ.

2116 804 2267 857 Ὅσοι
2297 802 2353 855 δὲ
2379 803 2471 855 καὶ
2509 802 2862 868 ἐπίστευσαν,
2911 803 2999 857 διὰ
3045 803 3297 859 Ἰάκωϐον
3332 804 3427 875 (2).
3463 804 3691 860 Πολλῶν

2113 890 2205 948 οὖν
2237 894 2331 948 καὶ
2364 893 2471 946 τῶν
2497 893 2769 964 ἀρχόντων
2802 894 3180 958 πιστευόντων,
3221 889 3289 966 ἦν
3323 893 3547 966 θόρυϐος
3573 896 3691 952 τῶν

2126 985 2391 1040 Ἰουδαίων
2417 986 2511 1038 καὶ
2533 984 2906 1056 γραμματέων
2933 984 3027 1038 καὶ
3055 985 3362 1055 Φαρισαίων
3394 985 3690 1054 λεγόντων,

2113 1078 2193 1132 ὅτι
2222 1077 2519 1132 κινδυνεύει
2544 1079 2653 1141 πᾶς
2681 1079 2710 1131 ὁ
2739 1077 2865 1141 λαὸς
2905 1078 3107 1148 Ἰησοῦν
3134 1077 3227 1131 τὸν
3255 1076 3487 1149 Χριστὸν
3511 1095 3688 1148 προσ-

2112 1170 2293 1241 δοκᾷν.
2328 1169 2550 1238 Ἔλεγον
2582 1165 2674 1222 οὖν
2704 1168 3044 1232 συνελθόντες
3071 1167 3149 1238 τῷ
3184 1167 3421 1240 Ἰακώϐῳ
3444 1186 3475 1203 ·-
3495 1170 3690 1240 Παρα-

2113 1262 2277 1316 καλοῦ
2285 1262 2381 1333 μέν
2404 1279 2484 1325 σε,
2508 1260 2728 1332 ἐπίσχες
2748 1260 2837 1314 τὸν
2858 1260 2984 1314 λαὸν
3014 1260 3134 1314 ἐπεὶ
3160 1260 3437 1333 ἐπλανήθη
3469 1263 3547 1326 είς
3577 1262 3691 1334 Ἰηο

2114 1352 2259 1419 σοῦν,
2288 1354 2362 1418 ὡς
2393 1353 2554 1408 αὐτοῦ
2587 1354 2737 1419 ὄντος
2765 1353 2856 1408 τοῦ
2882 1352 3135 1427 Χριστοῦ.
3164 1352 3598 1425 Παρακαλοῦμεν
3627 1372 3690 1408 σε

2114 1450 2296 1500 πεῖσαι
2347 1447 2548 1510 πάντας
2599 1447 2723 1509 τοὺς
2765 1447 3015 1510 ἐλθόντας
3054 1447 3133 1509 είς
3183 1444 3283 1517 τὴν
3331 1445 3540 1517 ἡμέραν
3586 1444 3689 1499 τοῦ

2113 1540 2304 1611 Πάσχα
2324 1541 2450 1611 περὶ
2477 1539 2671 1611 Ἰησοῦ.
2690 1540 2778 1593 Σοὶ
2801 1540 2907 1613 γάρ
2932 1540 3131 1602 πάντες
3152 1538 3470 1610 πειθόμεθα.
3489 1539 3551 1592 Ἡ
3561 1541 3691 1610 μεῖς

2111 1632 2218 1705 γάρ
2254 1630 2632 1703 μαρτυροῦμέν
2671 1649 2750 1685 σοι
2778 1632 2870 1684 καὶ
2903 1633 3009 1694 πᾶς
3043 1633 3071 1684 ό
3095 1629 3241 1695 λαός,
3274 1630 3354 1683 ὅτι
3378 1629 3583 1693 δίκαιος
3614 1626 3687 1693 εἴ,

2112 1725 2206 1778 καὶ
2236 1726 2316 1778 ὅτι
2342 1725 2627 1796 πρόσωπον
2662 1726 2721 1778 οὐ
2767 1724 3077 1796 λαμϐάνεις.
3118 1724 3308 1778 Πεῖσον
3341 1717 3432 1778 οὖν
3472 1724 3535 1778 σὺ
3591 1723 3690 1778 τόν

454 1809 607 1865 tiant.
661 1810 777 1865 Tibi
831 1812 974 1866 enim
1026 1828 1214 1868 omnes
1265 1812 1426 1868 fidem
1464 1814 1747 1880 habemus,
1789 1821 2008 1871 etcum

2113 1812 2267 1884 ὄχλον
2292 1814 2417 1885 περὶ
2443 1813 2616 1885 Ἰησοῦ
2648 1812 2721 1885 μὴ
2750 1813 3067 1868 πλανᾶσθαι.
3096 1814 3206 1867 Καὶ
3229 1813 3338 1886 γὰρ
3364 1815 3470 1877 πᾶς
3500 1813 3528 1865 ὁ
3553 1812 3690 1878 λαὸς

452 1902 706 1958 universo
733 1906 927 1975 populo
977 1907 1080 1962 hoc
1118 1906 1211 1961 tibi
1249 1907 1613 1962 testimonium
1647 1907 2009 1977 perhibemus,

445 1996 802 2066 iustissimum
838 2007 887 2053 te
921 1997 1096 2052 virum
1123 2013 1271 2065 esse,
1308 2013 1409 2055 nec
1445 1998 1609 2053 ullum
1638 2000 1778 2068 apud
1809 2008 1860 2054 te
1888 2013 2011 2068 per-

451 2103 707 2144 sonarum
741 2090 1031 2144 discrimen
1064 2089 1264 2148 valere.
1294 2091 1529 2146 Proinde
1568 2090 1708 2160 plebi
1746 2091 2011 2160 persuade

450 2195 520 2235 ne
546 2182 687 2235 circa
714 2179 897 2236 Jesum
929 2181 1182 2250 deinceps
1208 2182 1443 2237 aberret.
1491 2180 1623 2235 Nam
1647 2191 1703 2236 et
1728 2182 2011 2238 universus

450 2270 697 2343 populus.
713 2281 768 2325 et
787 2287 884 2326 nos
903 2271 1132 2327 libenter
1154 2272 1249 2327 tibi
1273 2272 1739 2343 obtemperamus.
1762 2275 2010 2330 Ascende

450 2364 614 2433 igitur
639 2365 690 2417 in
720 2363 993 2436 fastigium
1012 2364 1217 2433 templi,
1237 2373 1295 2418 ut
1316 2365 1368 2418 in
1393 2363 1606 2419 sublimi
1637 2364 1755 2421 loco
1783 2365 2007 2434 positus,

449 2453 520 2510 ab
579 2454 829 2510 omnibus
886 2455 1126 2526 conspici
1178 2464 1233 2510 et
1307 2456 1550 2511 exaudiri
1609 2454 1768 2511 facile
1811 2457 2049 2529 possis.)

446 2543 582 2601 Nam
611 2530 879 2617 paschalis
919 2546 1279 2601 solemnitatis
1326 2549 1527 2619 gratia,
1554 2556 1761 2602 cuncta:
1797 2546 2011 2602 Iudaeo-

447 2655 567 2694 rum
606 2638 777 2694 tribus
813 2648 952 2693 etes
985 2640 1234 2709 gentibus
1265 2654 1371 2694 non
1411 2639 1567 2709 pauci
1599 2639 1706 2693 huc
1737 2653 2008 2693 convene-

448 2739 596 2786 runt.
653 2730 901 2785 Posthacc
931 2731 1228 2801 supradicti
1259 2729 1450 2785 scribae
1492 2738 1546 2785 et
1588 2728 1841 2785 Pharisaei
1882 2743 2008 2784 eum

447 2821 707 2878 Iacobum
764 2823 816 2877 in
859 2822 1078 2891 fastigio
1112 2822 1290 2893 templi
1335 2822 1719 2889 collocassent,
1753 2832 2008 2879 contenta

447 2928 580 2969 voce
610 2912 687 2969 sic
718 2929 838 2969 eum
880 2913 1079 2984 alloqui
1132 2922 1454 2983 coeperunt:
1489 2913 1534 2970 0
1579 2912 1731 2968 Juste
1773 2912 1863 2969 cui
1907 2927 2008 2969 nos

447 3021 636 3063 omnes
668 3007 824 3062 tidem
848 3008 1106 3063 adhibere
1135 3021 1234 3077 par
1258 3014 1360 3072 est,
1381 3004 1813 3075 quandoquidem
1838 3020 2009 3076 popu-

446 3097 532 3153 lus
562 3099 740 3153 omnis
780 3107 946 3162 errat,
998 3095 1181 3154 Jesum
1230 3104 1448 3152 sectans
1503 3095 1840 3159 crucifixum,
1874 3095 2006 3150 doce

447 3205 547 3245 nos
577 3191 720 3260 quod
748 3190 817 3244 sit
845 3161 1040 3245 ostium
1072 3186 1198 3244 Jcsu
1231 3186 1406 3242 sutiixi
1439 3187 1609 3243 cruci.
1657 3186 1807 3241 Tunc
1841 3185 2002 3242 Jaco-
2032 3161 2073 3217 δ

444 3282 547 3338 bus
592 3283 735 3337 edita
777 3296 907 3337 voce
955 3282 1022 3336 iis
1076 3281 1388 3351 respondit:
1429 3299 1450 3333 ι
1485 3279 1622 3347 Quid
1654 3294 1758 3349 me,
1804 3278 1999 3349 inquit,

445 3406 529 3452 est
548 3396 895 3465 introductio,
923 3412 1015 3453 seu
1043 3394 1311 3451 institutio
1333 3402 1495 3465 atque
1517 3393 1766 3449 initiatio.
1791 3392 1997 3450 Ostium

446 3468 615 3538 igitur
642 3467 839 3538 Christi
879 3466 1025 3538 nihil
1055 3475 1138 3520 est
1169 3466 1332 3538 aliud
1353 3479 1516 3534 quam
1567 3465 1699 3519 ﬁdes
1733 3465 1996 3538 in_De_um

444 3533 658 3592 P'atrem
689 3546 743 3590 et
772 3537 830 3592 in
862 3537 1058 3592 Filium
1086 3551 1151 3591 ac
1194 3533 1452 3605 Spiritum
1491 3543 1758 3605 sanctum.
1789 3533 1865 3588 De
1899 3536 2001 3590 hoc

445 3608 584 3662 ostio
623 3606 822 3662 dicitur
854 3608 907 3662 in
938 3606 1202 3663 Psalmis:
1235 3604 1367 3660 Htec
1398 3614 1473 3660 est
1508 3612 1659 3673 porta
1705 3604 1915 3659 Domini
1951 3614 1998 3660 et

441 3676 573 3749 justi
607 3678 873 3749 intrabunt
908 3692 999 3749 pe_r
1022 3692 1158 3749 eam,
1188 3685 1248 3731 ut
1279 3674 1787 3749 ex)p_licat_Clem_en§
1813 3674 1867 3728 in
1890 3674 1999 3749 lib.

447 3743 501 3801 vt
528 3743 933 3817 Στρωματέων.
958 3747 1021 3802 Ει
1045 3747 1243 3802 ostium
1267 3743 1479 3815 quidem
1501 3743 1726 3801 Joannis
1754 3743 2005 3817 Baptistae

447 3825 563 3872 erat
599 3815 948 3886 pceniteutia;
998 3817 1199 3872 Christi
1241 3832 1372 3872 vero
1402 3817 1600 3871 ostium
1641 3821 1724 3869 est
1763 3815 2008 3870 remissio

446 3897 785 3959 peccatorum
820 3904 940 3957 qua:
974 3887 1032 3942 ﬁt
1065 3902 1160 3959 per
1194 3887 1537 3959 baptismum.

517 3956 593 4029 (ι)
633 3961 753 4012 Οὐκ
798 3951 1117 4013 ἐέτίστευόν
1147 3951 1284 4029 οῦτὲ
1328 3956 1687 4011 ἀνάστασιν.
1723 3951 1859 4029 Male
1900 3953 2010 4007 Ru-

449 4024 620 4099 finus,
639 4044 869 4099 eumque
898 4038 1116 4083 secutus
1143 4028 1686 4099 Cttristophorsonus,
1712 4024 1873 4099 vertit
1905 4040 2008 4077 non

446 4091 799 4168 crediderunt,
824 4100 972 4167 quasi
1000 4099 1267 4168 legeretur
1298 4091 1399 4148 οὐκ
1435 4094 1778 4168 ἐπίστευσαν.
1823 4091 2006 4168 [.ouge

445 4167 640 4220 melius
677 4162 946 4222 Musculus
994 4162 1157 4221 vei-tit
1205 4181 1308 4219 non
1350 4166 1587 4218 credunt.
1636 4163 1768 4217 Nam
1814 4162 2002 4217 Graeca

446 4250 554 4289 vox
597 4236 736 4289 hanc
767 4237 930 4289 habet
961 4235 1432 4306 significationem.
1459 4233 1674 4306 Falsum
1714 4241 2005 4306 tamenest

447 4311 558 4359 eas‘
584 4314 760 4359 sectas
817 4321 922 4359 non
975 4302 1271 4358 credidisse
1330 4305 1806 4359 resurrectionem.
1870 4302 2004 4357 Nam

445 4373 699 4430 Pharisaei
731 4388 848 4430 eam
889 4375 1201 4429 credebant.

2111 1905 2205 1957 καὶ
2233 1904 2429 1969 πάντες
2457 1904 2754 1976 πειθόμεθά
2786 1922 2887 1958 σοι.
2930 1904 3092 1974 Στῆθι
3119 1899 3212 1958 οὖν
3241 1906 3333 1957 ἐπὶ
3378 1904 3437 1957 τὸ
3477 1904 3689 1977 πτερύ-

2109 2013 2225 2066 γιον
2257 1995 2348 2049 τοῦ
2378 1995 2544 2067 ἱεροῦ,
2575 1996 2661 2049 ἵνα
2692 1994 2895 2050 ἄνωθεν
2925 1989 2991 2068 ᾖς
3024 1994 3318 2065 ἐπιφανὴς,
3350 1994 3443 2048 καὶ
3546 1993 3686 2046 εὐά-

2111 2087 2319 2141 κουστά
2361 2105 2453 2142 σου
2502 2087 2569 2142 τὰ
2615 2088 2834 2159 ῥήματα
2874 2085 3037 2141 παντὶ
3077 2085 3154 2157 τῷ
3182 2085 3314 2157 λαῷ.
3351 2085 3447 2139 Διὰ
3476 2086 3589 2158 γὰρ
3622 2086 3685 2141 τὸ

2114 2179 2307 2250 Πάσχα
2337 2178 2720 2250 συνεληλύθασι
2746 2179 2911 2232 πᾶσαι
2954 2178 3010 2231 αἱ
3043 2177 3205 2248 φυλαὶ
3257 2176 3395 2248 μετὰ
3429 2178 3522 2232 καί
3569 2178 3685 2233 τῶν

2108 2272 2275 2327 ὲθνῶν
2426 2273 2696 2343 Ἐστησαν
2722 2268 2814 2326 οὖν
2846 2272 2895 2324 οἱ
2924 2270 3305 2343 προειρημένοι
3332 2273 3682 2343 γραμματεῖς

2108 2365 2201 2420 καὶ
2227 2367 2500 2436 Φαρισαῖοι
2524 2364 2616 2417 τὸν
2644 2358 2894 2418 Ἰάκωὸον
2912 2365 3001 2417 ἐπὶ
3023 2363 3083 2416 τὸ
3106 2363 3392 2435 πτερύγιον
3411 2363 3503 2418 τοῦ
3523 2362 3679 2428 ναοῦ,

2107 2455 2202 2508 καὶ
2227 2453 2458 2525 ἔκραξαν
2480 2451 2626 2523 αύτῷ
2651 2453 2743 2506 καὶ
2775 2448 2925 2506 εἷπον
2943 2469 2956 2482 °
2975 2451 3176 2515 Δίκαιε,
3208 2447 3251 2519 ᾧ
3278 2453 3476 2514 πάντες
3495 2450 3683 2503 πείθε-

2109 2546 2231 2599 σθαι
2259 2546 2539 2616 ὀφείλομεν
2559 2586 2574 2611 ,
2606 2545 2726 2598 ἐπεὶ
2761 2548 2789 2600 ό
2815 2544 2940 2609 λαὸς
2972 2545 3240 2599 πλανᾶται
3278 2545 3449 2599 ὀπίσω
3501 2542 3679 2614 Ἰησοῦ

2106 2634 2199 2688 τοῦ
2235 2635 2659 2707 σταυρωθέντος,
2694 2636 3020 2705 ἀπάγγειλον
3054 2637 3182 2707 ἡμῖν
3222 2635 3306 2701 τίς
3343 2638 3376 2707 ἡ
3406 2635 3544 2706 θύρα
3582 2632 3678 2687 τοῦ

2119 2726 2293 2797 Ἰησοῦ
2318 2727 2410 2781 τοῦ
2443 2727 2860 2799 σταυρωθέντος.
2891 2727 3001 2781 Καὶ
3040 2728 3370 2799 ἀπεκρίνατο
3396 2729 3543 2798 φωνῇ
3580 2743 3679 2797 με-

2105 2818 2247 2891 γάλῃ
2265 2836 2278 2849 ·
2314 2819 2378 2872 Τί
2401 2836 2467 2890 με
2488 2820 2795 2891 ὲπερωτᾶτε
2819 2819 2947 2891 περὶ
2979 2817 3153 2891 Ἰησοῦ
3179 2818 3272 2872 τοῦ
3299 2818 3428 2872 Υἱοῦ
3456 2816 3547 2872 τοῦ
3579 2819 3677 2870 ἀν-

2108 2909 2324 2983 θρώπου
2346 2927 2359 2975 ;
2393 2912 2487 2964 καὶ
2514 2911 2672 2975 αὐτὸς
2694 2910 2924 2983 κάθηται
2954 2912 3011 2965 ἐν
3036 2910 3112 2982 τῷ
3141 2910 3354 2982 οὐρανῷ
3397 2911 3462 2963 ὲκ
3486 2907 3676 2974 δεξιῶν

2105 3003 2203 3071 τῆς
2234 3001 2473 3074 μεγάλης
2496 3002 2793 3074 δυνάμεως,
2811 3003 2903 3055 καὶ
2931 3001 3111 3073 μέλλει
3137 3001 3389 3073 ἔρχεσθαι
3444 3001 3536 3053 ἐπὶ
3567 2999 3677 3054 τῶν

2062 3120 2077 3167 ς
2106 3095 2341 3166 νεφελῶν
2368 3094 2460 3148 τοῦ
2486 3094 2733 3167 οὐρανοῦ.
2755 3096 2865 3148 Καὶ
2895 3093 3100 3148 πολλῶν
3131 3092 3673 3166 πληροφορηθέντων,

2106 3189 2197 3242 καὶ
2227 3187 2552 3255 δοξαζόντων
2585 3189 2676 3241 ἐπὶ
2702 3190 2767 3259 τῇ
2803 3186 3073 3259 μαρτυρίᾳ
3117 3185 3211 3239 τοῦ
3253 3184 3506 3239 Ἰακώϐου
3530 3224 3545 3247 ,
3580 3185 3674 3237 καὶ

2105 3279 2366 3349 λεγόντων
2390 3278 2464 3350 (4)
2508 3278 2733 3332 Ὡσαννὰ
2760 3277 2835 3349 (5)
2858 3277 2939 3349 τῷ
2969 3277 3067 3348 υἱῷ
3093 3274 3272 3340 Δαϐὶδ,
3302 3275 3422 3328 τότε
3445 3275 3606 3328 πάλιν
3626 3271 3675 3327 oi

2175 3394 2251 3469 (4)
2271 3395 2403 3469 Kal
2427 3396 2729 3469 λεγόντων
2775 3396 3031 3469 nam
3056 3394 3143 3469 ait
3175 3394 3282 3469 vis?»
3310 3394 3505 3469 βασεδ·
3540 3395 3673 3469 ερε-

2105 3465 2239 3535 liger
2269 3467 2323 3521 in
2367 3467 2914 3521 Animaduersionibus
2958 3466 3266 3521 Eusebianis
3309 3466 3424 3521 haec
3471 3468 3537 3520 de
3582 3465 3674 3520 Ja-

2103 3537 2242 3592 cobo
2275 3537 2414 3590 dicta
2461 3551 2582 3590 esse
2624 3538 2990 3603 existimavit;
3027 3538 3110 3591 cui
3147 3538 3199 3591 in
3233 3551 3299 3591 eo
3333 3535 3547 3603 quidem
3594 3536 3673 3589 fa-

2105 3606 2207 3678 cile
2236 3606 2525 3678 asgseutior:
2550 3607 2658 3678 Sed
2683 3609 2824 3678 quod
2859 3617 3018 3678 negat
3062 3608 3200 3663 idem
3242 3606 3488 3678 scaliger
3517 3604 3674 3660 Jaco-

2106 3676 2233 3730 bum
2282 3675 2449 3729 filium
2496 3675 2663 3728 David
2702 3675 2817 3731 idici
2867 3675 3139 3745 poiuisse,
3188 3679 3240 3730 in
3290 3675 3673 3744 hoc’graviter

2109 3745 2497 3800 hallucinatur.
2528 3745 2652 3800 Fuit
2694 3748 2835 3802 enim
2877 3746 3109 3801 Jacobus
3152 3747 3294 3802 filius
3330 3746 3573 3815 Josephi,
3605 3762 3670 3801 ac

2108 3816 2335 3883 proinde
2359 3817 2620 3871 oriundus
2645 3831 2712 3869 ex
2739 3817 2905 3885 stirpe
2933 3816 3115 3885 David.
3135 3816 3303 3872 Porro
3328 3817 3668 3872 verissimum

2108 3894 2191 3955 est
2215 3886 2361 3955 quod
2389 3887 2463 3940 ait
2497 3885 2759 3953 Scaliger,
2784 3902 2877 3942 eos
2910 3889 2998 3955 qui
3024 3884 3241 3942 Osanna
3270 3887 3665 3953 acclamabant,

2108 3954 2316 4023 palmas
2360 3957 2606 4011 manibus
2634 3966 2845 4025 gestare
2887 3954 3150 4014 debuisse.
3201 3958 3298 4011 Cui
3335 3958 3409 4010 rei
3460 3957 3668 4011 illustre

2106 4025 2410 4096 exemplum
2451 4036 2533 4081 est
2571 4026 2623 4079 in
2652 4026 2939 4096 Itinerario
2971 4025 3452 4096 Hierosolymitana
3491 4027 3664 4079 Auto-

2108 4094 2217 4165 nini
2267 4093 2547 4165 monachi,
2598 4111 2723 4165 pag.
2752 4096 2842 4150 '50.
2881 4093 2956 4151 Ex
3001 4112 3107 4164 quo
3143 4093 3416 4158 discimus.
3459 4110 3663 4150 morem

2107 4163 2232 4236 olim
2260 4162 2427 4219 fuisse
2470 4162 2922 4229 Christianorum,
2963 4162 3029 4220 ut
3050 4167 3315 4235 episcopis
3344 4181 3405 4219 ac
3439 4167 3666 4236 presby-

2107 4235 2241 4289 teris
2293 4236 2698 4290 advenientibus
2760 4237 2973 4290 obviam
3041 4239 3391 4304 procedentes
3442 4235 3663 4290 honoris

2109 4317 2303 4367 causa,
2340 4306 2703 4361 acclamarent
2733 4306 2965 4360 Osanna.
3010 4305 3095 4359 Ibi
3140 4316 3381 4360 venerunt
3420 4306 3660 4359 mulieres

2108 4373 2163 4426 in
2189 4389 2458 4428 occursum
2484 4374 2627 4428 nobis
2649 4391 2764 4428 cum
2788 4376 3093 4442 infantibus,
3123 4376 3323 4444 palmas
3350 4377 3400 4428 in
3423 4375 3661 4429 manibus

517 4445 592 4571 Si)
631 4445 793 4499 Ὅσοι
812 4444 879 4499 δὲ
919 4444 1016 4498 καὶ
1038 4443 1423 4509 ἐπίστευσαν,
1452 4442 1547 4497 διὰ
1579 4441 1859 4497 Ἰάκωϐον.
1890 4440 2002 4495 Vox

542 4532 769 4570 στευσαν
797 4518 987 4571 iterum
1021 4518 1310 4571 repetenda
1344 4525 1465 4568 est:
1499 4516 1638 4571 quod
1678 4512 1886 4571 virgula
1919 4512 2003 4565 illa

2110 4451 2358 4507 tenentes,
2383 4455 2428 4498 et
2455 4445 2713 4511 ampullas
2735 4440 2854 4499 cum
2879 4440 3089 4500 rosaceo
3123 4440 3266 4509 oleo;
3307 4457 3353 4499 et
3384 4456 3661 4511 prostratae

2106 4513 2317 4571 pedibus
2368 4515 2588 4571 nostris.
2632 4517 2839 4571 plantas
2890 4527 3098 4570 nostras
3142 4515 3433 4571 uincebant.
3474 4524 3659 4567 cauta-

443 4505 769 4572 ἐπίστευσαν
797 4518 987 4571 iterum
1021 4518 1310 4584 repetenda
1344 4505 1465 4568 est:
1499 4516 1638 4581 quod
1678 4512 1886 4581 virgula
1919 4512 2003 4565 illa
2035 4505 2080 4562 D
2103 4513 2317 4578 pedibus
2348 4505 2839 4638 inostriszglantas
2890 4527 3098 4570 nostras
3142 4505 3433 4584 angebant,
3474 4524 3659 4567 cauta-

443 4603 566 4638 anm
606 4589 656 4638 in
696 4587 1075 4638 manuscrintis
1106 4585 1268 4638 etiam
1312 4583 1586 4638 codicibus
1632 4581 1841 4638 anicta
1883 4591 2003 4638 est.
2108 4583 2330 4638 bantaue
2372 4584 2552 4638 linaua
2669 4586 2907 4638 auutiaca
2961 4589 3234 4638 molientes
3279 4585 3658 4638 antiphonam:

443 4603 566 4659 qua:
606 4589 657 4643 in
696 4581 1268 4659 manuscriptis'etiam
1312 4581 1841 4659 codicibus__appicta
1883 4591 2003 4644 est,

444 4651 580 4713 satis
604 4658 866 4713 declarat.
909 4651 1333 4710 ln'vetustisimo
1361 4653 1547 4709 codice
1586 4651 1854 4706 Mazarino
1887 4661 2008 4720 post

443 4728 767 4782 ἐπίστευσαν
791 4736 1048 4797 punctum
1079 4726 1372 4797 ascriptum
1394 4733 1477 4779 est
1503 4722 1763 4797 ad_pedes
1790 4721 2002 4797 litterae,

445 4802 586 4869 quod
621 4791 837 4867 virgulic
879 4806 1075 4869 nostra:
1114 4791 1434 4869 respondet,
1473 4803 1527 4848 et
1564 4791 1748 4847 Gnece
1780 4792 2002 4869 quidem

443 4862 666 4923 vocatur
706 4862 1065 4938 ὖποστιγμή,
1114 4882 1143 4920 a
1190 4862 1400 4920 Latinis
1462 4871 1644 4918 autem
1708 4862 2002 4916 subdistin-

444 4940 565 4992 ctio.

515 5007 591 5079 (ὅ)
627 5007 787 5061 Μετὰ
817 5006 915 5079 καὶ
944 5004 1059 5079 τῶν
1087 5004 1316 5079 ἐθνῶν.
1336 5002 1526 5057 Merito
1553 4998 1886 5079 scaligerum
1916 4999 2004 5079 hic

444 5071 790 5144 reprehendit
822 5076 1107 5145 Dionysius
1141 5076 1412 5145 Petavius,
1453 5074 1597 5145 quod
1644 5077 1894 5145 negasset
1940 5071 2004 5125 li-
2036 5080 2045 5089 ‘

446 5138 623 5216 coisse
649 5146 741 5199 ulli
772 5138 1246 5216 gentih'interesse
1278 5144 1430 5198 festis
1459 5138 1999 5216 diebus‘Judteorum.

444 5214 577 5269 Nam
619 5212 811 5284 printer
855 5217 1027 5269 locum
1070 5214 1217 5268 illum
1265 5229 1439 5284 quem
1465 5212 1597 5267 citat
1635 5212 1890 5265 Petavius
1915 5225 1999 5284 _ex

444 5278 730 5354 Evattg'elio
758 5286 979 5341 Joannis
1010 5300 1127 5352 cap.
1151 5300 1258 5348 xu,
1282 5278 1535 5353 'plurima
1577 5290 1869 5354 suppetunt
1907 5278 1999 5333 Jo-

445 5351 618 5426 εεριιΐ
637 5357 959 5420 testimonia,
995 5370 1025 5408 e
1067 5351 1261 5422 quibus
1282 5351 1571 5426 discimus,
1610 5351 2001 5426 gentiles"sz-

445 5418 650 5479 morum
681 5418 1003 5482 solemnitati
1050 5418 1245 5494 siepius
1279 5418 1800 5478 interfuisseftlerte
1837 5418 2001 5476 Vitel-

446 5494 580 5568 lius,
632 5496 835 5565 legatus
882 5494 1079 5568 Syrias.
1127 5493 1536 5568 l'estoAPasch‘ae
1591 5495 1865 5559 ingressus
1913 5498 1996 5545 est

445 5563 833 5635 Hierosolyma,
881 5563 938 5622 ei
976 5583 1004 5620 a
1037 5564 1235 5620 Judaeis
1280 5564 1576 5635 honorifice
1606 5570 1889 5631 exceptus,
1940 5570 2000 5635 ut

445 5634 636 5704 legitur
683 5631 732 5690 in
787 5636 880 5692 lib.
910 5652 1038 5692 xvttt
1075 5635 1351 5705 Originum
1384 5634 1752 5705 Iudaicarum,
1788 5646 1907 5701 cap.
1940 5631 1997 5705 θ.

445 5696 584 5785 hicat
611 5707 675 5763 de
719 5704 1012 5775 Quadrato,
1059 5696 1232 5777 legatio
1273 5704 1478 5775 Syriae,
1519 5704 1573 5758 in
1621 5696 1713 5757 lib.
1740 5716 1813 5757 xx
1858 5696 1999 5759 'scri-

444 5783 537 5829 οη.

2108 4583 2330 4654 ὺαῃιᾳιιε
2372 4584 2552 4654 lingua
2590 4583 2907 4654 Egyptiaca
2960 4583 3234 4652 psallentes
3279 4585 3658 4654 antiphonam:

2105 4669 2124 4701 ε
2156 4651 2426 4724 Benedicti
2453 4651 2550 4706 ‘vos
2592 4671 2625 4707 a
2670 4651 2922 4720 liontino,
2960 4651 3368 4724 ibenedictusque
3397 4651 3658 4724 adventus

2100 4732 2283 4785 uester,
2308 4721 2518 4777 Osanna
2564 4724 2619 4777 in
2681 4725 2919 4778 excelsis.
2954 4744 2972 4778 ι
3028 4726 3169 4777 Idem
3214 4721 3449 4778 testatur
3493 4722 3652 4777 etiam

2100 4789 2457 4861 Hieronymus
2515 4792 2570 4846 in
2615 4809 2729 4858 cap.
2775 4809 2867 4847 χιιι
2918 4794 3154 4848 ΜαιιΙιωί
3193 4809 3212 4847 :
3263 4792 3481 4847 Videant
3536 4807 3655 4859 ergo

2100 4861 2325 4933 episcOpi
2355 4872 2411 4933 et;
2428 4863 2805 4933 quantumlibet
2832 4866 2999 4917 sancti
3028 4863 3280 4933 homines,
3308 4879 3424 4917 cum
3461 4874 3655 4933 quanto

2100 4930 2330 5001 periculo
2358 4931 2461 4983 dici
2488 4932 2588 4984 ista
2610 4932 2708 4986 sibi
2733 4935 3042 5001 patiantur:
3077 4934 3122 4986 si
3153 4932 3401 4995 Domino,
3435 4930 3518 4985 cui
3547 4946 3655 4984 uere

2100 4998 2196 5071 nec
2224 5000 2663 5071 dicebaturlquia
2703 4998 2923 5056 necdum
2976 5012 3088 5055 erat
3127 5002 3300 5056 solida
3338 5002 3654 5055 credentium

2099 5068 2250 5138 ﬁdes)
2298 5085 2389 5137 pro
2433 5068 2643 5123 crimine
2680 5072 2995 5138 impingitur.
3038 5072 3298 5127 Catterum
3333 5086 3491 5126 voces
3539 5072 3653 5124 illas

2100 5136 2315 5210 Osanna
2345 5139 2455 5207 ﬁlio
2483 5138 2671 5210 David,
2713 5136 2860 5209 quas
2893 5155 2924 5193 a
2959 5142 3276 5210 quibusdam
3323 5140 3520 5195 Judmis
3567 5156 3655 5193 ac-

2099 5208 2356 5263 clatnatas
2383 5220 2507 5263 tunc
2529 5207 2694 5280 fuisse
2717 5207 2847 5263 dicit
2870 5207 3218 5280 llegesippus,
3246 5228 3348 5265 non
3389 5212 3650 5264 immerito

2098 5281 2221 5351 quis
2239 5280 2582 5351 existimet‘de
2600 5279 2810 5334 Christo
2826 5283 3001 5351 potius
3016 5279 3173 5350 quam
3198 5284 3263 5337 de
3282 5282 3476 5335 Jacobi)
3500 5283 3649 5351 itttel-_

2097 5348 2497 5421 ligigoportere.
2528 5348 2658 5402 Nam
2703 5348 3086 5421 cum'Jacobus
3119 5354 3170 5404 in
3222 5353 3437 5421 fastigio
3473 5349 3648 5417 templi

2097 5419 2321 5486 positus,
2350 5419 2534 5473 lesqu
2572 5433 2757 5474 revera
2791 5420 3060 5475 Christum
3096 5436 3216 5477 esse
3247 5437 3308 5474 ac
3342 5419 3651 5488 Redempto-

2099 5504 2219 5560 rem
2259 5491 2476 5559 generis
2521 5489 2742 5560 humani
2788 5492 3164 5560 praedicasset,
3211 5491 3381 5546 Judaei
3435 5493 3647 5557 quidam

2095 5558 2297 5630 Christi
2352 5560 2525 5630 fidem
2556 5558 2980 5626 amplectentes,’
3016 5561 3322 5615 acclamare
3371 5566 3653 5630 cmperuut

2096 5628 2313 5711 osanna
2347 5630 2459 5685 filio
2505 5629 2671 5684 David
2692 5668 2706 5696 ,
2756 5630 2809 5685 id
2836 5639 2941 5694 est,
2974 5630 3101 5687 Jesu
3131 5630 3349 5687 Christo
3382 5628 3558 5701 patina
3597 5635 3651 5682 et

2096 5708 2345 5754 victoria.

2172 5770 2248 5841 (5)
2297 5769 2572 5826 Ὡσαννά.
2614 5768 2672 5825 In
2728 5773 2977 5830 omnibus
3013 5773 3214 5829 nostris
3256 5770 3647 5826 etﬂmniﬂ‘ibus
