4016 6260
402 284 512 344 ειο

1092 268 1385 336 ἘΠΒΕΒΠ
1418 273 1902 334 CESARIENSIS
1939 273 1984 331 Ο

2091 318 2094 329 .
2131 271 2315 328 PARS
2351 270 2394 326 Ι.
2435 301 2505 314 —
2541 267 2939 328 HISTORICA.

3580 258 3740 322 290

403 418 529 459 eum
555 400 773 474 publice
797 400 902 472 logi
925 399 1315 472 comperimus,
1347 408 1406 455 et
1460 399 1721 471 quosdam
1747 413 1812 455 ex
1868 396 2255 453 vetustissimis
2303 394 2678 464 scriptoribus,
2730 392 2902 465 ipsius
2937 390 3264 449 'testimonio
3321 406 3448 447 usos
3482 389 3731 446 fuisse.

400 498 580 565 Atque
607 496 724 552 haec
739 496 807 553 de
837 495 1146 553 discrimine
1168 495 1605 566 Scripturarum,
1633 510 1754 564 quae
1782 493 1865 550 vel
1898 502 2132 565 recepta:
2188 491 2331 563 apud
2387 505 2578 546 omnes
2620 489 2987 561 auctoritatis,
3044 486 3128 544 vel
3187 488 3363 544 dubia:
3406 497 3460 543 et
3501 480 3730 540 vacilo

402 585 568 646 lautis
590 589 730 661 apud
756 590 1049 661 plerosque
1073 589 1197 645 ﬁdei
1222 590 1510 656 habentur,
1536 591 1800 646 hactenus
1830 590 1972 646 dicta
2005 589 2133 644 sint.

933 680 1039 751 73
1078 678 1309 735 CAPUT
1360 679 1450 735 IV.

661 771 737 826 De
764 771 936 841 prima
985 772 1345 841 apostolorum
1386 774 1736 831 successione.

478 921 651 979 Porro
678 921 904 978 Paulum
944 924 1196 991 gentibus
1225 926 1634 996 praedicantem,
1666 926 1738 981 ab
1790 924 1983 981 Iliero-

406 1013 631 1085 solymis
685 1022 740 1070 et
808 1013 1055 1070 ﬁnitimis
1121 1017 1256 1073 locis
1316 1030 1489 1087 usque
1555 1018 1621 1072 ad
1676 1017 1982 1088 Illyricum,

408 1105 775 1161 Ecclesiarum
858 1107 1061 1178 ubique
1124 1107 1501 1164 —fundamenta
1563 1107 1799 1177 iecisse,
1867 1120 1982 1165 tum

408 1209 477 1251 es
553 1196 724 1267 ipsius
794 1198 977 1255 verbis
1016 1206 1276 1266 constat,
1333 1207 1445 1259 tum
1496 1212 1564 1254 ex
1635 1199 1703 1255 iis
1757 1214 1877 1270 quae
1952 1214 1981 1254 a

407 1285 554 1343 Luca
626 1289 680 1342 in
733 1288 962 1345 Actibus
1018 1289 1349 1346 referuntur.
1436 1290 1645 1357 Quibus
1724 1292 1852 1347 item
1929 1291 1983 1347 in

406 1376 708 1445 provinciis
736 1376 932 1434 Petrus
953 1379 1230 1436 Christum
1258 1380 1460 1437 Judaeis
1502 1382 1826 1452 praedicans,
1884 1398 1986 1438 no-

410 1464 462 1518 vi
497 1462 744 1521 Foederis
768 1465 1073 1523 doctrinam
1105 1470 1416 1536 tradiderit,
1445 1472 1582 1526 satis
1614 1481 1804 1540 aperte
1829 1471 1985 1527 colli-

409 1554 558 1619 gitur
586 1569 655 1611 ex
685 1570 748 1611 ea
783 1555 1020 1625 Epistola
1047 1574 1167 1628 qua:
1197 1560 1295 1628 ipsi
1344 1560 1414 1617 ab
1443 1562 1713 1629 omnibus,
1746 1574 1806 1617 ut
1850 1562 1990 1628 dixi,

406 1645 527 1698 sine
579 1647 950 1701 controversia
1014 1649 1309 1704 ascribitur
1355 1667 1369 1703 :
1422 1664 1586 1720 quam
1636 1651 1854 1721 quidem
1898 1653 1989 1708 ille

378 1782 381 1783 ν
408 1731 654 1791 Ιιειιισιίε
688 1750 785 1807 per
809 1735 1069 1803 Pontum,
1089 1737 1381 1807 Galatiam,
1409 1742 1824 1812 Cappadociam,
1861 1758 1987 1814 per-

407 1839 516 1893 que
540 1825 729 1880 Asiam
763 1835 927 1896 atque
980 1827 1288 1900 Bithyniam
1326 1830 1378 1894 in
1409 1832 1747 1902 dispersione
1780 1834 1988 1903 egeriti-

408 1912 511 1968 bus
540 1914 754 1970 scribit.
782 1917 925 1983 Quot
952 1932 1082 1974 vero
1126 1927 1182 1973 et
1210 1921 1430 1989 quinam
1485 1921 1680 1977 horum
1714 1922 1990 1992 apostolo-

2006 685 2055 743 A

2620 674 3017 731 ΚΕΦΑΛΑῘΟΝ
3055 678 3128 729 Δ’.

2086 770 2227 838 Περὶ
2257 769 2364 839 τῆς
2389 767 2624 838 πρώτης
2672 769 3046 906 ιέξτοῖἶόὶιωζ)
3086 765 3366 837 διαδοχῆς
3427 765 3570 838 (Nic.
3616 761 3691 819 ΙΙ

2158 932 2279 985 Ὅτι
2314 930 2412 1001 μὲν
2444 924 2538 983 οὖν
2572 931 2684 992 τοῖς
2714 928 2773 995 ἐξ
2820 926 3318 999 ἐθνῶννκηρύσσων
3360 929 3388 981 ό
3424 925 3676 988 Παῦλος

2084 1020 2212 1083 τοὺς
2254 1019 2363 1072 ἀπὸ
2400 1016 2756 1089 Ἰερουσαλὴμ
2787 1017 2881 1070 καὶ
2927 1017 3114 1088 κύκλῳ
3166 1017 3326 1088 μέχρι
3372 1017 3467 1071 τοῦ
3512 1017 3723 1070 Ἰλλυ-

2087 1109 2239 1182 ρικοῦ
2255 1108 2363 1162 τῶν
2385 1107 2719 1180 Ἐκκλησιῶν
2748 1107 3159 1179 καταϐέϐληται
3182 1107 3489 1179 θεμελίους,
3512 1108 3716 1180 δῆλον

2085 1205 2148 1256 ἐκ
2163 1202 2272 1255 τῶν
2287 1199 2450 1255 αὐτοῦ
2469 1199 2663 1270 γένοιτ’
2689 1198 2754 1253 ἂν
2772 1196 3102 1269 φωνῶνζκαὶ
3128 1199 3223 1269 ἀφ’
3240 1193 3355 1253 ὧνὸ
3368 1203 3585 1265 Λουκᾶς
3627 1204 3713 1254 ἐν

2084 1298 2205 1359 ταῖς
2233 1293 2504 1366 Πράξεσιν
2544 1291 2846 1362 ἱστόρησεν.
2877 1291 2988 1343 Καὶ
3019 1290 3082 1343 ἐκ
3108 1290 3217 1342 τῶν
3249 1290 3455 1362 Πέτρου
3488 1291 3546 1343 δὲ
3585 1288 3711 1343 λέι

2086 1382 2242 1450 ξεων,
2270 1384 2328 1436 ὲν
2356 1380 2579 1443 ὁπόσαις
2594 1380 2688 1432 καὶ
2702 1371 2856 1440 οὗτος
2887 1376 3176 1446 ἐπαρχίαις
3200 1377 3327 1440 τοὺς
3355 1378 3417 1429 ὲκ
3447 1391 3707 1447 περιτο-

2089 1470 2548 1545 μῆςτὸν.Χριστὸν
2572 1465 3075 1539 εὐαγγελιζόμενος,
3093 1467 3182 1521 τὸν
3210 1467 3309 1538 τῆς
3328 1466 3519 1536 καινῆς
3547 1468 3708 1518 Δια-

2086 1564 2263 1635 θήκης
2300 1561 2581 1633 παρεδίδου
2614 1560 2790 1629 λόγον,
2837 1561 3006 1629 σαφὲς
3039 1559 3104 1612 ἂν
3138 1558 3222 1629 εῐη
3244 1598 3255 1616 .
3298 1559 3390 1627 ἀφ’
3415 1554 3484 1628 ἦς
3515 1557 3700 1628 εἰρή-

2085 1672 2260 1726 καμεν
2308 1651 2746 1724 όμολογουμένης
2795 1649 2959 1704 αὐτοῦ
2974 1648 3311 1720 Ἐπιστολῆς,
3352 1650 3420 1720 ἢν
3447 1650 3562 1712 τοῖς
3612 1647 3696 1711 ἐξ

2099 1743 2361 1815 Ἐϐραίων
2390 1740 2503 1813 (44)
2542 1736 2693 1793 οὖσιν
2727 1740 2784 1791 ἐν
2827 1738 3098 1810 διασπορᾷ
3130 1739 3333 1791 Πόντου
3369 1738 3460 1791 καὶ
3495 1736 3697 1791 Γαλα-

2086 1835 2240 1896 τίσις,
2287 1830 2680 1894 Καππαδοκίας
2733 1847 2792 1883 τε
2845 1830 2938 1883 καὶ
2984 1828 3169 1893 Ἀσίας
3234 1829 3329 1885 καὶ
3376 1827 3635 1891 Βιθυνίας
3660 1866 3683 1891 ,
3736 1830 3747 1835 ’

2089 1923 2311 1992 γράφει.
2347 1921 2502 1974 Ὅσοι
2532 1920 2590 1973 δὲ
2626 1919 2853 1982 τούτων,
2891 1919 2983 1972 καὶ
3009 1920 3154 1983 τίνες
3183 1920 3392 1990 γνήσιοι
3429 1916 3689 1988 ζηλωταὶ

413 2018 535 2060 rum
561 2004 674 2061 veri
726 2004 1048 2072 imitatores,
1084 2011 1398 2065 eorumdem
1426 2010 1630 2081 judicio
1675 2012 1821 2082 digni
1850 2010 1987 2081 judi-

2091 2014 2390 2082 γεγονότες,
2429 2011 2527 2073 τὰς
2560 2011 2695 2082 πρὸς
2739 2009 2916 2063 αὐτῶν
2965 2006 3268 2081 ἱδρυθείσας
3322 2009 3496 2063 ἱκανοὶ
3545 2024 3686 2062 ποι·-

405 2095 516 2150 cati
549 2096 680 2164 sint,
711 2097 801 2167 qui
834 2095 1087 2156 fundatas
1112 2100 1180 2156 ab
1219 2101 1349 2171 ipsis
1404 2102 1673 2159 Ecclesias
1727 2105 1983 2172 pastorali

2094 2104 2302 2174 μαίνειν
2338 2101 2770 2172 ἐδοκιμάσθησαν
2791 2095 3135 2170 Ἐκκλησίας,
3156 2099 3216 2153 ού
3252 2100 3433 2170 ῥᾴδιον
3469 2100 3677 2164 είπείν,

408 2184 588 2241 oilicio
615 2187 1005 2258 gubernarent,
1053 2204 1397 2262 nequaquam
1432 2191 1590 2248 facile
1630 2202 1716 2247 est
1748 2194 1931 2249 dicere
1968 2214 1982 2249 :

409 2288 775 2349 praeterquam
806 2280 949 2349 illos,
998 2296 1136 2352 quos
1175 2298 1242 2337 ex
1294 2283 1465 2353 ipsius
1514 2284 1759 2354 Apostoli
1807 2285 1987 2341 verbis

406 2368 569 2426 Iacile
594 2367 774 2441 quivis
800 2374 973 2444 possit
1004 2375 1282 2447 colligere.
1316 2375 1487 2446 llujus
1527 2379 1670 2432 enim
1708 2392 1875 2447 prope
1904 2378 1988 2430 in—

409 2463 776 2518 numerabiles
792 2463 1091 2533 adjutores,
1126 2476 1200 2530 et,
1233 2476 1294 2519 ut
1326 2467 1441 2536 ipse
1469 2469 1730 2531 nominat,
1761 2468 1989 2522 commi-

410 2556 608 2611 litones
654 2557 919 2612 fuerunt:
960 2573 1190 2629 quorum
1243 2558 1332 2613 ille
1364 2560 1652 2629 plerosque
1694 2558 1984 2613 immortali

411 2644 780 2715 Epistolarum
819 2645 1041 2704 suarum
1097 2650 1407 2722 testimonio
1439 2660 1682 2716 ornatos,
1717 2660 1989 2720 perpetua:

414 2738 698 2793 hominum
726 2740 1005 2796 memoria
1031 2741 1453 2796 commendavit.
1487 2739 1595 2796 Sed
1637 2750 1692 2796 et
1719 2740 1892 2797 Lucas
1932 2742 1986 2797 in

408 2829 640 2886 Actibus
668 2831 958 2901 discipulos
986 2831 1137 2889 Pauli
1168 2848 1515 2896 enumerans,
1545 2833 1785 2901 singulos
1816 2835 1990 2890 nomi-

413 2920 580 2975 natim
613 2920 870 2992 appellat.
905 2922 985 2979 Ex
1010 2924 1094 2978 his
1120 2923 1439 2979 Timotheus
1459 2924 1676 2994 quidem
1705 2924 1989 2995 Ephesinte

414 3009 674 3067 Ecclesia
726 3012 1100 3082 episcopatum
1155 3014 1366 3083 primus
1421 3017 1697 3087 accepisse
1750 3017 1985 3084 dicitur,

413 3101 878 3171 quemadmodum
931 3104 1097 3159 etiam
1151 3104 1306 3160 Titus
1356 3106 1550 3162 insula:
1597 3108 1771 3164 Cretae
1808 3106 1995 3164 Eccle-

413 3206 622 3247 sarum
671 3193 966 3264 episcopus
1007 3193 1177 3251 fuisse
1226 3207 1578 3252 memoratur.
1619 3196 1795 3254 Lucas
1838 3212 1990 3263 vero,

412 3283 579 3339 domo
608 3284 1001 3351 Antiochenus,
1024 3294 1143 3343 arte
1170 3287 1438 3356 medicus,
1471 3291 1564 3359 qui
1591 3298 1645 3344 et
1673 3304 1797 3344 cum
1825 3287 1995 3345 Paulo

2095 2196 2169 2265 μὴ
2196 2194 2277 2247 ὅτι
2309 2210 2373 2262 γε
2404 2193 2562 2255 ὅσους
2592 2178 2659 2245 ἄν
2689 2208 2773 2254 τις
2805 2193 2868 2243 ἐκ
2900 2193 3008 2244 τῶν
3052 2190 3266 2245 Παύλου
3300 2189 3491 2259 φωνῶν
3536 2191 3678 2243 ἀνα-

2090 2285 2310 2351 λέξοιτο.
2347 2283 2547 2338 Τούτου
2597 2283 2706 2353 γὰρ
2753 2279 2845 2335 οὖν
2877 2282 3073 2354 ’μυρίοι
3127 2285 3410 2354 συνεργοὶ,
3446 2283 3541 2337 καὶ
3588 2282 3672 2346 ὣς

2091 2375 2252 2438 αὐτὸς
2312 2375 2561 2446 ὠνόμασε
2638 2373 3030 2443 συστρατιῶται
3104 2376 3423 2446 γεγόνασιν,
3481 2367 3556 2429 ὧν
3614 2374 3669 2427 oi

2093 2465 2309 2535 πλείους
2340 2465 2575 2537 ἀλήστου
2614 2465 2747 2538 πρὸς
2782 2465 2946 2520 αὐτοῦ
2980 2466 3199 2538 μνήμης
3240 2465 3518 2535 ἠξίωνται,
3549 2465 3671 2535 διη-

2090 2557 2220 2628 νεκῆ
2261 2556 2357 2627 τὴν
2399 2558 2526 2628 mp).
2553 2557 2728 2611 αὐτῶν
2772 2558 3074 2631 μαρτυρίαν
3111 2561 3231 2621 ταῖς
3247 2556 3671 2622 ἱδίαιςἙπιστο-

2068 2649 2207 2712 κλαῖς
2244 2648 2722 2717 ὲγκαταλέξαντος.
2751 2650 2825 2703 Ού
2861 2650 2966 2721 μὴν
3003 2648 3137 2702 ἀλλὰ
3165 2649 3258 2702 καὶ
3297 2650 3325 2700 ό
3358 2647 3573 2710 Λουκᾶς
3606 2646 3667 2700 ὲν

2090 2744 2206 2803 ταῖς
2236 2738 2473 2812 Πράξεσι
2517 2740 2641 2804 τοὺς
2679 2739 2985 2811 γνωρίμους
3022 2738 3185 2792 αὑτοῦ
3226 2737 3559 2806 καταλέγων,
3605 2735 3668 2801 ἐξ

2089 2828 2348 2898 ὀνόματος
2376 2829 2554 2881 αὐτῶν
2583 2828 2930 2899 μνημονεύει.
2951 2827 3210 2899 Τιμόθεός
3237 2844 3299 2895 γε
3335 2826 3440 2898 μὴν
3467 2826 3567 2896 τῆς
3607 2826 3668 2879 ὲν

2102 2919 2310 2989 Ἐφέσῳ
2343 2919 2633 2990 παροικίας
2664 2920 2955 2990 ἱστορεῖται
2987 2918 3202 2990 πρῶτος
3232 2919 3328 2989 τὴν
3362 2916 3666 2987 ἐπισκοπὴν

2090 3008 2383 3080 εἰληχέναι,
2413 3009 2490 3073 ὡς
2526 3011 2619 3064 καὶ
2650 3011 2808 3074 Τίτος
2835 3009 2944 3063 τῶν
2966 3010 3060 3062 ἐπὶ
3073 3007 3298 3079 Κρήτης
3311 3007 3665 3078 Ἐκκλησιῶν.

2088 3101 2301 3165 Λουκᾶς
2328 3099 2385 3154 δὲ
2409 3100 2469 3154 τὸ
2505 3101 2602 3173 μὲν
2635 3101 2790 3170 γένος
2815 3100 2891 3154 ὣν
2921 3099 3028 3155 τῶν
3055 3100 3147 3153 ἀπ’
3184 3099 3532 3168 Ἀντιοχείας,
3563 3098 3667 3171 τὴν

2089 3192 2147 3245 δὲ
2189 3192 2499 3263 ἐπιστήμην
2544 3193 2757 3265 ἰατρὸς,
2806 3193 2875 3245 τὰ
2926 3190 3153 3245 πλεῖστα
3209 3188 3549 3260 συγγεγονὼς
3588 3188 3669 3261 τῷ

2091 3282 2310 3353 Παύλῳ,
2342 3283 2435 3337 καὶ
2473 3286 2586 3347 τοῖς
2617 3284 2822 3346 λοιποῖς
2863 3282 2919 3336 δὲ
2964 3284 3026 3336 ού
3059 3282 3350 3354 παρέργως
3392 3280 3500 3334 τῶν
3529 3282 3666 3334 ἀπο-

411 3376 504 3428 diu
548 3376 997 3447 coniunctissime
1035 3379 1192 3439 vixit.
1217 3387 1274 3434 et
1317 3394 1442 3434 cum
1479 3379 1706 3451 reliquis
1732 3380 1987 3449 apostolis

2094 3373 2293 3428 στόλων
2339 3372 2666 3445 ὡμιληκὼς,
2714 3370 2782 3446 ἦς
2819 3373 2928 3427 ἀπὸ
2989 3374 3195 3426 τούτων
3259 3372 3671 3444 προσεκτήσατο

409 3460 655 3519 Studiose
695 3471 943 3547 versatus
967 3472 1073 3533 est,
1105 3468 1238 3524 artis
1288 3468 1432 3525 illius
1462 3468 1530 3524 ad
1580 3470 1853 3525 sanandos
1886 3471 1986 3525 ho-

415 3550 621 3607 minum
655 3554 875 3611 animos
901 3556 1184 3625 institulze,
1211 3575 1373 3631 quam
1396 3560 1498 3616 sibi
1526 3575 1591 3615 ex
1613 3560 1984 3630 apostolorum

413 3643 666 3701 doctrina
700 3661 1132 3720 comparaverat,
1167 3653 1307 3709 duos
1333 3653 1489 3710 nobis
1524 3653 1695 3709 libros
1727 3653 1988 3710 divinitus

415 3733 710 3802 inspiratos
737 3739 978 3810 reliquit.
1028 3742 1177 3799 Alter
1238 3758 1425 3800 eorum
1470 3743 1819 3815 Evangelium
1879 3752 1987 3812 cst,

413 3829 559 3891 quod
591 3829 809 3898 quidem
839 3833 913 3887 ita
935 3848 995 3888 se
1021 3850 1244 3905 prorsus
1259 3852 1517 3894 exarasse
1544 3847 1792 3902 testatur,
1829 3846 1991 3907 prout

398 3919 484 3971 ab
543 3919 677 3990 ipsis
723 3924 872 3980 verbi
930 3926 1098 3983 divini
1155 3930 1442 3996 ministris,
1499 3938 1555 3983 et
1603 3929 1693 3998 qui
1734 3928 1802 3983 ab
1834 3929 1991 3983 initio

413 4009 694 4068 Christum
724 4013 997 4083 viderant,
1042 4028 1331 4088 acceperat
1361 4033 1375 4070 :
1413 4032 1551 4085 quos
1597 4017 1763 4071 etiam
1798 4031 1989 4072 omnes

411 4114 473 4153 se
500 4101 830 4170 jamdudum
846 4114 1174 4162 assectatum
1189 4123 1311 4163 esse
1335 4108 1641 4176 proﬁtetur.
1674 4108 1827 4162 Alter
1850 4107 1987 4162 liber

415 4189 735 4247 inscribitur
775 4192 944 4250 Actus
969 4196 1356 4265 apostolorum,
1409 4212 1548 4267 quos
1601 4197 1690 4252 ille
1734 4213 1836 4252 non
1875 4198 1987 4267 jam

413 4279 692 4336 auditione
720 4292 993 4352 acceptos,
1023 4287 1119 4341 sed
1150 4286 1326 4342 oculis
1368 4288 1482 4343 suis
1522 4296 1798 4358 spectatos
1846 4290 1989 4343 scri-

414 4377 523 4447 ptis
549 4374 795 4432 tradidit.
829 4375 996 4448 Hujus
1021 4392 1186 4448 porro
1212 4378 1558 4451 Evangelium
1586 4381 1737 4435 aiunt
1755 4396 1787 4436 a
1821 4380 1987 4436 Paulo

412 4467 689 4538 designari
712 4466 932 4526 solitum
961 4484 1104 4537 esse,
1136 4471 1349 4541 quoties
1392 4481 1651 4541 tanquam
1676 4473 1742 4526 de
1765 4470 1986 4544 proprio

412 4561 649 4630 quodam
675 4560 967 4632 Evangelio
999 4579 1301 4620 sermonem
1341 4564 1566 4630 faciens,
1608 4565 1782 4620 dicit:
1821 4583 1841 4617 ι
1882 4566 1984 4620 Se~

413 4649 654 4707 cundum
710 4650 1058 4724 EvangelTum
1124 4670 1322 4711 meum.
1363 4673 1382 4707 ι
1438 4655 1516 4710 Ex
1592 4653 1702 4726 74
1757 4653 1986 4723 reliquis

2088 3463 2275 3535 ψυχῶν
2324 3465 2754 3536 θεραπευτικῆς,
2801 3467 2859 3518 ἐν
2909 3464 3060 3518 δυσὶν
3103 3466 3237 3535 ἡμῖν
3295 3463 3669 3533 ὑποδείγματα

2089 3553 2466 3620 θεοπνεύστοις
2512 3556 2862 3611 καταλέλοιπε
2898 3554 3155 3628 βιϐλίοις’
3204 3553 3280 3625 τῷ
3324 3571 3383 3608 τε
3422 3555 3668 3623 Εύαγγε-

2090 3645 2220 3716 λίῳ,
2254 3647 2282 3700 ὃ
2332 3649 2425 3702 καὶ
2475 3649 2709 3720 χαράξαι
2763 3647 3127 3722 μαρτύρεται,
3180 3646 3322 3700 καθὰ
3376 3645 3671 3717 παρέδοντο

2091 3739 2238 3811 αύτῷ
2283 3742 2334 3794 οἱ
2363 3742 2614 3813 ἀπαρχῆς
2648 3741 2912 3795 αὐτόπται
2957 3739 3051 3793 καὶ
3085 3739 3352 3810 ὑπηρέται
3386 3738 3667 3809 γενόμενοι

2062 3832 2183 3885 τοῦ
2212 3831 2395 3899 λόγου,
2421 3827 2501 3894 οἷς
2543 3833 2635 3885 καί
2680 3849 2843 3903 φησιν
2879 3830 3156 3885 ὲπάνωθεν
3202 3831 3373 3884 ἆπασι
3421 3845 3670 3900 παρηκο-

2096 3923 2433 3993 λουθηκέναι,
2482 3926 2577 3976 καὶ
2604 3925 2723 3987 ταῖς
2760 3922 2867 3975 τῶν
2914 3922 3224 3975 ἀποστόλων
3266 3919 3569 3992 Πράξεσιν,
3602 3920 3671 3984 ἃς

2093 4014 2275 4067 ούκέτι
2320 4014 2387 4066 δι’
2434 4014 2635 4083 ἀκοῆς,
2682 4012 2975 4083 ὀφθαλμοῖς
3007 4012 3062 4065 δὲ
3110 4013 3290 4074 αὐτοῖς
3341 4011 3670 4083 παραλαϐὼν

2099 4102 2440 4167 συνετάξατο.
2470 4103 2606 4155 Φασὶ
2644 4102 2700 4156 δὲ
2733 4101 2808 4165 ὡς
2831 4103 2937 4174 ἄρα
2964 4100 3056 4154 τοῦ
3092 4101 3212 4155 κατ’
3244 4100 3405 4154 αύτὺν
3433 4101 3671 4170 Εύαγγε-

2095 4195 2207 4248 λίου
2238 4193 2595 4268 μνημονεύειν
2622 4195 2650 4246 ό
2676 4192 2886 4256 Παῦλος
2917 4191 3125 4257 εἴωθεν,
3165 4192 3400 4262 ὁπηνίκα
3429 4190 3505 4254 ὼς
3538 4191 3669 4263 περὶ

2097 4286 2223 4340 ἰδίου
2263 4287 2408 4350 τινὸς
2452 4284 2783 4355 Εύαγγελίου
2837 4285 3064 4357 γράφων
3119 4283 3305 4351 ἔλεγεο
3355 4302 3373 4333 ι
3404 4283 3562 4337 Κατὰ
3607 4281 3671 4336 τὸ

2094 4378 2425 4448 Εύαγγέλιόν
2477 4393 2598 4447 μου.
2622 4396 2641 4428 ι
2691 4374 2812 4429 Τῶν
2849 4376 2905 4429 δὲ
2947 4375 3149 4429 λοιπῶν
3204 4372 3513 4429 ἀκολούθων
3573 4373 3668 4428 τοῦ

2092 4472 2325 4537 Παύλου,
2362 4470 2610 4543 Κρίσκης
2639 4470 2738 4541 μὲν
2768 4470 2859 4523 ἐπὶ
2900 4470 2998 4534 τὰς
3037 4469 3267 4533 Γαλλίας
3298 4470 3411 4541 (45)
3456 4469 3669 4524 στειλά-

2096 4581 2253 4635 μενος
2280 4563 2371 4617 ύπ’
2405 4561 2567 4616 αύτοῦ
2605 4564 2986 4634 μαρτυρεῖται,
3015 4563 3171 4625 Λῖνος
3201 4561 3257 4614 δὲ
3297 4556 3358 4615 οὗ
3396 4560 3669 4633 μέμνηται

2094 4657 2342 4718 συνόντος
2368 4655 2460 4707 ἐπὶ
2504 4653 2721 4727 Ῥώμης
2741 4653 2890 4725 αύτῷ
2924 4653 3064 4708 κατὰ
3094 4653 3192 4725 τὴν
3230 4646 3492 4724 δευτέραν
3531 4651 3671 4725 πρὸς

490 4772 605 4845 (Η)
642 4774 757 4826 Ἦν
808 4773 935 4841 τοῖς
972 4775 1042 4846 ἐξ
1092 4776 1395 4845 Ἐϐραίων.
1430 4775 1503 4846 lla
1548 4775 1718 4830 codex
1767 4775 1984 4844 Regius.

2098 4787 2243 4832 teres
2269 4776 2547 4846 ’qt’nidam,
2580 4786 2751 4846 atque
2789 4774 2968 4846 iubis
3016 4770 3302 4846 Eusebius,
3351 4769 3667 4846 legisse}!-

410 4845 1113 4915 Yerumqttynorrreliqui
1165 4849 1364 4900 diserte
1392 4845 1655 4915 scriptum
1703 4846 1988 4915 habeutév

417 4910 454 4988 ᾗ
480 4915 593 4988 τοῖς
709 4910 1311 4988 _'E69aigv,_etc.guatu
1343 4910 1670 4988 script-uram
1698 4914 1992 4988 conﬁrmat

416 4980 582 5054 Etiam
616 4980 843 5054 liuiinus
866 4998 886 5038 :
910 4981 1014 5037 Sed
1047 4994 1094 5037 et
1133 4980 1325 5038 Petrus
1357 4988 1414 5039 iu
1451 4980 1641 5054 quibus
1679 4984 1836 5036 etiam
1882 4985 1992 5049 ipse

419 5051 702 5122 prouinciis
734 5052 815 5105 his
842 5054 932 5120 qui
975 5069 1040 5106 ea:
1068 5051 1637 5114 circumcisionesuut,
1677 5054 1992 5119 prazdieaue-

420 5119 495 5193 rit
538 5119 828 5193 Christum,
856 5119 1085 5193 propriis
1116 5124 1325 5177 vocibus
1357 5124 1411 5175 iu
1443 5139 1504 5177 ea
1549 5122 1788 5193 Epistula
1829 5139 1990 5193 quam

421 5191 590 5259 ipsius
617 5190 826 5244 nomine
864 5191 1058 5257 absque
1085 5192 1428 5260 ambiguitate
1457 5190 1649 5245 claruit
1683 5207 1815 5255 esse,
1841 5190 1975 5245 ’desi.

422 5270 546 5330 gnat
575 5276 595 5314 :
621 5260 676 5314 in
714 5277 817 5330 qua
847 5261 917 5313 ad
949 5276 1035 5314 eos
1062 5262 1152 5330 qui
1179 5261 1237 5330 in
1269 5262 1590 5328 dispersione
1611 5270 1760 5322 sunt.
1785 5264 1990 5325 scribit;

422 5329 539 5384 sine
563 5330 726 5383 dubio
770 5329 1042 5384 Hebra’as.
1079 5329 1191 5398 Ipsi
1233 5332 1419 5384 etenim
1454 5332 1677 5400 dispersi
1722 5332 1991 5395 dicuntur,

423 5401 938 5471 tanquampropriis
960 5401 1194 5471 sedibus
1222 5401 1382 5471 pulsi,
1429 5410 1478 5455 et
1513 5404 1668 5471 positi
1694 5401 1750 5456 in
1791 5402 1993 5470 disper-

422 5467 572 5523 sione
597 5477 655 5522 It
680 5469 786 5535 ipse
809 5467 911 5534 au,
950 5468 1127 5533 Ponti,
1152 5467 1400 5533 Galatiw,
1427 5467 1535 5525 etc.

487 5537 603 5611 (45)
632 5540 899 5611 Kpqunc
920 5537 1039 5609 μὲν
1064 5539 1298 5611 tigrin};-
1321 5541 1610 5611 Γαλλίας.
1641 5539 1812 5597 Locus
1837 5540 1986 5596 Pauli

423 5607 605 5679 exstat
648 5607 702 5679 in
751 5607 1049 5679 posteriore
1084 5608 1325 5676 Epistola
1369 5610 1437 5664 ad
1484 5609 1849 5679 Timotheum,
1890 5612 1982 5667 ubi

425 5678 588 5736 hodie
613 5678 830 5750 quidem
859 5678 1056 5750 legitur
1070 5679 1320 5751 Κρίσκης
1345 5681 1428 5745 είς
1440 5680 1728 5735 Γαλατίαν.
1757 5681 1863 5736 Sed
1889 5693 1981 5735 ve-

2093 4837 2400 4911 dentur'si;
2428 4837 2678 4901 Γαλλίανῖ
2718 4837 2797 4900 Ε(
2825 4844 2905 4897 sic
2929 4841 3276 4898 scribendum
3307 4837 3430 4911 esse
3454 4839 3668 4911 in‘Epi-

2094 4917 2229 4972 stola
2257 4909 2427 4977 Pauli,
2461 4915 2740 4984 contendit
2767 4912 3100 4984 Epiphanius
3140 4910 3194 4964 in
3242 4910 3435 4964 haeresi
3467 4909 3669 4979 Mogo-

2094 5001 2238 5053 rum,
2287 5000 2512 5040 numero
2555 4985 2640 5053 Η.
2691 4982 2912 5038 Eusebii
2953 4982 3284 5053 scripturam
3322 4989 3546 5053 secutus
3578 4989 3668 5032 est

2097 5048 2455 5128 Hieronymus
2486 5055 2538 5108 in
2570 5048 3382 5128 CatalogoLejusqueinterpres
3403 5048 3669 5128 _Sophr_o'
3764 5099 3768 5102 τ
3850 5078 3853 5081 -

2095 5126 2216 5180 nius
2240 5117 2418 5181 et'alii
2447 5117 2797 5177 recentiores.
2826 5117 3023 5177 Verior
3043 5129 3221 5172 tamen
3246 5117 3332 5171 est
3367 5117 3541 5170 altera
3586 5117 3671 5171 ie-

2090 5196 2199 5265 ctio
2226 5197 2307 5260 είς
2337 5193 2436 5265 τὴν
2458 5191 2767 5265 Γαλατίαν,
2788 5189 3287 5265 _qtt_am__coulirn_tat
3309 5186 3664 5265 Clemens_in

2093 5255 2562 5319 Constitutiouibus
2597 5255 3314 5329 apostOIi'cis.ATheodoritus
3340 5257 3394 5310 in
3425 5255 3545 5309 loco
3570 5255 3666 5329 illo
3774 5270 3777 5281 ‘

2096 5333 2156 5387 Β.
2214 5334 2361 5388 Pauli
2408 5332 2535 5401 legit
2589 5326 2821 5401 quidem
2850 5326 3142 5401 Γαλατίαν,
3194 5327 3287 5381 sed
3333 5340 3408 5401 eo_
3442 5326 3667 5379 nomine

2093 5404 2299 5458 Gallias
2324 5404 2397 5457 ait
2424 5394 2979 5471 signiticari,ad_qttas
3010 5398 3207 5471 missus
3226 5394 3663 5471 erat-Crescens.

2091 5474 2252 5531 Certe
2279 5472 2415 5543 Galli
2449 5463 2800 5543 Crescentem
2829 5463 2944 5543 sibi
2991 5467 3291 5543 vindicant,
3327 5463 3666 5543 Viennenses

2087 5555 2139 5598 et
2172 5541 2485 5611 Moguntiui.
2529 5540 2661 5595 Vide
2688 5540 2967 5597 Serarium
2998 5537 3053 5594 in
3097 5535 3190 5590 lib.
3232 5548 3274 5590 ιι
3320 5533 3663 5604 uagantium

2087 5630 2200 5667 rum
2229 5612 2621 5683 antiquitatum.
3314 5632 3317 5633 ν
