4016 6260
243 337 361 393 22!

1280 342 1631 400 ﬂISTORMJ
1673 342 2232 401 ECCLESIASTICIE
2274 342 2400 398 LIB.
2442 342 2533 399 Ili.

3426 348 3536 407 222

250 458 529 531 Τιμόθεον
552 458 911 536 Ἐπιστολὴν,
932 462 1147 537 πρῶτος
1181 463 1320 536 μετά
1355 465 1561 537 Πέτρον
1592 464 1693 535 τῆς
1734 464 1852 518 Ῥω-

1970 463 2122 519 Pauli
2153 463 2443 519 comitibus
2474 461 2740 519 Crescens
2784 464 3004 534 quidem
3033 464 3100 519 ab
3143 478 3209 521 eo
3242 466 3439 522 missus
3486 470 3536 521 in

262 552 453 625 μαίων
481 552 817 624 Ἐκκλησίας
853 556 952 628 τὴν
986 556 1288 627 ἐπισκοπὴν
1314 557 1413 627 ἤδη
1447 557 1711 628 πρότερον
1738 556 1864 628 κλη-

272 641 477 715 ρωθεὶς
514 642 836 714 δεδήλωται.
893 644 1054 698 Ἀλλά
1100 645 1194 698 καὶ
1244 646 1273 696 ό
1306 645 1537 715 Κλήμης
1587 645 1685 714 τῆς
1729 644 1862 695 Ῥω-

281 735 463 807 μαίων
507 735 596 789 καὶ
637 736 805 799 αὐτὸς
846 737 1169 807 Ἐκκλησίας
1200 736 1384 807 τρίτος
1419 735 1715 797 ἐπίσκοπος
1764 753 1863 789 κα-

278 828 502 892 ταστάς,
534 827 750 881 Παύλου
784 829 1044 900 συνεργὸς
1088 830 1180 883 καὶ
1214 827 1549 899 συναθλητὴς
1582 828 1861 897 γεγονέναι

290 919 428 989 πρὸς
488 918 647 971 αὐτοῦ
719 922 1094 990 μαρτυρεῖται.
1156 920 1278 972 Ἐπὶ
1344 918 1556 982 τούτοις
1620 918 1716 971 καὶ
1771 918 1861 972 τὸν

299 1010 707 1081 Ἀρειοπαγίτην
742 1010 969 1074 ἐκεῖνον,
1001 1009 1274 1073 Διονύσιος
1318 1010 1487 1081 ὄνομα
1520 1008 1687 1079 αὐτῷ,
1718 1010 1776 1062 ὃν
1805 1011 1862 1064 ὲν

291 1101 522 1172 Πράξεσι
564 1100 702 1170 μετά
730 1102 828 1171 τὴν
854 1101 912 1153 ὲν
950 1101 1143 1172 Ἀρείῳ
1188 1102 1348 1172 πάγῳ
1375 1102 1511 1173 πρὸς
1551 1100 1864 1171 Ἀθηναίους

292 1192 499 1246 Παύλου
543 1192 902 1262 δημηγορίαν,
949 1191 1164 1262 πρῶτον
1231 1191 1519 1245 πιστεῦσαι
1567 1189 1678 1261 (46)
1735 1191 1861 1246 ἀνέ-

291 1280 489 1351 γραψεν
516 1281 544 1333 δ
566 1278 917 1349 Λουκᾶς,τῆς
949 1280 1007 1331 ὲν
1051 1277 1302 1350 Ἀθήναις
1362 1278 1684 1350 Ἐκκλησίας
1715 1279 1865 1350 πρῶ-

293 1390 383 1424 τον
428 1370 731 1436 ἐπίσκοπον,
776 1370 1021 1442 ἀρχαίων
1068 1387 1152 1435 τις
1200 1371 1387 1442 ἔτερος
1443 1371 1719 1434 Διονύσιος
1763 1372 1863 1443 τῆς

294 1459 581 1530 Κορινθίων
651 1460 949 1531 παροικίας
1018 1461 1222 1531 ποιμὴν
1282 1462 1485 1533 ἱστορεῖ
1556 1462 1859 1531 γεγονέναι.

305 1550 458 1604 Ἀλλά
477 1550 580 1621 γὰρ
606 1550 712 1622 όδῷ
738 1554 1143 1621 προϐαίνουσιν,
1168 1554 1261 1606 ἐπὶ
1288 1553 1480 1626 καιροῦ
1503 1554 1574 1607 τὰ
1598 1556 1697 1625 τῆς
1721 1554 1863 1608 κατά

291 1642 504 1712 χρόνους
559 1640 665 1694 τῶν
718 1643 1028 1699 ἀποστόλων
1082 1643 1335 1713 διαδοχῆς
1384 1644 1514 1714 ἡμῖν
1559 1645 1858 1716 εἰρήσεται.

291 1730 405 1787 Νῦν
423 1732 474 1786 δὲ
500 1734 591 1787 ἐπὶ
613 1733 683 1788 τὰ
713 1731 838 1805 ἑξῆς
868 1735 1036 1807 ἴωμεν
1060 1736 1156 1807 τῆς
1188 1735 1450 1807 ἱστορίας.

811 1998 1204 2052 ΚΕΦΑΛΑῘΟΝ
1244 1998 1319 2053 Ε’.

287 2086 419 2157 Περὶ
466 2086 578 2156 τῆς
610 2087 761 2164 μετὰ
799 2088 906 2164 τόν
931 2090 1193 2164 Δξιξριιγζρν·
1209 2088 1531 2164 κὺστάζης,
1564 2088 1858 2146 Ἰουδαίων

555 2156 904 2225 πολιορκίας
923 2156 1058 2230 (Nic.
1099 2158 1171 2213 ιιι.
1200 2156 1266 2212 Ε.
1306 2157 1565 2235 ιιιηὸοὸὶ.

346 2246 501 2300 Μετά
545 2247 773 2319 Νέρωνα
804 2248 936 2302 δέκα
966 2249 1100 2320 πρὸς
1153 2249 1329 2318 τρισὶν
1366 2249 1509 2302 ἔτεσι
1555 2249 1652 2321 τὴν
1684 2251 1858 2323 ἀρχὴν

276 2338 741 2409 ἐπικρατήσαντα,
782 2339 888 2392 τῶν
910 2338 1051 2409 ἀμφὶ
1078 2338 1287 2392 Γάλϐαν
1318 2340 1409 2392 καὶ
1441 2340 1653 2394 Ὄθωνα
1687 2343 1858 2395 ἐνιαυ-

274 2428 363 2480 τὸν
402 2429 495 2480 ἐπὶ
529 2429 695 2499 μησὶν
737 2428 796 2493 ἒξ
826 2430 1240 2501 διαγενομένων,
1286 2432 1691 2496 Οὐεσπασιανὸς
1739 2435 1857 2497 ταῖς

275 2517 415 2571 κατὰ
454 2519 721 2572 Ἰουδαίων
750 2520 1082 2591 παρατάξεσι
1115 2523 1580 2595 λαμπρυνόμενος,
1612 2524 1859 2594 βασιλεὺς

275 2613 359 2662 ἔπ’
384 2609 557 2678 αὐτῆς
599 2611 978 2667 ἀναδείκνυται
1026 2614 1127 2684 τῆς
1172 2614 1459 2678 Ἰουδαίας,
1503 2616 1858 2686 αὐτοκράτωρ

276 2702 410 2771 πρὸς
435 2701 544 2755 τῶν
577 2701 763 2755 αύτόθι
794 2704 1170 2774 στρατοπέδων
1204 2705 1605 2777 ἀναγορευθείς.
1626 2706 1736 2776 Τὴν
1765 2705 1857 2758 ἐπὶ

286 2789 505 2862 Ῥώμης
537 2786 630 2846 οὖν
662 2792 860 2845 αὐτίκα
890 2793 1261 2864 στειλάμενος,
1296 2794 1441 2864 Τίτῳ
1474 2792 1552 2865 τῷ
1589 2795 1735 2849 παιδὶ
1767 2795 1858 2847 τὸν

275 2879 415 2933 κατὰ
452 2879 721 2933 Ἰουδαίων
748 2880 1038 2951 ἐγχειρίζει
1065 2882 1318 2952 πόλεμον.
1352 2882 1509 2936 Μετά
1536 2900 1595 2951 γε
1631 2883 1733 2954 μὴν
1761 2884 1858 2955 τὴν

276 2971 367 3024 τοῦ
400 2971 651 3043 Σωτῆρος
675 2971 832 3043 ἡμῶν
854 2971 1136 3041 ἀνάληψιν,
1173 2972 1439 3027 Ἰουδαίων
1471 2972 1607 3044 πρὸς
1633 2974 1708 3044 τῷ
1740 2974 1856 3025 κατ’

280 3060 439 3117 αὐτοῦ
466 3063 795 3134 τολμήματι,
836 3064 935 3135 ἤδη
966 3065 1060 3117 καὶ
1094 3064 1236 3118 κατὰ
1279 3065 1387 3118 τῶν
1416 3066 1727 3119 ἀποστόλων
1759 3066 1857 3118 αύ-

1965 555 2170 610 Callias
2222 555 2375 609 Pauli
2420 554 2590 624 ipsius
2633 554 2945 610 testimonio
2996 556 3325 613 declaratur.
3370 557 3538 612 Linus

1962 661 2111 711 vero,
2147 661 2309 716 quem
2371 646 2425 700 in
2488 645 2722 700 secunda
2779 648 2845 701 ad
2896 647 3240 705 Timotheum
3299 648 3535 718 Epistola

1962 735 2145 790 Rutula:
2175 751 2358 792 secum
2396 735 2603 792 versari
2638 745 2891 803 testatur,
2920 740 3127 808 primus
3150 749 3271 809 post
3294 739 3536 807 Petrum,

1963 836 2021 879 ιιι
2048 827 2350 896 supra‘jam
2410 828 2667 893 diximus,
2711 828 2965 885 Ecclesiae
3021 830 3277 886 Romanae
3325 830 3541 899 episeo-

1961 924 2143 984 patum
2170 916 2395 984 adeptus
2422 924 2525 971 est.
2561 915 2813 971 Clemens
2847 933 3087 988 quoque,
3120 921 3164 973 is
3216 920 3304 988 qui
3348 920 3541 975 tertius

1963 1004 2220 1060 Eeclcsim
2248 1005 2504 1060 Romanae
2521 1008 2805 1075 episcopus
2828 1018 2910 1063 est
2941 1010 3287 1074 constitutus,
3323 1011 3541 1079 adiutor

1962 1095 2110 1151 Pauli
2155 1096 2450 1165 sociusque
2482 1095 2842 1150 certaminum
2902 1096 3093 1163 fuisse,
3137 1099 3421 1169 ipsiusmet
3460 1108 3539 1153 te-

1960 1186 2217 1241 stimonio
2266 1187 2603 1255 perhibetur.
2652 1188 2893 1258 Denique
2946 1189 3331 1260 Areopagitam
3389 1189 3534 1243 illum

1963 1277 2180 1333 nomine
2240 1277 2580 1350 Dionysium,
2627 1288 2787 1349 quem
2839 1292 2964 1350 post
3013 1282 3334 1338 concionem
3391 1283 3536 1336 illam

1961 1384 2123 1439 quam
2172 1368 2373 1424 Paulus
2408 1371 2460 1424 in
2494 1371 2773 1444 AreOpago
2807 1374 2873 1427 ad
2921 1374 3276 1429 Athenienses
3325 1373 3537 1438 habuit,

1961 1460 2192 1530 primum
2224 1459 2519 1515 credidisse
2552 1462 2729 1519 Lucas
2755 1464 2807 1517 in
2853 1464 3085 1518 Actibus
3112 1465 3326 1529 scribit,
3365 1464 3538 1517 Athe-

1963 1554 2165 1608 niensis
2208 1552 2462 1609 Ecclesiae
2510 1557 2740 1624 primum
2795 1560 3109 1627 episcOpum
3153 1556 3324 1611 fuisse
3373 1558 3538 1617 tradit

1961 1644 2101 1699 alter
2158 1644 2379 1712 quidam
2431 1645 2720 1717 Dionysius
2766 1647 3171 1704 Corinthiorum
3232 1650 3535 1718 episcopus,

1963 1734 2372 1803 antiquissimus
2391 1736 2644 1805 scriptor.
2669 1737 2773 1792 Sed
2796 1739 3014 1808 quinam
3050 1739 3280 1793 subinde
3325 1756 3422 1808 per
3449 1754 3542 1793 or-

1887 1811 1930 1866 Β
1959 1819 2137 1878 dinem
2156 1834 2455 1894 temporum
2472 1826 2732 1894 apostolis
2760 1829 3222 1893 successerint,'in
3250 1842 3538 1898 progressu

1957 1915 2135 1986 operis
2163 1931 2263 1972 suo
2288 1916 2403 1972 loco
2428 1919 2687 1974 dicemus.
2715 1919 2869 1974 Nunc
2906 1920 2972 1973 ad
3006 1918 3206 1988 reliqua
3231 1933 3537 1991 pergamus.

2582 2009 2811 2066 CAPUT
2850 2010 2910 2065 V.

1960 2097 2036 2153 De
2083 2108 2346 2167 postrema
2398 2099 2705 2157 Juda'ornm
2752 2105 3134 2172 expugnatione
3185 2112 3299 2172 post
3343 2100 3541 2157 Christi

2644 2187 2839 2226 necent.

2030 2256 2158 2314 Post
2182 2258 2475 2325 Neronem,
2502 2261 2592 2330 qui
2628 2277 2723 2331 per
2746 2261 3002 2318 tredecim
3042 2277 3215 2318 annos
3248 2262 3536 2333 imperium

1963 2351 2153 2414 tenuit,
2188 2366 2307 2405 cum
2334 2351 2503 2407 Galba
2526 2364 2687 2423 atque
2707 2351 2855 2408 Otho
2889 2368 3034 2407 anno
3064 2354 3328 2408 duntaxat
3359 2363 3415 2409 et
3440 2367 3538 2409 sex

1963 2440 2234 2495 mensibus
2275 2453 2613 2512 regnassent,
2677 2440 3042 2512 Vespasianus
3088 2444 3139 2496 in
3192 2443 3399 2512 prmliis
3443 2445 3540 2502 ad,-

1964 2528 2388 2586 versusJudteos
2422 2540 2720 2601 spectatus,
2764 2533 3060 2602 imperator
3100 2532 3152 2586 in
3187 2533 3299 2600 ipsa
3350 2530 3533 2585 Iudaea

1961 2619 2029 2673 ab
2053 2621 2293 2675 exercitu
2330 2622 2424 2690 qui
2464 2622 2573 2676 illic
2616 2630 2758 2685 erat,
2794 2622 3161 2677 renuntiatur.
3192 2623 3292 2688 Qui
3343 2620 3531 2676 cattle-

1962 2708 2084 2762 stim
2119 2708 2343 2763 Romam
2372 2724 2561 2766 versus
2590 2712 2946 2779 contendens,
2973 2727 3163 2766 curam
3187 2711 3314 2765 belli
3344 2713 3535 2763 adver-

1962 2795 2296 2865 suslttdams
2338 2798 2459 2855 Tito
2503 2799 2612 2855 lilio
2660 2801 2951 2857 commisit.
2992 2803 3163 2857 Porro
3206 2817 3327 2856 cum
3364 2799 3533 2855 Judaei

1962 2897 2081 2957 post
2118 2887 2431 2944 Servatoris
2459 2889 2631 2945 nostri
2659 2891 2709 2944 iu
2735 2890 2902 2945 eaalos
2931 2905 3237 2956 ascensum,
3273 2904 3377 2944 non
3405 2904 3535 2944 con-

1965 2979 2097 3031 tenti
2147 2993 2211 3033 eo
2246 2980 2456 3035 scelere
2510 2981 2655 3052 quod
2692 2981 2744 3035 in
2778 2981 2955 3051 ipsum
3013 2982 3366 3046 admiserant,
3418 2979 3534 3047 ejus

1963 3087 2177 3142 quoque
2212 3072 2484 3143 apostolos
2516 3070 2811 3142 Smpissime
2834 3074 3045 3127 insidiis
3066 3071 3435 3143 appetissem;
3470 3086 3532 3126 ac

279 3155 370 3208 τού
407 3155 666 3217 πλείστας
690 3158 820 3218 ὅσας
853 3154 1145 3219 ἐπιϐουλὰς
1181 3158 1679 3247 μεμηχανημένων,
1711 3157 1852 3228 πρώ-

1958 3141 2193 3235 primum
2222 3141 2441 3236 quidem
2475 3167 2810 3237 Stephanum
2860 3141 3469 3234 lapidibusobruisscnt
3514 3184 3528 3219 :

278 3265 366 3300 του
388 3264 447 3299 τε
493 3247 765 3316 Στεφάνου
794 3246 961 3310 λίθοις
994 3248 1083 3301 ὑπ’
1113 3247 1292 3301 αὐτῶν
1327 3244 1695 3320 ἀνῃρημένου,
1738 3244 1854 3301 εἶτα

278 3339 331 3391 δὲ
374 3340 489 3408 μετ’
524 3338 685 3391 αὑτὸν
721 3338 997 3404 Ἰακώϐου,
1035 3340 1093 3403 δς
1121 3335 1188 3410 ἦν
1225 3340 1509 3393 Ζεϐεδαίου
1554 3341 1652 3410 μὲν
1690 3343 1849 3406 παῖς,

279 3428 495 3498 ἀδελφὸς
520 3428 577 3481 δὲ
614 3429 881 3491 Ἰωάννου,
912 3428 1009 3500 τὴν
1040 3430 1279 3501 κεφαλὴν
1310 3431 1735 3502 ἀποτμηθέντος,
1761 3433 1853 3484 ἐπὶ

280 3519 403 3571 πᾶσί
434 3535 495 3571 τε
531 3517 786 3572 Ἰακώϐου
816 3517 910 3571 τοῦ
940 3519 1032 3572 τὸν
1059 3519 1245 3581 αὐτόθι
1270 3520 1369 3591 τῆς
1394 3520 1699 3590 ἐπισκοπῆς
1727 3520 1852 3595 θρό-

278 3628 379 3674 νον,
406 3608 627 3682 πρώτου
663 3610 799 3681 μετά
833 3610 930 3681 τὴν
965 3610 1059 3664 τοῦ
1098 3612 1349 3683 Σωτῆρος
1386 3610 1540 3682 ἡμῶν
1586 3612 1850 3682 ἀνάληψιν

279 3702 711 3773 κεκληρωμένου,
755 3702 847 3755 τὸν
878 3702 1292 3772 προδηλωθέντα
1342 3703 1540 3774 τρόπον
1584 3703 1849 3774 μεταλλά-

278 3793 479 3859 ξαντος,
508 3792 618 3846 τῶν
664 3811 724 3847 τε
754 3793 957 3846 λοιπῶν
1000 3795 1312 3847 ἀποστόλων
1350 3796 1517 3866 μυρία
1557 3797 1635 3859 είς
1682 3794 1847 3848 θάνα-

277 3902 359 3938 τον
409 3884 965 3955 ἔπιϐεόουλευμένων,
1010 3884 1103 3938 καὶ
1160 3885 1261 3953 τῆς
1310 3886 1408 3956 μὲν
1446 3886 1703 3949 Ἰουδαίας
1746 3887 1851 3955 γῆς

278 3978 713 4051 ἀπεληλαμὲνων,
738 3979 831 4031 ἐπὶ
859 3978 915 4030 δὲ
939 3981 1004 4049 τῇ
1036 3977 1131 4032 τοῦ
1154 3976 1507 4050 κηρύγματος
1535 3977 1850 4048 διδασκαλίᾳ

275 4071 367 4142 τὴν
397 4070 478 4132 εἰς
506 4067 796 4137 σύμπαντα
830 4066 898 4119 τά
940 4066 1066 4137 ἔθνη
1101 4065 1465 4137 στειλαμένων
1501 4066 1724 4137 πορείαν
1754 4068 1849 4120 σὺν

274 4159 491 4230 δυνάμει
540 4158 633 4211 τοῦ
692 4156 926 4229 Χριστοῦ
984 4158 1254 4227 φήσαντος
1306 4158 1527 4220 αὐτοῖς·
1591 4174 1609 4207 ι
1638 4158 1847 4228 [lapsu-

274 4250 455 4319 θέντες
486 4248 864 4321 μαθητεύσατε
915 4248 1092 4302 πάντα
1141 4250 1210 4303 τὰ
1254 4249 1380 4319 ἔθνη
1420 4250 1478 4301 ἐν
1504 4248 1581 4319 τῷ
1627 4249 1847 4319 ὀνόματί

276 4360 391 4413 μουο
415 4361 433 4393 ι
472 4341 532 4395 οὐ
572 4340 679 4413 μὴν
717 4340 853 4395 ἀλλά
898 4340 1118 4395 καὶτοῦ
1155 4340 1284 4393 λαοῦ
1321 4341 1420 4411 τῆς
1459 4342 1516 4393 ἐν
1560 4339 1848 4413 Ἰεροσολύ-

274 4449 389 4502 μοις
442 4432 795 4504 Ἐκκλησίας,
846 4432 988 4486 κατά
1035 4449 1155 4485 τινα
1205 4431 1453 4502 χρησμὸν
1500 4434 1609 4495 τοῖς
1661 4432 1846 4485 αύτόθι

269 4523 506 4594 δοκίμοις
536 4523 607 4576 δι’
628 4520 1024 4592 ἀποκαλύψεως
1055 4521 1299 4586 δοθέντα,
1340 4522 1446 4593 πρὸ
1478 4522 1572 4576 τοῦ
1608 4523 1843 4594 πολέμου

275 4614 671 4686 μεταναστῆναι
723 4615 822 4685 τῆς
870 4615 1103 4679 πόλεως,
1149 4615 1242 4667 καί
1294 4633 1413 4668 τινα
1458 4614 1558 4685 τῆς
1607 4614 1845 4687 Περαίας

271 4707 421 4759 πόλιν
456 4707 626 4760 οἰκεῖν
669 4706 1129 4777 κεκελευσμένου,
1177 4705 1384 4759 Πέλλαν
1428 4705 1597 4778 αὐτὴν
1642 4706 1844 4777 ὀνομά-

272 4796 452 4859 ζουσιν
497 4797 633 4868 (47),
672 4797 731 4849 ὲν
853 4797 965 4851 τῶν
1010 4798 1089 4861 είς
1132 4796 1365 4869 Χριστὸν
1406 4799 1845 4853 πεπιστευκότων

340 4983 454 5109 με)
512 4985 756 5053 Πρῶτον
803 4985 1146 5042 πιστεῦσαι.
1194 4985 1362 5041 Antea
1389 4987 1590 5042 editum
1628 4985 1847 5059 πρῶτον

340 5076 344 5107 :
366 5072 567 5109 σκοπον
585 5055 1077 5109 πιστεῦσαιΛΓίὺυε
1094 5058 1299 5109 verbis:
1326 5071 1553 5109 auorum
1579 5056 1686 5109 duo
1707 5060 1847 5109 orio-

273 5055 567 5111 ὲπίσκοπον
585 5055 1077 5128 πιστεύσαιμι-ἣκει
1094 5058 1299 5119 verbis;
1325 5071 1553 5128 quorum
1579 5055 1686 5111 duo
1707 5060 1848 5128 prie-

277 5129 409 5181 rain
459 5125 674 5181 lineolis
693 5127 981 5195 subnotata
1013 5135 1157 5185 sunt.
1190 5136 1244 5180 et
1270 5125 1352 5195 ad;
1367 5126 1667 5195 marginem
1707 5125 1845 5183 scri-

272 5204 415 5265 ptum
457 5205 542 5251 est
580 5210 645 5249 ea
677 5194 952 5263 superﬂua
971 5211 1109 5251 esse.
1137 5196 1298 5251 Certe
1318 5194 1843 5266 Christopltorsmtus

274 5267 327 5320 in
349 5266 812 5336 interpretatione
831 5281 924 5317 sua
954 5275 1238 5334 utramque
1258 5280 1441 5321 vocem
1469 5268 1839 5336 prwtermisit.

278 5338 381 5405 Ego
428 5334 557 5390 vero
613 5334 970 5405 posteriorem
1014 5336 1322 5405 duntaxat,
1375 5334 1565 5404 nempe
1619 5337 1843 5390 ἐπίσκο-

276 5404 389 5467 πον,
443 5404 881 5474 expungendum,
921 5404 1182 5474 priorem
1236 5420 1366 5458 vero
1422 5419 1543 5459 esse
1605 5410 1846 5460 retinen-

277 5479 388 5530 dam
417 5485 566 5542 puto.
602 5472 773 5540 quue
799 5472 1090 5527 conﬁrmat
1135 5476 1317 5528 versio
1349 5475 1550 5541 Ruﬁni,
1580 5476 1667 5543 qui
1698 5477 1843 5532 hunc

279 5543 437 5599 locum
466 5545 539 5598 ita
568 5545 963 5614 interpretatus
985 5553 1069 5596 est
1096 5561 1109 5596 :
1136 5543 1239 5614 Sed
1262 5555 1310 5597 et
1339 5544 1649 5614 Dionysium
1677 5547 1843 5598 Areo-

279 5615 488 5684 pagitam
520 5614 669 5681 apud
704 5613 970 5684 Athenas,
992 5628 1143 5681 quem
1174 5612 1344 5666 Lucas
1378 5612 1585 5681 scripsit
1611 5618 1840 5680 priurum

282 5682 432 5741 Paulo
457 5683 1137 5755 prwdicante_credidisse,
1165 5691 1285 5755 etc:
1317 5684 1709 5755 Coujecturam
1738 5700 1837 5755 un-

278 5766 424 5812 stram
458 5751 640 5821 plane
666 5751 1011 5818 conﬁrmant
1040 5753 1200 5809 codd.
1233 5751 1395 5821 Mam,
1435 5751 1645 5812 Med.et
1675 5752 1837 5822 Fnk.,

1957 3256 2154 3313 deinde
2183 3255 2446 3313 Iacobum
2499 3258 2744 3312 Zebedmi
2788 3254 2982 3325 lilium,
3032 3257 3257 3312 Joannis
3303 3256 3529 3341 fratrem

1954 3348 2135 3417 capite
2199 3357 2589 3403 truncassent:
2620 3363 2683 3403 ac
2734 3357 3009 3416 postremo
3055 3347 3319 3404 Iacobum
3376 3347 3527 3402 illum

1953 3440 2043 3507 qui
2072 3440 2279 3508 primus
2306 3448 2426 3510 post
2456 3453 2744 3493 ascensum
2783 3438 2995 3493 Domini
3026 3439 3390 3508 episcopalem
3427 3437 3530 3491 Ec-

1953 3529 2130 3585 clesiae
2166 3529 2306 3583 illius
2328 3529 2513 3584 sedem
2544 3529 2798 3596 obtinuit,
2834 3545 2900 3584 eo
2943 3544 3105 3600 quem
3138 3529 3378 3584 diximus
3421 3543 3532 3583 mo-

1953 3621 2022 3675 do
2044 3621 2403 3690 peremissent
2437 3642 2450 3676 :
2484 3635 2607 3675 cum
2642 3621 2836 3690 reliqui
2870 3622 2996 3674 item
3042 3620 3274 3691 apostoli
3302 3620 3527 3674 inlinitis

1952 3726 2119 3781 prope
2152 3711 2330 3765 modis
2366 3725 2475 3765 non
2514 3711 2633 3765 sine
2679 3726 2871 3779 magno
2901 3711 3023 3765 vita:
3067 3725 3179 3765 sua:
3210 3709 3524 3765 discrimine

1953 3801 2020 3855 ab
2047 3801 2239 3855 iisdem
2272 3800 2449 3854 vexati
2473 3808 2674 3864 essent,
2699 3809 2755 3853 et
2780 3815 2846 3854 ex
2874 3798 3055 3855 Judrea
3084 3799 3276 3869 fugati,
3304 3800 3367 3854 ad
3387 3814 3526 3868 pra:-

1952 3890 2236 3943 dieandam
2269 3890 2545 3960 Evangelii
2569 3890 2873 3943 doctrinam
2895 3905 3085 3945 omnes
3108 3890 3311 3960 ubique
3348 3901 3525 3944 terra-

1954 3999 2069 4036 rum
2097 3992 2285 4051 gentes
2305 3982 2457 4051 adire
2480 3981 2794 4050 cmpissent,
2819 3982 2938 4036 freti
2960 3982 3196 4051 potentia
3214 3982 3415 4037 Christi
3433 3982 3523 4051 qui

1952 4074 2057 4145 75
2114 4074 2241 4128 oliui
2307 4073 2437 4141 ipsis
2489 4072 2745 4128 dixerat:
2782 4073 3034 4128 tEuutcs
3087 4074 3275 4127 docete
3324 4088 3518 4127 onmcs

1949 4175 2138 4234 gentes
2164 4163 2214 4218 in
2246 4163 2466 4217 nomine
2494 4179 2636 4229 meo;
2664 4182 2682 4215 ι
2712 4164 2825 4219 sed
2860 4173 2913 4219 et
2938 4180 3060 4219 cum
3090 4164 3343 4218 universa
3374 4162 3526 4232 plebs

1952 4254 2185 4309 tidelium
2253 4253 2507 4309 Ecclesiae
2577 4253 3114 4326 llierosolymitanae,
3152 4270 3245 4323 ex
3299 4253 3525 4310 oraculo
3588 4264 3589 4267 ‘

1949 4348 2094 4415 quod
2148 4346 2281 4400 viris
2329 4347 2656 4416 quibusdam
2685 4348 3047 4401 sanctissimis
3095 4346 3356 4401 divinitus
3405 4345 3522 4401 edi.

1881 4466 1922 4521 ο
1954 4448 2064 4492 tum
2091 4437 2291 4504 fuerat,
2342 4446 2468 4493 ante
2494 4438 2709 4492 initium
2760 4438 2884 4492 belli
2912 4451 2977 4492 ex
3009 4438 3229 4492 civitate
3268 4438 3520 4505 migrare,

1951 4539 2006 4583 et
2077 4530 2335 4599 oppidum
2400 4529 2671 4598 quoddam
2738 4538 2887 4584 trans
2948 4526 3260 4592 Jurdauem,
3321 4526 3522 4582 Pellam

1954 4620 2190 4686 nomine,
2224 4619 2633 4690 iueolerejussa
2674 4619 2899 4684 fuisset;
2946 4619 3171 4688 jamque
3210 4631 3402 4673 omnes
3430 4617 3522 4686 qui

1954 4711 2005 4763 in
2066 4710 2343 4765 Christum
2410 4711 2784 4773 crediderant,
2853 4708 3055 4764 relictis
3110 4706 3521 4780 Hierosolymis,

1951 4801 2108 4857 sedes
2136 4817 2265 4859 suas
2297 4802 2496 4859 Pellam
2529 4801 2963 4858 transtulissent:
2997 4799 3069 4857 ita
3106 4811 3161 4858 et
3186 4788 3332 4871 regia
3362 4801 3519 4865 urbe,

1952 4988 2007 5043 in
2042 4985 2237 5056 quibus
2269 4984 2472 5041 diserte
2498 4983 2759 5039 scribitur
2780 4980 2996 5053 πρῶτον
3017 4979 3325 5035 πιστεῦσαι.
3351 4978 3521 5035 Porro

1950 5059 2097 5112 hunc
2129 5055 2347 5109 Eusebii
2372 5055 2546 5108 locum
2580 5054 2632 5107 iu
2658 5063 2836 5107 mente
2867 5053 3056 5106 habuit
3078 5052 3366 5113 Maximus,
3391 5064 3517 5104 euut

1948 5128 2026 5181 ait
2060 5128 2111 5181 in
2135 5125 2359 5194 prologo
2381 5123 2889 5194 Commentariorum
2915 5124 2968 5175 in
3004 5121 3313 5194 Dionysium
3354 5119 3519 5194 {irco-

1946 5190 2175 5267 pagilaitt
2204 5210 2222 5247 :
2248 5192 2680 5267 qugovsds‘tos
2707 5191 2800 5267 τού
2844 5192 3251 5267 Ἀρειοπαγίῃυ
3284 5190 3380 5267 καὶ
3409 5190 3520 5242 Διο-

1947 5260 2127 5329 νύσιος
2144 5260 2368 5336 ἀρχαῖος
2380 5260 2690 5336 Χορινθίων
2707 5260 3025 5336 ἐπίσκοποςἶ
3040 5263 3148 5336 καί
3161 5260 3520 5336 Πολύκαρπος

1946 5338 2004 5389 ἐν
2038 5339 2103 5407 τῇ
2144 5331 2281 5407 πρδς
2321 5331 2635 5407 ’ᾼθῆναίους
2666 5332 2945 5402 ἐπιστολῇ.
2987 5331 3086 5386 Ubi
3120 5332 3348 5385 delenda
3386 5341 3519 5401 puto

2077 5376 2383 5459 "ver‘ba‘xai.
2414 5376 2790 5472 Πολύκᾶρπος.

2014 5478 2127 5545 (47)
2179 5472 2428 5545 Πέλλαν·⁸
2466 5467 3123 5545 αὐτὴήρνομάζουσιν.
3161 5467 3306 5545 lden_1
3355 5468 3520 5545 tradit

1944 5538 2285 5615 Epiphanius
2312 5546 2364 5596 iu
2418 5538 2615 5615 haeresi
2665 5538 3072 5615 Nagaragornm,
3115 5554 3233 5615 cap.
3273 5538 3325 5603 7,
3345 5538 3522 5615 Chri-

1942 5608 2149 5669 stiaitos
2174 5614 2383 5667 scilicet
2409 5613 2501 5680 qui
2534 5610 2921 5681 Hierosolymis
2952 5609 3289 5681 habitabant.
3309 5611 3391 5681 Ade
3415 5608 3519 5661 im-

1940 5686 2181 5740 minente
2208 5676 2486 5738 obsidione
2513 5696 2543 5734 a
2580 5676 2798 5735 Christo
2824 5681 3196 5748 praemonitos,
3227 5676 3428 5733 Pellam
3457 5690 3518 5732 se

1938 5753 2332 5810 contulisse..ln
2368 5752 2504 5808 libro
2534 5759 2713 5806 autem
2754 5750 2829 5807 De
2868 5750 3185 5820 ponderibus
3220 5758 3266 5805 et
3306 5763 3517 5802 mensas-
