4016 6260
187 345 296 400 $25

1207 349 1559 408 HISTORIA:
1601 351 2162 410 ECCLESIASTfC/E
2201 351 2330 408 LIB.
2373 352 2464 409 Ill.

3375 363 3484 419 928

199 463 442 540 ήκμαζε,
463 465 556 520 καὶ
599 466 726 520 καθ’
751 470 967 540 ἡμέραν
1003 471 1285 544 ἀμφότερα
1314 471 1707 545 προσεξε>·ά;το
1738 473 1798 528 τᾶ

1910 488 2052 540 rum,
2083 483 2138 530 et
2167 483 2461 544 utrumque
2490 473 2692 530 malum
2727 476 2901 547 magis
2933 489 2996 534 ac
3037 460 3213 550 magis
3242 482 3484 550 quotidie

202 557 376 612 δεινά.
405 556 640 629 Φανερὸς
683 559 787 628 μέν
825 577 890 630 γε
931 561 1165 634 οὐδαμοῦ
1212 567 1354 628 σῖτος
1407 561 1497 636 ἦν,
1538 564 1804 637 ἐπεισπη-

208 651 408 714 δῶντες
453 649 508 702 δὲ
551 649 859 722 διηρεύνων
916 653 1016 718 τὰς
1059 655 1254 718 οἰκίας.
1306 655 1516 708 Ἔπειθ’
1552 655 1804 727 εὑρόντες

218 742 342 815 μὲν,
367 740 444 804 ὡς
470 740 884 812 ἀρνησαμένους
912 742 1180 814 ᾐκίζοντο·
1215 745 1289 816 μὴ
1333 745 1584 818 εὑρόντες
1614 747 1692 810 δὲ,
1726 747 1802 810 ὡς

215 831 633 903 ἐπιμελέστερον
709 834 1025 905 κρύψαντας
1090 837 1426 902 ἐϐασάνιζον.
1493 839 1802 910 Τεκμήριον

217 923 276 976 δὲ
311 920 408 976 τοῦ
448 924 494 974 τ’
524 921 663 992 ἔχειν
706 925 803 976 καὶ
838 926 933 997 μὴ,
979 927 1048 981 τὰ
1078 927 1308 998 σώματα
1340 929 1448 981 τῶν
1477 928 1678 982 ἀθλίων
1707 926 1796 1000 ἦν.

217 1009 320 1068 Ἦν
359 1015 410 1066 ol
453 1015 543 1084 μὲν
589 1014 670 1067 ἔτι
723 1017 1084 1082 συνεστῶτες,
1133 1019 1381 1090 εὐπορεῖν
1427 1021 1635 1091 τροφῆς
1687 1021 1802 1072 ἐδό-

220 1125 370 1169 κουν,
409 1108 457 1159 oi
498 1106 786 1178 τηκόμενοι
825 1109 882 1162 δὲ
921 1109 1054 1181 ἤδη,
1103 1110 1482 1182 παρωδεύοντο
1516 1110 1659 1181 (49),
1705 1109 1799 1164 καὶ

223 1200 450 1254 κτείνειν
501 1198 692 1266 ἄλογον
758 1200 931 1254 ἐδόκει
994 1201 1123 1265 τοὺς
1185 1201 1278 1255 ὑπ’
1334 1201 1542 1264 ἐνδείας
1605 1201 1797 1274 τεθνη-

227 1291 475 1361 ξομένους
544 1290 760 1347 αὐτίκα.
833 1292 1022 1345 Πολλοὶ
1055 1293 1110 1346 δὲ
1166 1293 1341 1365 λάθρα
1411 1293 1510 1357 τὰς
1577 1293 1799 1364 κτήσεις

227 1383 341 1443 ἑνὸς
376 1381 892 1450 ἀντικατηλλάξαντο
932 1383 1154 1454 μέτρου,
1189 1384 1378 1456 πυρῶν
1413 1383 1531 1454 μὲν,
1561 1385 1609 1436 εί
1637 1381 1800 1436 πλου-

228 1471 465 1540 σιώτεροι
502 1472 814 1540 τυγχάνοιεν
843 1473 1012 1538 ὄντες,
1041 1475 1089 1525 οί
1117 1474 1174 1527 δὲ
1212 1475 1546 1546 πενέστεροι,
1581 1473 1794 1544 κριθῆς.

229 1569 453 1622 Ἔπειτα
503 1565 918 1630 κατακλείοντες
966 1567 1190 1632 ἑαυτοὺς
1239 1569 1320 1632 είς
1369 1568 1438 1622 τὰ
1492 1572 1797 1642 μυχαίτατα

225 1659 330 1712 τῶν
363 1659 558 1724 οἰκιῶν,
587 1660 729 1723 τινὲς
765 1659 864 1730 μὲν
892 1661 982 1713 ὑπ’
1005 1661 1180 1732 ἄκρας
1209 1661 1431 1727 ἐνδείας,
1465 1665 1797 1735 ἀνέργαστον

227 1751 312 1804 τὸν
345 1753 482 1803 σῖτον
509 1749 714 1822 ἢσθιον,
746 1751 796 1802 οί
828 1750 885 1802 δὲ
919 1749 1168 1815 ἔπεσσον,
1195 1751 1270 1815 ὡς
1299 1753 1335 1822 ἦ
1363 1771 1423 1806 τε
1455 1755 1669 1826 ἀνάγκη
1702 1758 1795 1810 καὶ

1906 563 2341 632 ingravescebat.
2391 562 2460 618 Et
2499 563 2675 633 palam
2720 565 2941 634 quidem
2995 567 3202 638 nullum
3250 569 3304 622 in
3350 569 3486 625 urbe

1905 651 2231 708 frumentum
2257 665 2395 709 erat.
2425 653 2533 710 Sed
2564 656 2808 711 seditiosi
2845 659 3120 716 irruentes
3163 661 3217 715 in
3263 661 3480 726 domos,

1901 745 2084 799 omnia
2115 745 2500 801 scrutabantur
2525 760 2542 803 :
2571 754 2625 802 et
2649 747 2699 803 si
2729 749 2857 818 quid
2897 751 3258 820 reperissent,
3283 752 3482 806 aedium

1903 835 2176 900 dominos,
2210 843 2398 906 utpote
2427 837 2521 906 qui
2552 836 2886 894 frumentum
2937 855 2996 895 se
3032 840 3240 895 habere
3287 857 3482 912 negas-

1905 934 2048 991 sent,
2095 927 2393 981 crudeliter
2424 927 2812 983 verberabant.
2852 930 3008 996 ρυοά
3060 930 3106 984 si
3140 929 3284 984 forte
3345 929 3482 984 nihil

1902 1017 2244 1083 invenerant,
2263 1017 2419 1087 quasi
2439 1017 2753 1088 diligentius
2780 1021 3168 1087 occultassent,
3197 1024 3480 1077 tormentis

1900 1109 2308 1163 excruciabant.
2343 1107 2511 1164 Porro
2544 1125 2610 1164 an
2644 1111 2794 1166 cibos
2843 1111 3130 1177 haberent,
3161 1125 3348 1176 necne,
3393 1113 3480 1166 in-

1900 1200 2043 1252 dicio
2093 1209 2252 1254 erant
2287 1215 2518 1270 corpora
2551 1202 2899 1256 miserorum.
2957 1201 3092 1256 Nam
3151 1205 3242 1271 qui
3301 1203 3479 1258 adhuc

1903 1289 2056 1342 ﬁrma
2115 1299 2274 1344 erant
2325 1291 2666 1357 valetudine,
2717 1307 2811 1346 eos
2872 1293 3255 1351 alimentorum
3319 1295 3476 1364 copia

1900 1377 2177 1433 abundare
2206 1379 2522 1434 censebant.
2552 1380 2653 1446 Qui
2695 1395 2824 1434 vero
2850 1381 2963 1451 jam
2998 1383 3479 1449 contabescerent,

1899 1483 1992 1523 eos
2035 1469 2232 1523 missos
2275 1469 2568 1524 faciebant.
2632 1469 2844 1540 Quippe
2891 1487 2920 1525 a
2984 1474 3196 1527 ratione
3240 1473 3480 1527 alienum

1900 1561 2213 1624 videbatur,
2251 1561 2503 1617 homines
2545 1562 2882 1633 jamjamque
2934 1578 3046 1633 pra:
3098 1565 3278 1619 inedia
3321 1565 3483 1620 mori-

1902 1661 2073 1716 turos,
2109 1651 2256 1706 ferro
2289 1652 2620 1709 interficere.
2643 1655 2809 1724 LMulti
2841 1671 2972 1712 vero
3011 1657 3150 1712 clam
3187 1657 3478 1712 facultates

1899 1760 2028 1799 suas
2078 1759 2186 1798 uno
2226 1742 2480 1799 frumenti
2532 1747 2780 1814 quidem,
2815 1748 2859 1802 si
2893 1749 3092 1803 divites
3151 1758 3358 1813 essent,
3391 1750 3482 1804 sin.

228 1842 284 1895 τὸ
309 1843 425 1906 δέος
452 1820 698 1914 παρῄνει.
741 1841 852 1895 Καὶ
898 1841 1146 1914 τράπεζα
1182 1842 1282 1914 μὲν
1325 1820 1582 1916 -οίθδοιμοῦ⁷
1621 1820 1794 1920 παρε-

1903 1848 2184 1903 paupercs,
2240 1833 2430 1888 hordei
2489 1835 2668 1889 modio
2711 1837 3111 1906 permutabant.
3172 1839 3377 1894 Deinde
3423 1840 3477 1893 in

230 1934 414 1999 τίθετο,
449 1932 540 1986 τοῦ
589 1933 649 2008 δὲ
685 1932 858 2004 πυρὸς
909 1931 1228 2001 ἐφέλκοντες
1271 1935 1404 2006 (50),
1440 1935 1514 1989 ἔτ’
1553 1935 1682 2008 ὠμά
1728 1937 1795 1992 τὰ

232 2027 367 2078 σιτία
397 2007 707 2096 διήρπαζον.
741 2024 979 2094 Ἐλεεινὴ
1004 2023 1047 2077 δ’
1068 2019 1136 2095 ἦν
1166 2027 1200 2096 ή
1225 2028 1399 2096 τροφὴ
1427 2028 1520 2080 καὶ
1544 2007 1794 2100 δακρύων

227 2117 366 2182 ἄξιος
395 2119 425 2186 ή
467 2116 581 2178 θέα,
613 2115 724 2168 τῶν
755 2115 853 2185 μὲν
891 2115 1276 2186 δυνατωτέρων
1307 2117 1793 2184 πλεονεκτούντων,

227 2209 325 2264 si?)
357 2209 408 2262 δὲ
434 2207 676 2261 ἀσθενῶν
705 2207 1064 2280 ὀδυρομένων.
1104 2208 1330 2262 Πάντων
1374 2211 1470 2278 μὲν
1499 2209 1563 2281 δὴ
1607 2210 1795 2265 παθῶν

228 2302 566 2372 ὑπερίσταται
618 2298 805 2368 λιμός·
859 2299 1012 2352 οὐδὲν
1057 2299 1104 2352 δ’
1152 2299 1325 2362 οὕτως
1373 2301 1666 2355 ἀπόλλυσιν
1719 2303 1794 2366 ὡς

228 2395 363 2447 αἰδῶ.
387 2394 460 2446 Τὸ
484 2393 594 2464 γάρ
623 2391 796 2457 ἄλλως
829 2393 1093 2463 ἐντροπῆς
1128 2392 1295 2459 ἀξιον,
1335 2395 1392 2446 ὲν
1425 2393 1597 2464 τούτῳ
1631 2412 1798 2448 κατα-

230 2485 506 2554 φρονεῖται.
548 2482 811 2544 Γυναῖκες
849 2483 978 2550 γοῦν
1004 2481 1233 2553 ἀνδρῶν,
1271 2482 1362 2534 καὶ
1400 2482 1586 2545 παῖδες
1633 2482 1795 2535 πατέ-

231 2591 345 2645 ρων,
371 2573 461 2626 καὶ
491 2573 552 2624 τὸ
583 2572 955 2641 οἰκτρότατον,
992 2573 1225 2644 μητέρες
1255 2574 1464 2644 νηπίων
1489 2573 1796 2645 ἐξήρπαζον

227 2667 278 2730 ἐξ
316 2665 487 2720 αὐτῶν
518 2664 630 2716 τῶν
665 2664 948 2734 στομάτων
994 2664 1092 2728 τάς
1122 2665 1346 2736 τροφάς.
1378 2665 1485 2718 Καὶ
1523 2665 1630 2718 τῶν
1676 2665 1796 2735 φιλ-

224 2757 382 2809 τάτων
404 2755 462 2806 ὲν
490 2753 651 2824 χερσὶ
681 2753 1116 2824 μαραινομένων,
1137 2755 1237 2806 οὐκ
1265 2750 1334 2824 ἦν
1357 2755 1522 2823 φειδὼ
1545 2755 1672 2818 τοὺς
1700 2754 1793 2807 τοῦ

223 2841 311 2914 ζῇν
364 2843 664 2913 ἀφελέσθαι
710 2843 1072 2914 σταλαγμούς.
1120 2844 1358 2898 Τοιαῦτα
1403 2845 1459 2897 δὲ
1501 2844 1790 2909 ἐσθίοντες,

221 2936 356 3005 apud;
388 2935 451 2987 ού
483 2933 847 2988 διελάνθανον.
895 2934 1178 3006 Πανταχοῦ
1215 2935 1260 2988 δ’
1285 2932 1377 2989 οὖν
1418 2937 1703 3005 ἐφίσταντο
1743 2938 1794 2988 oi

219 3026 535 3095 στασιασταὶ
570 3025 667 3078 καὶ
708 3025 911 3079 τούτων
957 3028 1077 3089 ταῖς
1109 3027 1410 3097 ἁρπαγαῖς.
1459 3027 1651 3080 Ὁπότε
1686 3027 1793 3099 γὰρ

1897 1926 2116 1980 intimos
2145 1924 2341 1979 aedium
2387 1941 2640 1983 recessus
2701 1942 2822 1982 sese
2872 1927 3175 1994 abdentes,
3235 1929 3476 1984 nonnulli

1896 2018 2112 2088 quidem
2144 2016 2307 2073 famis
2342 2018 2531 2072 ultima
2563 2021 2895 2075 necessitate
2924 2020 3101 2076 adacti
3127 2021 3312 2092 fruges
3337 2037 3477 2077 non-

1897 2109 2024 2162 dum
2052 2109 2266 2164 molitus
2287 2109 2675 2177 comedebant;
2713 2110 2802 2165 alii
2839 2126 2972 2166 vero
2997 2127 3192 2182 panem
3223 2114 3480 2168 conﬁcie-

1895 2199 2046 2265 bant,
2081 2208 2341 2268 quantum
2385 2203 2684 2254 necessitas
2734 2210 3018 2270 metusque
3073 2203 3358 2257 suadebat.
3407 2203 3476 2256 Et

1897 2305 2081 2344 mensa
2139 2292 2354 2359 quidem
2390 2291 2609 2345 'nullibi
2658 2293 3070 2359 apponebatttr:
3111 2293 3206 2347 sed
3269 2294 3482 2348 crudos

1895 2383 2070 2437 adhuc
2097 2384 2248 2439 cibos
2289 2399 2356 2439 ex
2408 2384 2532 2452 igne
2563 2384 2948 2439 abstrahentes
2993 2385 3193 2456 singuli
3246 2387 3484 2456 diripie-

1898 2473 2046 2527 bant.
2083 2473 2411 2529 Miserabilis
2443 2489 2606 2543 porro
2634 2485 2755 2528 crat
2799 2475 3059 2530 alimonia
3090 2515 3104 2541 ,
3139 2477 3478 2546 dignumque

1897 2567 2152 2638 laerymis
2205 2566 2574 2636 spectaculum
2608 2583 2626 2622 :
2660 2582 2781 2621 cum
2843 2567 3182 2623 valentiores
3255 2569 3473 2637 quidem

1896 2667 2092 2712 cuncta
2121 2657 2497 2726 prteripcrcnt,
2539 2656 2874 2712 infirmiores
2916 2671 3048 2711 vero
3101 2657 3273 2711 vicem
3319 2670 3473 2712 suam

1897 2749 2166 2802 dolerent.
2200 2747 2404 2803 Omnes
2433 2747 2650 2816 quidem
2679 2748 2846 2802 animi
2883 2747 3109 2802 affectus
3138 2748 3293 2816 longe
3317 2759 3478 2816 supe-

1885 2851 1982 2896 .rat
2015 2842 2186 2895 fames
2220 2858 2232 2894 :
2261 2841 2464 2896 nullum
2497 2850 2677 2894 tamen
2703 2855 2856 2910 aeque
2880 2843 3080 2896 evertit
3113 2855 3177 2895 ac
3202 2855 3469 2894 verecun-

1896 2933 2068 2986 diam.
2134 2924 2267 2986 Nam
2301 2931 2559 3002 quidquid
2609 2932 2743 2986 alias
2786 2936 2994 2986 honore
3038 2931 3258 3001 dignum
3294 2941 3377 2986 est
3414 2946 3480 2987 ac

1896 3024 2230 3088 reverentia,
2256 3025 2308 3077 in
2338 3024 2496 3079 famis
2524 3024 2849 3078 necessitate
2877 3024 3268 3078 contemnitur.
3305 3025 3473 3078 Deni¢

215 3118 475 3172 κατίδοιεν
508 3102 1007 3190 ἀποκεκλεισμένην
1034 3118 1232 3181 οἰκίαν,
1264 3122 1486 3189 σημεῖον
1516 3114 1584 3190 ἦν
1612 3119 1789 3201 τρῦτο,

1903 3131 2000 3185 que
2024 3131 2220 3170 uxores
2244 3115 2399 3181 v'iris,
2433 3115 2525 3169 lilii
2553 3115 2906 3184 parentibus,
2963 3122 3018 3168 et
3061 3116 3204 3184 quod
3233 3115 3478 3168 omnium

211 3211 330 3274 τοὺς
371 3210 524 3262 ἔνδον
572 3208 975 3280 προσφέρεσθαι
1016 3211 1244 3280 τροφήν.
1289 3209 1507 3273 Εὐθέως
1543 3210 1600 3262 δὲ
1646 3210 1792 3263 εἰσα-

214 3303 470 3374 ράξαντες
503 3301 605 3365 τὰς
643 3301 813 3372 θύρας
858 3301 993 3372 (5|),
1024 3303 1324 3372 εἰσεπήδων
1355 3303 1448 3355 καὶ
1499 3301 1658 3371 μόνον
1693 3303 1793 3356 οὐκ

213 3395 271 3447 ἐκ
313 3393 424 3447 τῶν
471 3393 770 3464 φαρύγγων
818 3392 1194 3456 ἀναθλίϐοντες
1246 3393 1371 3457 τοὺς
1413 3393 1639 3457 ἀκόλους
1667 3393 1792 3447 ἀνέ-

215 3500 390 3554 φερον.
431 3482 754 3536 Ἐτύπτοντο
793 3482 851 3534 δὲ
879 3483 1134 3552 γέροντες
1173 3483 1522 3552 ἀντεχόμενοι
1565 3483 1672 3535 τῶν
1716 3499 1793 3534 σι-

211 3573 356 3634 τίων,
400 3572 498 3626 κα)⁸
537 3571 715 3642 κόμης
777 3571 1186 3641 ὲσπαράσσοντο
1249 3572 1535 3638 γυναῖκες,
1586 3587 1792 3638 συγκα-

215 3660 508 3714 λύπτουσαι
540 3661 611 3712 τὰ
651 3663 708 3712 ἐν
736 3659 924 3731 χερσίν
945 3675 958 3688 ·
991 3660 1112 3713 οὐδέ
1139 3677 1224 3724 τις
1258 3655 1326 3730 ἦν
1362 3657 1542 3724 οἶκτος
1582 3661 1793 3725 πολιᾶς,

218 3754 248 3821 ἢ
285 3753 515 3822 νηπίων,
557 3752 692 3806 ἀλλά
739 3753 1152 3823 συνεπαίροντες
1198 3751 1265 3805 τά
1312 3753 1480 3822 νήπια
1529 3753 1641 3824 (52)
1688 3754 1796 3807 τῶν

220 3842 416 3912 ψωμῶν
467 3834 888 3913 ἐκκρεμάμενα,
943 3841 1219 3895 κατέσειον
1279 3844 1360 3906 είς
1421 3842 1642 3910 ἔδαφος,
1684 3845 1798 3906 τοῖς

221 3934 273 3986 δὲ
295 3933 533 4003 φθάσασι
575 3933 673 4004 τὴν
705 3933 994 4003 εἰσδρομὴν
1021 3933 1200 3986 αὐτῶν
1232 3933 1323 3987 καὶ
1365 3933 1798 4004 προκαταπιοῦσι

227 4025 278 4076 τὸ
306 4023 784 4096 ἁρπαγησόμενον,
827 4022 902 4085 ὡς
947 4022 1296 4093 ἀδικηθέντες
1334 4019 1473 4094 ἦσαν
1510 4023 1795 4094 ὠμότεροι.

226 4113 402 4176 Δεινάς
429 4113 488 4166 δὲ
515 4112 763 4183 βασάνων
795 4113 947 4176 ὁδοὺς
972 4113 1229 4168 ἐπενόουν
1258 4115 1395 4185 πρὸς
1433 4114 1658 4184 ἔρευναν
1683 4131 1800 4185 τρο-

230 4205 344 4274 φῆς,
383 4203 597 4274 ὀρόϐοις
629 4205 727 4274 μὲν
755 4205 1162 4273 ἐμφράττοντες
1190 4207 1302 4266 τοῖς
1338 4203 1541 4266 ἀθλίοις
1569 4204 1678 4257 τῶν
1718 4208 1801 4258 αἰ-

227 4296 374 4349 δοίων
398 4297 529 4358 τοὺς
564 4295 784 4366 πόρους,
832 4295 1046 4366 ῥάϐδοις
1090 4296 1147 4348 δὲ
1174 4295 1376 4362 ὀξείαις
1417 4297 1801 4369 ἀναπείροντες

228 4387 316 4450 τὰς
338 4387 522 4457 ἕδρας.
565 4385 652 4439 Τὰ
689 4389 891 4457 φρικτά
921 4387 978 4440 δὲ
1011 4388 1104 4440 καὶ
1135 4389 1323 4451 ἀκοαῖς
1367 4387 1569 4456 ἔπασχέ
1601 4405 1685 4451 τις
1721 4390 1802 4450 εἰς

1897 3208 2134 3262 maxime
2161 3206 2473 3261 miserabile
2502 3215 2639 3270 erat,
2688 3215 2892 3260 matres
2943 3205 3248 3260 infantibus
3289 3207 3472 3260 cibum

1894 3315 1959 3353 cx
1993 3299 2100 3368 ⁵17
2126 3298 2241 3367 ipso
2269 3313 2365 3352 ore
2397 3297 2708 3367 rapiebant.
2741 3298 2806 3352 Et
2831 3297 3300 3352 marcescentibns
3331 3298 3479 3352 inter

1894 3392 2118 3447 brachia
2149 3393 2360 3455 liberis,
2405 3391 2606 3446 vitales
2640 3391 2798 3445 lactis
2842 3400 3026 3461 guttas
3079 3390 3322 3444 adimere
3369 3404 3480 3443 non

1896 3483 2135 3553 pigebat.
2204 3482 2521 3552 llujusmodi
2579 3482 2734 3536 cibus
2777 3483 2902 3536 dum
2957 3491 3264 3550 caperent,
3305 3479 3484 3534 latere

1898 3583 2076 3627 tamen
2104 3587 2207 3626 non
2241 3579 2513 3642 poterant.
2543 3571 2676 3625 Nam
2708 3572 2911 3641 ubique
2935 3573 3324 3626 seditiosorum
3363 3585 3478 3624 ma-

1899 3679 2022 3727 nus,
2053 3665 2247 3733 praeda:
2279 3665 2504 3719 istorum
2555 3678 2617 3718 ac
2664 3663 2868 3734 rapinis
2903 3661 3478 3732 imminebat:qnippe

1899 3756 1953 3808 hi
1984 3755 2155 3809 sicubi
2191 3754 2431 3808 clausam
2476 3755 2700 3810 domum
2749 3762 3176 3823 conspexerant,
3234 3768 3330 3809 eos
3383 3753 3477 3822 qui

1899 3848 2048 3900 intus
2080 3854 2302 3912 essent,
2335 3846 2517 3900 cibum
2559 3859 2778 3900 sumere
2821 3845 2926 3899 hoc
2982 3845 3186 3900 indicio
3232 3845 3482 3914 suspica-

1899 3938 2134 3998 bantur,
2185 3937 2480 4008 Statimque
2524 3935 2766 3991 ell‘ractis
2794 3935 3005 3990 foribus
3049 3936 3374 4000 irruebant,
3423 3943 3482 3988 et

1900 4044 2066 4098 prope
2121 4045 2188 4083 ex
2243 4029 2374 4098 ipsis
2419 4029 2664 4084 faucibus
2716 4041 2978 4095 expressa
3017 4027 3262 4080 ciborum
3305 4025 3478 4081 frusta

1902 4120 2249 4176 revocabant.
2289 4119 2630 4190 Vapulabant
2658 4133 2816 4174 senes
2847 4118 2940 4186 qui
2968 4133 3148 4173 escam
3179 4132 3210 4170 e
3231 4116 3480 4170 manibus

1903 4209 2172 4262 dimittere
2196 4207 2474 4262 nolebant.
2507 4207 2758 4262 Mulieres
2791 4221 3014 4277 quoque
3042 4205 3382 4261 occultantes
3412 4217 3477 4258 ea

1870 4302 1876 4308 ’
1903 4315 2022 4370 quae
2049 4300 2102 4353 in
2128 4299 2379 4354 manibus
2409 4299 2700 4363 habebant,
2733 4299 2939 4369 sparsis
2983 4298 3228 4353 crinibus
3275 4306 3459 4366 rapta-

1903 4393 2124 4446 bantur.
2170 4391 2325 4445 Nulla
2371 4405 2657 4456 canorum,
2711 4390 2854 4444 nulla
2891 4389 3133 4444 infantiae
3192 4389 3474 4444 miseratio

232 4477 609 4549 ἐξομολόγησιν
637 4478 755 4540 ένδς
778 4477 944 4550 ἄρτου
979 4479 1074 4532 καὶ
1103 4479 1189 4531 ἵνα
1227 4477 1443 4551 μηνύσῃ
1469 4466 1645 4549 δράκα
1677 4479 1798 4548 μίαν

1911 4490 2075 4537 erat:
2105 4483 2199 4536 scd
2261 4491 2446 4548 raptos
2492 4480 2548 4533 in
2596 4480 2828 4536 sublime
2869 4480 3123 4550 parvulos
3167 4493 3288 4532 cum
3349 4478 3480 4546 ipsis

233 4571 610 4642 κεκρυμμένην
657 4571 916 4640 ἀλφίτων.
953 4571 1014 4624 Oi
1052 4570 1372 4640 βασανισταὶ
1413 4570 1458 4622 δ’
1504 4571 1605 4623 ούκ
1648 4571 1800 4624 ἐπεί-

231 4677 352 4722 νων,
372 4703 378 4707 .
401 4663 497 4714 καὶ
529 4661 637 4732 γὰρ
661 4660 726 4714 ἂν
751 4657 913 4734 ἦττον
937 4661 1108 4732 ’ὠμὸν
1151 4657 1220 4734 ἦν
1260 4663 1321 4714 τὸ
1357 4662 1474 4733 μετ’
1517 4663 1762 4733 ἀνάγκης
1786 4703 1799 4727 ν

267 4869 272 4874 -
301 4840 408 4908 (49)
443 4839 616 4906 Ἤδη,
639 4851 642 4853 ‘
665 4839 1098 4907 παρωδεύοντο.
1129 4839 1296 4893 Pra'va
1327 4839 1484 4908 huius
1508 4839 1610 4891 loci
1641 4839 1812 4894 inter-

239 4913 448 4979 punctio
473 4911 857 4979 quaehabetur
887 4912 938 4963 in
968 4911 1208 4963 editione
1241 4909 1526 4979 Stephani,
1559 4909 1806 4962 Christo-

241 4977 560 5048 phorsonum
608 4977 660 5031 in
713 4993 952 5032 errorem
1005 4979 1236 5032 induxit.
1289 4979 1450 5046 Atqui
1494 4977 1652 5048 facile
1692 4989 1812 5048 erat

202 5047 352 5118 'eam
403 5049 690 5118 restituere
737 5049 788 5099 in
833 5049 978 5102 hunc
1024 5048 1274 5118 modum,
1324 5049 1375 5101 οἱ
1421 5047 1718 5118 τηκόμενοι
1751 5047 1810 5100 δὲ

245 5117 357 5188 ήδη,
384 5117 778 5188 παρωδεύοντο,
821 5117 1185 5188 ut__scribitur
1236 5118 1376 5184 apud
1419 5115 1807 5186 Nicephorum,

245 5185 291 5240 et
325 5185 376 5237 in
403 5185 589 5239 codice
614 5187 749 5238 Mal.
787 5194 839 5239 et
865 5185 1004 5240 Med.

308 5255 410 5326 (ϐο)
450 5254 561 5308 Τυῦ
584 5253 652 5307 δὲ
678 5255 866 5322 πιιοὸς
889 5255 1266 5323 ἐφέλκοντες.
1301 5253 1813 5326 Νἰερρὶιοτυειιιὼρι

248 5324 577 5392 ὑφέλκοντες.
648 5328 784 5394 Sed
835 5326 1082 5394 vulgata,
1118 5326 1278 5380 lectio
1321 5324 1526 5394 magis
1601 5325 1804 5394 placet,

251 5394 424 5462 quippe
489 5409 611 5461 quae
683 5393 993 5447 violentiam
1063 5393 1224 5448 lamis
1283 5393 1482 5448 clarius
1541 5393 1804 5461 designat.

251 5461 461 5532 Singuli,
517 5465 698 5531 inquit
751 5462 1034 5531 Josepbus,
1075 5465 1272 5518 crudos
1313 5463 1490 5517 adhuc
1532 5471 1586 5517 et
1636 5464 1804 5517 semi-

251 5545 408 5586 coctus
465 5533 622 5586 ribos
682 5533 749 5584 ad
799 5547 916 5586 sese
962 5531 1304 5585 attrahcbant
1349 5549 1412 5584 ac
1458 5532 1804 5600 diripiebant.

249 5600 294 5653 ld
333 5605 476 5655 enim
533 5601 848 5668 significant
896 5616 1066 5671 voces_
1110 5601 1212 5671 illa:
1273 5601 1591 5670 ἐφέλκοντες
1653 5601 1805 5671 διήρ-

247 5671 419 5736 ηζον.
471 5672 632 5738 Quod
679 5679 857 5723 tamen
893 5685 995 5724 nec
1037 5669 1264 5724 Ruﬁnus
1296 5669 1394 5725 nec
1427 5669 1808 5738 Christopho’r-

248 5754 391 5797 sonus
420 5739 843 5805 intellexerunt,
870 5749 929 5794 ut
959 5753 1028 5794 ex
1058 5739 1335 5809 utriusque
1368 5739 1613 5796 versione
1645 5754 1808 5809 appa-

1908 4572 2104 4640 quibus
2130 4572 2352 4640 penduli
2405 4572 2748 4627 inhaerebant
2791 4571 3072 4633 buccellis,
3131 4569 3246 4623 solo
3291 4568 3481 4622 aliide—

1912 4665 2065 4718 bant.
2122 4662 2180 4717 Si
2211 4663 2303 4732 qui
2333 4677 2465 4716 vero
2519 4664 2792 4716 incursum
2846 4675 3032 4715 eorum
3067 4659 3478 4728 pravenissent,

1909 4846 2012 4893 ret.
2048 4837 2182 4890 Nam
2224 4837 2751 4904 Cltristophorsonus
2793 4834 2975 4898 vertit,
3007 4833 3165 4888 ’aride
3200 4833 3482 4904 orewabri-

1907 4909 2134 4975 piabant,
2168 4908 2311 4974 quod
2342 4923 2370 4960 a
2421 4903 2599 4961 mente
2638 4906 2853 4972 Iosephi
2900 4905 3056 4975 longe
3093 4905 3271 4975 abest.
3302 4903 3484 4975 Signi-

1909 4973 2203 5030 ﬁcatenim
2246 4975 2536 5045 Josephus,
2580 4977 2804 5029 miseros
2835 4975 2954 5045 illos
2987 4973 3188 5045 cibaria
3233 4973 3331 5026 sibi
3359 4989 3482 5045 inn-

1911 5057 2000 5100 tuo
2027 5048 2291 5112 rapuisse.
2327 5042 2489 5112 quue
2537 5060 2606 5098 ex
2641 5044 2994 5113 sequentibus
3043 5042 3260 5112 Josephi
3302 5043 3484 5113 verbis

1910 5111 2196 5168 manifeste
2249 5111 2610 5168 convincitur.
2677 5111 2732 5165 lii
2787 5114 2972 5167 codice
3031 5111 3184 5165 Maz.’
3225 5120 3280 5165 et
3339 5111 3480 5165 Med.

1908 5183 2104 5307 lsi-gitpr
2164 5184 2514 5252 ἀφέλκοντες.
2560 5183 2652 5238 Sic
2705 5183 2870 5237 etiam
2923 5183 2976 5237 in
3040 5183 3194 5239 Codd.
3241 5181 3376 5234 Fuk.
3424 5189 3481 5235 et

1951 5267 2031 5306 avi
2063 5295 2077 5307 .

1951 5267 2077 5309 aVll.

1977 5322 2086 5392 (51)
2120 5322 2566 5389 Εὶσαρὰξαντες
2604 5324 2712 5388 τὰς
2752 5323 2954 5389 θύρας.
2996 5319 3086 5375 Sic
3120 5318 3386 5392 Iosephus
3418 5331 3486 5374 ac

1905 5388 2276 5459 Nicephorius;
2305 5395 2373 5444 ita
2408 5407 2622 5460 quoque
2646 5394 2800 5446 codd.
2825 5388 3038 5446 illlazar.
3071 5399 3124 5441 et
3155 5388 3314 5453 Fuk.,
3338 5389 3483 5444 banc

1907 5461 2192 5514 lectionem
2237 5477 2427 5516 omnes
2475 5462 2797 5529 interpretes
2851 5476 2956 5514 uno
2990 5473 3254 5529 consensu
3311 5460 3482 5529 secuti

1905 5540 2050 5582 sunt.
2091 5530 2145 5582 In
2182 5529 2433 5584 Medicam
2465 5526 2851 5599 είσαράξαντες
2888 5530 3134 5584 habetur.
3161 5527 3324 5594 Editi,
3359 5526 3486 5592 ἐξά-

1908 5616 2102 5682 sese;
2120 5599 2229 5682 2s:
2253 5601 2457 5682 χεῖραςτ

1975 5671 2092 5740 (52)
2120 5670 2193 5740 Τὰ
2210 5664 2413 5735 νῆπὶα.
2446 5667 2637 5740 Melius
2658 5668 2796 5739 apud
2820 5665 3109 5734 Josephum
3131 5675 3187 5723 et
3211 5664 3482 5735 Nicepho-

1907 5736 2024 5794 rum
2057 5739 2254 5808 legitur
2281 5740 2350 5792 τὰ
2389 5736 2598 5791 παιδία.
