4016 6260
488 289 588 346 εει

1196 283 1470 342 EUSEBH
1506 281 1990 375 CIESAKIEKSSIS
2029 285 2180 342 OPP.
2221 285 2406 341 PARS
2444 289 2483 342 l.
2525 319 2594 330 —
2634 288 3030 345 HlSTORlCA.

3645 291 3753 355 238.

485 407 722 462 ciebant.
769 400 1057 458 Nonnullis
1098 411 1312 458 vetusta
1347 399 1478 459 freni
1533 406 1892 474 praesegmina
1943 405 2058 460 usui

2166 407 2345 478 εὑρεῖν
2390 405 2558 460 σιτίον
2609 405 2719 476 (60)
2808 407 2994 470 ἄλλοις.
3045 404 3267 470 ἐκοπία,
3327 405 3668 476 πανταχόθεν
3708 405 3753 462 δ’

489 497 660 552 fuere.
707 493 939 562 Quidam
988 493 1132 548 enim
1165 507 1290 548 cum
1341 491 1694 548 fes'tucarumv
1727 494 2066 549 levissimum

487 588 696 658 pondus
727 585 1094 656 collegissent,
1131 595 1374 656 quatuor“
1413 585 1611 640 Atticis
1643 586 1922 640 drachmis
1978 601 2070 641 ve-

2171 495 2374 565 ἄπορον
2413 490 2482 564 ἦν
2513 495 2614 565 ἤδη
2649 496 2744 548 καὶ
2780 495 2841 546 τὸ
2868 496 3066 565 εὑρεῖν,
3097 497 3125 548 ὁ
3152 494 3308 566 λιμὸς
3333 494 3390 546 δὲ
3427 493 3518 546 διὰ
3548 495 3754 565 σπλάγ-

2171 601 2316 654 χνων
2350 600 2408 636 τε
2443 586 2537 637 καὶ
2571 585 2782 655 μυελῶν
2811 585 3037 656 ἐχώρει,
3082 588 3173 639 καὶ
3217 586 3311 639 τοῦ
3355 585 3514 657 λιμοῦ
3559 587 3757 657 μᾶλλον

490 661 842 734 numdabant.
893 678 1000 732 Sed
1036 679 1165 748 quid
1193 691 1332 748 opus
1353 687 1438 732 est
1477 677 1873 745 impudentiam
1907 687 2060 746 atque

2170 675 2479 742 ἐξεκαίοντο
2514 679 2562 730 οἱ
2608 679 2791 748 θυμοὶ,
2826 679 3126 749 σύμϐουλον
3167 679 3406 732 Λαϐοὖσα
3443 679 3543 749 τὴν
3589 681 3756 751 ὀργὴν

490 771 890 840 improbitatem
917 770 1076 823 famis
1105 770 1160 823 in
1194 770 1358 824 rebus
1387 768 2066 832 inaniutatisostendere?

489 862 725 916 Facinus
773 861 1022 915 dicturus
1058 875 1213 925 sum,
1242 861 1550 930 cujusmodi
1587 875 1688 914 nec
1731 860 1872 929 apud
1917 861 2066 916 Gm-

493 968 586 1007 cos
615 967 714 1008 nec
778 955 918 1021 apud
955 952 1219 1007 barbaros
1247 961 1457 1022 gestum
1496 950 1666 1007 fuisse
1687 961 2053 1016 memoratur,

457 1109 459 1112 ,
488 1052 548 1098 et
570 1045 714 1114 quod
749 1054 859 1096 tum
889 1043 1037 1097 dictu
1065 1044 1393 1098 horrendum
1421 1083 1438 1110 ,
1470 1052 1581 1098 tum
1615 1045 1804 1100 auditu
1837 1046 2069 1102 incredi-

488 1133 597 1189 bile
640 1134 930 1188 videbitur.
983 1133 1169 1203 Itaque
1222 1134 1396 1189 libens
1443 1144 1593 1190 certe
1644 1133 2065 1192 acerbissimum

487 1225 631 1280 hunc
658 1239 844 1280 casum
875 1224 1101 1280 silentio
1131 1225 1512 1294 prazteriissem
1535 1267 1551 1294 ,
1586 1241 1653 1281 ne
1683 1230 1883 1296 posteri
1915 1227 2068 1282 fabu-

487 1316 568 1372 las
595 1331 659 1372 ac
689 1326 941 1388 portenta
974 1332 1060 1371 me
1093 1317 1240 1386 loqui
1269 1317 1604 1382 existiment,
1627 1320 1729 1374 nisi
1761 1333 1828 1374 ex
1861 1330 2062 1375 nostrae

487 1408 664 1462 aetatis
693 1409 1008 1464 hominibus
1056 1417 1220 1464 testes
1259 1409 1517 1464 haberem
1557 1425 1722 1480 prope
1763 1411 2070 1466 immmera-

487 1500 644 1555 biles.
677 1500 945 1555 Czeterum
991 1501 1109 1555 leve
1145 1515 1207 1554 ac
1255 1500 1507 1572 frigidum
1539 1503 1810 1571 quoddam
1834 1503 2064 1558 cilicium

487 1592 678 1660 patria:
725 1603 1041 1660 przestarem
1069 1632 1085 1656 ,
1132 1591 1178 1644 si
1215 1607 1335 1659 qua:
1373 1591 1513 1645 mala
1561 1608 1620 1647 re
1659 1593 1778 1662 ipsa
1813 1609 2065 1663 perpessa

487 1692 594 1747 est,
621 1676 868 1738 oratione
907 1684 1331 1738 dissimularem.
1382 1682 1575 1737 Mulier
1609 1687 1856 1752 quadam
1892 1685 2060 1739 Maria

2173 766 2310 836 μετὰ
2342 767 2440 836 τῆς
2483 769 2752 838 ἀνάγκης,
2794 769 2886 822 ἐπὶ
2923 770 3022 841 τὴν
3066 770 3226 838 φύσιν
3271 769 3487 842 ἐχώρει.
3541 773 3654 825 Καὶ
3699 772 3760 844 τὸ

2166 857 2377 923 τέκνον,
2419 855 2485 929 ἦν
2532 859 2576 911 δ’
2609 860 2742 930 αὐτῇ
2796 863 2926 923 παῖς
2965 861 3324 930 ὑπομάσθιος,
3368 863 3755 935 ἁρπασαμένη,

2176 967 2194 1000 ι
2226 949 2453 1020 Βρέφος,
2486 945 2660 1012 εἶπεν,
2680 950 2881 1016 ἄθλιον,
2902 953 2965 1004 ἐν·
2980 952 3200 1023 πολέμῳ
3218 955 3311 1008 καὶ
3326 954 3470 1025 λιμῷ
3499 955 3596 1008 καὶ
3631 956 3758 1010 στά-

2171 1055 2272 1104 σει,
2308 1039 2411 1092 τίνι
2441 1056 2501 1091 σε
2543 1040 2724 1110 mpii);
2757 1041 2827 1094 τὰ
2861 1043 2959 1110 μὲν
2999 1042 3148 1114 παρὰ
3184 1045 3502 1114 Ῥωμαίοις,
3543 1044 3759 1100 δουλεία

2169 1131 2274 1184 κᾶν
2303 1131 2556 1201 ζήσωμεν
2595 1133 2680 1184 ἐπ’
2708 1133 2890 1195 αὐτοῖς
2917 1132 3052 1203 (61),
3083 1135 3274 1204 φθάνει
3308 1136 3367 1196 δὲ,
3389 1137 3480 1188 καὶ
3513 1136 3756 1190 δουλείαν

2168 1222 2196 1273 ὁ
2227 1221 2403 1292 λιμὸς,
2432 1223 2482 1273 οἱ
2532 1222 2853 1275 στασιασταὶ
2899 1223 2954 1276 δὲ
2987 1225 3311 1294 ἀμφοτέρων
3356 1219 3751 1297 χαλεπώτεροι.

2173 1311 2303 1375 Ἴθι,
2337 1312 2493 1380 γενοῦ
2531 1332 2618 1384 μοι
2668 1316 2876 1387 τροφὴ,
2921 1315 3158 1378 καὶτοῖς
3211 1319 3559 1380 στασιασταῖς
3609 1320 3758 1388 ἐριν-

2167 1403 2261 1465 vii;
2296 1403 2427 1473 (62),
2463 1403 2556 1456 καὶ
2587 1403 2664 1474 τῷ
2694 1403 2793 1472 βίῳ
2841 1401 3028 1470 μῦθος,
3067 1405 3098 1454 ὁ
3133 1404 3292 1472 μόνος
3337 1403 3600 1456 ἐλλείπων
3634 1407 3755 1468 ταῖς
3799 1388 3811 1407 ’

2179 1494 2444 1547 Ἰουδαίων
2480 1499 2800 1566 συμφοραῖς.
2826 1511 2846 1546 υ
2878 1497 2985 1548 Καὶ
3013 1495 3165 1547 ταῦθ’
3184 1495 3299 1565 ἅμα
3327 1495 3582 1563 λέγουσα,
3608 1495 3758 1548 κτεί-

2166 1601 2245 1637 νει
2278 1585 2369 1639 τὺν
2411 1585 2542 1638 υἱόν.
2582 1586 2789 1639 Ἔπειτ’
2833 1587 3150 1656 ὀπτήσασα,
3191 1584 3252 1638 τὸ
3291 1585 3390 1656 μὲν
3416 1587 3588 1656 ἥμισυ
3618 1604 3754 1641 κατ-

2168 1677 2366 1742 εσθίει,
2412 1677 2472 1730 τὸ
2516 1677 2574 1729 δὲ
2604 1677 2786 1731 λοιπὸν
2815 1678 3266 1748 κατακαλύψασα,
3305 1680 3621 1748 ἐφύλαττεν.
3651 1678 3758 1732 Εὑ-

487 1774 732 1839 nomine,
765 1773 1006 1827 Eleazari
1036 1773 1169 1839 lilia,
1196 1789 1262 1827 ex
1293 1775 1513 1841 regione
1533 1789 1654 1843 quae
1689 1783 1839 1830 trans
1867 1774 2060 1830 Jorda-

2166 1768 2297 1831 θέως
2327 1768 2370 1822 δ’
2406 1770 2455 1820 oi
2503 1770 2824 1821 στασιασταὶ
2873 1769 3158 1840 παρῆσαν,
3201 1772 3295 1823 καὶ
3340 1770 3440 1840 τῆς
3487 1770 3755 1840 ἀθεμίτου

488 1879 614 1919 nem
644 1863 750 1918 sita
789 1873 890 1925 est,
924 1865 1042 1919 vico
1073 1864 1366 1930 Bathezor,
1403 1880 1523 1935 qua:
1556 1880 1657 1919 vox
1701 1866 1917 1936 hyssopi
1962 1867 2061 1922 do-

489 1970 636 2007 mum
672 1954 964 2025 signiflcat,
1023 1969 1221 2024 genere
1248 1963 1410 2024 atque
1449 1955 1643 2025 opibus
1671 1957 1918 2022 illustris,
1941 1973 2062 2012 cum

488 2044 866 2114 Hierosolyma
915 2046 1282 2116 perfugisset,
1320 2063 1429 2100 una
1478 2062 1601 2100 cum
1644 2048 1854 2116 reliqua
1897 2047 2075 2101 homi-~

489 2151 616 2190 num
647 2136 993 2191 multitudine
1023 2139 1246 2192 obsessa
1274 2139 1583 2191 tenebatur.
1613 2137 1781 2208 llujus
1802 2137 2061 2206 reliquam

487 2240 706 2282 omnem
741 2227 1135 2297 supelleCtilem
1161 2267 1176 2293 ,
1227 2227 1512 2296 quam'illa
1545 2244 1610 2282 ex
1646 2228 1904 2284 ulteriore
1943 2228 2063 2283 Jor-

487 2317 643 2373 danis
675 2318 796 2388 ripa
841 2319 1041 2386 raptim
1091 2317 1377 2373 collectam
1407 2319 1462 2374 in
1495 2320 1685 2374 urbem
1738 2320 2060 2387 advexerat,

482 2409 594 2480 jam
630 2411 848 2486 tyranni
898 2409 1256 2480 diripuerant.
1306 2408 1463 2480 ipsas
1511 2420 1691 2466 autem
1741 2427 2060 2481 magnarum

485 2514 648 2568 opum
668 2500 1024 2572 reliq.uias,et
1050 2499 1314 2568 quidquid
1363 2501 1608 2556 alimenti
1640 2503 1754 2572 ipsa
1796 2503 1897 2557 sibi
1928 2517 2064 2558 con-

485 2589 708 2658 quirere
738 2597 955 2658 poterat
975 2630 992 2657 ,
1024 2591 1304 2645 irruentes
1333 2591 1580 2659 quotidie
1622 2593 1888 2648 satellites
1913 2591 2064 2648 aufe-

485 2684 702 2738 rebant.
737 2683 809 2737 Ea
853 2699 940 2738 res
984 2684 1235 2738 mulieris
1269 2683 1511 2738 animum
1538 2686 1892 2740 acerbissima
1930 2702 2065 2756 qua-

2165 1859 2390 1928 κνίσσης
2431 1859 2754 1922 σπάσαντες,
2797 1860 3056 1928 ἠπείλουν
3095 1863 3144 1913 εί
3187 1861 3260 1933 μὴ
3295 1861 3489 1926 δείξειε
3535 1863 3597 1915 τὸ
3645 1880 3755 1916 πα·

2168 1949 2556 2021 ρασκευασθὲν,
2586 1951 2920 2020 ἀποσφάξειν
2965 1952 3136 2022 αὐτὴν
3177 1952 3398 2015 εὐθέως.
3434 1953 3500 2006 Ἦ
3547 1953 3605 2005 δὲ
3655 1953 3753 2006 καὶ⁵

2168 2036 2361 2112 μοῖραν
2390 2043 2573 2105 αὐτοῖς
2606 2042 2838 2096 εἰποῦσα
2881 2044 3052 2116 καλὴν
3091 2045 3486 2116 τετηρηκέναι,
3527 2044 3598 2098 τὰ
3643 2044 3754 2097 λεί-

2163 2126 2308 2194 ψανα
2336 2128 2430 2180 τοῦ
2463 2130 2654 2182 τέκνου
2688 2130 3097 2200 διανεκάλυψεν.
3122 2132 3258 2195 Τοὺς
3286 2133 3329 2186 δ’
3353 2133 3555 2196 εὐθέως
3579 2135 3750 2205 φρίκη

2166 2220 2260 2271 καὶ
2324 2221 2534 2290 φρενῶν
2598 2221 2852 2286 ἔκστασις
2911 2225 3068 2295 ᾕρει,
3132 2225 3226 2278 καὶ
3279 2225 3433 2296 παρὰ
3481 2227 3578 2296 τὴν
3629 2226 3753 2295 ὄψιν

2164 2310 2530 2382 ἐπεπήγεσαν.
2552 2313 2613 2366 Ἢ
2632 2313 2700 2377 δ’,
2727 2333 2744 2364 ι
2779 2316 2960 2385 Ἐμὸν,
2980 2316 3105 2386 ἔφη,
3130 2317 3288 2369 τοῦτο
3313 2317 3374 2369 τὸ
3403 2318 3591 2371 τέκνον
3620 2319 3756 2389 γνή-

2166 2419 2302 2466 σιον,
2341 2404 2434 2456 καὶ
2472 2403 2531 2456 τὸ
2570 2404 2732 2476 ἔργον
2768 2407 2920 2478 ἐμόν.
2965 2410 3204 2476 Φάγετε,
3242 2411 3336 2462 καὶ
3374 2410 3482 2481 γὰρ
3514 2408 3625 2477 ἐγὼ
3660 2410 3754 2478 βέ-

2165 2495 2374 2567 ϐρωκα.
2413 2497 2504 2566 Μὴ
2553 2499 2783 2569 γένησθε
2841 2501 2977 2569 μήτε
3030 2499 3410 2572 μαλακώτεροι
3456 2503 3751 2570 γυναικὸς,

2169 2587 2305 2656 μήτε
2349 2587 2788 2658 συμπαθέστεροι
2834 2590 3058 2660 μητρός.
3095 2591 3158 2643 Ei
3193 2591 3237 2644 δ’
3287 2592 3446 2660 ὑμεῖς
3483 2591 3751 2656 εὐσεϐεῖς,

2166 2676 2262 2728 καὶ
2304 2675 2402 2746 τὴν
2437 2677 2576 2747 ἐμὴν
2609 2679 3019 2750 ἀποστρέφεσθε
3055 2680 3263 2744 θυσίαν,
3297 2681 3407 2750 ἐγὼ
3445 2682 3542 2752 μὲν
3577 2683 3752 2753 ἦμισυ

487 2775 610 2830 dam
659 2776 1027 2845 indignatione
1074 2776 1391 2830 commovit.
1429 2776 1506 2830 .13
1538 2792 1912 2844 smpenumero
1937 2793 2060 2832 con-

2167 2765 2441 2836 βέόρωκα,
2465 2769 2558 2821 καὶ
2583 2769 2836 2823 τὸλοιπὸν
2868 2771 2912 2823 δ’
2940 2772 3063 2842 ἐμοὶ
3086 2773 3342 2842 μεινάτω.
3369 2793 3386 2824 ι
3412 2775 3566 2827 Μετὰ
3599 2775 3754 2828 ταῦθ’

488 2867 644 2920 viciis
680 2874 736 2919 et
776 2866 914 2923 diris
946 2866 1432 2934 imprecationibus
1478 2867 1764 2934 praedones
1797 2868 1863 2922 de
1904 2869 2066 2922 indu-

486 2957 621 3012 stria
649 2955 707 3010 in
727 2956 1070 3026 semetipsam
1093 2957 1378 3012 incitabat.
1394 2955 1502 3010 Sed
1525 2971 1646 3012 cum
1677 2959 2064 3013 nemoillorum

487 3060 584 3102 seu
631 3047 710 3100 ira
755 3060 850 3100 seu
887 3047 1237 3102 miseratione
1278 3059 1607 3114 commetus,
1652 3050 1823 3118 ipsam
1858 3050 2065 3104 interti-

2165 2858 2215 2909 οῖ
2255 2860 2352 2928 μὲν
2390 2861 2684 2932 τρέμοντες
2715 2863 2959 2934 ἐξῄεσαν,
2999 2867 3136 2936 πρὸς
3166 2865 3223 2919 ἓν
3253 2867 3410 2921 τοῦτο
3441 2869 3623 2932 δειλοὶ,
3659 2871 3756 2926 καὶ

2171 2949 2322 3042 μολις
2347 2951 2552 3042 ταύτης
2574 2954 2674 3023 τῆς
2701 2959 2908 3028 τροφῆς
2932 2961 2998 3028 τῇ
3033 2947 3198 3030 μητρὶ
3228 2962 3748 3042 παραχωρήσαντες.

2182 3040 2514 3114 Ἀνεπλήσθη
2552 3045 2597 3097 δ’
2641 3047 2842 3110 εὐθέως
2883 3048 2978 3119 ὅλη
3007 3049 3099 3102 τοῦ
3142 3040 3345 3120 μύσους
3379 3053 3410 3122 ἡ
3446 3053 3618 3119 πόλις,
3657 3054 3753 3109 καὶ

487 3147 675 3202 ceret,
712 3139 1044 3205 taatleretq-ue
1092 3137 1266 3206 ipsam
1310 3137 1432 3192 aliis
1478 3113 1926 3208 cibum—parare,
1961 3155 2060 3193 nec

2169 3132 2272 3199 πρὸ
2316 3113 2580 3204 ὀμμάτων
2626 3137 2856 3202 ἕκαστος
2897 3113 2978 3192 τὸ-
3002 3113 3171 3204 πάθος
3214 3113 3631 3214 ἀναλαμϐάνων,
3672 3144 3751 3210 ὡς

484 3243 618 3284 vero
643 3227 754 3297 jam
786 3229 1014 3298 parandi
1045 3228 1186 3284 ullus
1216 3235 1407 3286 modus
1440 3239 1749 3302 superesset
1779 3247 1793 3283 :
1829 3237 2062 3298 cumque

485 3318 712 3376 interim
741 3319 913 3374 fames
952 3318 1259 3374 visceribus
1300 3335 1364 3375 ac
1400 3319 1516 3390 80
1553 3319 1802 3374 medullis
1846 3321 2064 3388 penitus

486 3409 786 3477 insideret,
817 3419 873 3464 et
912 3411 1210 3481 indignatio
1250 3412 1414 3481 longe
1459 3412 1634 3480 magis
1663 3427 1826 3480 quam
1878 3411 2063 3466 inedia

375 3512 384 3518 '
478 3501 1126 3566 eﬂ‘ervesceret,‘mulier
1175 3502 1330 3556 malis
1382 3499 1781 3557 consultoribus
1831 3516 1927 3556 usa
1979 3502 2062 3556 fu-

488 3607 615 3648 rore
639 3607 703 3647 ac
731 3592 1059 3648 necessitate
1083 3633 1099 3658 ,
1141 3592 1404 3647 adversus
1433 3601 1683 3645 naturam
1725 3591 1900 3660 ipsam
1933 3606 2066 3645 con-

487 3683 752 3751 surrexit;
804 3691 1131 3752 arreptoque
1187 3681 1298 3736 lilio
1343 3696 1502 3750 quem
1554 3681 1730 3735 adhuc
1777 3679 2061 3734 lactentem

2167 3225 2300 3296 παρ’
2343 3226 2493 3297 αὐτῷ
2534 3229 2798 3299 τολμηθὲν
2844 3232 2963 3304 (65)
3009 3233 3197 3297 δεινῶς
3244 3235 3484 3307 ἔφριττε.
3538 3237 3751 3308 Σπουδὴ

2168 3314 2224 3367 δὲ
2255 3315 2438 3370 λοιπὸν
2469 3317 2577 3372 τῶν
2613 3319 2988 3390 λιμωττόντων
3027 3326 3120 3378 ἐπὶ
3150 3327 3241 3379 τὸν
3275 3326 3501 3380 θάνατον
3531 3323 3619 3399 ἦν,
3653 3347 3750 3382 και
3800 3327 3806 3333 ’

2169 3408 2519 3478 μακαρισμὸς
2549 3409 2656 3462 τῶν
2699 3410 3020 3478 φθασάντων
3067 3418 3194 3488 πρὶν
3222 3417 3453 3472 ἀκούσαι
3483 3421 3575 3474 καὶ
3622 3419 3749 3474 θεά-

2167 3498 2362 3552 σασθαι
2398 3499 2544 3552 κακὰ
2566 3499 2885 3570 τηλικαῦτα.
2911 3524 2929 3555 ι
2964 3506 3198 3561 Τοιαῦτα
3233 3511 3333 3580 τῆς
3373 3511 3465 3564 Ίοι
3481 3513 3642 3569 Ὶαίων
3667 3515 3748 3576 είς

2166 3588 2255 3641 τὸν
2282 3590 2514 3660 Χριστὸν
2541 3591 2638 3644 τοῦ
2668 3592 2802 3648 Θεοῦ
2833 3598 3172 3668 παρανομίας
3203 3617 3263 3652 τε
3302 3603 3395 3655 καὶ
3427 3603 3456 3656 δ
3477 3603 3750 3668 δσσεϐείας

2167 3680 2479 3753 τάπίχειρα.

487 3773 724 3830 habebat
750 3793 763 3828 :
790 3772 1128 3829 lufortunate
1165 3789 1322 3844 puer,
1348 3775 1563 3844 inquit,
1595 3775 1735 3828 inter
1766 3783 1841 3827 tot
1882 3771 2001 3827 belli
2031 3811 2048 3838 ,
2083 3772 2261 3836 famis,
2321 3790 2382 3829 ac
2441 3775 2725 3832 seditionis
2754 3777 2914 3844 mala,
2975 3780 3061 3833 cui
3094 3790 3145 3836 te
3180 3797 3390 3837 servem
3414 3784 3434 3837 i
3456 3784 3610 3853 Apud
3636 3783 3748 3838 Ro-

486 3880 678 3920 manos
715 3866 975 3935 quidem,
1010 3868 1224 3923 tametsi
1277 3867 1456 3921 vivere
1515 3866 1690 3930 detur,
1741 3864 1978 3920 servitus
2035 3879 2132 3918 nos
2189 3875 2388 3919 manet.
2424 3866 2530 3920 Sed
2579 3883 2721 3923 nunc
2769 3872 3082 3924 servitutem
3133 3874 3303 3942 ipsam
3355 3877 3614 3944 praevenit
3665 3875 3751 3930 fa-

485 3972 604 4013 mes
645 3975 658 4011 :
699 3957 910 4014 factiosi
959 3971 1090 4013 vero
1133 3969 1359 4028 utraque
1415 3958 1722 4014 calamitate
1769 3955 2078 4012 acerbiores
2129 3965 2274 4011 sunt.
2326 3957 2556 4013 Proinde
2611 3970 2728 4015 esto
2780 3961 2907 4015 mihi
2959 3963 3177 4031 quidem
3220 3963 3430 4030 cibus,
3499 3967 3746 4024 factiosis

484 4063 618 4104 vero
662 4048 840 4116 furia,
876 4049 1187 4102 hominibus
1219 4058 1396 4102 autem
1462 4046 1640 4100 fabula
1668 4085 1685 4110 ,
1739 4046 1880 4114 quod
1938 4045 2112 4100 solum
2158 4045 2331 4099 adhuc
2380 4047 2532 4101 deest
2576 4047 2820 4103 cladibus
2859 4047 3190 4104 Judzeorum.
3242 4049 3365 4106 llaec
3403 4051 3632 4120 dicens,
3673 4057 3742 4109 fi-

484 4144 616 4201 lium
646 4144 874 4213 jugulat.
907 4141 1134 4197 Coctum
1159 4142 1350 4196 deinde
1399 4141 1514 4208 ipsa
1571 4138 1785 4207 quidem
1840 4137 2118 4194 dimidiam
2162 4149 2368 4206 partem
2413 4141 2650 4194 comedit
2680 4158 2692 4195 :
2728 4142 2870 4210 quod
2905 4139 3166 4210 reliquum
3195 4152 3332 4209 erat,
3361 4157 3607 4215 opertum
3662 4147 3748 4204 in-

487 4237 648 4294 terim
707 4235 986 4292 servabat.
1028 4235 1164 4290 Cum
1214 4247 1342 4289 ecce
1393 4241 1616 4303 repente
1669 4233 2061 4302 superveniunt
2111 4234 2394 4300 seditiosi,
2429 4242 2484 4289 et
2518 4233 2935 4289 sceleratissimo
2993 4236 3182 4290 nidore
3238 4237 3458 4292 naribus
3523 4241 3739 4308 hausto,

489 4338 722 4385 mortem
762 4327 979 4383 mulieri
1011 4329 1198 4384 statim
1233 4329 1531 4392 minantur,
1589 4329 1691 4383 nisi
1733 4328 1927 4408 .cibum
1976 4315 2134 4398 quem
2188 4337 2496 4399 paraverat,
2529 4329 2628 4385 sibi
2671 4329 2971 4384 exhiberet.
3003 4331 3073 4384 At
3101 4329 3212 4397 illa,
3239 4331 3436 4388 bonam
3463 4335 3592 4404 ipsis
3615 4351 3744 4406 par-

558 4488 669 4561 (60)
703 4488 923 4561 Εύρεῖκ
949 4488 1161 4561 σιτίον-
1199 4488 1436 4561 ἄλλοις.
1471 4487 1656 4561 Iduest
1694 4487 2056 4561 praedonibus,

2166 4487 2296 4541 Dido
2321 4487 2430 4561 ait:

485 4558 594 4614 non
613 4560 736 4614 sibi.
770 4559 950 4627 Itaque
980 4574 1080 4612 non
1114 4559 1289 4628 placet
1320 4559 1478 4612 lectio
1501 4558 1588 4610 illa
1615 4573 1731 4628 qua;
1761 4558 1824 4610 ad
1850 4559 2051 4626 margi-

488 4644 614 4684 nem
665 4625 917 4684 editionis
949 4625 1280 4685 Geneveusis
1329 4628 1616 4681 ascribitur
1651 4625 1845 4692 ἄλλως,
1891 4625 2052 4696 quam

487 4699 725 4752 Savilius
759 4714 969 4768 quoque
1016 4699 1083 4752 ad
1123 4697 1533 4768 oramlibri_sui
1573 4696 2054 4768 apposuit.._l’orro

487 4769 702 4822 codices
732 4765 900 4844 nostri
925 4769 1117 4844 ΔΜυι.ι
1141 4767 1276 4844 ﬂed.
1307 4765 1546 4844 affuit.
1571 4765 1816 4844 voculatn
1860 4765 1945 4817 hic
1973 4767 2054 4844 in-

489 4846 758 4908 _lCI‘_S€l‘lllli.
795 4837 975 4908 εὑρεῖν
1006 4855 1060 4888 τι
1098 4835 1281 4908 σιτίον
1319 4836 1496 4899 ἄλλοις
1531 4835 1745 4897 ἐκοπία,
1791 4839 2054 4901 quomodo

486 4904 683 4974 legitur
720 4904 882 4958 etiam
919 4909 1060 4974 apud
1101 4907 1488 4974 Nicephorum.

557 4970 666 5055 (6i)
699 4970 986 5055 Ζήσωμεὶ·
1011 4975 1115 5055 ἐπ’·
1141 4970 1365 5055 aii-{or}.
1515 4970 2052 5055 PpU-d'i‘icgltito‘flll‘l‘l

485 5037 703 5109 legitur,
728 5037 887 5109 atque
920 5047 990 5095 ita
1018 5045 1184 5097 codex
1208 5037 1365 5106 ltlazl,
1409 5037 1639 5096 Medfet
1677 5039 1886 5095 Savilti.
1918 5037 2053 5092 Vul-

485 5123 624 5180 gata:
642 5109 859 5178 Josephi
889 5112 1178 5174 editioaes,
1207 5115 1293 5165 ἐπ’
1319 5111 1534 5174 αὐτούς.

555 5181 668 5250 (6‘2)
709 5177 837 5246 Τοῖς
881 5181 1277 5247 στασιασταῖς
1317 5182 1575 5250 ἐριννύς.
1628 5179 1865 5250 Erinnyn
1919 5177 2056 5231 dixit

480 5247 753 5326 .ios‘ephus
805 5266 908 5326 nou
942 5253 1151 5326 eodem
1186 5247 1355 5305 sensu'
1393 5249 1746 5326 quo_Gr:eei,
1777 5250 1865 5316 qui
1923 5251 2052 5326 deas

484 5322 743 5385 quasdam
771 5321 909 5388 apud
941 5321 1143 5374 inferos
1184 5334 1301 5373 esse
1359 5320 1664 5383 credebant,
1708 5333 1828 5386 qum
1857 5320 2048 5372 noxios

484 5389 732 5459 homines
779 5405 841 5444 ac
890 5391 1156 5459 przecipuc
1209 5390 1372 5444 caedis
1415 5404 1535 5442 reos
1573 5396 2046 5459 persequerentur.

487 5460 594 5530 Sed
625 5458 865 5530 Erinnyn
891 5453 1030 5513 dixit
1058 5453 1156 5526 pro
1180 5460 1400 5530 ποινήν.
1437 5453 1764 5512 Credebant
1783 5458 1926 5530 enim
1951 5453 2049 5530 In:

483 5528 602 5590 dzei,
649 5523 872 5598 perin'de
927 5545 989 5583 uc
1017 5523 1214 5590 Giteei,
1255 5523 1477 5581 umbras
1515 5541 1700 5581 eorum
1743 5527 1834 5593 qui
1881 5523 2049 5598 occisi

487 5593 720 5667 fuerant,
766 5600 1015 5667 persequi
1069 5597 1439 5652 interfectores
1473 5612 1620 5658 suos,
1659 5605 1928 5667 ctptenas
1981 5593 2050 5646 ab

486 5666 590 5723 illis
615 5665 1050 5740 exposcereISic
1091 5669 1232 5736 apud
1264 5667 1544 5738 Virgilium
1583 5668 1637 5721 in
1681 5665 2050 5742 Iibroquarto

2341 4556 2596 4610 Omnibus
2622 4557 2804 4610 umbra
2834 4558 2961 4612 locis
2986 4559 3168 4611 adero.

2163 4625 2362 4680 Eodem
2398 4641 2554 4699 sensu
2614 4627 2820 4699 accipio
2869 4629 3028 4680 verba
3093 4627 3178 4699 illa
3211 4643 3330 4699 quae
3379 4629 3628 4699 leguntur
3679 4632 3734 4688 in

2161 4711 2280 4763 cap.
2319 4710 2369 4747 tv
2394 4693 2743 4765 Genescoszi
2768 4695 2878 4749 νοτ
2915 4698 3186 4765 sanguinis
3217 4698 3404 4765 fratris
3430 4693 3514 4754 iui
3541 4702 3738 4755 clamat

2163 4766 2342 4839 affine
2367 4764 2430 4816 de
2453 4775 2611 4839 terra.
2637 4765 2834 4839 Idest:
2868 4764 3059 4839 Frater
3091 4764 3225 4820 tuus
3249 4783 3419 4839 quem
3443 4771 3604 4839 impie
3637 4787 3736 4825 oc-

2160 4834 2362 4895 cidisti,
2388 4835 2620 4906 postulat
2639 4835 2851 4887 utillum
2873 4836 3121 4906 ulciscar,
3137 4837 3372 4906 etetedis
3390 4834 3735 4906 illiuspmnas

2156 4913 2268 4976 ate
2301 4906 2532 4971 exigam.
2583 4904 2841 4976 Sequitur
2884 4903 3121 4976 deinde:
3171 4903 3344 4976 Vagus
3385 4917 3435 4959 et
3479 4903 3733 4976 profugus

2154 4973 2269 5046 eris
2296 4989 2465 5046 super
2483 4982 2700 5024 terram.
2739 4973 2792 5024 ιιι
2849 4982 2952 5036 est,
2987 4975 3171 5046 umbra
3208 4974 3391 5028 fratris
3451 4977 3545 5046 tui
3571 4973 3732 5046 quem

2153 5041 2420 5162 (ficcidisti,
2475 5051 2840 5110 persequetur
2907 5051 2956 5094 te
3022 5044 3250 5112 ubique,
3303 5055 3358 5097 et
3398 5041 3606 5099 aderit'
3648 5047 3730 5098 iu-

2179 5119 2320 5162 esta.
3336 5126 3346 5134 ’

2179 5119 2320 5164 esta.
3336 5126 3346 5134 ’

2225 5178 2336 5251 (63)
2364 5179 2517 5251 ﬂap’
2558 5177 2718 5244 αὐτῷ
2746 5177 3061 5247 τολμηθὲν.
3098 5179 3151 5231 1η
3203 5179 3508 5251 Νἰεεριιοτο
3541 5181 3734 5251 legitur

2154 5249 2282 5319 παρ’
2316 5248 2501 5312 αὐτοῦ,
2538 5251 2805 5319 quomodo
2836 5251 3059 5319 ltulinus
3102 5259 3156 5302 et
3190 5248 3449 5304 Gelenius
3483 5253 3533 5305 in
3571 5248 3729 5306 Iose-

2157 5317 2278 5391 νιιι)Δ
2313 5319 2559 5371 videntur
2609 5317 2821 5391 legisse.
2860 5317 3012 5391 Ferri
3073 5329 3249 5391 tamen
3297 5323 3730 5391 potest_vulgata

2159 5387 2348 5449 lectio;
2398 5397 2454 5442 ut
2487 5401 2678 5441 sensus
2715 5390 2806 5451 sit,
2839 5388 3078 5456 singulos
3112 5389 3258 5443 cives
3289 5387 3436 5444 tanto
3470 5387 3733 5445 facinoris

2157 5457 2299 5510 illius
2329 5458 2565 5529 horrore
2595 5457 2868 5522 perculsos
2907 5456 3098 5519 fuisse,
3137 5461 3289 5526 quasi
3319 5460 3456 5529 apud
3485 5473 3544 5512 se
3573 5468 3628 5512 et
3675 5461 3729 5514 in

2159 5527 2392 5593 propriis
2443 5524 2647 5579 aedibus
2711 5536 3078 5594 perpetratum
3135 5524 3365 5582 fuissetf
3411 5526 3615 5583 Tamen
3673 5529 3732 5582 in

2157 5595 2330 5668 codic.
2382 5594 2520 5668 Μαι.
2564 5603 2618 5668 et
2677 5594 2815 5648 Med.
2873 5595 3131 5668 scribitur
3195 5597 3325 5668 ταρ’
3385 5596 3552 5652 αὑτοῦ
3603 5600 3730 5652 τολμ-

2160 5663 2347 5735 μηθέν.
2378 5666 2552 5734 Atque
2583 5665 2653 5718 ita
2689 5667 2856 5720 codex
2894 5662 3125 5720 Fukctii.
