4016 6260
246 311 371 368 εὸὖ
1251 313 1595 369 HISTORIA}
1635 313 2187 371 ECCLESIASTICA’J
2229 313 2354 370 LIB.
2395 313 2479 371 HI.
3408 313 3514 382 23$

255 437 377 482 tem
418 438 496 480 .se
550 440 865 484 reservasse
915 431 1286 500 respondens,
1338 432 1596 501 reliquias
1643 431 1738 485 filii
1794 433 1877 486 sui
1940 433 2160 487 detexit.
2224 431 2429 487 Horror
2478 432 2762 491 confestim
2818 445 3110 505 unperque
3146 453 3238 495 eos
3293 440 3510 500 invasit.

262 519 505 576 Stabant
530 521 836 587 spectaculo
865 524 1099 578 attoniti.
1132 524 1270 579 Tum
1309 526 1525 591 mulier,
1552 525 1723 591 Meus,
1757 525 1950 595 inquit,
1991 538 2079 582 est
2104 528 2269 592 filius,
2298 542 2476 581 meum
2529 528 2627 583 hoc
2682 527 2913 585 facinus.
2952 531 3108 586 Edite
3133 546 3249 596 vos,
3298 536 3514 603 quando

272 626 334 669 et
382 616 497 683 ipsa
527 616 758 670 comedi.
805 616 984 673 Nolite
1027 629 1119 674 aut
1170 620 1368 675 femina
1412 620 1711 687 molliores,
1747 630 1839 675 aut
1871 629 2044 675 matre
2076 622 2418 691 benigniores
2466 620 2657 676 videri.
2713 621 2867 687 Quod
2922 623 2968 678 si
3010 622 3244 681 fortasse
3278 625 3511 694 religiosi

265 706 449 767 estis,
479 714 527 758 et
569 705 636 758 ab
679 721 779 761 esu
828 709 1057 763 victima:
1114 726 1247 766 meae
1305 711 1647 778 abhorretis,
1702 726 1801 783 ego
1862 712 2138 767 dimidiam
2182 713 2398 782 quidem
2439 721 2647 783 partem
2684 711 2797 780 jam
2849 716 3194 785 consumpsi,
3249 716 3511 786 reliquum

268 798 495 869 perinde
537 796 665 851 mihi
716 810 954 856 maneat.
1010 801 1138 856 Post
1180 804 1296 858 haec
1341 804 1417 858 illi
1455 815 1749 859 trementes
1806 806 2121 861 abscessere
2148 845 2162 868 ,
2223 808 2291 861 ad
2350 806 2453 860 hoc
2504 821 2669 861 unum
2717 806 2894 875 pavidi
2940 818 3100 878 atque
3140 808 3417 878 imbelles,
3459 823 3514 865 ct

274 890 382 943 hoc
415 903 603 958 genere
629 889 876 945 alimenti
906 906 1049 960 aegre
1122 903 1280 948 matrt
1330 904 1539 949 rettcto.
1596 895 1762 950 Fama
1821 898 2077 952 continuo
2130 899 2265 952 tanti
2335 896 2554 953 sceleris
2593 913 2692 967 per
2736 909 2904 955 totam
2956 901 3226 957 civitatem
3271 903 3511 972 dispersa

273 988 357 1033 est
383 1018 400 1043 ,
434 988 485 1032 et
506 978 735 1047 quisque
767 979 982 1037 facinus
1008 982 1136 1036 illud
1164 993 1295 1039 ante
1336 985 1527 1041 oculos
1563 1001 1867 1056 proponens
1897 1028 1914 1054 ,
1956 998 2210 1057 tanquam
2266 1003 2295 1041 a
2344 988 2522 1058 seipso
2571 999 2939 1057 perpetratum
2988 1001 3132 1047 esset
3158 1031 3175 1058 ,
3232 993 3509 1048 horrebat.

272 1069 483 1124 Exinde
504 1070 682 1123 cuncti
713 1070 856 1126 fame
884 1075 1127 1144 Oppressi
1160 1076 1227 1128 ad
1284 1080 1519 1133 mortem
1576 1081 1722 1132 omni
1768 1079 1947 1135 studio
2000 1081 2435 1145 contendebant,
2500 1089 2557 1157 et
2603 1082 2787 1136 beatos
2841 1081 2963 1135 illos
3021 1084 3354 1150 censebant,
3414 1084 3507 1154 qui

273 1173 553 1230 antequam
600 1171 783 1218 tantas
816 1166 1152 1221 calamitates
1198 1178 1291 1222 aut
1323 1171 1496 1224 oculis
1527 1180 1616 1225 aut
1645 1172 1830 1226 auditu
1865 1174 2243 1243 accepissent,
2275 1174 2387 1227 fato
2418 1174 2631 1243 abrepti
2682 1175 2916 1229 fuerant.
2968 1176 3135 1245 Igitur
3195 1177 3506 1237 JudteOrum

271 1257 450 1312 scelus
499 1267 659 1326 atque
718 1259 1052 1329 impietatem
1110 1264 1365 1319 adversus
1392 1263 1559 1319 Deum
1614 1264 1797 1321 Jesum
1832 1266 2120 1324 Christum
2154 1267 2464 1337 huiusmodi
2488 1267 2619 1321 ultio
2646 1276 2937 1321 consecuta
2966 1276 3072 1322 est.

792 1351 1189 1407 ΚΕΦΑΛΑΙΟΝ
1227 1358 1304 1409 Z'.

268 1440 407 1506 Περὶ
428 1437 537 1492 τῶν
553 1440 931 1509 τοῦξΧριο-τοῦ
945 1444 1331 1514 προρῤήσεων
1344 1448 1479 1517 (Nic.
1501 1449 1551 1502 Η
1558 1448 1631 1504 ,Ε
1636 1495 1648 1506 .
1666 1453 1837 1523 ιιι,4).

338 1554 658 1625 Παραθείναι
703 1555 748 1607 δ’
774 1556 956 1620 αὐτοῖς
996 1557 1170 1624 ἄξιον,
1197 1560 1295 1632 τὴν
1327 1562 1529 1635 ἀψευδῆ
1578 1565 1671 1617 τοῦ
1717 1567 1827 1619 Σωδ

265 1645 425 1719 τῆρος
453 1646 606 1715 ἡμῶν
646 1648 974 1719 πρόρρησιν,
1003 1650 1068 1704 δι’
1092 1648 1161 1724 ἧς
1191 1654 1327 1707 αὐτά
1359 1656 1527 1709 ταῦτα
1559 1657 1708 1728 δηλοῖ
1736 1652 1835 1712 ὧδέ

269 1754 381 1799 πως
413 1734 796 1808 προφητεύων·
840 1759 858 1792 ι
893 1743 1027 1795 Οὐαὶ
1072 1744 1128 1797 δὲ
1180 1748 1300 1808 ταῖς
1344 1746 1401 1799 ἐν
1434 1749 1632 1820 γαστρὶ
1681 1751 1837 1820 ἐχού-

270 1847 384 1892 σαις
414 1831 503 1883 καὶ
531 1834 651 1895 ταῖς
679 1832 1038 1900 θηλαζούσαις
1074 1839 1130 1889 ὲν
1158 1837 1392 1903 ἐκείναις
1422 1842 1541 1902 ταῖς
1566 1842 1798 1914 ἡμέραις
1818 1860 1831 1872 ³

266 1924 624 1994 προσεύχεσθε
655 1927 732 1989 δὲ,
765 1928 849 1981 ἵνα
882 1929 958 1999 μὴ
1015 1930 1232 2001 γένηται
1272 1931 1427 2003 ὑμῶν
1468 1936 1501 2005 ἡ
1544 1937 1686 2007 φυγὴ
1725 1956 1836 2008 χει-

262 2017 460 2086 μῶνος,
519 2019 652 2089 μηδὲ
726 2022 997 2092 σαϐϐάτῳ.
1066 2024 1257 2077 Ἔσται
1312 2025 1419 2097 γὰρ
1473 2028 1593 2081 τότε
1660 2030 1836 2101 θλίψις

256 2104 487 2175 μεγάλη,
529 2108 615 2160 οἵα
647 2109 747 2162 οὐκ
781 2110 994 2181 ἐγένετο
1025 2113 1118 2164 ἀπ’
1152 2114 1327 2184 ἀρχῆς
1368 2116 1570 2187 κόσμου
1603 2118 1708 2184 ἓως
1740 2119 1831 2174 τοῦ

254 2197 365 2259 νῖν,
409 2199 532 2251 οὐδὲ
586 2201 659 2271 μὴ
706 2202 944 2272 γένηται.
974 2222 992 2254 ι
1051 2204 1375 2274 Συναγαγὼν
1417 2208 1473 2260 δὲ
1527 2211 1702 2265 πάντα
1744 2212 1833 2265 τὸν

249 2287 355 2340 τῶν
388 2290 747 2362 ἀνῃρημένων
798 2295 1026 2367 ἀριθμὸν
1065 2301 1092 2353 ὁ
1127 2303 1501 2371 συγγραφεὺς,
1547 2302 1688 2373 λιμῷ
1741 2306 1833 2357 καὶ

249 2376 393 2447 ξίφει
445 2383 713 2454 μυριάδας
748 2386 941 2440 ἑκατὸν
970 2390 1063 2442 καὶ
1090 2391 1219 2444 δέκα
1258 2393 1618 2464 διαφθαρῆναί
1668 2412 1828 2465 φησι,

246 2473 373 2536 τοὺς
408 2473 466 2525 δὲ
494 2474 712 2539 λοιποὺς
752 2478 1066 2544 στασιώδεις
1096 2483 1190 2535 καὶ
1229 2482 1570 2555 λῃστρικοὺς,
1603 2486 1707 2539 ὑπὸ
1738 2488 1830 2539 ἀλ-

249 2565 426 2634 λήλων
465 2566 603 2635 μετά
634 2569 733 2640 τὴν
766 2558 967 2625 ἅλωσιν
999 2574 1458 2646 ἐνδεικνυμένους,
1500 2579 1826 2651 ἀνῃρῆσθαι,

250 2656 359 2708 τῶν
401 2656 459 2709 δὲ
500 2657 638 2711 νέων
670 2660 794 2723 τοὺς
827 2661 1192 2732 ὑψηλοτάτους
1229 2666 1323 2719 καὶ
1368 2666 1551 2721 κάλλει
1581 2668 1827 2738 σώματος

252 2745 625 2815 διαφέροντας,
678 2751 1004 2821 τετηρῆσθαι
1058 2753 1338 2827 θριάμϐῳ,
1393 2756 1486 2809 τοῦ
1533 2758 1587 2811 δὲ
1640 2758 1824 2813 λοιποῦ

255 2838 521 2908 πλήθους,
569 2841 695 2904 τοὺς
742 2843 879 2915 ὑπὲρ
924 2844 1290 2902 ἑπτακαίδεκα
1323 2849 1439 2920 ἔτη,
1469 2851 1721 2922 δεσμίους
1749 2855 1827 2917 εἰς

255 2930 322 2982 τὰ
354 2934 472 2983 κατ’
497 2932 773 3000 Αἴγυπτον
806 2935 943 3005 ἔργα
990 2940 1478 3011 παραπεμφθῆναι,
1513 2942 1729 3005 πλείους
1770 2943 1825 2995 δὲ

258 3024 332 3085 εἰς
364 3024 456 3086 τὰς
516 3026 783 3095 ἐπαρχίας
829 3027 1240 3101 διανενεμῆσθαι
1282 3031 1720 3103 φθαρησομένους
1769 3038 1825 3088 ἐν

258 3118 359 3179 τοῖς
416 3117 668 3188 θεάτροις
724 3120 923 3191 σιδήρῳ
970 3123 1064 3176 καὶ
1112 3122 1351 3195 θηρίοις,
1398 3126 1525 3189 τοὺς
1587 3126 1631 3179 δ’
1678 3127 1825 3189 ἐντὸς

259 3208 619 3263 ἑπτακαίδεκα
670 3210 826 3273 ἐτῶν,
877 3211 1255 3284 αἰχμαλώτους
1318 3216 1583 3287 ἀχθέντας
1637 3219 1823 3271 διαπε-

259 3301 518 3370 πρὶσθαι,
565 3303 768 3380 τούτων
818 3305 873 3357 δὲ
909 3305 1084 3375 μόνων
1132 3304 1223 3360 τὸν
1269 3308 1518 3380 ἀριθμὸν,
1561 3311 1639 3374 εἰς
1672 3311 1822 3365 ἐννέα

261 3392 517 3461 μυριάδας
557 3378 665 3464 ((54)
709 3395 915 3465 ἀνδρῶν
949 3378 1509 3469 συναχθῆναιίΤαῦτα
1538 3401 1593 3453 δὲ
1636 3403 1821 3456 τοῦτον

261 3480 494 3551 ἐπράχθη
553 3483 644 3535 τὸν
692 3486 911 3555 τρόπον,
970 3488 1205 3559 δευτέρῳ
1261 3490 1361 3560 τῆς
1413 3492 1820 3547 Οὐεσπασιανοῦ

261 3570 523 3639 βασιλείας
567 3574 697 3639 ἔτει,
744 3576 1051 3642 ἀκολούθως
1085 3581 1204 3643 ταῖς
1242 3586 1676 3652 προγεθωστικαῖς
1726 3584 1818 3636 τοῦ

259 3666 446 3738 Κυρίου
478 3670 572 3722 καὶ
603 3671 855 3742 Σωτῆρος
882 3672 1039 3745 ἡμῶν
1080 3675 1252 3745 Ἰησοῦ
1299 3677 1533 3747 Χριστοῦ
1575 3680 1818 3750 προρρή-

258 3774 409 3824 σεσιν,
458 3761 579 3831 θεία
622 3762 848 3833 δυνάμει
888 3764 1076 3837 ὥσπερ
1123 3766 1222 3837 ἤδη
1271 3768 1511 3839 παρόντα
1540 3788 1818 3841 προεωρα-

258 3852 395 3915 κότος
431 3853 591 3915 αὐτὰ,
630 3854 1088 3926 ὲπιδακρύσαντός
1119 3876 1177 3910 τε
1212 3858 1304 3912 καὶ
1334 3860 1815 3931 ἀποκλαυσαμένου

256 3944 381 3996 κατά
416 3945 516 4015 τὴν
562 3945 670 3999 τῶν
710 3948 867 4017 ἱερῶν
916 3949 1311 4017 εὖαγγελιστῶν
1345 3952 1382 4002 Γ
1390 3953 1586 4022 ραςρὴν,
1626 3952 1673 4005 οἳ
1722 3942 1815 4006 καὶ

1861 1367 1911 1423 Α

2544 1356 2774 1417 CAPUT
2811 1360 2914 1414 νυ.

2350 1444 2427 1507 De
2449 1454 2871 1523 prwdictionibua
2898 1452 3114 1508 Christi.

2014 1562 2200 1635 Operm
2239 1564 2473 1633 pretium
2521 1574 2697 1619 autem
2736 1564 2898 1620 fuerit
2944 1567 3031 1621 bis
3070 1567 3359 1639 adiungere
3386 1582 3505 1626 cer-

1941 1655 2211 1711 tissimum
2238 1655 2548 1711 Servatoris
2578 1656 2746 1711 nostri
2776 1658 3078 1725 oraculum,
3108 1675 3212 1727 quo
3239 1659 3353 1717 hac
3386 1663 3501 1732 ipsa

1941 1749 2264 1817 praedixerat
2297 1749 2381 1801 his
2410 1750 2587 1803 verbis
2625 1766 2638 1801 :
2676 1768 2693 1800 ι
2740 1748 2826 1804 Va:
2881 1752 3284 1821 prmgnantibus
3318 1765 3372 1807 et
3403 1772 3503 1809 nu-

1942 1839 2167 1893 tricibus
2213 1838 2267 1892 in
2318 1839 2426 1892 illis
2470 1839 2680 1893 diebus.
2715 1841 2875 1895 Orate
2918 1852 3099 1896 autem
3131 1858 3199 1897 ne
3234 1843 3357 1914 fuga
3392 1838 3497 1915 81

1940 1941 2117 1986 vestra
2150 1932 2425 2003 contingat
2451 1932 2628 1987 hieme
2655 1934 2737 1988 vel
2766 1934 3025 1990 Sahbato.
3059 1936 3173 1992 Erit
3207 1940 3349 1993 enim
3375 1951 3505 1993 tunc

1937 2022 2197 2091 temporis
2224 2022 2503 2077 calamitas
2536 2038 2730 2091 magna
2756 2062 2771 2086 ,
2806 2024 3108 2092 cujusmodi
3140 2026 3375 2080 nondum
3402 2025 3503 2080 fuit

1937 2113 2006 2167 ab
2042 2112 2195 2167 initio
2244 2113 2428 2168 mundi
2458 2152 2474 2179 ,
2513 2128 2609 2167 nec
2657 2115 2882 2183 posthac
2908 2116 3032 2169 erit.
3088 2136 3107 2169 ι
3155 2115 3329 2173 Porro
3360 2119 3499 2172 idem

1936 2204 2028 2258 ille
2076 2203 2317 2258 historia:
2350 2204 2584 2270 scriptor
2630 2204 2945 2259 universum
2991 2222 3275 2262 numerum
3307 2224 3498 2264 eorum

1935 2294 2026 2361 qui
2060 2292 2139 2346 vel
2174 2292 2352 2361 gladio
2395 2292 2477 2345 vel
2515 2292 2657 2345 fame
2678 2293 2988 2362 perierunt,
3022 2295 3178 2349 simul
3214 2290 3498 2367 colligens,

1934 2386 2191 2440 undecies
2218 2395 2441 2439 centena
2478 2385 2754 2441 hominum
2792 2385 2960 2440 millia
3004 2387 3228 2454 periisse
3264 2390 3496 2444 seribit:

1937 2476 2234 2532 seditiosos
2274 2492 2404 2531 vero
2430 2484 2480 2530 et
2513 2478 2792 2544 prtedoues
2831 2478 2922 2546 qui
2956 2479 3355 2547 superfuerant,
3378 2494 3499 2548 post

1930 2575 2083 2628 urbis
2106 2574 2376 2629 excidium
2408 2581 2592 2626 mutuo
2623 2568 2819 2626 indicio
2848 2570 3154 2633 damnatos,
3187 2582 3376 2640 poenas
3401 2572 3498 2626 ded

1931 2668 2075 2721 disse
2105 2684 2117 2720 :
2148 2678 2200 2722 et
2224 2682 2289 2719 ex
2336 2664 2621 2733 iuventute
2654 2664 2869 2731 quidem
2897 2677 3010 2727 eos,
3041 2664 3133 2731 qui
3165 2665 3496 2732 proceritate

1859 2752 1899 2805 Β
1927 2759 2174 2828 corporis
2200 2767 2255 2811 et
2278 2756 2451 2810 forma
2484 2756 2698 2811 caeteris
2727 2764 3069 2824 praestarent,
3104 2755 3171 2809 ad
3201 2762 3494 2809 ornamen-

1930 2857 2040 2901 tum
2080 2847 2336 2916 triumphi
2379 2835 2726 2903 reservatos:
2759 2861 2826 2900 ex
2857 2846 3065 2914 reliqua
3119 2855 3301 2900 autem
3357 2847 3494 2898 mul—

1930 2938 2158 2993 titudine
2187 2954 2300 3006 eos,
2338 2939 2427 3007 qui
2457 2939 2742 3007 septimum
2784 2939 3058 2992 decimum
3085 2936 3260 2991 aetatis
3292 2952 3492 2990 annum

1928 3038 2300 3091 excesserant,
2336 3028 2546 3084 vinCtos
2570 3027 2634 3081 ad
2666 3027 2883 3081 metalla
2912 3027 3212 3081 exercenda
3254 3027 3305 3081 in
3328 3025 3496 3098 Egye

1928 3128 2078 3190 ptum
2116 3124 2409 3190 perductos
2437 3134 2559 3176 esse
2606 3139 2620 3175 :
2670 3121 2937 3191 plurimos
2967 3126 3097 3175 vero
3131 3136 3228 3191 per
3274 3122 3493 3190 provin-

1927 3214 2039 3267 cias
2088 3215 2447 3279 distributos,
2496 3216 2586 3283 qui
2641 3215 2692 3267 in
2742 3214 2978 3283 publicis
3027 3215 3349 3283 spectaculis
3398 3226 3492 3268 aut

1928 3304 2081 3360 ferro
2109 3316 2201 3361 aut
2229 3306 2418 3361 bestiis
2445 3315 2893 3361 consumerentur
2928 3308 2941 3358 ἑ
2980 3306 3289 3373 quicunque
3311 3316 3487 3359 autem

1926 3398 2165 3453 minores
2209 3407 2391 3453 essent
2423 3398 2577 3451 anuis
2620 3397 3004 3466 septemdecim
3030 3435 3047 3460 ,
3080 3410 3174 3451 eos
3222 3398 3273 3451 in
3320 3399 3491 3452 servi-

1925 3498 2091 3543 tutem
2127 3490 2389 3543 abductos
2423 3487 2523 3542 sub
2550 3502 2750 3542 corona
2798 3488 3049 3542 veniisse.
3095 3486 3334 3553 Quorum
3368 3488 3491 3555 qui-

1923 3582 2039 3635 dem
2073 3595 2356 3633 numerum
2388 3581 2451 3633 ad
2483 3578 2773 3647 nonaginta
2802 3592 2973 3647 usque
3009 3579 3289 3632 hominum
3316 3579 3485 3632 milia

1922 3673 2231 3741 pervenisse
2271 3671 2524 3725 atlirmat.
2568 3671 2631 3725 Et
2661 3671 2774 3725 haec
2803 3671 3019 3738 quidem
3061 3685 3201 3725 anno
3246 3672 3487 3725 secundo

1919 3764 2256 3834 principatus
2286 3761 2604 3831 Ve5pasiani
2637 3762 2858 3829 Augusti
2887 3761 2955 3813 ad
2983 3761 3125 3815 hunc
3153 3764 3371 3815 modum
3401 3780 3487 3829 ge-

1919 3866 2001 3910 sta
2036 3865 2200 3919 sunt,
2226 3853 2379 3922 juxta
2423 3852 2736 3906 Servatoris
2788 3853 2962 3906 nostri
3003 3853 3349 3906 vaticinium.
3380 3856 3481 3919 Qui

1919 3946 2098 4001 divina
2132 3946 2388 4015 praeditus
2411 3944 2630 4006 virtute,
2658 3957 2721 3997 ea
2757 3958 2874 4011 quae
2910 3951 3129 3996 ventura
3162 3954 3337 4006 erant,
3363 3954 3484 3999 tan-

254 4034 408 4097 αὖτας
440 4035 603 4089 αὐτοῦ
646 4037 1059 4107 παρατέθεινται
1089 4040 1187 4104 τὰς
1214 4040 1403 4107 λέξεις,
1428 4044 1549 4097 τοτὲ
1584 4044 1681 4114 μὲν
1714 4047 1815 4116 φή-

258 4141 428 4148 --η-Α-
465 4125 535 4148 -'._
579 4128 668 4148 __\
699 4146 711 4148 _
752 4128 875 4148 --Ανμικ
981 4130 991 4146 1
1073 4128 1107 4148 οι
1310 4132 1327 4148 κ
1354 4134 1364 4148 ο
1540 4136 1595 4148 ηε
1646 4134 1667 4148 ιο

1920 4054 2080 4107 quam
2112 4035 2399 4106 prmscntia
2429 4034 2598 4088 multo
2624 4043 2749 4087 aute
2779 4033 3104 4103 praeviderat
3131 4053 3146 4090 :
3179 4045 3234 4091 et
3268 4036 3482 4109 illacry-

1921 4142 2091 4148 _------
2130 4127 2299 4148 l'.-_A-
2339 4135 2494 4148 -.ι-η..
2531 4126 2860 4148 :..._-...---_--
2941 4134 2992 4148 --ι
3031 4126 3472 4148 -----.--18---μ--ημ

254 4141 428 4188 σαντος
461 4125 535 4189 ὡς
575 4128 712 4197 πρὸς
745 4128 910 4199 αὐτὴν
941 4130 1038 4201 τὴν
1073 4128 1453 4204 Ἰερουσαλήμ·
1490 4151 1508 4183 ‹
1535 4136 1597 4187 Εἰ
1644 4134 1813 4205 ἔγνως

253 4218 337 4270 καί
364 4235 425 4285 γε
454 4220 516 4271 σὺ
550 4220 606 4271 ἐν
640 4222 703 4290 τῇ
747 4220 930 4292 ἡμέρα
970 4222 1138 4293 ταύτῃ
1169 4224 1237 4276 τὰ
1271 4224 1404 4297 πρὸς
1433 4227 1653 4298 εἰρήνην
1692 4245 1810 4280 σοι·

251 4308 338 4361 νῦν
364 4308 417 4360 δὲ
451 4310 655 4381 ἐκρύϐη
686 4311 794 4362 ἀπὸ
819 4311 1109 4383 ὀφθαλμῶν
1142 4333 1256 4372 σου.
1282 4318 1402 4368 Ὅτι
1432 4316 1651 4386 ἥξουσιν
1680 4318 1812 4389 ὴμέ-

254 4418 336 4472 ραι
372 4399 460 4452 ἐπὶ
495 4402 575 4464 σὲ,
606 4404 696 4454 καὶ
738 4404 1086 4475 περιϐαλοῦσι
1124 4424 1202 4459 σοι
1247 4408 1294 4460 οἱ
1339 4408 1523 4480 ἐχθροί
1568 4427 1660 4463 σου
1708 4412 1805 4481 χά-

253 4510 415 4563 ρακα,
457 4493 552 4545 καὶ¹
608 4495 1072 4566 περικυκλώσουσί
1134 4516 1213 4563 σε,
1264 4500 1358 4553 καὶ
1413 4501 1691 4568 συνέξουσί
1748 4520 1806 4555 σε

252 4583 520 4647 πάντοθεν,
568 4585 659 4637 καὶ
710 4586 986 4655 ὲδαφιοῦσί
1036 4606 1093 4641 σε
1137 4590 1228 4642 καὶ
1279 4590 1347 4644 τὰ
1396 4592 1560 4645 τέκνα
1624 4610 1744 4646 σου·
1784 4614 1800 4643 ›

250 4672 359 4724 τοτὲ
384 4672 459 4735 δὲ,
485 4671 562 4736 ὡς
590 4674 715 4744 περὶ
738 4673 831 4726 τοῦ
866 4673 1021 4727 λαοῦ*
1058 4696 1075 4727 (
1104 4678 1293 4730 Ἔσται
1324 4678 1431 4750 γὰρ
1461 4679 1671 4749 ἀνάγκη
1712 4696 1807 4749 με-

251 4764 375 4835 γάλη
408 4764 497 4816 ἐπὶ
545 4763 644 4834 τῆς
693 4768 826 4836 γῆς,
875 4766 966 4821 καὶ
1020 4768 1265 4839 ὀργὴτῷ
1301 4767 1415 4840 λαῷ
1462 4769 1655 4839 τούτῳ.
1694 4771 1803 4823 Καὶ

252 4854 523 4907 πεσοῦνται
554 4858 610 4910 ἐν
646 4858 868 4928 στόματι
911 4859 1182 4929 μαχαίρας
1232 4861 1324 4913 καὶ
1367 4861 1804 4931 αἰχμαλωτισθή-

254 4962 413 4999 σονται
449 4949 528 5010 εἰς
578 4948 752 5002 πάντα
797 4950 865 5002 τὰ
906 4950 1031 5021 ἕθνη
1059 4968 1071 4981 ·
1116 4952 1210 5004 καὶ
1249 4951 1598 5021 Ἰερουσαλὴμ
1648 4952 1799 5005 ἔσται

252 5039 542 5110 πατουμένη
585 5039 689 5093 ὑπὸ
732 5040 918 5105 ἐθνῶν,
949 5042 1106 5115 ἄχρις
1141 5038 1200 5096 οὗ
1239 5044 1564 5114 πληρωθῶσι
1618 5046 1796 5116 καιροὶ

253 5127 454 5181 ἐθνῶν.)
496 5130 607 5181 Καὶ
656 5129 847 5183 πάλιν⁸
888 5150 905 5181 ‹
939 5132 1103 5185 Ὅταν
1133 5133 1187 5185 δὲ
1236 5134 1380 5202 ἴδητε
1425 5133 1795 5204 κυκλουμένην

254 5218 344 5271 ὑπὸ
381 5220 753 5292 στρατοπέδων
785 5222 882 5291 τὴν
922 5222 1289 5295 Ἰερουσαλὴμ,
1321 5226 1437 5277 τότε
1486 5225 1677 5293 γνῶτε,
1715 5226 1796 5277 ὅτι

1918 4142 2094 4184 matus
2130 4127 2304 4183 fuerat
2337 4135 2497 4195 atque
2531 4126 2900 4195 ingemuerat,
2941 4134 2997 4179 ut
3026 4126 3479 4197 evangelistaruut

1916 4221 2114 4290 scripta
2150 4229 2435 4273 testantur.
2472 4215 2535 4270 lli
2562 4218 2705 4271 enim
2754 4218 2869 4285 ipsa
2900 4231 3113 4286 quoque
3144 4217 3288 4273 illius
3316 4219 3480 4273 verba

1916 4313 2257 4378 retulerunt,
2291 4310 2487 4379 quibus
2523 4309 2685 4363 modo
2716 4308 2991 4363 civitatem
3040 4308 3209 4378 ipsam
3238 4311 3480 4379 compel-

1913 4406 2070 4471 lans,
2104 4403 2283 4459 aiebat
2307 4403 2350 4434 ³⁰
2388 4425 2399 4455 ;
2432 4419 2449 4451 ι
2491 4400 2549 4455 Si
2592 4401 2937 4469 cognovisset;
2979 4410 3033 4453 et
3082 4411 3136 4453 tu
3166 4402 3218 4455 in
3250 4404 3335 4457 die
3386 4405 3480 4458 illo

1913 4513 2034 4567 quae
2083 4498 2148 4551 ad
2180 4510 2372 4565 pacem
2408 4504 2553 4548 tuam
2588 4493 2914 4548 conducunt.
2942 4491 3091 4547 Nunc
3122 4502 3305 4548 autem
3336 4496 3476 4549 abs-
3560 4570 3563 4573 ἢ

1908 4587 2123 4641 condita
2173 4595 2300 4639 sunt
2347 4584 2414 4638 ab
2447 4582 2619 4638 oculis
2664 4583 2771 4637 tuis
2802 4601 2814 4636 :
2845 4582 2971 4648 quia
2990 4583 3211 4637 venient
3242 4584 3358 4640 dies
3387 4602 3479 4638 su-

1906 4690 2004 4743 per
2037 4686 2108 4739 te,
2144 4684 2198 4729 et
2231 4674 2652 4729 circumdabant
2680 4682 2732 4726 te
2762 4672 2964 4727 inimici
3000 4673 3072 4727 tui
3095 4674 3259 4739 vallo,
3290 4686 3344 4731 et
3368 4678 3477 4731 cin-

1906 4774 2032 4834 gent
2064 4774 2113 4819 te
2149 4766 2383 4834 undique
2408 4804 2422 4828 ,
2468 4773 2523 4819 et
2554 4764 2940 4832 expugnabunt
2975 4772 3029 4820 te
3051 4803 3065 4829 ,
3096 4773 3150 4820 et
3175 4766 3296 4821 solo
3329 4768 3473 4822 πιότεά

1908 4859 2150 4924 qualutnt
2175 4897 2189 4921 ,
2227 4867 2284 4911 et
2329 4856 2468 4910 ﬁlios
2518 4865 2639 4910 tuos
2672 4855 2898 4918 elident;
2934 4873 2953 4906 ι
2988 4857 3150 4911 modo
3178 4858 3244 4912 de
3276 4860 3473 4929 pepqu

1908 4946 2024 5016 ipso
2073 4946 2251 5000 aiebat
2285 4965 2297 5000 :
2335 4964 2352 4997 ι
2391 4947 2511 4999 Erit
2550 4944 2693 5000 enim
2739 4943 2918 4999 clades
2946 4962 3138 5017 magna
3172 4958 3226 5002 et
3256 4950 3337 5003 ira
3376 4950 3466 5005 Dei

1903 5040 2160 5093 adversus
2210 5039 2353 5091 hunc
2388 5038 2679 5106 populum;
2715 5046 2769 5092 et
2799 5038 2992 5092 cadent
3045 5038 3097 5092 in
3132 5054 3227 5094 ore
3257 5042 3416 5110 gladii
3448 5079 3467 5109 ,

1904 5141 1956 5184 et
1981 5133 2175 5199 captivi
2207 5132 2471 5186 ducentur
2504 5131 2557 5184 in
2583 5146 2772 5185 omnes
2800 5141 3007 5201 gentes;
3058 5131 3121 5185 Et
3170 5131 3467 5190 Jerusalem

1906 5223 2203 5277 calcabitur
2245 5239 2271 5276 a
2325 5222 2572 5292 gentibus
2598 5267 2611 5291 ,
2645 5224 2814 5277 donec
2858 5222 3182 5291 impleantur
3226 5234 3466 5297 tempora
3550 5270 3557 5282 .

252 5310 449 5379 ἤγγικεν
480 5313 512 5381 ἠ
553 5313 835 5383 ἐρήμωσις
866 5312 1054 5383 αὐτῆς.
1084 5334 1100 5365 ι
1134 5315 1436 5388 Συγκρίνας
1470 5315 1527 5369 δέ
1571 5333 1655 5380 τις
1701 5315 1797 5378 τὰς

1920 5316 2165 5384 gentium.
2203 5333 2222 5366 ›
2254 5313 2321 5367 Ει
2356 5329 2582 5370 rursus:
2636 5333 2652 5366 ι
2699 5316 2831 5371 Cum
2864 5326 3041 5372 autem
3068 5316 3311 5372 videritis
3355 5320 3467 5373 Cir-

310 5424 349 5456 '°
369 5424 493 5480 Luc.
524 5441 640 5479 xix.

310 5537 403 5611 (64)
427 5542 528 5604 Εἰς
549 5538 736 5611 ἐιςνέα
760 5537 1069 5606 μυριάδας.
1091 5536 1467 5611 ίῐῐιιΙΙιιοὶηοιιιν
1494 5538 1777 5611 Eusebius.

251 5604 401 5679 Neque
427 5614 566 5665 enim
601 5604 870 5675 Iosephus
912 5612 1011 5661 hoc
1052 5610 1331 5679 dictt,rsed
1375 5620 1583 5663 tantum
1634 5610 1778 5663 allir-

250 5678 353 5745 mat,
381 5695 677 5748 numerum
710 5694 899 5731 eorum
935 5679 1023 5746 qui
1058 5689 1168 5729 toto
1208 5678 1329 5731 belli
1370 5690 1607 5746 tempore
1637 5682 1778 5748 capti

247 5763 345 5807 sunt
381 5770 406 5806 a
444 5747 739 5807 Rmuanis,
796 5749 860 5799 ad
916 5748 1198 5817 nonaginta
1261 5759 1465 5817 septem
1508 5747 1781 5805 liotninuiu

614 5841 896 5900 PATROL.
947 5840 1060 5899 GR.
1108 5838 1249 5899 XX.

1887 5540 2049 5615 millia
2088 5544 2420 5615 pervenisse.
2456 5541 2633 5599 Locus
2662 5555 2744 5600 est
2775 5547 2827 5600 in
2871 5545 2974 5600 fine
3000 5546 3123 5600 libri
3169 5562 3241 5601 vt.
3276 5546 3463 5615 Itaque

1889 5611 2084 5681 merito
2132 5612 2654 5681 Christophorsonus
2703 5617 2802 5671 hoc
2857 5617 2973 5670 loco
3028 5616 3247 5673 Eusebii
3301 5611 3462 5672 verba

1890 5680 2279 5749 aliquantulum
2316 5680 2642 5739 immutavit.
