  <div class='ocr_page' id='page_1' title='image "/cluster/home/n/w/nwhite01/storage/ocr_20150623/20/mdp.39015008802764/123.png"; bbox 0 0 4016 6260; ppageno 0'>
   <div class='ocr_carea' id='block_1_1' title="bbox 544 240 658 305">
    <p class='ocr_par' dir='ltr' id='par_1_1' title="bbox 544 240 658 305">
     <span class='ocr_line' id='line_1_1' title="bbox 544 240 658 305; baseline -0.044 0"><span class='ocrx_word' id='word_1_1' title='bbox 544 240 658 305; x_wconf 60' lang='lat'><strong>$35</strong></span> 
     </span>
    </p>
   </div>
   <div class='ocr_carea' id='block_1_2' title="bbox 1253 207 3058 305">
    <p class='ocr_par' dir='ltr' id='par_1_2' title="bbox 1253 207 3058 305">
     <span class='ocr_line' id='line_1_2' title="bbox 1253 207 3058 305; baseline 0.003 -6"><span class='ocrx_word' id='word_1_2' title='bbox 1253 245 1517 303; x_wconf 84' lang='lat' dir='ltr'><strong>EUSEBII</strong></span> <span class='ocrx_word' id='word_1_3' title='bbox 1555 244 2029 302; x_wconf 64' lang='lat' dir='ltr'><strong>CIESARIENSZS</strong></span> <span class='ocrx_word' id='word_1_4' title='bbox 2068 207 2220 301; x_wconf 75' lang='lat' dir='ltr'><strong>OPP.</strong></span> <span class='ocrx_word' id='word_1_5' title='bbox 2260 242 2438 299; x_wconf 65' lang='lat' dir='ltr'><strong>rans</strong></span> <span class='ocrx_word' id='word_1_6' title='bbox 2475 244 2515 300; x_wconf 83' lang='grc' dir='ltr'>ι.</span> <span class='ocrx_word' id='word_1_7' title='bbox 2559 275 2626 285; x_wconf 89' lang='grc'><strong>-</strong></span> <span class='ocrx_word' id='word_1_8' title='bbox 2664 244 3058 305; x_wconf 68' lang='lat' dir='ltr'><strong>msromm.</strong></span> 
     </span>
    </p>
   </div>
   <div class='ocr_carea' id='block_1_3' title="bbox 2270 91 2295 115">
    <p class='ocr_par' dir='ltr' id='par_1_3' title="bbox 2270 91 2295 115">
     <span class='ocr_line' id='line_1_3' title="bbox 2270 91 2295 115; baseline 0 0"><span class='ocrx_word' id='word_1_9' title='bbox 2270 91 2295 115; x_wconf 72' lang='grc' dir='ltr'><strong><em>ν</em></strong></span> 
     </span>
    </p>
   </div>
   <div class='ocr_carea' id='block_1_4' title="bbox 3683 232 3778 314">
    <p class='ocr_par' dir='ltr' id='par_1_4' title="bbox 3683 232 3778 314">
     <span class='ocr_line' id='line_1_4' title="bbox 3683 232 3778 314; baseline 0 0"><span class='ocrx_word' id='word_1_10' title='bbox 3683 232 3778 314; x_wconf 62' lang='grc' dir='ltr'>ἐτι</span> 
     </span>
    </p>
   </div>
   <div class='ocr_carea' id='block_1_5' title="bbox 546 363 2083 443">
    <p class='ocr_par' dir='ltr' id='par_1_5' title="bbox 546 365 2083 437">
     <span class='ocr_line' id='line_1_5' title="bbox 546 365 2083 437; baseline -0.001 -16"><span class='ocrx_word' id='word_1_11' title='bbox 546 366 794 421; x_wconf 73' lang='lat' dir='ltr'><strong>cutitdari</strong></span> <span class='ocrx_word' id='word_1_12' title='bbox 824 366 893 421; x_wconf 85' lang='lat' dir='ltr'><strong>ab</strong></span> <span class='ocrx_word' id='word_1_13' title='bbox 949 366 1187 422; x_wconf 83' lang='lat' dir='ltr'><strong>exercitu</strong></span> <span class='ocrx_word' id='word_1_14' title='bbox 1218 365 1514 423; x_wconf 78' lang='lat' dir='ltr'><strong>JeruSalem</strong></span> <span class='ocrx_word' id='word_1_15' title='bbox 1538 405 1553 429; x_wconf 94' lang='lat'><strong>,</strong></span> <span class='ocrx_word' id='word_1_16' title='bbox 1608 376 1734 422; x_wconf 90' lang='lat' dir='ltr'><strong>tunc</strong></span> <span class='ocrx_word' id='word_1_17' title='bbox 1770 368 1962 422; x_wconf 91' lang='lat' dir='ltr'><strong>scitote</strong></span> <span class='ocrx_word' id='word_1_18' title='bbox 1985 369 2083 437; x_wconf 86' lang='lat' dir='ltr'><strong>qui:</strong></span> 
     </span>
    </p>
   </div>
   <div class='ocr_carea' id='block_1_6' title="bbox 2189 363 3777 443">
    <p class='ocr_par' dir='ltr' id='par_1_6' title="bbox 2212 363 3777 443">
     <span class='ocr_line' id='line_1_6' title="bbox 2212 363 3777 443; baseline 0.004 -26"><span class='ocrx_word' id='word_1_19' title='bbox 2212 363 2303 418; x_wconf 87' lang='grc' dir='ltr'><strong>τοῦ</strong></span> <span class='ocrx_word' id='word_1_20' title='bbox 2339 363 2586 435; x_wconf 79' lang='grc' dir='ltr'><strong>Σωτῆρος</strong></span> <span class='ocrx_word' id='word_1_21' title='bbox 2614 363 2772 436; x_wconf 81' lang='grc' dir='ltr'>ήμῶν</span> <span class='ocrx_word' id='word_1_22' title='bbox 2802 364 2972 432; x_wconf 77' lang='grc' dir='ltr'>λέξεις</span> <span class='ocrx_word' id='word_1_23' title='bbox 2999 368 3119 429; x_wconf 86' lang='grc' dir='ltr'>ταῖς</span> <span class='ocrx_word' id='word_1_24' title='bbox 3161 366 3372 432; x_wconf 81' lang='grc' dir='ltr'><strong>λοιπαῖς</strong></span> <span class='ocrx_word' id='word_1_25' title='bbox 3414 368 3508 422; x_wconf 86' lang='grc' dir='ltr'><strong>τοῦ</strong></span> <span class='ocrx_word' id='word_1_26' title='bbox 3544 385 3777 443; x_wconf 87' lang='grc' dir='ltr'>συγγρα-</span> 
     </span>
    </p>
   </div>
   <div class='ocr_carea' id='block_1_7' title="bbox 552 456 2110 527">
    <p class='ocr_par' dir='ltr' id='par_1_7' title="bbox 552 456 2110 527">
     <span class='ocr_line' id='line_1_7' title="bbox 552 456 2110 527; baseline 0.001 -17"><span class='ocrx_word' id='word_1_27' title='bbox 552 457 1006 527; x_wconf 82' lang='lat' dir='ltr'><strong>appropinquavit</strong></span> <span class='ocrx_word' id='word_1_28' title='bbox 1048 456 1310 511; x_wconf 88' lang='lat' dir='ltr'><strong>desolatio</strong></span> <span class='ocrx_word' id='word_1_29' title='bbox 1354 456 1473 525; x_wconf 85' lang='lat' dir='ltr'><strong>ejus</strong></span> <span class='ocrx_word' id='word_1_30' title='bbox 1515 456 1583 510; x_wconf 77' lang='grc'><strong>³¹.</strong></span> <span class='ocrx_word' id='word_1_31' title='bbox 1639 474 1660 508; x_wconf 71' lang='grc' dir='ltr'><strong>ι</strong></span> <span class='ocrx_word' id='word_1_32' title='bbox 1705 457 1860 523; x_wconf 86' lang='lat' dir='ltr'><strong>Quod</strong></span> <span class='ocrx_word' id='word_1_33' title='bbox 1895 457 1940 511; x_wconf 88' lang='lat' dir='ltr'><strong>si</strong></span> <span class='ocrx_word' id='word_1_34' title='bbox 1988 456 2110 526; x_wconf 84' lang='lat' dir='ltr'><strong>quis</strong></span> 
     </span>
    </p>
   </div>
   <div class='ocr_carea' id='block_1_8' title="bbox 546 546 2108 620">
    <p class='ocr_par' dir='ltr' id='par_1_8' title="bbox 546 546 2108 620">
     <span class='ocr_line' id='line_1_8' title="bbox 546 546 2108 620; baseline 0.001 -16"><span class='ocrx_word' id='word_1_35' title='bbox 546 546 862 605; x_wconf 82' lang='lat' dir='ltr'><strong>Servatoris</strong></span> <span class='ocrx_word' id='word_1_36' title='bbox 909 548 1083 606; x_wconf 80' lang='lat' dir='ltr'><strong>nostri</strong></span> <span class='ocrx_word' id='word_1_37' title='bbox 1116 550 1279 603; x_wconf 85' lang='lat' dir='ltr'><strong>verba</strong></span> <span class='ocrx_word' id='word_1_38' title='bbox 1311 563 1432 603; x_wconf 91' lang='lat' dir='ltr'><strong>cum</strong></span> <span class='ocrx_word' id='word_1_39' title='bbox 1463 549 1529 604; x_wconf 92' lang='lat' dir='ltr'><strong>iis</strong></span> <span class='ocrx_word' id='word_1_40' title='bbox 1557 558 1860 619; x_wconf 83' lang='lat' dir='ltr'><strong>comparet,</strong></span> <span class='ocrx_word' id='word_1_41' title='bbox 1894 565 2012 620; x_wconf 65' lang='lat' dir='ltr'><strong>qua:</strong></span> <span class='ocrx_word' id='word_1_42' title='bbox 2041 550 2108 606; x_wconf 88' lang='lat' dir='ltr'><strong>ab</strong></span> 
     </span>
    </p>
   </div>
   <div class='ocr_carea' id='block_1_9' title="bbox 550 639 2108 711">
    <p class='ocr_par' dir='ltr' id='par_1_9' title="bbox 550 639 2108 711">
     <span class='ocr_line' id='line_1_9' title="bbox 550 639 2108 711; baseline 0 -14"><span class='ocrx_word' id='word_1_43' title='bbox 550 642 772 711; x_wconf 57' lang='lat' dir='ltr'><strong>eodem;</strong></span> <span class='ocrx_word' id='word_1_44' title='bbox 799 641 1077 710; x_wconf 89' lang='lat' dir='ltr'><strong>Scriptore</strong></span> <span class='ocrx_word' id='word_1_45' title='bbox 1124 642 1190 695; x_wconf 90' lang='lat' dir='ltr'><strong>de</strong></span> <span class='ocrx_word' id='word_1_46' title='bbox 1223 641 1479 695; x_wconf 88' lang='lat' dir='ltr'><strong>universo</strong></span> <span class='ocrx_word' id='word_1_47' title='bbox 1513 639 1656 695; x_wconf 91' lang='lat' dir='ltr'><strong>bello</strong></span> <span class='ocrx_word' id='word_1_48' title='bbox 1684 651 2108 697; x_wconf 89' lang='lat' dir='ltr'><strong>commemorata</strong></span> 
     </span>
    </p>
   </div>
   <div class='ocr_carea' id='block_1_10' title="bbox 545 732 2105 803">
    <p class='ocr_par' dir='ltr' id='par_1_10' title="bbox 545 732 2105 803">
     <span class='ocr_line' id='line_1_10' title="bbox 545 732 2105 803; baseline 0 -14"><span class='ocrx_word' id='word_1_49' title='bbox 545 742 695 802; x_wconf 82' lang='lat' dir='ltr'><strong>sunt,</strong></span> <span class='ocrx_word' id='word_1_50' title='bbox 726 735 844 788; x_wconf 71' lang='lat' dir='ltr'><strong>fieri</strong></span> <span class='ocrx_word' id='word_1_51' title='bbox 875 749 979 788; x_wconf 92' lang='lat' dir='ltr'><strong>non</strong></span> <span class='ocrx_word' id='word_1_52' title='bbox 1013 741 1189 803; x_wconf 82' lang='lat' dir='ltr'><strong>potest</strong></span> <span class='ocrx_word' id='word_1_53' title='bbox 1213 732 1344 802; x_wconf 89' lang='lat' dir='ltr'><strong>quin</strong></span> <span class='ocrx_word' id='word_1_54' title='bbox 1379 732 1677 786; x_wconf 86' lang='lat' dir='ltr'><strong>admiretur</strong></span> <span class='ocrx_word' id='word_1_55' title='bbox 1705 733 2105 802; x_wconf 65' lang='lat' dir='ltr'><strong>prtescientiam</strong></span> 
     </span>
    </p>
   </div>
   <div class='ocr_carea' id='block_1_11' title="bbox 544 825 2107 897">
    <p class='ocr_par' dir='ltr' id='par_1_11' title="bbox 544 825 2107 897">
     <span class='ocr_line' id='line_1_11' title="bbox 544 825 2107 897; baseline 0.001 -16"><span class='ocrx_word' id='word_1_56' title='bbox 544 843 611 883; x_wconf 84' lang='lat' dir='ltr'><strong>ac</strong></span> <span class='ocrx_word' id='word_1_57' title='bbox 661 827 1062 897; x_wconf 75' lang='lat' dir='ltr'><strong>przedictionem</strong></span> <span class='ocrx_word' id='word_1_58' title='bbox 1107 825 1416 879; x_wconf 80' lang='lat' dir='ltr'><strong>Servatoris</strong></span> <span class='ocrx_word' id='word_1_59' title='bbox 1460 825 1676 892; x_wconf 89' lang='lat' dir='ltr'><strong>nostri,</strong></span> <span class='ocrx_word' id='word_1_60' title='bbox 1714 840 1945 895; x_wconf 86' lang='lat' dir='ltr'><strong>eamque</strong></span> <span class='ocrx_word' id='word_1_61' title='bbox 1982 842 2107 882; x_wconf 87' lang='lat' dir='ltr'><strong>vere</strong></span> 
     </span>
    </p>
   </div>
   <div class='ocr_carea' id='block_1_12' title="bbox 544 907 2106 987">
    <p class='ocr_par' dir='ltr' id='par_1_12' title="bbox 544 907 2106 987">
     <span class='ocr_line' id='line_1_12' title="bbox 544 907 2106 987; baseline -0.002 -14"><span class='ocrx_word' id='word_1_62' title='bbox 544 907 872 973; x_wconf 15' lang='lat' dir='ltr'><strong>divinam‘et</strong></span> <span class='ocrx_word' id='word_1_63' title='bbox 903 932 1063 987; x_wconf 87' lang='lat' dir='ltr'><strong>supra</strong></span> <span class='ocrx_word' id='word_1_64' title='bbox 1108 916 1219 987; x_wconf 75' lang='lat'><strong>82</strong></span> <span class='ocrx_word' id='word_1_65' title='bbox 1268 917 1491 972; x_wconf 88' lang='lat' dir='ltr'><strong>modum</strong></span> <span class='ocrx_word' id='word_1_66' title='bbox 1526 918 1848 987; x_wconf 88' lang='lat' dir='ltr'><strong>stupendam</strong></span> <span class='ocrx_word' id='word_1_67' title='bbox 1880 933 2001 973; x_wconf 89' lang='lat' dir='ltr'><strong>esse</strong></span> <span class='ocrx_word' id='word_1_68' title='bbox 2029 920 2106 971; x_wconf 76' lang='lat' dir='ltr'><strong>fa-</strong></span> 
     </span>
    </p>
   </div>
   <div class='ocr_carea' id='block_1_13' title="bbox 542 1009 2103 1079">
    <p class='ocr_par' dir='ltr' id='par_1_13' title="bbox 542 1009 2103 1079">
     <span class='ocr_line' id='line_1_13' title="bbox 542 1009 2103 1079; baseline -0.001 -13"><span class='ocrx_word' id='word_1_69' title='bbox 542 1021 740 1069; x_wconf 89' lang='lat' dir='ltr'><strong>teatur.</strong></span> <span class='ocrx_word' id='word_1_70' title='bbox 772 1011 851 1065; x_wconf 85' lang='lat' dir='ltr'><strong>Ac</strong></span> <span class='ocrx_word' id='word_1_71' title='bbox 882 1011 951 1065; x_wconf 88' lang='lat' dir='ltr'><strong>de</strong></span> <span class='ocrx_word' id='word_1_72' title='bbox 993 1010 1060 1063; x_wconf 91' lang='lat' dir='ltr'><strong>iis</strong></span> <span class='ocrx_word' id='word_1_73' title='bbox 1090 1010 1305 1078; x_wconf 83' lang='lat' dir='ltr'><strong>quidem</strong></span> <span class='ocrx_word' id='word_1_74' title='bbox 1343 1024 1463 1079; x_wconf 74' lang='lat' dir='ltr'><strong>qua:</strong></span> <span class='ocrx_word' id='word_1_75' title='bbox 1492 1009 1762 1065; x_wconf 66' lang='lat' dir='ltr'><strong>universae</strong></span> <span class='ocrx_word' id='word_1_76' title='bbox 1793 1009 2103 1066; x_wconf 70' lang='lat' dir='ltr'><strong>Iudaeorum</strong></span> 
     </span>
    </p>
   </div>
   <div class='ocr_carea' id='block_1_14' title="bbox 538 1101 2106 1173">
    <p class='ocr_par' dir='ltr' id='par_1_14' title="bbox 538 1101 2106 1173">
     <span class='ocr_line' id='line_1_14' title="bbox 538 1101 2106 1173; baseline 0 -15"><span class='ocrx_word' id='word_1_77' title='bbox 538 1103 685 1173; x_wconf 72' lang='lat' dir='ltr'><strong>genti</strong></span> <span class='ocrx_word' id='word_1_78' title='bbox 726 1112 847 1173; x_wconf 92' lang='lat' dir='ltr'><strong>post</strong></span> <span class='ocrx_word' id='word_1_79' title='bbox 877 1102 1184 1172; x_wconf 86' lang='lat' dir='ltr'><strong>passionem</strong></span> <span class='ocrx_word' id='word_1_80' title='bbox 1237 1101 1446 1156; x_wconf 88' lang='lat' dir='ltr'><strong>Domini</strong></span> <span class='ocrx_word' id='word_1_81' title='bbox 1476 1101 1817 1172; x_wconf 81' lang='lat' dir='ltr'><strong>contigerunt</strong></span> <span class='ocrx_word' id='word_1_82' title='bbox 1842 1142 1858 1170; x_wconf 85' lang='lat'><strong>,</strong></span> <span class='ocrx_word' id='word_1_83' title='bbox 1895 1113 1950 1157; x_wconf 86' lang='lat' dir='ltr'><strong>et</strong></span> <span class='ocrx_word' id='word_1_84' title='bbox 1981 1112 2106 1172; x_wconf 83' lang='lat' dir='ltr'><strong>post</strong></span> 
     </span>
    </p>
   </div>
   <div class='ocr_carea' id='block_1_15' title="bbox 536 1190 2101 1261">
    <p class='ocr_par' dir='ltr' id='par_1_15' title="bbox 536 1190 2101 1261">
     <span class='ocr_line' id='line_1_15' title="bbox 536 1190 2101 1261; baseline -0.003 -13"><span class='ocrx_word' id='word_1_85' title='bbox 536 1207 697 1249; x_wconf 88' lang='lat' dir='ltr'><strong>voces</strong></span> <span class='ocrx_word' id='word_1_86' title='bbox 740 1192 862 1247; x_wconf 87' lang='lat' dir='ltr'><strong>illas</strong></span> <span class='ocrx_word' id='word_1_87' title='bbox 894 1192 1089 1261; x_wconf 85' lang='lat' dir='ltr'><strong>quibus</strong></span> <span class='ocrx_word' id='word_1_88' title='bbox 1140 1190 1408 1245; x_wconf 87' lang='lat' dir='ltr'><strong>latronem</strong></span> <span class='ocrx_word' id='word_1_89' title='bbox 1441 1192 1657 1261; x_wconf 78' lang='lat' dir='ltr'><strong>quidem</strong></span> <span class='ocrx_word' id='word_1_90' title='bbox 1686 1201 1742 1247; x_wconf 90' lang='lat' dir='ltr'><strong>et</strong></span> <span class='ocrx_word' id='word_1_91' title='bbox 1770 1192 2101 1247; x_wconf 84' lang='lat' dir='ltr'><strong>homicidam</strong></span> 
     </span>
    </p>
   </div>
   <div class='ocr_carea' id='block_1_16' title="bbox 534 1279 2102 1350">
    <p class='ocr_par' dir='ltr' id='par_1_16' title="bbox 534 1279 2102 1350">
     <span class='ocr_line' id='line_1_16' title="bbox 534 1279 2102 1350; baseline -0.002 -11"><span class='ocrx_word' id='word_1_92' title='bbox 534 1283 730 1339; x_wconf 86' lang='lat' dir='ltr'><strong>mortis</strong></span> <span class='ocrx_word' id='word_1_93' title='bbox 766 1281 1030 1350; x_wconf 89' lang='lat' dir='ltr'><strong>supplicio</strong></span> <span class='ocrx_word' id='word_1_94' title='bbox 1061 1279 1305 1345; x_wconf 88' lang='lat' dir='ltr'><strong>liberari,</strong></span> <span class='ocrx_word' id='word_1_95' title='bbox 1342 1281 1516 1350; x_wconf 91' lang='lat' dir='ltr'><strong>ipsum</strong></span> <span class='ocrx_word' id='word_1_96' title='bbox 1554 1296 1685 1336; x_wconf 88' lang='lat' dir='ltr'><strong>vero</strong></span> <span class='ocrx_word' id='word_1_97' title='bbox 1715 1292 1991 1336; x_wconf 81' lang='lat' dir='ltr'><strong>auctorem</strong></span> <span class='ocrx_word' id='word_1_98' title='bbox 2022 1283 2102 1336; x_wconf 88' lang='lat' dir='ltr'><strong>vi-</strong></span> 
     </span>
    </p>
   </div>
   <div class='ocr_carea' id='block_1_17' title="bbox 532 1372 2100 1444">
    <p class='ocr_par' dir='ltr' id='par_1_17' title="bbox 532 1372 2100 1444">
     <span class='ocr_line' id='line_1_17' title="bbox 532 1372 2100 1444; baseline 0.001 -15"><span class='ocrx_word' id='word_1_99' title='bbox 532 1383 600 1429; x_wconf 80' lang='lat' dir='ltr'><strong>tae</strong></span> <span class='ocrx_word' id='word_1_100' title='bbox 625 1390 657 1431; x_wconf 90' lang='lat' dir='ltr'><strong>e</strong></span> <span class='ocrx_word' id='word_1_101' title='bbox 683 1374 860 1429; x_wconf 91' lang='lat' dir='ltr'><strong>medio</strong></span> <span class='ocrx_word' id='word_1_102' title='bbox 888 1372 999 1427; x_wconf 92' lang='lat' dir='ltr'><strong>tolli</strong></span> <span class='ocrx_word' id='word_1_103' title='bbox 1028 1373 1258 1444; x_wconf 90' lang='lat' dir='ltr'><strong>populus</strong></span> <span class='ocrx_word' id='word_1_104' title='bbox 1291 1375 1471 1428; x_wconf 90' lang='lat' dir='ltr'><strong>omnis</strong></span> <span class='ocrx_word' id='word_1_105' title='bbox 1520 1374 1975 1441; x_wconf 87' lang='lat' dir='ltr'><strong>succlamaverat,</strong></span> <span class='ocrx_word' id='word_1_106' title='bbox 2007 1372 2100 1430; x_wconf 84' lang='lat' dir='ltr'><strong>Jo-</strong></span> 
     </span>
    </p>
   </div>
   <div class='ocr_carea' id='block_1_18' title="bbox 531 1464 2098 1534">
    <p class='ocr_par' dir='ltr' id='par_1_18' title="bbox 531 1464 2098 1534">
     <span class='ocr_line' id='line_1_18' title="bbox 531 1464 2098 1534; baseline 0.001 -13"><span class='ocrx_word' id='word_1_107' title='bbox 531 1468 686 1534; x_wconf 72' lang='lat' dir='ltr'><strong>sephi</strong></span> <span class='ocrx_word' id='word_1_108' title='bbox 730 1466 1028 1522; x_wconf 86' lang='lat' dir='ltr'><strong>narrationi</strong></span> <span class='ocrx_word' id='word_1_109' title='bbox 1056 1465 1352 1534; x_wconf 89' lang='lat' dir='ltr'><strong>quidquam</strong></span> <span class='ocrx_word' id='word_1_110' title='bbox 1396 1464 1595 1521; x_wconf 85' lang='lat' dir='ltr'><strong>addere</strong></span> <span class='ocrx_word' id='word_1_111' title='bbox 1629 1466 1850 1522; x_wconf 90' lang='lat' dir='ltr'><strong>minime</strong></span> <span class='ocrx_word' id='word_1_112' title='bbox 1872 1481 2098 1523; x_wconf 89' lang='lat' dir='ltr'><strong>necesse</strong></span> 
     </span>
    </p>
   </div>
   <div class='ocr_carea' id='block_1_19' title="bbox 527 1557 2097 1628">
    <p class='ocr_par' dir='ltr' id='par_1_19' title="bbox 527 1557 2097 1628">
     <span class='ocr_line' id='line_1_19' title="bbox 527 1557 2097 1628; baseline 0 -13"><span class='ocrx_word' id='word_1_113' title='bbox 527 1570 632 1615; x_wconf 84' lang='lat' dir='ltr'><strong>est.</strong></span> <span class='ocrx_word' id='word_1_114' title='bbox 661 1559 753 1612; x_wconf 91' lang='lat' dir='ltr'><strong>llla</strong></span> <span class='ocrx_word' id='word_1_115' title='bbox 784 1573 912 1613; x_wconf 90' lang='lat' dir='ltr'><strong>vero</strong></span> <span class='ocrx_word' id='word_1_116' title='bbox 939 1557 1175 1626; x_wconf 83' lang='lat' dir='ltr'><strong>adjicere</strong></span> <span class='ocrx_word' id='word_1_117' title='bbox 1216 1573 1428 1626; x_wconf 65' lang='lat' dir='ltr'><strong>aequum</strong></span> <span class='ocrx_word' id='word_1_118' title='bbox 1461 1557 1622 1613; x_wconf 80' lang='lat' dir='ltr'><strong>fuerit</strong></span> <span class='ocrx_word' id='word_1_119' title='bbox 1648 1597 1664 1622; x_wconf 86' lang='lat'><strong>,</strong></span> <span class='ocrx_word' id='word_1_120' title='bbox 1698 1559 1894 1628; x_wconf 81' lang='lat' dir='ltr'><strong>quibus</strong></span> <span class='ocrx_word' id='word_1_121' title='bbox 1927 1559 2097 1615; x_wconf 87' lang='lat' dir='ltr'><strong>divini</strong></span> 
     </span>
    </p>
   </div>
   <div class='ocr_carea' id='block_1_20' title="bbox 526 1645 2097 1720">
    <p class='ocr_par' dir='ltr' id='par_1_20' title="bbox 526 1645 2097 1720">
     <span class='ocr_line' id='line_1_20' title="bbox 526 1645 2097 1720; baseline 0.001 -17"><span class='ocrx_word' id='word_1_122' title='bbox 526 1648 781 1703; x_wconf 78' lang='lat' dir='ltr'><strong>Numinis</strong></span> <span class='ocrx_word' id='word_1_123' title='bbox 811 1646 1096 1702; x_wconf 88' lang='lat' dir='ltr'><strong>clementia</strong></span> <span class='ocrx_word' id='word_1_124' title='bbox 1124 1660 1191 1701; x_wconf 88' lang='lat' dir='ltr'><strong>ac</strong></span> <span class='ocrx_word' id='word_1_125' title='bbox 1215 1645 1557 1715; x_wconf 84' lang='lat' dir='ltr'><strong>providentia</strong></span> <span class='ocrx_word' id='word_1_126' title='bbox 1588 1647 1899 1703; x_wconf 86' lang='lat' dir='ltr'><strong>declaratur</strong></span> <span class='ocrx_word' id='word_1_127' title='bbox 1933 1666 1947 1702; x_wconf 91' lang='lat'><strong>:</strong></span> <span class='ocrx_word' id='word_1_128' title='bbox 1976 1665 2097 1720; x_wconf 77' lang='lat' dir='ltr'><strong>qua:</strong></span> 
     </span>
    </p>
   </div>
   <div class='ocr_carea' id='block_1_21' title="bbox 2213 457 3779 532">
    <p class='ocr_par' dir='ltr' id='par_1_21' title="bbox 2213 457 3779 532">
     <span class='ocr_line' id='line_1_21' title="bbox 2213 457 3779 532; baseline 0.004 -23"><span class='ocrx_word' id='word_1_129' title='bbox 2213 457 2354 527; x_wconf 79' lang='grc' dir='ltr'>φέως</span> <span class='ocrx_word' id='word_1_130' title='bbox 2394 457 2652 530; x_wconf 84' lang='grc' dir='ltr'><strong>ἱστορίαις</strong></span> <span class='ocrx_word' id='word_1_131' title='bbox 2695 460 2812 521; x_wconf 87' lang='grc' dir='ltr'>ταῖς</span> <span class='ocrx_word' id='word_1_132' title='bbox 2836 460 2963 530; x_wconf 77' lang='grc' dir='ltr'><strong>περὶ⁸</strong></span> <span class='ocrx_word' id='word_1_133' title='bbox 3006 458 3097 511; x_wconf 82' lang='grc' dir='ltr'><strong>τοῦ</strong></span> <span class='ocrx_word' id='word_1_134' title='bbox 3134 459 3332 522; x_wconf 80' lang='grc' dir='ltr'>παντὸς</span> <span class='ocrx_word' id='word_1_135' title='bbox 3364 460 3625 532; x_wconf 81' lang='grc' dir='ltr'>πολέμου,</span> <span class='ocrx_word' id='word_1_136' title='bbox 3667 463 3779 527; x_wconf 69' lang='grc' dir='ltr'>πιῖις</span> 
     </span>
    </p>
   </div>
   <div class='ocr_carea' id='block_1_22' title="bbox 2208 549 3781 627">
    <p class='ocr_par' dir='ltr' id='par_1_22' title="bbox 2208 549 3781 627">
     <span class='ocr_line' id='line_1_22' title="bbox 2208 549 3781 627; baseline 0.003 -24"><span class='ocrx_word' id='word_1_137' title='bbox 2208 550 2308 603; x_wconf 82' lang='grc' dir='ltr'><strong>οὐκ</strong></span> <span class='ocrx_word' id='word_1_138' title='bbox 2337 549 2402 604; x_wconf 83' lang='grc' dir='ltr'>ἂν</span> <span class='ocrx_word' id='word_1_139' title='bbox 2433 549 2887 623; x_wconf 85' lang='grc' dir='ltr'>ἀποθαυμάσειεν,</span> <span class='ocrx_word' id='word_1_140' title='bbox 2932 549 3080 603; x_wconf 80' lang='grc' dir='ltr'>θείαν</span> <span class='ocrx_word' id='word_1_141' title='bbox 3107 552 3181 615; x_wconf 81' lang='grc' dir='ltr'>ὡς</span> <span class='ocrx_word' id='word_1_142' title='bbox 3215 551 3430 624; x_wconf 84' lang='grc' dir='ltr'>ἀληθῶς</span> <span class='ocrx_word' id='word_1_143' title='bbox 3476 554 3569 607; x_wconf 75' lang='grc' dir='ltr'>καὶ</span> <span class='ocrx_word' id='word_1_144' title='bbox 3620 555 3781 627; x_wconf 82' lang='grc' dir='ltr'>ὑπερ-</span> 
     </span>
    </p>
   </div>
   <div class='ocr_carea' id='block_1_23' title="bbox 2211 640 3778 718">
    <p class='ocr_par' dir='ltr' id='par_1_23' title="bbox 2211 640 3778 718">
     <span class='ocr_line' id='line_1_23' title="bbox 2211 640 3778 718; baseline 0.004 -24"><span class='ocrx_word' id='word_1_145' title='bbox 2211 640 2359 710; x_wconf 85' lang='grc' dir='ltr'>φυῶς</span> <span class='ocrx_word' id='word_1_146' title='bbox 2388 641 2683 715; x_wconf 80' lang='grc' dir='ltr'>παράδοξον</span> <span class='ocrx_word' id='word_1_147' title='bbox 2710 643 2808 715; x_wconf 80' lang='grc' dir='ltr'><strong>τὴν</strong></span> <span class='ocrx_word' id='word_1_148' title='bbox 2831 643 3132 715; x_wconf 74' lang='grc' dir='ltr'>πρόγνωσιν</span> <span class='ocrx_word' id='word_1_149' title='bbox 3157 660 3215 696; x_wconf 89' lang='grc' dir='ltr'><strong>τε</strong></span> <span class='ocrx_word' id='word_1_150' title='bbox 3244 644 3336 697; x_wconf 77' lang='grc' dir='ltr'><strong>καὶ</strong></span> <span class='ocrx_word' id='word_1_151' title='bbox 3363 645 3665 718; x_wconf 66' lang='grc' dir='ltr'>πρόρρησιν</span> <span class='ocrx_word' id='word_1_152' title='bbox 3689 646 3778 700; x_wconf 83' lang='grc' dir='ltr'><strong>τοῦ</strong></span> 
     </span>
    </p>
   </div>
   <div class='ocr_carea' id='block_1_24' title="bbox 2206 733 3777 809">
    <p class='ocr_par' dir='ltr' id='par_1_24' title="bbox 2206 733 3777 809">
     <span class='ocr_line' id='line_1_24' title="bbox 2206 733 3777 809; baseline 0.004 -22"><span class='ocrx_word' id='word_1_153' title='bbox 2206 736 2457 807; x_wconf 87' lang='grc' dir='ltr'>-Σωτῆρος</span> <span class='ocrx_word' id='word_1_154' title='bbox 2494 736 2650 807; x_wconf 78' lang='grc' dir='ltr'>ἡμῶν</span> <span class='ocrx_word' id='word_1_155' title='bbox 2679 737 3034 808; x_wconf 81' lang='grc' dir='ltr'><strong>ὁμολογήσας.</strong></span> <span class='ocrx_word' id='word_1_156' title='bbox 3074 736 3209 807; x_wconf 82' lang='grc' dir='ltr'>Περὶ</span> <span class='ocrx_word' id='word_1_157' title='bbox 3239 737 3337 808; x_wconf 82' lang='grc' dir='ltr'>μὲν</span> <span class='ocrx_word' id='word_1_158' title='bbox 3374 733 3466 791; x_wconf 77' lang='grc' dir='ltr'><strong>οὖν</strong></span> <span class='ocrx_word' id='word_1_159' title='bbox 3501 737 3610 790; x_wconf 86' lang='grc' dir='ltr'><strong>τῶν</strong></span> <span class='ocrx_word' id='word_1_160' title='bbox 3643 740 3777 809; x_wconf 69' lang='grc' dir='ltr'>μετὰ</span> 
     </span>
    </p>
   </div>
   <div class='ocr_carea' id='block_1_25' title="bbox 2206 826 3777 902">
    <p class='ocr_par' dir='ltr' id='par_1_25' title="bbox 2206 826 3777 902">
     <span class='ocr_line' id='line_1_25' title="bbox 2206 826 3777 902; baseline 0.003 -24"><span class='ocrx_word' id='word_1_161' title='bbox 2206 826 2267 878; x_wconf 82' lang='grc' dir='ltr'><strong>τὸ</strong></span> <span class='ocrx_word' id='word_1_162' title='bbox 2296 829 2564 899; x_wconf 77' lang='grc' dir='ltr'>σωτήριον</span> <span class='ocrx_word' id='word_1_163' title='bbox 2592 827 2762 892; x_wconf 81' lang='grc' dir='ltr'>πάθος</span> <span class='ocrx_word' id='word_1_164' title='bbox 2798 828 2893 882; x_wconf 80' lang='grc' dir='ltr'><strong>καὶ</strong></span> <span class='ocrx_word' id='word_1_165' title='bbox 2933 827 3030 891; x_wconf 75' lang='grc' dir='ltr'><strong>τὰς</strong></span> <span class='ocrx_word' id='word_1_166' title='bbox 3076 829 3257 896; x_wconf 75' lang='grc' dir='ltr'>φωνὰς</span> <span class='ocrx_word' id='word_1_167' title='bbox 3292 829 3508 893; x_wconf 83' lang='grc' dir='ltr'>ὲκείνας</span> <span class='ocrx_word' id='word_1_168' title='bbox 3548 831 3606 883; x_wconf 83' lang='grc' dir='ltr'><strong>ἐν</strong></span> <span class='ocrx_word' id='word_1_169' title='bbox 3634 826 3720 894; x_wconf 87' lang='grc' dir='ltr'><strong>αἷς</strong></span> <span class='ocrx_word' id='word_1_170' title='bbox 3743 832 3777 902; x_wconf 78' lang='grc' dir='ltr'><strong>η</strong></span> 
     </span>
    </p>
   </div>
   <div class='ocr_carea' id='block_1_26' title="bbox 2206 917 3776 991">
    <p class='ocr_par' dir='ltr' id='par_1_26' title="bbox 2206 917 3776 991">
     <span class='ocr_line' id='line_1_26' title="bbox 2206 917 3776 991; baseline 0 -20"><span class='ocrx_word' id='word_1_171' title='bbox 2206 917 2314 971; x_wconf 76' lang='grc' dir='ltr'><strong>τῶν</strong></span> <span class='ocrx_word' id='word_1_172' title='bbox 2347 918 2610 974; x_wconf 82' lang='grc' dir='ltr'><strong>Ἰουδαίων</strong></span> <span class='ocrx_word' id='word_1_173' title='bbox 2645 917 2852 989; x_wconf 84' lang='grc' dir='ltr'>πληθὺς</span> <span class='ocrx_word' id='word_1_174' title='bbox 2883 918 2971 972; x_wconf 79' lang='grc' dir='ltr'><strong>τὸν</strong></span> <span class='ocrx_word' id='word_1_175' title='bbox 3004 918 3101 989; x_wconf 81' lang='grc' dir='ltr'><strong>μὲν</strong></span> <span class='ocrx_word' id='word_1_176' title='bbox 3139 917 3339 991; x_wconf 79' lang='grc' dir='ltr'>λῃστὴν</span> <span class='ocrx_word' id='word_1_177' title='bbox 3370 919 3464 973; x_wconf 74' lang='grc' dir='ltr'><strong>καὶ</strong></span> <span class='ocrx_word' id='word_1_178' title='bbox 3491 919 3654 988; x_wconf 79' lang='grc' dir='ltr'>φονέα</span> <span class='ocrx_word' id='word_1_179' title='bbox 3687 919 3776 972; x_wconf 81' lang='grc' dir='ltr'><strong>τοῦ</strong></span> 
     </span>
    </p>
   </div>
   <div class='ocr_carea' id='block_1_27' title="bbox 2207 1007 3778 1083">
    <p class='ocr_par' dir='ltr' id='par_1_27' title="bbox 2207 1007 3778 1083">
     <span class='ocr_line' id='line_1_27' title="bbox 2207 1007 3778 1083; baseline 0.002 -22"><span class='ocrx_word' id='word_1_180' title='bbox 2207 1007 2433 1062; x_wconf 85' lang='grc' dir='ltr'>θανάτου</span> <span class='ocrx_word' id='word_1_181' title='bbox 2486 1009 2829 1083; x_wconf 81' lang='grc' dir='ltr'>παρῄτηται,</span> <span class='ocrx_word' id='word_1_182' title='bbox 2875 1009 2966 1063; x_wconf 79' lang='grc' dir='ltr'><strong>τὸν</strong></span> <span class='ocrx_word' id='word_1_183' title='bbox 3013 1009 3069 1063; x_wconf 82' lang='grc' dir='ltr'>δὲ</span> <span class='ocrx_word' id='word_1_184' title='bbox 3115 1009 3353 1080; x_wconf 81' lang='grc' dir='ltr'>ἀρχηγὸν</span> <span class='ocrx_word' id='word_1_185' title='bbox 3401 1011 3499 1081; x_wconf 84' lang='grc' dir='ltr'><strong>τῆς</strong></span> <span class='ocrx_word' id='word_1_186' title='bbox 3543 1009 3690 1080; x_wconf 83' lang='grc' dir='ltr'><strong>ζωῆς</strong></span> <span class='ocrx_word' id='word_1_187' title='bbox 3720 1012 3778 1077; x_wconf 64' lang='grc' dir='ltr'><strong>ἐξ</strong></span> 
     </span>
    </p>
   </div>
   <div class='ocr_carea' id='block_1_28' title="bbox 2204 1099 3778 1173">
    <p class='ocr_par' dir='ltr' id='par_1_28' title="bbox 2204 1099 3778 1173">
     <span class='ocr_line' id='line_1_28' title="bbox 2204 1099 3778 1173; baseline 0.001 -22"><span class='ocrx_word' id='word_1_188' title='bbox 2204 1099 2383 1154; x_wconf 81' lang='grc' dir='ltr'>αὐτῶν</span> <span class='ocrx_word' id='word_1_189' title='bbox 2427 1101 2696 1155; x_wconf 80' lang='grc' dir='ltr'>ἱκέτευσεν</span> <span class='ocrx_word' id='word_1_190' title='bbox 2741 1100 2991 1172; x_wconf 78' lang='grc' dir='ltr'>ἀρθῆναι,</span> <span class='ocrx_word' id='word_1_191' title='bbox 3034 1100 3112 1171; x_wconf 81' lang='grc' dir='ltr'>τῷ</span> <span class='ocrx_word' id='word_1_192' title='bbox 3160 1102 3321 1154; x_wconf 77' lang='grc' dir='ltr'>παντὶ</span> <span class='ocrx_word' id='word_1_193' title='bbox 3357 1101 3778 1173; x_wconf 64' lang='grc' dir='ltr'>συμϐεϐηκότων</span> 
     </span>
    </p>
   </div>
   <div class='ocr_carea' id='block_1_29' title="bbox 2204 1192 3778 1264">
    <p class='ocr_par' dir='ltr' id='par_1_29' title="bbox 2204 1192 3778 1264">
     <span class='ocr_line' id='line_1_29' title="bbox 2204 1192 3778 1264; baseline 0.002 -18"><span class='ocrx_word' id='word_1_194' title='bbox 2204 1192 2374 1257; x_wconf 80' lang='grc' dir='ltr'>ἔθνει,</span> <span class='ocrx_word' id='word_1_195' title='bbox 2414 1194 2564 1246; x_wconf 77' lang='grc' dir='ltr'>οὐδὲν</span> <span class='ocrx_word' id='word_1_196' title='bbox 2597 1194 2661 1247; x_wconf 83' lang='grc' dir='ltr'><strong>ἂν</strong></span> <span class='ocrx_word' id='word_1_197' title='bbox 2706 1193 2812 1246; x_wconf 81' lang='grc' dir='ltr'>δέοι</span> <span class='ocrx_word' id='word_1_198' title='bbox 2858 1196 2978 1256; x_wconf 85' lang='grc' dir='ltr'>ταῖς</span> <span class='ocrx_word' id='word_1_199' title='bbox 3025 1193 3287 1264; x_wconf 80' lang='grc' dir='ltr'>ἱστορίαις</span> <span class='ocrx_word' id='word_1_200' title='bbox 3326 1192 3598 1261; x_wconf 78' lang='grc' dir='ltr'>ἐπιλέγειν</span> <span class='ocrx_word' id='word_1_201' title='bbox 3643 1194 3778 1264; x_wconf 77' lang='grc'>(65).</span> 
     </span>
    </p>
   </div>
   <div class='ocr_carea' id='block_1_30' title="bbox 2204 1282 3777 1355">
    <p class='ocr_par' dir='ltr' id='par_1_30' title="bbox 2204 1282 3777 1355">
     <span class='ocr_line' id='line_1_30' title="bbox 2204 1282 3777 1355; baseline 0 -19"><span class='ocrx_word' id='word_1_202' title='bbox 2204 1283 2389 1337; x_wconf 87' lang='grc' dir='ltr'>Ταῦτα</span> <span class='ocrx_word' id='word_1_203' title='bbox 2413 1284 2456 1337; x_wconf 83' lang='grc' dir='ltr'>δ’</span> <span class='ocrx_word' id='word_1_204' title='bbox 2484 1283 2549 1338; x_wconf 84' lang='grc' dir='ltr'>ἂν</span> <span class='ocrx_word' id='word_1_205' title='bbox 2577 1285 2661 1353; x_wconf 79' lang='grc' dir='ltr'>εἴη</span> <span class='ocrx_word' id='word_1_206' title='bbox 2690 1284 2894 1337; x_wconf 78' lang='grc' dir='ltr'>δῖκαιον</span> <span class='ocrx_word' id='word_1_207' title='bbox 2935 1283 3014 1336; x_wconf 76' lang='grc' dir='ltr'><strong>ἔτι</strong></span> <span class='ocrx_word' id='word_1_208' title='bbox 3062 1282 3390 1355; x_wconf 77' lang='grc' dir='ltr'>προσϐῆναι,</span> <span class='ocrx_word' id='word_1_209' title='bbox 3418 1283 3454 1337; x_wconf 78' lang='grc' dir='ltr'>ἃ</span> <span class='ocrx_word' id='word_1_210' title='bbox 3486 1283 3681 1351; x_wconf 80' lang='grc' dir='ltr'>γένοιτ’</span> <span class='ocrx_word' id='word_1_211' title='bbox 3712 1282 3777 1336; x_wconf 83' lang='grc' dir='ltr'>ἂν</span> 
     </span>
    </p>
   </div>
   <div class='ocr_carea' id='block_1_31' title="bbox 2204 1374 3776 1448">
    <p class='ocr_par' dir='ltr' id='par_1_31' title="bbox 2204 1374 3776 1448">
     <span class='ocr_line' id='line_1_31' title="bbox 2204 1374 3776 1448; baseline -0.002 -19"><span class='ocrx_word' id='word_1_212' title='bbox 2204 1377 2585 1448; x_wconf 81' lang='grc' dir='ltr'>παραστατικὰ</span> <span class='ocrx_word' id='word_1_213' title='bbox 2654 1374 3057 1446; x_wconf 78' lang='grc' dir='ltr'>φιλανθρωπίας</span> <span class='ocrx_word' id='word_1_214' title='bbox 3106 1376 3204 1446; x_wconf 88' lang='grc' dir='ltr'><strong>τῆς</strong></span> <span class='ocrx_word' id='word_1_215' title='bbox 3255 1375 3570 1443; x_wconf 87' lang='grc' dir='ltr'>παναγάθου</span> <span class='ocrx_word' id='word_1_216' title='bbox 3640 1392 3776 1446; x_wconf 87' lang='grc' dir='ltr'>προ-</span> 
     </span>
    </p>
   </div>
   <div class='ocr_carea' id='block_1_32' title="bbox 2202 1468 3779 1540">
    <p class='ocr_par' dir='ltr' id='par_1_32' title="bbox 2202 1468 3779 1540">
     <span class='ocr_line' id='line_1_32' title="bbox 2202 1468 3779 1540; baseline -0.003 -16"><span class='ocrx_word' id='word_1_217' title='bbox 2202 1468 2369 1533; x_wconf 87' lang='grc' dir='ltr'>νοίας,</span> <span class='ocrx_word' id='word_1_218' title='bbox 2395 1468 2804 1540; x_wconf 84' lang='grc' dir='ltr'>τεσσαράκοντα</span> <span class='ocrx_word' id='word_1_219' title='bbox 2834 1469 2917 1539; x_wconf 79' lang='grc' dir='ltr'><strong>ἐφ’</strong></span> <span class='ocrx_word' id='word_1_220' title='bbox 2957 1469 3097 1533; x_wconf 83' lang='grc' dir='ltr'>ὅλοις</span> <span class='ocrx_word' id='word_1_221' title='bbox 3139 1469 3282 1523; x_wconf 78' lang='grc' dir='ltr'>ἔτεσι</span> <span class='ocrx_word' id='word_1_222' title='bbox 3313 1469 3448 1539; x_wconf 80' lang='grc' dir='ltr'>μετὰ</span> <span class='ocrx_word' id='word_1_223' title='bbox 3489 1468 3587 1539; x_wconf 79' lang='grc' dir='ltr'>τὴν</span> <span class='ocrx_word' id='word_1_224' title='bbox 3634 1469 3779 1521; x_wconf 82' lang='grc' dir='ltr'><strong>κατά</strong></span> 
     </span>
    </p>
   </div>
   <div class='ocr_carea' id='block_1_33' title="bbox 2199 1558 3777 1633">
    <p class='ocr_par' dir='ltr' id='par_1_33' title="bbox 2199 1558 3777 1633">
     <span class='ocr_line' id='line_1_33' title="bbox 2199 1558 3777 1633; baseline -0.003 -19"><span class='ocrx_word' id='word_1_225' title='bbox 2199 1559 2294 1614; x_wconf 86' lang='grc' dir='ltr'><strong>τοῦ</strong></span> <span class='ocrx_word' id='word_1_226' title='bbox 2324 1560 2558 1633; x_wconf 88' lang='grc' dir='ltr'>Χριστοῦ</span> <span class='ocrx_word' id='word_1_227' title='bbox 2589 1560 2814 1631; x_wconf 80' lang='grc' dir='ltr'>τόλμαν,</span> <span class='ocrx_word' id='word_1_228' title='bbox 2845 1560 2934 1614; x_wconf 79' lang='grc' dir='ltr'>τὸν</span> <span class='ocrx_word' id='word_1_229' title='bbox 2958 1560 3075 1615; x_wconf 84' lang='grc' dir='ltr'>κατ’</span> <span class='ocrx_word' id='word_1_230' title='bbox 3103 1560 3280 1614; x_wconf 79' lang='grc' dir='ltr'>αὐτῶν</span> <span class='ocrx_word' id='word_1_231' title='bbox 3304 1559 3522 1631; x_wconf 77' lang='grc' dir='ltr'>ὄλεθρον</span> <span class='ocrx_word' id='word_1_232' title='bbox 3542 1558 3777 1632; x_wconf 85' lang='grc' dir='ltr'>ὑπερθε-</span> 
     </span>
    </p>
   </div>
   <div class='ocr_carea' id='block_1_34' title="bbox 2205 1649 3777 1724">
    <p class='ocr_par' dir='ltr' id='par_1_34' title="bbox 2205 1649 3777 1724">
     <span class='ocr_line' id='line_1_34' title="bbox 2205 1649 3777 1724; baseline -0.003 -17"><span class='ocrx_word' id='word_1_233' title='bbox 2205 1654 2396 1724; x_wconf 81' lang='grc' dir='ltr'>μένης,</span> <span class='ocrx_word' id='word_1_234' title='bbox 2440 1654 2498 1708; x_wconf 82' lang='grc' dir='ltr'>ὲν</span> <span class='ocrx_word' id='word_1_235' title='bbox 2543 1651 2687 1715; x_wconf 83' lang='grc' dir='ltr'>ὅσοις</span> <span class='ocrx_word' id='word_1_236' title='bbox 2740 1651 2849 1706; x_wconf 83' lang='grc' dir='ltr'>τῶν</span> <span class='ocrx_word' id='word_1_237' title='bbox 2896 1652 3205 1707; x_wconf 83' lang='grc' dir='ltr'>ἀποστόλων</span> <span class='ocrx_word' id='word_1_238' title='bbox 3232 1651 3325 1705; x_wconf 75' lang='grc' dir='ltr'><strong>καὶ</strong></span> <span class='ocrx_word' id='word_1_239' title='bbox 3368 1649 3475 1703; x_wconf 85' lang='grc' dir='ltr'>τῶν</span> <span class='ocrx_word' id='word_1_240' title='bbox 3517 1649 3777 1722; x_wconf 79' lang='grc' dir='ltr'>μαθητῶν</span> 
     </span>
    </p>
   </div>
   <div class='ocr_carea' id='block_1_35' title="bbox 527 1720 2083 1815">
    <p class='ocr_par' dir='ltr' id='par_1_35' title="bbox 527 1736 2083 1811">
     <span class='ocr_line' id='line_1_35' title="bbox 527 1736 2083 1811; baseline 0.001 -16"><span class='ocrx_word' id='word_1_241' title='bbox 527 1739 744 1811; x_wconf 90' lang='lat' dir='ltr'><strong>quidem</strong></span> <span class='ocrx_word' id='word_1_242' title='bbox 774 1747 897 1808; x_wconf 89' lang='lat' dir='ltr'><strong>post</strong></span> <span class='ocrx_word' id='word_1_243' title='bbox 919 1738 1191 1809; x_wconf 86' lang='lat' dir='ltr'><strong>piaculum</strong></span> <span class='ocrx_word' id='word_1_244' title='bbox 1225 1738 1279 1792; x_wconf 88' lang='lat' dir='ltr'><strong>in</strong></span> <span class='ocrx_word' id='word_1_245' title='bbox 1308 1736 1589 1794; x_wconf 83' lang='lat' dir='ltr'><strong>Christum</strong></span> <span class='ocrx_word' id='word_1_246' title='bbox 1620 1739 2083 1811; x_wconf 88' lang='lat' dir='ltr'><strong>admissum,qua-</strong></span> 
     </span>
    </p>
   </div>
   <div class='ocr_carea' id='block_1_36' title="bbox 2189 1720 3775 1815">
    <p class='ocr_par' dir='ltr' id='par_1_36' title="bbox 2197 1742 3775 1815">
     <span class='ocr_line' id='line_1_36' title="bbox 2197 1742 3775 1815; baseline -0.001 -16"><span class='ocrx_word' id='word_1_247' title='bbox 2197 1745 2442 1809; x_wconf 84' lang='grc' dir='ltr'>πλείους,</span> <span class='ocrx_word' id='word_1_248' title='bbox 2482 1743 2733 1810; x_wconf 76' lang='grc' dir='ltr'>Ἰάκωὸός</span> <span class='ocrx_word' id='word_1_249' title='bbox 2773 1762 2833 1798; x_wconf 84' lang='grc' dir='ltr'><strong>τε</strong></span> <span class='ocrx_word' id='word_1_250' title='bbox 2879 1744 3039 1808; x_wconf 73' lang='grc' dir='ltr'>αὐτὸς</span> <span class='ocrx_word' id='word_1_251' title='bbox 3065 1746 3093 1798; x_wconf 87' lang='grc' dir='ltr'>ὁ</span> <span class='ocrx_word' id='word_1_252' title='bbox 3137 1743 3261 1815; x_wconf 76' lang='grc' dir='ltr'>τῇδε</span> <span class='ocrx_word' id='word_1_253' title='bbox 3297 1742 3511 1811; x_wconf 84' lang='grc' dir='ltr'>πρῶτος</span> <span class='ocrx_word' id='word_1_254' title='bbox 3550 1744 3775 1798; x_wconf 77' lang='grc' dir='ltr'>ἐπίσκο-</span> 
     </span>
    </p>
   </div>
   <div class='ocr_carea' id='block_1_37' title="bbox 527 1828 2086 1901">
    <p class='ocr_par' dir='ltr' id='par_1_37' title="bbox 527 1828 2086 1901">
     <span class='ocr_line' id='line_1_37' title="bbox 527 1828 2086 1901; baseline 0.001 -15"><span class='ocrx_word' id='word_1_255' title='bbox 527 1829 778 1901; x_wconf 75' lang='lat' dir='ltr'><strong>draginta</strong></span> <span class='ocrx_word' id='word_1_256' title='bbox 799 1844 1066 1884; x_wconf 90' lang='lat' dir='ltr'><strong>annorum</strong></span> <span class='ocrx_word' id='word_1_257' title='bbox 1097 1828 1274 1898; x_wconf 84' lang='lat' dir='ltr'><strong>spatio</strong></span> <span class='ocrx_word' id='word_1_258' title='bbox 1295 1871 1312 1896; x_wconf 89' lang='lat'><strong>,</strong></span> <span class='ocrx_word' id='word_1_259' title='bbox 1348 1830 1578 1884; x_wconf 79' lang='lat' dir='ltr'><strong>exitium</strong></span> <span class='ocrx_word' id='word_1_260' title='bbox 1608 1829 1825 1886; x_wconf 83' lang='lat' dir='ltr'><strong>illorum</strong></span> <span class='ocrx_word' id='word_1_261' title='bbox 1858 1832 2086 1889; x_wconf 83' lang='lat' dir='ltr'><strong>distulit.</strong></span> 
     </span>
    </p>
   </div>
   <div class='ocr_carea' id='block_1_38' title="bbox 527 1920 2087 1992">
    <p class='ocr_par' dir='ltr' id='par_1_38' title="bbox 527 1920 2087 1992">
     <span class='ocr_line' id='line_1_38' title="bbox 527 1920 2087 1992; baseline 0.001 -13"><span class='ocrx_word' id='word_1_262' title='bbox 527 1924 647 1992; x_wconf 84' lang='lat' dir='ltr'><strong>Quo</strong></span> <span class='ocrx_word' id='word_1_263' title='bbox 678 1923 734 1977; x_wconf 91' lang='lat' dir='ltr'><strong>in</strong></span> <span class='ocrx_word' id='word_1_264' title='bbox 763 1931 1004 1992; x_wconf 89' lang='lat' dir='ltr'><strong>tempore</strong></span> <span class='ocrx_word' id='word_1_265' title='bbox 1034 1921 1266 1988; x_wconf 84' lang='lat' dir='ltr'><strong>apostoli</strong></span> <span class='ocrx_word' id='word_1_266' title='bbox 1303 1936 1372 1976; x_wconf 87' lang='lat' dir='ltr'><strong>ac</strong></span> <span class='ocrx_word' id='word_1_267' title='bbox 1416 1920 1668 1992; x_wconf 88' lang='lat' dir='ltr'><strong>discipuli</strong></span> <span class='ocrx_word' id='word_1_268' title='bbox 1710 1937 1848 1992; x_wconf 86' lang='lat' dir='ltr'><strong>pene</strong></span> <span class='ocrx_word' id='word_1_269' title='bbox 1875 1939 2087 1989; x_wconf 87' lang='lat' dir='ltr'><strong>omnes.</strong></span> 
     </span>
    </p>
   </div>
   <div class='ocr_carea' id='block_1_39' title="bbox 465 2012 2088 2088">
    <p class='ocr_par' dir='ltr' id='par_1_39' title="bbox 465 2012 2088 2088">
     <span class='ocr_line' id='line_1_39' title="bbox 465 2012 2088 2088; baseline 0.003 -21"><span class='ocrx_word' id='word_1_270' title='bbox 465 2060 469 2067; x_wconf 94' lang='lat'><strong>.</strong></span> <span class='ocrx_word' id='word_1_271' title='bbox 526 2027 582 2072; x_wconf 89' lang='lat' dir='ltr'><strong>et</strong></span> <span class='ocrx_word' id='word_1_272' title='bbox 620 2014 859 2070; x_wconf 82' lang='lat' dir='ltr'><strong>Jacobus</strong></span> <span class='ocrx_word' id='word_1_273' title='bbox 888 2012 1006 2082; x_wconf 91' lang='lat' dir='ltr'><strong>ipse</strong></span> <span class='ocrx_word' id='word_1_274' title='bbox 1034 2012 1239 2081; x_wconf 88' lang='lat' dir='ltr'><strong>primus</strong></span> <span class='ocrx_word' id='word_1_275' title='bbox 1273 2012 1375 2067; x_wconf 92' lang='lat' dir='ltr'><strong>loci</strong></span> <span class='ocrx_word' id='word_1_276' title='bbox 1406 2012 1552 2069; x_wconf 89' lang='lat' dir='ltr'><strong>illius</strong></span> <span class='ocrx_word' id='word_1_277' title='bbox 1580 2013 1886 2086; x_wconf 89' lang='lat' dir='ltr'><strong>episcopus,</strong></span> <span class='ocrx_word' id='word_1_278' title='bbox 1922 2016 1968 2072; x_wconf 94' lang='lat' dir='ltr'><strong>is</strong></span> <span class='ocrx_word' id='word_1_279' title='bbox 1996 2018 2088 2088; x_wconf 88' lang='lat' dir='ltr'><strong>qui</strong></span> 
     </span>
    </p>
   </div>
   <div class='ocr_carea' id='block_1_40' title="bbox 525 2105 2088 2177">
    <p class='ocr_par' dir='ltr' id='par_1_40' title="bbox 525 2105 2088 2177">
     <span class='ocr_line' id='line_1_40' title="bbox 525 2105 2088 2177; baseline 0.002 -14"><span class='ocrx_word' id='word_1_280' title='bbox 525 2109 697 2163; x_wconf 81' lang='lat' dir='ltr'><strong>frater</strong></span> <span class='ocrx_word' id='word_1_281' title='bbox 731 2106 944 2162; x_wconf 89' lang='lat' dir='ltr'><strong>Domini</strong></span> <span class='ocrx_word' id='word_1_282' title='bbox 980 2105 1286 2172; x_wconf 84' lang='lat' dir='ltr'><strong>dicebatur,</strong></span> <span class='ocrx_word' id='word_1_283' title='bbox 1316 2106 1494 2161; x_wconf 91' lang='lat' dir='ltr'><strong>adhuc</strong></span> <span class='ocrx_word' id='word_1_284' title='bbox 1522 2108 1842 2177; x_wconf 89' lang='lat' dir='ltr'><strong>superstites</strong></span> <span class='ocrx_word' id='word_1_285' title='bbox 1865 2148 1882 2175; x_wconf 91' lang='lat'><strong>,</strong></span> <span class='ocrx_word' id='word_1_286' title='bbox 1922 2118 1979 2165; x_wconf 87' lang='lat' dir='ltr'><strong>et</strong></span> <span class='ocrx_word' id='word_1_287' title='bbox 2031 2110 2088 2166; x_wconf 91' lang='lat' dir='ltr'><strong>in</strong></span> 
     </span>
    </p>
   </div>
   <div class='ocr_carea' id='block_1_41' title="bbox 523 2197 2090 2270">
    <p class='ocr_par' dir='ltr' id='par_1_41' title="bbox 523 2197 2090 2270">
     <span class='ocr_line' id='line_1_41' title="bbox 523 2197 2090 2270; baseline 0.001 -15"><span class='ocrx_word' id='word_1_288' title='bbox 523 2201 644 2270; x_wconf 89' lang='lat' dir='ltr'><strong>ipsa</strong></span> <span class='ocrx_word' id='word_1_289' title='bbox 692 2197 1190 2269; x_wconf 78' lang='lat' dir='ltr'><strong>Hierosolymorum</strong></span> <span class='ocrx_word' id='word_1_290' title='bbox 1243 2197 1462 2253; x_wconf 86' lang='lat' dir='ltr'><strong>civitate</strong></span> <span class='ocrx_word' id='word_1_291' title='bbox 1509 2199 1805 2269; x_wconf 80' lang='lat' dir='ltr'><strong>degentes,</strong></span> <span class='ocrx_word' id='word_1_292' title='bbox 1840 2202 2090 2257; x_wconf 81' lang='lat' dir='ltr'><strong>ﬁrmissi-</strong></span> 
     </span>
    </p>
   </div>
   <div class='ocr_carea' id='block_1_42' title="bbox 523 2289 2087 2358">
    <p class='ocr_par' dir='ltr' id='par_1_42' title="bbox 523 2289 2087 2358">
     <span class='ocr_line' id='line_1_42' title="bbox 523 2289 2087 2358; baseline 0.001 -12"><span class='ocrx_word' id='word_1_293' title='bbox 523 2307 674 2347; x_wconf 87' lang='lat' dir='ltr'><strong>mum</strong></span> <span class='ocrx_word' id='word_1_294' title='bbox 707 2289 809 2345; x_wconf 89' lang='lat' dir='ltr'><strong>loci</strong></span> <span class='ocrx_word' id='word_1_295' title='bbox 830 2291 1216 2345; x_wconf 88' lang='lat' dir='ltr'><strong>munimentum</strong></span> <span class='ocrx_word' id='word_1_296' title='bbox 1235 2292 1566 2358; x_wconf 82' lang='lat' dir='ltr'><strong>perstabant,</strong></span> <span class='ocrx_word' id='word_1_297' title='bbox 1593 2305 1714 2345; x_wconf 92' lang='lat' dir='ltr'><strong>cum</strong></span> <span class='ocrx_word' id='word_1_298' title='bbox 1745 2293 1927 2347; x_wconf 84' lang='lat' dir='ltr'><strong>divina</strong></span> <span class='ocrx_word' id='word_1_299' title='bbox 1954 2293 2087 2349; x_wconf 78' lang='lat' dir='ltr'><strong>Pro-</strong></span> 
     </span>
    </p>
   </div>
   <div class='ocr_carea' id='block_1_43' title="bbox 524 2381 2089 2452">
    <p class='ocr_par' dir='ltr' id='par_1_43' title="bbox 524 2381 2089 2452">
     <span class='ocr_line' id='line_1_43' title="bbox 524 2381 2089 2452; baseline 0.006 -20"><span class='ocrx_word' id='word_1_300' title='bbox 524 2382 763 2436; x_wconf 88' lang='lat' dir='ltr'><strong>videntia</strong></span> <span class='ocrx_word' id='word_1_301' title='bbox 789 2382 967 2436; x_wconf 89' lang='lat' dir='ltr'><strong>adhuc</strong></span> <span class='ocrx_word' id='word_1_302' title='bbox 989 2396 1084 2436; x_wconf 90' lang='lat' dir='ltr'><strong>eos</strong></span> <span class='ocrx_word' id='word_1_303' title='bbox 1114 2381 1507 2452; x_wconf 89' lang='lat' dir='ltr'><strong>patientissime</strong></span> <span class='ocrx_word' id='word_1_304' title='bbox 1541 2384 1856 2451; x_wconf 84' lang='lat' dir='ltr'><strong>sustineret,</strong></span> <span class='ocrx_word' id='word_1_305' title='bbox 1878 2386 1921 2441; x_wconf 88' lang='lat' dir='ltr'><strong>si</strong></span> <span class='ocrx_word' id='word_1_306' title='bbox 1948 2386 2089 2442; x_wconf 79' lang='lat' dir='ltr'><strong>forte</strong></span> 
     </span>
    </p>
   </div>
   <div class='ocr_carea' id='block_1_44' title="bbox 523 2472 2090 2546">
    <p class='ocr_par' dir='ltr' id='par_1_44' title="bbox 523 2472 2090 2546">
     <span class='ocr_line' id='line_1_44' title="bbox 523 2472 2090 2546; baseline 0.004 -20"><span class='ocrx_word' id='word_1_307' title='bbox 523 2473 940 2528; x_wconf 84' lang='lat' dir='ltr'><strong>commissorum</strong></span> <span class='ocrx_word' id='word_1_308' title='bbox 971 2472 1257 2527; x_wconf 85' lang='lat' dir='ltr'><strong>criminum</strong></span> <span class='ocrx_word' id='word_1_309' title='bbox 1302 2474 1680 2544; x_wconf 63' lang='lat' dir='ltr'><strong>paenitentiam</strong></span> <span class='ocrx_word' id='word_1_310' title='bbox 1719 2488 1964 2546; x_wconf 76' lang='lat' dir='ltr'><strong>agentes,</strong></span> <span class='ocrx_word' id='word_1_311' title='bbox 1989 2493 2090 2533; x_wconf 86' lang='lat' dir='ltr'><strong>ve-</strong></span> 
     </span>
    </p>
   </div>
   <div class='ocr_carea' id='block_1_45' title="bbox 520 2564 2082 2638">
    <p class='ocr_par' dir='ltr' id='par_1_45' title="bbox 520 2564 2082 2638">
     <span class='ocr_line' id='line_1_45' title="bbox 520 2564 2082 2638; baseline 0.004 -19"><span class='ocrx_word' id='word_1_312' title='bbox 520 2568 670 2620; x_wconf 86' lang='lat' dir='ltr'><strong>niam</strong></span> <span class='ocrx_word' id='word_1_313' title='bbox 713 2574 770 2619; x_wconf 89' lang='lat' dir='ltr'><strong>et</strong></span> <span class='ocrx_word' id='word_1_314' title='bbox 811 2564 1037 2619; x_wconf 84' lang='lat' dir='ltr'><strong>salutem</strong></span> <span class='ocrx_word' id='word_1_315' title='bbox 1066 2566 1327 2631; x_wconf 86' lang='lat' dir='ltr'><strong>consequi</strong></span> <span class='ocrx_word' id='word_1_316' title='bbox 1370 2577 1591 2634; x_wconf 88' lang='lat' dir='ltr'><strong>possent</strong></span> <span class='ocrx_word' id='word_1_317' title='bbox 1622 2584 1638 2619; x_wconf 84' lang='lat'><strong>:</strong></span> <span class='ocrx_word' id='word_1_318' title='bbox 1675 2583 1905 2637; x_wconf 91' lang='lat' dir='ltr'><strong>cumque</strong></span> <span class='ocrx_word' id='word_1_319' title='bbox 1932 2570 2082 2638; x_wconf 86' lang='lat' dir='ltr'><strong>ejus-</strong></span> 
     </span>
    </p>
   </div>
   <div class='ocr_carea' id='block_1_46' title="bbox 518 2656 2076 2731">
    <p class='ocr_par' dir='ltr' id='par_1_46' title="bbox 518 2656 2076 2731">
     <span class='ocr_line' id='line_1_46' title="bbox 518 2656 2076 2731; baseline 0.004 -19"><span class='ocrx_word' id='word_1_320' title='bbox 518 2658 664 2713; x_wconf 81' lang='lat' dir='ltr'><strong>tnodi</strong></span> <span class='ocrx_word' id='word_1_321' title='bbox 704 2656 971 2725; x_wconf 84' lang='lat' dir='ltr'><strong>patientia</strong></span> <span class='ocrx_word' id='word_1_322' title='bbox 1017 2656 1241 2711; x_wconf 88' lang='lat' dir='ltr'><strong>minime</strong></span> <span class='ocrx_word' id='word_1_323' title='bbox 1297 2668 1553 2712; x_wconf 89' lang='lat' dir='ltr'><strong>contenta</strong></span> <span class='ocrx_word' id='word_1_324' title='bbox 1587 2658 1684 2712; x_wconf 90' lang='lat' dir='ltr'><strong>Dei</strong></span> <span class='ocrx_word' id='word_1_325' title='bbox 1728 2660 2076 2731; x_wconf 69' lang='lat' dir='ltr'><strong>benignitas,</strong></span> 
     </span>
    </p>
   </div>
   <div class='ocr_carea' id='block_1_47' title="bbox 521 2748 2082 2819">
    <p class='ocr_par' dir='ltr' id='par_1_47' title="bbox 521 2748 2082 2819">
     <span class='ocr_line' id='line_1_47' title="bbox 521 2748 2082 2819; baseline 0.006 -17"><span class='ocrx_word' id='word_1_326' title='bbox 521 2749 810 2803; x_wconf 83' lang='lat' dir='ltr'><strong>horrendis</strong></span> <span class='ocrx_word' id='word_1_327' title='bbox 843 2748 1162 2817; x_wconf 87' lang='lat' dir='ltr'><strong>quibusdam</strong></span> <span class='ocrx_word' id='word_1_328' title='bbox 1206 2748 1377 2818; x_wconf 80' lang='lat' dir='ltr'><strong>signis</strong></span> <span class='ocrx_word' id='word_1_329' title='bbox 1407 2763 1470 2805; x_wconf 89' lang='lat' dir='ltr'><strong>ac</strong></span> <span class='ocrx_word' id='word_1_330' title='bbox 1504 2753 1772 2819; x_wconf 84' lang='lat' dir='ltr'><strong>portentis</strong></span> <span class='ocrx_word' id='word_1_331' title='bbox 1819 2754 2082 2812; x_wconf 89' lang='lat' dir='ltr'><strong>divinitus</strong></span> 
     </span>
    </p>
   </div>
   <div class='ocr_carea' id='block_1_48' title="bbox 518 2836 2077 2914">
    <p class='ocr_par' dir='ltr' id='par_1_48' title="bbox 518 2836 2077 2914">
     <span class='ocr_line' id='line_1_48' title="bbox 518 2836 2077 2914; baseline 0.007 -27"><span class='ocrx_word' id='word_1_332' title='bbox 518 2838 702 2901; x_wconf 78' lang='lat' dir='ltr'><strong>editis,</strong></span> <span class='ocrx_word' id='word_1_333' title='bbox 735 2836 1072 2893; x_wconf 85' lang='lat' dir='ltr'><strong>calamitates</strong></span> <span class='ocrx_word' id='word_1_334' title='bbox 1096 2836 1250 2907; x_wconf 78' lang='lat' dir='ltr'><strong>ipsis,</strong></span> <span class='ocrx_word' id='word_1_335' title='bbox 1285 2838 1386 2892; x_wconf 88' lang='lat' dir='ltr'><strong>nisi</strong></span> <span class='ocrx_word' id='word_1_336' title='bbox 1414 2841 1786 2909; x_wconf 84' lang='lat' dir='ltr'><strong>paenitentiam</strong></span> <span class='ocrx_word' id='word_1_337' title='bbox 1814 2843 2077 2914; x_wconf 83' lang='lat' dir='ltr'><strong>egissent,</strong></span> 
     </span>
    </p>
   </div>
   <div class='ocr_carea' id='block_1_49' title="bbox 2197 1834 3778 1908">
    <p class='ocr_par' dir='ltr' id='par_1_49' title="bbox 2197 1834 3778 1908">
     <span class='ocr_line' id='line_1_49' title="bbox 2197 1834 3778 1908; baseline 0 -18"><span class='ocrx_word' id='word_1_338' title='bbox 2197 1854 2324 1904; x_wconf 89' lang='grc' dir='ltr'>πος,</span> <span class='ocrx_word' id='word_1_339' title='bbox 2368 1836 2461 1889; x_wconf 85' lang='grc' dir='ltr'><strong>τοῦ</strong></span> <span class='ocrx_word' id='word_1_340' title='bbox 2504 1835 2709 1907; x_wconf 88' lang='grc' dir='ltr'>Κυρίου</span> <span class='ocrx_word' id='word_1_341' title='bbox 2754 1835 3102 1908; x_wconf 81' lang='grc' dir='ltr'>χρηματίζων</span> <span class='ocrx_word' id='word_1_342' title='bbox 3147 1835 3401 1905; x_wconf 72' lang='grc' dir='ltr'>ἀδελφὸς,</span> <span class='ocrx_word' id='word_1_343' title='bbox 3432 1835 3509 1888; x_wconf 79' lang='grc' dir='ltr'>ἔτι</span> <span class='ocrx_word' id='word_1_344' title='bbox 3550 1834 3629 1907; x_wconf 81' lang='grc' dir='ltr'>τῷ</span> <span class='ocrx_word' id='word_1_345' title='bbox 3675 1836 3778 1908; x_wconf 81' lang='grc' dir='ltr'><strong>βίῳ</strong></span> 
     </span>
    </p>
   </div>
   <div class='ocr_carea' id='block_1_50' title="bbox 2197 1927 3775 2002">
    <p class='ocr_par' dir='ltr' id='par_1_50' title="bbox 2197 1927 3775 2002">
     <span class='ocr_line' id='line_1_50' title="bbox 2197 1927 3775 2002; baseline -0.001 -18"><span class='ocrx_word' id='word_1_346' title='bbox 2197 1931 2501 2002; x_wconf 82' lang='grc' dir='ltr'>περιόντες,</span> <span class='ocrx_word' id='word_1_347' title='bbox 2552 1931 2645 1984; x_wconf 75' lang='grc' dir='ltr'><strong>καὶ</strong></span> <span class='ocrx_word' id='word_1_348' title='bbox 2676 1928 2761 1982; x_wconf 77' lang='grc' dir='ltr'>ἐπ’</span> <span class='ocrx_word' id='word_1_349' title='bbox 2801 1930 2969 2001; x_wconf 75' lang='grc' dir='ltr'>αὐτῆς</span> <span class='ocrx_word' id='word_1_350' title='bbox 3002 1929 3101 2000; x_wconf 86' lang='grc' dir='ltr'><strong>τῆς</strong></span> <span class='ocrx_word' id='word_1_351' title='bbox 3139 1927 3525 2002; x_wconf 86' lang='grc' dir='ltr'>Ἱεροσολύμων</span> <span class='ocrx_word' id='word_1_352' title='bbox 3565 1928 3775 1992; x_wconf 74' lang='grc' dir='ltr'>πόλεως</span> 
     </span>
    </p>
   </div>
   <div class='ocr_carea' id='block_1_51' title="bbox 2194 2019 3778 2094">
    <p class='ocr_par' dir='ltr' id='par_1_51' title="bbox 2194 2019 3778 2094">
     <span class='ocr_line' id='line_1_51' title="bbox 2194 2019 3778 2094; baseline -0.003 -18"><span class='ocrx_word' id='word_1_353' title='bbox 2194 2022 2293 2087; x_wconf 80' lang='grc' dir='ltr'>τὰς</span> <span class='ocrx_word' id='word_1_354' title='bbox 2323 2021 2602 2094; x_wconf 76' lang='grc' dir='ltr'>διατριϐὰς</span> <span class='ocrx_word' id='word_1_355' title='bbox 2642 2020 2973 2093; x_wconf 84' lang='grc' dir='ltr'>ποιούμενοι,</span> <span class='ocrx_word' id='word_1_356' title='bbox 3011 2020 3170 2093; x_wconf 73' lang='grc' dir='ltr'>ἕρκος</span> <span class='ocrx_word' id='word_1_357' title='bbox 3209 2020 3396 2092; x_wconf 82' lang='grc' dir='ltr'>ὥσπερ</span> <span class='ocrx_word' id='word_1_358' title='bbox 3430 2019 3778 2092; x_wconf 73' lang='grc' dir='ltr'>ὀχυρώτατον</span> 
     </span>
    </p>
   </div>
   <div class='ocr_carea' id='block_1_52' title="bbox 2193 2111 3777 2185">
    <p class='ocr_par' dir='ltr' id='par_1_52' title="bbox 2193 2111 3777 2185">
     <span class='ocr_line' id='line_1_52' title="bbox 2193 2111 3777 2185; baseline -0.004 -17"><span class='ocrx_word' id='word_1_359' title='bbox 2193 2114 2498 2185; x_wconf 81' lang='grc' dir='ltr'>παρέμενον</span> <span class='ocrx_word' id='word_1_360' title='bbox 2545 2112 2623 2184; x_wconf 83' lang='grc' dir='ltr'>τῷ</span> <span class='ocrx_word' id='word_1_361' title='bbox 2666 2114 2851 2184; x_wconf 83' lang='grc' dir='ltr'>τόπῳ,</span> <span class='ocrx_word' id='word_1_362' title='bbox 2893 2112 2991 2185; x_wconf 81' lang='grc' dir='ltr'><strong>τῆς</strong></span> <span class='ocrx_word' id='word_1_363' title='bbox 3046 2112 3197 2177; x_wconf 87' lang='grc' dir='ltr'>θείας</span> <span class='ocrx_word' id='word_1_364' title='bbox 3247 2111 3554 2181; x_wconf 82' lang='grc' dir='ltr'>ἐπισκοπῆς</span> <span class='ocrx_word' id='word_1_365' title='bbox 3601 2111 3777 2163; x_wconf 81' lang='grc' dir='ltr'>εἰσέτι</span> 
     </span>
    </p>
   </div>
   <div class='ocr_carea' id='block_1_53' title="bbox 2192 2194 3776 2277">
    <p class='ocr_par' dir='ltr' id='par_1_53' title="bbox 2192 2194 3776 2277">
     <span class='ocr_line' id='line_1_53' title="bbox 2192 2194 3776 2277; baseline -0.004 -18"><span class='ocrx_word' id='word_1_366' title='bbox 2192 2207 2312 2260; x_wconf 80' lang='grc' dir='ltr'>τότε</span> <span class='ocrx_word' id='word_1_367' title='bbox 2364 2204 2851 2277; x_wconf 78' lang='grc' dir='ltr'>μακροθυμούσης,</span> <span class='ocrx_word' id='word_1_368' title='bbox 2892 2206 2940 2258; x_wconf 89' lang='grc' dir='ltr'><strong>εί</strong></span> <span class='ocrx_word' id='word_1_369' title='bbox 2974 2204 3080 2276; x_wconf 75' lang='grc' dir='ltr'>ἄρα</span> <span class='ocrx_word' id='word_1_370' title='bbox 3108 2204 3237 2256; x_wconf 83' lang='grc' dir='ltr'>ποτὲ</span> <span class='ocrx_word' id='word_1_371' title='bbox 3272 2202 3547 2273; x_wconf 75' lang='grc' dir='ltr'>δυνηθεῖεν</span> <span class='ocrx_word' id='word_1_372' title='bbox 3579 2202 3666 2270; x_wconf 65' lang='grc' dir='ltr'><strong>ἐφ’</strong></span> <span class='ocrx_word' id='word_1_373' title='bbox 3690 2194 3776 2264; x_wconf 76' lang='grc' dir='ltr'>οἷς</span> 
     </span>
    </p>
   </div>
   <div class='ocr_carea' id='block_1_54' title="bbox 2193 2291 3774 2368">
    <p class='ocr_par' dir='ltr' id='par_1_54' title="bbox 2193 2291 3774 2368">
     <span class='ocr_line' id='line_1_54' title="bbox 2193 2291 3774 2368; baseline -0.003 -19"><span class='ocrx_word' id='word_1_374' title='bbox 2193 2296 2424 2368; x_wconf 76' lang='grc' dir='ltr'>ἔδρασαν</span> <span class='ocrx_word' id='word_1_375' title='bbox 2481 2298 2908 2368; x_wconf 86' lang='grc' dir='ltr'>μετανοήσαντες</span> <span class='ocrx_word' id='word_1_376' title='bbox 2930 2335 2944 2359; x_wconf 95' lang='grc'><strong>,</strong></span> <span class='ocrx_word' id='word_1_377' title='bbox 2994 2293 3320 2365; x_wconf 77' lang='grc' dir='ltr'>συγγνώμης</span> <span class='ocrx_word' id='word_1_378' title='bbox 3360 2294 3455 2346; x_wconf 75' lang='grc' dir='ltr'>καὶ</span> <span class='ocrx_word' id='word_1_379' title='bbox 3498 2291 3774 2362; x_wconf 85' lang='grc' dir='ltr'>σωτηρίας</span> 
     </span>
    </p>
   </div>
   <div class='ocr_carea' id='block_1_55' title="bbox 2193 2384 3776 2459">
    <p class='ocr_par' dir='ltr' id='par_1_55' title="bbox 2193 2384 3776 2459">
     <span class='ocr_line' id='line_1_55' title="bbox 2193 2384 3776 2459; baseline -0.003 -20"><span class='ocrx_word' id='word_1_380' title='bbox 2193 2388 2395 2457; x_wconf 79' lang='grc' dir='ltr'>τυχεῖν,</span> <span class='ocrx_word' id='word_1_381' title='bbox 2441 2388 2533 2441; x_wconf 74' lang='grc' dir='ltr'>καὶ</span> <span class='ocrx_word' id='word_1_382' title='bbox 2582 2387 2715 2459; x_wconf 84' lang='grc' dir='ltr'>πρὸς</span> <span class='ocrx_word' id='word_1_383' title='bbox 2765 2389 2830 2458; x_wconf 83' lang='grc' dir='ltr'>τῇ</span> <span class='ocrx_word' id='word_1_384' title='bbox 2878 2384 3109 2456; x_wconf 83' lang='grc' dir='ltr'>τοσαύτῃ</span> <span class='ocrx_word' id='word_1_385' title='bbox 3159 2384 3539 2455; x_wconf 82' lang='grc' dir='ltr'>μακροθυμίᾳ,</span> <span class='ocrx_word' id='word_1_386' title='bbox 3590 2399 3776 2454; x_wconf 81' lang='grc' dir='ltr'>παρα-</span> 
     </span>
    </p>
   </div>
   <div class='ocr_carea' id='block_1_56' title="bbox 2194 2476 3773 2551">
    <p class='ocr_par' dir='ltr' id='par_1_56' title="bbox 2194 2476 3773 2551">
     <span class='ocr_line' id='line_1_56' title="bbox 2194 2476 3773 2551; baseline -0.003 -20"><span class='ocrx_word' id='word_1_387' title='bbox 2194 2479 2375 2545; x_wconf 77' lang='grc' dir='ltr'>δόξους</span> <span class='ocrx_word' id='word_1_388' title='bbox 2420 2479 2716 2551; x_wconf 87' lang='grc' dir='ltr'>θεοσημίας</span> <span class='ocrx_word' id='word_1_389' title='bbox 2762 2479 2867 2533; x_wconf 84' lang='grc' dir='ltr'>τῶν</span> <span class='ocrx_word' id='word_1_390' title='bbox 2909 2477 3205 2548; x_wconf 79' lang='grc' dir='ltr'>μελλόντων</span> <span class='ocrx_word' id='word_1_391' title='bbox 3256 2477 3437 2540; x_wconf 81' lang='grc' dir='ltr'>αὐτοῖς</span> <span class='ocrx_word' id='word_1_392' title='bbox 3477 2476 3551 2546; x_wconf 84' lang='grc' dir='ltr'>μὴ</span> <span class='ocrx_word' id='word_1_393' title='bbox 3598 2491 3773 2545; x_wconf 83' lang='grc' dir='ltr'>μετα-</span> 
     </span>
    </p>
   </div>
   <div class='ocr_carea' id='block_1_57' title="bbox 2196 2567 3773 2643">
    <p class='ocr_par' dir='ltr' id='par_1_57' title="bbox 2196 2567 3773 2643">
     <span class='ocr_line' id='line_1_57' title="bbox 2196 2567 3773 2643; baseline -0.002 -20"><span class='ocrx_word' id='word_1_394' title='bbox 2196 2573 2418 2643; x_wconf 85' lang='grc' dir='ltr'>νοήσασι</span> <span class='ocrx_word' id='word_1_395' title='bbox 2472 2571 2842 2642; x_wconf 81' lang='grc' dir='ltr'>συμϐήσεσθαι</span> <span class='ocrx_word' id='word_1_396' title='bbox 2899 2569 3337 2642; x_wconf 81' lang='grc' dir='ltr'>παρασχομένης.</span> <span class='ocrx_word' id='word_1_397' title='bbox 3376 2570 3443 2619; x_wconf 73' lang='grc' dir='ltr'><strong>Ἀ</strong></span> <span class='ocrx_word' id='word_1_398' title='bbox 3485 2568 3578 2621; x_wconf 73' lang='grc' dir='ltr'>καὶ</span> <span class='ocrx_word' id='word_1_399' title='bbox 3628 2567 3773 2621; x_wconf 77' lang='grc' dir='ltr'>αὐτὰ</span> 
     </span>
    </p>
   </div>
   <div class='ocr_carea' id='block_1_58' title="bbox 2192 2659 3775 2734">
    <p class='ocr_par' dir='ltr' id='par_1_58' title="bbox 2192 2659 3775 2734">
     <span class='ocr_line' id='line_1_58' title="bbox 2192 2659 3775 2734; baseline -0.003 -19"><span class='ocrx_word' id='word_1_400' title='bbox 2192 2664 2410 2734; x_wconf 87' lang='grc' dir='ltr'>μνήμης</span> <span class='ocrx_word' id='word_1_401' title='bbox 2459 2662 2736 2734; x_wconf 70' lang='grc' dir='ltr'>ἠξιωμένα</span> <span class='ocrx_word' id='word_1_402' title='bbox 2787 2662 2923 2733; x_wconf 78' lang='grc' dir='ltr'>πρὸς</span> <span class='ocrx_word' id='word_1_403' title='bbox 2968 2662 3060 2715; x_wconf 89' lang='grc' dir='ltr'><strong>τοῦ</strong></span> <span class='ocrx_word' id='word_1_404' title='bbox 3109 2659 3473 2730; x_wconf 85' lang='grc' dir='ltr'>δεδηλωμένου</span> <span class='ocrx_word' id='word_1_405' title='bbox 3527 2674 3775 2730; x_wconf 86' lang='grc' dir='ltr'>συγγρα-</span> 
     </span>
    </p>
   </div>
   <div class='ocr_carea' id='block_1_59' title="bbox 2189 2749 3769 2823">
    <p class='ocr_par' dir='ltr' id='par_1_59' title="bbox 2189 2749 3769 2823">
     <span class='ocr_line' id='line_1_59' title="bbox 2189 2749 3769 2823; baseline -0.003 -17"><span class='ocrx_word' id='word_1_406' title='bbox 2189 2752 2362 2823; x_wconf 81' lang='grc' dir='ltr'>φέως,</span> <span class='ocrx_word' id='word_1_407' title='bbox 2418 2753 2566 2806; x_wconf 78' lang='grc' dir='ltr'>οὐδὲν</span> <span class='ocrx_word' id='word_1_408' title='bbox 2624 2749 2732 2806; x_wconf 73' lang='grc' dir='ltr'>οἷον</span> <span class='ocrx_word' id='word_1_409' title='bbox 2792 2754 2903 2818; x_wconf 85' lang='grc' dir='ltr'>τοῖς</span> <span class='ocrx_word' id='word_1_410' title='bbox 2951 2752 3076 2823; x_wconf 76' lang='grc' dir='ltr'>τῇδε</span> <span class='ocrx_word' id='word_1_411' title='bbox 3125 2749 3406 2821; x_wconf 80' lang='grc' dir='ltr'>προσιοῦσι</span> <span class='ocrx_word' id='word_1_412' title='bbox 3458 2752 3525 2820; x_wconf 79' lang='grc' dir='ltr'>τῇ</span> <span class='ocrx_word' id='word_1_413' title='bbox 3579 2750 3769 2820; x_wconf 70' lang='grc' dir='ltr'>γραφῇ</span> 
     </span>
    </p>
   </div>
   <div class='ocr_carea' id='block_1_60' title="bbox 2187 2844 2567 2917">
    <p class='ocr_par' dir='ltr' id='par_1_60' title="bbox 2187 2844 2567 2917">
     <span class='ocr_line' id='line_1_60' title="bbox 2187 2844 2567 2917; baseline 0.003 -19"><span class='ocrx_word' id='word_1_414' title='bbox 2187 2844 2527 2917; x_wconf 89' lang='grc' dir='ltr'>παραθεῖναι.</span> <span class='ocrx_word' id='word_1_415' title='bbox 2556 2878 2567 2890; x_wconf 88' lang='lat'><strong>-</strong></span> 
     </span>
    </p>
   </div>
   <div class='ocr_carea' id='block_1_61' title="bbox 516 2930 3767 3009">
    <p class='ocr_par' dir='ltr' id='par_1_61' title="bbox 516 2930 3767 3009">
     <span class='ocr_line' id='line_1_61' title="bbox 516 2930 3767 3009; baseline 0.001 -25"><span class='ocrx_word' id='word_1_416' title='bbox 516 2941 810 2986; x_wconf 84' lang='lat' dir='ltr'><strong>eventuras</strong></span> <span class='ocrx_word' id='word_1_417' title='bbox 838 2930 1246 3001; x_wconf 76' lang='lat' dir='ltr'><strong>prtenuntiaret.</strong></span> <span class='ocrx_word' id='word_1_418' title='bbox 1292 2931 1420 2999; x_wconf 74' lang='lat' dir='ltr'><strong>Qua:</strong></span> <span class='ocrx_word' id='word_1_419' title='bbox 1454 2934 1668 3002; x_wconf 83' lang='lat' dir='ltr'><strong>quidem</strong></span> <span class='ocrx_word' id='word_1_420' title='bbox 1709 2935 1860 3007; x_wconf 76' lang='lat' dir='ltr'><strong>signa</strong></span> <span class='ocrx_word' id='word_1_421' title='bbox 1893 2953 2015 2992; x_wconf 91' lang='lat' dir='ltr'><strong>cum</strong></span> <span class='ocrx_word' id='word_1_422' title='bbox 2063 2953 2095 2993; x_wconf 90' lang='lat' dir='ltr'><strong>a</strong></span> <span class='ocrx_word' id='word_1_423' title='bbox 2157 2939 2468 3009; x_wconf 91' lang='lat' dir='ltr'><strong>supradicto</strong></span> <span class='ocrx_word' id='word_1_424' title='bbox 2526 2938 2768 2993; x_wconf 73' lang='lat' dir='ltr'><strong>historia:</strong></span> <span class='ocrx_word' id='word_1_425' title='bbox 2807 2938 3076 3008; x_wconf 88' lang='lat' dir='ltr'><strong>scriptore</strong></span> <span class='ocrx_word' id='word_1_426' title='bbox 3107 2936 3305 2992; x_wconf 88' lang='lat' dir='ltr'><strong>litteris</strong></span> <span class='ocrx_word' id='word_1_427' title='bbox 3355 2933 3603 2990; x_wconf 86' lang='lat' dir='ltr'><strong>mandata</strong></span> <span class='ocrx_word' id='word_1_428' title='bbox 3627 2932 3767 2988; x_wconf 53' lang='lat' dir='ltr'><strong>sint,</strong></span> 
     </span>
    </p>
   </div>
   <div class='ocr_carea' id='block_1_62' title="bbox 522 3022 2585 3102">
    <p class='ocr_par' dir='ltr' id='par_1_62' title="bbox 522 3022 2585 3102">
     <span class='ocr_line' id='line_1_62' title="bbox 522 3022 2585 3102; baseline 0.005 -24"><span class='ocrx_word' id='word_1_429' title='bbox 522 3041 631 3079; x_wconf 87' lang='lat' dir='ltr'><strong>non</strong></span> <span class='ocrx_word' id='word_1_430' title='bbox 668 3022 1276 3102; x_wconf 48' lang='lat' dir='ltr'><strong>inconunodnm‘fuerit</strong></span> <span class='ocrx_word' id='word_1_431' title='bbox 1326 3029 1493 3080; x_wconf 80' lang='lat' dir='ltr'><strong>nostri</strong></span> <span class='ocrx_word' id='word_1_432' title='bbox 1527 3043 1742 3101; x_wconf 89' lang='lat' dir='ltr'><strong>quoque</strong></span> <span class='ocrx_word' id='word_1_433' title='bbox 1786 3035 1965 3102; x_wconf 88' lang='lat' dir='ltr'><strong>operis</strong></span> <span class='ocrx_word' id='word_1_434' title='bbox 1995 3033 2292 3089; x_wconf 86' lang='lat' dir='ltr'><strong>lectoribus</strong></span> <span class='ocrx_word' id='word_1_435' title='bbox 2325 3031 2585 3086; x_wconf 73' lang='lat' dir='ltr'><strong>exhibere</strong></span> 
     </span>
    </p>
   </div>
   <div class='ocr_carea' id='block_1_63' title="bbox 1082 3083 1503 3176">
    <p class='ocr_par' dir='ltr' id='par_1_63' title="bbox 1082 3083 1503 3176">
     <span class='ocr_line' id='line_1_63' title="bbox 1082 3083 1503 3176; baseline 0.012 -5"><span class='ocrx_word' id='word_1_436' title='bbox 1082 3083 1341 3172; x_wconf 70' lang='lat' dir='ltr'><strong>‘CAPUT</strong></span> <span class='ocrx_word' id='word_1_437' title='bbox 1372 3118 1503 3176; x_wconf 80' lang='lat' dir='ltr'><strong>vni.</strong></span> 
     </span>
    </p>
   </div>
   <div class='ocr_carea' id='block_1_64' title="bbox 973 3206 1626 3278">
    <p class='ocr_par' dir='ltr' id='par_1_64' title="bbox 973 3206 1626 3278">
     <span class='ocr_line' id='line_1_64' title="bbox 973 3206 1626 3278; baseline 0.002 -18"><span class='ocrx_word' id='word_1_438' title='bbox 973 3206 1052 3261; x_wconf 80' lang='lat' dir='ltr'><strong>De</strong></span> <span class='ocrx_word' id='word_1_439' title='bbox 1079 3208 1244 3278; x_wconf 76' lang='lat' dir='ltr'><strong>signis</strong></span> <span class='ocrx_word' id='word_1_440' title='bbox 1269 3218 1390 3262; x_wconf 83' lang='lat' dir='ltr'><strong>ante</strong></span> <span class='ocrx_word' id='word_1_441' title='bbox 1414 3207 1626 3261; x_wconf 77' lang='lat' dir='ltr'><strong>bellant.</strong></span> 
     </span>
    </p>
   </div>
   <div class='ocr_carea' id='block_1_65' title="bbox 591 3304 2079 3376">
    <p class='ocr_par' dir='ltr' id='par_1_65' title="bbox 591 3304 2079 3376">
     <span class='ocr_line' id='line_1_65' title="bbox 591 3304 2079 3376; baseline 0.002 -17"><span class='ocrx_word' id='word_1_442' title='bbox 591 3306 817 3376; x_wconf 78' lang='lat' dir='ltr'><strong>Sunipto</strong></span> <span class='ocrx_word' id='word_1_443' title='bbox 848 3305 1013 3374; x_wconf 76' lang='lat' dir='ltr'><strong>igitur</strong></span> <span class='ocrx_word' id='word_1_444' title='bbox 1048 3307 1100 3359; x_wconf 91' lang='lat' dir='ltr'><strong>in</strong></span> <span class='ocrx_word' id='word_1_445' title='bbox 1146 3320 1339 3359; x_wconf 89' lang='lat' dir='ltr'><strong>manus</strong></span> <span class='ocrx_word' id='word_1_446' title='bbox 1390 3304 1529 3359; x_wconf 86' lang='lat' dir='ltr'><strong>libro</strong></span> <span class='ocrx_word' id='word_1_447' title='bbox 1554 3345 1570 3372; x_wconf 93' lang='lat'><strong>,</strong></span> <span class='ocrx_word' id='word_1_448' title='bbox 1602 3305 1771 3360; x_wconf 89' lang='lat' dir='ltr'><strong>recita</strong></span> <span class='ocrx_word' id='word_1_449' title='bbox 1800 3306 1929 3361; x_wconf 88' lang='lat' dir='ltr'><strong>mihi</strong></span> <span class='ocrx_word' id='word_1_450' title='bbox 1962 3320 2079 3376; x_wconf 67' lang='lat' dir='ltr'><strong>qua:</strong></span> 
     </span>
    </p>
   </div>
   <div class='ocr_carea' id='block_1_66' title="bbox 519 3396 2081 3454">
    <p class='ocr_par' dir='ltr' id='par_1_66' title="bbox 519 3396 2081 3454">
     <span class='ocr_line' id='line_1_66' title="bbox 519 3396 2081 3454; baseline -0.001 0"><span class='ocrx_word' id='word_1_451' title='bbox 519 3399 573 3454; x_wconf 87' lang='lat' dir='ltr'><strong>in</strong></span> <span class='ocrx_word' id='word_1_452' title='bbox 605 3409 759 3454; x_wconf 78' lang='lat' dir='ltr'><strong>sexto</strong></span> <span class='ocrx_word' id='word_1_453' title='bbox 791 3399 1151 3454; x_wconf 77' lang='lat' dir='ltr'><strong>Historiarum</strong></span> <span class='ocrx_word' id='word_1_454' title='bbox 1177 3399 1448 3453; x_wconf 87' lang='lat' dir='ltr'><strong>volumine</strong></span> <span class='ocrx_word' id='word_1_455' title='bbox 1490 3396 1803 3452; x_wconf 82' lang='lat' dir='ltr'><strong>referuntur</strong></span> <span class='ocrx_word' id='word_1_456' title='bbox 1845 3399 1930 3453; x_wconf 89' lang='lat' dir='ltr'><strong>his</strong></span> <span class='ocrx_word' id='word_1_457' title='bbox 1960 3414 2081 3453; x_wconf 89' lang='lat' dir='ltr'><strong>ver-</strong></span> 
     </span>
    </p>
   </div>
   <div class='ocr_carea' id='block_1_67' title="bbox 512 3490 2080 3562">
    <p class='ocr_par' dir='ltr' id='par_1_67' title="bbox 512 3490 2080 3562">
     <span class='ocr_line' id='line_1_67' title="bbox 512 3490 2080 3562; baseline 0.001 -14"><span class='ocrx_word' id='word_1_458' title='bbox 512 3491 628 3548; x_wconf 88' lang='lat' dir='ltr'><strong>bis:</strong></span> <span class='ocrx_word' id='word_1_459' title='bbox 666 3508 684 3542; x_wconf 70' lang='lat' dir='ltr'><strong>o</strong></span> <span class='ocrx_word' id='word_1_460' title='bbox 713 3490 778 3545; x_wconf 84' lang='grc' dir='ltr'>Ει</span> <span class='ocrx_word' id='word_1_461' title='bbox 798 3493 949 3547; x_wconf 80' lang='lat' dir='ltr'><strong>falsis</strong></span> <span class='ocrx_word' id='word_1_462' title='bbox 980 3493 1194 3561; x_wconf 88' lang='lat' dir='ltr'><strong>quidem</strong></span> <span class='ocrx_word' id='word_1_463' title='bbox 1246 3492 1353 3547; x_wconf 88' lang='lat' dir='ltr'><strong>illis</strong></span> <span class='ocrx_word' id='word_1_464' title='bbox 1396 3492 1632 3558; x_wconf 87' lang='lat' dir='ltr'><strong>vatibus,</strong></span> <span class='ocrx_word' id='word_1_465' title='bbox 1694 3509 1860 3562; x_wconf 88' lang='lat' dir='ltr'><strong>seque</strong></span> <span class='ocrx_word' id='word_1_466' title='bbox 1912 3510 1941 3548; x_wconf 94' lang='lat' dir='ltr'><strong>a</strong></span> <span class='ocrx_word' id='word_1_467' title='bbox 1974 3494 2080 3550; x_wconf 90' lang='lat' dir='ltr'><strong>Deo</strong></span> 
     </span>
    </p>
   </div>
   <div class='ocr_carea' id='block_1_68' title="bbox 513 3584 2079 3656">
    <p class='ocr_par' dir='ltr' id='par_1_68' title="bbox 513 3584 2079 3656">
     <span class='ocr_line' id='line_1_68' title="bbox 513 3584 2079 3656; baseline 0.002 -18"><span class='ocrx_word' id='word_1_468' title='bbox 513 3586 710 3640; x_wconf 83' lang='lat' dir='ltr'><strong>missos</strong></span> <span class='ocrx_word' id='word_1_469' title='bbox 756 3585 1147 3640; x_wconf 89' lang='lat' dir='ltr'><strong>mentientibus</strong></span> <span class='ocrx_word' id='word_1_470' title='bbox 1171 3624 1187 3650; x_wconf 91' lang='lat'><strong>,</strong></span> <span class='ocrx_word' id='word_1_471' title='bbox 1237 3584 1423 3640; x_wconf 81' lang='lat' dir='ltr'><strong>infelix</strong></span> <span class='ocrx_word' id='word_1_472' title='bbox 1461 3585 1694 3656; x_wconf 86' lang='lat' dir='ltr'><strong>populus</strong></span> <span class='ocrx_word' id='word_1_473' title='bbox 1733 3585 1894 3641; x_wconf 86' lang='lat' dir='ltr'><strong>ﬁdem</strong></span> <span class='ocrx_word' id='word_1_474' title='bbox 1925 3587 2079 3641; x_wconf 86' lang='lat' dir='ltr'><strong>adhi-</strong></span> 
     </span>
    </p>
   </div>
   <div class='ocr_carea' id='block_1_69' title="bbox 513 3676 2080 3748">
    <p class='ocr_par' dir='ltr' id='par_1_69' title="bbox 513 3676 2080 3748">
     <span class='ocr_line' id='line_1_69' title="bbox 513 3676 2080 3748; baseline 0.003 -19"><span class='ocrx_word' id='word_1_475' title='bbox 513 3677 698 3731; x_wconf 81' lang='lat' dir='ltr'><strong>hebat.</strong></span> <span class='ocrx_word' id='word_1_476' title='bbox 738 3676 1093 3732; x_wconf 85' lang='lat' dir='ltr'><strong>Evidentibus</strong></span> <span class='ocrx_word' id='word_1_477' title='bbox 1117 3685 1298 3731; x_wconf 89' lang='lat' dir='ltr'><strong>autem</strong></span> <span class='ocrx_word' id='word_1_478' title='bbox 1328 3678 1607 3748; x_wconf 77' lang='lat' dir='ltr'><strong>prodigiis,</strong></span> <span class='ocrx_word' id='word_1_479' title='bbox 1638 3687 1692 3732; x_wconf 87' lang='lat' dir='ltr'><strong>et</strong></span> <span class='ocrx_word' id='word_1_480' title='bbox 1724 3676 1962 3733; x_wconf 79' lang='lat' dir='ltr'><strong>futuram</strong></span> <span class='ocrx_word' id='word_1_481' title='bbox 1992 3695 2080 3733; x_wconf 90' lang='lat' dir='ltr'><strong>so-</strong></span> 
     </span>
    </p>
   </div>
   <div class='ocr_carea' id='block_1_70' title="bbox 426 3767 2076 3838">
    <p class='ocr_par' dir='ltr' id='par_1_70' title="bbox 426 3767 2076 3838">
     <span class='ocr_line' id='line_1_70' title="bbox 426 3767 2076 3838; baseline 0.002 -18"><span class='ocrx_word' id='word_1_482' title='bbox 426 3820 433 3826; x_wconf 83' lang='grc'><strong>,</strong></span> <span class='ocrx_word' id='word_1_483' title='bbox 512 3767 795 3822; x_wconf 85' lang='lat' dir='ltr'><strong>litudinem</strong></span> <span class='ocrx_word' id='word_1_484' title='bbox 826 3769 1335 3838; x_wconf 68' lang='lat' dir='ltr'><strong>praenuntiantibus,</strong></span> <span class='ocrx_word' id='word_1_485' title='bbox 1361 3784 1536 3838; x_wconf 87' lang='lat' dir='ltr'><strong>neque</strong></span> <span class='ocrx_word' id='word_1_486' title='bbox 1564 3770 1924 3825; x_wconf 89' lang='lat' dir='ltr'><strong>advertebant</strong></span> <span class='ocrx_word' id='word_1_487' title='bbox 1957 3770 2076 3824; x_wconf 92' lang='lat' dir='ltr'><strong>ani-</strong></span> 
     </span>
    </p>
   </div>
   <div class='ocr_carea' id='block_1_71' title="bbox 516 3862 2075 3931">
    <p class='ocr_par' dir='ltr' id='par_1_71' title="bbox 516 3862 2075 3931">
     <span class='ocr_line' id='line_1_71' title="bbox 516 3862 2075 3931; baseline 0.003 -20"><span class='ocrx_word' id='word_1_488' title='bbox 516 3874 631 3914; x_wconf 84' lang='lat' dir='ltr'><strong>mos</strong></span> <span class='ocrx_word' id='word_1_489' title='bbox 676 3875 851 3930; x_wconf 87' lang='lat' dir='ltr'><strong>neque</strong></span> <span class='ocrx_word' id='word_1_490' title='bbox 883 3862 1197 3916; x_wconf 78' lang='lat' dir='ltr'><strong>credebant.</strong></span> <span class='ocrx_word' id='word_1_491' title='bbox 1232 3862 1337 3916; x_wconf 92' lang='lat' dir='ltr'><strong>Sed</strong></span> <span class='ocrx_word' id='word_1_492' title='bbox 1386 3871 1641 3931; x_wconf 88' lang='lat' dir='ltr'><strong>tanquam</strong></span> <span class='ocrx_word' id='word_1_493' title='bbox 1669 3862 1911 3925; x_wconf 87' lang='lat' dir='ltr'><strong>attoniti,</strong></span> <span class='ocrx_word' id='word_1_494' title='bbox 1942 3876 2075 3916; x_wconf 91' lang='lat' dir='ltr'><strong>ocu-</strong></span> 
     </span>
    </p>
   </div>
   <div class='ocr_carea' id='block_1_72' title="bbox 510 3950 2075 4022">
    <p class='ocr_par' dir='ltr' id='par_1_72' title="bbox 510 3950 2075 4022">
     <span class='ocr_line' id='line_1_72' title="bbox 510 3950 2075 4022; baseline 0.003 -18"><span class='ocrx_word' id='word_1_495' title='bbox 510 3950 687 4020; x_wconf 88' lang='lat' dir='ltr'><strong>lisque</strong></span> <span class='ocrx_word' id='word_1_496' title='bbox 704 3961 758 4006; x_wconf 88' lang='lat' dir='ltr'><strong>et</strong></span> <span class='ocrx_word' id='word_1_497' title='bbox 778 3963 958 4007; x_wconf 90' lang='lat' dir='ltr'><strong>mente</strong></span> <span class='ocrx_word' id='word_1_498' title='bbox 974 3954 1138 4021; x_wconf 84' lang='lat' dir='ltr'><strong>capti,</strong></span> <span class='ocrx_word' id='word_1_499' title='bbox 1160 3955 1327 4021; x_wconf 80' lang='lat' dir='ltr'><strong>ipsius</strong></span> <span class='ocrx_word' id='word_1_500' title='bbox 1346 3954 1435 4007; x_wconf 87' lang='lat' dir='ltr'><strong>Dei</strong></span> <span class='ocrx_word' id='word_1_501' title='bbox 1455 3954 1724 4022; x_wconf 65' lang='lat' dir='ltr'><strong>praeconia</strong></span> <span class='ocrx_word' id='word_1_502' title='bbox 1742 3968 1805 4008; x_wconf 87' lang='lat' dir='ltr'><strong>ac</strong></span> <span class='ocrx_word' id='word_1_503' title='bbox 1818 3953 2075 4008; x_wconf 83' lang='lat' dir='ltr'><strong>vaticinia</strong></span> 
     </span>
    </p>
   </div>
   <div class='ocr_carea' id='block_1_73' title="bbox 511 4043 2075 4113">
    <p class='ocr_par' dir='ltr' id='par_1_73' title="bbox 511 4043 2075 4113">
     <span class='ocr_line' id='line_1_73' title="bbox 511 4043 2075 4113; baseline 0.002 -17"><span class='ocrx_word' id='word_1_504' title='bbox 511 4043 735 4113; x_wconf 88' lang='lat' dir='ltr'><strong>insuper</strong></span> <span class='ocrx_word' id='word_1_505' title='bbox 770 4043 1105 4105; x_wconf 89' lang='lat' dir='ltr'><strong>habuerunt;</strong></span> <span class='ocrx_word' id='word_1_506' title='bbox 1145 4046 1378 4110; x_wconf 88' lang='lat' dir='ltr'><strong>primum</strong></span> <span class='ocrx_word' id='word_1_507' title='bbox 1423 4059 1545 4097; x_wconf 91' lang='lat' dir='ltr'><strong>cum</strong></span> <span class='ocrx_word' id='word_1_508' title='bbox 1591 4058 1753 4112; x_wconf 87' lang='lat' dir='ltr'><strong>supra</strong></span> <span class='ocrx_word' id='word_1_509' title='bbox 1796 4045 2075 4099; x_wconf 88' lang='lat' dir='ltr'><strong>civitatem</strong></span> 
     </span>
    </p>
   </div>
   <div class='ocr_carea' id='block_1_74' title="bbox 510 4133 2075 4204">
    <p class='ocr_par' dir='ltr' id='par_1_74' title="bbox 510 4133 2075 4204">
     <span class='ocr_line' id='line_1_74' title="bbox 510 4133 2075 4204; baseline 0 -17"><span class='ocrx_word' id='word_1_510' title='bbox 510 4134 661 4187; x_wconf 82' lang='lat' dir='ltr'><strong>stetit</strong></span> <span class='ocrx_word' id='word_1_511' title='bbox 690 4133 840 4187; x_wconf 87' lang='lat' dir='ltr'><strong>sidus</strong></span> <span class='ocrx_word' id='word_1_512' title='bbox 861 4133 1035 4187; x_wconf 89' lang='lat' dir='ltr'><strong>simile</strong></span> <span class='ocrx_word' id='word_1_513' title='bbox 1055 4133 1254 4203; x_wconf 80' lang='lat' dir='ltr'><strong>gladio,</strong></span> <span class='ocrx_word' id='word_1_514' title='bbox 1277 4142 1333 4188; x_wconf 86' lang='lat' dir='ltr'><strong>et</strong></span> <span class='ocrx_word' id='word_1_515' title='bbox 1367 4133 1496 4187; x_wconf 90' lang='lat' dir='ltr'><strong>anni</strong></span> <span class='ocrx_word' id='word_1_516' title='bbox 1522 4134 1698 4204; x_wconf 90' lang='lat' dir='ltr'><strong>spatio</strong></span> <span class='ocrx_word' id='word_1_517' title='bbox 1731 4134 1925 4190; x_wconf 92' lang='lat' dir='ltr'><strong>ardere</strong></span> <span class='ocrx_word' id='word_1_518' title='bbox 1951 4150 2075 4203; x_wconf 86' lang='lat' dir='ltr'><strong>pcr-</strong></span> 
     </span>
    </p>
   </div>
   <div class='ocr_carea' id='block_1_75' title="bbox 509 4223 2072 4293">
    <p class='ocr_par' dir='ltr' id='par_1_75' title="bbox 509 4223 2072 4293">
     <span class='ocr_line' id='line_1_75' title="bbox 509 4223 2072 4293; baseline 0.001 -15"><span class='ocrx_word' id='word_1_519' title='bbox 509 4225 778 4278; x_wconf 87' lang='lat' dir='ltr'><strong>severavit</strong></span> <span class='ocrx_word' id='word_1_520' title='bbox 804 4232 1073 4293; x_wconf 87' lang='lat' dir='ltr'><strong>cometes;</strong></span> <span class='ocrx_word' id='word_1_521' title='bbox 1119 4223 1315 4279; x_wconf 87' lang='lat' dir='ltr'><strong>deinde</strong></span> <span class='ocrx_word' id='word_1_522' title='bbox 1362 4240 1484 4278; x_wconf 90' lang='lat' dir='ltr'><strong>cum</strong></span> <span class='ocrx_word' id='word_1_523' title='bbox 1535 4235 1663 4280; x_wconf 91' lang='lat' dir='ltr'><strong>ante</strong></span> <span class='ocrx_word' id='word_1_524' title='bbox 1712 4226 2072 4281; x_wconf 77' lang='lat' dir='ltr'><strong>deiectionem</strong></span> 
     </span>
    </p>
   </div>
   <div class='ocr_carea' id='block_1_76' title="bbox 506 4313 2073 4384">
    <p class='ocr_par' dir='ltr' id='par_1_76' title="bbox 506 4313 2073 4384">
     <span class='ocr_line' id='line_1_76' title="bbox 506 4313 2073 4384; baseline 0.003 -17"><span class='ocrx_word' id='word_1_525' title='bbox 506 4314 821 4382; x_wconf 87' lang='lat' dir='ltr'><strong>primosque</strong></span> <span class='ocrx_word' id='word_1_526' title='bbox 870 4313 993 4369; x_wconf 90' lang='lat' dir='ltr'><strong>belli</strong></span> <span class='ocrx_word' id='word_1_527' title='bbox 1049 4321 1265 4379; x_wconf 81' lang='lat' dir='ltr'><strong>motus,</strong></span> <span class='ocrx_word' id='word_1_528' title='bbox 1319 4313 1514 4384; x_wconf 88' lang='lat' dir='ltr'><strong>p0pulo</strong></span> <span class='ocrx_word' id='word_1_529' title='bbox 1566 4315 1633 4370; x_wconf 92' lang='lat' dir='ltr'><strong>ad</strong></span> <span class='ocrx_word' id='word_1_530' title='bbox 1684 4313 1880 4371; x_wconf 84' lang='lat' dir='ltr'><strong>festum</strong></span> <span class='ocrx_word' id='word_1_531' title='bbox 1931 4315 2073 4371; x_wconf 89' lang='lat' dir='ltr'><strong>diem</strong></span> 
     </span>
    </p>
   </div>
   <div class='ocr_carea' id='block_1_77' title="bbox 504 4406 2070 4477">
    <p class='ocr_par' dir='ltr' id='par_1_77' title="bbox 504 4406 2070 4477">
     <span class='ocr_line' id='line_1_77' title="bbox 504 4406 2070 4477; baseline 0.003 -19"><span class='ocrx_word' id='word_1_532' title='bbox 504 4408 833 4477; x_wconf 82' lang='lat' dir='ltr'><strong>Azymorum</strong></span> <span class='ocrx_word' id='word_1_533' title='bbox 882 4415 1249 4476; x_wconf 78' lang='lat' dir='ltr'><strong>congregato,</strong></span> <span class='ocrx_word' id='word_1_534' title='bbox 1296 4414 1449 4462; x_wconf 83' lang='lat' dir='ltr'><strong>sexto</strong></span> <span class='ocrx_word' id='word_1_535' title='bbox 1506 4406 1629 4462; x_wconf 89' lang='lat' dir='ltr'><strong>idus</strong></span> <span class='ocrx_word' id='word_1_536' title='bbox 1678 4407 1884 4476; x_wconf 85' lang='lat' dir='ltr'><strong>Aprilis</strong></span> <span class='ocrx_word' id='word_1_537' title='bbox 1936 4408 2070 4462; x_wconf 88' lang='lat' dir='ltr'><strong>hora</strong></span> 
     </span>
    </p>
   </div>
   <div class='ocr_carea' id='block_1_78' title="bbox 2716 3116 3224 3173">
    <p class='ocr_par' dir='ltr' id='par_1_78' title="bbox 2716 3116 3224 3173">
     <span class='ocr_line' id='line_1_78' title="bbox 2716 3116 3224 3173; baseline -0.01 0"><span class='ocrx_word' id='word_1_538' title='bbox 2716 3117 3111 3173; x_wconf 80' lang='grc' dir='ltr'><strong>ΚΕΦΛΛΑΙΟΝ</strong></span> <span class='ocrx_word' id='word_1_539' title='bbox 3143 3116 3224 3169; x_wconf 80' lang='lat' dir='ltr'><strong>H&#39;.</strong></span> 
     </span>
    </p>
   </div>
   <div class='ocr_carea' id='block_1_79' title="bbox 2177 3205 3766 3281">
    <p class='ocr_par' dir='ltr' id='par_1_79' title="bbox 2177 3205 3766 3281">
     <span class='ocr_line' id='line_1_79' title="bbox 2177 3205 3766 3281; baseline -0.005 -14"><span class='ocrx_word' id='word_1_540' title='bbox 2177 3213 2319 3281; x_wconf 80' lang='grc' dir='ltr'>Περὶ</span> <span class='ocrx_word' id='word_1_541' title='bbox 2334 3212 2449 3266; x_wconf 75' lang='grc' dir='ltr'><strong>τῶν</strong></span> <span class='ocrx_word' id='word_1_542' title='bbox 2469 3211 2581 3280; x_wconf 74' lang='grc' dir='ltr'>πρὸ</span> <span class='ocrx_word' id='word_1_543' title='bbox 2600 3211 2706 3265; x_wconf 85' lang='grc' dir='ltr'><strong>τοῦ</strong></span> <span class='ocrx_word' id='word_1_544' title='bbox 2721 3210 2984 3280; x_wconf 77' lang='grc' dir='ltr'>πολέμου</span> <span class='ocrx_word' id='word_1_545' title='bbox 3000 3209 3264 3278; x_wconf 82' lang='grc' dir='ltr'>σημείων</span> <span class='ocrx_word' id='word_1_546' title='bbox 3277 3208 3416 3279; x_wconf 56' lang='lat' dir='ltr'><strong>(Nic.</strong></span> <span class='ocrx_word' id='word_1_547' title='bbox 3439 3206 3508 3261; x_wconf 83' lang='grc' dir='ltr'><strong>Η.</strong></span> <span class='ocrx_word' id='word_1_548' title='bbox 3520 3205 3766 3275; x_wconf 66' lang='lat' dir='ltr'><strong>E.m,4).</strong></span> 
     </span>
    </p>
   </div>
   <div class='ocr_carea' id='block_1_80' title="bbox 2249 3300 3765 3377">
    <p class='ocr_par' dir='ltr' id='par_1_80' title="bbox 2249 3300 3765 3377">
     <span class='ocr_line' id='line_1_80' title="bbox 2249 3300 3765 3377; baseline -0.005 -18"><span class='ocrx_word' id='word_1_549' title='bbox 2249 3307 2361 3360; x_wconf 73' lang='grc' dir='ltr'>Καὶ</span> <span class='ocrx_word' id='word_1_550' title='bbox 2393 3305 2455 3377; x_wconf 80' lang='grc' dir='ltr'>δὴ</span> <span class='ocrx_word' id='word_1_551' title='bbox 2492 3303 2670 3358; x_wconf 78' lang='grc' dir='ltr'>λαϐὼν</span> <span class='ocrx_word' id='word_1_552' title='bbox 2714 3302 2984 3371; x_wconf 82' lang='grc' dir='ltr'>ἀνάγνωθι</span> <span class='ocrx_word' id='word_1_553' title='bbox 3035 3301 3103 3355; x_wconf 84' lang='grc' dir='ltr'>τὰ</span> <span class='ocrx_word' id='word_1_554' title='bbox 3135 3301 3275 3355; x_wconf 83' lang='grc' dir='ltr'>κατὰ</span> <span class='ocrx_word' id='word_1_555' title='bbox 3323 3302 3422 3374; x_wconf 76' lang='grc' dir='ltr'>τὴν</span> <span class='ocrx_word' id='word_1_556' title='bbox 3446 3301 3609 3371; x_wconf 74' lang='grc' dir='ltr'>ἕκτην</span> <span class='ocrx_word' id='word_1_557' title='bbox 3650 3300 3765 3353; x_wconf 82' lang='grc' dir='ltr'><strong>τῶν</strong></span> 
     </span>
    </p>
   </div>
   <div class='ocr_carea' id='block_1_81' title="bbox 2190 3392 3764 3466">
    <p class='ocr_par' dir='ltr' id='par_1_81' title="bbox 2190 3392 3764 3466">
     <span class='ocr_line' id='line_1_81' title="bbox 2190 3392 3764 3466; baseline -0.006 -13"><span class='ocrx_word' id='word_1_558' title='bbox 2190 3396 2484 3465; x_wconf 74' lang='grc' dir='ltr'>Ἰστοριῶν</span> <span class='ocrx_word' id='word_1_559' title='bbox 2506 3395 2652 3466; x_wconf 79' lang='grc' dir='ltr'>αὐτῷ</span> <span class='ocrx_word' id='word_1_560' title='bbox 2684 3394 3024 3466; x_wconf 76' lang='grc' dir='ltr'>δεδηλωμένα</span> <span class='ocrx_word' id='word_1_561' title='bbox 3054 3396 3110 3447; x_wconf 78' lang='grc' dir='ltr'>ἐν</span> <span class='ocrx_word' id='word_1_562' title='bbox 3142 3394 3368 3463; x_wconf 65' lang='grc' dir='ltr'>τούτοις</span> <span class='ocrx_word' id='word_1_563' title='bbox 3400 3411 3419 3444; x_wconf 74' lang='grc' dir='ltr'><strong>ι</strong></span> <span class='ocrx_word' id='word_1_564' title='bbox 3470 3392 3572 3445; x_wconf 81' lang='grc' dir='ltr'><strong>Τὸν</strong></span> <span class='ocrx_word' id='word_1_565' title='bbox 3625 3392 3764 3460; x_wconf 83' lang='grc' dir='ltr'>γοῦν</span> 
     </span>
    </p>
   </div>
   <div class='ocr_carea' id='block_1_82' title="bbox 2180 3485 3764 3559">
    <p class='ocr_par' dir='ltr' id='par_1_82' title="bbox 2180 3485 3764 3559">
     <span class='ocr_line' id='line_1_82' title="bbox 2180 3485 3764 3559; baseline -0.004 -17"><span class='ocrx_word' id='word_1_566' title='bbox 2180 3489 2359 3543; x_wconf 81' lang='grc' dir='ltr'>ἄθλιον</span> <span class='ocrx_word' id='word_1_567' title='bbox 2390 3489 2577 3559; x_wconf 79' lang='grc' dir='ltr'>δῆμον,</span> <span class='ocrx_word' id='word_1_568' title='bbox 2607 3490 2654 3540; x_wconf 89' lang='grc' dir='ltr'><strong>οἱ</strong></span> <span class='ocrx_word' id='word_1_569' title='bbox 2709 3488 2805 3557; x_wconf 78' lang='grc' dir='ltr'><strong>μὲν</strong></span> <span class='ocrx_word' id='word_1_570' title='bbox 2835 3486 3145 3550; x_wconf 72' lang='grc' dir='ltr'>ἀπατεῶνες</span> <span class='ocrx_word' id='word_1_571' title='bbox 3178 3487 3270 3540; x_wconf 78' lang='grc' dir='ltr'><strong>καὶ</strong></span> <span class='ocrx_word' id='word_1_572' title='bbox 3298 3485 3764 3555; x_wconf 60' lang='grc' dir='ltr'>καταψευδόμενοι</span> 
     </span>
    </p>
   </div>
   <div class='ocr_carea' id='block_1_83' title="bbox 2180 3576 3762 3649">
    <p class='ocr_par' dir='ltr' id='par_1_83' title="bbox 2180 3576 3762 3649">
     <span class='ocr_line' id='line_1_83' title="bbox 2180 3576 3762 3649; baseline -0.004 -15"><span class='ocrx_word' id='word_1_573' title='bbox 2180 3579 2273 3634; x_wconf 85' lang='grc' dir='ltr'><strong>τοῦ</strong></span> <span class='ocrx_word' id='word_1_574' title='bbox 2292 3579 2446 3642; x_wconf 87' lang='grc' dir='ltr'>Θεοῦ,</span> <span class='ocrx_word' id='word_1_575' title='bbox 2477 3577 2776 3649; x_wconf 84' lang='grc' dir='ltr'>τηνικαῦτα</span> <span class='ocrx_word' id='word_1_576' title='bbox 2801 3576 3151 3649; x_wconf 76' lang='grc' dir='ltr'>παρέπειθον,</span> <span class='ocrx_word' id='word_1_577' title='bbox 3177 3579 3287 3640; x_wconf 80' lang='grc' dir='ltr'>τοῖς</span> <span class='ocrx_word' id='word_1_578' title='bbox 3309 3576 3351 3630; x_wconf 85' lang='grc' dir='ltr'>δ’</span> <span class='ocrx_word' id='word_1_579' title='bbox 3383 3577 3633 3648; x_wconf 75' lang='grc' dir='ltr'>ἐναργέσι</span> <span class='ocrx_word' id='word_1_580' title='bbox 3662 3577 3762 3628; x_wconf 75' lang='grc' dir='ltr'><strong>καὶ</strong></span> 
     </span>
    </p>
   </div>
   <div class='ocr_carea' id='block_1_84' title="bbox 2180 3670 3763 3747">
    <p class='ocr_par' dir='ltr' id='par_1_84' title="bbox 2180 3670 3763 3747">
     <span class='ocr_line' id='line_1_84' title="bbox 2180 3670 3763 3747; baseline -0.004 -18"><span class='ocrx_word' id='word_1_581' title='bbox 2180 3674 2609 3747; x_wconf 80' lang='grc' dir='ltr'>προσημαίνουσι</span> <span class='ocrx_word' id='word_1_582' title='bbox 2638 3672 2736 3744; x_wconf 82' lang='grc' dir='ltr'>τὴν</span> <span class='ocrx_word' id='word_1_583' title='bbox 2772 3672 3063 3744; x_wconf 81' lang='grc' dir='ltr'>μέλλουσαν</span> <span class='ocrx_word' id='word_1_584' title='bbox 3092 3670 3308 3725; x_wconf 79' lang='grc' dir='ltr'>ἔσεσθαι</span> <span class='ocrx_word' id='word_1_585' title='bbox 3342 3672 3572 3743; x_wconf 76' lang='grc' dir='ltr'>ἐρημίαν</span> <span class='ocrx_word' id='word_1_586' title='bbox 3600 3671 3763 3740; x_wconf 81' lang='grc' dir='ltr'>τέρα-</span> 
     </span>
    </p>
   </div>
   <div class='ocr_carea' id='block_1_85' title="bbox 2180 3761 3758 3837">
    <p class='ocr_par' dir='ltr' id='par_1_85' title="bbox 2180 3761 3758 3837">
     <span class='ocr_line' id='line_1_85' title="bbox 2180 3761 3758 3837; baseline -0.004 -17"><span class='ocrx_word' id='word_1_587' title='bbox 2180 3785 2262 3820; x_wconf 86' lang='grc' dir='ltr'><strong>σιν</strong></span> <span class='ocrx_word' id='word_1_588' title='bbox 2310 3765 2432 3819; x_wconf 85' lang='grc' dir='ltr'>οῦτε</span> <span class='ocrx_word' id='word_1_589' title='bbox 2478 3764 2762 3837; x_wconf 82' lang='grc' dir='ltr'>προσ;ῖχον</span> <span class='ocrx_word' id='word_1_590' title='bbox 2802 3763 2925 3817; x_wconf 71' lang='grc' dir='ltr'>οὔτε</span> <span class='ocrx_word' id='word_1_591' title='bbox 2965 3763 3264 3828; x_wconf 76' lang='grc' dir='ltr'>ἐπίστευον,</span> <span class='ocrx_word' id='word_1_592' title='bbox 3303 3761 3416 3816; x_wconf 87' lang='grc' dir='ltr'>ἀλλ’</span> <span class='ocrx_word' id='word_1_593' title='bbox 3456 3763 3532 3824; x_wconf 82' lang='grc' dir='ltr'>ὡς</span> <span class='ocrx_word' id='word_1_594' title='bbox 3588 3763 3758 3832; x_wconf 68' lang='grc' dir='ltr'>ἐμϐε-</span> 
     </span>
    </p>
   </div>
   <div class='ocr_carea' id='block_1_86' title="bbox 2178 3850 3756 3929">
    <p class='ocr_par' dir='ltr' id='par_1_86' title="bbox 2178 3850 3756 3929">
     <span class='ocr_line' id='line_1_86' title="bbox 2178 3850 3756 3929; baseline -0.003 -20"><span class='ocrx_word' id='word_1_595' title='bbox 2178 3856 2552 3929; x_wconf 75' lang='grc' dir='ltr'>ϐροντημένοι,</span> <span class='ocrx_word' id='word_1_596' title='bbox 2584 3855 2677 3906; x_wconf 77' lang='grc' dir='ltr'>καὶ</span> <span class='ocrx_word' id='word_1_597' title='bbox 2716 3856 2851 3924; x_wconf 74' lang='grc' dir='ltr'>μήτε</span> <span class='ocrx_word' id='word_1_598' title='bbox 2882 3853 3102 3925; x_wconf 84' lang='grc' dir='ltr'>ὄμματα</span> <span class='ocrx_word' id='word_1_599' title='bbox 3137 3854 3271 3923; x_wconf 75' lang='grc' dir='ltr'>μήτε</span> <span class='ocrx_word' id='word_1_600' title='bbox 3305 3850 3480 3922; x_wconf 67' lang='grc' dir='ltr'>ψυχὴν</span> <span class='ocrx_word' id='word_1_601' title='bbox 3516 3850 3756 3921; x_wconf 76' lang='grc' dir='ltr'>ἔχοντες,</span> 
     </span>
    </p>
   </div>
   <div class='ocr_carea' id='block_1_87' title="bbox 2176 3942 3754 4017">
    <p class='ocr_par' dir='ltr' id='par_1_87' title="bbox 2176 3942 3754 4017">
     <span class='ocr_line' id='line_1_87' title="bbox 2176 3942 3754 4017; baseline -0.004 -15"><span class='ocrx_word' id='word_1_602' title='bbox 2176 3947 2284 4002; x_wconf 85' lang='grc' dir='ltr'><strong>τῶν</strong></span> <span class='ocrx_word' id='word_1_603' title='bbox 2326 3947 2419 4001; x_wconf 88' lang='grc' dir='ltr'><strong>τοῦ</strong></span> <span class='ocrx_word' id='word_1_604' title='bbox 2469 3946 2602 4000; x_wconf 83' lang='grc' dir='ltr'>Θεοῦ</span> <span class='ocrx_word' id='word_1_605' title='bbox 2637 3945 3004 4017; x_wconf 85' lang='grc' dir='ltr'>κηρυγμάτων</span> <span class='ocrx_word' id='word_1_606' title='bbox 3056 3945 3383 4015; x_wconf 79' lang='grc' dir='ltr'>παρήκουον·</span> <span class='ocrx_word' id='word_1_607' title='bbox 3426 3942 3583 3996; x_wconf 85' lang='grc' dir='ltr'>τοῦτο</span> <span class='ocrx_word' id='word_1_608' title='bbox 3628 3943 3754 4015; x_wconf 83' lang='grc' dir='ltr'>μὲν,</span> 
     </span>
    </p>
   </div>
   <div class='ocr_carea' id='block_1_88' title="bbox 2178 4035 3757 4112">
    <p class='ocr_par' dir='ltr' id='par_1_88' title="bbox 2178 4035 3757 4112">
     <span class='ocr_line' id='line_1_88' title="bbox 2178 4035 3757 4112; baseline -0.012 -17"><span class='ocrx_word' id='word_1_609' title='bbox 2178 4042 2267 4095; x_wconf 84' lang='grc' dir='ltr'>ὅτε</span> <span class='ocrx_word' id='word_1_610' title='bbox 2306 4039 2414 4112; x_wconf 90' lang='grc'><strong>(66)</strong></span> <span class='ocrx_word' id='word_1_611' title='bbox 2447 4039 2585 4111; x_wconf 85' lang='grc' dir='ltr'>ὑπὲρ</span> <span class='ocrx_word' id='word_1_612' title='bbox 2610 4038 2706 4108; x_wconf 83' lang='grc' dir='ltr'><strong>τὴν</strong></span> <span class='ocrx_word' id='word_1_613' title='bbox 2732 4037 2881 4089; x_wconf 80' lang='grc' dir='ltr'>πόλιν</span> <span class='ocrx_word' id='word_1_614' title='bbox 2912 4037 3108 4108; x_wconf 83' lang='grc' dir='ltr'>ἄστρον</span> <span class='ocrx_word' id='word_1_615' title='bbox 3139 4035 3268 4105; x_wconf 79' lang='grc' dir='ltr'>ἔστη</span> <span class='ocrx_word' id='word_1_616' title='bbox 3298 4036 3540 4106; x_wconf 60' lang='grc' dir='ltr'>ῥομφαίᾳ</span> <span class='ocrx_word' id='word_1_617' title='bbox 3575 4050 3757 4107; x_wconf 72' lang='grc' dir='ltr'>παρα.</span> 
     </span>
    </p>
   </div>
   <div class='ocr_carea' id='block_1_89' title="bbox 2176 4126 3756 4204">
    <p class='ocr_par' dir='ltr' id='par_1_89' title="bbox 2176 4126 3756 4204">
     <span class='ocr_line' id='line_1_89' title="bbox 2176 4126 3756 4204; baseline -0.004 -18"><span class='ocrx_word' id='word_1_618' title='bbox 2176 4132 2422 4204; x_wconf 90' lang='grc' dir='ltr'>πλήσιον,</span> <span class='ocrx_word' id='word_1_619' title='bbox 2454 4133 2547 4204; x_wconf 75' lang='grc' dir='ltr'>καὶ</span> <span class='ocrx_word' id='word_1_620' title='bbox 2573 4132 2905 4204; x_wconf 84' lang='grc' dir='ltr'>παρατείνας</span> <span class='ocrx_word' id='word_1_621' title='bbox 2945 4130 3031 4181; x_wconf 77' lang='grc' dir='ltr'>ἐπ’</span> <span class='ocrx_word' id='word_1_622' title='bbox 3058 4128 3299 4182; x_wconf 79' lang='grc' dir='ltr'>ἐνιαυτὸν</span> <span class='ocrx_word' id='word_1_623' title='bbox 3335 4130 3604 4199; x_wconf 80' lang='grc' dir='ltr'>κομήτης·</span> <span class='ocrx_word' id='word_1_624' title='bbox 3624 4126 3756 4181; x_wconf 83' lang='grc' dir='ltr'>τοῦ-</span> 
     </span>
    </p>
   </div>
   <div class='ocr_carea' id='block_1_90' title="bbox 2174 4202 3753 4297">
    <p class='ocr_par' dir='ltr' id='par_1_90' title="bbox 2174 4202 3753 4297">
     <span class='ocr_line' id='line_1_90' title="bbox 2174 4202 3753 4297; baseline -0.004 -19"><span class='ocrx_word' id='word_1_625' title='bbox 2174 4243 2234 4278; x_wconf 88' lang='grc' dir='ltr'><strong>το</strong></span> <span class='ocrx_word' id='word_1_626' title='bbox 2255 4226 2299 4278; x_wconf 87' lang='grc' dir='ltr'>δ’</span> <span class='ocrx_word' id='word_1_627' title='bbox 2332 4202 2493 4297; x_wconf 71' lang='grc' dir='ltr'>ἡνίκα</span> <span class='ocrx_word' id='word_1_628' title='bbox 2527 4224 2632 4296; x_wconf 77' lang='grc' dir='ltr'><strong>πρὸ</strong></span> <span class='ocrx_word' id='word_1_629' title='bbox 2683 4224 2783 4294; x_wconf 82' lang='grc' dir='ltr'><strong>τῆς</strong></span> <span class='ocrx_word' id='word_1_630' title='bbox 2822 4221 3172 4283; x_wconf 84' lang='grc' dir='ltr'>ἀποστάσεως</span> <span class='ocrx_word' id='word_1_631' title='bbox 3214 4221 3307 4273; x_wconf 75' lang='grc' dir='ltr'><strong>καὶ</strong></span> <span class='ocrx_word' id='word_1_632' title='bbox 3346 4219 3440 4274; x_wconf 86' lang='grc' dir='ltr'><strong>τοῦ</strong></span> <span class='ocrx_word' id='word_1_633' title='bbox 3483 4220 3617 4291; x_wconf 73' lang='grc' dir='ltr'>πρὸς</span> <span class='ocrx_word' id='word_1_634' title='bbox 3654 4219 3753 4273; x_wconf 72' lang='grc' dir='ltr'>τὸν</span> 
     </span>
    </p>
   </div>
   <div class='ocr_carea' id='block_1_91' title="bbox 2175 4308 3751 4386">
    <p class='ocr_par' dir='ltr' id='par_1_91' title="bbox 2175 4308 3751 4386">
     <span class='ocr_line' id='line_1_91' title="bbox 2175 4308 3751 4386; baseline -0.002 -18"><span class='ocrx_word' id='word_1_635' title='bbox 2175 4315 2408 4386; x_wconf 85' lang='grc' dir='ltr'>πόλεμον</span> <span class='ocrx_word' id='word_1_636' title='bbox 2433 4315 2749 4386; x_wconf 84' lang='grc' dir='ltr'>κινήματος,</span> <span class='ocrx_word' id='word_1_637' title='bbox 2780 4308 3164 4384; x_wconf 82' lang='grc' dir='ltr'>ἀθροιζομένου</span> <span class='ocrx_word' id='word_1_638' title='bbox 3204 4311 3298 4365; x_wconf 87' lang='grc' dir='ltr'><strong>τοῦ</strong></span> <span class='ocrx_word' id='word_1_639' title='bbox 3329 4310 3461 4365; x_wconf 84' lang='grc' dir='ltr'>λαοῦ</span> <span class='ocrx_word' id='word_1_640' title='bbox 3485 4312 3617 4383; x_wconf 76' lang='grc' dir='ltr'>πρὸς</span> <span class='ocrx_word' id='word_1_641' title='bbox 3648 4312 3751 4384; x_wconf 81' lang='grc' dir='ltr'>τὴν</span> 
     </span>
    </p>
   </div>
   <div class='ocr_carea' id='block_1_92' title="bbox 2173 4402 3750 4477">
    <p class='ocr_par' dir='ltr' id='par_1_92' title="bbox 2173 4402 3750 4477">
     <span class='ocr_line' id='line_1_92' title="bbox 2173 4402 3750 4477; baseline -0.003 -17"><span class='ocrx_word' id='word_1_642' title='bbox 2173 4406 2283 4460; x_wconf 82' lang='grc' dir='ltr'><strong>τῶν</strong></span> <span class='ocrx_word' id='word_1_643' title='bbox 2311 4405 2531 4477; x_wconf 81' lang='grc' dir='ltr'>ἀζύμων</span> <span class='ocrx_word' id='word_1_644' title='bbox 2564 4405 2777 4477; x_wconf 78' lang='grc' dir='ltr'>ἑορτὴν,</span> <span class='ocrx_word' id='word_1_645' title='bbox 2819 4404 2977 4476; x_wconf 81' lang='grc' dir='ltr'>ὀγδόῃ</span> <span class='ocrx_word' id='word_1_646' title='bbox 3004 4403 3263 4456; x_wconf 86' lang='grc' dir='ltr'>Ξανθικοῦ</span> <span class='ocrx_word' id='word_1_647' title='bbox 3294 4403 3461 4474; x_wconf 88' lang='grc' dir='ltr'>μηνὸς</span> <span class='ocrx_word' id='word_1_648' title='bbox 3488 4402 3627 4456; x_wconf 82' lang='grc' dir='ltr'>κατὰ</span> <span class='ocrx_word' id='word_1_649' title='bbox 3656 4421 3750 4456; x_wconf 86' lang='grc' dir='ltr'>νυ-</span> 
     </span>
    </p>
   </div>
   <div class='ocr_carea' id='block_1_93' title="bbox 505 4495 2083 4569">
    <p class='ocr_par' dir='ltr' id='par_1_93' title="bbox 505 4496 2067 4568">
     <span class='ocr_line' id='line_1_93' title="bbox 505 4496 2067 4568; baseline 0.003 -19"><span class='ocrx_word' id='word_1_650' title='bbox 505 4496 679 4550; x_wconf 87' lang='lat' dir='ltr'><strong>noctis</strong></span> <span class='ocrx_word' id='word_1_651' title='bbox 726 4512 866 4552; x_wconf 90' lang='lat' dir='ltr'><strong>nona</strong></span> <span class='ocrx_word' id='word_1_652' title='bbox 893 4537 909 4564; x_wconf 96' lang='lat'><strong>,</strong></span> <span class='ocrx_word' id='word_1_653' title='bbox 951 4506 1101 4552; x_wconf 87' lang='lat' dir='ltr'><strong>tanta</strong></span> <span class='ocrx_word' id='word_1_654' title='bbox 1135 4507 1355 4568; x_wconf 89' lang='lat' dir='ltr'><strong>repente</strong></span> <span class='ocrx_word' id='word_1_655' title='bbox 1398 4497 1487 4553; x_wconf 78' lang='lat' dir='ltr'><strong>lux</strong></span> <span class='ocrx_word' id='word_1_656' title='bbox 1533 4499 1679 4556; x_wconf 89' lang='lat' dir='ltr'><strong>circa</strong></span> <span class='ocrx_word' id='word_1_657' title='bbox 1716 4499 1885 4554; x_wconf 84' lang='lat' dir='ltr'><strong>altare</strong></span> <span class='ocrx_word' id='word_1_658' title='bbox 1930 4510 2067 4555; x_wconf 91' lang='lat' dir='ltr'><strong>tem-</strong></span> 
     </span>
    </p>
   </div>
   <div class='ocr_carea' id='block_1_94' title="bbox 2189 4495 3748 4569">
    <p class='ocr_par' dir='ltr' id='par_1_94' title="bbox 2189 4496 3748 4569">
     <span class='ocr_line' id='line_1_94' title="bbox 2189 4496 3748 4569; baseline -0.003 -16"><span class='ocrx_word' id='word_1_659' title='bbox 2189 4501 2301 4563; x_wconf 80' lang='grc' dir='ltr'>ιτὸς</span> <span class='ocrx_word' id='word_1_660' title='bbox 2351 4499 2577 4569; x_wconf 80' lang='grc' dir='ltr'>ὲννάτην</span> <span class='ocrx_word' id='word_1_661' title='bbox 2625 4497 2791 4569; x_wconf 86' lang='grc' dir='ltr'>ὥραν,</span> <span class='ocrx_word' id='word_1_662' title='bbox 2836 4497 3058 4550; x_wconf 82' lang='grc' dir='ltr'>τοσοῦτο</span> <span class='ocrx_word' id='word_1_663' title='bbox 3116 4496 3229 4567; x_wconf 80' lang='grc' dir='ltr'><strong>φῶς</strong></span> <span class='ocrx_word' id='word_1_664' title='bbox 3280 4496 3611 4566; x_wconf 68' lang='grc' dir='ltr'>περιέλαμψε</span> <span class='ocrx_word' id='word_1_665' title='bbox 3653 4496 3748 4550; x_wconf 77' lang='grc' dir='ltr'><strong>τὸν</strong></span> 
     </span>
    </p>
   </div>
   <div class='ocr_carea' id='block_1_95' title="bbox 503 4588 2067 4661">
    <p class='ocr_par' dir='ltr' id='par_1_95' title="bbox 503 4588 2067 4661">
     <span class='ocr_line' id='line_1_95' title="bbox 503 4588 2067 4661; baseline 0.003 -20"><span class='ocrx_word' id='word_1_666' title='bbox 503 4588 762 4659; x_wconf 78' lang='lat' dir='ltr'><strong>piumque</strong></span> <span class='ocrx_word' id='word_1_667' title='bbox 816 4588 1147 4645; x_wconf 78' lang='lat' dir='ltr'><strong>circumfusa</strong></span> <span class='ocrx_word' id='word_1_668' title='bbox 1206 4600 1330 4655; x_wconf 90' lang='lat' dir='ltr'><strong>est,</strong></span> <span class='ocrx_word' id='word_1_669' title='bbox 1385 4600 1444 4645; x_wconf 91' lang='lat' dir='ltr'><strong>ut</strong></span> <span class='ocrx_word' id='word_1_670' title='bbox 1505 4591 1592 4647; x_wconf 91' lang='lat' dir='ltr'><strong>die</strong></span> <span class='ocrx_word' id='word_1_671' title='bbox 1636 4592 1746 4661; x_wconf 89' lang='lat' dir='ltr'><strong>jam</strong></span> <span class='ocrx_word' id='word_1_672' title='bbox 1809 4592 2067 4646; x_wconf 84' lang='lat' dir='ltr'><strong>clarissi-</strong></span> 
     </span>
    </p>
   </div>
   <div class='ocr_carea' id='block_1_96' title="bbox 508 4681 2071 4756">
    <p class='ocr_par' dir='ltr' id='par_1_96' title="bbox 508 4681 2071 4756">
     <span class='ocr_line' id='line_1_96' title="bbox 508 4681 2071 4756; baseline 0.006 -25"><span class='ocrx_word' id='word_1_673' title='bbox 508 4694 629 4733; x_wconf 89' lang='lat' dir='ltr'><strong>mus</strong></span> <span class='ocrx_word' id='word_1_674' title='bbox 672 4694 796 4733; x_wconf 87' lang='lat' dir='ltr'><strong>esse</strong></span> <span class='ocrx_word' id='word_1_675' title='bbox 849 4681 1126 4734; x_wconf 87' lang='lat' dir='ltr'><strong>videretur</strong></span> <span class='ocrx_word' id='word_1_676' title='bbox 1183 4698 1198 4735; x_wconf 91' lang='lat'><strong>:</strong></span> <span class='ocrx_word' id='word_1_677' title='bbox 1245 4696 1419 4751; x_wconf 85' lang='lat' dir='ltr'><strong>eaque</strong></span> <span class='ocrx_word' id='word_1_678' title='bbox 1476 4681 1564 4738; x_wconf 84' lang='lat' dir='ltr'><strong>lux</strong></span> <span class='ocrx_word' id='word_1_679' title='bbox 1632 4685 1780 4740; x_wconf 72' lang='lat' dir='ltr'><strong>hora:</strong></span> <span class='ocrx_word' id='word_1_680' title='bbox 1830 4686 1937 4756; x_wconf 80' lang='lat'><strong>83</strong></span> <span class='ocrx_word' id='word_1_681' title='bbox 1996 4687 2071 4741; x_wconf 90' lang='lat' dir='ltr'><strong>di-</strong></span> 
     </span>
    </p>
   </div>
   <div class='ocr_carea' id='block_1_97' title="bbox 506 4769 2066 4843">
    <p class='ocr_par' dir='ltr' id='par_1_97' title="bbox 506 4769 2066 4843">
     <span class='ocr_line' id='line_1_97' title="bbox 506 4769 2066 4843; baseline 0.006 -24"><span class='ocrx_word' id='word_1_682' title='bbox 506 4769 684 4821; x_wconf 67' lang='lat' dir='ltr'><strong>midiae</strong></span> <span class='ocrx_word' id='word_1_683' title='bbox 742 4769 918 4836; x_wconf 90' lang='lat' dir='ltr'><strong>spatio</strong></span> <span class='ocrx_word' id='word_1_684' title='bbox 942 4769 1256 4837; x_wconf 87' lang='lat' dir='ltr'><strong>permansit.</strong></span> <span class='ocrx_word' id='word_1_685' title='bbox 1316 4772 1469 4838; x_wconf 79' lang='lat' dir='ltr'><strong>Quod</strong></span> <span class='ocrx_word' id='word_1_686' title='bbox 1527 4774 1794 4842; x_wconf 86' lang='lat' dir='ltr'><strong>imperitis</strong></span> <span class='ocrx_word' id='word_1_687' title='bbox 1848 4776 2066 4843; x_wconf 79' lang='lat' dir='ltr'><strong>quidem</strong></span> 
     </span>
    </p>
   </div>
   <div class='ocr_carea' id='block_1_98' title="bbox 504 4857 2061 4960">
    <p class='ocr_par' dir='ltr' id='par_1_98' title="bbox 504 4857 2061 4960">
     <span class='ocr_line' id='line_1_98' title="bbox 504 4857 2061 4960; baseline 0.004 -47"><span class='ocrx_word' id='word_1_688' title='bbox 504 4857 705 4913; x_wconf 87' lang='lat' dir='ltr'><strong>bonum</strong></span> <span class='ocrx_word' id='word_1_689' title='bbox 769 4872 928 4913; x_wconf 89' lang='lat' dir='ltr'><strong>omen</strong></span> <span class='ocrx_word' id='word_1_690' title='bbox 982 4873 1103 4915; x_wconf 90' lang='lat' dir='ltr'><strong>esse</strong></span> <span class='ocrx_word' id='word_1_691' title='bbox 1175 4859 1460 4918; x_wconf 87' lang='lat' dir='ltr'><strong>videbatur</strong></span> <span class='ocrx_word' id='word_1_692' title='bbox 1532 4878 1547 4916; x_wconf 90' lang='lat'><strong>:</strong></span> <span class='ocrx_word' id='word_1_693' title='bbox 1612 4864 1706 4919; x_wconf 89' lang='lat' dir='ltr'><strong>sed</strong></span> <span class='ocrx_word' id='word_1_694' title='bbox 1780 4879 2061 4960; x_wconf 65' lang='lat' dir='ltr'><strong>sacrorum</strong></span> 
     </span>
    </p>
   </div>
   <div class='ocr_carea' id='block_1_99' title="bbox 571 4991 927 5047">
    <p class='ocr_par' dir='ltr' id='par_1_99' title="bbox 571 4991 927 5047">
     <span class='ocr_line' id='line_1_99' title="bbox 571 4991 927 5047; baseline 0 -1"><span class='ocrx_word' id='word_1_695' title='bbox 571 4992 615 5025; x_wconf 82' lang='grc'><strong>³¹</strong></span> <span class='ocrx_word' id='word_1_696' title='bbox 646 4991 777 5047; x_wconf 88' lang='lat' dir='ltr'><strong>Luc.</strong></span> <span class='ocrx_word' id='word_1_697' title='bbox 813 5009 927 5047; x_wconf 75' lang='lat' dir='ltr'><strong>nt.</strong></span> 
     </span>
    </p>
   </div>
   <div class='ocr_carea' id='block_1_100' title="bbox 574 5131 2057 5208">
    <p class='ocr_par' dir='ltr' id='par_1_100' title="bbox 574 5131 2057 5208">
     <span class='ocr_line' id='line_1_100' title="bbox 574 5131 2057 5208; baseline -0.01 -5"><span class='ocrx_word' id='word_1_698' title='bbox 574 5131 828 5208; x_wconf 73' lang='grc' dir='ltr'><strong>(6⁵)Τιίῖς</strong></span> <span class='ocrx_word' id='word_1_699' title='bbox 863 5135 1148 5208; x_wconf 71' lang='grc' dir='ltr'>ἱστορίαις</span> <span class='ocrx_word' id='word_1_700' title='bbox 1166 5135 1485 5208; x_wconf 76' lang='grc' dir='ltr'>ἐπιλέγειν.</span> <span class='ocrx_word' id='word_1_701' title='bbox 1513 5137 1645 5192; x_wconf 80' lang='lat' dir='ltr'><strong>Male</strong></span> <span class='ocrx_word' id='word_1_702' title='bbox 1675 5137 2057 5205; x_wconf 85' lang='lat' dir='ltr'><strong>Christophor-</strong></span> 
     </span>
    </p>
   </div>
   <div class='ocr_carea' id='block_1_101' title="bbox 501 5205 2058 5262">
    <p class='ocr_par' dir='ltr' id='par_1_101' title="bbox 501 5205 2058 5262">
     <span class='ocr_line' id='line_1_101' title="bbox 501 5205 2058 5262; baseline 0.002 -7"><span class='ocrx_word' id='word_1_703' title='bbox 501 5217 667 5257; x_wconf 89' lang='lat' dir='ltr'><strong>sonus</strong></span> <span class='ocrx_word' id='word_1_704' title='bbox 694 5205 858 5258; x_wconf 89' lang='lat' dir='ltr'><strong>vertit</strong></span> <span class='ocrx_word' id='word_1_705' title='bbox 885 5207 937 5258; x_wconf 82' lang='lat' dir='ltr'><strong>in</strong></span> <span class='ocrx_word' id='word_1_706' title='bbox 963 5208 1061 5258; x_wconf 80' lang='lat' dir='ltr'><strong>huc</strong></span> <span class='ocrx_word' id='word_1_707' title='bbox 1082 5206 1302 5261; x_wconf 79' lang='lat' dir='ltr'><strong>historia</strong></span> <span class='ocrx_word' id='word_1_708' title='bbox 1332 5205 1584 5262; x_wconf 73' lang='lat' dir='ltr'><strong>disserere</strong></span> <span class='ocrx_word' id='word_1_709' title='bbox 1608 5226 1711 5262; x_wconf 85' lang='lat' dir='ltr'><strong>non</strong></span> <span class='ocrx_word' id='word_1_710' title='bbox 1737 5219 1811 5261; x_wconf 77' lang='lat' dir='ltr'><strong>est</strong></span> <span class='ocrx_word' id='word_1_711' title='bbox 1846 5209 2058 5261; x_wconf 85' lang='lat' dir='ltr'><strong>omnino</strong></span> 
     </span>
    </p>
   </div>
   <div class='ocr_carea' id='block_1_102' title="bbox 498 5271 2058 5345">
    <p class='ocr_par' dir='ltr' id='par_1_102' title="bbox 498 5271 2058 5345">
     <span class='ocr_line' id='line_1_102' title="bbox 498 5271 2058 5345; baseline 0.003 -20"><span class='ocrx_word' id='word_1_712' title='bbox 498 5287 723 5345; x_wconf 71' lang='lat' dir='ltr'><strong>necesse.</strong></span> <span class='ocrx_word' id='word_1_713' title='bbox 761 5271 979 5330; x_wconf 81' lang='lat' dir='ltr'><strong>Rccti‘us</strong></span> <span class='ocrx_word' id='word_1_714' title='bbox 1008 5275 1308 5341; x_wconf 77' lang='lat' dir='ltr'><strong>Musculus,</strong></span> <span class='ocrx_word' id='word_1_715' title='bbox 1334 5295 1440 5333; x_wconf 85' lang='lat' dir='ltr'><strong>non</strong></span> <span class='ocrx_word' id='word_1_716' title='bbox 1483 5295 1611 5345; x_wconf 77' lang='lat' dir='ltr'><strong>opus</strong></span> <span class='ocrx_word' id='word_1_717' title='bbox 1648 5289 1721 5333; x_wconf 79' lang='lat' dir='ltr'><strong>est</strong></span> <span class='ocrx_word' id='word_1_718' title='bbox 1749 5291 1802 5332; x_wconf 86' lang='lat' dir='ltr'><strong>ut</strong></span> <span class='ocrx_word' id='word_1_719' title='bbox 1826 5278 2058 5330; x_wconf 72' lang='lat' dir='ltr'><strong>historiis</strong></span> 
     </span>
    </p>
   </div>
   <div class='ocr_carea' id='block_1_103' title="bbox 499 5344 2060 5411">
    <p class='ocr_par' dir='ltr' id='par_1_103' title="bbox 499 5344 2060 5411">
     <span class='ocr_line' id='line_1_103' title="bbox 499 5344 2060 5411; baseline 0.003 -15"><span class='ocrx_word' id='word_1_720' title='bbox 499 5344 755 5397; x_wconf 73' lang='lat' dir='ltr'><strong>addamus</strong></span> <span class='ocrx_word' id='word_1_721' title='bbox 809 5345 1031 5411; x_wconf 82' lang='lat' dir='ltr'><strong>aliquid.</strong></span> <span class='ocrx_word' id='word_1_722' title='bbox 1070 5347 1336 5401; x_wconf 83' lang='lat' dir='ltr'><strong>Historias</strong></span> <span class='ocrx_word' id='word_1_723' title='bbox 1377 5344 1535 5403; x_wconf 86' lang='lat' dir='ltr'><strong>vocat</strong></span> <span class='ocrx_word' id='word_1_724' title='bbox 1582 5349 1847 5403; x_wconf 87' lang='lat' dir='ltr'><strong>Eusebius</strong></span> <span class='ocrx_word' id='word_1_725' title='bbox 1895 5347 2060 5401; x_wconf 87' lang='lat' dir='ltr'><strong>libros</strong></span> 
     </span>
    </p>
   </div>
   <div class='ocr_carea' id='block_1_104' title="bbox 499 5413 2059 5489">
    <p class='ocr_par' dir='ltr' id='par_1_104' title="bbox 499 5413 2059 5489">
     <span class='ocr_line' id='line_1_104' title="bbox 499 5413 2059 5489; baseline 0.004 -25"><span class='ocrx_word' id='word_1_726' title='bbox 499 5413 717 5489; x_wconf 78' lang='lat' dir='ltr'><strong>Josephi</strong></span> <span class='ocrx_word' id='word_1_727' title='bbox 756 5414 833 5468; x_wconf 80' lang='lat' dir='ltr'><strong>De</strong></span> <span class='ocrx_word' id='word_1_728' title='bbox 865 5419 1069 5470; x_wconf 73' lang='lat' dir='ltr'><strong>excidio</strong></span> <span class='ocrx_word' id='word_1_729' title='bbox 1095 5418 1242 5489; x_wconf 74' lang='lat' dir='ltr'><strong>urbis</strong></span> <span class='ocrx_word' id='word_1_730' title='bbox 1280 5418 1801 5489; x_wconf 67' lang='lat' dir='ltr'><strong>[iicrosolymitanw,</strong></span> <span class='ocrx_word' id='word_1_731' title='bbox 1833 5433 1938 5474; x_wconf 90' lang='lat' dir='ltr'><strong>non</strong></span> <span class='ocrx_word' id='word_1_732' title='bbox 1969 5418 2059 5472; x_wconf 86' lang='lat' dir='ltr'><strong>hi-</strong></span> 
     </span>
    </p>
   </div>
   <div class='ocr_carea' id='block_1_105' title="bbox 497 5484 1813 5558">
    <p class='ocr_par' dir='ltr' id='par_1_105' title="bbox 497 5484 1813 5558">
     <span class='ocr_line' id='line_1_105' title="bbox 497 5484 1813 5558; baseline 0.006 -22"><span class='ocrx_word' id='word_1_733' title='bbox 497 5484 915 5558; x_wconf 25' lang='lat' dir='ltr'><strong>stori‘ainsuam,</strong></span> <span class='ocrx_word' id='word_1_734' title='bbox 939 5495 996 5558; x_wconf 64' lang='lat' dir='ltr'><strong>ut</strong></span> <span class='ocrx_word' id='word_1_735' title='bbox 1027 5487 1244 5558; x_wconf 10' lang='lat' dir='ltr'><strong>putavit,</strong></span> <span class='ocrx_word' id='word_1_736' title='bbox 1265 5484 1813 5558; x_wconf 81' lang='lat' dir='ltr'><strong>Christophorsonus.</strong></span> 
     </span>
    </p>
   </div>
   <div class='ocr_carea' id='block_1_106' title="bbox 568 5549 2055 5628">
    <p class='ocr_par' dir='ltr' id='par_1_106' title="bbox 568 5549 2055 5628">
     <span class='ocr_line' id='line_1_106' title="bbox 568 5549 2055 5628; baseline 0.003 -21"><span class='ocrx_word' id='word_1_737' title='bbox 568 5552 681 5625; x_wconf 82' lang='grc'><strong>(66)</strong></span> <span class='ocrx_word' id='word_1_738' title='bbox 711 5549 867 5628; x_wconf 82' lang='lat' dir='ltr'><strong>Vulg.</strong></span> <span class='ocrx_word' id='word_1_739' title='bbox 891 5549 1065 5628; x_wconf 66' lang='grc' dir='ltr'>τοῦτο</span> <span class='ocrx_word' id='word_1_740' title='bbox 1084 5555 1203 5626; x_wconf 76' lang='grc' dir='ltr'><strong>μὲν</strong></span> <span class='ocrx_word' id='word_1_741' title='bbox 1223 5556 1335 5612; x_wconf 85' lang='grc' dir='ltr'>ὅτι.</span> <span class='ocrx_word' id='word_1_742' title='bbox 1364 5549 1555 5613; x_wconf 78' lang='lat' dir='ltr'><strong>Scribe</strong></span> <span class='ocrx_word' id='word_1_743' title='bbox 1579 5559 1689 5625; x_wconf 76' lang='grc' dir='ltr'>ὅτε,</span> <span class='ocrx_word' id='word_1_744' title='bbox 1712 5569 1770 5614; x_wconf 81' lang='grc' dir='ltr'><strong>ιιι</strong></span> <span class='ocrx_word' id='word_1_745' title='bbox 1802 5567 1886 5614; x_wconf 82' lang='lat' dir='ltr'><strong>est</strong></span> <span class='ocrx_word' id='word_1_746' title='bbox 1915 5557 2055 5628; x_wconf 77' lang='lat' dir='ltr'><strong>apud</strong></span> 
     </span>
    </p>
   </div>
   <div class='ocr_carea' id='block_1_107' title="bbox 494 5621 2056 5698">
    <p class='ocr_par' dir='ltr' id='par_1_107' title="bbox 494 5621 2056 5698">
     <span class='ocr_line' id='line_1_107' title="bbox 494 5621 2056 5698; baseline 0.003 -22"><span class='ocrx_word' id='word_1_747' title='bbox 494 5621 789 5698; x_wconf 77' lang='lat' dir='ltr'><strong>Josephum</strong></span> <span class='ocrx_word' id='word_1_748' title='bbox 821 5621 872 5678; x_wconf 79' lang='lat' dir='ltr'><strong>in</strong></span> <span class='ocrx_word' id='word_1_749' title='bbox 903 5625 995 5680; x_wconf 87' lang='lat' dir='ltr'><strong>lib.</strong></span> <span class='ocrx_word' id='word_1_750' title='bbox 1011 5621 1108 5688; x_wconf 56' lang='lat' dir='ltr'><strong>vn&#39;,</strong></span> <span class='ocrx_word' id='word_1_751' title='bbox 1130 5642 1252 5697; x_wconf 76' lang='lat' dir='ltr'><strong>pag.</strong></span> <span class='ocrx_word' id='word_1_752' title='bbox 1274 5621 1689 5683; x_wconf 77' lang='lat' dir='ltr'><strong>960.0:eteruni</strong></span> <span class='ocrx_word' id='word_1_753' title='bbox 1724 5621 2056 5698; x_wconf 71' lang='lat' dir='ltr'><strong>Nicephorius</strong></span> 
     </span>
    </p>
   </div>
   <div class='ocr_carea' id='block_1_108' title="bbox 495 5696 2054 5772">
    <p class='ocr_par' dir='ltr' id='par_1_108' title="bbox 495 5696 2054 5772">
     <span class='ocr_line' id='line_1_108' title="bbox 495 5696 2054 5772; baseline 0.003 -26"><span class='ocrx_word' id='word_1_754' title='bbox 495 5696 712 5764; x_wconf 79' lang='lat' dir='ltr'><strong>quidem</strong></span> <span class='ocrx_word' id='word_1_755' title='bbox 745 5705 949 5752; x_wconf 86' lang='lat' dir='ltr'><strong>astrum</strong></span> <span class='ocrx_word' id='word_1_756' title='bbox 984 5697 1095 5772; x_wconf 77' lang='lat' dir='ltr'><strong>hoc</strong></span> <span class='ocrx_word' id='word_1_757' title='bbox 1134 5696 1312 5769; x_wconf 71' lang='lat' dir='ltr'><strong>gladio</strong></span> <span class='ocrx_word' id='word_1_758' title='bbox 1357 5699 1554 5768; x_wconf 80' lang='lat' dir='ltr'><strong>simile,</strong></span> <span class='ocrx_word' id='word_1_759' title='bbox 1601 5712 1654 5757; x_wconf 86' lang='lat' dir='ltr'><strong>et</strong></span> <span class='ocrx_word' id='word_1_760' title='bbox 1685 5696 1925 5756; x_wconf 77' lang='lat' dir='ltr'><strong>cometen</strong></span> <span class='ocrx_word' id='word_1_761' title='bbox 1964 5700 2054 5768; x_wconf 79' lang='lat' dir='ltr'><strong>qui</strong></span> 
     </span>
    </p>
   </div>
   <div class='ocr_carea' id='block_1_109' title="bbox 2178 4583 3749 4663">
    <p class='ocr_par' dir='ltr' id='par_1_109' title="bbox 2178 4583 3749 4663">
     <span class='ocr_line' id='line_1_109' title="bbox 2178 4583 3749 4663; baseline -0.004 -18"><span class='ocrx_word' id='word_1_762' title='bbox 2178 4591 2359 4663; x_wconf 80' lang='grc' dir='ltr'>βωμὸν</span> <span class='ocrx_word' id='word_1_763' title='bbox 2408 4590 2502 4643; x_wconf 79' lang='grc' dir='ltr'><strong>καὶ</strong></span> <span class='ocrx_word' id='word_1_764' title='bbox 2544 4589 2633 4641; x_wconf 84' lang='grc' dir='ltr'><strong>τὸν</strong></span> <span class='ocrx_word' id='word_1_765' title='bbox 2663 4588 2808 4651; x_wconf 81' lang='grc' dir='ltr'>ναὸν,</span> <span class='ocrx_word' id='word_1_766' title='bbox 2864 4588 2938 4651; x_wconf 86' lang='grc' dir='ltr'>ὡς</span> <span class='ocrx_word' id='word_1_767' title='bbox 2981 4588 3154 4640; x_wconf 85' lang='grc' dir='ltr'>δοκεῖν</span> <span class='ocrx_word' id='word_1_768' title='bbox 3186 4588 3399 4659; x_wconf 76' lang='grc' dir='ltr'>ἡμέραν</span> <span class='ocrx_word' id='word_1_769' title='bbox 3432 4583 3567 4640; x_wconf 83' lang='grc' dir='ltr'>εἶναι</span> <span class='ocrx_word' id='word_1_770' title='bbox 3608 4586 3749 4657; x_wconf 77' lang='grc' dir='ltr'>λαμ-</span> 
     </span>
    </p>
   </div>
   <div class='ocr_carea' id='block_1_110' title="bbox 2176 4676 3745 4755">
    <p class='ocr_par' dir='ltr' id='par_1_110' title="bbox 2176 4676 3745 4755">
     <span class='ocr_line' id='line_1_110' title="bbox 2176 4676 3745 4755; baseline -0.005 -19"><span class='ocrx_word' id='word_1_771' title='bbox 2176 4682 2349 4755; x_wconf 74' lang='grc' dir='ltr'>πράνο</span> <span class='ocrx_word' id='word_1_772' title='bbox 2385 4678 2663 4734; x_wconf 78' lang='grc' dir='ltr'>καὶτοῦτο</span> <span class='ocrx_word' id='word_1_773' title='bbox 2696 4677 3012 4750; x_wconf 79' lang='grc' dir='ltr'>παρέτεινεν</span> <span class='ocrx_word' id='word_1_774' title='bbox 3066 4679 3150 4747; x_wconf 79' lang='grc' dir='ltr'><strong>ἐφ’</strong></span> <span class='ocrx_word' id='word_1_775' title='bbox 3189 4678 3439 4748; x_wconf 79' lang='grc' dir='ltr'>ἡμίσειαν</span> <span class='ocrx_word' id='word_1_776' title='bbox 3465 4676 3634 4747; x_wconf 78' lang='grc' dir='ltr'>ὤραν.</span> <span class='ocrx_word' id='word_1_777' title='bbox 3678 4679 3745 4729; x_wconf 84' lang='grc' dir='ltr'><strong>Ὅ</strong></span> 
     </span>
    </p>
   </div>
   <div class='ocr_carea' id='block_1_111' title="bbox 2172 4767 3743 4843">
    <p class='ocr_par' dir='ltr' id='par_1_111' title="bbox 2172 4767 3743 4843">
     <span class='ocr_line' id='line_1_111' title="bbox 2172 4767 3743 4843; baseline -0.004 -17"><span class='ocrx_word' id='word_1_778' title='bbox 2172 4769 2282 4837; x_wconf 84' lang='grc' dir='ltr'>τοῖς</span> <span class='ocrx_word' id='word_1_779' title='bbox 2314 4772 2410 4843; x_wconf 84' lang='grc' dir='ltr'><strong>μὲν</strong></span> <span class='ocrx_word' id='word_1_780' title='bbox 2442 4772 2688 4843; x_wconf 82' lang='grc' dir='ltr'>ἀπείροις</span> <span class='ocrx_word' id='word_1_781' title='bbox 2721 4769 2923 4838; x_wconf 73' lang='grc' dir='ltr'>ἀγαθὸν</span> <span class='ocrx_word' id='word_1_782' title='bbox 2956 4768 3131 4821; x_wconf 77' lang='grc' dir='ltr'>ἐδόκει</span> <span class='ocrx_word' id='word_1_783' title='bbox 3169 4767 3327 4832; x_wconf 80' lang='grc' dir='ltr'>εἶναι,</span> <span class='ocrx_word' id='word_1_784' title='bbox 3368 4769 3480 4829; x_wconf 85' lang='grc' dir='ltr'>τοῖς</span> <span class='ocrx_word' id='word_1_785' title='bbox 3504 4767 3560 4819; x_wconf 81' lang='grc' dir='ltr'>δὲ</span> <span class='ocrx_word' id='word_1_786' title='bbox 3595 4769 3743 4836; x_wconf 86' lang='grc' dir='ltr'>ἱερο-</span> 
     </span>
    </p>
   </div>
   <div class='ocr_carea' id='block_1_112' title="bbox 2172 4857 3742 4938">
    <p class='ocr_par' dir='ltr' id='par_1_112' title="bbox 2172 4857 3742 4938">
     <span class='ocr_line' id='line_1_112' title="bbox 2172 4857 3742 4938; baseline -0.004 -21"><span class='ocrx_word' id='word_1_787' title='bbox 2172 4862 2557 4938; x_wconf 87' lang='grc' dir='ltr'>γραμματεῦσι</span> <span class='ocrx_word' id='word_1_788' title='bbox 2592 4862 2703 4934; x_wconf 82' lang='grc'><strong>(67)</strong></span> <span class='ocrx_word' id='word_1_789' title='bbox 2763 4861 2867 4932; x_wconf 83' lang='grc' dir='ltr'><strong>πρὸ</strong></span> <span class='ocrx_word' id='word_1_790' title='bbox 2924 4859 3029 4913; x_wconf 78' lang='grc' dir='ltr'><strong>τῶν</strong></span> <span class='ocrx_word' id='word_1_791' title='bbox 3078 4858 3492 4930; x_wconf 73' lang='grc' dir='ltr'>ἀποϐεϐηκότων</span> <span class='ocrx_word' id='word_1_792' title='bbox 3537 4857 3742 4923; x_wconf 80' lang='grc' dir='ltr'>εὐθέως</span> 
     </span>
    </p>
   </div>
   <div class='ocr_carea' id='block_1_113' title="bbox 2165 5136 3740 5209">
    <p class='ocr_par' dir='ltr' id='par_1_113' title="bbox 2165 5136 3740 5209">
     <span class='ocr_line' id='line_1_113' title="bbox 2165 5136 3740 5209; baseline 0.003 -20"><span class='ocrx_word' id='word_1_793' title='bbox 2165 5151 2261 5203; x_wconf 89' lang='lat' dir='ltr'><strong>per</strong></span> <span class='ocrx_word' id='word_1_794' title='bbox 2296 5152 2492 5190; x_wconf 85' lang='lat' dir='ltr'><strong>annum</strong></span> <span class='ocrx_word' id='word_1_795' title='bbox 2516 5137 2852 5209; x_wconf 71' lang='lat' dir='ltr'><strong>continuum</strong></span> <span class='ocrx_word' id='word_1_796' title='bbox 2891 5136 3158 5205; x_wconf 84' lang='lat' dir='ltr'><strong>apparuit.</strong></span> <span class='ocrx_word' id='word_1_797' title='bbox 3190 5153 3352 5191; x_wconf 90' lang='lat' dir='ltr'><strong>unum</strong></span> <span class='ocrx_word' id='word_1_798' title='bbox 3378 5137 3628 5209; x_wconf 80' lang='lat' dir='ltr'><strong>idemque</strong></span> <span class='ocrx_word' id='word_1_799' title='bbox 3661 5141 3740 5193; x_wconf 88' lang='lat' dir='ltr'><strong>si-</strong></span> 
     </span>
    </p>
   </div>
   <div class='ocr_carea' id='block_1_114' title="bbox 2166 5206 3454 5275">
    <p class='ocr_par' dir='ltr' id='par_1_114' title="bbox 2166 5206 3454 5275">
     <span class='ocr_line' id='line_1_114' title="bbox 2166 5206 3454 5275; baseline 0.002 -16"><span class='ocrx_word' id='word_1_800' title='bbox 2166 5210 2264 5261; x_wconf 91' lang='lat' dir='ltr'><strong>dus</strong></span> <span class='ocrx_word' id='word_1_801' title='bbox 2293 5222 2415 5259; x_wconf 83' lang='lat' dir='ltr'><strong>esse</strong></span> <span class='ocrx_word' id='word_1_802' title='bbox 2444 5206 2794 5275; x_wconf 76' lang='lat' dir='ltr'><strong>existimavit,</strong></span> <span class='ocrx_word' id='word_1_803' title='bbox 2832 5221 2934 5259; x_wconf 89' lang='lat' dir='ltr'><strong>non</strong></span> <span class='ocrx_word' id='word_1_804' title='bbox 2966 5218 3130 5271; x_wconf 88' lang='lat' dir='ltr'><strong>recte,</strong></span> <span class='ocrx_word' id='word_1_805' title='bbox 3162 5219 3215 5259; x_wconf 92' lang='lat' dir='ltr'><strong>ut</strong></span> <span class='ocrx_word' id='word_1_806' title='bbox 3244 5211 3454 5275; x_wconf 81' lang='lat' dir='ltr'><strong>opinor.</strong></span> 
     </span>
    </p>
   </div>
   <div class='ocr_carea' id='block_1_115' title="bbox 2237 5274 3737 5348">
    <p class='ocr_par' dir='ltr' id='par_1_115' title="bbox 2237 5274 3737 5348">
     <span class='ocr_line' id='line_1_115' title="bbox 2237 5274 3737 5348; baseline 0.002 -19"><span class='ocrx_word' id='word_1_807' title='bbox 2237 5276 2347 5348; x_wconf 73' lang='grc'><strong>(67)</strong></span> <span class='ocrx_word' id='word_1_808' title='bbox 2377 5275 2505 5342; x_wconf 80' lang='grc' dir='ltr'>Τοῖς</span> <span class='ocrx_word' id='word_1_809' title='bbox 2532 5274 2601 5328; x_wconf 83' lang='grc' dir='ltr'>δὲ</span> <span class='ocrx_word' id='word_1_810' title='bbox 2626 5276 3174 5348; x_wconf 64' lang='grc' dir='ltr'>ἱερογραμματεῦσι.</span> <span class='ocrx_word' id='word_1_811' title='bbox 3204 5274 3352 5346; x_wconf 69' lang='lat' dir='ltr'><strong>Legi:</strong></span> <span class='ocrx_word' id='word_1_812' title='bbox 3385 5278 3579 5348; x_wconf 78' lang='lat' dir='ltr'><strong>peritos</strong></span> <span class='ocrx_word' id='word_1_813' title='bbox 3612 5291 3737 5333; x_wconf 81' lang='lat' dir='ltr'><strong>ver-</strong></span> 
     </span>
    </p>
   </div>
   <div class='ocr_carea' id='block_1_116' title="bbox 2169 5346 3740 5417">
    <p class='ocr_par' dir='ltr' id='par_1_116' title="bbox 2169 5346 3740 5417">
     <span class='ocr_line' id='line_1_116' title="bbox 2169 5346 3740 5417; baseline 0.001 -17"><span class='ocrx_word' id='word_1_814' title='bbox 2169 5349 2233 5400; x_wconf 87' lang='lat' dir='ltr'><strong>tit</strong></span> <span class='ocrx_word' id='word_1_815' title='bbox 2265 5346 2512 5409; x_wconf 81' lang='lat' dir='ltr'><strong>Rulinus,</strong></span> <span class='ocrx_word' id='word_1_816' title='bbox 2564 5361 2686 5417; x_wconf 78' lang='lat' dir='ltr'><strong>non</strong></span> <span class='ocrx_word' id='word_1_817' title='bbox 2722 5347 2881 5400; x_wconf 73' lang='lat' dir='ltr'><strong>ntale.</strong></span> <span class='ocrx_word' id='word_1_818' title='bbox 2920 5346 3123 5417; x_wconf 76' lang='lat' dir='ltr'><strong>Scriba:</strong></span> <span class='ocrx_word' id='word_1_819' title='bbox 3160 5350 3305 5417; x_wconf 88' lang='lat' dir='ltr'><strong>enim</strong></span> <span class='ocrx_word' id='word_1_820' title='bbox 3350 5349 3488 5417; x_wconf 90' lang='lat' dir='ltr'><strong>apud</strong></span> <span class='ocrx_word' id='word_1_821' title='bbox 3518 5347 3740 5403; x_wconf 72' lang='lat' dir='ltr'><strong>Judreos</strong></span> 
     </span>
    </p>
   </div>
   <div class='ocr_carea' id='block_1_117' title="bbox 2167 5415 3737 5486">
    <p class='ocr_par' dir='ltr' id='par_1_117' title="bbox 2167 5415 3737 5486">
     <span class='ocr_line' id='line_1_117' title="bbox 2167 5415 3737 5486; baseline 0 -15"><span class='ocrx_word' id='word_1_822' title='bbox 2167 5419 2329 5471; x_wconf 90' lang='lat' dir='ltr'><strong>iidem</strong></span> <span class='ocrx_word' id='word_1_823' title='bbox 2359 5426 2514 5471; x_wconf 85' lang='lat' dir='ltr'><strong>erant</strong></span> <span class='ocrx_word' id='word_1_824' title='bbox 2563 5429 2628 5486; x_wconf 75' lang='lat' dir='ltr'><strong>ac</strong></span> <span class='ocrx_word' id='word_1_825' title='bbox 2675 5415 2806 5486; x_wconf 75' lang='lat' dir='ltr'><strong>legis</strong></span> <span class='ocrx_word' id='word_1_826' title='bbox 2851 5416 3007 5483; x_wconf 89' lang='lat' dir='ltr'><strong>periti</strong></span> <span class='ocrx_word' id='word_1_827' title='bbox 3052 5432 3144 5470; x_wconf 91' lang='lat' dir='ltr'><strong>seu</strong></span> <span class='ocrx_word' id='word_1_828' title='bbox 3186 5416 3319 5483; x_wconf 79' lang='lat' dir='ltr'><strong>legis</strong></span> <span class='ocrx_word' id='word_1_829' title='bbox 3372 5415 3643 5480; x_wconf 81' lang='lat' dir='ltr'><strong>doctores,</strong></span> <span class='ocrx_word' id='word_1_830' title='bbox 3676 5429 3737 5471; x_wconf 80' lang='lat' dir='ltr'><strong>u&#39;</strong></span> 
     </span>
    </p>
   </div>
   <div class='ocr_carea' id='block_1_118' title="bbox 2170 5484 3735 5542">
    <p class='ocr_par' dir='ltr' id='par_1_118' title="bbox 2170 5484 3735 5542">
     <span class='ocr_line' id='line_1_118' title="bbox 2170 5484 3735 5542; baseline -0.001 -1"><span class='ocrx_word' id='word_1_831' title='bbox 2170 5496 2319 5542; x_wconf 87' lang='lat' dir='ltr'><strong>recte</strong></span> <span class='ocrx_word' id='word_1_832' title='bbox 2349 5486 2550 5539; x_wconf 89' lang='lat' dir='ltr'><strong>notavit</strong></span> <span class='ocrx_word' id='word_1_833' title='bbox 2574 5484 2828 5540; x_wconf 84' lang='lat' dir='ltr'><strong>Petavius</strong></span> <span class='ocrx_word' id='word_1_834' title='bbox 2860 5486 2912 5539; x_wconf 94' lang='lat' dir='ltr'><strong>in</strong></span> <span class='ocrx_word' id='word_1_835' title='bbox 2947 5486 3504 5542; x_wconf 86' lang='lat' dir='ltr'><strong>animadversionibus</strong></span> <span class='ocrx_word' id='word_1_836' title='bbox 3533 5486 3596 5539; x_wconf 87' lang='lat' dir='ltr'><strong>ad</strong></span> <span class='ocrx_word' id='word_1_837' title='bbox 3622 5487 3735 5539; x_wconf 79' lang='lat' dir='ltr'><strong>ha:-</strong></span> 
     </span>
    </p>
   </div>
   <div class='ocr_carea' id='block_1_119' title="bbox 2171 5554 3738 5625">
    <p class='ocr_par' dir='ltr' id='par_1_119' title="bbox 2171 5554 3738 5625">
     <span class='ocr_line' id='line_1_119' title="bbox 2171 5554 3738 5625; baseline -0.001 -15"><span class='ocrx_word' id='word_1_838' title='bbox 2171 5558 2330 5610; x_wconf 86' lang='lat' dir='ltr'><strong>resim</strong></span> <span class='ocrx_word' id='word_1_839' title='bbox 2356 5571 2424 5609; x_wconf 81' lang='lat' dir='ltr'><strong>xv</strong></span> <span class='ocrx_word' id='word_1_840' title='bbox 2454 5554 2765 5625; x_wconf 81' lang='lat' dir='ltr'><strong>Epiphanii.‘</strong></span> <span class='ocrx_word' id='word_1_841' title='bbox 2786 5555 2987 5610; x_wconf 87' lang='lat' dir='ltr'><strong>llorum</strong></span> <span class='ocrx_word' id='word_1_842' title='bbox 3017 5571 3210 5610; x_wconf 89' lang='lat' dir='ltr'><strong>munus</strong></span> <span class='ocrx_word' id='word_1_843' title='bbox 3235 5566 3352 5610; x_wconf 88' lang='lat' dir='ltr'><strong>erat</strong></span> <span class='ocrx_word' id='word_1_844' title='bbox 3380 5570 3564 5611; x_wconf 90' lang='lat' dir='ltr'><strong>sacros</strong></span> <span class='ocrx_word' id='word_1_845' title='bbox 3598 5557 3738 5622; x_wconf 83' lang='lat' dir='ltr'><strong>legis</strong></span> 
     </span>
    </p>
   </div>
   <div class='ocr_carea' id='block_1_120' title="bbox 2170 5625 3738 5694">
    <p class='ocr_par' dir='ltr' id='par_1_120' title="bbox 2170 5625 3738 5694">
     <span class='ocr_line' id='line_1_120' title="bbox 2170 5625 3738 5694; baseline 0.001 -16"><span class='ocrx_word' id='word_1_846' title='bbox 2170 5627 2336 5681; x_wconf 76' lang='lat' dir='ltr'><strong>libros</strong></span> <span class='ocrx_word' id='word_1_847' title='bbox 2364 5629 2660 5687; x_wconf 86' lang='lat' dir='ltr'><strong>custodire,</strong></span> <span class='ocrx_word' id='word_1_848' title='bbox 2705 5629 3031 5694; x_wconf 86' lang='lat' dir='ltr'><strong>eosdemque</strong></span> <span class='ocrx_word' id='word_1_849' title='bbox 3076 5627 3254 5694; x_wconf 78' lang='lat' dir='ltr'><strong>regere</strong></span> <span class='ocrx_word' id='word_1_850' title='bbox 3298 5641 3483 5680; x_wconf 86' lang='lat' dir='ltr'><strong>coram</strong></span> <span class='ocrx_word' id='word_1_851' title='bbox 3538 5625 3738 5694; x_wconf 83' lang='lat' dir='ltr'><strong>populo</strong></span> 
     </span>
    </p>
   </div>
   <div class='ocr_carea' id='block_1_121' title="bbox 2168 5694 3741 5768">
    <p class='ocr_par' dir='ltr' id='par_1_121' title="bbox 2168 5694 3741 5768">
     <span class='ocr_line' id='line_1_121' title="bbox 2168 5694 3741 5768; baseline 0 -17"><span class='ocrx_word' id='word_1_852' title='bbox 2168 5699 2224 5751; x_wconf 88' lang='lat' dir='ltr'><strong>in</strong></span> <span class='ocrx_word' id='word_1_853' title='bbox 2269 5695 2468 5767; x_wconf 68' lang='lat' dir='ltr'><strong>templo</strong></span> <span class='ocrx_word' id='word_1_854' title='bbox 2523 5706 2577 5751; x_wconf 87' lang='lat' dir='ltr'><strong>et</strong></span> <span class='ocrx_word' id='word_1_855' title='bbox 2615 5697 2669 5752; x_wconf 89' lang='lat' dir='ltr'><strong>in</strong></span> <span class='ocrx_word' id='word_1_856' title='bbox 2714 5710 3001 5768; x_wconf 78' lang='lat' dir='ltr'><strong>synagoga.</strong></span> <span class='ocrx_word' id='word_1_857' title='bbox 3068 5694 3219 5753; x_wconf 89' lang='lat' dir='ltr'><strong>Unde</strong></span> <span class='ocrx_word' id='word_1_858' title='bbox 3280 5697 3335 5751; x_wconf 93' lang='lat' dir='ltr'><strong>in</strong></span> <span class='ocrx_word' id='word_1_859' title='bbox 3398 5696 3573 5764; x_wconf 90' lang='lat' dir='ltr'><strong>capite</strong></span> <span class='ocrx_word' id='word_1_860' title='bbox 3638 5710 3741 5751; x_wconf 77' lang='lat' dir='ltr'><strong>viu</strong></span> 
     </span>
    </p>
   </div>
  </div>
