4016 6260
274 349 384 409 ἭΘ

1305 349 1663 411 HISTORle
1705 351 2265 410 ECCLESIASTICE
2302 351 2433 410 LIB.
2475 351 2563 408 lll.

3449 363 3558 418 250

295 477 427 549 πρὸς
455 473 814 557 τοῖςοεῐκοσιν
844 475 1168 548 omnis“;
1200 475 1292 548 ἐτη
1327 476 1436 548 (94)
1472 475 1694 547 τελευτᾷ
1719 515 1733 540 ,
1765 475 1884 530 δια-

1987 477 2194 531 exactis
2223 475 2357 530 abiit
2379 489 2410 530 e
2435 474 2570 528 vita.
2605 471 2705 526 Cui
2735 473 3004 528 secundus
3053 474 3246 530 ordine
3297 485 3561 538 successit

303 569 503 629 δὲγεται
531 567 576 620 δ’
602 568 775 622 αὐτὸν
803 569 1052 640 δεύτερος
1094 567 1324 632 Ἀὁίλιος
1355 568 1495 639 (95).

840 659 1237 712 ΚΕΦΑΛΑΙΟΝ
1264 658 1368 713 lE'.

427 749 519 815 Ὠς
549 750 755 816 τρίτος
795 749 1095 821 Ῥωμαίων
1124 750 1460 817 ἐπίσκοπος
1487 751 1754 821 Κλήμης.

373 842 666 913 Δωδεκὰτῳ
692 842 750 896 δὲ
784 843 895 897 ἔτει
923 843 1024 914 τῆς
1058 844 1227 914 αὐτῆς
1261 845 1576 916 ἡγεμονίας,
1610 846 1707 916 τῆς
1751 846 1884 898 Ῥω-

313 936 479 1008 μαίων
535 935 868 1006 Ἐκκλησίας
919 937 1276 1008 Ἀνέγκλητον
1319 936 1496 991 ἔτεσιν
1553 938 1885 992 ὲπισκοπεύ-

311 1044 471 1080 σαντα
512 1025 742 1080 δεκαδυο
767 1067 782 1089 ,
834 1026 1136 1097 διαδέχεται
1169 1027 1436 1098 Κλήμης.
1487 1029 1583 1082 Ὃν
1630 1030 1885 1100 συνεργὸν

310 1116 498 1172 ἑαυτοῦ
529 1116 786 1186 γενέσθαι
808 1115 1188 1189 Φιλιππησίοις
1223 1119 1553 1172 ἐπιστέλλων
1593 1122 1621 1172 6
1650 1121 1885 1174 ἀπόστο-

308 1211 397 1274 λος
423 1209 664 1262 διδάσκει
694 1210 868 1278 λέγων
893 1227 907 1241 ·
949 1230 967 1261 ι
997 1209 1152 1264 Μετὰ
1185 1211 1280 1264 καὶ
1308 1211 1622 1282 Κλήμεντος
1653 1214 1747 1268 καὶ
1778 1213 1885 1268 τῶν

305 1301 497 1357 λοιπῶν
523 1302 805 1374 συνεργῶν
831 1319 954 1374 μου,
977 1295 1052 1356 ὧν
1069 1301 1137 1355 τὰ
1159 1303 1398 1374 ὀνόματα
1417 1305 1475 1357 ὲν
1497 1304 1661 1376 βίϐλῳ
1682 1304 1844 1376 ζωῆς.
1861 1325 1879 1356 ι

270 1428 287 1494 ³
795 1478 1193 1532 ΚΕΦΑΛΑΙΟΝ
1235 1479 1318 1545 ις

581 1568 726 1638 Περὶ
755 1567 866 1637 τῆς
884 1567 1228 1638 Κλήμεντος
1258 1569 1599 1638 ἐπιστολῆς.

371 1658 671 1734 Τούτουδὴ
713 1656 806 1715 οὖν
840 1660 933 1713 τοῦ
975 1661 1292 1731 Κλήμεντος
1336 1660 1739 1732 ὁμολογουμένη
1788 1662 1884 1732 μία

296 1753 554 1825 ἐπιστολὴ
599 1755 824 1827 φέρεται
850 1797 864 1820 ,
903 1753 1114 1825 μεγάλη
1146 1771 1203 1806 τε
1235 1752 1677 1824 καὶ-θαυμασία,
1707 1755 1772 1824 ἥν
1808 1754 1884 1818 ὡς

295 1847 404 1900 ἀπὸ
431 1847 530 1918 τῆς
570 1846 856 1917 Ῥωμαίων
901 1845 1228 1917 Ἐκκλησίας
1271 1847 1338 1916 τῇ
1379 1844 1679 1916 Κορινθίων
1710 1845 1882 1898 διετυ-
1911 1834 1955 1893 Β

297 1939 540 2004 πὼσατο,
579 1939 823 2002 στάσεως
851 1939 1106 2008 τηνικάδε
1135 1937 1275 1992 κατὰ
1307 1937 1404 2009 τὴν
1433 1938 1695 2010 Κόρινοον
1725 1956 1880 2007 γενο-

296 2028 486 2100 μένης.
543 2029 766 2100 Ταύτην
803 2028 860 2081 δὲ
895 2029 990 2082 καὶ
1033 2029 1091 2083 ὲν
1125 2029 1406 2092 πλείσταις
1435 2029 1752 2100 ἐκκλησίαις
1791 2031 1881 2083 ἐπὶ

293 2121 386 2173 τοῦ
422 2120 612 2174 κοινοῦ
645 2120 1136 2191 δεδημοσιευμὲνην
1170 2122 1335 2176 πάλαι
1366 2140 1423 2174 τε
1458 2124 1550 2176 καὶ
1583 2123 1703 2176 καθ’
1737 2125 1881 2194 ἡμᾶς

290 2214 490 2277 αὐτοὺς
523 2213 794 2284 ἔγνωμεν.
851 2213 962 2267 Καὶ
1009 2215 1091 2266 ὅτι
1140 2214 1280 2267 κατὰ
1316 2214 1407 2267 τὸν
1446 2215 1773 2286 δηλούμενον
1812 2215 1880 2268 τὰ

285 2305 388 2373 τῆς
419 2303 732 2375 Κορινθίων
770 2305 1023 2359 κεκίνητο
1085 2307 1358 2373 στάσεως,
1402 2305 1696 2379 ἀξιόχρεως
1739 2309 1880 2381 μάρ-

287 2412 383 2459 τυς
408 2397 439 2448 6
473 2396 848 2470 Ἡγήσιππος.

830 2490 1222 2544 ΚΕΦΑΛΑΙΟΝ
1251 2491 1350 2544 ῙΖθ.

289 2579 430 2646 Περὶ
451 2581 563 2634 τοῦ
581 2580 732 2636 κατὰ
744 2580 1514 2652 ΔομετιανόνδιωγμοῦίΝῖο.
1532 2581 1602 2638 Η.
1627 2581 1687 2636 Ε.
1708 2600 1787 2650 ιιι,
1802 2584 1876 2656 9).

359 2672 578 2743 Πολλήν
624 2690 688 2743 γε
729 2673 835 2746 μὴν
871 2673 980 2746 (96)
1021 2675 1101 2740 είς
1134 2675 1361 2738 πολλοὺς
1411 2673 1818 2746 ἐπιδειξάμενος
1854 2677 1882 2728 6

291 2761 623 2836 ᾼομετιανὺς
659 2761 938 2834 ὠμότητα,
971 2763 1070 2817 οὐκ
1101 2763 1278 2832 ὀλίγον
1308 2781 1367 2817 τε
1398 2763 1506 2817 τῶν
1538 2763 1632 2817 ἐπὶ
1665 2763 1882 2835 Ῥώμης

294 2850 644 2923 εὐπατριδῶν
684 2851 794 2923 (97)
840 2852 935 2906 καὶ
981 2854 1266 2925 ἐπισήμων
1305 2853 1513 2924 ἀνδρῶν
1571 2852 1777 2924 πλῆθος
1820 2854 1881 2906 οὐ

294 2941 413 3012 μετ’
437 2941 668 3010 εὐλόγου
698 2943 933 3017 κρίσεως
964 2943 1310 3007 ἀποκτείνας,
1344 2943 1569 3015 μυρίους
1605 2961 1661 2996 τε
1692 2943 1883 3006 ἄλλους

294 3033 583 3101 ὶπιςρανεῖς
615 3033 817 3105 ἄνδρας
859 3036 979 3098 ταῖς
1021 3035 1160 3106 ὑπὲρ
1206 3035 1302 3106 τὴν
1348 3037 1559 3107 ὲνορίαν
1602 3035 1885 3107 ζημιώσας

294 3127 498 3194 φυγαῖς
529 3125 622 3179 καὶ
656 3128 775 3189 ταῖς
798 3126 908 3180 τῶν
941 3127 1136 3180 οὐσιῶν
1168 3127 1457 3190 ἀποϐολαῖς
1489 3127 1761 3193 ἀναιτίως,
1793 3145 1884 3182 τε-

291 3219 498 3273 λευτῶν
545 3220 648 3290 τῆς
684 3219 937 3290 Νέρωνος
981 3219 1297 3292 θεοεχθρίας
1340 3237 1398 3273 τε
1450 3221 1546 3275 καὶ
1588 3220 1883 3292 θεομαχίας
1909 3193 1952 3251 c

292 3311 536 3384 διάδοχον
563 3311 756 3366 ἑαυτὸν
780 3314 1167 3385 κατεστήσατο.
1203 3313 1464 3387 Δεύτερος
1488 3313 1622 3386 δῆτα
1648 3315 1738 3368 τὸν
1763 3314 1882 3367 καθ’

293 3498 548 3570 Μάρκον,
584 3506 646 3552 ut
669 3496 1181 3570 fecitNicephorus.
1209 3498 1348 3553 Vide
1383 3498 1604 3554 Seldeni
1631 3510 1786 3556 notas
1813 3501 1880 3557 ad

299 3568 639 3638 Eutycbium
677 3568 1044 3638 patriarcham
1078 3569 1533 3623 Alexandrinum.

253 3698 259 3704 _
299 3707 338 3712 μ
366 3637 483 3712 (94)
530 3639 646 3712 Δύο
685 3637 837 3712 προς
878 3637 1703 3712 τοῖς-εἴκοσινᾉάξτοπλήσας
1750 3643 1877 3712 ἔτη.

295 3707 482 3781 Nostri
511 3708 739 3781 codices
789 3707 952 3781 Μαι..
990 3709 1131 3781 Med.
1156 3779 1164 3781 _
1187 3726 1250 3763 ac
1301 3709 1464 3781 Fnk.,
1493 3707 1754 3781 scriptum
1784 3707 1882 3768 ha-

297 3781 429 3851 bent
461 3777 558 3832 δύο
603 3779 738 3851 πρὸς
769 3780 970 3851 είκοσιν
1007 3779 1326 3851 ἀναπλήσας
1358 3779 1474 3850 ἔτη.
1524 3777 1789 3836 Praeterea
1821 3784 1877 3848 in

296 3849 508 3920 optimo
537 3850 726 3904 codice
771 3849 936 3914 Maz.,
965 3850 1137 3903 εἴκοσι
1183 3849 1450 3904 scribitur
1470 3853 1674 3920 absque
1701 3870 1750 3905 ν.
1785 3855 1883 3907 At-

296 3935 406 3988 que
434 3919 514 3973 ita
545 3933 762 3991 semper
794 3921 898 3974 hoc
923 3936 1123 3974 nomen
1146 3921 1198 3974 in
1230 3937 1294 3975 eo
1312 3922 1498 3976 codice
1521 3919 1878 3991 perscriptum

297 3990 785 4062 essepbservavi,
811 3991 1079 4062 quamvis
1113 4005 1347 4062 sequens
1378 3990 1544 4047 dictio
1599 3990 1822 4062 incipiat
1850 4009 1878 4047 a

296 4059 498 4182 νοοὲΙίί
533 4061 616 4113 Ac
655 4060 789 4115 mihi
823 4060 1042 4129 quidem
1068 4061 1378 4131 hujusmodi
1415 4064 1689 4133 scriptura
1711 4059 1882 4135 inagis

297 4146 395 4182 nro
436 4146 466 4182 a
499 4145 586 4182 ur.

337 4138 586 4183 robatur.

297 4146 819 4270 Ρτῖἓὲἷυῖεύτερος
883 4200 1148 4266 Ἁϐἰλιος.
1206 4197 1363 4256 Hunc
1413 4202 1644 4256 Abilium
1685 4211 1882 4261 vocant

300 4270 536 4324 Ruﬁnus
567 4270 1222 4342 etfreliquiinterpretes,
1254 4272 1476 4342 ipseque
1516 4275 1654 4327 adeo
1685 4273 1880 4329 lliero-

301 4356 497 4410 nymus
525 4343 581 4395 in
608 4341 886 4407 Chronico,
917 4342 1097 4395 minus
1123 4351 1293 4406 recte,
1325 4341 1650 4411 ut’equidem
1682 4344 1878 4400 sentio.

299 4411 538 4465 Acilium
577 4412 720 4466 enim
760 4413 866 4466 dici
893 4412 1314 4480 oportuit,quod
1348 4429 1544 4466 nomen
1573 4413 1877 4468 Romanum

1983 567 2210 622 Avilius.

2581 654 2810 712 CAPUT
2849 658 2964 713 XV.

1987 746 2058 801 Ut
2100 749 2282 802 tertius
2316 749 2576 806 Ecclesia:
2606 752 2858 806 Romana:
2876 753 3144 821 episcopus
3178 753 3276 822 fuit
3301 752 3555 812 Clemens.

2056 837 2216 894 Anno
2273 851 2450 896 autem
2506 843 2750 912 ejusdem
2799 843 3146 912 imperatoris
3194 845 3556 913 duodecimo,

1984 932 2338 1001 Auencletus,
2367 935 2576 990 exactis
2603 937 2656 990 in
2690 937 3008 1006 episcopatu
3042 938 3207 992 annis-
3227 938 3508 992 duodecim
3537 977 3556 1004 ,

1985 1041 2383 1088 successorem
2417 1029 2636 1099 reliquit
2691 1031 3046 1088 Clementem.
3115 1032 3284 1100 Quem
3339 1033 3557 1102 quidem

1984 1120 2184 1176 Paulus
2209 1121 2487 1191 apostolus
2512 1123 2566 1177 in
2587 1123 2826 1194 Epistola
2854 1126 2920 1180 ad
2939 1125 3316 1196 Philippenses
3331 1127 3556 1198 scripta,

1984 1213 2290 1283 adjutorem
2325 1229 2485 1269 suum
2541 1213 2708 1270 fuisse
2759 1216 2918 1273 docet
2967 1217 3055 1272 his
3108 1216 3332 1272 verbis:
3366 1235 3386 1268 ‹
3422 1217 3558 1272 Cum

1983 1305 2280 1372 Clemente,
2323 1306 2520 1375 inquit,
2549 1315 2604 1362 et
2629 1308 2842 1362 cmteris
2886 1308 3224 1379 adjutoribus
3261 1308 3396 1363 meis
3424 1322 3558 1378 quo-

1983 1411 2102 1458 rum
2137 1395 2353 1450 nomina
2395 1405 2523 1452 sunt
2551 1398 2604 1451 in
2636 1398 2772 1452 libro
2795 1398 2939 1452 vitae.
2983 1417 3001 1449 ι

2496 1489 2610 1560 33
2641 1488 2867 1545 CAPUT
2905 1488 3041 1542 xvr.
3245 1523 3277 1554 ,μ

2439 1579 2520 1634 De
2541 1580 2761 1648 epistola
2784 1580 3087 1638 Clementis.

2055 1670 2226 1742 llujus
2257 1671 2550 1728 Clementis
2602 1681 2781 1728 exstat
2817 1673 3043 1743 epistola
3077 1675 3143 1728 ab
3175 1674 3426 1729 omnibus
3453 1690 3558 1730 uno

1983 1769 2247 1820 Consensu
2278 1773 2497 1833 recepta
2535 1783 2547 1818 :
2579 1764 2778 1818 eximia
2812 1780 3034 1833 prorsus
3078 1773 3240 1833 atque
3268 1767 3556 1831 mirabilis,

1984 1870 2144 1922 quam
2186 1853 2405 1907 nomine
2448 1853 2714 1909 Ecclesia:
2765 1854 3024 1910 Romanae
3050 1856 3117 1909 ad
3150 1855 3558 1918 Corinthiorum

1986 1940 2286 2001 Ecclesium
2325 1945 2564 2015 scripsit,
2591 1949 2891 2026 cum’apud
2925 1961 3019 2000 eos
3065 1948 3247 2016 gravis
3285 1957 3428 2000 esset
3460 1964 3559 2002 ex-

1986 2049 2105 2094 orta
2133 2037 2421 2092 dissensio.
2454 2037 2604 2091 llanc
2629 2037 2679 2092 in
2713 2037 2990 2108 plerisque
3014 2039 3263 2092 ccclesiis
3296 2047 3349 2092 ct
3376 2047 3560 2092 nostra

1983 2142 2036 2186 et
2069 2130 2336 2200 superiori
2396 2129 2659 2183 memoria
2722 2130 2900 2198 palam
2939 2129 3155 2182 recitari
3207 2130 3560 2185 consuevisse

1984 2225 2366 2292 ceiuperimus.
2411 2223 2580 2278 Porro
2636 2221 2930 2290 supradicti
2965 2220 3258 2274 Clementis
3321 2230 3561 2291 tempore

1983 2312 2308 2368 seditionem
2341 2313 2484 2368 inter
2511 2311 2821 2367 Corinthios
2855 2326 2976 2366 esse
3012 2322 3367 2380 commotam,
3409 2314 3560 2369 locu-

1986 2403 2324 2476 pletissimus
2361 2403 2517 2458 testis
2557 2411 2640 2456 est
2676 2399 3028 2471 llegesippus.

2549 2490 2778 2548 CAPUT
2831 2489 2993 2545 XVII.

2078 2581 2153 2637 De
2176 2581 2532 2651 persecutione
2557 2579 2985 2635 Christianorum
3015 2579 3110 2633 sub
3138 2578 3466 2635 Domitiano.

2055 2673 2125 2726 At
2153 2673 2498 2728 Domitianus
2528 2688 2655 2727 cum
2684 2671 2795 2742 jam
2817 2670 2983 2726 multa
3019 2671 3071 2726 in
3119 2672 3319 2726 multos
3367 2672 3560 2728 crude-

1984 2763 2152 2819 litatis
2187 2778 2298 2818 sua:
2325 2762 2622 2832 spccimina
2683 2762 2966 2825 edidisset,
3015 2777 3114 2816 nec
3168 2776 3369 2831 paucos
3400 2761 3557 2817 noni-

1983 2857 2114 2928 liuip
2153 2866 2314 2924 atque
2348 2854 2640 2910 illustrium
2676 2853 2920 2907 virorum
2961 2853 3113 2906 urbis
3153 2853 3336 2906 Romae
3362 2851 3561 2920 injuste

1986 2947 2374 3010 interemisset,
2399 2945 2536 3000 alios
2559 2953 2823 3014 prmtcrea
2858 2941 3284 2996 innumerabiles
3333 2957 3564 2997 summa:

1985 3038 2261 3108 dignitatis
2275 3040 2420 3092 viros
2442 3037 2568 3091 licet
2593 3036 2832 3090 insontes
2867 3034 3056 3089 exsilio
3079 3043 3134 3088 et
3156 3035 3418 3088 bonorum
3439 3048 3562 3102 pro-

1987 3132 2282 3201 scriptione
2312 3129 2624 3194 multasset,
2658 3129 2724 3183 ad
2762 3138 3068 3182 extremum
3105 3125 3428 3180 Neronianae
3459 3126 3560 3178 im-

1991 3222 2230 3291 pietatis,
2268 3221 2504 3290 bellique
2532 3229 2589 3274 et
2616 3220 2724 3275 odii
2771 3220 3038 3273 adversus
3092 3217 3259 3272 Deum
3287 3256 3304 3283 ,
3343 3232 3563 3272 succes-

1993 3329 2171 3370 sorem
2199 3315 2436 3386 seipsum
2466 3313 2748 3384 professus
2776 3320 2882 3367 cst.
2913 3310 3122 3381 Quippe
3150 3310 3239 3365 hic
3289 3310 3561 3364 secundus

1990 3499 2181 3567 incipit
2214 3499 2281 3553 ab
2315 3499 2402 3554 his
2426 3500 2605 3556 verbis
2629 3517 2644 3554 :
2677 3498 2862 3553 Verum
2889 3499 2953 3552 de
2979 3497 3231 3553 seditione
3255 3498 3396 3567 facta
3421 3499 3560 3566 apud

1990 3566 2313 3636 Corinthios,
2343 3571 2794 3639 quemadmodum
2825 3572 2875 3623 in
2907 3569 3042 3623 Μαι.
3081 3583 3144 3622 ac
3197 3566 3336 3621 Fttk.
3380 3571 3558 3623 codic.

1988 3641 2190 3694 factum
2223 3641 2528 3696 observavi.
2569 3640 2858 3708 Vulgarem
2909 3649 3087 3694 tamen
3140 3639 3468 3709 scripturam
3498 3656 3561 3692 ac

1990 3710 2389 3765 distinctionem
2425 3712 2595 3777 magis
2625 3713 2814 3779 probo.

2060 3781 2145 3854 (97
2185 3779 2307 3833 Τῶν
2335 3780 2448 3854 ’ἐπὶ
2488 3777 2712 3850 Ῥώμης
2754 3778 3146 3848 εὐπατριδῶν.
3181 3777 3563 3854 Christophor-

1986 3847 2154 3906 sonus
2203 3851 2457 3916 patricios
2490 3847 2676 3914 vertit,
2725 3847 3184 3919 niagno’errore.
3222 3847 3322 3911 Qui
3380 3859 3563 3904 tamen

1985 3935 2141 3975 error
2165 3921 2471 3974 communis
2499 3929 2583 3975 est
2635 3920 2764 3990 ipsi_
2782 3935 2905 3974 cum
2947 3920 3219 3990 plerisque
3251 3920 3564 3990 interpreti.

1983 3992 2089 4045 bus
2115 3990 2306 4047 Graece
2342 3987 2700 4045 doctissimis.
2728 3987 3030 4058 Gregorius
3079 3987 3470 4058 Nazianzenus
3506 3989 3560 4042 in

1983 4059 2762 4134 oratione18:11a90évogfrtq
2799 4055 2868 4131 ἦν
2917 4059 3023 4114 τῶν
3067 4056 3424 4134 εὐπατριδῶν.
3457 4056 3564 4110 Bil-

1991 4131 2096 4186 lius
2120 4131 2509 4199 interpretatur
2529 4133 2750 4200 patricio
2771 4147 2956 4200 genere
2983 4142 3177 4194 ortam,
3211 4131 3326 4200 pa‘i'j
3341 4143 3559 4200 errore.

1988 4201 2136 4256 ldem
2167 4195 2462 4269 Gregorius
2487 4195 2538 4255 in
2561 4195 2809 4255 oratione
2829 4195 3252 4270 quadragesima
3274 4217 3288 4254 :
3309 4195 3393 4266 Μὴ
3412 4202 3559 4256 άπα-

1988 4270 2187 4345 ξιῲσῃς
2211 4270 2682 4345 συμὸαπτισθῆναι
2709 4272 2922 4342 πένητι,
2939 4271 3206 4345 -πλούσιος
3229 4270 3374 4345 dnuo
3393 4272 3562 4326 εὐπα-

1990 4341 2177 4414 τρίδης
2197 4342 2274 4414 τῷ
2296 4341 2561 4411 δυσγενεῖ.
2583 4341 2694 4414 Hic
2727 4341 2891 4414 etiam
2936 4342 3123 4396 Billius
3151 4344 3408 4414 patricius
3434 4358 3561 4396 ver-

1988 4411 2072 4466 ti't.
2104 4411 2463 4468 Pari'errore
2518 4413 2683 4466 vertit
2737 4411 3267 4480 ChristOpliorsonus
3319 4413 3564 4468 Socratis

299 4489 406 4546 est,
437 4481 667 4553 perinde
711 4496 775 4553 ac
801 4480 1072 4553 AAnnia_n_i,
1112 4484 1202 4550 qui
1239 4490 1368 4536 ante
1391 4483 1624 4553 Avilium
1653 4486 1866 4552 episco-
1899 4489 1944 4546 ι)
1973 4483 2148 4538 locum
2193 4483 2245 4536 in
2277 4482 2370 4537 lib.
2406 4499 2479 4548 vt,
2515 4481 2882 4553 ubiAJoanncs
2925 4485 3346 4553 Chrysostomus
3373 4486 3564 4537 oriun-

301 4566 402 4622 pus
437 4549 664 4606 'fuerat.
712 4551 923 4626 Attilius
977 4549 1221 4626 Flaccus,
1279 4552 1565 4626 przel’ectus
1623 4549 1864 4626 Egypti,

303 4621 638 4676 memoratur
663 4636 694 4676 a
722 4621 973 4676 Philone.
1001 4621 1172 4692 Porro
1191 4621 1442 4692 capitum
1467 4622 1601 4678 ordo
1640 4621 1746 4678 hoc
1764 4621 1885 4680 loco

302 4693 658 4763 perturbatus
700 4701 818 4748 erat
862 4692 915 4746 in
947 4691 1330 4763 “editionibus.
1364 4693 1496 4746 Nam
1533 4693 1715 4762 priore
1761 4693 1884 4750 loco

303 4761 542 4830 positum
583 4771 888 4830 eratcaput
924 4761 1055 4815 illud
1083 4762 1150 4815 de
1177 4761 1726 4827 successione’Avilii,
1759 4765 1888 4819 Ale-

306 4833 696 4905 xandrinorum
723 4833 1354 4905 episc»0p_i;_s_equebatur
1400 4833 1594 4905 deinde
1627 4836 1886 4905 caputde

307 4902 628 4971 pontiﬁcatu
673 4902 980 4957 Anencleti.
1013 4901 1122 4956 Nos
1158 4918 1227 4956 ex
1259 4905 1379 4956 rod.
1425 4904 1567 4958 Maz.
1625 4901 1886 4970 et'Fuk.,

309 4986 495 5026 verum
530 4974 777 5026 ordinem
832 4973 1190 5028 restituimus.
1242 4973 1338 5027 Est
1385 4986 1565 5028 autem
1597 4975 1685 5030 hic
1733 4992 1888 5030 error

307 5043 744 5115 antiquissimus.
781 5043 920 5115 Nam
947 5053 1002 5098 et
1049 5045 1102 5096 in
1132 5044 1314 5098 indice
1348 5046 1584 5114 capitmn
1621 5045 1712 5115 qui
1751 5061 1887 5115 prae-

308 5111 446 5183 ﬁxus
469 5121 550 5183 est
590 5115 684 5170 lib.
716 5131 799 5178 in,
824 5114 878 5167 in
911 5114 1364 5182 interpretatione
1389 5111 1591 5183 [{ulini,
1615 5111 1887 5171 e'tin'om-

309 5182 472 5255 nibus
498 5181 703 5255 Graecis
734 5181 1156 5254 ,exemplaribus
1186 5195 1553 5255 praeterquam
1580 5181 1584 5183 ⁷
1611 5187 1664 5240 in
1721 5186 1884 5251 Fuk.,

313 5251 453 5328 idem
477 5252 636 5328 error
662 5251 1073 5328 admissuscst.
1100 5251 1210 5328 Sed
1242 5257 1293 5310 in
1331 5251 1563 5324 corpore
1598 5260 1713 5328 ipso
1741 5257 1884 5322 libri,

311 5320 444 5375 Maz.
476 5325 669 5404 coder,
697 5326 788 5404 qui
816 5320 1056 5393 capitum
1088 5327 1275 5404 titulos
1301 5320 1890 5404 suislocisdiligcnter

312 5397 590 5460 oppositos
629 5397 812 5462 habet,
842 5411 1089 5451 errorem
1127 5399 1273 5452 hunc
1306 5400 1639 5452 emendavit.

379 5462 488 5535 (96)
516 5463 772 5538 Πολλήγ
813 5483 888 5538 γε
904 5467 1051 5534 μήν.
1100 5466 1516 5522 Μιιιειιῖιιιὶιιιιε
1559 5471 1672 5523 haec
1725 5469 1888 5523 verba

313 5547 424 5607 esse
450 5541 676 5607 putavit
708 5535 1033 5607 Hegesippi,
1069 5552 1232 5606 quem
1262 5537 1315 5591 in
1349 5541 1455 5607 line
1476 5540 1773 5607 superioris
1798 5555 1891 5592 ca-

313 5601 708 5677 pitislaudavit
757 5601 1048 5662 Eusebius.
1085 5601 1161 5661 Ex
1194 5623 1301 5677 quo
1341 5601 1489 5677 pat'ct
1530 5601 1778 5671 Ruﬁnum
1812 5609 1886 5662 ita

314 5676 525 5742 legisse,
558 5685 615 5730 ut
655 5678 891 5731 habetur
926 5678 978 5729 in
1011 5676 1222 5732 nostris
1245 5676 1524 5733 codicibus
1552 5679 1714 5744 Maz.,
1747 5679 1885 5732 Med.

317 5760 368 5796 ac
394 5745 422 5798 ιι
439 5745 552 5822 ιιίι.3
571 5746 792 5822 μάρτυς
807 5748 840 5822 ὁ.
866 5747 1212 5817 Ἡγήσιππος
1232 5748 1427 5822 λέγων’
1451 5748 1656 5819 Πολλήν
1674 5767 1736 5818 γε
1758 5750 1886 5822 μήν,

320 5824 412 5890 ctc.
449 5818 592 5896 Quin
621 5819 795 5873 etiam
829 5817 881 5873 in
909 5822 1115 5890 Optimo
1141 5820 1334 5877 codice
1369 5820 1568 5889 Ruﬁni,
1599 5817 1771 5892 eaput
1797 5817 1884 5892 Π,

1991 4554 2096 4630 dus
2142 4553 2309 4630 fuisse
2356 4553 2556 4630 dicitur
2585 4551 2645 4630 ἐξ
2693 4551 3054 4630 εὐπατριδῶνζ
3093 4554 3146 4606 In
3169 4554 3263 4630 his
3306 4555 3562 4630 omnibus

1990 4623 2129 4676 locis
2161 4623 2387 4676 nobilem
2421 4625 2558 4678 verti
2595 4623 3005 4693 o'portuit,’non
3038 4623 3345 4690 patricium.
3384 4624 3449 4676 Et
3478 4624 3558 4677 sic

1992 4694 2225 4747 liulinus
2271 4693 2474 4762 Optime
2502 4696 2665 4748 vertit
2701 4695 2844 4749 hunc
2876 4694 3094 4747 Eusebii
3121 4695 3322 4758 locum,
3353 4702 3407 4747 et
3435 4693 3564 4747 llic-

1991 4763 2353 4834 tonymusin
2391 4763 2671 4828 Chronico,
2708 4780 2850 4816 anno
2887 4762 3340 4834 vruDornitiani:
3375 4763 3562 4816 Domi-

1992 4833 2169 4888 tianus
2215 4833 2471 4902 plurimos
2516 4835 2772 4887 nobilium
2804 4837 2856 4887 in
2897 4833 3144 4888 exsiliunt
3192 4834 3354 4886 mittit
3400 4844 3557 4903 atque

1989 4903 2571 4974 occidit.Ebrtatrpl6qq
2605 4905 2748 4958 enim
2791 4905 2932 4958 idem
2976 4912 3059 4957 est
3110 4918 3172 4958 ac
3217 4903 3562 4974 εὐγενής,·ιιι

1992 4976 2150 5048 docet
2177 4973 2644 5048 GregoriusNaz.
2662 4975 2854 5048 tumin
2874 4974 3140 5048 “oratione
3172 4989 3336 5048 supra
3358 4973 3557 5048 citata,

1995 5055 2106 5098 tum
2129 5045 2179 5098 in
2207 5047 2448 5100 carmine
2481 5046 2713 5100 iambico
2743 5046 2831 5102 l9.
2860 5044 3012 5111 Quod
3042 5045 3086 5098 si
3124 5047 3248 5112 quis
3283 5044 3561 5100 existimat

1992 5116 2250 5184 patricios
2281 5126 2336 5169 et
2371 5116 2580 5170 nobiles
2609 5117 2741 5170 nihil
2785 5117 2926 5170 inter
2961 5131 3018 5170 se
3051 5116 3290 5179 dill‘erre,
3324 5117 3368 5169 is
3394 5115 3592 5180 vehe-.

1992 5195 2203 5240 menter
2225 5185 2447 5240 fallitur.
2476 5185 2747 5242 Patricius
2776 5189 2918 5241 enim
2944 5185 3086 5256 apud
3109 5185 3381 5241 Romanos
3413 5187 3560 5240 dice-

1992 5258 2177 5329 batur,
2209 5258 2299 5326 qui
2332 5266 2450 5311 erat
2477 5273 2542 5311 ex
2591 5270 2748 5328 gente
2799 5259 3046 5329 patricia,
3098 5267 3154 5310 et
3184 5259 3562 5329 opponebatur

1990 5327 2222 5394 plebeio,
2259 5343 2364 5381 non
2422 5327 2611 5381 autem
2629 5327 2814 5382 nobili;
2853 5329 3041 5395 Itaque
3091 5327 3300 5396 patriri‘
3336 5328 3559 5395 quidam

1989 5399 2215 5451 fuerunt
2247 5397 2388 5467 apud
2431 5398 2730 5464 Romanos,
2769 5399 2859 5466 qui
2901 5415 3007 5452 non
3045 5407 3215 5467 erant
3246 5397 3473 5460 nobiles,
3499 5407 3560 5449 ut

1990 5469 2176 5521 docuit
2206 5465 2460 5536 Sigonius
2496 5470 2548 5521 iit
2582 5469 2718 5522 libro
2748 5465 2822 5523 De
2850 5468 3147 5522 nominibus
3178 5465 3556 5520 Romanorum.

1991 5538 2287 5592 Observavi
2334 5549 2514 5592 autem
2569 5541 2804 5594 nobilem
2861 5540 3001 5606 apud
3038 5540 3311 5592 ltomanos
3355 5539 3560 5590 dictmn

1990 5624 2132 5674 esse,
2169 5618 2412 5676 respectu
2463 5610 2647 5662 habito
2674 5612 2739 5662 ad
2764 5609 3046 5670 familiam,
3073 5622 3180 5660 non
3211 5610 3276 5660 ad
3323 5618 3556 5677 gentem.

1989 5678 2313 5748 Proindeex
2346 5679 2536 5733 eadem
2565 5690 2724 5746 gente
2747 5679 2835 5732 alii
2865 5687 3020 5731 erant
3046 5678 3273 5742 nobiles,
3300 5679 3389 5731 alii
3416 5679 3562 5748 igno-

1991 5751 2152 5804 biles.
2202 5747 2421 5803 Nobiles
2451 5750 2692 5817 quidem,
2719 5764 2952 5818 quorum
2990 5757 3140 5815 pater
3182 5757 3236 5803 et
3271 5762 3402 5800 avus
3443 5747 3558 5800 ina-

1991 5821 2281 5892 gistratuiu
2307 5825 2547 5876 curulem
2574 5821 2890 5891 gessissent,
2926 5818 3188 5888 ignobiles
3205 5828 3394 5876 contra
