4016 6260
466 348 576 418 ’2Ξί
790 358 793 363 ’
1182 346 1451 414 EUSEBII
1487 337 1963 411 CESABIENSIS
1998 349 2150 407 OPP.
2188 348 2370 405 PARS
2402 345 2452 407 L
2484 377 2561 391 —
2597 347 2994 405 HISTORICA.
3613 353 3731 408 252

473 476 909 546 persecutionem
958 476 1012 530 in
1059 488 1162 529 nos
1211 471 1551 537 concitavit,
1585 462 1834 539 quamvis
1885 477 2024 538 patet

2144 465 2300 537 ἡμῶν
2333 466 2569 520 ἀνεκίνει
2613 464 2887 536 διωγμὸν,
2935 479 3140 535 καιπερ
3177 463 3269 516 τοῦ
3312 465 3515 537 πατρὸς
3553 468 3729 522 αὑτοῦ

475 571 644 640 ipsius
673 567 1042 641 Vespasianus
1070 567 1274 622 nullam
1308 581 1547 636 unquam
1598 563 1852 634 iniuriam
1887 561 2024 617 nobis

2148 555 2556 612 Οὐεσπασιανοῦ
2583 556 2750 627 μηδὲν
2771 555 2890 610 καθῗ
2911 553 3068 626 ήμῶν
3090 554 3286 608 ἄτοπον
3312 555 3730 628 ὲπινοήσαντος.

472 660 675 718 inferre
705 669 985 717 tentasset.

1038 747 1263 805 CAPUT
1286 745 1469 804 XVlll.

654 864 731 922 De
749 862 969 919 Joanne
989 862 1225 933 apostolo
1269 872 1315 915 et
1359 861 1477 932 ejus
1502 859 1858 914 Revelatione.

2660 736 3055 791 ΚΕΦΛΛΑῙΟΝ
3088 735 3195 793 1Η⁰’.

2144 828 2281 896 Περὶ
2332 826 2610 882 Ἰωάννου
2654 828 2761 882 τοῦ
2797 828 3143 882 ἀποστόλου
3190 827 3301 882 καί
3320 827 3429 896 τῆς
3465 830 3721 886 Ἀποκα-

2534 899 2773 966 autem;
2811 897 2948 966 (Nic.
2981 896 3050 953 Η.
3080 898 3145 951 Ε.
3175 913 3258 961 ιιι,
3296 899 3373 969 9).

538 1001 597 1055 ln
628 1000 729 1056 hac
760 1009 1136 1070 persecutione
1163 1011 1401 1052 soannes
1456 996 1736 1065 apostolus
1791 997 1932 1049 idem
1983 1004 2024 1049 et

2223 992 2310 1045 Ἐν
2350 989 2524 1061 τούτῳ
2567 989 2783 1060 κατέχει
2815 989 2971 1059 λόγος
3007 990 3098 1044 τὸν
3139 991 3432 1046 ἀπόστολον
3469 993 3586 1063 ἅμα
3624 993 3722 1047 καὶ

457 1091 824 1180 1evangelista,
863 1090 954 1159 qui
995 1089 1160 1164 etiam
1198 1098 1310 1142 tum
1341 1089 1393 1142 in
1421 1088 1560 1142 vivis
1607 1097 1909 1156 supererat,
1967 1086 2036 1141 ob

458 1171 838 1245 ltestimonium
868 1176 1010 1245 quod
1060 1174 1248 1230 divino
1284 1171 1465 1230 Verbo
1496 1175 1840 1245 perhibebat,
1870 1174 1922 1229 in
1955 1175 2037 1227 in-

455 1252 648 1336 isulam
666 1265 910 1322 Palmum
943 1266 1181 1320 traditur
1198 1262 1321 1320 esse
1347 1266 1637 1336 relegatus.
1670 1264 1904 1322 Irenreus
1925 1268 2035 1335 qni-

453 1329 588 1432 ?dem
625 1357 680 1412 in
713 1358 905 1428 quinto
928 1358 1194 1414 Adversus
1244 1360 1467 1413 haereses
1498 1360 1653 1419 libro.
1689 1361 1937 1415 scribens
1970 1361 2036 1415 tle

451 1434 690 1520 {numero
719 1465 878 1520 quem
911 1452 1145 1506 eiliciunt
1177 1453 1375 1506 littera:
1408 1453 1642 1507 nominis
1669 1452 1989 1506 Antichristi
2016 1491 2032 1515 ,

2141 1083 2530 1155 εὐαγγελιστὴν
2561 1082 2811 1154 Ἰωάννην
2838 1081 2917 1136 ἔτι
2940 1081 3017 1154 τῷ
3041 1081 3140 1155 βίῳ
3166 1083 3591 1156 ἐνδιατρίϐοντα,
3616 1085 3722 1156 τῆς

2141 1176 2222 1238 είς
2249 1174 2339 1226 τὸν
2366 1174 2507 1228 θεῖον
2537 1171 2708 1242 Λόγον
2727 1173 2913 1229 ἕνεκεν
2943 1175 3266 1246 μαρτυρίας,
3298 1177 3519 1249 Πάτμον
3548 1181 3719 1233 οἰκεῖν

2142 1264 2600 1336 καταδικασθῆναι
2621 1263 2718 1338 τὴν
2738 1265 3171 1336 νῆσονιΓράφων
3196 1268 3259 1336 γέ
3282 1285 3363 1322 τοι
3386 1271 3413 1321 ό
3429 1270 3720 1341 Εἰρηναῖος

2142 1359 2269 1429 περὶ
2295 1358 2394 1427 τῆς
2421 1356 2599 1428 ψήφου
2625 1355 2724 1426 τῆς
2747 1355 2891 1410 κατὰ
2919 1356 3009 1410 τὸν
3044 1357 3405 1429 Ἀντίχριστον
3440 1378 3717 1432 προσηγο-

2143 1443 2266 1518 ρίας
2293 1445 2598 1519 φερομένης
2624 1447 2682 1500 ὲν
2716 1449 2781 1518 τῇ
2822 1445 3068 1500 Ἰωάννου
3099 1445 3365 1520 λεγομένῃ
3397 1447 3722 1502 Ἀποκαλύ-

450 1516 531 1622 ξάθ
558 1555 666 1611 quo
690 1516 750 1597 in
771 1541 996 1597 Joannis
1016 1543 1366 1598 Revelatione
1392 1543 1451 1596 ﬁt
1479 1543 1707 1605 mentio,
1741 1544 1805 1597 de
1826 1542 2024 1598 Joanne

2138 1516 2263 1612 ψει,
2294 1516 2484 1604 αὐταῖς
2506 1516 2794 1603 συλλαϐαῖς
2815 1540 2872 1592 ὲν
2894 1539 3126 1609 πέμπτῳ
3144 1516 3425 1608 τῶν
3443 1541 3551 1608 τὰς
3573 1544 3726 1612 αἶρέ.

465 1631 703 1701 loquitur
741 1633 825 1689 his
875 1635 1063 1690 verbis
1097 1650 1112 1689 :
1154 1655 1171 1688 ι
1208 1636 1359 1701 Quod
1401 1635 1451 1692 si
1507 1636 1611 1690 hoc
1655 1645 1898 1706 tempore
1946 1651 2024 1689 uo-

2138 1644 2273 1699 σεις
2291 1630 2464 1685 ταῦτα
2486 1630 2727 1703 περὶτοῦ
2755 1631 3002 1685 Ἰωάννου
3028 1630 3211 1702 φησίν*
3242 1649 3261 1682 ε
3296 1632 3358 1685 Et
3379 1630 3438 1684 δὲ
3459 1631 3566 1685 ἔδει
3590 1634 3724 1688 άνα-

449 1702 588 1780 ξιιιειι
618 1725 789 1794 ipsius
814 1727 1140 1782 Antichristi
1172 1729 1350 1798 palam
1381 1702 1783 1799 praedicandum
1818 1727 2024 1793 fuisset,

2140 1722 2334 1792 φανδὸν
2359 1725 2416 1776 ὲν
2445 1721 2521 1793 τῷ
2550 1721 2645 1777 νῦν
2673 1719 2850 1793 καιρῷ
2876 1719 3238 1793 κηρύττεσθαι
3267 1719 3501 1791 τοῦνομα
3523 1721 3715 1787 αὐτοῦ,

457 1816 774 1887 przedictum
806 1818 855 1871 id
888 1816 1082 1873 fuisset
1123 1819 1190 1874 ab
1223 1834 1286 1875 eo
1316 1820 1406 1890 qni
1461 1819 1846 1874 revelationem
1876 1820 2024 1874 vidit.

2137 1814 2203 1867 δι’
2228 1812 2435 1867 ἐκείνου
2467 1812 2533 1868 ἂν
2564 1812 2761 1884 ἐρρέθη
2800 1811 2895 1865 τοῦ
2921 1812 3138 1883 καὶτὴν
3167 1811 3506 1881 ἀποκάλυψιν
3538 1814 3718 1884 ἑωρα-

459 1904 645 1976 Neque
672 1909 816 1963 enim
841 1909 1062 1975 dudum,
1093 1910 1184 1965 sed
1208 1919 1394 1965 nostra
1434 1910 1820 1982 pr0pemodum
1853 1921 2024 1976 aetate,

2138 1905 2311 1969 κότος.
2348 1904 2484 1957 Οὐδὲ
2525 1903 2634 1976 γὰρ
2679 1902 2786 1975 πρὸ
2825 1901 3019 1957 πολλοῦ
3052 1902 3242 1973 χρόνου
3284 1903 3499 1974 ἑωράθη
3526 1945 3542 1969 ,
3580 1903 3721 1957 ἀλλὰ

458 1998 560 2053 sub
584 1998 797 2054 exitum
818 2000 1028 2055 scilicet
1058 2001 1272 2070 imperii
1304 2001 1593 2056 Domitiani
1629 2002 1741 2056 haac
1773 2002 2024 2057 revelatio

2139 1995 2322 2066 σχεδόν
2357 1997 2448 2048 ἐπὶ
2475 1996 2573 2066 τῆς
2601 1995 2885 2066 ἡμετέρας
2903 1996 3097 2063 γενεᾶς
3116 2033 3130 2057 ν
3160 1993 3297 2065 πρὸς
3329 1994 3407 2063 τῷ
3444 1994 3588 2048 τέλει
3618 1996 3719 2064 τῆς

456 2092 574 2145 visa
597 2099 699 2146 est.
726 2109 747 2144 ι
786 2091 952 2147 Porro
978 2093 1062 2147 his
1110 2093 1242 2163 ipsis
1270 2094 1607 2164 temporibus
1629 2093 1876 2146 doctrina
1906 2092 2030 2147 fidei

457 2191 662 2238 nostrae
691 2183 806 2253 89
836 2193 1117 2255 tantopere
1149 2184 1404 2253 ﬂorebat,
1453 2194 1511 2238 ut
1542 2185 1834 2253 scriptorcs
1864 2195 2028 2239 etiam

455 2290 487 2328 a
518 2275 778 2345 religione
810 2286 1001 2331 nostra
1036 2277 1391 2342 alienissimi,
1421 2286 1476 2332 et
1507 2278 1950 2347 persecutionem
1979 2285 2035 2330 et

455 2366 716 2439 martyria
740 2376 1052 2422 nostrorum
1104 2367 1467 2424 monumentis
1502 2368 1616 2422 suis
1664 2369 1881 2422 tradere
1926 2383 2031 2424 non

455 2459 759 2515 dubitarint
814 2458 915 2527 Qui
955 2462 1173 2531 quidem
1203 2462 1369 2516 etiam
1399 2469 1612 2529 tempus
1642 2460 1814 2528 ipsum
1845 2473 2032 2528 perse-

454 2551 694 2607 cutionis
724 2562 979 2609 accurate
1015 2562 1363 2608 notaverunt.
1406 2551 1670 2606 Scribunt
1699 2551 1842 2604 enim
1891 2565 2035 2604 anno

453 2641 800 2711 principatus
824 2643 1111 2697 Domitiani
1162 2643 1354 2711 quinto
1385 2642 1620 2705 decimo,
1646 2640 1888 2695 lt‘laviam
1927 2639 2032 2693 Do-

455 2732 707 2787 mitillam
738 2733 914 2789 Flavii
948 2734 1244 2789 Clementis
1282 2734 1401 2803 eius
1441 2732 1535 2802 qui
1592 2743 1721 2789 tunc
1769 2732 2033 2801 temporis

456 2822 647 2878 Romae
667 2825 860 2880 consul
879 2825 997 2891 fuit,
1033 2842 1097 2881 ex
1128 2841 1316 2882 sorore
1345 2835 1591 2895 neptem,
1621 2838 1727 2877 una
1756 2838 1880 2878 cum
1913 2823 2034 2879 aliis

456 2915 708 2983 plurimis
737 2917 808 2973 ob
837 2917 1239 2973 confessionem
1286 2918 1486 2974 Christi
1518 2917 1572 2972 in
1609 2916 1848 2972 insulam
1890 2916 2037 2972 Pon-

460 3006 592 3062 tiam
613 3005 785 3064 fuisse
814 3008 1183 3078 deportatum.

1029 3179 1258 3237 CAPUT
1297 3180 1444 3235 XIX.

459 3293 735 3360 Quomodo
770 3294 1108 3349 Domitianus
1142 3293 1359 3349 Davidis
1388 3305 1623 3364 posteros
1649 3296 1813 3366 jussit
1841 3295 2028 3349 occidi.

525 3429 659 3484 Cum
689 3443 818 3483 vero
846 3430 986 3483 idem
1019 3428 1361 3484 Domitianus
1386 3429 1673 3485 universos
1719 3430 1813 3500 qui
1862 3446 1891 3484 a
1928 3431 2033 3484 Da-

453 3523 577 3577 vide
598 3520 813 3591 generis
836 3520 916 3574 sui
949 3520 1215 3591 originem
1257 3523 1539 3585 ducerent,
1570 3522 1805 3576 interfici
1832 3522 2029 3592 jussis-

454 3623 558 3681 set,
593 3623 747 3669 vetus
778 3613 920 3668 fama
938 3625 1021 3670 est
1038 3624 1283 3683 posteros
1300 3613 1448 3669 ludar
1469 3614 1590 3683 ejus
1609 3616 1701 3684 qui
1729 3615 2029 3670 secundum

454 3721 676 3761 carnem
706 3705 875 3759 frater
900 3705 1103 3761 Christi
1128 3707 1327 3770 fuerat,
1372 3720 1405 3760 a
1453 3705 1780 3775 quihusdam
1812 3707 2029 3761 htereti-

390 3786 397 3789 ’
454 3799 538 3852 cis
570 3812 693 3852 esse
714 3798 928 3853 delatos
958 3840 972 3864 ,
1022 3808 1212 3868 utpote
1240 3799 1339 3868 qui
1365 3808 1422 3854 et
1475 3799 1696 3854 Davidis
1743 3799 1912 3870 stirpe
1939 3814 2025 3855 cs-

453 3900 577 3945 sent
607 3890 844 3959 oriundi,
893 3902 947 3946 et
978 3894 1148 3961 ipsius
1177 3889 1379 3947 Christi
1416 3891 1818 3962 propinquitate
1853 3890 2027 3962 fulge-

454 3994 594 4039 reut.
626 3984 692 4039 Et
714 3986 828 4040 hazc
856 3986 1073 4055 quidem
1095 3992 1329 4041 testatur
1353 3985 1689 4055 llegesippus
1715 3985 2025 4041 bisverbis.

1040 4074 1272 4130 CAPUT
1313 4074 1433 4132 XX.

761 4167 839 4220 De
866 4167 1174 4236 propinquis
1199 4165 1496 4220 Seruataris
1527 4168 1711 4220 nostri.

530 4273 550 4307 ι
586 4255 700 4321 His,
730 4256 944 4324 inquit,
980 4255 1313 4322 temporibus
1341 4256 1515 4311 adhuc
1546 4264 1866 4326 supererant
1904 4257 2027 4327 qui-

453 4347 577 4400 dam
605 4361 666 4400 ex
702 4346 1030 4415 cognatione
1059 4346 1294 4409 Christi,
1333 4355 1555 4414 nepotes
1586 4346 1735 4402 Iuda:
1765 4347 1905 4402 illius
1930 4350 2020 4419 qui

451 4438 748 4494 secundum
778 4453 998 4493 carnem
1032 4438 1206 4493 frater
1245 4437 1447 4494 Christi
1484 4441 1803 4495 vocabatur.
1832 4440 1939 4497 Hos
1992 4457 2023 4496 a

2133 2086 2463 2158 Δομετιανοῦ
2494 2086 2732 2158 ἀρχῆς..)
2777 2087 2871 2149 Εἰς
2910 2085 3158 2138 τοσοῦτον
3188 2085 3244 2138 δὲ
3272 2085 3379 2158 ἄρα
3419 2086 3561 2139 κατὰ
3589 2088 3720 2151 τοὺς

2134 2178 2493 2253 δηλουμένους
2523 2178 2559 2248 ἡ
2588 2176 2687 2247 τῆς
2708 2176 2980 2247 ἡμετέρας
3011 2176 3246 2238 πίστεως
3275 2175 3721 2231 διδασκαλίανδιέ-

2134 2272 2383 2342 ὶαμπεν,
2428 2269 2504 2334 ὡς
2548 2270 2644 2324 καὶ
2679 2269 2808 2334 τοὺς
2849 2267 3049 2323 ἄποθεν
3085 2266 3180 2320 τοῦ
3223 2266 3342 2321 καθ’
3370 2268 3517 2338 ἡμᾶς
3552 2267 3718 2335 λόγου

2136 2365 2473 2434 συγγραφεῖς
2504 2361 2578 2432 μὴ
2621 2360 2926 2431 άποκνῆσαι
2955 2362 3074 2421 ταῖς
3106 2358 3284 2412 αὐτῶν
3322 2358 3582 2430 ἱστορίαις
3623 2358 3719 2411 τόν

2130 2471 2193 2507 τε
2235 2453 2470 2524 διωγμόν
2512 2454 2607 2506 καὶ
2643 2452 2712 2505 τά
2758 2454 2815 2504 ὲν
2857 2449 3004 2520 αὐτῷ
3055 2449 3327 2521 μαρτύρια
3360 2448 3716 2520 παραδοῦναι.

2134 2544 2262 2613 Οἴγε
2294 2544 2389 2597 καὶ
2422 2545 2514 2596 τὸν
2552 2543 2741 2614 καιρὸν
2778 2544 2862 2595 ἐπ’
2893 2541 3116 2612 ἀκριϐὲς
3162 2542 3610 2612 ἐπεσημήναντο,
3657 2542 3717 2596 ἐν

2133 2636 2242 2689 ἔτει
2274 2635 2742 2705 πεντεκαιδεκάτῳ
2770 2632 3093 2706 Δομετιανοῦ
3128 2633 3268 2704 μετὰ
3299 2632 3565 2686 πλείστων
3595 2631 3717 2684 ἐτέ-

2136 2747 2246 2800 ρων
2278 2730 2372 2784 καὶ
2398 2728 2632 2785 Φλαϐίαν
2661 2727 2987 2798 Δομετίλλαν
3018 2727 3419 2797 ἱστορήσαντες,
3463 2724 3523 2792 ἐξ
3559 2724 3715 2779 ἀδελ-τ

2134 2821 2239 2890 φῆς
2265 2824 2549 2888 γεγονυῖαν
2587 2820 2819 2874 Φλαϐίου
2856 2819 3202 2890 Κλήμεντος,
3246 2815 3363 2880 sva;
3408 2816 3516 2868 τῶν
3559 2833 3715 2887 τηνι-

2133 2911 2261 2968 κάδε
2307 2911 2398 2964 ἐπὶ
2440 2908 2658 2983 Ῥώμης
2696 2910 2949 2972 ὑπάτων,
2997 2909 3094 2975 τῆς
3132 2910 3212 2971 είς
3242 2904 3475 2979 Χριστόν
3507 2923 3717 2977 μαρτυ-

2136 3000 2257 3071 ρίας
2298 2999 2483 3054 ἕνεκεν
2505 3039 2522 3067 ,
2568 3003 2647 3064 είς
2691 3001 2852 3070 νῆσον
2886 2998 3114 3053 Ποντίαν
3150 2996 3290 3051 κατὰ
3328 2997 3596 3070 τιμωρίαν
3630 2997 3715 3053 δες

2130 3089 2338 3143 δόσθαι.

2661 3179 3057 3233 ΚΕΦΑΛΑῘΟΝ
3091 3178 3192 3234 ΙΘ’.

2147 3274 2244 3339 Ὠς
2291 3268 2643 3339 Δομετιανὸς
2704 3269 2844 3339 τοὺς
2898 3266 3016 3339 ἀπὸ
3068 3266 3280 3339 refove
3324 3267 3524 3339 Δαϐὶδλ
3547 3269 3712 3323 ἀνω-

2283 3337 2519 3410 ρεῗσθαι
2547 3338 2902 3408 προστάττει
2942 3337 3083 3409 (Nic.
3127 3337 3195 3390 ΙΙ.
3232 3337 3297 3394 Ε.
3335 3354 3417 3402 ιιι,
3444 3337 3555 3408 10).

2205 3431 2312 3484 Τοῦ
2356 3430 2399 3483 δ’
2429 3428 2592 3485 αὑτοῦ
2622 3428 2947 3500 Δομετιανοῦ
2994 3428 3121 3491 τοὺς
3164 3429 3273 3482 ἀπὸ
3320 3428 3507 3497 γένους
3547 3428 3714 3482 Δαϐὶδ

2134 3522 2474 3595 ἀναιρεῖσθαι
2528 3519 2958 3594 προστάξαντος,
3011 3519 3237 3584 παλαιὸς
3285 3520 3501 3590 κατέχει
3554 3520 3710 3589 λόγος

2133 3617 2243 3670 τῶν
2288 3614 2578 3687 αἱρετικῶν
2631 3631 2785 3676 τινας
2831 3613 3204 3684 κατηγορῆσαι
3262 3612 3370 3667 τῶν
3428 3613 3710 3682 ἀπογόνων

2144 3709 2314 3764 Ἰούδα
2334 3727 2347 3739 ·
2392 3707 2580 3761 τοῦτον
2629 3707 2687 3760 δὲ
2735 3701 2873 3760 εἶναι
2920 3705 3144 3775 ἀδελφὺν
3201 3704 3341 3760 κατὰ
3390 3706 3567 3777 σάρκα
3613 3707 3709 3759 τοῦ

2132 3801 2383 3873 Σωτῆρος
2406 3818 2420 3831 ο
2473 3798 2549 3862 ὡς
2582 3798 2691 3852 ἀπὸ
2727 3798 2915 3867 γένους
2961 3798 3333 3867 τυγχανόντων
3370 3797 3568 3862 Δαϐὶδ,
3615 3799 3713 3851 καὶ

2131 3895 2206 3958 ὼς
2230 3893 2395 3948 αὑτοῦ
2431 3891 2750 3963 συγγένειαν
2781 3891 2874 3945 τοῦ
2909 3889 3147 3962 Χριστοῦ
3187 3891 3478 3963 φερόντων.
3526 3892 3714 3946 Ταῦτα

2132 3987 2189 4040 δὲ
2220 3987 2373 4057 δηλοῖ
2395 3985 2536 4040 κατὰ
2562 3983 2706 4050 λέξιν
2735 3977 2838 4039 ὧδέ
2870 4000 2986 4047 πως
3014 3983 3184 4053 λέγων
3212 3984 3240 4035 ὁ
3276 3984 3633 4053 Ἡγήσιππος.

2674 4162 3070 4216 ΚΕΦΑΛΑΙΟΝ
3101 4163 3185 4215 Κ’.

2236 4257 2376 4324 Περὶ
2403 4255 2523 4310 τῶν
2554 4254 2705 4324 πρὸς
2734 4256 2949 4325 γένους
2980 4256 3085 4310 τοῦ
3118 4256 3389 4326 Σωτῆρος
3416 4258 3602 4326 ἡμῶν.

2205 4349 2358 4400 «Ἔτι
2381 4347 2436 4400 δὲ
2463 4348 2730 4419 περιῆσαν
2744 4349 2792 4400 οἱ
2813 4347 2921 4401 άπὸ
2947 4348 3136 4417 γένους
3163 4348 3256 4402 τοῦ
3289 4349 3491 4420 Κυρίου
3523 4350 3708 4401 υἱωνοὶ

2144 4440 2309 4494 Ἰούδα
2336 4439 2446 4512 (98)
2472 4481 2487 4506 ,
2512 4439 2615 4497 ποῦ
2643 4440 2783 4495 κατὰ
2817 4441 2993 4511 σάρκα
3033 4440 3325 4513 λεγομένου
3358 4442 3530 4495 αὐτοῦ
3553 4441 3707 4495 nos}-

522 4663 862 4735 (98))"lwroi
903 4662 1110 4719 Ἰούδα.
1141 4662 1196 4717 1η
1228 4663 1416 4718 codice
1455 4663 1627 4735 Regio
1686 4679 1750 4719 ac
1802 4662 1940 4735 Med.
1976 4673 2028 4718 et
2061 4668 2104 4722 D
2133 4661 2327 4735 Iudam
2372 4664 2593 4735 fratrem
2628 4663 2856 4735 Domini
2905 4667 3198 4721 exstitisse.
3235 4665 3339 4735 Sed
3382 4677 3589 4719 contra.
3618 4676 3707 4721 est.

454 4736 594 4804 apud
615 4733 911 4804 Georgium
960 4735 1269 4802 Syncellum
1311 4735 1507 4799 legitur
1534 4733 1664 4787 υἱῶν
1715 4734 1883 4788 ’ἰούδα
1915 4735 2012 4785 Iovi

439 4814 775 4868 discrimine.
832 4810 1100 4867 Caeterum
1155 4810 1326 4864 miror
1380 4807 1746 4878 Scaligerum,
1800 4807 1896 4878 qui
1959 4806 2024 4865 in.

438 4883 1019 4939 Auimadversionibus
1047 4881 1371 4937 Euschianis
1409 4894 1532 4948 pag.
1562 4875 1685 4941 187,
1713 4875 1831 4932 tam
1849 4877 2019 4933 Euse-

441 4954 592 5008 bium
618 4968 776 5022 quam
809 4951 1166 5022 Ilegesippum
1194 4948 1860 5022 immerito_repreheudi_t.
1880 4948 2013 5000 Nam

445 5016 1420 5091 neque'llegesippus’posteritatem
1476 5016 1708 5091 Davidis
1758 5020 1824 5071 ad
1883 5021 2019 5091 duos

444 5083 659 5145 tau-tum
699 5083 951 5144 homines
985 5083 1111 5143 tunc
1139 5104 1259 5143 esse
1295 5092 1567 5143 redactam
1601 5089 1757 5151 dixit,
1791 5097 1851 5140 ut
1879 5083 2018 5140 falso

441 5162 495 5215 ei
526 5160 720 5230 objicit
744 5157 1014 5230 Scaliger,
1044 5160 1136 5230 s_ed
1181 5160 1553 5230 posteritatem
1579 5157 1729 5230 Iuda:
1760 5156 1849 5230 qui
1895 5164 2017 5230 erat

443 5225 617 5284 frater
649 5229 881 5283 Domini.
901 5225 1022 5298 Nec
1052 5225 1314 5283 Eusebius
1345 5226 1631 5298 llegesippi
1664 5225 1828 5298 verba
1859 5225 2016 5279 aliter

443 5300 674 5368 accepit.
716 5299 874 5353 Certe
908 5297 1240 5369 Hegesippus
1272 5294 1472 5352 diserte
1504 5294 1733 5369 testatur
1791 5294 2015 5369 Symeo-

443 5366 784 5437 nem‘Clopaa
812 5366 1012 5433 lilium,
1048 5369 1139 5437 qui
1171 5377 1297 5422 tunc
1336 5376 1454 5421 erat
1498 5368 1787 5435 episcopus
1817 5366 2010 5437 [liere-

442 5436 804 5510 solymorum,
827 5450 1006 5493 ortum
1035 5436 1311 5510 fuisseett
1330 5449 1493 5508 gente
1516 5438 1798 5510 Davidica.
1834 5436 2011 5491 Verba

440 5508 562 5579 ejus
611 5510 780 5563 habes
814 5510 953 5563 infra
995 5524 1119 5579 cap.
1158 5508 1261 5579 βᾶ.
1296 5508 1482 5577 Itaque
1533 5523 1633 5563 nec
1677 5508 2010 5579 Hegesippus

441 5577 671 5645 erravit,
703 5595 802 5634 nec
831 5577 1117 5634 Eusebius.
1158 5577 1280 5647 Ipse
1318 5582 1499 5649 potius
1544 5577 1788 5649 Scaliger
1820 5592 2011 5649 repre-

444 5651 762 5705 heudeudus
793 5658 899 5711 est,
929 5651 1022 5718 qui
1076 5647 1338 5705 adversus
1393 5647 1776 5703 auctoritatem
1832 5647 2009 5717 Hege-

441 5721 603 5789 sippi,
635 5720 987 5774 vetustissimi
1033 5720 1317 5788 scriptoris
1365 5731 1419 5774 et
1457 5720 1769 5790 apostolicis
1804 5730 2009 5785 tempo-

441 5793 589 5847 ribus
613 5790 873 5865 proximi,
906 5793 1177 5847 obstinate
1211 5789 1521 5858 contendit,
1541 5789 1741 5847 nullum
1769 5801 2014 5859 unquam

2136 4734 2468 4806 Epiphanius
2520 4734 2572 4806 in
2624 4734 2814 4789 haeresi
2872 4752 3098 4802 Lxxvttl,
3150 4739 3240 4805 qui
3293 4733 3580 4806 Josephum
3633 4751 3704 4791 ex

2129 4806 2309 4872 priore
2330 4802 2579 4875 canjugio
2599 4814 2833 4875 quatuor
2865 4807 2939 4859 ait
2967 4802 3267 4875 suscepisse
3291 4802 3510 4867 liberos.
3536 4805 3704 4861 Jaco-

2134 4876 2283 4940 bum,
2323 4872 2677 4944 Syuteonem,
2710 4873 2944 4930 Josetem
2980 4887 3034 4930 et
3059 4872 3273 4934 Judam.
3306 4877 3404 4930 Cui
3428 4878 3700 4930 consentit

2136 4943 2454 5016 llippolytus
2482 4943 2798 5016 Portuensis
2828 4947 3120 5016 episcopus
3157 4948 3295 5016 apud
3331 4945 3695 5016 Nicephorum

2134 5013 2186 5067 in
2230 5013 2467 5086 libro",
2503 5029 2621 5082 cap.
2656 5015 2709 5078 5,
2763 5013 2873 5070 nisi
2916 5013 3060 5085 quod
3104 5013 3204 5086 pro
3230 5013 3489 5086 Symeone
3520 5015 3699 5086 Simo-

2132 5098 2271 5154 nem
2289 5083 2702 5154 dicitLrectius,
2729 5094 2790 5139 ut
2812 5153 2817 5154 γ
2836 5083 2998 5154 supra
3029 5083 3258 5151 notavi,
3276 5083 3341 5138 ἰιι
3368 5085 3506 5139 tilias
3532 5084 3692 5140 aliter

2131 5153 2393 5226 nominat.
2438 5152 2775 5226 Hisaccedit
2803 5152 3163 5226 Hieronymus
3189 5157 3242 5209 in
3274 5154 3413 5210 libro
3433 5156 3696 5226 Adversus

2130 5221 2455 5294 Helvidium.
2494 5225 2647 5278 Dicet
2679 5224 2909 5279 fortasse
2952 5221 3149 5291 aliquis
3171 5226 3223 5281 id
3268 5228 3409 5294 quod
3445 5242 3473 5277 a
3517 5223 3694 5279 Scali-

2125 5293 2504 5371 gero_di_ctunt
2554 5302 2659 5371 _e.s_t,
2704 5294 2995 5371 uullamin
3025 5293 3316 5371 Evangelia
3362 5296 3692 5371 mentionem

2122 5361 2241 5432 ejus
2263 5360 2416 5417 Juda:
2449 5363 2587 5418 ﬁeri.
2619 5363 2726 5417 Ιιηο
2748 5380 2891 5432 νει-ο
2917 5360 3205 5421 Μοιιὶιιιιυέ
3241 5367 3294 5419 in
3322 5380 3443 5432 cap.
3478 5381 3597 5426 χιιι,
3627 5366 3713 5432 de,
3742 5420 3751 5425 ,
3862 5410 3865 5415 ,

2124 5431 2233 5505 ὶΙΙοΔ
2261 5435 2340 5487 sic
2387 5434 2632 5505 loquitur
2660 5452 2673 5487 :
2706 5431 2895 5505 Nonne
2919 5446 3090 5488 mater:
3116 5437 3230 5505 ejus
3266 5436 3460 5488 dicitur
3485 5435 3684 5499 Maria,

2124 5516 2174 5573 et
2207 5502 2398 5571 fratres
2441 5504 2555 5573 ejus
2600 5502 2854 5569 Iacobus,
2897 5502 3351 5570 Joseph,'Simon
3401 5516 3447 5557 et
3478 5505 3694 5559 ludas?

2124 5570 2270 5629 Idem
2308 5570 2505 5644 legitur
2559 5574 2819 5644 inMarci
2871 5590 2992 5644 cap.
3025 5591 3101 5630 Vl.
3129 5575 3293 5630 Vides
3339 5585 3396 5628 ut
3426 5575 3689 5641 Scaliger,

2124 5644 2292 5697 nimio
2337 5643 2774 5713 reprehendendi
2812 5643 2990 5699 studio
3039 5647 3319 5713 abreptus,
3356 5647 3546 5699 merito
3576 5650 3691 5712 ipse

2122 5714 2185 5767 in
2220 5716 2694 5782 reprehensionem
2722 5714 2964 5769 incurrit.
3003 5713 3169 5771 Porro
3200 5716 3286 5769 hic
3336 5714 3499 5770 Judas
3550 5729 3691 5782 uxo-

2125 5798 2236 5839 rem
2270 5780 2300 5837 a
2325 5784 2594 5841 nonnullis
2621 5784 2819 5841 dicitur
2849 5786 3101 5844 habuisse
3133 5785 3379 5854 Mariam,
3415 5796 3552 5842 teste
