4016 6260
268 373 374 430 233

1259 372 1604 430 HISTORL/E
1643 373 2202 436 ECCLESIASTICE
2241 371 2367 426 ΗΒ.
2409 371 2494 425 Ill.

3403 361 3506 416 254

274 490 397 560 φοῦ,
427 488 514 551 οὓς
543 487 1006 560 ἐδηλατόρευσαν,
1043 490 1117 554 ὡς
1154 493 1218 544 ἐκ
1249 492 1436 560 γένους
1477 493 1631 556 ὄντας
1661 493 1834 547 Δαϐίδ.

1949 491 2220 546 nonnuliis
2244 489 2450 544 delatos
2473 486 2615 557 quod
2647 501 2710 540 ex
2746 482 2889 554 regia
2924 477 3336 546 Davidisstirpe
3386 490 3509 543 pro—

277 583 504 642 Τουτους
535 578 576 631 δ’
599 581 628 632 6
669 579 976 644 Ἰουόκατος
1008 579 1118 650 (99)
1147 582 1319 652 ἤγαγε
1360 582 1495 653 πρὸς
1522 583 1845 653 Δομετιανὸν

282 675 552 744 Καίσαρα·
596 671 850 741 ἐφοϐεῖτο
882 672 992 743 γὰρ
1033 673 1128 744 τὴν
1167 674 1465 744 παρουσίαν
1493 673 1584 728 τοῦ
1613 674 1846 746 Χριστοῦ

283 767 356 827 ὡς
378 765 468 818 καὶ
493 763 754 835 Ἡρώδης.
779 764 892 816 Καὶ
913 764 1264 836 ἐπηρώτησεν
1289 765 1485 829 αὐτοὺς
1510 767 1556 818 εί
1581 767 1646 818 ἐκ
1682 765 1847 819 Δαϐίδ

283 861 404 912 εἰσι.
439 856 539 909 Καὶ
566 855 944 925 ὡμολόγησαν.
977 858 1108 910 Τότε
1132 855 1412 927 ἠρώτησεν
1433 856 1650 921 αὐτοὺς,
1673 857 1846 920 πόσας

284 948 493 1017 κτήσεις
521 943 752 1013 ἔχουσιν,
789 944 824 1013 ἢ
857 944 1038 996 πόσων
1067 943 1363 1014 χρημάτων
1390 941 1750 1014 κυριεύουσιν.
1783 943 1846 993 υἱ

282 1039 334 1090 δὲ
376 1032 519 1089 εἷπον
553 1035 883 1106 ἀμφότεροι,
924 1036 1295 1105 ἐννακισχίλια
1327 1035 1552 1107 δηνάρια
1582 1035 1844 1106 ὑπάρχειν

283 1134 461 1194 αὐτοῖς
488 1133 640 1202 μόνα,
673 1132 889 1201 ἑκάστῳ
919 1129 1097 1182 αὐτῶν
1130 1129 1420 1200 ἀνήκοντος
1447 1128 1540 1182 τοῦ
1580 1128 1838 1198 ἡμίσεως.

282 1228 390 1282 Καὶ
423 1225 583 1280 ταῦτα
619 1225 717 1277 οὐκ
763 1227 820 1277 ἐν
852 1221 1131 1293 ἀργυρίοις
1169 1221 1404 1290 ἔφασκον
1443 1220 1606 1290 ἔχειν,
1643 1219 1755 1272 ἁλλ’
1786 1220 1844 1271 ἐν

281 1317 584 1387 διατιμήσει
609 1316 713 1386 γῆς
743 1314 988 1386 πλέθρων
1022 1314 1314 1384 τριάκοντα
1348 1312 1503 1365 ἐννέα
1539 1311 1746 1382 μόνων,
1785 1309 1846 1374 ἐξ

278 1402 353 1463 ὦν
401 1406 487 1460 καὶ
526 1406 650 1468 τοὺς
696 1406 893 1476 φόρους
936 1405 1226 1475 ἀναφέρειν
1259 1403 1364 1474 (1),
1401 1404 1494 1456 καὶ
1527 1403 1722 1465 αὐτοὺς
1749 1402 1843 1456 αὐ-

274 1497 630 1569 τουργοῦντας
674 1495 1073 1567 διατρέφεσθαι.
1113 1491 1242 1548 Εἶτα
1284 1495 1340 1546 δὲ
1386 1494 1480 1548 καὶ
1515 1494 1612 1557 τὰς
1655 1496 1842 1565 χεῖρας

274 1589 374 1652 τὰς
409 1587 608 1641 ἑαυτῶν
637 1586 1044 1649 ἐπιδεικνύναι,
1077 1586 1371 1657 μαρτύριον
1394 1585 1494 1654 τῆς
1519 1585 1841 1656 αὑτουργίας

274 1681 374 1750 τὴν
407 1679 494 1732 τοῦ
535 1677 787 1749 σώματος
815 1677 1095 1749 σκληρίαν,
1130 1678 1221 1730 καὶ
1251 1679 1374 1740 τοὺς
1414 1677 1522 1731 ἀπὸ
1559 1677 1656 1746 τῆς
1715 1694 1839 1729 συν-

271 1769 424 1841 εχοῦς
450 1771 711 1843 ἐργασίας
750 1769 1265 1831 ἐναποτυπωθέντας
1292 1769 1384 1821 ἐπὶ
1416 1769 1521 1821 τῶν
1549 1768 1689 1821 ἰδίων
1730 1785 1839 1838 χειά

1947 583 2092 655 gnati
2145 591 2348 646 essent,
2385 586 2636 632 evocatus
2686 577 2752 629 ad
2814 571 3175 629 Domitianum
3235 566 3507 620 Cwsarem

1949 675 2226 747 perduxit.
2278 672 2489 741 Quippe
2535 669 2867 724 Domitianus
2901 666 2968 719 de
3023 663 3257 717 adventu
3304 658 3506 714 Christi

1947 767 2170 834 perinde
2210 777 2273 816 ac
2331 761 2572 816 Herodes
2611 757 2711 812 sibi
2748 754 3039 810 metuebat.
3063 749 3382 818 Interrogati
3407 747 3507 817 igi-

1947 868 2035 912 tur
2062 857 2130 910 ab
2156 855 2249 910 illo
2275 863 2452 908 utrum
2491 867 2557 906 ex
2590 851 2756 918 stirpe
2796 847 3010 900 Davidis
3047 849 3230 898 essent
3266 840 3504 904 oriundi,

1946 949 1998 1003 id
2030 947 2372 1002 verissimum
2402 957 2523 997 esse
2557 939 2790 996 confessi
2817 945 2973 992 su.nt..
3013 933 3215 988 Deinde
3264 932 3507 986 sciscita-

1943 1053 2031 1099 tus
2063 1051 2239 1096 estex
2275 1037 2378 1094 illis
2410 1035 2768 1100 Domitianus,
2815 1043 3047 1105 quantas
3090 1032 3503 1104 possessiones,

1952 1145 2278 1204 quantumve
2303 1130 2548 1199 pecuniae
2573 1128 2856 1183 haberent.
2889 1126 2967 1180 illi
2999 1140 3128 1181 vero
3158 1140 3347 1180 novem
3385 1133 3506 1176 tan-

1946 1223 2222 1279 tummodo
2245 1219 2589 1275 denariorum
2617 1217 2782 1272 millia
2808 1216 2910 1270 sibi
2935 1216 3192 1270 ambobus
3221 1223 3506 1285 suppetere

1945 1318 2219 1379 dixerunt,
2258 1327 2486 1381 quorum
2522 1310 2742 1364 dimidia
2785 1325 2911 1379 pars
2944 1308 3169 1378 singulis
3223 1318 3500 1375 compete-

1943 1414 2027 1458 ret
2061 1420 2074 1457 :
2112 1419 2204 1459 eas
2234 1419 2363 1458 vero
2405 1403 2690 1458 facultates
2734 1416 3075 1470 nequaquam
3113 1416 3172 1456 sc
3198 1400 3251 1454 in
3285 1405 3504 1469 argento

1941 1497 2160 1563 habere,
2209 1497 2301 1551 sed
2352 1496 2406 1549 in
2445 1495 2806 1550 aestimatione
2838 1509 3112 1563 agrorum,
3149 1507 3338 1548 novem
3397 1491 3504 1545 sci-

1940 1584 2066 1640 licet
2100 1600 2162 1638 ac
2187 1584 2402 1654 triginta
2435 1585 2530 1638 soli
2553 1583 2803 1654 jugerum
2840 1602 2852 1637 :
2885 1599 2949 1637 ex
2977 1599 3206 1653 quorum
3243 1582 3502 1637 fructibus

1938 1690 1993 1733 et
2023 1678 2220 1733 tributa
2251 1676 2644 1746 persolverent,
2691 1684 2751 1730 et
2781 1675 2880 1730 sibi
2929 1676 3060 1745 ipsis
3093 1690 3196 1728 non
3226 1675 3344 1728 sine
3372 1689 3498 1742 pro-

1940 1767 2056 1836 prio
2083 1767 2191 1836 90
2219 1765 2402 1821 labore
2437 1766 2636 1818 victum
2658 1771 3054 1832 compararent.
3083 1760 3362 1829 Simulque
3390 1774 3503 1811 ma-

271 1864 380 1936 ρῶν
406 1862 596 1925 τύλους
633 1863 708 1932 ('2)
752 1863 1140 1931 παριστάντας.
1181 1861 1577 1932 Ἐρωτηοέντας
1611 1862 1665 1915 δὲ
1709 1863 1834 1932 περὶ

1938 1876 2038 1915 nus
2062 1858 2352 1914 ostendere
2373 1866 2676 1926 creperum,
2693 1856 2945 1911 duritiem
2969 1854 3128 1917 cutis,
3155 1854 3501 1920 impressum-

264 1955 359 2008 τοῦ
383 1954 618 2027 Χριστοῦ
654 1954 748 2007 καὶ
787 1955 882 2023 τῆς
911 1954 1185 2024 βασιλείας
1219 1953 1414 2018 αὐτοῦ,
1449 1954 1607 2006 ὁποία
1638 1970 1719 2016 τις
1753 1954 1837 2022 είή

266 2047 357 2100 καὶ
401 2047 532 2098 πότε
576 2047 672 2098 καὶ
717 2048 808 2098 ποῖ
835 2047 1206 2117 φανησομένη,
1243 2045 1396 2114 λόγον
1431 2045 1631 2109 δοῦναι,
1665 2046 1738 2108 ὡς
1776 2046 1836 2097 οὐ

260 2139 498 2208 κοσμικὴ
538 2138 640 2208 μὲν
692 2138 798 2192 οὐδ’
826 2138 1084 2206 ἐπίγειος,
1119 2139 1436 2208 ἐπουράνιος
1467 2138 1523 2190 δὲ
1559 2139 1649 2191 καὶ
1678 2139 1840 2206 ἀγγε-

253 2230 376 2300 λικὴ
399 2230 688 2300 τυγχάνει,
723 2231 815 2282 ἐπὶ
839 2229 1116 2298 συντελείᾳ
1139 2230 1231 2283 τοῦ
1263 2230 1454 2294 αίῶνος
1480 2230 1835 2300 γενησομένη,

251 2320 492 2389 ὁπηνίκα
520 2319 695 2374 ἐλθὼν
725 2323 783 2373 ἐν
806 2321 931 2392 δόξῃ
953 2324 1126 2392 κρινεί
1147 2316 1352 2393 ζῶντας
1373 2320 1448 2391 ('5)
1473 2322 1566 2374 καὶ
1594 2322 1836 2392 νεκροὺς,

249 2413 344 2464 καὶ
371 2410 655 2464 ἀποδώσει
681 2413 896 2481 ἑκάστῳ
915 2407 922 2412 ’
941 2411 1082 2465 κατὰ
1117 2411 1185 2464 τὰ
1214 2411 1620 2482 ἐπιτηδεύματα
1648 2411 1833 2466 αὑτοῦ.

262 2501 379 2570 Ἐφ’
401 2497 488 2565 οἷς
528 2503 696 2574 μηδὲν
735 2502 914 2556 αὐτῶν
953 2504 1333 2572 κατεγνωκότα
1369 2505 1460 2557 τὸν
1495 2505 1834 2576 Δομετιανὸν,

248 2595 388 2654 ἀλλὰ
437 2597 537 2650 καὶ
581 2595 658 2659 ὡς
700 2595 932 2650 εὐτελῶν
978 2597 1483 2667 καταφρονήσαντα,
1528 2597 1838 2669 ἐλευθέρους

155 2735 172 2750 κ
257 2685 354 2755 μὲν
381 2687 592 2749 αὐτοὺς
614 2686 840 2750 ἀνεῖναι,
868 2687 1211 2740 καταπαῦσαι
1233 2687 1289 2740 δὲ
1312 2687 1397 2741 διὰ
1423 2688 1838 2758 προστάγματος

254 2777 344 2831 τὺν
389 2777 542 2831 κατὰ
580 2778 680 2848 τῆς
718 2778 1042 2847 Ἐκκλησίας
1068 2779 1326 2849 διωγμόν.
1369 2779 1507 2843 Τοὺς
1539 2780 1594 2832 δὲ
1636 2779 1838 2832 ἀπολυ-

256 2869 449 2930 θέντας
485 2867 795 2938 ἠγήσασθαι
817 2869 922 2924 τῶν
953 2869 1302 2941 Ἐκκλησιῶν,
1328 2870 1401 2934 ὠς
1442 2871 1507 2922 ἂν
1533 2869 1595 2938 δὴ
1627 2870 1835 2941 μάρτυ-

262 2975 359 3028 ρας
399 2956 544 3027 ὁμοῦ
579 2956 672 3015 καὶ
714 2957 823 3012 ἀπὸ
869 2958 1254 3025 γένους-ὄντας
1281 2958 1374 3012 τοῦ
1409 2959 1612 3030 Κυρίου
1633 3000 1648 3024 ,
1685 2977 1837 3027 γενο-

265 3052 430 3122 μένης
454 3067 517 3102 τε
541 3050 784 3122 εἰρήνης,
819 3049 978 3122 μέχρι
998 3049 1271 3122 Τραϊανοῦ
1289 3054 1622 3124 παραμεῖναι
1645 3052 1838 3116 αὐτοὺς

259 3145 336 3216 τῷ
375 3145 498 3216 βίῳ.
531 3163 550 3196 ι
590 3143 776 3197 Ταῦτα
813 3145 910 3214 μὲν
951 3145 979 3196 ὀ
1020 3145 1380 3216 Ἡγήσιππος.
1422 3147 1496 3200 Οὐ
1546 3146 1653 3217 μὴν
1702 3146 1836 3202 ἀλλὰ
1863 3197 1906 3251 c

263 3240 351 3292 καὶ
405 3241 436 3292 ὁ
483 3237 873 3310 Τερτυλλιανὸς
923 3237 1016 3292 τοῦ
1065 3240 1390 3310 Δομετιανοῦ
1436 3241 1688 3311 τοιαύτην
1740 3259 1836 3294 πε-

264 3330 478 3400 ποίηται
517 3331 774 3402 μνήμην·
823 3331 1184 3402 «Πεπειράκει
1227 3333 1355 3385 ποτέ
1398 3335 1490 3386 καὶ
1516 3333 1838 3402 Δομετιανὸς

264 3421 424 3475 ταύτό
466 3425 647 3474 ποιεῖν
694 3421 918 3492 ἐκείνῳ,
973 3422 1139 3494 μέρος
1190 3421 1265 3476 ὢν
1311 3423 1409 3494 τῆς
1452 3423 1545 3491 τοῦ
1587 3424 1836 3494 Νέρωνος

266 3513 564 3584 ὠμότητος.
625 3512 761 3564 Ἀλλ’
803 3508 952 3582 οἶμαι
996 3513 1092 3566 ἅτε
1141 3513 1279 3584 ἔχων
1325 3531 1377 3566 τι
1429 3515 1693 3576 συνέσεως
1735 3513 1833 3584 (4),

267 3606 490 3675 τάχιστα.
521 3603 832 3668 ἐπαύσατο,
878 3606 1354 3676 ἀνακαλεσάμενος
1393 3606 1485 3658 καὶ
1511 3604 1603 3669 οὓς
1640 3605 1832 3676 ἐξηλά-

269 3715 500 3784 cephoro
539 3715 595 3769 in
641 3715 740 3768 lib.
791 3732 834 3780 ι,
869 3731 988 3786 cap.
1021 3717 1109 3772 5'5.
1140 3718 1213 3771 Ex
1261 3719 1362 3771 hac
1410 3717 1578 3786 igitur
1610 3717 1822 3782 liberos

269 3788 538 3854 suscepit;
571 3787 848 3856 aquibus
888 3790 1167 3856 propagati
1214 3797 1343 3841 sunt
1387 3787 1720 3850 δεσπόσυνοι,
1758 3789 1823 3843 de

268 3857 459 3925 quibus
497 3855 804 3925 Africanus
855 3857 904 3909 in
959 3855 1181 3924 epistola
1233 3858 1300 3911 ad
1357 3858 1662 3911 Aristidem.
1715 3857 1823 3914 Hos

271 3924 426 3995 porro
488 3924 754 3994 Scaligeri
810 3941 1025 3981 errores
1092 3927 1406 3994 jamdudum
1476 3929 1824 3995 reprehendit

269 3994 327 4049 P.
359 3995 658 4066 Halloirtius
688 4000 740 4048 in
779 3996 1144 4051 notationibus
1189 3998 1256 4050 ad
1291 3997 1465 4050 Vitam
1497 3994 1818 4066 lkgesippi;

273 4066 409 4132 quod
441 4065 660 4134 quidem
706 4068 884 4136 serius
918 4076 971 4122 et
1022 4067 1285 4121 absolutis
1317 4066 1431 4136 jam
1484 4065 1826 4122 animadver-

273 4136 512 4190 sionihus
546 4137 681 4188 meis
708 4135 894 4191 didici.

339 4204 451 4274 (99)
489 4205 543 4257 '0
581 4206 919 4272 Ἰουοκατος.
958 4207 1190 4271 Ἰόκατος
1239 4224 1305 4260 ex
1343 4207 1526 4260 codice
1577 4207 1829 4260 Medicam

273 4276 439 4329 edidit
483 4274 623 4329 Rob.
678 4276 1006 4342 Stephanus.
1039 4279 1092 4331 In
1129 4278 1313 4331 codice
1367 4276 1534 4344 Regio
1566 4277 1826 4344 scriptum

274 4346 446 4399 inveni
473 4345 502 4396 6
537 4344 837 4408 ἰκουϐἀτος,
864 4348 1001 4415 quod
1038 4357 1320 4402 monuerat
1344 4349 1506 4400 etiam
1541 4349 1678 4400 idem
1709 4349 1829 4400 Ste-

274 4417 482 4494 phanus
515 4416 568 4469 in
599 4417 764 4494 variis
791 4418 1111 4494 lectionibus
1137 4433 1273 4494 quas
1306 4419 1385 4494 ad.
1407 4417 1828 4494 calcenreditio-

1939 1968 2044 2022 que
2069 1952 2177 2006 alte
2211 1951 2462 2005 manibus
2497 1949 2695 2004 callum
2731 1964 2795 2004 ex
2833 1947 3036 2003 laboris
3074 1947 3410 2010 assiduitate,
3446 1944 3499 1997 in

1940 2045 2308 2101 testimonium
2344 2044 2524 2114 operis
2580 2043 2662 2098 sui
2716 2041 3073 2113 proferentes.
3105 2039 3385 2094 Postremo
3418 2039 3502 2091 in—

1943 2138 2201 2208 terrogati
2235 2137 2300 2191 de
2327 2135 2546 2190 Christo
2569 2144 2625 2190 et
2655 2135 2723 2190 de
2754 2149 2920 2206 regno
2960 2133 3104 2186 illius
3137 2173 3152 2196 ,
3200 2131 3501 2202 enjusmodi

1941 2229 1993 2282 id
2019 2239 2185 2292 esset,
2211 2237 2266 2282 et
2295 2226 2534 2294 quando,
2560 2225 2827 2294 quibusve
2848 2224 2902 2277 in
2938 2223 3068 2277 locis
3092 2225 3498 2292 appariturum:

1943 2319 2334 2389 responderunt
2362 2335 2471 2373 non
2504 2317 2666 2388 hujus
2697 2314 2885 2369 mundi
2939 2330 3039 2370 nec
3077 2326 3342 2370 terrarum
3398 2316 3501 2366 im-

1943 2413 2151 2481 perium
2186 2411 2313 2465 illud
2347 2426 2487 2475 esse,
2515 2411 2607 2467 sed
2643 2411 2946 2482 angelicum
2977 2421 3033 2468 et
3055 2413 3297 2473 caeleste,
3357 2409 3500 2478 quod

1938 2502 1994 2556 in
2019 2501 2123 2556 ﬁne
2153 2504 2471 2558 saeculorum
2495 2502 2736 2557 futurum
2765 2515 2931 2570 esset,
2960 2515 3088 2560 tunc
3109 2520 3230 2558 cum
3251 2505 3500 2558 Christus

1941 2595 2235 2651 adveniens
2263 2610 2385 2650 cum
2415 2597 2608 2665 gloria,
2636 2595 2792 2651 vivos
2825 2598 2983 2651 simul
3013 2608 3066 2652 et
3097 2607 3335 2651 mortuos
3356 2597 3499 2666 judi-

1941 2689 2110 2755 cabit,
2137 2699 2190 2744 et
2225 2689 2517 2758 unicuique
2551 2690 2788 2758 operum‘
2813 2704 3035 2743 suorum
3063 2690 3363 2743 mercedem
3405 2690 3500 2742 tri-

1939 2779 2090 2834 buet.
2131 2780 2226 2835 llis
2257 2781 2477 2845 auditis,
2510 2781 2849 2836 Domitianus
2881 2780 3013 2834 nihil
3073 2781 3333 2834 adversus
3378 2781 3498 2834 illos

1943 2870 2187 2939 asperius
2215 2869 2495 2924 decrevit:
2531 2871 2626 2925 sed
2657 2867 2910 2921 vilitatem
2940 2868 3213 2921 hominum
3244 2882 3497 2934 asperna-

1943 2971 2049 3024 tus,
2086 2960 2285 3015 liberos
2317 2961 2472 3016 abire
2497 2961 2657 3031 jussit
2686 2979 2699 3026 ;
2734 2961 3006 3029 missoque
3039 2960 3217 3012 edicto
3247 2971 3505 3026 persecu-

1942 3052 2140 3107 tionem
2164 3051 2424 3108 adversus
2463 3051 2760 3108 Ecclesiatn
2789 3055 3112 3104 commotam
3146 3045 3500 3116 compescuit.

1938 3143 2062 3198 illos
2089 3159 2218 3199 vero
2247 3144 2313 3198 ad
2353 3143 2496 3198 hunc
2529 3143 2745 3196 modum
2779 3142 3052 3205 dimissos,
3088 3139 3338 3194 Ecclesiis
3357 3148 3504 3206 post-

1943 3240 2041 3292 hac
2078 3235 2363 3306 praefuisse
2391 3243 2635 3297 narrant,
2669 3241 2853 3301 utpote
2877 3230 3080 3286 Christi
3130 3240 3396 3297 martyres
3425 3229 3501 3283 si-

1941 3329 2051 3384 mul
2075 3345 2136 3382 ac
2160 3329 2520 3398 propinquos;
2542 3334 2596 3379 et
2619 3340 2750 3394 pace
2771 3325 2986 3378 domum
3017 3322 3267 3376 Ecclesiae
3293 3320 3501 3376 reddita

1940 3424 2005 3474 ad
2033 3420 2247 3490 Trajani
2280 3435 2450 3490 usque
2484 3428 2723 3488 tempora
2759 3418 2924 3471 vitam
2963 3415 3296 3484 perduxisse.
3325 3434 3344 3467 ι
3379 3413 3501 3468 ιΙιιξιι

1938 3514 2156 3582 quidem
2197 3511 2550 3582 llegesippus.
2576 3511 2680 3565 Sed
2719 3519 2772 3565 et
2813 3507 3179 3563 Tertullianus
3226 3507 3291 3561 de
3323 3507 3504 3561 Domi-

1936 3608 2084 3660 tiano
2107 3606 2181 3660 ita
2203 3605 2392 3660 scribit
2425 3625 2438 3660 :
2477 3622 2496 3656 ι
2524 3603 2848 3658 Tentaverat
2870 3609 2923 3656 et
2940 3599 3297 3662 Domitianus,
3327 3601 3502 3668 portio

1929 3719 2456 3789 Christophorsouus
2495 3717 2656 3772 vertit
2685 3716 2988 3789 vectigalia,
3026 3716 3177 3789 quasi
3207 3717 3497 3780 vectigalia

1928 3783 2178 3859 agrorum
2247 3783 2600 3845 solverentur.
2665 3783 2835 3855 Atqui
2877 3783 3056 3859 φόροις
3093 3785 3290 3859 tributa
3348 3801 3496 3859 sunt,

1928 3855 2050 3931 quae
2079 3877 2145 3914 ex
2177 3863 2322 3931 agris
2353 3859 2724 3931 solvebantur,
2753 3855 2998 3931 atquein
3033 3855 3163 3931 ipsis
3215 3858 3499 3931 speciebus

1929 3925 2042 3983 fere
2088 3925 2475 3998 pendebantur,
2533 3929 2586 3981 id
2640 3928 2825 3998 estiini
2862 3925 3064 3998 triti_co,
3102 3925 3326 3998 hordeo,
3369 3929 3502 3998 vino

1929 4009 1983 4052 et
2017 3994 2310 4063 similibus,
2337 4009 2395 4052 ut
2429 4005 2575 4065 patet
2613 4012 2676 4050 ex
2719 3997 2916 4051 Codice
2959 3994 3357 4065 Theodosiano.
3389 3995 3496 4051 Ve-

1933 4071 2149 4135 Ctigalia
2180 4085 2309 4124 vero
2345 4063 2468 4122 sunt
2502 4083 2619 4133 qum
2643 4065 2831 4121 Graece
2855 4066 3106 4119 dicuntur
3134 4063 3286 4134 τέλη,
3319 4081 3438 4134 quae
3466 4084 3497 4121 a

1931 4141 2239 4208 publicanis
2265 4139 2711 4193 conducebantur
2734 4147 2788 4208 et
2818 4136 3204 4208 exigebantur;
3239 4151 3362 4208 cum
3389 4137 3497 4208 Atri-

1932 4204 2061 4263 buta
2093 4225 2120 4262 a
2154 4209 2554 4277 suseeptoribus
2580 4208 2660 4259 vel
2695 4207 2762 4258 ah
2788 4204 3184 4274 apparitoribus
3209 4206 3496 4273 praesidum

1934 4294 1997 4332 ac
2031 4282 2405 4344 prmfeetorum
2433 4277 2575 4347 exigi
2603 4277 2863 4330 solerent.

2008 4349 2082 4421 (‘2)
2119 4352 2364 4414 Τύλους.
2409 4345 2548 4421 Cum
2584 4347 2738 4421 initio
2797 4346 3078 4421 vertissem
3115 4346 3298 4406 callos,
3335 4345 3491 4421 dubi-

1935 4415 2269 4488 tar‘e'postea
2301 4418 2464 4486 cmpi,
2497 4433 2564 4470 an
2595 4420 2765 4488 callus
2798 4416 3096 4488 masculino
3123 4431 3319 4484 genere
3344 4415 3493 4470 dice-

275 4486 354 4538 nis
375 4500 484 4538 suze
513 4485 762 4556 conjecit.
789 4487 844 4556 In
869 4485 1128 4540 Chronico
1155 4485 1387 4556 ’Georgii
1433 4486 1662 4556 Syncelli
1697 4486 1827 4554 legi-
1859 4494 1905 4548 Ι)
1936 4485 2102 4542 τοιιιιί.
2142 4485 2548 4543 Τιιηειθιηνετο
2597 4486 2762 4540 callos
2813 4501 2839 4538 a
2889 4485 3081 4538 Ruﬁno
3113 4488 3216 4540 dici
3256 4488 3495 4556 comperi

275 4565 360 4607 tur
384 4557 413 4607 6
457 4548 774 4619 Ἰουὼὶατος.
811 4555 918 4609 Nos
951 4571 1018 4610 ex
1068 4558 1238 4610 tribus
1286 4548 1489 4610 nostris
1515 4548 1817 4620 codicibus,

274 4625 433 4687 Mar...
472 4625 608 4680 Fnk.
646 4637 698 4681 et
734 4626 1028 4687 Saviliano,
1062 4642 1243 4679 veram
1277 4627 1434 4692 hujus
1469 4627 1570 4680 loci
1600 4627 1828 4693 scriptu-
1889 4641 1892 4644 '

275 4711 385 4768 ram
404 4696 757 4768 restituimus,
783 4696 1002 4760 τούτους
1036 4696 1132 4768 6’6
1165 4697 1460 4760 Ἰουόκατος
1489 4697 1830 4768 ἤγαγελὶοηο

277 4767 491 4819 ﬁrmant
545 4767 680 4820 hanc
750 4767 1032 4820 lectionem
1084 4766 1417 4834 Nicephorus
1476 4766 1530 4821 et
1579 4768 1829 4821 Ruﬁnus.

275 4835 407 4890 Nam
444 4836 496 4889 in
522 4835 714 4890 Ruﬁno
749 4839 965 4904 quidem
995 4837 1195 4891 dicitur
1227 4837 1550 4890 Revocatus.
1586 4835 1697 4889 Hos
1726 4835 1828 4888 Re-

276 4915 484 4959 rocatus
522 4907 737 4972 quidam
788 4909 994 4960 nomine
1041 4910 1128 4974 qui
1163 4909 1230 4958 ad
1277 4908 1374 4960 hoc
1408 4908 1597 4960 missus
1630 4907 1834 4972 fuerat,

275 4977 511 5044 perduxit
535 4978 601 5027 ad
634 4977 1012 5030 Domitianum.
1035 4975 1369 5043 Nicephorus
1389 4992 1514 5030 vero
1543 4977 1594 5029 in
1629 4977 1720 5031 lib.
1744 4991 1825 5043 ut,

276 5061 391 5113 Cap.
417 5046 503 5109 10,
541 5047 794 5114 scriptum
822 5049 979 5100 habet
1003 5048 1031 5098 6
1064 5047 1403 5111 Ἦουόκατος.
1430 5047 1528 5112 Qui
1563 5048 1669 5100 sint
1698 5061 1826 5100 evo-

277 5117 399 5177 cati,
441 5128 622 5168 notum
653 5127 738 5170 est
769 5132 832 5170 ex
879 5118 1064 5182 Dione,
1108 5118 1302 5170 milites
1342 5117 1548 5171 scilicet
1598 5119 1826 5169 honora-

282 5188 425 5239 tioris
456 5186 578 5250 loci,
616 5188 728 5253 qui,
774 5187 1034 5240 conlectis
1073 5187 1183 5256 jam
1231 5187 1534 5256 stipendiis,
1593 5186 1824 5248 dimissi,

280 5257 340 5308 ad
370 5257 610 5311 militiam
635 5259 1002 5309 evocabantur
1029 5273 1056 5309 a
1095 5258 1352 5326 principe.
1390 5269 1590 5326 horum
1621 5259 1825 5310 mentio

281 5326 406 5378 litin
440 5327 666 5378 vetustis
693 5325 1159 5394 inscriptionibus,
1193 5327 1395 5380 EVOK.
1427 5325 1591 5380 AUG.
1627 5326 1682 5378 Id
1721 5337 1823 5392 est,

279 5395 530 5448 Evocatus
554 5398 796 5464 Augusti.
825 5395 901 5448 Nc
927 5399 1044 5462 quis
1074 5409 1251 5451 autem
1283 5399 1524 5461 miretur,
1563 5396 1824 5464 Hegesip-

281 5481 394 5533 pum
424 5465 671 5533 Graecum
719 5467 1037 5532 scriptorem
1086 5467 1328 5520 lto-mano
1377 5467 1633 5518 vocabulo
1667 5482 1821 5520 usum

282 5535 456 5589 fuisse.
487 5536 606 5589 Non
665 5537 716 5587 id
770 5550 967 5605 novum
1001 5547 1095 5588 aut
1132 5535 1440 5605 infrequens
1490 5533 1816 5605 Hegesippo,

280 5606 462 5674 quippe
491 5608 582 5676 qui
609 5603 993 5675 δηλατορεύειν
1026 5615 1076 5658 et
1097 5603 1332 5677 δηνάρια
1365 5603 1592 5673 usurpat
1633 5603 1696 5659 in
1724 5603 1823 5661 hac

282 5678 578 5740 narratione
609 5691 775 5739 quam
813 5689 924 5743 pra:
950 5676 1189 5731 manibus
1224 5678 1502 5740 habemus,
1537 5685 1592 5729 et
1616 5677 1822 5746 plebeio

281 5760 507 5802 lcrmoue
539 5747 730 5800 utitur.

339 5817 411 5891 (1)
448 5817 546 5883 Ἐξ
591 5810 686 5871 ὧν
740 5814 840 5871 καὶ
883 5815 1016 5870 toi»
1057 5818 1277 5886 φόρους
1323 5814 1656 5887 ἀναφέρειν.
1690 5817 1822 5874 Male

1938 4559 1990 4612 in
2021 4560 2112 4616 lib.
2141 4575 2199 4622 ιι,
2233 4560 2321 4614 ubi
2352 4559 2416 4610 de
2442 4566 2612 4611 morte
2653 4556 2836 4609 Jacobi
2869 4556 3052 4608 fratris
3085 4556 3316 4609 Domini.

2009 4630 2084 4701 (5)
2118 4629 2320 4698 Κρινεῖ
2346 4626 2581 4701 (iuraac,
2608 4625 2664 4679 In
2699 4627 2872 4701 codic.
2911 4625 3240 4701 Maz.,_Med.
3267 4642 3329 4701 ac
3355 4626 3490 4682 Fuk.

1935 4696 2327 4771 necnonﬁapud
2372 4699 2731 4771 Nicephorum
2772 4696 2966 4771 legitur
3000 4696 3252 4771 κρίνειεν.
3295 4696 3402 4771 Sed
3438 4709 3493 4752 et

1935 4772 2106 4823 codex
2143 4766 2338 4840 Regius
2396 4773 2466 4825 ita
2509 4766 2722 4840 diserte
2772 4766 3030 4840 scriptum
3089 4767 3293 4840 habet:
3318 4767 3492 4832 Quare

1934 4843 2183 4897 mendum
2212 4835 2292 4896 est:
2321 4838 2758 4910 typographicum
2811 4837 2952 4904 quod
2992 4835 3042 4888 in
3089 4835 3224 4890 Rob.
3263 4836 3489 4906 Stepha—

1935 4910 1986 4961 ni
2011 4912 2294 4967 editionem
2323 4912 2558 4980 irrepsit.

2006 4981 2078 5051 (4)
2109 4984 2236 5037 "Are
2265 4983 2416 5049 ἔχων
2436 4975 2491 5034 τι
2519 4979 2845 5044 σιιννέσεως.
2878 4976 3142 5051 Ωιιίδψιὶε
3169 4975 3488 5051 Tertulliani

1930 5047 2329 5121 Apol'egeticuui
2357 5053 2542 5107 Graece
2571 5055 2746 5121 vertit,
2777 5049 2937 5121 verba
2971 5047 3114 5099 illius
3162 5047 3382 5121 m_i_nime
3411 5059 3491 5100 est

1932 5117 2232 5178 aSsecutus.
2284 5123 2374 5176 Ait
2418 5123 2562 5174 enim
2608 5118 2992 5180 Tertullianus,
3048 5127 3169 5184 post
3199 5117 3488 5185 Neronem,

1931 5193 2019 5260 qui
2049 5195 2250 5260 primus
2281 5193 2452 5246 saeviit
2487 5188 2929 5260 iuChristianos,
2965 5186 3328 5260 Domitianum
3350 5202 3480 5254 quo.

1931 5255 2246 5334 qum-utpote
2285 5265 2512 5316 alterum
2541 5259 2828 5334 Neronem,
2860 5259 3000 5334 idem
3047 5255 3360 5334 tentavisse,
3394 5260 3488 5333 sed

1932 5325 1990 5383 tit
2024 5325 2266 5386 homines
2292 5335 2390 5386 levi
2422 5347 2484 5384 ac
2515 5330 2694 5382 mobili
2731 5337 2854 5381 sunt
2894 5327 3134 5394 ingenio,
3165 5328 3274 5378 cito
3305 5326 3370 5376 ab
3410 5325 3492 5375 in-

1932 5413 2086 5472 cepto
2122 5405 2410 5457 destitisse.
2442 5403 2509 5455 At
2543 5400 2937 5472 Eusehinsseu
2966 5396 3251 5472 qttis_alit_ts
3275 5395 3376 5472 fuit
3405 5396 3491 5446 in-

1933 5466 2141 5540 terpres
2181 5472 2518 5542 Apologetici,
2560 5471 2741 5542 verba
2777 5469 2862 5542 illa
2896 5466 3237 5542 Tertulliani,
3262 5466 3351 5517 sed
3390 5480 3490 5531 qua

1929 5555 1976 5595 et
2008 5535 2180 5607 immo,
2208 5535 2276 5595 ita
2313 5535 2536 5610 accepit,
2590 5540 2744 5608 quasi
2779 5537 3140 5612 Tertulliauus
3169 5535 3360 5612 dicere.
3395 5549 3487 5587 vo-

1931 5613 2140 5684 luisset,
2168 5606 2538 5668 Domitian-unt
2581 5606 2798 5684 quidem
2837 5606 3492 5684 aliquatenus:hominem

1931 5674 2137 5746 fuisse,
2160 5684 2422 5741 Neronem
2453 5697 2579 5737 vero
2600 5674 2841 5737 belluam
2897 5674 3074 5748 potius
3129 5674 3296 5730 fuisse
3329 5687 3494 5744 quam

1927 5754 2218 5811 hominem.
