4016 6260
474 351 582 409 255

1174 355 1447 412 EUSEBII
1483 354 1960 411 CIESARIENSIS
1996 355 2147 413 OPP.
2188 353 2368 409 PARS
2406 354 2447 411 Ι.
2489 384 2557 398 ~
2595 353 2982 411 IIIS’I'ORICA.

3680 345 3824 403 256

478 469 711 527 Neronis
770 472 837 528 de
862 472 1203 529 crudelitate.
1238 472 1345 528 Sed
1381 473 1507 542 quia
1556 481 1611 529 et
1654 475 1834 538 homo,
1890 473 2050 530 facile

2168 493 2254 527 ιει.
2288 494 2305 526 ι
2349 473 2502 528 Μετὰ
2547 473 2602 527 δὲ
2650 473 2739 527 τὸν
2766 472 3087 544 Δομετιανὸν
3118 472 3509 527 πεντεκαίδεκα
3578 469 3825 523 ἐτεσιν

479 570 712 632 ereptum
736 562 1012 631 repressit,
1027 562 1290 619 restitutis
1304 564 1465 619 etiam
1488 580 1625 634 quos
1646 564 2003 635 relegaverat.
2018 584 2037 618 ι

477 650 611 710 Post
644 654 851 709 obitum
876 670 1007 710 vero
1034 654 1344 721 Domitiani,
1376 656 1466 725 qui
1501 671 1598 726 per
1617 671 1786 712 annos
1812 657 2045 728 quinde-

478 743 586 804 cim
628 746 912 818 imperium
944 749 1150 813 tenuit,
1178 763 1301 803 cum
1363 747 1541 804 Nerva
1597 749 1651 804 in
1705 748 1823 818 ejus
1866 750 2044 805 locum

481 844 858 899 successrsset,
889 838 1195 893 Domitiano
1218 846 1437 907 quidem
1458 854 1649 896 omnes
1683 841 1952 896 honorum
1978 841 2045 895 ti-

483 926 626 982 tulos
656 940 905 996 abrogari
933 936 1155 982 senatus
1173 930 1415 983 decrevit
1440 947 1455 996 ;
1484 931 1552 985 iis
1575 945 1704 984 vero
1729 931 1819 1002 qui
1844 930 2043 1002 injuste

482 1015 551 1070 ab
584 1014 676 1070 illo
704 1016 967 1085 deportati
991 1014 1227 1084 fuerant,
1257 1019 1485 1073 reditum
1516 1019 1570 1073 in
1595 1019 1851 1089 patriam,
1873 1032 1926 1075 et
1947 1037 2045 1076 sua

482 1106 676 1178 cuique
701 1109 839 1164 bona
869 1108 1079 1164 restitui
1105 1127 1120 1165 :
1150 1110 1600 1180 quemadmodum
1633 1109 1868 1166 refertur
1884 1112 1951 1168 ab
1977 1113 2043 1169 iis

480 1199 573 1267 qni
598 1214 779 1254 rerum
817 1209 945 1256 tunc
991 1204 1246 1272 temporis
1287 1211 1561 1273 gestarum
1600 1203 1881 1259 historiam
1910 1219 2042 1259 con-

478 1290 753 1346 diderunt.
792 1291 945 1348 Tunc
975 1293 1140 1364 igitur
1177 1301 1230 1349 et
1252 1291 1516 1349 Joannem
1550 1294 1852 1361 apostolum
1883 1293 2036 1347 insu-

2149 566 2627 637 ἐπικρατήσαντα,
2691 564 2906 637 Νερούα
2951 564 3049 636 τὴν
3101 564 3274 636 ἀρχὴν
3315 559 3819 633 διαδεξαμένου,

2148 657 2539 727 καθαιρεθῆναι
2586 656 2684 726 μὲν
2711 655 2809 718 τὰς
2835 655 3158 725 Δομετιανοῦ
3184 655 3347 725 τιμὰς
3365 696 3378 718 ,
3409 650 3822 709 ἐπανελθεῖν

2145 748 2202 802 δὲ
2233 750 2324 802 ἐπὶ
2355 748 2423 802 τά
2462 751 2634 802 οἰκεῖα
2667 749 2805 818 μετὰ
2830 747 2923 800 τοῦ
2956 748 3168 813 καὶτὰς
3209 748 3395 813 οὐσίας
3426 745 3820 802 ἀπολαϐεῖν

2148 843 2273 903 τοὺς
2302 839 2501 903 ἀδίκως
2547 838 2989 910 ὲξεληλαμένους,
3029 842 3062 911 ἡ
3104 840 3383 911 Ῥωμαίων
3423 840 3820 910 σύγκλητος

2150 931 2311 1004 βουλὴ
2344 931 2640 1003 ψηφίζεται
2668 946 2682 961 ⁶
2713 929 3015 1003 ἱστοροῦσιν
3044 932 3094 984 οἱ
3124 934 3306 1003 γραφῇ
3329 932 3397 985 τὰ
3426 931 3595 986 κατὰ
3637 930 3816 991 τοὺς

2149 1027 2378 1100 χρόνους
2409 1025 2760 1098 παραδόντες.
2803 1023 2935 1076 Τότε
2967 1022 3030 1094 δὴ
3061 1018 3153 1077 οῦν
3184 1023 3278 1076 καὶ
3304 1024 3396 1077 τὸν
3425 1020 3814 1078 ἀπόστολον

2163 1116 2420 1187 Ἰωάννην
2467 1114 2575 1169 ἀπὸ
2610 1117 2711 1185 τῆς
2757 1112 2896 1167 κατὰ
2944 1113 3044 1183 τὴν
3081 1115 3242 1183 νῆσον
3280 1117 3456 1191 φυγῆς
3497 1114 3621 1185 τὴν
3680 1111 3811 1163 ἐπὶ

2149 1210 2250 1279 τῆς
2306 1208 2529 1276 Ἑφέσου
2582 1205 2861 1279 διατριϐὴν
2921 1205 3305 1278 ἀπειληφέναι,
3357 1208 3387 1259 6
3437 1207 3556 1261 τῶν
3623 1203 3808 1276 παρ’

2151 1300 2283 1370 ἡμῖν
2313 1299 2555 1375 ἀρχαίων
2588 1297 2917 1371 παραδίδωσι
2945 1296 3119 1366 λόγος.

477 1379 579 1437 lari
605 1384 797 1440 exsilio
823 1385 1137 1449 liberatum,
1196 1400 1350 1440 suum
1387 1387 1441 1440 iu
1505 1386 1640 1442 urbe
1712 1385 1924 1455 Epheso
1987 1385 2325 1451 domicilium
2381 1391 2716 1461 postliminio
2768 1390 3086 1457 recepisse,
3149 1391 3502 1446 vetustiorum
3576 1386 3799 1445 nobis

477 1478 698 1539 tradidit
720 1477 874 1534 fides.

1056 1567 1286 1625 CAPUT
1327 1569 1467 1624 XXI.

525 1659 979 1727 Quemadmodum
1013 1660 1494 1715 Alexandrinorum
1525 1660 1777 1718 Ecclesia:
1804 1666 1987 1720 tertius

1040 1733 1251 1801 praefuit
1285 1730 1473 1786 Cerdo.

553 1821 683 1878 Post
710 1821 826 1877 hinc
855 1820 1110 1877 defuncto
1141 1820 1316 1876 Nerva
1337 1862 1353 1887 ,
1393 1823 1486 1892 qui
1524 1823 1680 1893 paulo
1736 1823 1854 1893 plus
1881 1840 2043 1894 quant

478 1913 605 1968 anni
628 1912 800 1982 spatio
823 1921 1164 1982 regnaverat,
1184 1912 1450 1983 Trajanus
1476 1913 1761 1984 imperium
1788 1916 2043 1971 obtinuit.

480 2004 594 2061 Iloc
633 2004 864 2075 primum
903 2003 1076 2059 adhuc
1104 2004 1440 2075 principatus
1459 2019 1660 2060 annum
1690 2017 2046 2074 agcntc,cum

477 2096 817 2167 Avilius,qui
849 2113 943 2168 per
978 2098 1234 2152 tredecim
1265 2113 1435 2152 annos
1457 2098 1880 2154 Alexandrinam
1911 2100 2049 2155 rexit

478 2187 800 2255 Ecclesiam,
832 2198 1077 2243 mortuus
1112 2197 1278 2252 esset,
1312 2188 1367 2243 in
1416 2190 1534 2260 ejus
1567 2189 1746 2245 locum
1786 2191 2050 2246 successit

478 2280 678 2336 Cerdo.
716 2278 933 2335 Tertius
967 2279 1056 2335 hic
1078 2280 1147 2335 ab
1176 2278 1436 2336 Anniano.
1459 2280 1578 2352 ejus
1617 2281 1854 2337 civitatis
1904 2283 2048 2336 anti¢

480 2380 594 2429 stes
628 2370 752 2427 fuit.
789 2370 994 2427 Eodem
1031 2382 1273 2442 tempore
1307 2381 1483 2427 adhuc
1521 2371 1773 2428 Clemens
1796 2372 2051 2432 Romana:

482 2462 739 2519 Ecclesiae
766 2464 1109 2533 praesidebat,
1138 2464 1232 2533 qui
1261 2463 1365 2533 91
1385 2475 1438 2518 et
1462 2465 1577 2533 ipse
1608 2464 1800 2519 tertius
1829 2479 1857 2516 a
1884 2463 2049 2518 Paulo

481 2568 546 2617 ac
578 2553 740 2609 Petro
766 2553 905 2607 inter
925 2556 1213 2623 episcopos
1239 2555 1358 2624 ejus
1387 2554 1535 2609 urbis
1570 2553 1928 2622 promotionis
1955 2568 2047 2607 or-

481 2644 608 2699 dine
638 2655 973 2698 uumeratur.
1015 2645 1231 2701 Primus
1273 2644 1423 2701 enim
1479 2643 1582 2699 fuit
1611 2642 1819 2700 Linus:
1854 2657 2055 2701 SCCUll-r,

482 2734 587 2789 dus
610 2732 967 2788 Auencletus.

1055 2824 1284 2882 CAPUT
1313 2822 1477 2880 XXII.

487 2917 553 2974 Ut
588 2918 1031 2979 Antiochenorum
1080 2916 1330 3041 Erit-festa:
1388 2919 1644 2975 secundus
1692 2921 1907 2975 antistes
1949 2919 2049 2988 fuit

1172 3001 1400 3041 amatus.

1170 3001 1400 3057 gnattus.

555 3081 714 3152 Apud
743 3079 1088 3137 Antiochiam
1116 3095 1247 3135 vero
1275 3079 1527 3137 defuncto
1565 3082 1789 3150 Evodio,
1814 3085 1906 3153 qui
1938 3084 2052 3153 pri-

487 3190 609 3230 mus
626 3173 743 3242 ejus
768 3174 875 3229 loci
903 3174 1232 3229 constitutus
1257 3172 1428 3228 fuerat
1450 3175 1756 3244 episcopus,
1788 3178 2057 3232 secundus

488 3279 598 3339 tum
637 3267 871 3322 maxime
908 3265 1131 3322 ﬂorebat
1159 3265 1417 3337 lgnatius.
1472 3267 1864 3339 Hierosolymis
1921 3284 2056 3339 quo-

486 3338 594 3430 qu‘e
624 3358 880 3431 Symeon,
927 3356 1195 3420 secundus
1253 3354 1396 3427 post'
1432 3357 1698 3414 Jacobum
1726 3338 2060 3417 iServatoris

489 3451 660 3506 nostri
705 3450 950 3516 fratrem,
1010 3450 1199 3507 eodem
1249 3458 1488 3519 tempore
1538 3451 2058 3509 administrationem

487 3540 748 3598 Ecclesiae
773 3552 1108 3610 susceperat.

1051 3632 1277 3688 CAPUT
1307 3632 1494 3687 XXIII.

822 3722 1082 3778 Narratio
1113 3725 1177 3781 de
1208 3722 1417 3778 Joanne
1452 3724 1709 3795 apostolo.

560 3883 752 3938 Iisdem
789 3882 1119 3952 temporibus
1142 3881 1195 3943 in
1224 3881 1345 3935 Asia
1373 3881 1646 3950 apostolus
1675 3880 1766 3935 ille
1809 3889 1864 3933 et
1894 3896 2059 3934 evan-

490 3976 682 4046 gelista
714 3972 961 4030 Joannes
1020 3989 1181 4044 quem
1240 3971 1397 4027 Jesus
1446 3973 1714 4042 praecipue
1773 3971 2057 4035 dilexerat,

492 4071 667 4126 adhuc
700 4070 756 4125 in
793 4070 931 4126 vivis
978 4083 1143 4140 agens
1170 4066 1440 4122 Ecclesias
1500 4063 1734 4134 regionis
1758 4063 1902 4116 illius
1958 4078 2058 4132 gu-

490 4162 779 4229 bernabat,
810 4171 933 4231 post
952 4162 1244 4216 Domitiani
1285 4173 1513 4215 mortem
1544 4172 1794 4212 reversus
1821 4159 1892 4211 ab
1920 4157 2065 4211 exsi-

494 4253 569 4308 lio
595 4256 741 4323 quod
770 4254 823 4307 in
853 4253 1027 4307 insula
1061 4252 1376 4323 pertulerat.
1415 4249 1569 4316 Quod
1599 4257 1783 4303 autem
1827 4246 2070 4306 Joannes.

564 4366 641 4438 (5)
669 4364 834 4419 Μετὰ
858 4364 1102 4418 Παῦλόν
1120 4382 1183 4438 τε
1197 4363 1582 4438 *καὶ-Πέτρον,
1620 4364 1732 4417 Duo
1760 4362 1848 4417 hic
1876 4363 2062 4438 obser-

2644 1570 3034 1623 ΚΕΦΑΛΑΙΟΝ
3094 1571 3224 1623 KA'.

2232 1665 2325 1731 Ὠς
2359 1661 2466 1731 τῆς
2503 1662 3321 1735 Ἀλεξανδρέωνᾼᾘκκλησίας
3341 1663 3543 1732 τρίτος
3569 1662 3788 1735 ἡγεῖ-

2743 1750 2841 1787 ται
2885 1732 3137 1800 Κέρδων.

2226 1823 2425 1896 Μικρῷ
2468 1824 2526 1878 δὲ
2559 1823 2721 1890 πλέον
2767 1823 3011 1878 ἐνιαυτοῦ
3048 1824 3461 1894 βασιλεύσαντος
3489 1825 3781 1897 Negotia,

2150 1916 2454 1987 διαδέχεται
2505 1915 2790 1987 Τραϊανός.
2827 1908 2901 1969 Οῦ
2928 1915 2991 1986 δὴ
3038 1914 3252 1988 πρῶτον
3307 1916 3425 1981 ἔτος
3464 1914 3555 1989 ἦν,
3599 1921 3675 1971 ἐν
3719 1912 3781 1986 ᾧ

2152 2009 2252 2079 τῆς
2318 2008 2438 2060 κατ’
2475 2004 2879 2079 Ἀλεξάνδρειαν
2950 2006 3266 2077 παροικίας,
3319 2009 3551 2061 Ἀείλιον
3599 2009 3778 2065 δέκα

2158 2100 2292 2170 πρὸς
2331 2100 2506 2171 τρισὶν
2537 2099 2712 2152 ἔτεσιν
2749 2100 3114 2170 ἡγησάμενον,
3150 2101 3452 2173 διαδέχεται
3477 2103 3763 2175 Κέρδων.

2156 2191 2352 2262 Τρίτος
2385 2185 2536 2254 οὗτος
2564 2190 2671 2244 τῶν
2692 2191 2877 2244 αὐτόθι
2913 2192 3049 2263 μετὰ
3077 2193 3167 2247 τὸν
3199 2193 3411 2265 πρῶτον
3458 2195 3767 2248 Ἀννιανὸν

2157 2279 2417 2350 προέστη.
2474 2280 2560 2332 Ἐν
2611 2278 2783 2350 τούτῳ
2831 2280 2886 2332 δὲ
2931 2280 3214 2352 Ῥωμαίων
3276 2283 3442 2335 εἰσέτι
3497 2284 3767 2354 Κλήμης

2157 2372 2359 2440 ἡγεῖτο,
2408 2369 2589 2443 τρίτον
2642 2371 2736 2424 καὶ
2791 2370 2952 2435 αὐτὸς
2986 2372 3196 2443 ἐπέχων
3268 2373 3377 2428 τῶν
3414 2374 3538 2445 τῇδε
3593 2375 3760 2444 μετὰ

2156 2460 2366 2514 Παῦλόν
2396 2477 2457 2514 τε
2487 2461 2580 2514 καὶ
2604 2462 2809 2532 Πέτρον
2846 2462 2920 2534 (5)
2950 2450 3462 2517 ἐπισκοπευσάντων
3498 2463 3752 2535 βαθμὸν,

2153 2553 2312 2616 Αἶνος
2357 2551 2414 2606 δὲ
2459 2555 2487 2607 6
2539 2553 2757 2626 πρῶτος
2799 2550 2889 2626 ἦν,
2916 2555 3008 2608 καὶ
3062 2558 3177 2626 μετ’
3218 2556 3381 2610 αὑτὸν
3437 2557 3757 2626 Ἀνέτκλη·

2153 2660 2245 2713 τος
2283 2643 2378 2715 (6')-

2652 2825 3049 2879 ΚΕΦΑΛΑΙΟΝ
3104 2826 3232 2880 KB'.

2330 2915 2426 2983 Ὧς
2454 2915 2564 2984 τῆς
2596 2918 3229 2989 Ἀντιοχέωνίδεύτερος
3260 2918 3542 2989 Ἰγνάτιος

2642 2987 2778 3058 (Nic.
2814 2987 2884 3042 Η.
2914 2988 2980 3042 Ε.
3022 3005 3101 3044 Ill.
3138 2989 3246 3060 Il).

2236 3077 2391 3131 Ἀλλὰ
2437 3079 2530 3133 καὶ
2570 3078 2693 3145 τῶν,
2733 3081 2820 3133 ἐπ’
2880 3080 3204 3152 Ἀντιοχείας
3242 3080 3464 3133 Εὐοδίου
3512 3083 3742 3150 πρώτου

2157 3170 2542 3234 καταστάντος,
2575 3171 2826 3243 δεύτερος
2864 3174 2921 3225 ὲν
2950 3176 3062 3237 τοῖς
3086 3172 3429 3243 δηλουμένοις
3474 3174 3738 3240 Ἰγνάτιος
3804 3178 3813 3193 “

2158 3261 2499 3334 ἐγνωρίζετο.
2554 3262 2776 3335 Συμεὼν
2803 3264 3002 3334 ὁμοίως
3040 3264 3287 3336 δεύτερος
3336 3267 3473 3335 μετὰ
3502 3266 3593 3321 τὸν
3636 3264 3737 3318 τοῦ

2157 3353 2410 3424 Σωτῆρος
2464 3355 2620 3425 ἡμῶν
2663 3355 2910 3425 ἀδελφὸν,
2948 3356 3049 3426 τῆς
3090 3358 3146 3409 ὲν
3177 3358 3565 3429 Ἱεροσολύμοις
3607 3359 3738 3411 Ἐκιο

2160 3448 2383 3521 κλησίας
2412 3450 2553 3503 κατὰ
2581 3449 2802 3514 τούτους
2822 3450 2919 3521 τὴν
2935 3450 3276 3523 λειτουργίαν
3307 3451 3726 3523 ἐγκεχειρισμέ-

2163 3560 2253 3605 νος
2279 3538 2344 3613 ἦν
2377 3542 2475 3614 (7).

2664 3633 3061 3687 ΚΕΦΑΛΑΙΟΝ
3112 3633 3202 3685 ΚΓ
3204 3639 3237 3687 ’.

2278 3721 2526 3790 Ἰστορία
2554 3722 2687 3791 περὶ
2726 3722 3007 3777 Ἰωάννου
3048 3720 3154 3776 τοῦ
3194 3722 3568 3777 ἀποστόλου.

2512 3814 2652 3885 (Nic.
2687 3814 2755 3869 H.
2791 3813 2858 3868 E.
2903 3831 2983 3874 ιιι,
3028 3815 3085 3868 ll
3114 3831 3127 3878 ;
3152 3831 3213 3876 ιι,
3239 3814 3348 3879 42).

2244 3885 2364 3937 Ἐπὶ
2393 3885 2600 3948 τούτοις
2632 3885 2772 3938 κατὰ
2792 3886 2890 3956 τὴν
2916 3885 3099 3939 Ἀσίαν
3136 3885 3215 3938 ἔτι
3254 3885 3332 3956 τῷ
3365 3885 3464 3954 βίῳ
3494 3885 3736 3954 περιλει-

2162 3977 2415 4046 πόμενος,
2447 3975 2608 4038 αὐτὸς
2638 3979 2840 4038 ἐκεῖνος
2864 3976 2923 4029 ὃν
2957 3977 3147 4046 ἠγάπα
3172 3979 3200 4030 6
3240 3976 3462 4046 Ἰησοῦς,
3498 3977 3735 4030 ἀπόστο-

2163 4068 2252 4131 λος
2277 4066 2412 4138 ὁμοῦ
2438 4069 2530 4121 καὶ
2561 4068 2950 4140 εὐαγγελιστὴς
2982 4069 3234 4140 Ἰωάννης
3271 4069 3368 4132 τάς
3391 4069 3577 4123 αὐτόθι
3601 4070 3733 4123 διεῖ-

2170 4175 2269 4213 πεν
2290 4155 2626 4231 Ἐκκλησίας,
2661 4159 2768 4213 ἀπὸ
2804 4161 2903 4230 τῆς
2942 4160 3082 4214 κατὰ
3118 4160 3217 4230 τὴν
3245 4160 3406 4231 νῆσον
3451 4159 3588 4230 μετὰ
3631 4162 3731 4230 τὴν

2167 4250 2493 4321 Δομετιανοῦ
2521 4250 2776 4323 τελευτὴν
2808 4249 3115 4305 ἐπανελθὼν
3162 4252 3355 4321 φυγῆς.
3385 4252 3504 4304 ’Ότι
3544 4246 3603 4303 δὲ
3653 4252 3734 4312 εἰς

2166 4363 2491 4437 τονμκλῆρον
2516 4365 2613 4434 τῆς
2658 4366 3021 4437 ὲπισκοπικῆς
3056 4366 3304 4437 διαδοχῆς
3331 4366 3437 4437 ἀπὸ
3463 4364 3571 4417 τῶν
3598 4365 3735 4437 frm-

494 4432 677 4514 va_it_da
708 4445 855 4499 sunt,
882 4436 1163 4514 tumqnod
1197 4433 1616 4514 Paulutn_l.’et.ro
1650 4438 1920 4514 pra-ponit
1955 4432 2056 4486 Eu-

2168 4433 2368 4488 στόλων
2389 4432 2621 4514 ἔχοντος
2653 4448 2710 4492 et
2727 4437 2778 4514 ip
2810 4432 3007 4514 ΙΗικυι,
3036 4452 3153 4513 cap.
3178 4432 3293 4514 ὅτι]
3319 4437 3371 4488 4.
3391 4435 3737 4514 Quippe_lre-

496 4509 705 4572 sebius,
741 4517 852 4559 tum
882 4507 1022 4574 quod
1050 4514 1341 4573 utrumque
1364 4503 1513 4558 urbis
1545 4503 1730 4558 Romae
1751 4504 2060 4574 episcopum

498 4578 678 4633 facere
721 4575 955 4631 videtur.

498 4655 608 4713 net,
642 4648 809 4701 etiam
852 4644 978 4699 alibi
1016 4641 1246 4713 idipsnm
1275 4641 1703 4698 fecitEusebius.
1731 4641 1846 4713 Non
1883 4651 2059 4713 tamen

499 4711 923 4773 existimandum
968 4723 1052 4769 est
1094 4711 1319 4768 Paulum
1367 4714 1570 4767 idcirco
1597 4712 1847 4767 anteferri
1882 4711 2061 4767 Petro.

503 4788 656 4857 Sa-pe
702 4786 847 4857 enim
894 4786 1282 4857 honoratiores
1307 4784 1606 4857 posteriore
1637 4784 1754 4837 loco
1782 4782 2063 4857 nominan-

503 4850 613 4912 tur.
647 4856 890 4925 Denique
921 4856 972 4909 in
1010 4855 1199 4924 sigillis
1243 4850 1498 4925 Ecclesia:
1546 4851 1805 4925 llon‘ana:
1866 4850 2063 4905 Paulus

503 4941 719 4995 semper
747 4943 776 4979 a
800 4922 992 4995 dextra
1025 4922 1267 4995 ponitur,
1298 4924 1492 4979 Petrus
1537 4922 1841 4995 asinistra.
1861 4932 1942 4995 ut
1969 4938 2064 4995 no:

502 4989 637 5051 tavit
662 4995 925 5050 Baronius
962 4989 1389 5063 iri-Expositione
1423 4993 1633 5046 ευκειιὶἱ
1663 4989 2063 5057 Nicwni.Quod

500 5067 572 5127 ad
624 5064 920 5120 secundam
970 5064 1337 5119 dillicultatern
1390 5064 1604 5126 ιιίιὶιιυι,
1657 5063 1931 5131 sciendum
1981 5072 2064 5113 est

502 5133 794 5190 Eusebium
833 5133 1108 5201 apostolos
1137 5135 1189 5188 in
1230 5135 1420 5187 ordine
1444 5135 1816 5200 episcoporum
1843 5131 2065 5185 minime

503 5219 811 5267 numerare,
845 5212 902 5273 ῳ
926 5218 1088 5270 supra
1119 5205 1321 5273 notavi.
1367 5204 1429 5256 Et
1461 5203 1681 5256 Paulum
1714 5201 1929 5269 quidem
1950 5217 2061 5273 una

503 5290 623 5329 cum
654 5275 817 5329 Petro
842 5272 1141 5327 Romanam
1188 5273 1483 5327 Ecclesium
1531 5273 1787 5327 fundasse
1815 5287 1877 5325 ac
1910 5272 2064 5340 plan-

505 5354 649 5400 tasse
679 5358 842 5412 supra
873 5342 1013 5397 dixit
1040 5358 1109 5397 ex
1144 5344 1396 5412 Dionysio
1428 5343 1832 5398 Corinthiorum
1854 5343 2066 5410 episco-

500 5430 594 5485 po,
621 5424 676 5470 et
716 5414 1019 5485 infradicet
1054 5428 1118 5467 ex
1142 5412 1364 5485 Irenaso.
1391 5413 1591 5467 Tamen
1613 5429 1735 5467 cum
1766 5415 1831 5466 de
1852 5413 2063 5481 episco-

504 5481 633 5554 patu
670 5485 826 5538 Rom.
853 5483 1114 5554 loquitur,
1134 5483 1232 5538 soli
1257 5481 1417 5554 lfetro
1451 5499 1573 5537 eum
1603 5484 1808 5544 tribuit,
1838 5491 1896 5536 ut
1918 5492 2067 5552 patet

503 5552 573 5608 ex
600 5553 861 5609 Chronico
889 5552 1218 5609 Eusebiano.
1256 5552 1388 5608 Vide
1434 5568 1551 5622 quze
1579 5555 1631 5607 in
1662 5555 1801 5608 hanc
1829 5568 1939 5605 rem
1973 5555 2066 5608 do-

505 5626 752 5679 ctissime
782 5625 1052 5693 disputata
1111 5634 1236 5679 sunt
1262 5641 1289 5679 a
1323 5624 1483 5693 Petro
1517 5623 1771 5687 Ilabcrto,
1802 5622 2065 5691 VttI)I‘elt§I

506 5695 784 5764 episcopo,
824 5692 1043 5749 inlibro
1075 5694 1149 5749 De
1182 5697 1411 5763 primatu
1448 5692 1611 5747 Petri.
1648 5696 1719 5746 ιιι.
1765 5693 2067 5764 intelligen—

507 5762 606 5820 dus
637 5762 719 5822 est
743 5765 977 5821 Itemcus
1018 5766 1072 5821 in
1116 5765 1294 5821 libro:
1330 5767 1393 5821 de
1420 5764 1631 5836 Hygino
1686 5765 1926 5833 loquens,
1956 5762 2069 5815 ἕνα·
2106 5835 2121 5843 _

995 4575 1149 4643 Quod
1184 4572 1263 4628 ad
1285 4575 1515 4642 primam
1550 4574 1899 4643 quaestionem
1933 4572 2064 4625 atti-
2087 4592 2105 4611 ο

2171 4520 2337 4574 ureris,
2375 4503 2599 4574 perinde
2632 4521 2697 4559 ac
2724 4506 2989 4560 Eusebius
3023 4503 3223 4565 noSter.
3256 4505 3472 4560 Petrum
3497 4519 3561 4556 ac
3584 4503 3730 4556 Pan-

2169 4572 2282 4627 lnm
2314 4572 2590 4643 apostolos
2619 4575 2917 4629 Rotrianam
2948 4576 3165 4644 quidem
3200 4575 3495 4629 Ecclesiam
3530 4574 3730 4626 fomla-

2170 4644 2311 4697 visse
2338 4645 2502 4708 dicit;
2533 4647 2626 4699 sed
2666 4661 2760 4698 eos
2796 4646 2847 4699 in
2882 4648 3253 4712 episcopOrum
3285 4645 3479 4697 ordine
3531 4657 3729 4708 nequa-

2168 4728 2329 4782 quam
2362 4725 2631 4769 recenset.
2671 4716 2870 4769 Eodem
2901 4731 3063 4769 sensu
3107 4716 3158 4768 in
3206 4715 3394 4767 haeresi
3431 4712 3734 4767 Herdonia-

2170 4781 2363 4837 norutn
2400 4786 2731 4853 Epiphanius
2766 4786 2843 4839 ait
2871 4784 3135 4853 Hyginum
3176 4794 3293 4852 post
3315 4783 3599 4844 Jacobuin,
3630 4781 3730 4853 Pe-

2172 4861 2313 4905 trnnt
2374 4870 2439 4909 ac
2493 4853 2714 4909 Paulum
2770 4852 3085 4922 apostolos,
3146 4870 3346 4907 nonum
3410 4852 3734 4921 episcopalis

2170 4925 2530 4978 successionis
2581 4926 2754 4979 locum
2788 4925 3041 4978 tenuisse.
3081 4925 3292 4991 Siquis
3338 4940 3403 4977 ex
3462 4928 3560 4975 hoc
3616 4922 3732 4975 loco

2169 4995 2518 5050 contenderet
2547 4993 2805 5049 Jacohnm
2826 4994 2992 5048 fuisse
3017 4996 3330 5063 episcopum
3369 4994 3517 5046 urbis
3546 4992 3732 5045 Roma:

2173 5079 2276 5132 una
2340 5080 2460 5118 cum
2512 5066 2692 5127 Petro,
2728 5066 2774 5118 is
2817 5064 3059 5132 profecto
3107 5064 3365 5123 ridiculus
3420 5064 3731 5117 haberetur.

2173 5130 2313 5186 Idem
2346 5149 2560 5202 quoque
2589 5130 2879 5202 putandum
2901 5144 2985 5202 est
3011 5135 3075 5188 de
3106 5133 3290 5186 Paulo.

2245 5204 2321 5271 (6)
2344 5200 2522 5269 Αἶνος
2539 5203 2607 5257 δὲ
2628 5208 2660 5258 ὀ
2689 5201 2917 5270 πρῶτος
2935 5200 3032 5273 ἦν,
3065 5204 3160 5256 καὶ
3188 5204 3314 5272 μεθ’
3337 5201 3521 5256 αὑτὸν
3547 5202 3734 5268 Ἀνέτ-

2172 5276 2414 5342 κλητος.
2445 5282 2569 5328 1133c
2608 5279 2772 5328 verba
2822 5276 2873 5327 in
2920 5276 3371 5342 interpretatione
3420 5289 3517 5325 sua
3553 5274 3736 5323 omisit

2174 5341 2425 5407 finitiuus,
2454 5360 2553 5398 nec
2586 5343 2705 5398 sine
2738 5358 2920 5397 causa.
2949 5341 3089 5397 Sunt
3120 5344 3264 5397 enim
3290 5358 3511 5407 prorsus
3539 5356 3731 5408 snper-

2172 5410 2300 5477 flua,
2327 5425 2381 5468 et
2405 5431 2434 5467 a
2471 5414 2762 5469 scholiaste
2794 5415 3024 5482 primum
3050 5414 3229 5467 addita
3273 5428 3416 5478 esse,
3447 5427 3510 5471 ac
3550 5419 3734 5481 postea

2171 5482 2225 5534 in
2260 5495 2461 5537 textum
2498 5483 2743 5537 videntur
2776 5484 3028 5537 admissa.

2248 5554 2324 5624 (7)
2362 5554 2479 5622 Τὴν
2526 5553 2901 5624 «λειτουργίαις
2946 5551 3456 5622 ἐγκεχειρισμένος
3511 5545 3737 5624 ἦνῖ-ιιιι

2172 5619 2388 5696 quidem
2417 5619 2582 5696 codex
2608 5619 3053 5696 Regiusnverum
3080 5619 3314 5696 quatuor
3343 5622 3577 5696 reliqui,_
3598 5619 3733 5671 Maz.

2173 5690 2375 5748 scilicet
2409 5710 2471 5746 ac
2501 5692 2638 5745 Med.
2679 5708 2801 5745 cum
2837 5691 2970 5760 Fuit.
3023 5690 3110 5747 ac'
3133 5695 3422 5758 Saviliauo,
3476 5690 3734 5760 scriptum

2127 5836 2137 5847 ι
2176 5765 2375 5821 habent
2405 5764 2501 5835 τὴν
2532 5761 2869 5835 λειτουργίαν
2899 5758 3060 5833 εἶχεν.
