  <div class='ocr_page' id='page_1' title='image "/cluster/home/n/w/nwhite01/storage/ocr_20150623/20/mdp.39015008802764/134.png"; bbox 0 0 4016 6260; ppageno 0'>
   <div class='ocr_carea' id='block_1_1' title="bbox 207 293 322 350">
    <p class='ocr_par' dir='ltr' id='par_1_1' title="bbox 207 293 322 350">
     <span class='ocr_line' id='line_1_1' title="bbox 207 293 322 350; baseline -0.035 0"><span class='ocrx_word' id='word_1_1' title='bbox 207 293 322 350; x_wconf 67' lang='grc'><strong>237</strong></span> 
     </span>
    </p>
   </div>
   <div class='ocr_carea' id='block_1_2' title="bbox 1214 266 2481 352">
    <p class='ocr_par' dir='ltr' id='par_1_2' title="bbox 1214 266 2481 352">
     <span class='ocr_line' id='line_1_2' title="bbox 1214 266 2481 352; baseline 0 -3"><span class='ocrx_word' id='word_1_2' title='bbox 1214 266 1589 351; x_wconf 59' lang='grc' dir='ltr'>Ὶιιετοιιιτις</span> <span class='ocrx_word' id='word_1_3' title='bbox 1632 292 2188 352; x_wconf 61' lang='grc' dir='ltr'>ΕοοιεειΑετιολΕ</span> <span class='ocrx_word' id='word_1_4' title='bbox 2228 280 2355 349; x_wconf 76' lang='lat' dir='ltr'><strong>Lis.</strong></span> <span class='ocrx_word' id='word_1_5' title='bbox 2395 289 2481 349; x_wconf 85' lang='lat' dir='ltr'><strong>tu.</strong></span> 
     </span>
    </p>
   </div>
   <div class='ocr_carea' id='block_1_3' title="bbox 3385 292 3503 389">
    <p class='ocr_par' dir='ltr' id='par_1_3' title="bbox 3385 292 3503 389">
     <span class='ocr_line' id='line_1_3' title="bbox 3385 292 3503 389; baseline 0 -39"><span class='ocrx_word' id='word_1_6' title='bbox 3385 292 3503 389; x_wconf 21' lang='lat'><strong>258&#39;</strong></span> 
     </span>
    </p>
   </div>
   <div class='ocr_carea' id='block_1_4' title="bbox 211 386 1823 491">
    <p class='ocr_par' dir='ltr' id='par_1_4' title="bbox 211 386 1811 491">
     <span class='ocr_line' id='line_1_4' title="bbox 211 386 1811 491; baseline -0.003 -17"><span class='ocrx_word' id='word_1_7' title='bbox 211 417 450 481; x_wconf 82' lang='grc' dir='ltr'>τούτους</span> <span class='ocrx_word' id='word_1_8' title='bbox 482 415 563 470; x_wconf 71' lang='grc' dir='ltr'>ἔτι</span> <span class='ocrx_word' id='word_1_9' title='bbox 596 415 677 488; x_wconf 81' lang='grc' dir='ltr'>τῷ</span> <span class='ocrx_word' id='word_1_10' title='bbox 733 417 839 489; x_wconf 76' lang='grc' dir='ltr'><strong>βίῳ</strong></span> <span class='ocrx_word' id='word_1_11' title='bbox 873 417 1090 491; x_wconf 79' lang='grc' dir='ltr'>περιῆν,</span> <span class='ocrx_word' id='word_1_12' title='bbox 1118 386 1332 490; x_wconf 76' lang='grc' dir='ltr'>ἀπόχρη</span> <span class='ocrx_word' id='word_1_13' title='bbox 1382 418 1469 473; x_wconf 83' lang='grc' dir='ltr'>διὰ</span> <span class='ocrx_word' id='word_1_14' title='bbox 1497 418 1589 472; x_wconf 85' lang='grc' dir='ltr'><strong>δύο</strong></span> <span class='ocrx_word' id='word_1_15' title='bbox 1614 418 1811 471; x_wconf 83' lang='grc' dir='ltr'>πιστώ-</span> 
     </span>
    </p>
   </div>
   <div class='ocr_carea' id='block_1_5' title="bbox 1922 386 3504 491">
    <p class='ocr_par' dir='ltr' id='par_1_5' title="bbox 1922 398 3504 487">
     <span class='ocr_line' id='line_1_5' title="bbox 1922 398 3504 487; baseline 0.001 -16"><span class='ocrx_word' id='word_1_16' title='bbox 1922 421 1976 473; x_wconf 75' lang='grc' dir='ltr'>ιιΙ</span> <span class='ocrx_word' id='word_1_17' title='bbox 2009 419 2122 473; x_wconf 71' lang='lat' dir='ltr'><strong>haec</strong></span> <span class='ocrx_word' id='word_1_18' title='bbox 2147 432 2316 487; x_wconf 85' lang='lat' dir='ltr'><strong>usque</strong></span> <span class='ocrx_word' id='word_1_19' title='bbox 2347 427 2585 487; x_wconf 88' lang='lat' dir='ltr'><strong>tempora</strong></span> <span class='ocrx_word' id='word_1_20' title='bbox 2608 414 2955 484; x_wconf 80' lang='lat' dir='ltr'><strong>’pervenerit,</strong></span> <span class='ocrx_word' id='word_1_21' title='bbox 2995 414 3222 471; x_wconf 87' lang='lat' dir='ltr'><strong>duorum</strong></span> <span class='ocrx_word' id='word_1_22' title='bbox 3265 398 3504 472; x_wconf 38' lang='lat' dir='ltr'><strong>testium‘</strong></span> 
     </span>
    </p>
   </div>
   <div class='ocr_carea' id='block_1_6' title="bbox 220 506 1812 583">
    <p class='ocr_par' dir='ltr' id='par_1_6' title="bbox 220 506 1812 583">
     <span class='ocr_line' id='line_1_6' title="bbox 220 506 1812 583; baseline -0.003 -17"><span class='ocrx_word' id='word_1_23' title='bbox 220 509 429 566; x_wconf 74' lang='grc' dir='ltr'>σασθαι</span> <span class='ocrx_word' id='word_1_24' title='bbox 452 508 542 562; x_wconf 76' lang='grc' dir='ltr'><strong>τὸν</strong></span> <span class='ocrx_word' id='word_1_25' title='bbox 569 508 734 579; x_wconf 82' lang='grc' dir='ltr'>λόγον</span> <span class='ocrx_word' id='word_1_26' title='bbox 769 513 1086 583; x_wconf 76' lang='grc' dir='ltr'>μαρτύρων.</span> <span class='ocrx_word' id='word_1_27' title='bbox 1119 511 1309 564; x_wconf 77' lang='grc' dir='ltr'>Πιστοὶ</span> <span class='ocrx_word' id='word_1_28' title='bbox 1346 510 1391 563; x_wconf 86' lang='grc' dir='ltr'>δ’</span> <span class='ocrx_word' id='word_1_29' title='bbox 1416 511 1481 564; x_wconf 83' lang='grc' dir='ltr'><strong>ἂν</strong></span> <span class='ocrx_word' id='word_1_30' title='bbox 1523 506 1629 563; x_wconf 88' lang='grc' dir='ltr'>εἶεν</span> <span class='ocrx_word' id='word_1_31' title='bbox 1650 506 1812 573; x_wconf 71' lang='grc' dir='ltr'>οὗτοι,</span> 
     </span>
    </p>
   </div>
   <div class='ocr_carea' id='block_1_7' title="bbox 224 598 1814 676">
    <p class='ocr_par' dir='ltr' id='par_1_7' title="bbox 224 598 1814 676">
     <span class='ocr_line' id='line_1_7' title="bbox 224 598 1814 676; baseline -0.003 -20"><span class='ocrx_word' id='word_1_32' title='bbox 224 604 332 676; x_wconf 76' lang='grc' dir='ltr'>τῆς</span> <span class='ocrx_word' id='word_1_33' title='bbox 384 601 851 673; x_wconf 80' lang='grc' dir='ltr'>ὲκκλησιαστικῆς</span> <span class='ocrx_word' id='word_1_34' title='bbox 903 600 1339 673; x_wconf 82' lang='grc' dir='ltr'>πρεσϐεύσαντες</span> <span class='ocrx_word' id='word_1_35' title='bbox 1387 598 1713 672; x_wconf 79' lang='grc' dir='ltr'>ὀρθοδοξίας.</span> <span class='ocrx_word' id='word_1_36' title='bbox 1753 599 1814 651; x_wconf 78' lang='lat' dir='ltr'><strong>Oi</strong></span> 
     </span>
    </p>
   </div>
   <div class='ocr_carea' id='block_1_8' title="bbox 231 689 1813 767">
    <p class='ocr_par' dir='ltr' id='par_1_8' title="bbox 231 689 1813 767">
     <span class='ocr_line' id='line_1_8' title="bbox 231 689 1813 767; baseline -0.005 -17"><span class='ocrx_word' id='word_1_37' title='bbox 231 697 302 767; x_wconf 67' lang='grc' dir='ltr'>δὴ</span> <span class='ocrx_word' id='word_1_38' title='bbox 328 693 557 748; x_wconf 75' lang='grc' dir='ltr'>τοιοῦτοι</span> <span class='ocrx_word' id='word_1_39' title='bbox 615 694 910 765; x_wconf 80' lang='grc' dir='ltr'>Εἰρηναῖος</span> <span class='ocrx_word' id='word_1_40' title='bbox 939 692 1030 745; x_wconf 79' lang='grc' dir='ltr'><strong>καὶ</strong></span> <span class='ocrx_word' id='word_1_41' title='bbox 1064 691 1296 762; x_wconf 79' lang='grc' dir='ltr'><strong>Κλήμης</strong></span> <span class='ocrx_word' id='word_1_42' title='bbox 1335 692 1364 744; x_wconf 86' lang='grc' dir='ltr'>ὁ</span> <span class='ocrx_word' id='word_1_43' title='bbox 1418 689 1813 759; x_wconf 79' lang='grc' dir='ltr'>Ἀλεξανδρεύς.</span> 
     </span>
    </p>
   </div>
   <div class='ocr_carea' id='block_1_9' title="bbox 238 780 1817 858">
    <p class='ocr_par' dir='ltr' id='par_1_9' title="bbox 238 780 1817 858">
     <span class='ocr_line' id='line_1_9' title="bbox 238 780 1817 858; baseline -0.004 -18"><span class='ocrx_word' id='word_1_44' title='bbox 238 783 340 841; x_wconf 73' lang='grc' dir='ltr'>ὀν</span> <span class='ocrx_word' id='word_1_45' title='bbox 365 790 397 840; x_wconf 83' lang='grc' dir='ltr'>ὁ</span> <span class='ocrx_word' id='word_1_46' title='bbox 423 786 515 855; x_wconf 84' lang='grc' dir='ltr'><strong>μὲν</strong></span> <span class='ocrx_word' id='word_1_47' title='bbox 542 784 816 858; x_wconf 80' lang='grc' dir='ltr'>πρότερος</span> <span class='ocrx_word' id='word_1_48' title='bbox 856 784 913 837; x_wconf 82' lang='grc' dir='ltr'>ὲν</span> <span class='ocrx_word' id='word_1_49' title='bbox 938 783 1172 854; x_wconf 79' lang='grc' dir='ltr'><strong>δευτέρῳ</strong></span> <span class='ocrx_word' id='word_1_50' title='bbox 1210 783 1318 835; x_wconf 83' lang='grc' dir='ltr'>τῶν</span> <span class='ocrx_word' id='word_1_51' title='bbox 1351 784 1504 850; x_wconf 73' lang='grc' dir='ltr'>Πρὸς</span> <span class='ocrx_word' id='word_1_52' title='bbox 1525 780 1632 847; x_wconf 85' lang='grc' dir='ltr'>τὰς</span> <span class='ocrx_word' id='word_1_53' title='bbox 1662 780 1817 849; x_wconf 74' lang='grc' dir='ltr'>αἶρέ-</span> 
     </span>
    </p>
   </div>
   <div class='ocr_carea' id='block_1_10' title="bbox 241 872 1818 947">
    <p class='ocr_par' dir='ltr' id='par_1_10' title="bbox 241 872 1818 947">
     <span class='ocr_line' id='line_1_10' title="bbox 241 872 1818 947; baseline -0.004 -14"><span class='ocrx_word' id='word_1_54' title='bbox 241 899 412 947; x_wconf 79' lang='grc' dir='ltr'>σεις,</span> <span class='ocrx_word' id='word_1_55' title='bbox 438 872 536 931; x_wconf 79' lang='grc' dir='ltr'><strong>ὧδέ</strong></span> <span class='ocrx_word' id='word_1_56' title='bbox 564 893 683 941; x_wconf 83' lang='grc' dir='ltr'><strong>πως</strong></span> <span class='ocrx_word' id='word_1_57' title='bbox 715 875 918 947; x_wconf 77' lang='grc' dir='ltr'>γράφει</span> <span class='ocrx_word' id='word_1_58' title='bbox 942 876 1082 930; x_wconf 71' lang='grc' dir='ltr'>κατὰ</span> <span class='ocrx_word' id='word_1_59' title='bbox 1109 873 1283 940; x_wconf 75' lang='grc' dir='ltr'>λέξινσ</span> <span class='ocrx_word' id='word_1_60' title='bbox 1327 893 1345 926; x_wconf 78' lang='lat' dir='ltr'><strong>t</strong></span> <span class='ocrx_word' id='word_1_61' title='bbox 1378 875 1487 928; x_wconf 71' lang='grc' dir='ltr'>Καὶ</span> <span class='ocrx_word' id='word_1_62' title='bbox 1533 874 1732 938; x_wconf 87' lang='grc' dir='ltr'>πάντες</span> <span class='ocrx_word' id='word_1_63' title='bbox 1769 876 1818 927; x_wconf 82' lang='grc' dir='ltr'><strong>οί</strong></span> 
     </span>
    </p>
   </div>
   <div class='ocr_carea' id='block_1_11' title="bbox 246 966 1818 1046">
    <p class='ocr_par' dir='ltr' id='par_1_11' title="bbox 246 966 1818 1046">
     <span class='ocr_line' id='line_1_11' title="bbox 246 966 1818 1046; baseline -0.005 -17"><span class='ocrx_word' id='word_1_64' title='bbox 246 970 603 1046; x_wconf 75' lang='grc' dir='ltr'>πρεσϐύτεροι</span> <span class='ocrx_word' id='word_1_65' title='bbox 650 969 728 1040; x_wconf 88' lang='grc'><strong>(8)</strong></span> <span class='ocrx_word' id='word_1_66' title='bbox 764 968 1155 1043; x_wconf 81' lang='grc' dir='ltr'>μαρτυροῦσιν,</span> <span class='ocrx_word' id='word_1_67' title='bbox 1208 967 1258 1021; x_wconf 76' lang='grc' dir='ltr'><strong>οἱ</strong></span> <span class='ocrx_word' id='word_1_68' title='bbox 1316 967 1456 1020; x_wconf 87' lang='grc' dir='ltr'><strong>κατὰ</strong></span> <span class='ocrx_word' id='word_1_69' title='bbox 1504 966 1601 1037; x_wconf 82' lang='grc' dir='ltr'>τὴν</span> <span class='ocrx_word' id='word_1_70' title='bbox 1636 967 1818 1021; x_wconf 77' lang='grc' dir='ltr'>Ἀσίαν</span> 
     </span>
    </p>
   </div>
   <div class='ocr_carea' id='block_1_12' title="bbox 259 1058 1819 1139">
    <p class='ocr_par' dir='ltr' id='par_1_12' title="bbox 259 1058 1819 1139">
     <span class='ocr_line' id='line_1_12' title="bbox 259 1058 1819 1139; baseline -0.005 -18"><span class='ocrx_word' id='word_1_71' title='bbox 259 1068 480 1139; x_wconf 75' lang='grc' dir='ltr'>Ἰωάννῃ</span> <span class='ocrx_word' id='word_1_72' title='bbox 505 1065 583 1136; x_wconf 78' lang='grc' dir='ltr'>τῷ</span> <span class='ocrx_word' id='word_1_73' title='bbox 603 1063 699 1117; x_wconf 78' lang='grc' dir='ltr'>τοῦ</span> <span class='ocrx_word' id='word_1_74' title='bbox 730 1063 938 1134; x_wconf 80' lang='grc' dir='ltr'><strong>Κυρίου</strong></span> <span class='ocrx_word' id='word_1_75' title='bbox 972 1063 1187 1133; x_wconf 82' lang='grc' dir='ltr'><strong>μαθητῇ</strong></span> <span class='ocrx_word' id='word_1_76' title='bbox 1213 1078 1276 1114; x_wconf 89' lang='grc' dir='ltr'><strong>συ</strong></span> <span class='ocrx_word' id='word_1_77' title='bbox 1285 1058 1669 1132; x_wconf 79' lang='grc' dir='ltr'>μϐεϐληκότες,</span> <span class='ocrx_word' id='word_1_78' title='bbox 1715 1070 1819 1113; x_wconf 60' lang='grc' dir='ltr'>παέ</span> 
     </span>
    </p>
   </div>
   <div class='ocr_carea' id='block_1_13' title="bbox 252 1149 1820 1231">
    <p class='ocr_par' dir='ltr' id='par_1_13' title="bbox 252 1149 1820 1231">
     <span class='ocr_line' id='line_1_13' title="bbox 252 1149 1820 1231; baseline -0.006 -20"><span class='ocrx_word' id='word_1_79' title='bbox 252 1155 608 1231; x_wconf 80' lang='grc' dir='ltr'>ραδεδωκέναι</span> <span class='ocrx_word' id='word_1_80' title='bbox 648 1154 742 1208; x_wconf 84' lang='grc' dir='ltr'><strong>τὸν</strong></span> <span class='ocrx_word' id='word_1_81' title='bbox 794 1152 1067 1224; x_wconf 76' lang='grc' dir='ltr'>Ἰωάννην.</span> <span class='ocrx_word' id='word_1_82' title='bbox 1127 1151 1436 1223; x_wconf 77' lang='grc' dir='ltr'>Παρὲμεινε</span> <span class='ocrx_word' id='word_1_83' title='bbox 1486 1150 1595 1220; x_wconf 85' lang='grc' dir='ltr'><strong>γὰρ</strong></span> <span class='ocrx_word' id='word_1_84' title='bbox 1638 1149 1820 1212; x_wconf 79' lang='grc' dir='ltr'>αὐτοῖς</span> 
     </span>
    </p>
   </div>
   <div class='ocr_carea' id='block_1_14' title="bbox 253 1239 1818 1321">
    <p class='ocr_par' dir='ltr' id='par_1_14' title="bbox 253 1239 1818 1321">
     <span class='ocr_line' id='line_1_14' title="bbox 253 1239 1818 1321; baseline -0.005 -21"><span class='ocrx_word' id='word_1_85' title='bbox 253 1249 420 1321; x_wconf 79' lang='grc' dir='ltr'>μέχρι</span> <span class='ocrx_word' id='word_1_86' title='bbox 442 1246 547 1301; x_wconf 83' lang='grc' dir='ltr'>τῶν</span> <span class='ocrx_word' id='word_1_87' title='bbox 577 1246 621 1298; x_wconf 94' lang='grc' dir='ltr'>Τ</span> <span class='ocrx_word' id='word_1_88' title='bbox 629 1244 850 1317; x_wconf 81' lang='grc' dir='ltr'>ραῖανοῦ</span> <span class='ocrx_word' id='word_1_89' title='bbox 871 1243 1101 1317; x_wconf 85' lang='grc' dir='ltr'>χρόνων.</span> <span class='ocrx_word' id='word_1_90' title='bbox 1140 1261 1160 1294; x_wconf 73' lang='grc' dir='ltr'><strong>ι</strong></span> <span class='ocrx_word' id='word_1_91' title='bbox 1200 1243 1311 1295; x_wconf 75' lang='grc' dir='ltr'>Καὶ</span> <span class='ocrx_word' id='word_1_92' title='bbox 1354 1243 1412 1293; x_wconf 80' lang='grc' dir='ltr'>ὲν</span> <span class='ocrx_word' id='word_1_93' title='bbox 1441 1240 1610 1312; x_wconf 82' lang='grc' dir='ltr'>τρίτῳ</span> <span class='ocrx_word' id='word_1_94' title='bbox 1633 1240 1690 1293; x_wconf 86' lang='grc' dir='ltr'>δὲ</span> <span class='ocrx_word' id='word_1_95' title='bbox 1717 1239 1818 1310; x_wconf 80' lang='grc' dir='ltr'>τῆς</span> 
     </span>
    </p>
   </div>
   <div class='ocr_carea' id='block_1_15' title="bbox 245 1328 1812 1408">
    <p class='ocr_par' dir='ltr' id='par_1_15' title="bbox 245 1328 1812 1408">
     <span class='ocr_line' id='line_1_15' title="bbox 245 1328 1812 1408; baseline -0.005 -15"><span class='ocrx_word' id='word_1_96' title='bbox 245 1339 425 1408; x_wconf 76' lang='grc' dir='ltr'>αὐτῆς</span> <span class='ocrx_word' id='word_1_97' title='bbox 465 1336 774 1398; x_wconf 78' lang='grc' dir='ltr'>ὑποθέσεως</span> <span class='ocrx_word' id='word_1_98' title='bbox 826 1334 991 1389; x_wconf 81' lang='grc' dir='ltr'>ταὺτὸ</span> <span class='ocrx_word' id='word_1_99' title='bbox 1032 1332 1191 1387; x_wconf 80' lang='grc' dir='ltr'>τοῦτο</span> <span class='ocrx_word' id='word_1_100' title='bbox 1246 1331 1397 1401; x_wconf 88' lang='grc' dir='ltr'>δηλοῖ</span> <span class='ocrx_word' id='word_1_101' title='bbox 1445 1330 1534 1384; x_wconf 84' lang='grc' dir='ltr'>διὰ</span> <span class='ocrx_word' id='word_1_102' title='bbox 1578 1328 1812 1385; x_wconf 61' lang='grc' dir='ltr'>τούτωνλ</span> 
     </span>
    </p>
   </div>
   <div class='ocr_carea' id='block_1_16' title="bbox 249 1422 1817 1499">
    <p class='ocr_par' dir='ltr' id='par_1_16' title="bbox 249 1422 1817 1499">
     <span class='ocr_line' id='line_1_16' title="bbox 249 1422 1817 1499; baseline -0.006 -14"><span class='ocrx_word' id='word_1_103' title='bbox 249 1451 270 1484; x_wconf 74' lang='grc' dir='ltr'><strong>ι</strong></span> <span class='ocrx_word' id='word_1_104' title='bbox 321 1430 481 1485; x_wconf 75' lang='grc' dir='ltr'>Ἀλλά</span> <span class='ocrx_word' id='word_1_105' title='bbox 528 1430 625 1483; x_wconf 76' lang='grc' dir='ltr'><strong>καὶ</strong></span> <span class='ocrx_word' id='word_1_106' title='bbox 680 1430 714 1499; x_wconf 81' lang='grc' dir='ltr'>ἡ</span> <span class='ocrx_word' id='word_1_107' title='bbox 774 1430 832 1481; x_wconf 84' lang='grc' dir='ltr'>ὲν</span> <span class='ocrx_word' id='word_1_108' title='bbox 880 1426 1092 1496; x_wconf 77' lang='grc' dir='ltr'>Ἐφέσῳ</span> <span class='ocrx_word' id='word_1_109' title='bbox 1132 1423 1424 1494; x_wconf 83' lang='grc' dir='ltr'>Ἐκκλησία</span> <span class='ocrx_word' id='word_1_110' title='bbox 1464 1423 1568 1477; x_wconf 81' lang='grc' dir='ltr'><strong>ὑπὸ</strong></span> <span class='ocrx_word' id='word_1_111' title='bbox 1605 1422 1817 1476; x_wconf 78' lang='grc' dir='ltr'>Παύλου</span> 
     </span>
    </p>
   </div>
   <div class='ocr_carea' id='block_1_17' title="bbox 249 1510 1820 1592">
    <p class='ocr_par' dir='ltr' id='par_1_17' title="bbox 249 1510 1820 1592">
     <span class='ocr_line' id='line_1_17' title="bbox 249 1510 1820 1592; baseline -0.006 -17"><span class='ocrx_word' id='word_1_112' title='bbox 249 1520 353 1592; x_wconf 77' lang='grc' dir='ltr'>μὲν</span> <span class='ocrx_word' id='word_1_113' title='bbox 382 1516 834 1588; x_wconf 82' lang='grc' dir='ltr'>τεθεμελιωμένη,</span> <span class='ocrx_word' id='word_1_114' title='bbox 872 1515 1117 1568; x_wconf 78' lang='grc' dir='ltr'>Ἰωάννου</span> <span class='ocrx_word' id='word_1_115' title='bbox 1166 1512 1224 1565; x_wconf 83' lang='grc' dir='ltr'>δὲ</span> <span class='ocrx_word' id='word_1_116' title='bbox 1254 1510 1689 1584; x_wconf 85' lang='grc' dir='ltr'>παραμείναντος</span> <span class='ocrx_word' id='word_1_117' title='bbox 1723 1514 1820 1566; x_wconf 56' lang='grc' dir='ltr'>αὐέ</span> 
     </span>
    </p>
   </div>
   <div class='ocr_carea' id='block_1_18' title="bbox 244 1602 1819 1679">
    <p class='ocr_par' dir='ltr' id='par_1_18' title="bbox 244 1602 1819 1679">
     <span class='ocr_line' id='line_1_18' title="bbox 244 1602 1819 1679; baseline 0.003 -22"><span class='ocrx_word' id='word_1_118' title='bbox 244 1614 362 1673; x_wconf 51' lang='lat' dir='ltr'><strong>nt;</strong></span> <span class='ocrx_word' id='word_1_119' title='bbox 417 1609 575 1679; x_wconf 81' lang='grc' dir='ltr'>μέχρι</span> <span class='ocrx_word' id='word_1_120' title='bbox 624 1606 734 1659; x_wconf 81' lang='grc' dir='ltr'><strong>τῶν</strong></span> <span class='ocrx_word' id='word_1_121' title='bbox 762 1604 1029 1677; x_wconf 75' lang='grc' dir='ltr'>Τραϊανοῦ</span> <span class='ocrx_word' id='word_1_122' title='bbox 1080 1602 1306 1675; x_wconf 75' lang='grc' dir='ltr'>χρόνων,</span> <span class='ocrx_word' id='word_1_123' title='bbox 1359 1606 1567 1677; x_wconf 80' lang='grc' dir='ltr'>μάρτυς</span> <span class='ocrx_word' id='word_1_124' title='bbox 1613 1604 1819 1679; x_wconf 73' lang='grc' dir='ltr'>ἀληθής</span> 
     </span>
    </p>
   </div>
   <div class='ocr_carea' id='block_1_19' title="bbox 245 1698 1819 1772">
    <p class='ocr_par' dir='ltr' id='par_1_19' title="bbox 245 1698 1819 1772">
     <span class='ocr_line' id='line_1_19' title="bbox 245 1698 1819 1772; baseline -0.002 -16"><span class='ocrx_word' id='word_1_125' title='bbox 245 1705 368 1756; x_wconf 74' lang='grc' dir='ltr'>ἐστι</span> <span class='ocrx_word' id='word_1_126' title='bbox 392 1702 488 1772; x_wconf 77' lang='grc' dir='ltr'>τῆς</span> <span class='ocrx_word' id='word_1_127' title='bbox 511 1700 621 1754; x_wconf 80' lang='grc' dir='ltr'>τῶν</span> <span class='ocrx_word' id='word_1_128' title='bbox 650 1699 962 1753; x_wconf 77' lang='grc' dir='ltr'><strong>ἀποστόλων</strong></span> <span class='ocrx_word' id='word_1_129' title='bbox 1006 1698 1427 1769; x_wconf 57' lang='grc' dir='ltr'>παραδόσεως.»</span> <span class='ocrx_word' id='word_1_130' title='bbox 1470 1698 1528 1750; x_wconf 87' lang='lat'><strong>&#39;0</strong></span> <span class='ocrx_word' id='word_1_131' title='bbox 1570 1698 1627 1752; x_wconf 86' lang='grc' dir='ltr'>δὲ</span> <span class='ocrx_word' id='word_1_132' title='bbox 1675 1699 1819 1769; x_wconf 80' lang='grc' dir='ltr'>Κλή-</span> 
     </span>
    </p>
   </div>
   <div class='ocr_carea' id='block_1_20' title="bbox 250 1769 1895 1865">
    <p class='ocr_par' dir='ltr' id='par_1_20' title="bbox 250 1769 1895 1865">
     <span class='ocr_line' id='line_1_20' title="bbox 250 1769 1895 1865; baseline -0.001 -20"><span class='ocrx_word' id='word_1_133' title='bbox 250 1811 363 1865; x_wconf 74' lang='grc' dir='ltr'><strong>μης</strong></span> <span class='ocrx_word' id='word_1_134' title='bbox 394 1769 528 1863; x_wconf 75' lang='grc' dir='ltr'>ὁμοῦ</span> <span class='ocrx_word' id='word_1_135' title='bbox 559 1792 654 1845; x_wconf 80' lang='grc' dir='ltr'><strong>τὸν</strong></span> <span class='ocrx_word' id='word_1_136' title='bbox 685 1791 877 1863; x_wconf 88' lang='grc' dir='ltr'>χρόνον</span> <span class='ocrx_word' id='word_1_137' title='bbox 917 1790 1420 1861; x_wconf 76' lang='grc' dir='ltr'>ἐπισημηνάμενος,</span> <span class='ocrx_word' id='word_1_138' title='bbox 1456 1789 1550 1843; x_wconf 75' lang='grc' dir='ltr'><strong>καὶ</strong></span> <span class='ocrx_word' id='word_1_139' title='bbox 1583 1790 1822 1863; x_wconf 81' lang='grc' dir='ltr'>ἱστορίαν</span> <span class='ocrx_word' id='word_1_140' title='bbox 1852 1769 1895 1824; x_wconf 77' lang='grc' dir='ltr'><strong>Β</strong></span> 
     </span>
    </p>
   </div>
   <div class='ocr_carea' id='block_1_21' title="bbox 245 1876 1821 1952">
    <p class='ocr_par' dir='ltr' id='par_1_21' title="bbox 245 1876 1821 1952">
     <span class='ocr_line' id='line_1_21' title="bbox 245 1876 1821 1952; baseline 0 -16"><span class='ocrx_word' id='word_1_141' title='bbox 245 1883 683 1952; x_wconf 73' lang='grc' dir='ltr'>ἀναγκαιοτάτην</span> <span class='ocrx_word' id='word_1_142' title='bbox 749 1876 831 1944; x_wconf 75' lang='grc' dir='ltr'>οἷς</span> <span class='ocrx_word' id='word_1_143' title='bbox 891 1881 958 1933; x_wconf 80' lang='grc' dir='ltr'>τὰ</span> <span class='ocrx_word' id='word_1_144' title='bbox 1015 1880 1156 1933; x_wconf 88' lang='grc' dir='ltr'><strong>καλά</strong></span> <span class='ocrx_word' id='word_1_145' title='bbox 1220 1881 1313 1934; x_wconf 80' lang='grc' dir='ltr'>καὶ</span> <span class='ocrx_word' id='word_1_146' title='bbox 1368 1881 1620 1952; x_wconf 73' lang='grc' dir='ltr'>ἐπωφελῆ</span> <span class='ocrx_word' id='word_1_147' title='bbox 1671 1882 1821 1950; x_wconf 73' lang='grc' dir='ltr'>φίλον</span> 
     </span>
    </p>
   </div>
   <div class='ocr_carea' id='block_1_22' title="bbox 245 1968 1825 2045">
    <p class='ocr_par' dir='ltr' id='par_1_22' title="bbox 245 1968 1825 2045">
     <span class='ocr_line' id='line_1_22' title="bbox 245 1968 1825 2045; baseline -0.001 -18"><span class='ocrx_word' id='word_1_148' title='bbox 245 1974 480 2036; x_wconf 75' lang='grc' dir='ltr'>ἀκούειν,</span> <span class='ocrx_word' id='word_1_149' title='bbox 514 1972 895 2045; x_wconf 85' lang='grc' dir='ltr'>προστίθησιν,</span> <span class='ocrx_word' id='word_1_150' title='bbox 927 1969 996 2025; x_wconf 86' lang='grc' dir='ltr'><strong>ἐν</strong></span> <span class='ocrx_word' id='word_1_151' title='bbox 1024 1968 1072 2037; x_wconf 86' lang='grc' dir='ltr'>ᾦ</span> <span class='ocrx_word' id='word_1_152' title='bbox 1108 1972 1201 2037; x_wconf 83' lang='grc' dir='ltr'>Τίς</span> <span class='ocrx_word' id='word_1_153' title='bbox 1231 1975 1263 2026; x_wconf 90' lang='grc' dir='ltr'><strong>ό</strong></span> <span class='ocrx_word' id='word_1_154' title='bbox 1283 1970 1611 2041; x_wconf 74' lang='grc' dir='ltr'>σωζόμενος</span> <span class='ocrx_word' id='word_1_155' title='bbox 1639 1975 1825 2028; x_wconf 83' lang='grc' dir='ltr'>πλού-</span> 
     </span>
    </p>
   </div>
   <div class='ocr_carea' id='block_1_23' title="bbox 1918 505 3487 579">
    <p class='ocr_par' dir='ltr' id='par_1_23' title="bbox 1918 505 3487 579">
     <span class='ocr_line' id='line_1_23' title="bbox 1918 505 3487 579; baseline 0.001 -18"><span class='ocrx_word' id='word_1_156' title='bbox 1918 510 2237 563; x_wconf 91' lang='lat' dir='ltr'><strong>auctoritate</strong></span> <span class='ocrx_word' id='word_1_157' title='bbox 2265 509 2498 579; x_wconf 87' lang='lat' dir='ltr'><strong>probare</strong></span> <span class='ocrx_word' id='word_1_158' title='bbox 2554 505 2800 562; x_wconf 77' lang='lat' dir='ltr'><strong>suﬂiciet.</strong></span> <span class='ocrx_word' id='word_1_159' title='bbox 2830 506 2967 561; x_wconf 91' lang='lat' dir='ltr'><strong>Sunt</strong></span> <span class='ocrx_word' id='word_1_160' title='bbox 3018 521 3181 575; x_wconf 89' lang='lat' dir='ltr'><strong>porro</strong></span> <span class='ocrx_word' id='word_1_161' title='bbox 3216 507 3271 562; x_wconf 88' lang='lat' dir='ltr'><strong>hi</strong></span> <span class='ocrx_word' id='word_1_162' title='bbox 3321 516 3487 563; x_wconf 85' lang='lat' dir='ltr'><strong>testes</strong></span> 
     </span>
    </p>
   </div>
   <div class='ocr_carea' id='block_1_24' title="bbox 1918 598 3488 669">
    <p class='ocr_par' dir='ltr' id='par_1_24' title="bbox 1918 598 3488 669">
     <span class='ocr_line' id='line_1_24' title="bbox 1918 598 3488 669; baseline 0.001 -16"><span class='ocrx_word' id='word_1_163' title='bbox 1918 599 2021 653; x_wconf 87' lang='lat' dir='ltr'><strong>lide</strong></span> <span class='ocrx_word' id='word_1_164' title='bbox 2046 598 2365 669; x_wconf 87' lang='lat' dir='ltr'><strong>dignissimi,</strong></span> <span class='ocrx_word' id='word_1_165' title='bbox 2390 600 2589 669; x_wconf 82' lang='lat' dir='ltr'><strong>quippe</strong></span> <span class='ocrx_word' id='word_1_166' title='bbox 2620 600 2711 669; x_wconf 87' lang='lat' dir='ltr'><strong>qui</strong></span> <span class='ocrx_word' id='word_1_167' title='bbox 2744 608 2906 654; x_wconf 71' lang='lat' dir='ltr'><strong>recta:</strong></span> <span class='ocrx_word' id='word_1_168' title='bbox 2935 613 3149 669; x_wconf 84' lang='lat' dir='ltr'><strong>semper</strong></span> <span class='ocrx_word' id='word_1_169' title='bbox 3176 600 3488 655; x_wconf 67' lang='lat' dir='ltr'><strong>catholica:-</strong></span> 
     </span>
    </p>
   </div>
   <div class='ocr_carea' id='block_1_25' title="bbox 1917 686 3485 759">
    <p class='ocr_par' dir='ltr' id='par_1_25' title="bbox 1917 686 3485 759">
     <span class='ocr_line' id='line_1_25' title="bbox 1917 686 3485 759; baseline 0.001 -17"><span class='ocrx_word' id='word_1_170' title='bbox 1917 703 2022 758; x_wconf 90' lang='lat' dir='ltr'><strong>que</strong></span> <span class='ocrx_word' id='word_1_171' title='bbox 2051 689 2311 743; x_wconf 68' lang='lat' dir='ltr'><strong>doctrinae</strong></span> <span class='ocrx_word' id='word_1_172' title='bbox 2350 696 2786 759; x_wconf 80' lang='lat' dir='ltr'><strong>propugnatores</strong></span> <span class='ocrx_word' id='word_1_173' title='bbox 2836 688 3149 743; x_wconf 83' lang='lat' dir='ltr'><strong>exstiterint</strong></span> <span class='ocrx_word' id='word_1_174' title='bbox 3181 702 3195 741; x_wconf 89' lang='lat'><strong>:</strong></span> <span class='ocrx_word' id='word_1_175' title='bbox 3224 686 3485 743; x_wconf 70' lang='lat' dir='ltr'><strong>Irenaeum</strong></span> 
     </span>
    </p>
   </div>
   <div class='ocr_carea' id='block_1_26' title="bbox 1918 778 3486 850">
    <p class='ocr_par' dir='ltr' id='par_1_26' title="bbox 1918 778 3486 850">
     <span class='ocr_line' id='line_1_26' title="bbox 1918 778 3486 850; baseline 0.002 -18"><span class='ocrx_word' id='word_1_176' title='bbox 1918 778 2039 833; x_wconf 90' lang='lat' dir='ltr'><strong>dico</strong></span> <span class='ocrx_word' id='word_1_177' title='bbox 2071 786 2126 833; x_wconf 92' lang='lat' dir='ltr'><strong>et</strong></span> <span class='ocrx_word' id='word_1_178' title='bbox 2154 778 2485 835; x_wconf 85' lang='lat' dir='ltr'><strong>Clementem</strong></span> <span class='ocrx_word' id='word_1_179' title='bbox 2516 778 2961 835; x_wconf 82' lang='lat' dir='ltr'><strong>Alexandrinum.</strong></span> <span class='ocrx_word' id='word_1_180' title='bbox 2992 778 3230 845; x_wconf 88' lang='lat' dir='ltr'><strong>Quorum</strong></span> <span class='ocrx_word' id='word_1_181' title='bbox 3251 778 3401 850; x_wconf 90' lang='lat' dir='ltr'><strong>prior</strong></span> <span class='ocrx_word' id='word_1_182' title='bbox 3430 780 3486 835; x_wconf 89' lang='lat' dir='ltr'><strong>in</strong></span> 
     </span>
    </p>
   </div>
   <div class='ocr_carea' id='block_1_27' title="bbox 1919 867 3488 941">
    <p class='ocr_par' dir='ltr' id='par_1_27' title="bbox 1919 867 3488 941">
     <span class='ocr_line' id='line_1_27' title="bbox 1919 867 3488 941; baseline 0.001 -19"><span class='ocrx_word' id='word_1_183' title='bbox 1919 869 2153 924; x_wconf 89' lang='lat' dir='ltr'><strong>secundo</strong></span> <span class='ocrx_word' id='word_1_184' title='bbox 2184 867 2447 922; x_wconf 81' lang='lat' dir='ltr'><strong>Aduersus</strong></span> <span class='ocrx_word' id='word_1_185' title='bbox 2468 869 2686 924; x_wconf 70' lang='lat' dir='ltr'><strong>Itwreses</strong></span> <span class='ocrx_word' id='word_1_186' title='bbox 2712 869 2949 941; x_wconf 30' lang='lat' dir='ltr'><strong>libro‘ita</strong></span> <span class='ocrx_word' id='word_1_187' title='bbox 2972 870 3161 925; x_wconf 82' lang='lat' dir='ltr'><strong>scribit</strong></span> <span class='ocrx_word' id='word_1_188' title='bbox 3184 888 3197 924; x_wconf 91' lang='lat'><strong>:</strong></span> <span class='ocrx_word' id='word_1_189' title='bbox 3237 887 3257 921; x_wconf 73' lang='grc' dir='ltr'><strong>ι</strong></span> <span class='ocrx_word' id='word_1_190' title='bbox 3278 869 3344 925; x_wconf 87' lang='lat' dir='ltr'><strong>Et</strong></span> <span class='ocrx_word' id='word_1_191' title='bbox 3368 885 3488 926; x_wconf 88' lang='lat' dir='ltr'><strong>om-</strong></span> 
     </span>
    </p>
   </div>
   <div class='ocr_carea' id='block_1_28' title="bbox 1918 958 3489 1031">
    <p class='ocr_par' dir='ltr' id='par_1_28' title="bbox 1918 958 3489 1031">
     <span class='ocr_line' id='line_1_28' title="bbox 1918 958 3489 1031; baseline 0.003 -19"><span class='ocrx_word' id='word_1_192' title='bbox 1918 973 2035 1026; x_wconf 86' lang='lat' dir='ltr'><strong>nes,</strong></span> <span class='ocrx_word' id='word_1_193' title='bbox 2073 959 2274 1029; x_wconf 88' lang='lat' dir='ltr'><strong>inquit,</strong></span> <span class='ocrx_word' id='word_1_194' title='bbox 2326 958 2634 1030; x_wconf 74' lang='lat' dir='ltr'><strong>presbyteri</strong></span> <span class='ocrx_word' id='word_1_195' title='bbox 2689 960 2784 1031; x_wconf 88' lang='lat' dir='ltr'><strong>qui</strong></span> <span class='ocrx_word' id='word_1_196' title='bbox 2838 976 2961 1016; x_wconf 92' lang='lat' dir='ltr'><strong>cum</strong></span> <span class='ocrx_word' id='word_1_197' title='bbox 3014 959 3226 1016; x_wconf 80' lang='lat' dir='ltr'><strong>Joanne</strong></span> <span class='ocrx_word' id='word_1_198' title='bbox 3272 959 3489 1018; x_wconf 87' lang='lat' dir='ltr'><strong>Domini</strong></span> 
     </span>
    </p>
   </div>
   <div class='ocr_carea' id='block_1_29' title="bbox 1920 1048 3487 1120">
    <p class='ocr_par' dir='ltr' id='par_1_29' title="bbox 1920 1048 3487 1120">
     <span class='ocr_line' id='line_1_29' title="bbox 1920 1048 3487 1120; baseline 0.003 -17"><span class='ocrx_word' id='word_1_199' title='bbox 1920 1049 2182 1118; x_wconf 90' lang='lat' dir='ltr'><strong>discipulo</strong></span> <span class='ocrx_word' id='word_1_200' title='bbox 2210 1050 2264 1105; x_wconf 85' lang='lat' dir='ltr'><strong>in</strong></span> <span class='ocrx_word' id='word_1_201' title='bbox 2321 1048 2447 1104; x_wconf 82' lang='lat' dir='ltr'><strong>Asia</strong></span> <span class='ocrx_word' id='word_1_202' title='bbox 2482 1049 2824 1107; x_wconf 72' lang='lat' dir='ltr'><strong>familiariter</strong></span> <span class='ocrx_word' id='word_1_203' title='bbox 2863 1052 3064 1108; x_wconf 75' lang='lat' dir='ltr'><strong>versati</strong></span> <span class='ocrx_word' id='word_1_204' title='bbox 3097 1060 3251 1120; x_wconf 86' lang='lat' dir='ltr'><strong>sunt,</strong></span> <span class='ocrx_word' id='word_1_205' title='bbox 3280 1052 3352 1108; x_wconf 88' lang='lat' dir='ltr'><strong>ita</strong></span> <span class='ocrx_word' id='word_1_206' title='bbox 3383 1052 3487 1108; x_wconf 84' lang='lat' dir='ltr'><strong>sibi</strong></span> 
     </span>
    </p>
   </div>
   <div class='ocr_carea' id='block_1_30' title="bbox 1921 1137 3490 1214">
    <p class='ocr_par' dir='ltr' id='par_1_30' title="bbox 1921 1137 3490 1214">
     <span class='ocr_line' id='line_1_30' title="bbox 1921 1137 3490 1214; baseline 0.004 -21"><span class='ocrx_word' id='word_1_207' title='bbox 1921 1154 1949 1193; x_wconf 90' lang='lat' dir='ltr'><strong>a</strong></span> <span class='ocrx_word' id='word_1_208' title='bbox 1977 1137 2184 1196; x_wconf 84' lang='lat' dir='ltr'><strong>Joanne</strong></span> <span class='ocrx_word' id='word_1_209' title='bbox 2214 1140 2469 1195; x_wconf 86' lang='lat' dir='ltr'><strong>traditum</strong></span> <span class='ocrx_word' id='word_1_210' title='bbox 2499 1155 2623 1196; x_wconf 92' lang='lat' dir='ltr'><strong>esse</strong></span> <span class='ocrx_word' id='word_1_211' title='bbox 2663 1150 2952 1197; x_wconf 85' lang='lat' dir='ltr'><strong>testantur.</strong></span> <span class='ocrx_word' id='word_1_212' title='bbox 2984 1142 3138 1198; x_wconf 79' lang='lat' dir='ltr'><strong>Vixit</strong></span> <span class='ocrx_word' id='word_1_213' title='bbox 3164 1143 3305 1199; x_wconf 91' lang='lat' dir='ltr'><strong>enim</strong></span> <span class='ocrx_word' id='word_1_214' title='bbox 3345 1142 3490 1214; x_wconf 88' lang='lat' dir='ltr'><strong>apud</strong></span> 
     </span>
    </p>
   </div>
   <div class='ocr_carea' id='block_1_31' title="bbox 1921 1229 3486 1307">
    <p class='ocr_par' dir='ltr' id='par_1_31' title="bbox 1921 1229 3486 1307">
     <span class='ocr_line' id='line_1_31' title="bbox 1921 1229 3486 1307; baseline 0.001 -20"><span class='ocrx_word' id='word_1_215' title='bbox 1921 1234 2044 1288; x_wconf 74' lang='lat' dir='ltr'><strong>illos</strong></span> <span class='ocrx_word' id='word_1_216' title='bbox 2066 1246 2237 1302; x_wconf 89' lang='lat' dir='ltr'><strong>usque</strong></span> <span class='ocrx_word' id='word_1_217' title='bbox 2286 1232 2353 1289; x_wconf 85' lang='lat' dir='ltr'><strong>ad</strong></span> <span class='ocrx_word' id='word_1_218' title='bbox 2396 1242 2639 1304; x_wconf 88' lang='lat' dir='ltr'><strong>tempora</strong></span> <span class='ocrx_word' id='word_1_219' title='bbox 2664 1229 2908 1300; x_wconf 79' lang='lat' dir='ltr'><strong>Traiani.</strong></span> <span class='ocrx_word' id='word_1_220' title='bbox 2942 1248 2961 1286; x_wconf 71' lang='grc' dir='ltr'><strong>ι</strong></span> <span class='ocrx_word' id='word_1_221' title='bbox 3002 1233 3056 1288; x_wconf 88' lang='lat' dir='ltr'><strong>lu</strong></span> <span class='ocrx_word' id='word_1_222' title='bbox 3076 1233 3246 1307; x_wconf 81' lang='lat' dir='ltr'><strong>tertio</strong></span> <span class='ocrx_word' id='word_1_223' title='bbox 3270 1247 3486 1304; x_wconf 88' lang='lat' dir='ltr'><strong>quoque</strong></span> 
     </span>
    </p>
   </div>
   <div class='ocr_carea' id='block_1_32' title="bbox 1919 1320 3483 1392">
    <p class='ocr_par' dir='ltr' id='par_1_32' title="bbox 1919 1320 3483 1392">
     <span class='ocr_line' id='line_1_32' title="bbox 1919 1320 3483 1392; baseline 0 -14"><span class='ocrx_word' id='word_1_224' title='bbox 1919 1321 2159 1391; x_wconf 80' lang='lat' dir='ltr'><strong>ejusdem</strong></span> <span class='ocrx_word' id='word_1_225' title='bbox 2190 1321 2373 1392; x_wconf 82' lang='lat' dir='ltr'><strong>operis</strong></span> <span class='ocrx_word' id='word_1_226' title='bbox 2402 1320 2560 1386; x_wconf 90' lang='lat' dir='ltr'><strong>libro,</strong></span> <span class='ocrx_word' id='word_1_227' title='bbox 2594 1322 2646 1376; x_wconf 92' lang='lat' dir='ltr'><strong>id</strong></span> <span class='ocrx_word' id='word_1_228' title='bbox 2680 1322 2857 1392; x_wconf 90' lang='lat' dir='ltr'><strong>ipsum</strong></span> <span class='ocrx_word' id='word_1_229' title='bbox 2894 1324 3134 1378; x_wconf 86' lang='lat' dir='ltr'><strong>declarat</strong></span> <span class='ocrx_word' id='word_1_230' title='bbox 3157 1323 3245 1378; x_wconf 91' lang='lat' dir='ltr'><strong>his</strong></span> <span class='ocrx_word' id='word_1_231' title='bbox 3266 1324 3483 1378; x_wconf 82' lang='lat' dir='ltr'><strong>verbis:</strong></span> 
     </span>
    </p>
   </div>
   <div class='ocr_carea' id='block_1_33' title="bbox 1925 1410 3490 1483">
    <p class='ocr_par' dir='ltr' id='par_1_33' title="bbox 1925 1410 3490 1483">
     <span class='ocr_line' id='line_1_33' title="bbox 1925 1410 3490 1483; baseline 0 -17"><span class='ocrx_word' id='word_1_232' title='bbox 1925 1433 1944 1466; x_wconf 73' lang='grc' dir='ltr'><strong>ι</strong></span> <span class='ocrx_word' id='word_1_233' title='bbox 1972 1412 2075 1469; x_wconf 88' lang='lat' dir='ltr'><strong>Sed</strong></span> <span class='ocrx_word' id='word_1_234' title='bbox 2099 1410 2439 1481; x_wconf 85' lang='lat' dir='ltr'><strong>etEphesina</strong></span> <span class='ocrx_word' id='word_1_235' title='bbox 2460 1411 2719 1477; x_wconf 83' lang='lat' dir='ltr'><strong>Ecclesia,</strong></span> <span class='ocrx_word' id='word_1_236' title='bbox 2749 1428 2868 1483; x_wconf 84' lang='lat' dir='ltr'><strong>quae</strong></span> <span class='ocrx_word' id='word_1_237' title='bbox 2893 1428 2920 1465; x_wconf 88' lang='lat' dir='ltr'><strong>a</strong></span> <span class='ocrx_word' id='word_1_238' title='bbox 2944 1412 3108 1467; x_wconf 73' lang='lat' dir='ltr'><strong>Paulo</strong></span> <span class='ocrx_word' id='word_1_239' title='bbox 3127 1412 3345 1483; x_wconf 84' lang='lat' dir='ltr'><strong>quidem</strong></span> <span class='ocrx_word' id='word_1_240' title='bbox 3375 1414 3490 1466; x_wconf 76' lang='lat' dir='ltr'><strong>fun-</strong></span> 
     </span>
    </p>
   </div>
   <div class='ocr_carea' id='block_1_34' title="bbox 1921 1488 3489 1573">
    <p class='ocr_par' dir='ltr' id='par_1_34' title="bbox 1921 1488 3489 1573">
     <span class='ocr_line' id='line_1_34' title="bbox 1921 1488 3489 1573; baseline -0.001 -13"><span class='ocrx_word' id='word_1_241' title='bbox 1921 1507 2042 1561; x_wconf 90' lang='lat' dir='ltr'><strong>data</strong></span> <span class='ocrx_word' id='word_1_242' title='bbox 2067 1488 2169 1570; x_wconf 72' lang='lat' dir='ltr'><strong>est,</strong></span> <span class='ocrx_word' id='word_1_243' title='bbox 2194 1502 2456 1559; x_wconf 84' lang='lat' dir='ltr'><strong>Joannem</strong></span> <span class='ocrx_word' id='word_1_244' title='bbox 2480 1517 2610 1558; x_wconf 86' lang='lat' dir='ltr'><strong>vero</strong></span> <span class='ocrx_word' id='word_1_245' title='bbox 2656 1518 2829 1573; x_wconf 86' lang='lat' dir='ltr'><strong>usque</strong></span> <span class='ocrx_word' id='word_1_246' title='bbox 2883 1504 2948 1558; x_wconf 89' lang='lat' dir='ltr'><strong>ad</strong></span> <span class='ocrx_word' id='word_1_247' title='bbox 2984 1504 3199 1571; x_wconf 88' lang='lat' dir='ltr'><strong>Trajaui</strong></span> <span class='ocrx_word' id='word_1_248' title='bbox 3246 1512 3489 1573; x_wconf 86' lang='lat' dir='ltr'><strong>tempora</strong></span> 
     </span>
    </p>
   </div>
   <div class='ocr_carea' id='block_1_35' title="bbox 1920 1595 3488 1667">
    <p class='ocr_par' dir='ltr' id='par_1_35' title="bbox 1920 1595 3488 1667">
     <span class='ocr_line' id='line_1_35' title="bbox 1920 1595 3488 1667; baseline -0.001 -16"><span class='ocrx_word' id='word_1_249' title='bbox 1920 1597 2113 1652; x_wconf 88' lang='lat' dir='ltr'><strong>habuit</strong></span> <span class='ocrx_word' id='word_1_250' title='bbox 2140 1596 2539 1666; x_wconf 62' lang='lat' dir='ltr'><strong>praesidentem,</strong></span> <span class='ocrx_word' id='word_1_251' title='bbox 2581 1596 2740 1651; x_wconf 89' lang='lat' dir='ltr'><strong>testis</strong></span> <span class='ocrx_word' id='word_1_252' title='bbox 2767 1595 3194 1667; x_wconf 88' lang='lat' dir='ltr'><strong>locupletissima</strong></span> <span class='ocrx_word' id='word_1_253' title='bbox 3244 1604 3327 1651; x_wconf 90' lang='lat' dir='ltr'><strong>est</strong></span> <span class='ocrx_word' id='word_1_254' title='bbox 3353 1610 3488 1666; x_wconf 87' lang='lat' dir='ltr'><strong>apo-</strong></span> 
     </span>
    </p>
   </div>
   <div class='ocr_carea' id='block_1_36' title="bbox 1922 1687 3492 1760">
    <p class='ocr_par' dir='ltr' id='par_1_36' title="bbox 1922 1687 3492 1760">
     <span class='ocr_line' id='line_1_36' title="bbox 1922 1687 3492 1760; baseline -0.001 -17"><span class='ocrx_word' id='word_1_255' title='bbox 1922 1689 2126 1743; x_wconf 76' lang='lat' dir='ltr'><strong>Stolicte</strong></span> <span class='ocrx_word' id='word_1_256' title='bbox 2148 1687 2475 1743; x_wconf 89' lang='lat' dir='ltr'><strong>traditionis.</strong></span> <span class='ocrx_word' id='word_1_257' title='bbox 2514 1706 2531 1740; x_wconf 73' lang='grc' dir='ltr'><strong>ι</strong></span> <span class='ocrx_word' id='word_1_258' title='bbox 2559 1687 2808 1743; x_wconf 88' lang='lat' dir='ltr'><strong>Clemens</strong></span> <span class='ocrx_word' id='word_1_259' title='bbox 2827 1697 3006 1744; x_wconf 88' lang='lat' dir='ltr'><strong>autem</strong></span> <span class='ocrx_word' id='word_1_260' title='bbox 3034 1688 3087 1743; x_wconf 93' lang='lat' dir='ltr'><strong>in</strong></span> <span class='ocrx_word' id='word_1_261' title='bbox 3100 1689 3316 1744; x_wconf 86' lang='lat' dir='ltr'><strong>eolibro</strong></span> <span class='ocrx_word' id='word_1_262' title='bbox 3330 1703 3492 1760; x_wconf 90' lang='lat' dir='ltr'><strong>quem</strong></span> 
     </span>
    </p>
   </div>
   <div class='ocr_carea' id='block_1_37' title="bbox 1922 1778 3491 1852">
    <p class='ocr_par' dir='ltr' id='par_1_37' title="bbox 1922 1778 3491 1852">
     <span class='ocr_line' id='line_1_37' title="bbox 1922 1778 3491 1852; baseline -0.001 -18"><span class='ocrx_word' id='word_1_263' title='bbox 1922 1780 2227 1850; x_wconf 88' lang='lat' dir='ltr'><strong>inscripsit,</strong></span> <span class='ocrx_word' id='word_1_264' title='bbox 2262 1778 2519 1846; x_wconf 78' lang='lat' dir='ltr'><strong>Quisnam</strong></span> <span class='ocrx_word' id='word_1_265' title='bbox 2557 1781 2700 1836; x_wconf 85' lang='lat' dir='ltr'><strong>dives</strong></span> <span class='ocrx_word' id='word_1_266' title='bbox 2748 1780 2970 1834; x_wconf 76' lang='lat' dir='ltr'><strong>salutem</strong></span> <span class='ocrx_word' id='word_1_267' title='bbox 3022 1781 3186 1852; x_wconf 84' lang='lat' dir='ltr'><strong>possit</strong></span> <span class='ocrx_word' id='word_1_268' title='bbox 3225 1780 3491 1850; x_wconf 77' lang='lat' dir='ltr'><strong>consequi,</strong></span> 
     </span>
    </p>
   </div>
   <div class='ocr_carea' id='block_1_38' title="bbox 1924 1871 3491 1943">
    <p class='ocr_par' dir='ltr' id='par_1_38' title="bbox 1924 1871 3491 1943">
     <span class='ocr_line' id='line_1_38' title="bbox 1924 1871 3491 1943; baseline -0.001 -15"><span class='ocrx_word' id='word_1_269' title='bbox 1924 1872 2083 1929; x_wconf 83' lang='lat' dir='ltr'><strong>simul</strong></span> <span class='ocrx_word' id='word_1_270' title='bbox 2112 1880 2168 1925; x_wconf 91' lang='lat' dir='ltr'><strong>et</strong></span> <span class='ocrx_word' id='word_1_271' title='bbox 2205 1881 2415 1941; x_wconf 88' lang='lat' dir='ltr'><strong>tempus</strong></span> <span class='ocrx_word' id='word_1_272' title='bbox 2444 1873 2618 1943; x_wconf 90' lang='lat' dir='ltr'><strong>ipsum</strong></span> <span class='ocrx_word' id='word_1_273' title='bbox 2669 1871 2992 1941; x_wconf 80' lang='lat' dir='ltr'><strong>designavit,</strong></span> <span class='ocrx_word' id='word_1_274' title='bbox 3021 1880 3076 1927; x_wconf 86' lang='lat' dir='ltr'><strong>et</strong></span> <span class='ocrx_word' id='word_1_275' title='bbox 3120 1873 3491 1928; x_wconf 87' lang='lat' dir='ltr'><strong>narrationem</strong></span> 
     </span>
    </p>
   </div>
   <div class='ocr_carea' id='block_1_39' title="bbox 1923 1963 3496 2035">
    <p class='ocr_par' dir='ltr' id='par_1_39' title="bbox 1923 1963 3496 2035">
     <span class='ocr_line' id='line_1_39' title="bbox 1923 1963 3496 2035; baseline -0.001 -16"><span class='ocrx_word' id='word_1_276' title='bbox 1923 1965 2211 2035; x_wconf 88' lang='lat' dir='ltr'><strong>quamdam</strong></span> <span class='ocrx_word' id='word_1_277' title='bbox 2243 1963 2490 2034; x_wconf 80' lang='lat' dir='ltr'><strong>adjunxit</strong></span> <span class='ocrx_word' id='word_1_278' title='bbox 2553 1963 2806 2034; x_wconf 86' lang='lat' dir='ltr'><strong>inprimis</strong></span> <span class='ocrx_word' id='word_1_279' title='bbox 2846 1963 3209 2018; x_wconf 86' lang='lat' dir='ltr'><strong>necessariam</strong></span> <span class='ocrx_word' id='word_1_280' title='bbox 3237 1963 3304 2018; x_wconf 90' lang='lat' dir='ltr'><strong>iis</strong></span> <span class='ocrx_word' id='word_1_281' title='bbox 3358 1978 3496 2033; x_wconf 68' lang='lat' dir='ltr'><strong>prae-</strong></span> 
     </span>
    </p>
   </div>
   <div class='ocr_carea' id='block_1_40' title="bbox 1924 2055 3497 2126">
    <p class='ocr_par' dir='ltr' id='par_1_40' title="bbox 1924 2055 3497 2126">
     <span class='ocr_line' id='line_1_40' title="bbox 1924 2055 3497 2126; baseline -0.001 -14"><span class='ocrx_word' id='word_1_282' title='bbox 1924 2057 2110 2112; x_wconf 90' lang='lat' dir='ltr'><strong>sertim</strong></span> <span class='ocrx_word' id='word_1_283' title='bbox 2136 2071 2270 2126; x_wconf 88' lang='lat' dir='ltr'><strong>quos</strong></span> <span class='ocrx_word' id='word_1_284' title='bbox 2299 2071 2481 2109; x_wconf 89' lang='lat' dir='ltr'><strong>rerum</strong></span> <span class='ocrx_word' id='word_1_285' title='bbox 2514 2055 2863 2111; x_wconf 87' lang='lat' dir='ltr'><strong>honestarum</strong></span> <span class='ocrx_word' id='word_1_286' title='bbox 2896 2064 3057 2125; x_wconf 84' lang='lat' dir='ltr'><strong>atque</strong></span> <span class='ocrx_word' id='word_1_287' title='bbox 3096 2055 3310 2111; x_wconf 88' lang='lat' dir='ltr'><strong>utilium</strong></span> <span class='ocrx_word' id='word_1_288' title='bbox 3342 2071 3497 2111; x_wconf 86' lang='lat' dir='ltr'><strong>com-</strong></span> 
     </span>
    </p>
   </div>
   <div class='ocr_carea' id='block_1_41' title="bbox 1922 2144 3493 2217">
    <p class='ocr_par' dir='ltr' id='par_1_41' title="bbox 1922 2144 3493 2217">
     <span class='ocr_line' id='line_1_41' title="bbox 1922 2144 3493 2217; baseline -0.001 -14"><span class='ocrx_word' id='word_1_289' title='bbox 1922 2147 2245 2203; x_wconf 87' lang='lat' dir='ltr'><strong>memoratio</strong></span> <span class='ocrx_word' id='word_1_290' title='bbox 2264 2146 2514 2204; x_wconf 88' lang='lat' dir='ltr'><strong>delectat.</strong></span> <span class='ocrx_word' id='word_1_291' title='bbox 2541 2144 2771 2217; x_wconf 88' lang='lat' dir='ltr'><strong>Sumpto</strong></span> <span class='ocrx_word' id='word_1_292' title='bbox 2799 2148 2965 2217; x_wconf 82' lang='lat' dir='ltr'><strong>igitur</strong></span> <span class='ocrx_word' id='word_1_293' title='bbox 3008 2148 3061 2203; x_wconf 91' lang='lat' dir='ltr'><strong>in</strong></span> <span class='ocrx_word' id='word_1_294' title='bbox 3104 2164 3296 2204; x_wconf 90' lang='lat' dir='ltr'><strong>manus</strong></span> <span class='ocrx_word' id='word_1_295' title='bbox 3332 2148 3493 2214; x_wconf 91' lang='lat' dir='ltr'><strong>libro,</strong></span> 
     </span>
    </p>
   </div>
   <div class='ocr_carea' id='block_1_42' title="bbox 1923 2240 3498 2311">
    <p class='ocr_par' dir='ltr' id='par_1_42' title="bbox 1923 2240 3498 2311">
     <span class='ocr_line' id='line_1_42' title="bbox 1923 2240 3498 2311; baseline -0.003 -17"><span class='ocrx_word' id='word_1_296' title='bbox 1923 2240 2091 2295; x_wconf 89' lang='lat' dir='ltr'><strong>recita</strong></span> <span class='ocrx_word' id='word_1_297' title='bbox 2119 2240 2250 2295; x_wconf 92' lang='lat' dir='ltr'><strong>mihi</strong></span> <span class='ocrx_word' id='word_1_298' title='bbox 2273 2240 2548 2296; x_wconf 87' lang='lat' dir='ltr'><strong>historiam</strong></span> <span class='ocrx_word' id='word_1_299' title='bbox 2579 2254 2699 2311; x_wconf 78' lang='lat' dir='ltr'><strong>qua:</strong></span> <span class='ocrx_word' id='word_1_300' title='bbox 2717 2240 2796 2295; x_wconf 92' lang='lat' dir='ltr'><strong>sic</strong></span> <span class='ocrx_word' id='word_1_301' title='bbox 2821 2240 2986 2297; x_wconf 88' lang='lat' dir='ltr'><strong>habet</strong></span> <span class='ocrx_word' id='word_1_302' title='bbox 3011 2258 3026 2295; x_wconf 89' lang='lat'><strong>:</strong></span> <span class='ocrx_word' id='word_1_303' title='bbox 3058 2257 3076 2293; x_wconf 78' lang='grc' dir='ltr'><strong>ι</strong></span> <span class='ocrx_word' id='word_1_304' title='bbox 3103 2240 3381 2305; x_wconf 84' lang='lat' dir='ltr'><strong>Ausculta,</strong></span> <span class='ocrx_word' id='word_1_305' title='bbox 3414 2242 3498 2296; x_wconf 70' lang='lat' dir='ltr'><strong>in.</strong></span> 
     </span>
    </p>
   </div>
   <div class='ocr_carea' id='block_1_43' title="bbox 1923 2333 3497 2413">
    <p class='ocr_par' dir='ltr' id='par_1_43' title="bbox 1923 2333 3497 2413">
     <span class='ocr_line' id='line_1_43' title="bbox 1923 2333 3497 2413; baseline 0.002 -26"><span class='ocrx_word' id='word_1_306' title='bbox 1923 2336 2061 2404; x_wconf 89' lang='lat' dir='ltr'><strong>quit,</strong></span> <span class='ocrx_word' id='word_1_307' title='bbox 2089 2334 2639 2413; x_wconf 84' lang='lat' dir='ltr'><strong>fabulam:imo_non</strong></span> <span class='ocrx_word' id='word_1_308' title='bbox 2680 2333 2942 2399; x_wconf 82' lang='lat' dir='ltr'><strong>fabulam,</strong></span> <span class='ocrx_word' id='word_1_309' title='bbox 2997 2334 3090 2390; x_wconf 91' lang='lat' dir='ltr'><strong>sed</strong></span> <span class='ocrx_word' id='word_1_310' title='bbox 3153 2335 3497 2391; x_wconf 83' lang='lat' dir='ltr'><strong>verissimam</strong></span> 
     </span>
    </p>
   </div>
   <div class='ocr_carea' id='block_1_44' title="bbox 1926 2426 3497 2499">
    <p class='ocr_par' dir='ltr' id='par_1_44' title="bbox 1926 2426 3497 2499">
     <span class='ocr_line' id='line_1_44' title="bbox 1926 2426 3497 2499; baseline 0.001 -17"><span class='ocrx_word' id='word_1_311' title='bbox 1926 2426 2209 2482; x_wconf 86' lang='lat' dir='ltr'><strong>historiam</strong></span> <span class='ocrx_word' id='word_1_312' title='bbox 2239 2426 2308 2482; x_wconf 92' lang='lat' dir='ltr'><strong>de</strong></span> <span class='ocrx_word' id='word_1_313' title='bbox 2335 2426 2565 2492; x_wconf 85' lang='lat' dir='ltr'><strong>Joanne.</strong></span> <span class='ocrx_word' id='word_1_314' title='bbox 2598 2444 2717 2499; x_wconf 80' lang='lat' dir='ltr'><strong>qute</strong></span> <span class='ocrx_word' id='word_1_315' title='bbox 2760 2429 2916 2483; x_wconf 89' lang='lat' dir='ltr'><strong>nobis</strong></span> <span class='ocrx_word' id='word_1_316' title='bbox 2948 2427 3174 2482; x_wconf 78' lang='lat' dir='ltr'><strong>fideliter</strong></span> <span class='ocrx_word' id='word_1_317' title='bbox 3210 2429 3411 2482; x_wconf 86' lang='lat' dir='ltr'><strong>tradita</strong></span> <span class='ocrx_word' id='word_1_318' title='bbox 3440 2438 3497 2483; x_wconf 85' lang='lat' dir='ltr'><strong>et</strong></span> 
     </span>
    </p>
   </div>
   <div class='ocr_carea' id='block_1_45' title="bbox 1925 2520 3499 2593">
    <p class='ocr_par' dir='ltr' id='par_1_45' title="bbox 1925 2520 3499 2593">
     <span class='ocr_line' id='line_1_45' title="bbox 1925 2520 3499 2593; baseline -0.002 -18"><span class='ocrx_word' id='word_1_319' title='bbox 1925 2523 2197 2577; x_wconf 81' lang='lat' dir='ltr'><strong>memoriae</strong></span> <span class='ocrx_word' id='word_1_320' title='bbox 2222 2522 2462 2577; x_wconf 91' lang='lat' dir='ltr'><strong>studiose</strong></span> <span class='ocrx_word' id='word_1_321' title='bbox 2488 2520 2595 2593; x_wconf 82' lang='lat'><strong>92</strong></span> <span class='ocrx_word' id='word_1_322' title='bbox 2632 2522 3006 2577; x_wconf 87' lang='lat' dir='ltr'><strong>commendata</strong></span> <span class='ocrx_word' id='word_1_323' title='bbox 3035 2531 3139 2577; x_wconf 90' lang='lat' dir='ltr'><strong>est.</strong></span> <span class='ocrx_word' id='word_1_324' title='bbox 3198 2520 3328 2576; x_wconf 90' lang='lat' dir='ltr'><strong>Cum</strong></span> <span class='ocrx_word' id='word_1_325' title='bbox 3374 2528 3499 2591; x_wconf 84' lang='lat' dir='ltr'><strong>post</strong></span> 
     </span>
    </p>
   </div>
   <div class='ocr_carea' id='block_1_46' title="bbox 1925 2612 3494 2685">
    <p class='ocr_par' dir='ltr' id='par_1_46' title="bbox 1925 2612 3494 2685">
     <span class='ocr_line' id='line_1_46' title="bbox 1925 2612 3494 2685; baseline -0.001 -17"><span class='ocrx_word' id='word_1_326' title='bbox 1925 2613 2130 2668; x_wconf 87' lang='lat' dir='ltr'><strong>obitum</strong></span> <span class='ocrx_word' id='word_1_327' title='bbox 2160 2614 2368 2685; x_wconf 87' lang='lat' dir='ltr'><strong>tyranni</strong></span> <span class='ocrx_word' id='word_1_328' title='bbox 2395 2628 2460 2667; x_wconf 74' lang='lat' dir='ltr'><strong>ex</strong></span> <span class='ocrx_word' id='word_1_329' title='bbox 2485 2613 2661 2668; x_wconf 89' lang='lat' dir='ltr'><strong>insula</strong></span> <span class='ocrx_word' id='word_1_330' title='bbox 2693 2613 2885 2670; x_wconf 87' lang='lat' dir='ltr'><strong>Patmo</strong></span> <span class='ocrx_word' id='word_1_331' title='bbox 2937 2612 3207 2682; x_wconf 89' lang='lat' dir='ltr'><strong>Ephesum</strong></span> <span class='ocrx_word' id='word_1_332' title='bbox 3240 2613 3494 2668; x_wconf 89' lang='lat' dir='ltr'><strong>rediisset</strong></span> 
     </span>
    </p>
   </div>
   <div class='ocr_carea' id='block_1_47' title="bbox 1925 2703 3496 2775">
    <p class='ocr_par' dir='ltr' id='par_1_47' title="bbox 1925 2703 3496 2775">
     <span class='ocr_line' id='line_1_47' title="bbox 1925 2703 3496 2775; baseline 0.001 -16"><span class='ocrx_word' id='word_1_333' title='bbox 1925 2703 2183 2771; x_wconf 84' lang='lat' dir='ltr'><strong>Joannes,</strong></span> <span class='ocrx_word' id='word_1_334' title='bbox 2212 2704 2277 2759; x_wconf 87' lang='lat' dir='ltr'><strong>ad</strong></span> <span class='ocrx_word' id='word_1_335' title='bbox 2310 2704 2572 2763; x_wconf 74' lang='lat' dir='ltr'><strong>finitimas</strong></span> <span class='ocrx_word' id='word_1_336' title='bbox 2602 2718 2816 2774; x_wconf 88' lang='lat' dir='ltr'><strong>quoque</strong></span> <span class='ocrx_word' id='word_1_337' title='bbox 2846 2704 3154 2774; x_wconf 88' lang='lat' dir='ltr'><strong>provincias</strong></span> <span class='ocrx_word' id='word_1_338' title='bbox 3184 2714 3408 2775; x_wconf 82' lang='lat' dir='ltr'><strong>rogatus</strong></span> <span class='ocrx_word' id='word_1_339' title='bbox 3434 2715 3496 2760; x_wconf 79' lang='lat' dir='ltr'><strong>se</strong></span> 
     </span>
    </p>
   </div>
   <div class='ocr_carea' id='block_1_48' title="bbox 242 2063 1825 2135">
    <p class='ocr_par' dir='ltr' id='par_1_48' title="bbox 242 2063 1825 2135">
     <span class='ocr_line' id='line_1_48' title="bbox 242 2063 1825 2135; baseline 0.003 -19"><span class='ocrx_word' id='word_1_340' title='bbox 242 2081 372 2129; x_wconf 63' lang='grc' dir='ltr'>σίας</span> <span class='ocrx_word' id='word_1_341' title='bbox 395 2063 718 2135; x_wconf 71' lang='grc' dir='ltr'>ἐπέγραψεν</span> <span class='ocrx_word' id='word_1_342' title='bbox 738 2064 901 2117; x_wconf 81' lang='grc' dir='ltr'>αὐτοῦ</span> <span class='ocrx_word' id='word_1_343' title='bbox 931 2064 1345 2135; x_wconf 81' lang='grc' dir='ltr'>συγγράμματι.</span> <span class='ocrx_word' id='word_1_344' title='bbox 1380 2064 1574 2119; x_wconf 75' lang='grc' dir='ltr'>Λαϐὼν</span> <span class='ocrx_word' id='word_1_345' title='bbox 1604 2065 1660 2119; x_wconf 83' lang='grc' dir='ltr'>δὲ</span> <span class='ocrx_word' id='word_1_346' title='bbox 1695 2066 1825 2121; x_wconf 85' lang='grc' dir='ltr'>ἀνά-</span> 
     </span>
    </p>
   </div>
   <div class='ocr_carea' id='block_1_49' title="bbox 241 2149 1819 2229">
    <p class='ocr_par' dir='ltr' id='par_1_49' title="bbox 241 2149 1819 2229">
     <span class='ocr_line' id='line_1_49' title="bbox 241 2149 1819 2229; baseline 0.004 -22"><span class='ocrx_word' id='word_1_347' title='bbox 241 2155 404 2220; x_wconf 70' lang='grc' dir='ltr'>τνωθι</span> <span class='ocrx_word' id='word_1_348' title='bbox 464 2149 577 2208; x_wconf 80' lang='grc' dir='ltr'><strong>ὧδέ</strong></span> <span class='ocrx_word' id='word_1_349' title='bbox 636 2171 755 2218; x_wconf 83' lang='grc' dir='ltr'><strong>πως</strong></span> <span class='ocrx_word' id='word_1_350' title='bbox 807 2155 1033 2226; x_wconf 78' lang='grc' dir='ltr'>ἔχουσαν</span> <span class='ocrx_word' id='word_1_351' title='bbox 1079 2156 1178 2209; x_wconf 71' lang='grc' dir='ltr'>καὶ</span> <span class='ocrx_word' id='word_1_352' title='bbox 1218 2156 1381 2210; x_wconf 77' lang='grc' dir='ltr'>αὐτοῦ</span> <span class='ocrx_word' id='word_1_353' title='bbox 1433 2156 1531 2228; x_wconf 83' lang='grc' dir='ltr'><strong>τὴν</strong></span> <span class='ocrx_word' id='word_1_354' title='bbox 1576 2160 1819 2229; x_wconf 71' lang='grc' dir='ltr'>γραφήνο</span> 
     </span>
    </p>
   </div>
   <div class='ocr_carea' id='block_1_50' title="bbox 243 2246 1814 2318">
    <p class='ocr_par' dir='ltr' id='par_1_50' title="bbox 243 2246 1814 2318">
     <span class='ocr_line' id='line_1_50' title="bbox 243 2246 1814 2318; baseline 0.004 -22"><span class='ocrx_word' id='word_1_355' title='bbox 243 2263 264 2296; x_wconf 70' lang='grc' dir='ltr'><strong>ε</strong></span> <span class='ocrx_word' id='word_1_356' title='bbox 296 2247 586 2299; x_wconf 78' lang='grc' dir='ltr'>’Δκουσον</span> <span class='ocrx_word' id='word_1_357' title='bbox 645 2246 813 2318; x_wconf 79' lang='grc' dir='ltr'>μῦθον</span> <span class='ocrx_word' id='word_1_358' title='bbox 872 2247 934 2299; x_wconf 81' lang='grc' dir='ltr'><strong>οὐ</strong></span> <span class='ocrx_word' id='word_1_359' title='bbox 1003 2246 1193 2318; x_wconf 78' lang='grc' dir='ltr'>μῦθον,</span> <span class='ocrx_word' id='word_1_360' title='bbox 1260 2247 1394 2301; x_wconf 86' lang='grc' dir='ltr'>ἀλλὰ</span> <span class='ocrx_word' id='word_1_361' title='bbox 1441 2248 1572 2302; x_wconf 78' lang='grc' dir='ltr'>ὅντα</span> <span class='ocrx_word' id='word_1_362' title='bbox 1625 2249 1814 2317; x_wconf 83' lang='grc' dir='ltr'>λόγον,</span> 
     </span>
    </p>
   </div>
   <div class='ocr_carea' id='block_1_51' title="bbox 235 2336 1822 2413">
    <p class='ocr_par' dir='ltr' id='par_1_51' title="bbox 235 2336 1822 2413">
     <span class='ocr_line' id='line_1_51' title="bbox 235 2336 1822 2413; baseline 0.004 -25"><span class='ocrx_word' id='word_1_363' title='bbox 235 2337 363 2408; x_wconf 79' lang='grc' dir='ltr'>περὶ</span> <span class='ocrx_word' id='word_1_364' title='bbox 429 2337 685 2391; x_wconf 79' lang='grc' dir='ltr'>Ἰωάννου</span> <span class='ocrx_word' id='word_1_365' title='bbox 735 2336 827 2391; x_wconf 81' lang='grc' dir='ltr'>τοῦ</span> <span class='ocrx_word' id='word_1_366' title='bbox 901 2338 1207 2393; x_wconf 84' lang='grc' dir='ltr'>ἀποστόλου</span> <span class='ocrx_word' id='word_1_367' title='bbox 1263 2338 1689 2410; x_wconf 80' lang='grc' dir='ltr'>παραδεδομένον</span> <span class='ocrx_word' id='word_1_368' title='bbox 1747 2340 1822 2413; x_wconf 84' lang='grc'>(9)</span> 
     </span>
    </p>
   </div>
   <div class='ocr_carea' id='block_1_52' title="bbox 229 2428 1825 2502">
    <p class='ocr_par' dir='ltr' id='par_1_52' title="bbox 229 2428 1825 2502">
     <span class='ocr_line' id='line_1_52' title="bbox 229 2428 1825 2502; baseline 0.002 -20"><span class='ocrx_word' id='word_1_369' title='bbox 229 2428 323 2482; x_wconf 71' lang='grc' dir='ltr'><strong>καὶ</strong></span> <span class='ocrx_word' id='word_1_370' title='bbox 374 2431 573 2500; x_wconf 77' lang='grc' dir='ltr'>μνήμῃ</span> <span class='ocrx_word' id='word_1_371' title='bbox 628 2428 1061 2499; x_wconf 68' lang='grc' dir='ltr'>πεφυλαγμένον.</span> <span class='ocrx_word' id='word_1_372' title='bbox 1118 2430 1335 2502; x_wconf 81' lang='grc' dir='ltr'>Ἐπειδὴ</span> <span class='ocrx_word' id='word_1_373' title='bbox 1412 2432 1520 2502; x_wconf 85' lang='grc' dir='ltr'>γάρ</span> <span class='ocrx_word' id='word_1_374' title='bbox 1575 2432 1669 2485; x_wconf 75' lang='grc' dir='ltr'>τοῦ</span> <span class='ocrx_word' id='word_1_375' title='bbox 1736 2449 1825 2485; x_wconf 89' lang='grc' dir='ltr'>τυ-</span> 
     </span>
    </p>
   </div>
   <div class='ocr_carea' id='block_1_53' title="bbox 236 2518 1823 2592">
    <p class='ocr_par' dir='ltr' id='par_1_53' title="bbox 236 2518 1823 2592">
     <span class='ocr_line' id='line_1_53' title="bbox 236 2518 1823 2592; baseline 0.001 -21"><span class='ocrx_word' id='word_1_376' title='bbox 236 2518 434 2591; x_wconf 83' lang='grc' dir='ltr'>ράννου</span> <span class='ocrx_word' id='word_1_377' title='bbox 485 2518 934 2591; x_wconf 81' lang='grc' dir='ltr'>τελευτήσαντος,</span> <span class='ocrx_word' id='word_1_378' title='bbox 974 2519 1083 2573; x_wconf 86' lang='grc' dir='ltr'><strong>ἀπὸ</strong></span> <span class='ocrx_word' id='word_1_379' title='bbox 1119 2520 1218 2590; x_wconf 83' lang='grc' dir='ltr'>τῆς</span> <span class='ocrx_word' id='word_1_380' title='bbox 1242 2520 1463 2590; x_wconf 84' lang='grc' dir='ltr'>Πάτμου</span> <span class='ocrx_word' id='word_1_381' title='bbox 1509 2519 1609 2590; x_wconf 77' lang='grc' dir='ltr'>τῆς</span> <span class='ocrx_word' id='word_1_382' title='bbox 1660 2521 1823 2592; x_wconf 78' lang='grc' dir='ltr'>νήσου</span> 
     </span>
    </p>
   </div>
   <div class='ocr_carea' id='block_1_54' title="bbox 236 2608 1827 2685">
    <p class='ocr_par' dir='ltr' id='par_1_54' title="bbox 236 2608 1827 2685">
     <span class='ocr_line' id='line_1_54' title="bbox 236 2608 1827 2685; baseline 0.004 -25"><span class='ocrx_word' id='word_1_383' title='bbox 236 2608 508 2681; x_wconf 75' lang='grc' dir='ltr'>μετῆλθεν</span> <span class='ocrx_word' id='word_1_384' title='bbox 568 2612 649 2675; x_wconf 76' lang='grc' dir='ltr'>εἰς</span> <span class='ocrx_word' id='word_1_385' title='bbox 699 2611 798 2681; x_wconf 82' lang='grc' dir='ltr'><strong>τὴν</strong></span> <span class='ocrx_word' id='word_1_386' title='bbox 856 2612 1120 2681; x_wconf 72' lang='grc' dir='ltr'>Ἔφεσον,</span> <span class='ocrx_word' id='word_1_387' title='bbox 1180 2611 1347 2683; x_wconf 81' lang='grc' dir='ltr'>ἀπῄει</span> <span class='ocrx_word' id='word_1_388' title='bbox 1404 2611 1827 2685; x_wconf 82' lang='grc' dir='ltr'>παρακαλούμε-</span> 
     </span>
    </p>
   </div>
   <div class='ocr_carea' id='block_1_55' title="bbox 232 2701 1824 2777">
    <p class='ocr_par' dir='ltr' id='par_1_55' title="bbox 232 2701 1824 2777">
     <span class='ocr_line' id='line_1_55' title="bbox 232 2701 1824 2777; baseline 0.002 -21"><span class='ocrx_word' id='word_1_389' title='bbox 232 2720 319 2766; x_wconf 84' lang='grc' dir='ltr'><strong>νος</strong></span> <span class='ocrx_word' id='word_1_390' title='bbox 354 2702 455 2756; x_wconf 76' lang='grc' dir='ltr'>καὶ</span> <span class='ocrx_word' id='word_1_391' title='bbox 516 2702 612 2755; x_wconf 75' lang='grc' dir='ltr'><strong>ἐπὶ</strong></span> <span class='ocrx_word' id='word_1_392' title='bbox 644 2701 714 2755; x_wconf 81' lang='grc' dir='ltr'><strong>τά</strong></span> <span class='ocrx_word' id='word_1_393' title='bbox 762 2702 1109 2777; x_wconf 86' lang='grc' dir='ltr'>πλησιόχωρα</span> <span class='ocrx_word' id='word_1_394' title='bbox 1156 2703 1265 2758; x_wconf 86' lang='grc' dir='ltr'><strong>τῶν</strong></span> <span class='ocrx_word' id='word_1_395' title='bbox 1318 2703 1507 2768; x_wconf 78' lang='grc' dir='ltr'>ἐθνῶν,</span> <span class='ocrx_word' id='word_1_396' title='bbox 1544 2706 1676 2759; x_wconf 85' lang='grc' dir='ltr'>ὅπου</span> <span class='ocrx_word' id='word_1_397' title='bbox 1726 2706 1824 2776; x_wconf 87' lang='grc' dir='ltr'><strong>μὲν</strong></span> 
     </span>
    </p>
   </div>
   <div class='ocr_carea' id='block_1_56' title="bbox 234 2795 1823 2869">
    <p class='ocr_par' dir='ltr' id='par_1_56' title="bbox 234 2796 1823 2869">
     <span class='ocr_line' id='line_1_56' title="bbox 234 2796 1823 2869; baseline 0.003 -22"><span class='ocrx_word' id='word_1_398' title='bbox 234 2796 577 2858; x_wconf 76' lang='grc' dir='ltr'>ἐπισκόπους</span> <span class='ocrx_word' id='word_1_399' title='bbox 631 2797 1011 2867; x_wconf 83' lang='grc' dir='ltr'>καταστήσων,</span> <span class='ocrx_word' id='word_1_400' title='bbox 1066 2797 1199 2851; x_wconf 80' lang='grc' dir='ltr'>ὅπου</span> <span class='ocrx_word' id='word_1_401' title='bbox 1257 2797 1315 2851; x_wconf 83' lang='grc' dir='ltr'>δὲ</span> <span class='ocrx_word' id='word_1_402' title='bbox 1354 2796 1823 2869; x_wconf 82' lang='grc' dir='ltr'>ὄλαςἘκκλησίας</span> 
     </span>
    </p>
   </div>
   <div class='ocr_carea' id='block_1_57' title="bbox 1922 2795 3494 2869">
    <p class='ocr_par' dir='ltr' id='par_1_57' title="bbox 1925 2795 3494 2866">
     <span class='ocr_line' id='line_1_57' title="bbox 1925 2795 3494 2866; baseline -0.002 -14"><span class='ocrx_word' id='word_1_403' title='bbox 1925 2795 2175 2862; x_wconf 81' lang='lat' dir='ltr'><strong>contulit,</strong></span> <span class='ocrx_word' id='word_1_404' title='bbox 2210 2796 2402 2866; x_wconf 86' lang='lat' dir='ltr'><strong>partim</strong></span> <span class='ocrx_word' id='word_1_405' title='bbox 2431 2805 2491 2849; x_wconf 90' lang='lat' dir='ltr'><strong>ut</strong></span> <span class='ocrx_word' id='word_1_406' title='bbox 2540 2797 2821 2866; x_wconf 89' lang='lat' dir='ltr'><strong>episcopos</strong></span> <span class='ocrx_word' id='word_1_407' title='bbox 2880 2795 3259 2861; x_wconf 85' lang='lat' dir='ltr'><strong>constitueret,</strong></span> <span class='ocrx_word' id='word_1_408' title='bbox 3293 2795 3494 2866; x_wconf 80' lang='lat' dir='ltr'><strong>partim</strong></span> 
     </span>
    </p>
   </div>
   <div class='ocr_carea' id='block_1_58' title="bbox 235 2886 1823 2961">
    <p class='ocr_par' dir='ltr' id='par_1_58' title="bbox 235 2886 1823 2961">
     <span class='ocr_line' id='line_1_58' title="bbox 235 2886 1823 2961; baseline 0.003 -22"><span class='ocrx_word' id='word_1_409' title='bbox 235 2886 522 2957; x_wconf 82' lang='grc' dir='ltr'>ἀρμόσων,</span> <span class='ocrx_word' id='word_1_410' title='bbox 542 2889 676 2940; x_wconf 83' lang='grc' dir='ltr'>ὅπου</span> <span class='ocrx_word' id='word_1_411' title='bbox 712 2886 771 2940; x_wconf 84' lang='grc' dir='ltr'>δὲ</span> <span class='ocrx_word' id='word_1_412' title='bbox 792 2887 978 2959; x_wconf 87' lang='grc' dir='ltr'>κλήρῳ</span> <span class='ocrx_word' id='word_1_413' title='bbox 1002 2888 1095 2941; x_wconf 77' lang='grc' dir='ltr'><strong>ἕνα</strong></span> <span class='ocrx_word' id='word_1_414' title='bbox 1132 2888 1197 2957; x_wconf 82' lang='grc' dir='ltr'><strong>γέ</strong></span> <span class='ocrx_word' id='word_1_415' title='bbox 1228 2906 1351 2943; x_wconf 89' lang='grc' dir='ltr'>τινα</span> <span class='ocrx_word' id='word_1_416' title='bbox 1378 2887 1675 2961; x_wconf 84' lang='grc' dir='ltr'>κληρώσων</span> <span class='ocrx_word' id='word_1_417' title='bbox 1712 2888 1823 2961; x_wconf 80' lang='grc'>(10)</span> 
     </span>
    </p>
   </div>
   <div class='ocr_carea' id='block_1_59' title="bbox 1922 2886 3494 2961">
    <p class='ocr_par' dir='ltr' id='par_1_59' title="bbox 1929 2887 3494 2957">
     <span class='ocr_line' id='line_1_59' title="bbox 1929 2887 3494 2957; baseline -0.001 -14"><span class='ocrx_word' id='word_1_418' title='bbox 1929 2897 1987 2943; x_wconf 80' lang='grc' dir='ltr'><strong>ιιι</strong></span> <span class='ocrx_word' id='word_1_419' title='bbox 2010 2887 2283 2944; x_wconf 84' lang='lat' dir='ltr'><strong>Ecclesias</strong></span> <span class='ocrx_word' id='word_1_420' title='bbox 2314 2888 2551 2956; x_wconf 85' lang='lat' dir='ltr'><strong>integras</strong></span> <span class='ocrx_word' id='word_1_421' title='bbox 2580 2888 2885 2957; x_wconf 87' lang='lat' dir='ltr'><strong>disponeret</strong></span> <span class='ocrx_word' id='word_1_422' title='bbox 2908 2902 2971 2941; x_wconf 89' lang='lat' dir='ltr'><strong>ac</strong></span> <span class='ocrx_word' id='word_1_423' title='bbox 2999 2887 3277 2953; x_wconf 78' lang='lat' dir='ltr'><strong>formaret,</strong></span> <span class='ocrx_word' id='word_1_424' title='bbox 3296 2888 3494 2957; x_wconf 87' lang='lat' dir='ltr'><strong>partim</strong></span> 
     </span>
    </p>
   </div>
   <div class='ocr_carea' id='block_1_60' title="bbox 235 2974 1823 3051">
    <p class='ocr_par' dir='ltr' id='par_1_60' title="bbox 235 2977 1823 3051">
     <span class='ocr_line' id='line_1_60' title="bbox 235 2977 1823 3051; baseline 0.003 -22"><span class='ocrx_word' id='word_1_425' title='bbox 235 2977 341 3030; x_wconf 77' lang='grc' dir='ltr'>τῶν</span> <span class='ocrx_word' id='word_1_426' title='bbox 376 2978 489 3031; x_wconf 74' lang='grc' dir='ltr'>ὑπὸ</span> <span class='ocrx_word' id='word_1_427' title='bbox 522 2978 618 3031; x_wconf 78' lang='grc' dir='ltr'>τοῦ</span> <span class='ocrx_word' id='word_1_428' title='bbox 656 2977 975 3049; x_wconf 87' lang='grc' dir='ltr'>Πνεύματος</span> <span class='ocrx_word' id='word_1_429' title='bbox 1011 2980 1445 3051; x_wconf 82' lang='grc' dir='ltr'>σημαινομένων.</span> <span class='ocrx_word' id='word_1_430' title='bbox 1491 2978 1693 3035; x_wconf 84' lang='grc' dir='ltr'>Ἐλθὼν</span> <span class='ocrx_word' id='word_1_431' title='bbox 1732 2977 1823 3035; x_wconf 72' lang='grc' dir='ltr'><strong>οὖν</strong></span> 
     </span>
    </p>
   </div>
   <div class='ocr_carea' id='block_1_61' title="bbox 1922 2974 3495 3051">
    <p class='ocr_par' dir='ltr' id='par_1_61' title="bbox 1928 2974 3495 3045">
     <span class='ocr_line' id='line_1_61' title="bbox 1928 2974 3495 3045; baseline 0.001 -14"><span class='ocrx_word' id='word_1_432' title='bbox 1928 2977 2091 3031; x_wconf 89' lang='lat' dir='ltr'><strong>etiam</strong></span> <span class='ocrx_word' id='word_1_433' title='bbox 2119 2985 2179 3030; x_wconf 92' lang='lat' dir='ltr'><strong>ut</strong></span> <span class='ocrx_word' id='word_1_434' title='bbox 2213 2976 2463 3031; x_wconf 89' lang='lat' dir='ltr'><strong>homines</strong></span> <span class='ocrx_word' id='word_1_435' title='bbox 2486 2974 2589 3032; x_wconf 83' lang='lat' dir='ltr'><strong>sibi</strong></span> <span class='ocrx_word' id='word_1_436' title='bbox 2618 2990 2649 3030; x_wconf 90' lang='lat' dir='ltr'><strong>a</strong></span> <span class='ocrx_word' id='word_1_437' title='bbox 2680 2977 2866 3032; x_wconf 84' lang='lat' dir='ltr'><strong>divino</strong></span> <span class='ocrx_word' id='word_1_438' title='bbox 2902 2974 3110 3045; x_wconf 90' lang='lat' dir='ltr'><strong>Spiritu</strong></span> <span class='ocrx_word' id='word_1_439' title='bbox 3144 2975 3409 3032; x_wconf 91' lang='lat' dir='ltr'><strong>indicatos</strong></span> <span class='ocrx_word' id='word_1_440' title='bbox 3441 2976 3495 3032; x_wconf 89' lang='lat' dir='ltr'><strong>in</strong></span> 
     </span>
    </p>
   </div>
   <div class='ocr_carea' id='block_1_62' title="bbox 238 3066 1823 3170">
    <p class='ocr_par' dir='ltr' id='par_1_62' title="bbox 238 3066 1823 3144">
     <span class='ocr_line' id='line_1_62' title="bbox 238 3066 1823 3144; baseline 0.003 -22"><span class='ocrx_word' id='word_1_441' title='bbox 238 3070 330 3123; x_wconf 70' lang='grc' dir='ltr'>καὶ</span> <span class='ocrx_word' id='word_1_442' title='bbox 362 3070 459 3123; x_wconf 79' lang='grc' dir='ltr'>ἐπί</span> <span class='ocrx_word' id='word_1_443' title='bbox 491 3088 618 3124; x_wconf 84' lang='grc' dir='ltr'>τινα</span> <span class='ocrx_word' id='word_1_444' title='bbox 642 3069 749 3123; x_wconf 84' lang='grc' dir='ltr'><strong>τῶν</strong></span> <span class='ocrx_word' id='word_1_445' title='bbox 781 3071 843 3124; x_wconf 87' lang='grc' dir='ltr'><strong>οὐ</strong></span> <span class='ocrx_word' id='word_1_446' title='bbox 867 3070 1084 3141; x_wconf 74' lang='grc' dir='ltr'>μακρὰν</span> <span class='ocrx_word' id='word_1_447' title='bbox 1114 3071 1342 3137; x_wconf 86' lang='grc' dir='ltr'>πόλεων,</span> <span class='ocrx_word' id='word_1_448' title='bbox 1372 3066 1441 3144; x_wconf 81' lang='grc' dir='ltr'>ἧς</span> <span class='ocrx_word' id='word_1_449' title='bbox 1462 3072 1557 3125; x_wconf 75' lang='grc' dir='ltr'><strong>καὶ</strong></span> <span class='ocrx_word' id='word_1_450' title='bbox 1587 3070 1823 3144; x_wconf 79' lang='grc' dir='ltr'>τοῦνομα</span> 
     </span>
    </p>
   </div>
   <div class='ocr_carea' id='block_1_63' title="bbox 1922 3066 3495 3170">
    <p class='ocr_par' dir='ltr' id='par_1_63' title="bbox 1929 3068 3495 3138">
     <span class='ocr_line' id='line_1_63' title="bbox 1929 3068 3495 3138; baseline -0.001 -14"><span class='ocrx_word' id='word_1_451' title='bbox 1929 3069 2132 3124; x_wconf 88' lang='lat' dir='ltr'><strong>clerum</strong></span> <span class='ocrx_word' id='word_1_452' title='bbox 2188 3068 2473 3138; x_wconf 85' lang='lat' dir='ltr'><strong>quemdam</strong></span> <span class='ocrx_word' id='word_1_453' title='bbox 2521 3083 2618 3124; x_wconf 87' lang='lat' dir='ltr'><strong>seu</strong></span> <span class='ocrx_word' id='word_1_454' title='bbox 2679 3075 2884 3124; x_wconf 88' lang='lat' dir='ltr'><strong>sortem</strong></span> <span class='ocrx_word' id='word_1_455' title='bbox 2933 3068 3148 3124; x_wconf 91' lang='lat' dir='ltr'><strong>Domini</strong></span> <span class='ocrx_word' id='word_1_456' title='bbox 3189 3077 3495 3138; x_wconf 78' lang='lat' dir='ltr'><strong>seponeret.</strong></span> 
     </span>
    </p>
   </div>
   <div class='ocr_carea' id='block_1_64' title="bbox 241 3159 1823 3232">
    <p class='ocr_par' dir='ltr' id='par_1_64' title="bbox 241 3159 1823 3232">
     <span class='ocr_line' id='line_1_64' title="bbox 241 3159 1823 3232; baseline 0.003 -19"><span class='ocrx_word' id='word_1_457' title='bbox 241 3159 493 3229; x_wconf 74' lang='grc' dir='ltr'>λέγουσιν</span> <span class='ocrx_word' id='word_1_458' title='bbox 525 3162 658 3215; x_wconf 79' lang='grc' dir='ltr'>ἔνιοι</span> <span class='ocrx_word' id='word_1_459' title='bbox 691 3161 825 3232; x_wconf 78' lang='grc' dir='ltr'>(Η),</span> <span class='ocrx_word' id='word_1_460' title='bbox 856 3163 949 3216; x_wconf 72' lang='grc' dir='ltr'><strong>καὶ</strong></span> <span class='ocrx_word' id='word_1_461' title='bbox 986 3162 1151 3217; x_wconf 79' lang='grc' dir='ltr'>τᾶλλα</span> <span class='ocrx_word' id='word_1_462' title='bbox 1178 3163 1497 3228; x_wconf 84' lang='grc' dir='ltr'>ἀναπαύσας</span> <span class='ocrx_word' id='word_1_463' title='bbox 1521 3164 1646 3229; x_wconf 82' lang='grc' dir='ltr'>τοὺς</span> <span class='ocrx_word' id='word_1_464' title='bbox 1672 3164 1823 3218; x_wconf 88' lang='grc' dir='ltr'>ἀδελ-</span> 
     </span>
    </p>
   </div>
   <div class='ocr_carea' id='block_1_65' title="bbox 1922 3159 3495 3232">
    <p class='ocr_par' dir='ltr' id='par_1_65' title="bbox 1925 3160 3495 3230">
     <span class='ocr_line' id='line_1_65' title="bbox 1925 3160 3495 3230; baseline -0.002 -13"><span class='ocrx_word' id='word_1_465' title='bbox 1925 3161 2060 3217; x_wconf 91' lang='lat' dir='ltr'><strong>Cnm</strong></span> <span class='ocrx_word' id='word_1_466' title='bbox 2096 3175 2227 3230; x_wconf 87' lang='lat' dir='ltr'><strong>ergo</strong></span> <span class='ocrx_word' id='word_1_467' title='bbox 2255 3160 2323 3215; x_wconf 91' lang='lat' dir='ltr'><strong>ad</strong></span> <span class='ocrx_word' id='word_1_468' title='bbox 2360 3161 2653 3230; x_wconf 87' lang='lat' dir='ltr'><strong>quamdam</strong></span> <span class='ocrx_word' id='word_1_469' title='bbox 2685 3161 2873 3216; x_wconf 89' lang='lat' dir='ltr'><strong>urbem</strong></span> <span class='ocrx_word' id='word_1_470' title='bbox 2900 3161 3141 3216; x_wconf 79' lang='lat' dir='ltr'><strong>venisset</strong></span> <span class='ocrx_word' id='word_1_471' title='bbox 3165 3160 3311 3215; x_wconf 90' lang='lat' dir='ltr'><strong>haud</strong></span> <span class='ocrx_word' id='word_1_472' title='bbox 3335 3160 3495 3230; x_wconf 80' lang='lat' dir='ltr'><strong>longe</strong></span> 
     </span>
    </p>
   </div>
   <div class='ocr_carea' id='block_1_66' title="bbox 245 3249 1823 3323">
    <p class='ocr_par' dir='ltr' id='par_1_66' title="bbox 245 3249 1823 3323">
     <span class='ocr_line' id='line_1_66' title="bbox 245 3249 1823 3323; baseline 0.002 -19"><span class='ocrx_word' id='word_1_473' title='bbox 245 3252 374 3320; x_wconf 65' lang='grc' dir='ltr'>σοὺς</span> <span class='ocrx_word' id='word_1_474' title='bbox 410 3251 553 3321; x_wconf 70' lang='grc'>(12),</span> <span class='ocrx_word' id='word_1_475' title='bbox 582 3251 676 3304; x_wconf 76' lang='grc' dir='ltr'>ἐπὶ</span> <span class='ocrx_word' id='word_1_476' title='bbox 707 3252 839 3304; x_wconf 77' lang='grc' dir='ltr'>πᾶσι</span> <span class='ocrx_word' id='word_1_477' title='bbox 872 3249 950 3321; x_wconf 83' lang='grc' dir='ltr'><strong>τῷ</strong></span> <span class='ocrx_word' id='word_1_478' title='bbox 971 3249 1272 3305; x_wconf 80' lang='grc' dir='ltr'>καθεστῶτι</span> <span class='ocrx_word' id='word_1_479' title='bbox 1303 3251 1649 3323; x_wconf 73' lang='grc' dir='ltr'>προσὸλέψας</span> <span class='ocrx_word' id='word_1_480' title='bbox 1670 3255 1823 3307; x_wconf 69' lang='grc' dir='ltr'>ἐπισο</span> 
     </span>
    </p>
   </div>
   <div class='ocr_carea' id='block_1_67' title="bbox 1922 3249 3497 3323">
    <p class='ocr_par' dir='ltr' id='par_1_67' title="bbox 1927 3251 3497 3323">
     <span class='ocr_line' id='line_1_67' title="bbox 1927 3251 3497 3323; baseline -0.003 -14"><span class='ocrx_word' id='word_1_481' title='bbox 1927 3254 2172 3309; x_wconf 83' lang='lat' dir='ltr'><strong>dissitam</strong></span> <span class='ocrx_word' id='word_1_482' title='bbox 2205 3267 2236 3306; x_wconf 92' lang='lat' dir='ltr'><strong>a</strong></span> <span class='ocrx_word' id='word_1_483' title='bbox 2286 3252 2508 3308; x_wconf 81' lang='lat' dir='ltr'><strong>civitate</strong></span> <span class='ocrx_word' id='word_1_484' title='bbox 2555 3251 2789 3322; x_wconf 87' lang='lat' dir='ltr'><strong>Epheso,</strong></span> <span class='ocrx_word' id='word_1_485' title='bbox 2835 3252 2990 3323; x_wconf 85' lang='lat' dir='ltr'><strong>cujus</strong></span> <span class='ocrx_word' id='word_1_486' title='bbox 3026 3252 3191 3307; x_wconf 86' lang='lat' dir='ltr'><strong>etiam</strong></span> <span class='ocrx_word' id='word_1_487' title='bbox 3240 3266 3435 3308; x_wconf 88' lang='lat' dir='ltr'><strong>nomen</strong></span> <span class='ocrx_word' id='word_1_488' title='bbox 3465 3266 3497 3305; x_wconf 80' lang='grc' dir='ltr'><strong>ιι</strong></span> 
     </span>
    </p>
   </div>
   <div class='ocr_carea' id='block_1_68' title="bbox 243 3341 1823 3416">
    <p class='ocr_par' dir='ltr' id='par_1_68' title="bbox 243 3341 1823 3416">
     <span class='ocr_line' id='line_1_68' title="bbox 243 3341 1823 3416; baseline 0.003 -21"><span class='ocrx_word' id='word_1_489' title='bbox 243 3341 416 3413; x_wconf 78' lang='grc' dir='ltr'>κόπῳ,</span> <span class='ocrx_word' id='word_1_490' title='bbox 474 3342 758 3396; x_wconf 75' lang='grc' dir='ltr'>νεανίσκον</span> <span class='ocrx_word' id='word_1_491' title='bbox 802 3343 988 3397; x_wconf 85' lang='grc' dir='ltr'>ἱκανὸν</span> <span class='ocrx_word' id='word_1_492' title='bbox 1040 3342 1119 3413; x_wconf 85' lang='grc' dir='ltr'>τῷ</span> <span class='ocrx_word' id='word_1_493' title='bbox 1171 3342 1405 3414; x_wconf 87' lang='grc' dir='ltr'>σώματι,</span> <span class='ocrx_word' id='word_1_494' title='bbox 1449 3344 1541 3399; x_wconf 73' lang='grc' dir='ltr'><strong>καὶ</strong></span> <span class='ocrx_word' id='word_1_495' title='bbox 1572 3345 1674 3416; x_wconf 76' lang='grc' dir='ltr'>τὴν</span> <span class='ocrx_word' id='word_1_496' title='bbox 1704 3344 1823 3415; x_wconf 69' lang='grc' dir='ltr'>ὄψιν</span> 
     </span>
    </p>
   </div>
   <div class='ocr_carea' id='block_1_69' title="bbox 1922 3341 3497 3416">
    <p class='ocr_par' dir='ltr' id='par_1_69' title="bbox 1931 3343 3497 3414">
     <span class='ocr_line' id='line_1_69' title="bbox 1931 3343 3497 3414; baseline -0.003 -13"><span class='ocrx_word' id='word_1_497' title='bbox 1931 3344 2206 3401; x_wconf 90' lang='lat' dir='ltr'><strong>nonnullis</strong></span> <span class='ocrx_word' id='word_1_498' title='bbox 2238 3344 2495 3409; x_wconf 79' lang='lat' dir='ltr'><strong>refertur,</strong></span> <span class='ocrx_word' id='word_1_499' title='bbox 2527 3343 2832 3414; x_wconf 80' lang='lat' dir='ltr'><strong>fratresque</strong></span> <span class='ocrx_word' id='word_1_500' title='bbox 2853 3344 2964 3399; x_wconf 87' lang='lat' dir='ltr'><strong>suis</strong></span> <span class='ocrx_word' id='word_1_501' title='bbox 2997 3343 3337 3399; x_wconf 88' lang='lat' dir='ltr'><strong>sermonibus</strong></span> <span class='ocrx_word' id='word_1_502' title='bbox 3365 3356 3497 3398; x_wconf 85' lang='lat' dir='ltr'><strong>con-</strong></span> 
     </span>
    </p>
   </div>
   <div class='ocr_carea' id='block_1_70' title="bbox 250 3431 1823 3507">
    <p class='ocr_par' dir='ltr' id='par_1_70' title="bbox 250 3433 1823 3507">
     <span class='ocr_line' id='line_1_70' title="bbox 250 3433 1823 3507; baseline 0.001 -19"><span class='ocrx_word' id='word_1_503' title='bbox 250 3436 484 3498; x_wconf 86' lang='grc' dir='ltr'>ἀστεῖον,</span> <span class='ocrx_word' id='word_1_504' title='bbox 511 3436 607 3489; x_wconf 75' lang='grc' dir='ltr'><strong>καὶ</strong></span> <span class='ocrx_word' id='word_1_505' title='bbox 639 3433 841 3507; x_wconf 79' lang='grc' dir='ltr'>θερμὸν</span> <span class='ocrx_word' id='word_1_506' title='bbox 855 3436 955 3505; x_wconf 80' lang='grc' dir='ltr'><strong>τὴν</strong></span> <span class='ocrx_word' id='word_1_507' title='bbox 985 3433 1161 3506; x_wconf 73' lang='grc' dir='ltr'>ψυχὴν</span> <span class='ocrx_word' id='word_1_508' title='bbox 1192 3433 1334 3498; x_wconf 81' lang='grc' dir='ltr'>ἰδὼν,</span> <span class='ocrx_word' id='word_1_509' title='bbox 1367 3434 1585 3501; x_wconf 80' lang='grc' dir='ltr'>Τοῦτον,</span> <span class='ocrx_word' id='word_1_510' title='bbox 1605 3436 1729 3507; x_wconf 79' lang='grc' dir='ltr'>ἔφη,</span> <span class='ocrx_word' id='word_1_511' title='bbox 1749 3437 1823 3490; x_wconf 71' lang='grc' dir='ltr'>σο)</span> 
     </span>
    </p>
   </div>
   <div class='ocr_carea' id='block_1_71' title="bbox 1922 3431 3496 3507">
    <p class='ocr_par' dir='ltr' id='par_1_71' title="bbox 1932 3431 3496 3502">
     <span class='ocr_line' id='line_1_71' title="bbox 1932 3431 3496 3502; baseline -0.005 -10"><span class='ocrx_word' id='word_1_512' title='bbox 1932 3435 2136 3492; x_wconf 87' lang='lat' dir='ltr'><strong>solatus</strong></span> <span class='ocrx_word' id='word_1_513' title='bbox 2166 3434 2378 3500; x_wconf 77' lang='lat' dir='ltr'><strong>fuisset,</strong></span> <span class='ocrx_word' id='word_1_514' title='bbox 2406 3434 2474 3488; x_wconf 85' lang='lat' dir='ltr'><strong>ad</strong></span> <span class='ocrx_word' id='word_1_515' title='bbox 2503 3442 2805 3489; x_wconf 80' lang='lat' dir='ltr'><strong>extremum</strong></span> <span class='ocrx_word' id='word_1_516' title='bbox 2852 3434 2969 3488; x_wconf 79' lang='lat' dir='ltr'><strong>viso</strong></span> <span class='ocrx_word' id='word_1_517' title='bbox 3012 3434 3212 3502; x_wconf 88' lang='lat' dir='ltr'><strong>juvene</strong></span> <span class='ocrx_word' id='word_1_518' title='bbox 3256 3431 3496 3502; x_wconf 88' lang='lat' dir='ltr'><strong>quodam</strong></span> 
     </span>
    </p>
   </div>
   <div class='ocr_carea' id='block_1_72' title="bbox 248 3523 1823 3597">
    <p class='ocr_par' dir='ltr' id='par_1_72' title="bbox 248 3523 1823 3597">
     <span class='ocr_line' id='line_1_72' title="bbox 248 3523 1823 3597; baseline 0.001 -19"><span class='ocrx_word' id='word_1_519' title='bbox 248 3523 761 3595; x_wconf 68' lang='grc' dir='ltr'>παρακατατίθεμαι</span> <span class='ocrx_word' id='word_1_520' title='bbox 786 3524 924 3595; x_wconf 85' lang='grc' dir='ltr'><strong>μετά</strong></span> <span class='ocrx_word' id='word_1_521' title='bbox 956 3524 1135 3596; x_wconf 84' lang='grc' dir='ltr'>πάσης</span> <span class='ocrx_word' id='word_1_522' title='bbox 1171 3525 1424 3596; x_wconf 81' lang='grc' dir='ltr'>σπουδῆς,</span> <span class='ocrx_word' id='word_1_523' title='bbox 1464 3527 1556 3579; x_wconf 80' lang='grc' dir='ltr'><strong>ἐπὶ</strong></span> <span class='ocrx_word' id='word_1_524' title='bbox 1587 3527 1685 3597; x_wconf 84' lang='grc' dir='ltr'>τῆς</span> <span class='ocrx_word' id='word_1_525' title='bbox 1711 3527 1823 3579; x_wconf 88' lang='grc' dir='ltr'><strong>Ἐκ-</strong></span> 
     </span>
    </p>
   </div>
   <div class='ocr_carea' id='block_1_73' title="bbox 1922 3523 3497 3597">
    <p class='ocr_par' dir='ltr' id='par_1_73' title="bbox 1934 3523 3497 3596">
     <span class='ocr_line' id='line_1_73' title="bbox 1934 3523 3497 3596; baseline -0.003 -14"><span class='ocrx_word' id='word_1_526' title='bbox 1934 3534 2140 3582; x_wconf 81' lang='lat' dir='ltr'><strong>statura</strong></span> <span class='ocrx_word' id='word_1_527' title='bbox 2163 3526 2410 3596; x_wconf 90' lang='lat' dir='ltr'><strong>corporis</strong></span> <span class='ocrx_word' id='word_1_528' title='bbox 2452 3526 2693 3596; x_wconf 83' lang='lat' dir='ltr'><strong>egregio,</strong></span> <span class='ocrx_word' id='word_1_529' title='bbox 2732 3523 2879 3579; x_wconf 84' lang='lat' dir='ltr'><strong>vultu</strong></span> <span class='ocrx_word' id='word_1_530' title='bbox 2931 3538 3037 3578; x_wconf 90' lang='lat' dir='ltr'><strong>non</strong></span> <span class='ocrx_word' id='word_1_531' title='bbox 3097 3524 3405 3590; x_wconf 83' lang='lat' dir='ltr'><strong>invenusto,</strong></span> <span class='ocrx_word' id='word_1_532' title='bbox 3441 3530 3497 3577; x_wconf 87' lang='lat' dir='ltr'><strong>et</strong></span> 
     </span>
    </p>
   </div>
   <div class='ocr_carea' id='block_1_74' title="bbox 253 3613 1823 3688">
    <p class='ocr_par' dir='ltr' id='par_1_74' title="bbox 253 3613 1823 3688">
     <span class='ocr_line' id='line_1_74' title="bbox 253 3613 1823 3688; baseline 0.002 -22"><span class='ocrx_word' id='word_1_533' title='bbox 253 3614 474 3684; x_wconf 58' lang='lat' dir='ltr'><strong>uinaria;</strong></span> <span class='ocrx_word' id='word_1_534' title='bbox 505 3614 602 3668; x_wconf 65' lang='grc' dir='ltr'>καὶ</span> <span class='ocrx_word' id='word_1_535' title='bbox 616 3613 710 3666; x_wconf 77' lang='grc' dir='ltr'>τοῦ</span> <span class='ocrx_word' id='word_1_536' title='bbox 732 3613 969 3685; x_wconf 82' lang='grc' dir='ltr'>Χριστοῦ</span> <span class='ocrx_word' id='word_1_537' title='bbox 1006 3614 1299 3685; x_wconf 84' lang='grc' dir='ltr'>μάρτυρος.</span> <span class='ocrx_word' id='word_1_538' title='bbox 1323 3614 1429 3668; x_wconf 74' lang='grc' dir='ltr'>Τοῦ</span> <span class='ocrx_word' id='word_1_539' title='bbox 1457 3615 1514 3668; x_wconf 82' lang='grc' dir='ltr'><strong>δὲ</strong></span> <span class='ocrx_word' id='word_1_540' title='bbox 1534 3615 1823 3688; x_wconf 80' lang='grc' dir='ltr'>δεχομένου</span> 
     </span>
    </p>
   </div>
   <div class='ocr_carea' id='block_1_75' title="bbox 1922 3613 3496 3688">
    <p class='ocr_par' dir='ltr' id='par_1_75' title="bbox 1933 3616 3496 3686">
     <span class='ocr_line' id='line_1_75' title="bbox 1933 3616 3496 3686; baseline -0.002 -15"><span class='ocrx_word' id='word_1_541' title='bbox 1933 3617 2162 3673; x_wconf 79' lang='lat' dir='ltr'><strong>ferventi</strong></span> <span class='ocrx_word' id='word_1_542' title='bbox 2193 3618 2373 3673; x_wconf 89' lang='lat' dir='ltr'><strong>indole</strong></span> <span class='ocrx_word' id='word_1_543' title='bbox 2424 3617 2668 3686; x_wconf 64' lang='lat' dir='ltr'><strong>praedito,</strong></span> <span class='ocrx_word' id='word_1_544' title='bbox 2710 3631 3003 3672; x_wconf 89' lang='lat' dir='ltr'><strong>conversus</strong></span> <span class='ocrx_word' id='word_1_545' title='bbox 3036 3616 3103 3672; x_wconf 89' lang='lat' dir='ltr'><strong>ad</strong></span> <span class='ocrx_word' id='word_1_546' title='bbox 3160 3631 3281 3671; x_wconf 92' lang='lat' dir='ltr'><strong>eum</strong></span> <span class='ocrx_word' id='word_1_547' title='bbox 3329 3630 3496 3684; x_wconf 85' lang='lat' dir='ltr'><strong>quem</strong></span> 
     </span>
    </p>
   </div>
   <div class='ocr_carea' id='block_1_76' title="bbox 256 3706 1823 3778">
    <p class='ocr_par' dir='ltr' id='par_1_76' title="bbox 256 3706 1823 3778">
     <span class='ocr_line' id='line_1_76' title="bbox 256 3706 1823 3778; baseline 0.001 -19"><span class='ocrx_word' id='word_1_548' title='bbox 256 3707 342 3760; x_wconf 75' lang='grc' dir='ltr'>καὶ</span> <span class='ocrx_word' id='word_1_549' title='bbox 374 3706 535 3759; x_wconf 77' lang='grc' dir='ltr'>πάνθ’</span> <span class='ocrx_word' id='word_1_550' title='bbox 570 3707 1023 3778; x_wconf 80' lang='grc' dir='ltr'>ὑπισχνουμένου,</span> <span class='ocrx_word' id='word_1_551' title='bbox 1058 3706 1147 3760; x_wconf 71' lang='grc' dir='ltr'><strong>καὶ</strong></span> <span class='ocrx_word' id='word_1_552' title='bbox 1177 3707 1337 3761; x_wconf 83' lang='grc' dir='ltr'>πάλιν</span> <span class='ocrx_word' id='word_1_553' title='bbox 1376 3708 1444 3760; x_wconf 82' lang='grc' dir='ltr'>τὰ</span> <span class='ocrx_word' id='word_1_554' title='bbox 1471 3708 1612 3760; x_wconf 79' lang='grc' dir='ltr'>αὐτὰ</span> <span class='ocrx_word' id='word_1_555' title='bbox 1652 3707 1823 3762; x_wconf 85' lang='grc' dir='ltr'>διελέ-</span> 
     </span>
    </p>
   </div>
   <div class='ocr_carea' id='block_1_77' title="bbox 1922 3706 3500 3778">
    <p class='ocr_par' dir='ltr' id='par_1_77' title="bbox 1930 3706 3500 3778">
     <span class='ocr_line' id='line_1_77' title="bbox 1930 3706 3500 3778; baseline -0.002 -14"><span class='ocrx_word' id='word_1_556' title='bbox 1930 3708 2213 3764; x_wconf 88' lang='lat' dir='ltr'><strong>ordinarat</strong></span> <span class='ocrx_word' id='word_1_557' title='bbox 2235 3709 2549 3778; x_wconf 87' lang='lat' dir='ltr'><strong>episcopum</strong></span> <span class='ocrx_word' id='word_1_558' title='bbox 2584 3725 2598 3762; x_wconf 87' lang='lat'><strong>:</strong></span> <span class='ocrx_word' id='word_1_559' title='bbox 2633 3706 2811 3775; x_wconf 83' lang='lat' dir='ltr'><strong>Hunc,</strong></span> <span class='ocrx_word' id='word_1_560' title='bbox 2841 3709 3037 3778; x_wconf 90' lang='lat' dir='ltr'><strong>inquit,</strong></span> <span class='ocrx_word' id='word_1_561' title='bbox 3063 3723 3244 3763; x_wconf 91' lang='lat' dir='ltr'><strong>coram</strong></span> <span class='ocrx_word' id='word_1_562' title='bbox 3275 3709 3500 3762; x_wconf 78' lang='lat' dir='ltr'><strong>univer-</strong></span> 
     </span>
    </p>
   </div>
   <div class='ocr_carea' id='block_1_78' title="bbox 255 3794 1823 3873">
    <p class='ocr_par' dir='ltr' id='par_1_78' title="bbox 255 3794 1823 3873">
     <span class='ocr_line' id='line_1_78' title="bbox 255 3794 1823 3873; baseline 0.003 -22"><span class='ocrx_word' id='word_1_563' title='bbox 255 3813 375 3866; x_wconf 74' lang='grc' dir='ltr'>γετο</span> <span class='ocrx_word' id='word_1_564' title='bbox 405 3797 504 3850; x_wconf 76' lang='grc' dir='ltr'>καὶ</span> <span class='ocrx_word' id='word_1_565' title='bbox 533 3797 949 3870; x_wconf 85' lang='grc' dir='ltr'>διεμαρτύρετο.</span> <span class='ocrx_word' id='word_1_566' title='bbox 984 3794 1117 3853; x_wconf 74' lang='grc' dir='ltr'>Εἶτα</span> <span class='ocrx_word' id='word_1_567' title='bbox 1152 3801 1181 3853; x_wconf 83' lang='grc' dir='ltr'>ὁ</span> <span class='ocrx_word' id='word_1_568' title='bbox 1232 3799 1329 3870; x_wconf 79' lang='grc' dir='ltr'><strong>μὲν</strong></span> <span class='ocrx_word' id='word_1_569' title='bbox 1369 3800 1577 3872; x_wconf 81' lang='grc' dir='ltr'>ἀπῆρεν</span> <span class='ocrx_word' id='word_1_570' title='bbox 1605 3799 1696 3853; x_wconf 78' lang='grc' dir='ltr'>ἐπὶ</span> <span class='ocrx_word' id='word_1_571' title='bbox 1725 3802 1823 3873; x_wconf 83' lang='grc' dir='ltr'><strong>τὴν</strong></span> 
     </span>
    </p>
   </div>
   <div class='ocr_carea' id='block_1_79' title="bbox 1922 3794 3495 3873">
    <p class='ocr_par' dir='ltr' id='par_1_79' title="bbox 1931 3800 3495 3870">
     <span class='ocr_line' id='line_1_79' title="bbox 1931 3800 3495 3870; baseline -0.003 -12"><span class='ocrx_word' id='word_1_572' title='bbox 1931 3819 1987 3859; x_wconf 85' lang='lat' dir='ltr'><strong>sa</strong></span> <span class='ocrx_word' id='word_1_573' title='bbox 2015 3802 2259 3858; x_wconf 87' lang='lat' dir='ltr'><strong>Ecclesia</strong></span> <span class='ocrx_word' id='word_1_574' title='bbox 2308 3811 2363 3857; x_wconf 90' lang='lat' dir='ltr'><strong>et</strong></span> <span class='ocrx_word' id='word_1_575' title='bbox 2391 3802 2490 3856; x_wconf 92' lang='lat' dir='ltr'><strong>sub</strong></span> <span class='ocrx_word' id='word_1_576' title='bbox 2520 3801 2829 3857; x_wconf 91' lang='lat' dir='ltr'><strong>testimonio</strong></span> <span class='ocrx_word' id='word_1_577' title='bbox 2885 3800 3091 3870; x_wconf 73' lang='lat' dir='ltr'><strong>Christi</strong></span> <span class='ocrx_word' id='word_1_578' title='bbox 3127 3801 3367 3856; x_wconf 86' lang='lat' dir='ltr'><strong>studiose</strong></span> <span class='ocrx_word' id='word_1_579' title='bbox 3397 3800 3495 3856; x_wconf 84' lang='lat' dir='ltr'><strong>tibi</strong></span> 
     </span>
    </p>
   </div>
   <div class='ocr_carea' id='block_1_80' title="bbox 327 3972 1823 4044">
    <p class='ocr_par' dir='ltr' id='par_1_80' title="bbox 327 3972 1823 4044">
     <span class='ocr_line' id='line_1_80' title="bbox 327 3972 1823 4044; baseline 0.003 -17"><span class='ocrx_word' id='word_1_580' title='bbox 327 3973 400 4044; x_wconf 85' lang='lat'><strong>(8)</strong></span> <span class='ocrx_word' id='word_1_581' title='bbox 431 3973 543 4028; x_wconf 80' lang='grc' dir='ltr'><strong>Καὶ</strong></span> <span class='ocrx_word' id='word_1_582' title='bbox 573 3972 797 4040; x_wconf 83' lang='grc' dir='ltr'>πάντες</span> <span class='ocrx_word' id='word_1_583' title='bbox 822 3977 875 4028; x_wconf 84' lang='grc' dir='ltr'>οἱ</span> <span class='ocrx_word' id='word_1_584' title='bbox 917 3976 1325 4043; x_wconf 78' lang='grc' dir='ltr'>πρεσϐύτεροι.</span> <span class='ocrx_word' id='word_1_585' title='bbox 1360 3974 1494 4030; x_wconf 82' lang='lat' dir='ltr'><strong>Tres</strong></span> <span class='ocrx_word' id='word_1_586' title='bbox 1531 3976 1702 4031; x_wconf 89' lang='lat' dir='ltr'><strong>nostri</strong></span> <span class='ocrx_word' id='word_1_587' title='bbox 1735 3992 1823 4032; x_wconf 90' lang='lat' dir='ltr'><strong>co-</strong></span> 
     </span>
    </p>
   </div>
   <div class='ocr_carea' id='block_1_81' title="bbox 1922 3972 3496 4044">
    <p class='ocr_par' dir='ltr' id='par_1_81' title="bbox 1934 3973 3496 4031">
     <span class='ocr_line' id='line_1_81' title="bbox 1934 3973 3496 4031; baseline -0.001 0"><span class='ocrx_word' id='word_1_588' title='bbox 1934 3977 2115 4031; x_wconf 85' lang='lat' dir='ltr'><strong>versio</strong></span> <span class='ocrx_word' id='word_1_589' title='bbox 2146 3987 2384 4030; x_wconf 90' lang='lat' dir='ltr'><strong>nostram</strong></span> <span class='ocrx_word' id='word_1_590' title='bbox 2420 3975 2852 4030; x_wconf 86' lang='lat' dir='ltr'><strong>emendationem</strong></span> <span class='ocrx_word' id='word_1_591' title='bbox 2885 3974 3194 4031; x_wconf 79' lang='lat' dir='ltr'><strong>conﬁrmat.</strong></span> <span class='ocrx_word' id='word_1_592' title='bbox 3222 3973 3314 4029; x_wconf 89' lang='lat' dir='ltr'><strong>Sic</strong></span> <span class='ocrx_word' id='word_1_593' title='bbox 3344 3974 3496 4029; x_wconf 87' lang='lat' dir='ltr'><strong>enim</strong></span> 
     </span>
    </p>
   </div>
   <div class='ocr_carea' id='block_1_82' title="bbox 263 4043 3491 4114">
    <p class='ocr_par' dir='ltr' id='par_1_82' title="bbox 263 4043 3491 4114">
     <span class='ocr_line' id='line_1_82' title="bbox 263 4043 3491 4114; baseline -0 -17"><span class='ocrx_word' id='word_1_594' title='bbox 263 4043 426 4109; x_wconf 68' lang='lat' dir='ltr'><strong>dices,</strong></span> <span class='ocrx_word' id='word_1_595' title='bbox 456 4044 621 4108; x_wconf 56' lang='lat' dir='ltr'><strong>nam,</strong></span> <span class='ocrx_word' id='word_1_596' title='bbox 651 4044 789 4098; x_wconf 77' lang='lat' dir='ltr'><strong>Med.</strong></span> <span class='ocrx_word' id='word_1_597' title='bbox 820 4059 886 4114; x_wconf 82' lang='lat' dir='ltr'><strong>ac</strong></span> <span class='ocrx_word' id='word_1_598' title='bbox 915 4044 1073 4108; x_wconf 85' lang='lat' dir='ltr'><strong>Fuk.,</strong></span> <span class='ocrx_word' id='word_1_599' title='bbox 1099 4061 1284 4114; x_wconf 83' lang='lat' dir='ltr'><strong>vocem</strong></span> <span class='ocrx_word' id='word_1_600' title='bbox 1339 4046 1672 4100; x_wconf 90' lang='lat' dir='ltr'><strong>iuterserunt</strong></span> <span class='ocrx_word' id='word_1_601' title='bbox 1728 4047 1831 4101; x_wconf 86' lang='lat' dir='ltr'><strong>hoc</strong></span> <span class='ocrx_word' id='word_1_602' title='bbox 1935 4048 2097 4102; x_wconf 89' lang='lat' dir='ltr'><strong>habet</strong></span> <span class='ocrx_word' id='word_1_603' title='bbox 2122 4066 2136 4101; x_wconf 91' lang='lat'><strong>:</strong></span> <span class='ocrx_word' id='word_1_604' title='bbox 2178 4046 2484 4114; x_wconf 81' lang='lat' dir='ltr'><strong>Rogabatur</strong></span> <span class='ocrx_word' id='word_1_605' title='bbox 2508 4047 2667 4099; x_wconf 82' lang='lat' dir='ltr'><strong>etiam</strong></span> <span class='ocrx_word' id='word_1_606' title='bbox 2691 4048 2892 4100; x_wconf 84' lang='lat' dir='ltr'><strong>vicinas</strong></span> <span class='ocrx_word' id='word_1_607' title='bbox 2920 4045 3147 4098; x_wconf 80' lang='lat' dir='ltr'><strong>lustrare</strong></span> <span class='ocrx_word' id='word_1_608' title='bbox 3169 4044 3491 4114; x_wconf 77' lang='lat' dir='ltr'><strong>provincias,</strong></span> 
     </span>
    </p>
   </div>
   <div class='ocr_carea' id='block_1_83' title="bbox 262 4113 1823 4187">
    <p class='ocr_par' dir='ltr' id='par_1_83' title="bbox 262 4113 1819 4187">
     <span class='ocr_line' id='line_1_83' title="bbox 262 4113 1819 4187; baseline 0.001 -19"><span class='ocrx_word' id='word_1_609' title='bbox 262 4114 440 4181; x_wconf 82' lang='lat' dir='ltr'><strong>modo,</strong></span> <span class='ocrx_word' id='word_1_610' title='bbox 477 4118 574 4168; x_wconf 84' lang='grc' dir='ltr'><strong>καὶ</strong></span> <span class='ocrx_word' id='word_1_611' title='bbox 597 4113 796 4187; x_wconf 78' lang='grc' dir='ltr'>πάντες</span> <span class='ocrx_word' id='word_1_612' title='bbox 824 4113 881 4166; x_wconf 83' lang='grc' dir='ltr'>δὲ</span> <span class='ocrx_word' id='word_1_613' title='bbox 907 4117 955 4167; x_wconf 90' lang='grc' dir='ltr'>οἱ</span> <span class='ocrx_word' id='word_1_614' title='bbox 984 4113 1365 4187; x_wconf 78' lang='grc' dir='ltr'>πρεσϐύτεροι.</span> <span class='ocrx_word' id='word_1_615' title='bbox 1396 4114 1573 4171; x_wconf 89' lang='lat' dir='ltr'><strong>Locus</strong></span> <span class='ocrx_word' id='word_1_616' title='bbox 1597 4117 1684 4187; x_wconf 87' lang='lat' dir='ltr'><strong>hic</strong></span> <span class='ocrx_word' id='word_1_617' title='bbox 1709 4115 1819 4187; x_wconf 85' lang='lat' dir='ltr'><strong>lre-</strong></span> 
     </span>
    </p>
   </div>
   <div class='ocr_carea' id='block_1_84' title="bbox 1922 4113 3492 4187">
    <p class='ocr_par' dir='ltr' id='par_1_84' title="bbox 1923 4113 3492 4187">
     <span class='ocr_line' id='line_1_84' title="bbox 1923 4113 3492 4187; baseline -0.002 -16"><span class='ocrx_word' id='word_1_618' title='bbox 1923 4134 2027 4186; x_wconf 88' lang='lat' dir='ltr'><strong>quo</strong></span> <span class='ocrx_word' id='word_1_619' title='bbox 2054 4117 2129 4171; x_wconf 78' lang='lat' dir='ltr'><strong>uel</strong></span> <span class='ocrx_word' id='word_1_620' title='bbox 2153 4113 2417 4170; x_wconf 67' lang='lat' dir='ltr'><strong>Ecciesins</strong></span> <span class='ocrx_word' id='word_1_621' title='bbox 2441 4116 2711 4187; x_wconf 75' lang='lat' dir='ltr'><strong>fundaret,</strong></span> <span class='ocrx_word' id='word_1_622' title='bbox 2742 4116 2796 4168; x_wconf 87' lang='lat' dir='ltr'><strong>in</strong></span> <span class='ocrx_word' id='word_1_623' title='bbox 2814 4116 3002 4186; x_wconf 80' lang='lat' dir='ltr'><strong>quibus</strong></span> <span class='ocrx_word' id='word_1_624' title='bbox 3028 4130 3133 4187; x_wconf 79' lang='lat' dir='ltr'><strong>non</strong></span> <span class='ocrx_word' id='word_1_625' title='bbox 3157 4122 3310 4187; x_wconf 79' lang='lat' dir='ltr'><strong>erant</strong></span> <span class='ocrx_word' id='word_1_626' title='bbox 3327 4113 3453 4168; x_wconf 85' lang='lat' dir='ltr'><strong>locis</strong></span> <span class='ocrx_word' id='word_1_627' title='bbox 3470 4128 3492 4168; x_wconf 90' lang='lat'><strong>:</strong></span> 
     </span>
    </p>
   </div>
   <div class='ocr_carea' id='block_1_85' title="bbox 264 4183 3491 4258">
    <p class='ocr_par' dir='ltr' id='par_1_85' title="bbox 264 4183 3491 4258">
     <span class='ocr_line' id='line_1_85' title="bbox 264 4183 3491 4258; baseline -0 -21"><span class='ocrx_word' id='word_1_628' title='bbox 264 4187 362 4237; x_wconf 70' lang='lat' dir='ltr'><strong>nati</strong></span> <span class='ocrx_word' id='word_1_629' title='bbox 399 4194 579 4240; x_wconf 80' lang='lat' dir='ltr'><strong>exstat</strong></span> <span class='ocrx_word' id='word_1_630' title='bbox 604 4185 657 4258; x_wconf 80' lang='lat' dir='ltr'><strong>in</strong></span> <span class='ocrx_word' id='word_1_631' title='bbox 685 4184 780 4239; x_wconf 91' lang='lat' dir='ltr'><strong>lib.</strong></span> <span class='ocrx_word' id='word_1_632' title='bbox 806 4183 1140 4258; x_wconf 51' lang='lat' dir='ltr'><strong>tt,_cap.&#39;59,</strong></span> <span class='ocrx_word' id='word_1_633' title='bbox 1168 4183 1523 4258; x_wconf 43' lang='lat' dir='ltr'><strong>ubi’lrenteus</strong></span> <span class='ocrx_word' id='word_1_634' title='bbox 1557 4186 1818 4258; x_wconf 71' lang='lat' dir='ltr'><strong>disputat;</strong></span> <span class='ocrx_word' id='word_1_635' title='bbox 1926 4183 2001 4241; x_wconf 74' lang='lat' dir='ltr'><strong>uel</strong></span> <span class='ocrx_word' id='word_1_636' title='bbox 2034 4188 2087 4240; x_wconf 86' lang='lat' dir='ltr'><strong>in</strong></span> <span class='ocrx_word' id='word_1_637' title='bbox 2111 4187 2295 4258; x_wconf 82' lang='lat' dir='ltr'><strong>quibus</strong></span> <span class='ocrx_word' id='word_1_638' title='bbox 2318 4183 2864 4258; x_wconf 76' lang='lat' dir='ltr'><strong>erant,_sa_ce_rdotibus</strong></span> <span class='ocrx_word' id='word_1_639' title='bbox 2886 4201 2948 4238; x_wconf 88' lang='lat' dir='ltr'><strong>ac</strong></span> <span class='ocrx_word' id='word_1_640' title='bbox 2969 4185 3226 4258; x_wconf 66' lang='lat' dir='ltr'><strong>ministris</strong></span> <span class='ocrx_word' id='word_1_641' title='bbox 3258 4183 3491 4237; x_wconf 81' lang='lat' dir='ltr'><strong>instrue-</strong></span> 
     </span>
    </p>
   </div>
   <div class='ocr_carea' id='block_1_86' title="bbox 263 4254 3492 4326">
    <p class='ocr_par' dir='ltr' id='par_1_86' title="bbox 263 4254 3492 4326">
     <span class='ocr_line' id='line_1_86' title="bbox 263 4254 3492 4326; baseline 0.001 -20"><span class='ocrx_word' id='word_1_642' title='bbox 263 4264 392 4326; x_wconf 85' lang='lat' dir='ltr'><strong>quot</strong></span> <span class='ocrx_word' id='word_1_643' title='bbox 426 4270 598 4326; x_wconf 88' lang='lat' dir='ltr'><strong>annos</strong></span> <span class='ocrx_word' id='word_1_644' title='bbox 643 4254 698 4309; x_wconf 91' lang='lat' dir='ltr'><strong>in</strong></span> <span class='ocrx_word' id='word_1_645' title='bbox 753 4255 914 4326; x_wconf 84' lang='lat' dir='ltr'><strong>terris</strong></span> <span class='ocrx_word' id='word_1_646' title='bbox 964 4254 1166 4326; x_wconf 71' lang='lat' dir='ltr'><strong>vixerit</strong></span> <span class='ocrx_word' id='word_1_647' title='bbox 1202 4256 1475 4319; x_wconf 88' lang='lat' dir='ltr'><strong>Christus,</strong></span> <span class='ocrx_word' id='word_1_648' title='bbox 1512 4264 1567 4326; x_wconf 84' lang='lat' dir='ltr'><strong>et</strong></span> <span class='ocrx_word' id='word_1_649' title='bbox 1592 4254 1659 4326; x_wconf 64' lang='lat' dir='ltr'><strong>ei</strong></span> <span class='ocrx_word' id='word_1_650' title='bbox 1684 4255 1823 4326; x_wconf 87' lang='lat' dir='ltr'><strong>rela-</strong></span> <span class='ocrx_word' id='word_1_651' title='bbox 1928 4266 2026 4320; x_wconf 86' lang='lat' dir='ltr'><strong>ret,</strong></span> <span class='ocrx_word' id='word_1_652' title='bbox 2064 4254 2347 4311; x_wconf 72' lang='lat' dir='ltr'><strong>secundum</strong></span> <span class='ocrx_word' id='word_1_653' title='bbox 2367 4256 2506 4326; x_wconf 87' lang='lat' dir='ltr'><strong>quod</strong></span> <span class='ocrx_word' id='word_1_654' title='bbox 2533 4256 2580 4309; x_wconf 90' lang='lat' dir='ltr'><strong>ei</strong></span> <span class='ocrx_word' id='word_1_655' title='bbox 2597 4256 2767 4310; x_wconf 87' lang='lat' dir='ltr'><strong>denuo</strong></span> <span class='ocrx_word' id='word_1_656' title='bbox 2782 4272 2988 4325; x_wconf 83' lang='lat' dir='ltr'><strong>quoque</strong></span> <span class='ocrx_word' id='word_1_657' title='bbox 3014 4254 3249 4320; x_wconf 81' lang='lat' dir='ltr'><strong>Spiritus</strong></span> <span class='ocrx_word' id='word_1_658' title='bbox 3275 4265 3492 4308; x_wconf 82' lang='lat' dir='ltr'><strong>sanctus</strong></span> 
     </span>
    </p>
   </div>
   <div class='ocr_carea' id='block_1_87' title="bbox 274 4323 2230 4395">
    <p class='ocr_par' dir='ltr' id='par_1_87' title="bbox 274 4323 2230 4395">
     <span class='ocr_line' id='line_1_87' title="bbox 274 4323 2230 4395; baseline 0.001 -19"><span class='ocrx_word' id='word_1_659' title='bbox 274 4325 413 4378; x_wconf 76' lang='lat' dir='ltr'><strong>tione</strong></span> <span class='ocrx_word' id='word_1_660' title='bbox 444 4325 723 4380; x_wconf 89' lang='lat' dir='ltr'><strong>seniorum</strong></span> <span class='ocrx_word' id='word_1_661' title='bbox 764 4325 856 4392; x_wconf 86' lang='lat' dir='ltr'><strong>qui</strong></span> <span class='ocrx_word' id='word_1_662' title='bbox 908 4338 1029 4380; x_wconf 92' lang='lat' dir='ltr'><strong>cum</strong></span> <span class='ocrx_word' id='word_1_663' title='bbox 1063 4323 1269 4395; x_wconf 89' lang='lat' dir='ltr'><strong>Joanne</strong></span> <span class='ocrx_word' id='word_1_664' title='bbox 1318 4324 1564 4395; x_wconf 83' lang='lat' dir='ltr'><strong>apostolo</strong></span> <span class='ocrx_word' id='word_1_665' title='bbox 1594 4324 1649 4378; x_wconf 88' lang='lat' dir='ltr'><strong>in</strong></span> <span class='ocrx_word' id='word_1_666' title='bbox 1695 4324 1822 4379; x_wconf 83' lang='lat' dir='ltr'><strong>Asia</strong></span> <span class='ocrx_word' id='word_1_667' title='bbox 1928 4328 2230 4395; x_wconf 68' lang='lat' dir='ltr'><strong>indicasset.</strong></span> 
     </span>
    </p>
   </div>
   <div class='ocr_carea' id='block_1_88' title="bbox 271 4392 1823 4468">
    <p class='ocr_par' dir='ltr' id='par_1_88' title="bbox 271 4392 1823 4468">
     <span class='ocr_line' id='line_1_88' title="bbox 271 4392 1823 4468; baseline 0 -21"><span class='ocrx_word' id='word_1_668' title='bbox 271 4394 605 4468; x_wconf 76' lang='lat' dir='ltr'><strong>familiariter</strong></span> <span class='ocrx_word' id='word_1_669' title='bbox 630 4395 903 4457; x_wconf 74' lang='lat' dir='ltr'><strong>vixerant.</strong></span> <span class='ocrx_word' id='word_1_670' title='bbox 958 4396 1153 4450; x_wconf 88' lang='lat' dir='ltr'><strong>asserit</strong></span> <span class='ocrx_word' id='word_1_671' title='bbox 1201 4392 1475 4468; x_wconf 81' lang='lat' dir='ltr'><strong>Christum</strong></span> <span class='ocrx_word' id='word_1_672' title='bbox 1511 4393 1629 4464; x_wconf 92' lang='lat' dir='ltr'><strong>plus</strong></span> <span class='ocrx_word' id='word_1_673' title='bbox 1660 4409 1823 4465; x_wconf 90' lang='lat' dir='ltr'><strong>quam</strong></span> 
     </span>
    </p>
   </div>
   <div class='ocr_carea' id='block_1_89' title="bbox 1922 4392 3601 4468">
    <p class='ocr_par' dir='ltr' id='par_1_89' title="bbox 2004 4392 3601 4468">
     <span class='ocr_line' id='line_1_89' title="bbox 2004 4392 3601 4468; baseline 0 -20"><span class='ocrx_word' id='word_1_674' title='bbox 2004 4392 2244 4468; x_wconf 72' lang='lat' dir='ltr'><strong>(Hch</strong></span> <span class='ocrx_word' id='word_1_675' title='bbox 2262 4395 2360 4451; x_wconf 77' lang='grc' dir='ltr'>καὶ</span> <span class='ocrx_word' id='word_1_676' title='bbox 2384 4396 2645 4465; x_wconf 80' lang='grc' dir='ltr'>τοῦνομα</span> <span class='ocrx_word' id='word_1_677' title='bbox 2669 4394 2959 4468; x_wconf 53' lang='grc' dir='ltr'>λέγουσιν</span> <span class='ocrx_word' id='word_1_678' title='bbox 2990 4393 3161 4468; x_wconf 75' lang='grc' dir='ltr'>ἔνιοι.</span> <span class='ocrx_word' id='word_1_679' title='bbox 3205 4394 3494 4468; x_wconf 83' lang='lat' dir='ltr'><strong>Smyrnam</strong></span> <span class='ocrx_word' id='word_1_680' title='bbox 3594 4408 3601 4413; x_wconf 91' lang='grc'><strong>·</strong></span> 
     </span>
    </p>
   </div>
   <div class='ocr_carea' id='block_1_90' title="bbox 268 4438 3352 4536">
    <p class='ocr_par' dir='ltr' id='par_1_90' title="bbox 268 4438 3352 4536">
     <span class='ocr_line' id='line_1_90' title="bbox 268 4438 3352 4536; baseline 0.001 -22"><span class='ocrx_word' id='word_1_681' title='bbox 268 4438 618 4535; x_wconf 56' lang='lat' dir='ltr'><strong>quadraginta</strong></span> <span class='ocrx_word' id='word_1_682' title='bbox 662 4438 951 4536; x_wconf 55' lang='lat' dir='ltr'><strong>annoru&#39;m</strong></span> <span class='ocrx_word' id='word_1_683' title='bbox 991 4438 1181 4534; x_wconf 64' lang='lat' dir='ltr'><strong>spatio</strong></span> <span class='ocrx_word' id='word_1_684' title='bbox 1205 4438 1440 4520; x_wconf 37' lang='lat' dir='ltr'><strong>“vitam.</strong></span> <span class='ocrx_word' id='word_1_685' title='bbox 1485 4438 1824 4536; x_wconf 42' lang='lat' dir='ltr'><strong>p&#39;rourog&#39;asse.</strong></span> <span class='ocrx_word' id='word_1_686' title='bbox 1856 4438 1906 4498; x_wconf 76' lang='lat' dir='ltr'><strong>D</strong></span> <span class='ocrx_word' id='word_1_687' title='bbox 1933 4438 2253 4536; x_wconf 28' lang='lat' dir='ltr'><strong>vocatfhaii’c</strong></span> <span class='ocrx_word' id='word_1_688' title='bbox 2278 4438 2953 4521; x_wconf 41' lang='lat' dir='ltr'><strong>urberuvauﬁtoa‘hronici</strong></span> <span class='ocrx_word' id='word_1_689' title='bbox 2980 4438 3352 4536; x_wconf 59' lang='lat' dir='ltr'><strong>Alexandrini.</strong></span> 
     </span>
    </p>
   </div>
   <div class='ocr_carea' id='block_1_91' title="bbox 274 4532 1823 4607">
    <p class='ocr_par' dir='ltr' id='par_1_91' title="bbox 274 4532 1823 4607">
     <span class='ocr_line' id='line_1_91' title="bbox 274 4532 1823 4607; baseline 0 -20"><span class='ocrx_word' id='word_1_690' title='bbox 274 4532 613 4607; x_wconf 36' lang='lat' dir='ltr'><strong>\A&#39;erbagejus</strong></span> <span class='ocrx_word' id='word_1_691' title='bbox 661 4534 779 4607; x_wconf 69' lang='lat' dir='ltr'><strong>haec</strong></span> <span class='ocrx_word' id='word_1_692' title='bbox 828 4544 953 4589; x_wconf 88' lang='lat' dir='ltr'><strong>sunt</strong></span> <span class='ocrx_word' id='word_1_693' title='bbox 998 4532 1065 4591; x_wconf 70' lang='lat' dir='ltr'><strong>ei:</strong></span> <span class='ocrx_word' id='word_1_694' title='bbox 1118 4536 1287 4607; x_wconf 84' lang='lat' dir='ltr'><strong>veteri</strong></span> <span class='ocrx_word' id='word_1_695' title='bbox 1338 4532 1823 4607; x_wconf 74' lang='lat' dir='ltr'><strong>interpretatione:</strong></span> 
     </span>
    </p>
   </div>
   <div class='ocr_carea' id='block_1_92' title="bbox 1922 4532 3492 4607">
    <p class='ocr_par' dir='ltr' id='par_1_92' title="bbox 1931 4532 3492 4607">
     <span class='ocr_line' id='line_1_92' title="bbox 1931 4532 3492 4607; baseline -0.002 -17"><span class='ocrx_word' id='word_1_696' title='bbox 1931 4604 1973 4607; x_wconf 36' lang='grc' dir='ltr'>ῃ</span> <span class='ocrx_word' id='word_1_697' title='bbox 2003 4534 2114 4607; x_wconf 69' lang='lat'><strong>(1‘2)</strong></span> <span class='ocrx_word' id='word_1_698' title='bbox 2163 4536 2297 4607; x_wconf 15' lang='grc' dir='ltr'><strong>Καὶί</strong></span> <span class='ocrx_word' id='word_1_699' title='bbox 2324 4535 2519 4591; x_wconf 75' lang='grc' dir='ltr'>τᾶλλα</span> <span class='ocrx_word' id='word_1_700' title='bbox 2562 4536 2921 4607; x_wconf 79' lang='grc' dir='ltr'>ἀναπαύσας</span> <span class='ocrx_word' id='word_1_701' title='bbox 2973 4533 3117 4600; x_wconf 84' lang='grc' dir='ltr'>τοὺς</span> <span class='ocrx_word' id='word_1_702' title='bbox 3168 4532 3492 4607; x_wconf 69' lang='grc' dir='ltr'>ἀδελφούς.</span> 
     </span>
    </p>
   </div>
   <div class='ocr_carea' id='block_1_93' title="bbox 272 4602 3494 4676">
    <p class='ocr_par' dir='ltr' id='par_1_93' title="bbox 272 4602 3494 4676">
     <span class='ocr_line' id='line_1_93' title="bbox 272 4602 3494 4676; baseline 0 -19"><span class='ocrx_word' id='word_1_703' title='bbox 272 4602 413 4658; x_wconf 82' lang='lat' dir='ltr'><strong>Sicut</strong></span> <span class='ocrx_word' id='word_1_704' title='bbox 444 4602 791 4676; x_wconf 77' lang='lat' dir='ltr'><strong>Evangelium</strong></span> <span class='ocrx_word' id='word_1_705' title='bbox 817 4615 863 4658; x_wconf 84' lang='lat' dir='ltr'><strong>et</strong></span> <span class='ocrx_word' id='word_1_706' title='bbox 886 4621 1060 4676; x_wconf 83' lang='lat' dir='ltr'><strong>omnes</strong></span> <span class='ocrx_word' id='word_1_707' title='bbox 1091 4606 1321 4676; x_wconf 73' lang='lat' dir='ltr'><strong>seniores</strong></span> <span class='ocrx_word' id='word_1_708' title='bbox 1344 4602 1626 4669; x_wconf 75' lang='lat' dir='ltr'><strong>testantur,</strong></span> <span class='ocrx_word' id='word_1_709' title='bbox 1652 4605 1743 4675; x_wconf 84' lang='lat' dir='ltr'><strong>qui</strong></span> <span class='ocrx_word' id='word_1_710' title='bbox 1776 4605 1831 4659; x_wconf 86' lang='lat' dir='ltr'><strong>in</strong></span> <span class='ocrx_word' id='word_1_711' title='bbox 1930 4602 2104 4676; x_wconf 71' lang='lat' dir='ltr'><strong>Hujus</strong></span> <span class='ocrx_word' id='word_1_712' title='bbox 2150 4606 2301 4661; x_wconf 89' lang='lat' dir='ltr'><strong>verbi</strong></span> <span class='ocrx_word' id='word_1_713' title='bbox 2355 4608 2461 4659; x_wconf 92' lang='lat' dir='ltr'><strong>vim</strong></span> <span class='ocrx_word' id='word_1_714' title='bbox 2501 4622 2565 4676; x_wconf 74' lang='lat' dir='ltr'><strong>ac</strong></span> <span class='ocrx_word' id='word_1_715' title='bbox 2608 4606 2994 4676; x_wconf 82' lang='lat' dir='ltr'><strong>proprietatem</strong></span> <span class='ocrx_word' id='word_1_716' title='bbox 3055 4620 3160 4676; x_wconf 86' lang='lat' dir='ltr'><strong>non</strong></span> <span class='ocrx_word' id='word_1_717' title='bbox 3221 4605 3494 4676; x_wconf 54' lang='lat' dir='ltr'><strong>intellegit</strong></span> 
     </span>
    </p>
   </div>
   <div class='ocr_carea' id='block_1_94' title="bbox 174 4674 1828 4744">
    <p class='ocr_par' dir='ltr' id='par_1_94' title="bbox 174 4674 1828 4744">
     <span class='ocr_line' id='line_1_94' title="bbox 174 4674 1828 4744; baseline 0.001 -19"><span class='ocrx_word' id='word_1_718' title='bbox 174 4724 177 4725; x_wconf 65' lang='lat'>,</span> <span class='ocrx_word' id='word_1_719' title='bbox 270 4676 389 4728; x_wconf 76' lang='lat' dir='ltr'><strong>Asia</strong></span> <span class='ocrx_word' id='word_1_720' title='bbox 416 4675 558 4744; x_wconf 77' lang='lat' dir='ltr'><strong>apud</strong></span> <span class='ocrx_word' id='word_1_721' title='bbox 580 4674 846 4729; x_wconf 71' lang='lat' dir='ltr'><strong>Joannem</strong></span> <span class='ocrx_word' id='word_1_722' title='bbox 873 4675 1190 4743; x_wconf 81' lang='lat' dir='ltr'><strong>discipulum</strong></span> <span class='ocrx_word' id='word_1_723' title='bbox 1217 4674 1430 4744; x_wconf 73' lang='lat' dir='ltr'><strong>Domini</strong></span> <span class='ocrx_word' id='word_1_724' title='bbox 1457 4674 1828 4736; x_wconf 76' lang='lat' dir='ltr'><strong>convenerunt.</strong></span> 
     </span>
    </p>
   </div>
   <div class='ocr_carea' id='block_1_95' title="bbox 269 4742 1829 4810">
    <p class='ocr_par' dir='ltr' id='par_1_95' title="bbox 269 4742 1829 4810">
     <span class='ocr_line' id='line_1_95' title="bbox 269 4742 1829 4810; baseline 0.001 -13"><span class='ocrx_word' id='word_1_725' title='bbox 269 4745 320 4797; x_wconf 82' lang='lat' dir='ltr'><strong>id</strong></span> <span class='ocrx_word' id='word_1_726' title='bbox 352 4742 521 4810; x_wconf 79' lang='lat' dir='ltr'><strong>ipsum</strong></span> <span class='ocrx_word' id='word_1_727' title='bbox 570 4744 855 4799; x_wconf 82' lang='lat' dir='ltr'><strong>tradidisse</strong></span> <span class='ocrx_word' id='word_1_728' title='bbox 892 4746 967 4798; x_wconf 83' lang='lat' dir='ltr'><strong>eis</strong></span> <span class='ocrx_word' id='word_1_729' title='bbox 995 4742 1280 4799; x_wconf 80' lang='lat' dir='ltr'><strong>Joannem.</strong></span> <span class='ocrx_word' id='word_1_730' title='bbox 1318 4742 1619 4800; x_wconf 81' lang='lat' dir='ltr'><strong>Permansit</strong></span> <span class='ocrx_word' id='word_1_731' title='bbox 1653 4753 1829 4799; x_wconf 83' lang='lat' dir='ltr'><strong>autem</strong></span> 
     </span>
    </p>
   </div>
   <div class='ocr_carea' id='block_1_96' title="bbox 272 4813 1305 4884">
    <p class='ocr_par' dir='ltr' id='par_1_96' title="bbox 272 4813 1305 4884">
     <span class='ocr_line' id='line_1_96' title="bbox 272 4813 1305 4884; baseline 0 -17"><span class='ocrx_word' id='word_1_732' title='bbox 272 4830 381 4868; x_wconf 84' lang='lat' dir='ltr'><strong>cum</strong></span> <span class='ocrx_word' id='word_1_733' title='bbox 413 4815 479 4884; x_wconf 79' lang='lat' dir='ltr'><strong>iis</strong></span> <span class='ocrx_word' id='word_1_734' title='bbox 509 4831 676 4884; x_wconf 84' lang='lat' dir='ltr'><strong>usque</strong></span> <span class='ocrx_word' id='word_1_735' title='bbox 694 4814 764 4884; x_wconf 83' lang='lat' dir='ltr'><strong>ad</strong></span> <span class='ocrx_word' id='word_1_736' title='bbox 794 4813 1017 4884; x_wconf 54' lang='lat' dir='ltr'><strong>’I’rajani</strong></span> <span class='ocrx_word' id='word_1_737' title='bbox 1052 4825 1305 4878; x_wconf 86' lang='lat' dir='ltr'><strong>tempora.</strong></span> 
     </span>
    </p>
   </div>
   <div class='ocr_carea' id='block_1_97' title="bbox 336 4883 1831 4956">
    <p class='ocr_par' dir='ltr' id='par_1_97' title="bbox 336 4883 1831 4956">
     <span class='ocr_line' id='line_1_97' title="bbox 336 4883 1831 4956; baseline -0.001 -17"><span class='ocrx_word' id='word_1_738' title='bbox 336 4884 407 4956; x_wconf 89' lang='lat'><strong>(9)</strong></span> <span class='ocrx_word' id='word_1_739' title='bbox 423 4883 739 4956; x_wconf 65' lang='lat' dir='ltr'><strong>Vtilg..ftspi</strong></span> <span class='ocrx_word' id='word_1_740' title='bbox 773 4883 1055 4956; x_wconf 67' lang='lat' dir='ltr'><strong>’Iwa&#39;rrou</strong></span> <span class='ocrx_word' id='word_1_741' title='bbox 1074 4884 1180 4939; x_wconf 80' lang='grc' dir='ltr'>τοῦ</span> <span class='ocrx_word' id='word_1_742' title='bbox 1216 4884 1561 4938; x_wconf 80' lang='grc' dir='ltr'>ἀποστόλου</span> <span class='ocrx_word' id='word_1_743' title='bbox 1589 4884 1831 4953; x_wconf 69' lang='grc' dir='ltr'>λεγόμε-</span> 
     </span>
    </p>
   </div>
   <div class='ocr_carea' id='block_1_98' title="bbox 269 4953 1830 5025">
    <p class='ocr_par' dir='ltr' id='par_1_98' title="bbox 269 4953 1830 5025">
     <span class='ocr_line' id='line_1_98' title="bbox 269 4953 1830 5025; baseline -0.001 -16"><span class='ocrx_word' id='word_1_744' title='bbox 269 4953 505 5021; x_wconf 57' lang='grc' dir='ltr'>νοι-,καὶ</span> <span class='ocrx_word' id='word_1_745' title='bbox 523 4954 671 5025; x_wconf 77' lang='grc' dir='ltr'><strong>ἡμῖν</strong></span> <span class='ocrx_word' id='word_1_746' title='bbox 687 4954 1190 5025; x_wconf 57' lang='grc' dir='ltr'>παραδεδομένον.</span> <span class='ocrx_word' id='word_1_747' title='bbox 1227 4956 1280 5008; x_wconf 90' lang='lat' dir='ltr'><strong>ln</strong></span> <span class='ocrx_word' id='word_1_748' title='bbox 1311 4956 1480 5008; x_wconf 90' lang='lat' dir='ltr'><strong>tribus</strong></span> <span class='ocrx_word' id='word_1_749' title='bbox 1505 4960 1704 5025; x_wconf 83' lang='lat' dir='ltr'><strong>nostris</strong></span> <span class='ocrx_word' id='word_1_750' title='bbox 1734 4971 1830 5008; x_wconf 87' lang='lat' dir='ltr'><strong>co-</strong></span> 
     </span>
    </p>
   </div>
   <div class='ocr_carea' id='block_1_99' title="bbox 274 5023 1825 5093">
    <p class='ocr_par' dir='ltr' id='par_1_99' title="bbox 274 5023 1825 5093">
     <span class='ocr_line' id='line_1_99' title="bbox 274 5023 1825 5093; baseline 0.001 -16"><span class='ocrx_word' id='word_1_751' title='bbox 274 5027 484 5085; x_wconf 86' lang='lat' dir='ltr'><strong>dicibus,</strong></span> <span class='ocrx_word' id='word_1_752' title='bbox 503 5023 667 5090; x_wconf 54' lang='lat' dir='ltr'><strong>un,</strong></span> <span class='ocrx_word' id='word_1_753' title='bbox 690 5024 827 5078; x_wconf 84' lang='lat' dir='ltr'><strong>Med.</strong></span> <span class='ocrx_word' id='word_1_754' title='bbox 853 5042 915 5077; x_wconf 88' lang='lat' dir='ltr'><strong>ac</strong></span> <span class='ocrx_word' id='word_1_755' title='bbox 939 5023 1097 5090; x_wconf 87' lang='lat' dir='ltr'><strong>Fnk.,</strong></span> <span class='ocrx_word' id='word_1_756' title='bbox 1118 5026 1204 5078; x_wconf 89' lang='lat' dir='ltr'><strong>hic</strong></span> <span class='ocrx_word' id='word_1_757' title='bbox 1231 5025 1379 5079; x_wconf 90' lang='lat' dir='ltr'><strong>locus</strong></span> <span class='ocrx_word' id='word_1_758' title='bbox 1412 5025 1479 5078; x_wconf 90' lang='lat' dir='ltr'><strong>ita</strong></span> <span class='ocrx_word' id='word_1_759' title='bbox 1516 5023 1825 5093; x_wconf 88' lang='lat' dir='ltr'><strong>legitur.....</strong></span> 
     </span>
    </p>
   </div>
   <div class='ocr_carea' id='block_1_100' title="bbox 272 5093 1829 5168">
    <p class='ocr_par' dir='ltr' id='par_1_100' title="bbox 272 5093 1829 5168">
     <span class='ocr_line' id='line_1_100' title="bbox 272 5093 1829 5168; baseline 0.001 -20"><span class='ocrx_word' id='word_1_760' title='bbox 272 5097 385 5168; x_wconf 74' lang='grc' dir='ltr'>περὶ</span> <span class='ocrx_word' id='word_1_761' title='bbox 398 5096 644 5149; x_wconf 81' lang='grc' dir='ltr'>Ἰωάννου</span> <span class='ocrx_word' id='word_1_762' title='bbox 659 5094 754 5168; x_wconf 86' lang='grc' dir='ltr'>τοῦ</span> <span class='ocrx_word' id='word_1_763' title='bbox 766 5095 1062 5148; x_wconf 80' lang='grc' dir='ltr'>ἀποστόλου</span> <span class='ocrx_word' id='word_1_764' title='bbox 1076 5093 1526 5166; x_wconf 82' lang='grc' dir='ltr'>παραδεδομένον,</span> <span class='ocrx_word' id='word_1_765' title='bbox 1546 5110 1679 5162; x_wconf 84' lang='lat' dir='ltr'><strong>expu</strong></span> <span class='ocrx_word' id='word_1_766' title='bbox 1689 5110 1753 5148; x_wconf 91' lang='lat' dir='ltr'><strong>nc</strong></span> <span class='ocrx_word' id='word_1_767' title='bbox 1760 5098 1829 5168; x_wconf 88' lang='lat' dir='ltr'><strong>tis</strong></span> 
     </span>
    </p>
   </div>
   <div class='ocr_carea' id='block_1_101' title="bbox 278 5167 1821 5236">
    <p class='ocr_par' dir='ltr' id='par_1_101' title="bbox 278 5167 1821 5236">
     <span class='ocr_line' id='line_1_101' title="bbox 278 5167 1821 5236; baseline 0.003 -21"><span class='ocrx_word' id='word_1_768' title='bbox 278 5167 428 5219; x_wconf 84' lang='lat' dir='ltr'><strong>tribus</strong></span> <span class='ocrx_word' id='word_1_769' title='bbox 459 5168 567 5221; x_wconf 89' lang='lat' dir='ltr'><strong>illis</strong></span> <span class='ocrx_word' id='word_1_770' title='bbox 595 5167 835 5230; x_wconf 85' lang='lat' dir='ltr'><strong>vocibus,</strong></span> <span class='ocrx_word' id='word_1_771' title='bbox 869 5182 991 5235; x_wconf 71' lang='lat' dir='ltr'><strong>qua:</strong></span> <span class='ocrx_word' id='word_1_772' title='bbox 1017 5168 1261 5236; x_wconf 78' lang='lat' dir='ltr'><strong>profecto</strong></span> <span class='ocrx_word' id='word_1_773' title='bbox 1282 5181 1469 5227; x_wconf 85' lang='lat' dir='ltr'><strong>parum</strong></span> <span class='ocrx_word' id='word_1_774' title='bbox 1495 5167 1821 5219; x_wconf 64' lang='lat' dir='ltr'><strong>necessariae</strong></span> 
     </span>
    </p>
   </div>
   <div class='ocr_carea' id='block_1_102' title="bbox 274 5237 520 5289">
    <p class='ocr_par' dir='ltr' id='par_1_102' title="bbox 274 5237 520 5289">
     <span class='ocr_line' id='line_1_102' title="bbox 274 5237 520 5289; baseline 0.008 -2"><span class='ocrx_word' id='word_1_775' title='bbox 274 5237 520 5289; x_wconf 79' lang='lat' dir='ltr'><strong>videntur.</strong></span> 
     </span>
    </p>
   </div>
   <div class='ocr_carea' id='block_1_103' title="bbox 335 5305 1822 5377">
    <p class='ocr_par' dir='ltr' id='par_1_103' title="bbox 335 5305 1822 5377">
     <span class='ocr_line' id='line_1_103' title="bbox 335 5305 1822 5377; baseline -0.001 -18"><span class='ocrx_word' id='word_1_776' title='bbox 335 5309 435 5377; x_wconf 87' lang='lat' dir='ltr'><strong>(l0)</strong></span> <span class='ocrx_word' id='word_1_777' title='bbox 456 5305 615 5373; x_wconf 73' lang='lat' dir='ltr'><strong>Vulg.</strong></span> <span class='ocrx_word' id='word_1_778' title='bbox 633 5305 787 5360; x_wconf 80' lang='grc' dir='ltr'>ὅπου</span> <span class='ocrx_word' id='word_1_779' title='bbox 808 5306 874 5361; x_wconf 80' lang='grc' dir='ltr'>δέ</span> <span class='ocrx_word' id='word_1_780' title='bbox 887 5323 952 5377; x_wconf 79' lang='grc' dir='ltr'>γε</span> <span class='ocrx_word' id='word_1_781' title='bbox 967 5309 1195 5374; x_wconf 79' lang='grc' dir='ltr'>κληρον</span> <span class='ocrx_word' id='word_1_782' title='bbox 1207 5322 1315 5359; x_wconf 81' lang='grc' dir='ltr'>ενα</span> <span class='ocrx_word' id='word_1_783' title='bbox 1330 5321 1461 5377; x_wconf 79' lang='grc' dir='ltr'>τινα</span> <span class='ocrx_word' id='word_1_784' title='bbox 1478 5309 1822 5377; x_wconf 75' lang='grc' dir='ltr'>κληρωσων.</span> 
     </span>
    </p>
   </div>
   <div class='ocr_carea' id='block_1_104' title="bbox 276 5376 1824 5446">
    <p class='ocr_par' dir='ltr' id='par_1_104' title="bbox 276 5376 1824 5446">
     <span class='ocr_line' id='line_1_104' title="bbox 276 5376 1824 5446; baseline -0.001 -16"><span class='ocrx_word' id='word_1_785' title='bbox 276 5376 611 5432; x_wconf 78' lang='grc' dir='ltr'>ΙΙιιηοΙοοιιιιι</span> <span class='ocrx_word' id='word_1_786' title='bbox 641 5394 709 5431; x_wconf 87' lang='lat' dir='ltr'><strong>ex</strong></span> <span class='ocrx_word' id='word_1_787' title='bbox 750 5377 851 5431; x_wconf 81' lang='lat' dir='ltr'><strong>ﬁde</strong></span> <span class='ocrx_word' id='word_1_788' title='bbox 874 5390 1035 5446; x_wconf 86' lang='lat' dir='ltr'><strong>atque</strong></span> <span class='ocrx_word' id='word_1_789' title='bbox 1058 5378 1380 5430; x_wconf 84' lang='lat' dir='ltr'><strong>auctoritate</strong></span> <span class='ocrx_word' id='word_1_790' title='bbox 1401 5376 1558 5429; x_wconf 87' lang='lat' dir='ltr'><strong>trium</strong></span> <span class='ocrx_word' id='word_1_791' title='bbox 1572 5376 1824 5446; x_wconf 86' lang='lat' dir='ltr'><strong>codicum</strong></span> 
     </span>
    </p>
   </div>
   <div class='ocr_carea' id='block_1_105' title="bbox 278 5444 1825 5517">
    <p class='ocr_par' dir='ltr' id='par_1_105' title="bbox 278 5444 1825 5517">
     <span class='ocr_line' id='line_1_105' title="bbox 278 5444 1825 5517; baseline -0.002 -16"><span class='ocrx_word' id='word_1_792' title='bbox 278 5446 414 5510; x_wconf 60' lang='lat' dir='ltr'><strong>llam,</strong></span> <span class='ocrx_word' id='word_1_793' title='bbox 443 5447 584 5502; x_wconf 78' lang='lat' dir='ltr'><strong>Med.</strong></span> <span class='ocrx_word' id='word_1_794' title='bbox 627 5462 696 5501; x_wconf 88' lang='lat' dir='ltr'><strong>ac</strong></span> <span class='ocrx_word' id='word_1_795' title='bbox 722 5445 863 5500; x_wconf 86' lang='lat' dir='ltr'><strong>Fuk.</strong></span> <span class='ocrx_word' id='word_1_796' title='bbox 893 5444 1107 5517; x_wconf 80' lang='lat' dir='ltr'><strong>egregie</strong></span> <span class='ocrx_word' id='word_1_797' title='bbox 1126 5447 1482 5511; x_wconf 84' lang='lat' dir='ltr'><strong>rcstituimus,</strong></span> <span class='ocrx_word' id='word_1_798' title='bbox 1508 5444 1705 5513; x_wconf 83' lang='lat' dir='ltr'><strong>rejecta</strong></span> <span class='ocrx_word' id='word_1_799' title='bbox 1735 5459 1825 5498; x_wconf 90' lang='lat' dir='ltr'><strong>co-</strong></span> 
     </span>
    </p>
   </div>
   <div class='ocr_carea' id='block_1_106' title="bbox 278 5517 1819 5587">
    <p class='ocr_par' dir='ltr' id='par_1_106' title="bbox 278 5517 1819 5587">
     <span class='ocr_line' id='line_1_106' title="bbox 278 5517 1819 5587; baseline -0.001 -17"><span class='ocrx_word' id='word_1_800' title='bbox 278 5518 389 5572; x_wconf 84' lang='lat' dir='ltr'><strong>dicis</strong></span> <span class='ocrx_word' id='word_1_801' title='bbox 416 5517 568 5587; x_wconf 79' lang='lat' dir='ltr'><strong>Bcgii</strong></span> <span class='ocrx_word' id='word_1_802' title='bbox 601 5517 868 5587; x_wconf 69' lang='lat' dir='ltr'><strong>let-tione,</strong></span> <span class='ocrx_word' id='word_1_803' title='bbox 899 5533 1016 5587; x_wconf 68' lang='lat' dir='ltr'><strong>qum</strong></span> <span class='ocrx_word' id='word_1_804' title='bbox 1062 5517 1190 5587; x_wconf 77' lang='lat' dir='ltr'><strong>ferri</strong></span> <span class='ocrx_word' id='word_1_805' title='bbox 1218 5517 1439 5587; x_wconf 85' lang='lat' dir='ltr'><strong>omnino</strong></span> <span class='ocrx_word' id='word_1_806' title='bbox 1472 5523 1819 5587; x_wconf 59' lang='lat' dir='ltr'><strong>_nont_pgest.</strong></span> 
     </span>
    </p>
   </div>
   <div class='ocr_carea' id='block_1_107' title="bbox 277 5582 1827 5658">
    <p class='ocr_par' dir='ltr' id='par_1_107' title="bbox 277 5582 1827 5658">
     <span class='ocr_line' id='line_1_107' title="bbox 277 5582 1827 5658; baseline -0.002 -20"><span class='ocrx_word' id='word_1_807' title='bbox 277 5588 387 5653; x_wconf 78' lang='lat' dir='ltr'><strong>Quid</strong></span> <span class='ocrx_word' id='word_1_808' title='bbox 437 5582 586 5644; x_wconf 60' lang='lat' dir='ltr'><strong>enim</strong></span> <span class='ocrx_word' id='word_1_809' title='bbox 622 5586 879 5658; x_wconf 82' lang='lat' dir='ltr'><strong>sibivult</strong></span> <span class='ocrx_word' id='word_1_810' title='bbox 907 5582 1107 5658; x_wconf 78' lang='grc' dir='ltr'>κλῆρον</span> <span class='ocrx_word' id='word_1_811' title='bbox 1136 5586 1231 5640; x_wconf 72' lang='grc' dir='ltr'><strong>ἕνα</strong></span> <span class='ocrx_word' id='word_1_812' title='bbox 1257 5585 1365 5638; x_wconf 83' lang='grc' dir='ltr'><strong>τῶν</strong></span> <span class='ocrx_word' id='word_1_813' title='bbox 1393 5585 1497 5638; x_wconf 78' lang='grc' dir='ltr'>ὑπὸ</span> <span class='ocrx_word' id='word_1_814' title='bbox 1526 5583 1619 5636; x_wconf 81' lang='grc' dir='ltr'>τοῦ</span> <span class='ocrx_word' id='word_1_815' title='bbox 1664 5582 1827 5658; x_wconf 82' lang='grc' dir='ltr'>Πνεύ-</span> 
     </span>
    </p>
   </div>
   <div class='ocr_carea' id='block_1_108' title="bbox 335 5655 1824 5740">
    <p class='ocr_par' dir='ltr' id='par_1_108' title="bbox 335 5655 1824 5740">
     <span class='ocr_line' id='line_1_108' title="bbox 335 5655 1824 5740; baseline -0.005 -27"><span class='ocrx_word' id='word_1_816' title='bbox 335 5677 414 5725; x_wconf 84' lang='grc' dir='ltr'><strong>τος</strong></span> <span class='ocrx_word' id='word_1_817' title='bbox 432 5657 884 5740; x_wconf 73' lang='grc' dir='ltr'>σημαινομένων.</span> <span class='ocrx_word' id='word_1_818' title='bbox 924 5659 989 5709; x_wconf 83' lang='lat' dir='ltr'><strong>At</strong></span> <span class='ocrx_word' id='word_1_819' title='bbox 1018 5655 1073 5709; x_wconf 87' lang='lat' dir='ltr'><strong>in</strong></span> <span class='ocrx_word' id='word_1_820' title='bbox 1096 5656 1325 5737; x_wconf 76' lang='lat' dir='ltr'><strong>lectione</strong></span> <span class='ocrx_word' id='word_1_821' title='bbox 1351 5671 1509 5740; x_wconf 69' lang='lat' dir='ltr'><strong>quam</strong></span> <span class='ocrx_word' id='word_1_822' title='bbox 1536 5670 1604 5740; x_wconf 58' lang='grc' dir='ltr'>οξ</span> <span class='ocrx_word' id='word_1_823' title='bbox 1627 5655 1824 5740; x_wconf 54' lang='lat' dir='ltr'><strong>codici:</strong></span> 
     </span>
    </p>
   </div>
   <div class='ocr_carea' id='block_1_109' title="bbox 268 5676 1820 5796">
    <p class='ocr_par' dir='ltr' id='par_1_109' title="bbox 268 5676 1820 5796">
     <span class='ocr_line' id='line_1_109' title="bbox 268 5676 1820 5786; baseline -0.006 -72"><span class='ocrx_word' id='word_1_824' title='bbox 268 5676 414 5786; x_wconf 54' lang='grc' dir='ltr'>ἴσως</span> <span class='ocrx_word' id='word_1_825' title='bbox 432 5676 884 5740; x_wconf 75' lang='grc' dir='ltr'>σημαινομενων.</span> <span class='ocrx_word' id='word_1_826' title='bbox 924 5676 989 5709; x_wconf 70' lang='lat' dir='ltr'><strong>Al</strong></span> <span class='ocrx_word' id='word_1_827' title='bbox 1021 5676 1073 5709; x_wconf 78' lang='lat' dir='ltr'><strong>In</strong></span> <span class='ocrx_word' id='word_1_828' title='bbox 1096 5676 1325 5737; x_wconf 60' lang='grc' dir='ltr'>ιεειιοιιρ</span> <span class='ocrx_word' id='word_1_829' title='bbox 1351 5676 1509 5724; x_wconf 83' lang='lat' dir='ltr'><strong>quam</strong></span> <span class='ocrx_word' id='word_1_830' title='bbox 1536 5676 1600 5709; x_wconf 71' lang='lat' dir='ltr'><strong>BI</strong></span> <span class='ocrx_word' id='word_1_831' title='bbox 1627 5676 1820 5735; x_wconf 61' lang='lat' dir='ltr'><strong>CUUICI:</strong></span> 
     </span>
     <span class='ocr_line' id='line_1_110' title="bbox 299 5723 1820 5796; baseline -0.006 -8"><span class='ocrx_word' id='word_1_832' title='bbox 299 5749 349 5787; x_wconf 82' lang='lat' dir='ltr'><strong>us</strong></span> <span class='ocrx_word' id='word_1_833' title='bbox 368 5732 752 5795; x_wconf 77' lang='lat' dir='ltr'><strong>restituituus,</strong></span> <span class='ocrx_word' id='word_1_834' title='bbox 782 5729 939 5796; x_wconf 85' lang='lat' dir='ltr'><strong>plana</strong></span> <span class='ocrx_word' id='word_1_835' title='bbox 991 5737 1114 5784; x_wconf 88' lang='lat' dir='ltr'><strong>sunt</strong></span> <span class='ocrx_word' id='word_1_836' title='bbox 1155 5742 1357 5782; x_wconf 78' lang='lat' dir='ltr'><strong>omnia.</strong></span> <span class='ocrx_word' id='word_1_837' title='bbox 1405 5724 1510 5781; x_wconf 87' lang='lat' dir='ltr'><strong>Sed</strong></span> <span class='ocrx_word' id='word_1_838' title='bbox 1556 5733 1611 5781; x_wconf 87' lang='lat' dir='ltr'><strong>et</strong></span> <span class='ocrx_word' id='word_1_839' title='bbox 1643 5723 1820 5779; x_wconf 69' lang='lat' dir='ltr'><strong>ltulint</strong></span> 
     </span>
    </p>
   </div>
   <div class='ocr_carea' id='block_1_110' title="bbox 1930 4671 3491 4746">
    <p class='ocr_par' dir='ltr' id='par_1_110' title="bbox 1930 4671 3491 4746">
     <span class='ocr_line' id='line_1_111' title="bbox 1930 4671 3491 4746; baseline -0.003 -15"><span class='ocrx_word' id='word_1_840' title='bbox 1930 4671 2474 4746; x_wconf 77' lang='lat' dir='ltr'><strong>Christophorsonus.</strong></span> <span class='ocrx_word' id='word_1_841' title='bbox 2504 4671 2969 4746; x_wconf 74' lang='lat' dir='ltr'><strong>Vertiteninthoc</strong></span> <span class='ocrx_word' id='word_1_842' title='bbox 2996 4674 3155 4746; x_wconf 79' lang='lat' dir='ltr'><strong>modo</strong></span> <span class='ocrx_word' id='word_1_843' title='bbox 3180 4690 3196 4727; x_wconf 92' lang='lat'><strong>:</strong></span> <span class='ocrx_word' id='word_1_844' title='bbox 3221 4671 3491 4746; x_wconf 10' lang='lat' dir='ltr'><strong>Cumf&#39;ali‘a</strong></span> 
     </span>
    </p>
   </div>
   <div class='ocr_carea' id='block_1_111' title="bbox 1928 4741 3491 4817">
    <p class='ocr_par' dir='ltr' id='par_1_111' title="bbox 1928 4741 3491 4817">
     <span class='ocr_line' id='line_1_112' title="bbox 1928 4741 3491 4817; baseline -0.003 -16"><span class='ocrx_word' id='word_1_845' title='bbox 1928 4741 2349 4817; x_wconf 52' lang='lat' dir='ltr'><strong>qua&#39;que&#39;oﬁcia</strong></span> <span class='ocrx_word' id='word_1_846' title='bbox 2369 4762 2486 4817; x_wconf 64' lang='lat' dir='ltr'><strong>qua;</strong></span> <span class='ocrx_word' id='word_1_847' title='bbox 2518 4746 2587 4799; x_wconf 83' lang='lat' dir='ltr'><strong>ad</strong></span> <span class='ocrx_word' id='word_1_848' title='bbox 2606 4745 2808 4817; x_wconf 77' lang='lat' dir='ltr'><strong>animos</strong></span> <span class='ocrx_word' id='word_1_849' title='bbox 2832 4744 3058 4817; x_wconf 73' lang='lat' dir='ltr'><strong>{rutrum</strong></span> <span class='ocrx_word' id='word_1_850' title='bbox 3087 4743 3224 4799; x_wconf 76' lang='lat' dir='ltr'><strong>inter</strong></span> <span class='ocrx_word' id='word_1_851' title='bbox 3245 4760 3300 4798; x_wconf 85' lang='lat' dir='ltr'><strong>se</strong></span> <span class='ocrx_word' id='word_1_852' title='bbox 3330 4741 3491 4817; x_wconf 44' lang='lat' dir='ltr'><strong>diui:-</strong></span> 
     </span>
    </p>
   </div>
   <div class='ocr_carea' id='block_1_112' title="bbox 1928 4812 3490 4885">
    <p class='ocr_par' dir='ltr' id='par_1_112' title="bbox 1928 4812 3490 4885">
     <span class='ocr_line' id='line_1_113' title="bbox 1928 4812 3490 4885; baseline -0.003 -15"><span class='ocrx_word' id='word_1_853' title='bbox 1928 4812 2162 4870; x_wconf 73' lang='lat' dir='ltr'><strong>dentium</strong></span> <span class='ocrx_word' id='word_1_854' title='bbox 2185 4812 2539 4870; x_wconf 75' lang='lat' dir='ltr'><strong>conciliandos</strong></span> <span class='ocrx_word' id='word_1_855' title='bbox 2559 4815 2905 4885; x_wconf 80' lang='lat' dir='ltr'><strong>pertinebant,</strong></span> <span class='ocrx_word' id='word_1_856' title='bbox 2938 4813 3169 4885; x_wconf 73' lang='lat' dir='ltr'><strong>obiisset,</strong></span> <span class='ocrx_word' id='word_1_857' title='bbox 3187 4812 3490 4885; x_wconf 65' lang='lat' dir='ltr'><strong>etc._Atqui</strong></span> 
     </span>
    </p>
   </div>
   <div class='ocr_carea' id='block_1_113' title="bbox 1927 4881 3491 4950">
    <p class='ocr_par' dir='ltr' id='par_1_113' title="bbox 1927 4881 3491 4950">
     <span class='ocr_line' id='line_1_114' title="bbox 1927 4881 3491 4950; baseline -0.003 -10"><span class='ocrx_word' id='word_1_858' title='bbox 1927 4887 2178 4942; x_wconf 84' lang='lat' dir='ltr'><strong>Clemens</strong></span> <span class='ocrx_word' id='word_1_859' title='bbox 2227 4886 2361 4940; x_wconf 83' lang='lat' dir='ltr'><strong>nihil</strong></span> <span class='ocrx_word' id='word_1_860' title='bbox 2410 4881 2660 4939; x_wconf 55' lang='lat' dir='ltr'><strong>dixit&#39;de</strong></span> <span class='ocrx_word' id='word_1_861' title='bbox 2698 4884 2929 4938; x_wconf 83' lang='lat' dir='ltr'><strong>fratrum</strong></span> <span class='ocrx_word' id='word_1_862' title='bbox 2978 4883 3277 4938; x_wconf 85' lang='lat' dir='ltr'><strong>discordia.</strong></span> <span class='ocrx_word' id='word_1_863' title='bbox 3305 4881 3491 4950; x_wconf 79' lang='lat' dir='ltr'><strong>Neque</strong></span> 
     </span>
    </p>
   </div>
   <div class='ocr_carea' id='block_1_114' title="bbox 1927 4953 3490 5023">
    <p class='ocr_par' dir='ltr' id='par_1_114' title="bbox 1927 4953 3490 5023">
     <span class='ocr_line' id='line_1_115' title="bbox 1927 4953 3490 5023; baseline -0.003 -14"><span class='ocrx_word' id='word_1_864' title='bbox 1927 4971 2056 5011; x_wconf 89' lang='lat' dir='ltr'><strong>vero</strong></span> <span class='ocrx_word' id='word_1_865' title='bbox 2080 4956 2269 5011; x_wconf 70' lang='lat' dir='ltr'><strong>Graeca</strong></span> <span class='ocrx_word' id='word_1_866' title='bbox 2296 4972 2396 5012; x_wconf 80' lang='lat' dir='ltr'><strong>vox</strong></span> <span class='ocrx_word' id='word_1_867' title='bbox 2422 4953 3134 5023; x_wconf 79' lang='lat' dir='ltr'><strong>conciliationemsigniﬁcat,</strong></span> <span class='ocrx_word' id='word_1_868' title='bbox 3162 4955 3256 5008; x_wconf 87' lang='lat' dir='ltr'><strong>sed</strong></span> <span class='ocrx_word' id='word_1_869' title='bbox 3283 4961 3490 5006; x_wconf 80' lang='lat' dir='ltr'><strong>tantum</strong></span> 
     </span>
    </p>
   </div>
   <div class='ocr_carea' id='block_1_115' title="bbox 1929 5023 3491 5096">
    <p class='ocr_par' dir='ltr' id='par_1_115' title="bbox 1929 5023 3491 5096">
     <span class='ocr_line' id='line_1_116' title="bbox 1929 5023 3491 5096; baseline -0.004 -16"><span class='ocrx_word' id='word_1_870' title='bbox 1929 5028 2363 5081; x_wconf 85' lang='lat' dir='ltr'><strong>consolationem.</strong></span> <span class='ocrx_word' id='word_1_871' title='bbox 2400 5028 2495 5096; x_wconf 77' lang='lat' dir='ltr'><strong>Ait</strong></span> <span class='ocrx_word' id='word_1_872' title='bbox 2527 5027 2689 5096; x_wconf 85' lang='lat' dir='ltr'><strong>igitur</strong></span> <span class='ocrx_word' id='word_1_873' title='bbox 2718 5025 2990 5096; x_wconf 85' lang='lat' dir='ltr'><strong>Clemens,</strong></span> <span class='ocrx_word' id='word_1_874' title='bbox 3042 5023 3317 5096; x_wconf 71' lang='lat' dir='ltr'><strong>Joannem</strong></span> <span class='ocrx_word' id='word_1_875' title='bbox 3358 5036 3491 5090; x_wconf 83' lang='lat' dir='ltr'><strong>apo-</strong></span> 
     </span>
    </p>
   </div>
   <div class='ocr_carea' id='block_1_116' title="bbox 1928 5093 3488 5163">
    <p class='ocr_par' dir='ltr' id='par_1_116' title="bbox 1928 5093 3488 5163">
     <span class='ocr_line' id='line_1_117' title="bbox 1928 5093 3488 5163; baseline -0.004 -11"><span class='ocrx_word' id='word_1_876' title='bbox 1928 5097 2273 5163; x_wconf 77' lang='lat' dir='ltr'><strong>Stolum,cutu</strong></span> <span class='ocrx_word' id='word_1_877' title='bbox 2296 5097 2347 5151; x_wconf 91' lang='lat' dir='ltr'><strong>in</strong></span> <span class='ocrx_word' id='word_1_878' title='bbox 2377 5095 2519 5149; x_wconf 89' lang='lat' dir='ltr'><strong>illam</strong></span> <span class='ocrx_word' id='word_1_879' title='bbox 2552 5093 2742 5150; x_wconf 80' lang='lat' dir='ltr'><strong>urbem</strong></span> <span class='ocrx_word' id='word_1_880' title='bbox 2768 5095 3022 5158; x_wconf 87' lang='lat' dir='ltr'><strong>venisset,</strong></span> <span class='ocrx_word' id='word_1_881' title='bbox 3046 5093 3240 5148; x_wconf 81' lang='lat' dir='ltr'><strong>fratres</strong></span> <span class='ocrx_word' id='word_1_882' title='bbox 3254 5093 3488 5163; x_wconf 79' lang='lat' dir='ltr'><strong>adventu</strong></span> 
     </span>
    </p>
   </div>
   <div class='ocr_carea' id='block_1_117' title="bbox 1927 5160 3488 5233">
    <p class='ocr_par' dir='ltr' id='par_1_117' title="bbox 1927 5160 3488 5233">
     <span class='ocr_line' id='line_1_118' title="bbox 1927 5160 3488 5233; baseline -0.004 -12"><span class='ocrx_word' id='word_1_883' title='bbox 1927 5182 2027 5222; x_wconf 90' lang='lat' dir='ltr'><strong>suo</strong></span> <span class='ocrx_word' id='word_1_884' title='bbox 2056 5160 2390 5221; x_wconf 85' lang='lat' dir='ltr'><strong>consolatum</strong></span> <span class='ocrx_word' id='word_1_885' title='bbox 2430 5180 2571 5230; x_wconf 87' lang='lat' dir='ltr'><strong>esse,</strong></span> <span class='ocrx_word' id='word_1_886' title='bbox 2601 5181 2721 5219; x_wconf 92' lang='lat' dir='ltr'><strong>cum</strong></span> <span class='ocrx_word' id='word_1_887' title='bbox 2749 5175 2868 5233; x_wconf 83' lang='lat' dir='ltr'><strong>post</strong></span> <span class='ocrx_word' id='word_1_888' title='bbox 2891 5165 3203 5218; x_wconf 91' lang='lat' dir='ltr'><strong>diuturnum</strong></span> <span class='ocrx_word' id='word_1_889' title='bbox 3234 5160 3488 5217; x_wconf 82' lang='lat' dir='ltr'><strong>exsilium</strong></span> 
     </span>
    </p>
   </div>
   <div class='ocr_carea' id='block_1_118' title="bbox 1927 5231 3487 5305">
    <p class='ocr_par' dir='ltr' id='par_1_118' title="bbox 1927 5231 3487 5305">
     <span class='ocr_line' id='line_1_119' title="bbox 1927 5231 3487 5305; baseline -0.004 -15"><span class='ocrx_word' id='word_1_890' title='bbox 1927 5252 2034 5305; x_wconf 92' lang='lat' dir='ltr'><strong>quo</strong></span> <span class='ocrx_word' id='word_1_891' title='bbox 2061 5237 2349 5291; x_wconf 89' lang='lat' dir='ltr'><strong>Domitiani</strong></span> <span class='ocrx_word' id='word_1_892' title='bbox 2378 5235 2678 5305; x_wconf 89' lang='lat' dir='ltr'><strong>principatu</strong></span> <span class='ocrx_word' id='word_1_893' title='bbox 2705 5231 3068 5299; x_wconf 64' lang='lat' dir='ltr'><strong>eisulaverat,</strong></span> <span class='ocrx_word' id='word_1_894' title='bbox 3086 5249 3207 5288; x_wconf 92' lang='lat' dir='ltr'><strong>eum</strong></span> <span class='ocrx_word' id='word_1_895' title='bbox 3234 5233 3487 5305; x_wconf 76' lang='lat' dir='ltr'><strong>reducem</strong></span> 
     </span>
    </p>
   </div>
   <div class='ocr_carea' id='block_1_119' title="bbox 1931 5300 3486 5371">
    <p class='ocr_par' dir='ltr' id='par_1_119' title="bbox 1931 5300 3486 5371">
     <span class='ocr_line' id='line_1_120' title="bbox 1931 5300 3486 5371; baseline -0.004 -12"><span class='ocrx_word' id='word_1_896' title='bbox 1931 5300 2144 5360; x_wconf 71' lang='lat' dir='ltr'><strong>tandem</strong></span> <span class='ocrx_word' id='word_1_897' title='bbox 2170 5300 2437 5360; x_wconf 74' lang='lat' dir='ltr'><strong>viderent.</strong></span> <span class='ocrx_word' id='word_1_898' title='bbox 2475 5300 2660 5360; x_wconf 75' lang='lat' dir='ltr'><strong>Potest</strong></span> <span class='ocrx_word' id='word_1_899' title='bbox 2688 5307 2848 5360; x_wconf 89' lang='lat' dir='ltr'><strong>etiam</strong></span> <span class='ocrx_word' id='word_1_900' title='bbox 2880 5305 2981 5359; x_wconf 91' lang='lat' dir='ltr'><strong>hoc</strong></span> <span class='ocrx_word' id='word_1_901' title='bbox 3006 5306 3226 5359; x_wconf 89' lang='lat' dir='ltr'><strong>verbum</strong></span> <span class='ocrx_word' id='word_1_902' title='bbox 3257 5300 3486 5371; x_wconf 81' lang='lat' dir='ltr'><strong>intelligi</strong></span> 
     </span>
    </p>
   </div>
   <div class='ocr_carea' id='block_1_120' title="bbox 1927 5370 3487 5446">
    <p class='ocr_par' dir='ltr' id='par_1_120' title="bbox 1927 5370 3487 5446">
     <span class='ocr_line' id='line_1_121' title="bbox 1927 5370 3487 5446; baseline -0.005 -15"><span class='ocrx_word' id='word_1_903' title='bbox 1927 5378 1993 5431; x_wconf 92' lang='lat' dir='ltr'><strong>de</strong></span> <span class='ocrx_word' id='word_1_904' title='bbox 2030 5377 2560 5446; x_wconf 56' lang='lat' dir='ltr'><strong>praedicatione,qua</strong></span> <span class='ocrx_word' id='word_1_905' title='bbox 2589 5376 2828 5431; x_wconf 84' lang='lat' dir='ltr'><strong>Joannes</strong></span> <span class='ocrx_word' id='word_1_906' title='bbox 2861 5373 3165 5446; x_wconf 88' lang='lat' dir='ltr'><strong>Eccl_e_siam_</strong></span> <span class='ocrx_word' id='word_1_907' title='bbox 3203 5371 3355 5446; x_wconf 81' lang='lat' dir='ltr'><strong>illius</strong></span> <span class='ocrx_word' id='word_1_908' title='bbox 3381 5370 3487 5446; x_wconf 76' lang='lat' dir='ltr'><strong>loci</strong></span> 
     </span>
    </p>
   </div>
   <div class='ocr_carea' id='block_1_121' title="bbox 1896 5439 3487 5511">
    <p class='ocr_par' dir='ltr' id='par_1_121' title="bbox 1896 5439 3487 5511">
     <span class='ocr_line' id='line_1_122' title="bbox 1896 5439 3487 5511; baseline -0.004 -12"><span class='ocrx_word' id='word_1_909' title='bbox 1896 5439 2239 5501; x_wconf 74' lang='lat' dir='ltr'><strong>.consolatus</strong></span> <span class='ocrx_word' id='word_1_910' title='bbox 2268 5454 2369 5499; x_wconf 91' lang='lat' dir='ltr'><strong>est.</strong></span> <span class='ocrx_word' id='word_1_911' title='bbox 2402 5439 2578 5501; x_wconf 83' lang='lat' dir='ltr'><strong>Utitur</strong></span> <span class='ocrx_word' id='word_1_912' title='bbox 2599 5449 2791 5500; x_wconf 87' lang='lat' dir='ltr'><strong>eadem</strong></span> <span class='ocrx_word' id='word_1_913' title='bbox 2819 5457 2948 5498; x_wconf 86' lang='lat' dir='ltr'><strong>voce</strong></span> <span class='ocrx_word' id='word_1_914' title='bbox 2979 5439 3487 5511; x_wconf 65' lang='lat' dir='ltr'><strong>Hegesippusiufra</strong></span> 
     </span>
    </p>
   </div>
   <div class='ocr_carea' id='block_1_122' title="bbox 1927 5508 3487 5583">
    <p class='ocr_par' dir='ltr' id='par_1_122' title="bbox 1927 5508 3487 5583">
     <span class='ocr_line' id='line_1_123' title="bbox 1927 5508 3487 5583; baseline -0.003 -15"><span class='ocrx_word' id='word_1_915' title='bbox 1927 5516 2019 5571; x_wconf 89' lang='lat' dir='ltr'><strong>lib.</strong></span> <span class='ocrx_word' id='word_1_916' title='bbox 2045 5533 2115 5579; x_wconf 87' lang='lat' dir='ltr'><strong>tv,</strong></span> <span class='ocrx_word' id='word_1_917' title='bbox 2157 5531 2275 5583; x_wconf 89' lang='lat' dir='ltr'><strong>cap.</strong></span> <span class='ocrx_word' id='word_1_918' title='bbox 2303 5516 2394 5574; x_wconf 77' lang='lat'><strong>22.</strong></span> <span class='ocrx_word' id='word_1_919' title='bbox 2430 5515 2600 5571; x_wconf 88' lang='lat' dir='ltr'><strong>Porro</strong></span> <span class='ocrx_word' id='word_1_920' title='bbox 2639 5517 2691 5570; x_wconf 90' lang='lat' dir='ltr'><strong>iu</strong></span> <span class='ocrx_word' id='word_1_921' title='bbox 2735 5513 3017 5571; x_wconf 88' lang='lat' dir='ltr'><strong>codicibus</strong></span> <span class='ocrx_word' id='word_1_922' title='bbox 3065 5508 3269 5566; x_wconf 77' lang='lat' dir='ltr'><strong>nostris</strong></span> <span class='ocrx_word' id='word_1_923' title='bbox 3319 5508 3487 5583; x_wconf 47' lang='lat' dir='ltr'><strong>May,</strong></span> 
     </span>
    </p>
   </div>
   <div class='ocr_carea' id='block_1_123' title="bbox 1925 5577 3493 5655">
    <p class='ocr_par' dir='ltr' id='par_1_123' title="bbox 1925 5577 3493 5655">
     <span class='ocr_line' id='line_1_124' title="bbox 1925 5577 3493 5655; baseline -0.003 -15"><span class='ocrx_word' id='word_1_924' title='bbox 1925 5586 2065 5642; x_wconf 83' lang='lat' dir='ltr'><strong>Med.</strong></span> <span class='ocrx_word' id='word_1_925' title='bbox 2104 5577 2182 5642; x_wconf 83' lang='lat' dir='ltr'><strong>ac</strong></span> <span class='ocrx_word' id='word_1_926' title='bbox 2215 5577 2350 5642; x_wconf 81' lang='lat' dir='ltr'><strong>Fuk.</strong></span> <span class='ocrx_word' id='word_1_927' title='bbox 2402 5587 2665 5655; x_wconf 88' lang='lat' dir='ltr'><strong>scriptum</strong></span> <span class='ocrx_word' id='word_1_928' title='bbox 2695 5596 2779 5643; x_wconf 90' lang='lat' dir='ltr'><strong>est</strong></span> <span class='ocrx_word' id='word_1_929' title='bbox 2811 5586 2926 5641; x_wconf 80' lang='lat' dir='ltr'><strong>sine</strong></span> <span class='ocrx_word' id='word_1_930' title='bbox 2952 5583 3275 5652; x_wconf 79' lang='lat' dir='ltr'><strong>apostmphe</strong></span> <span class='ocrx_word' id='word_1_931' title='bbox 3300 5578 3397 5636; x_wconf 73' lang='lat' dir='ltr'><strong>atat</strong></span> <span class='ocrx_word' id='word_1_932' title='bbox 3416 5577 3493 5636; x_wconf 69' lang='grc' dir='ltr'>τὰ</span> 
     </span>
    </p>
   </div>
   <div class='ocr_carea' id='block_1_124' title="bbox 1925 5658 2329 5728">
    <p class='ocr_par' dir='ltr' id='par_1_124' title="bbox 1925 5658 2329 5728">
     <span class='ocr_line' id='line_1_125' title="bbox 1925 5658 2329 5728; baseline 0.002 -14"><span class='ocrx_word' id='word_1_933' title='bbox 1925 5658 2079 5728; x_wconf 86' lang='grc' dir='ltr'>ἄλλα,</span> <span class='ocrx_word' id='word_1_934' title='bbox 2110 5659 2329 5715; x_wconf 85' lang='lat' dir='ltr'><strong>rectius.</strong></span> 
     </span>
    </p>
   </div>
  </div>
