4016 6260
2142 192 2149 195 π
2175 174 2221 199 ζμ

452 286 563 345 259
1168 286 1257 342 EU
1267 283 1437 342 SEBII
1474 277 1953 341 CESARIENSIS
1989 277 2045 335 Ο]

2183 276 2365 332 ΡΑΒὸ
2402 275 2444 331 t.
2485 307 2557 318 —
2593 250 2982 333 tnsromm.
3605 274 3739 332 260

454 403 793 464 commendo.
855 402 989 459 Cum
1062 418 1191 458 vero
1246 404 1532 473 episcopus
1595 417 1720 457 eum
1778 401 2029 471 juvenem

2146 397 2392 465 Ἔφεσον,
2416 399 2444 450 ὁ
2470 396 2528 450 δὲ
2556 410 2661 467 πρε
2672 395 2929 466 σόύτερος
2958 394 3241 451 ἀναλαϐὼν
3261 396 3442 451 οἴκαδε
3470 396 3565 449 τὸν
3605 411 3737 451 πι-

454 497 807 568 suseepisset,
836 505 890 550 et
917 510 1061 551 cura:
1100 496 1202 551 sibi
1228 497 1283 550 in
1334 506 1607 566 posterum
1651 495 1770 550 fore
1804 494 2026 564 pollice-

2146 491 2421 546 ):500év-ca.
2444 490 2749 556 νεανίσκον,
2798 489 3014 561 ἔτρεφε,
3057 493 3321 561 συνεῖχεν,
3379 490 3609 554 ἔθαλπε,
3646 490 3733 544 τὸ

455 600 627 655 retur,
656 589 848 643 iterum
876 586 1111 643 Joannes
1143 588 1333 643 eadem
1360 602 1482 656 quae
1510 588 1661 658 prius
1689 587 1945 641 mandare
1971 595 2026 641 et

455 681 751 740 contestari
791 696 896 735 non
927 680 1159 735 destitit.
1213 680 1344 735 Post
1375 680 1490 734 haec
1528 678 1770 734 Joannes
1804 680 2025 748 quidem

453 776 727 846 Ephesum
758 787 1036 844 regressus
1069 780 1173 831 est.
1211 772 1510 842 Presbyter
1539 786 1667 829 vero
1713 772 2027 827 adolescen-

458 890 567 937 tem
593 881 695 937 sibi
728 878 981 934 traditum
1007 877 1061 931 in
1090 877 1309 933 domum
1351 892 1504 931 suam
1540 876 1847 946 suscipiens
1891 878 2023 931 edu-

456 974 624 1039 cavit,
671 971 829 1037 fovit,
890 978 1056 1037 atque
1113 969 1428 1023 continuit:
1466 969 1789 1038 tandemque
1842 982 2028 1023 sacra-

457 1076 698 1121 mentum
729 1062 986 1135 baptismi
1020 1061 1195 1116 eidem
1228 1061 1469 1117 tradidit.
1546 1061 1809 1130 Deinceps
1841 1076 2026 1116 sacer-

456 1160 556 1214 dos
584 1159 651 1214 de
682 1158 910 1227 pristina
944 1171 1076 1212 cura
1107 1162 1270 1223 atque
1305 1153 1549 1209 custodia
1574 1155 1838 1223 paulatim
1862 1153 2039 1249 remi:

457 1252 548 1317 sit,
611 1250 809 1320 quippe
862 1265 983 1304 cum
1025 1248 1427 1320 perfectissimo
1475 1247 1698 1302 custode
1757 1247 2029 1316 apposito,

457 1341 660 1397 Christi
695 1341 952 1398 videlicet
984 1340 1273 1412 signaculo
1310 1341 1568 1409 juvenem
1595 1338 2028 1393 communiisset.

460 1435 612 1490 Illum
642 1450 773 1506 ergo
800 1444 1125 1506 praematura
1184 1431 1412 1504 potitum
1462 1431 1735 1496 libertate,
1796 1430 2031 1501 aequales

457 1539 676 1609 quidam
706 1540 808 1595 sibi
840 1540 1160 1610 adjungunt,
1202 1539 1414 1594 desides
1448 1553 1512 1594 ac
1541 1538 1815 1607 dissoluti,
1853 1550 1906 1596 et
1936 1536 2034 1594 lla-

458 1630 606 1699 gitiis
632 1630 885 1685 omnibus
913 1630 1231 1685 assuefacti.
1258 1631 1335 1684 Ac
1388 1631 1623 1700 primum
1654 1633 1870 1703 quidem
1915 1648 2033 1686 ma-

459 1719 672 1788 gniﬁcis
721 1718 984 1774 conviviis
1044 1718 1444 1774 adolescentem
1509 1719 1740 1775 illiciunt
1794 1737 1809 1774 :
1865 1732 2028 1775 noetu

458 1811 654 1867 deinde
691 1814 757 1866 ad
786 1811 1097 1882 spoliandos
1140 1812 1327 1867 obvios
1377 1813 1601 1883 egressi,
1646 1828 1830 1869 secum
1875 1813 2023 1866 illum

459 1906 741 1962 abducunt
770 1924 783 1959 :
830 1906 952 1961 inde
992 1909 1059 1963 ad
1089 1909 1353 1979 majorum
1386 1907 1655 1962 scelerum
1704 1910 2027 1963 societatem

459 1997 843 2053 cohortantur.
884 1996 953 2051 At
992 1998 1082 2053 ille
1116 1998 1315 2054 sensim
1346 2000 1696 2054 assuescebat
1748 1998 2027 2068 pravitati,

461 2098 516 2142 et
556 2099 811 2157 tanquam
842 2102 1138 2159 generosus
1173 2098 1229 2142 et
1283 2088 1504 2144 ell‘renis
1558 2103 1730 2158 equus
1786 2103 1816 2141 a
1882 2096 2033 2142 recto

462 2179 682 2233 tramite
715 2181 1000 2250 abreptus,
1040 2196 1106 2236 ac
1142 2181 1355 2235 frenum
1400 2182 1802 2249 commordens,
1830 2192 2035 2250 quanto

460 2272 672 2341 majore
697 2274 865 2327 animi
913 2274 1093 2330 indole
1123 2275 1386 2346 przeditus
1415 2283 1556 2341 erat,
1585 2282 1737 2328 tanto
1766 2274 1945 2328 acrius
1980 2273 2034 2326 in

462 2394 704 2449 praeceps
746 2377 1045 2435 ferebatur.
1099 2378 1379 2437 Postremo
1430 2380 1638 2448 abjecta
1698 2394 1792 2448 spe
1845 2378 2038 2433 salutis

463 2485 625 2540 quam
656 2470 709 2524 in
743 2469 855 2526 Deo
890 2484 1165 2539 posuerat,
1214 2473 1348 2527 nihil
1389 2472 1499 2542 jam
1532 2470 1802 2526 mediocre
1855 2470 2038 2522 animo

464 2562 805 2633 designabat,
838 2564 929 2617 sed
963 2566 1156 2633 grandi
1203 2565 1386 2633 aliquo
1428 2562 1635 2619 scelere
1694 2571 2036 2633 perpetrato,

466 2657 683 2723 quando
707 2655 924 2722 quidem
956 2653 1068 2721 jam
1092 2656 1160 2709 de
1190 2656 1363 2709 salute
1393 2669 1488 2709 sua
1538 2655 1754 2724 penitus
1784 2656 2039 2724 despera-

463 2754 654 2810 verat,
685 2761 872 2817 parem
909 2763 1032 2803 cum
1070 2749 1282 2803 caeteris
1318 2761 1537 2819 poenam
1566 2747 1749 2803 subire
1777 2747 2038 2817 dedigna-

466 2854 651 2909 batur.
682 2853 988 2923 Assumptis
1021 2854 1187 2922 igitur
1221 2855 1328 2910 illis
1358 2855 1491 2923 ipsis
1520 2854 1820 2921 sodalibus,
1861 2861 1917 2909 et
1959 2856 2042 2909 in»

470 2942 661 2997 stituto
683 2941 956 2997 latronum
989 2942 1235 3011 collegio,
1267 2944 1380 3013 ipse
1421 2954 1673 3015 prompto
1704 2946 1888 2999 animo
1932 2946 2040 2999 dux

470 3051 660 3092 eorum
689 3033 935 3104 ellectus,
968 3035 1247 3102 violentia,
1281 3036 1520 3093 caedibus
1548 3047 1711 3108 atque
1754 3039 2041 3095 atrocitate

2126 583 2430 636 τελευταῖον
2490 580 2743 651 ἐφώτισε.
2814 581 2924 634 Καὶ
2985 579 3122 651 μετὰ
3171 580 3326 633 τοῦτο
3372 581 3555 650 ὑφῆκε
3607 581 3727 650 τῆς

2127 673 2371 737 πλείονος
2399 672 2714 743 ἐπιμελείας
2743 672 2839 725 καὶ
2868 671 3287 743 παραφυλακῆς,
3310 671 3387 735 ὡς
3413 673 3474 725 τὸ
3504 672 3732 725 τέλειον

2127 765 2275 835 αὐτῷ
2301 764 2664 834 φυλακτήριον
2692 762 2994 834 ἐπιστήσας
3032 761 3131 833 τὴν
3162 762 3434 833 σφραγῖδα
3465 761 3561 814 τοῦ
3597 764 3731 814 Κυ-

2130 857 2245 929 ρίου
2274 856 2401 928 (15).
2427 855 2516 926 Τῷ
2538 856 2595 909 δὲ
2625 856 2859 919 ἀνέσεως
2881 856 2985 925 πρὸ
3010 854 3157 928 ῶρας
3201 854 3481 925 λαϐομένω
3540 871 3729 927 προσ-

2129 946 2437 1016 φθείρονται
2482 946 2758 1017 (14)ξτινες
2778 944 2963 1015 ἥλικες
2988 946 3147 1017 ἀργοὶ
3180 944 3274 999 καὶ
3301 944 3722 1017 ἀπερῤωγότες,

2129 1039 2317 1102 ἐθάδες
2348 1038 2551 1093 κακῶν.
2587 1039 2697 1092 Καὶ
2730 1038 2947 1109 πρῶτον
2989 1038 3088 1109 μὲν
3121 1039 3191 1092 δι’
3222 1038 3518 1092 ἑστιάσεων
3545 1036 3726 1091 πολυ-

2131 1131 2297 1185 τελῶν
2319 1131 2479 1185 αύτὸν
2504 1130 2816 1199 ἐπάγονται,
2837 1125 2956 1182 εἶτά
2969 1148 3073 1184 που
3106 1129 3323 1198 νύκτωρ
3346 1131 3438 1184 ἐπὶ
3466 1130 3719 1184 λωποδυ-

2135 1225 2260 1277 σίαν
2283 1224 2546 1292 ἐξιόντες,
2563 1223 2979 1291 συνεπάγονται·
3007 1218 3126 1276 εἶτά
3156 1241 3208 1276 τι
3234 1225 3326 1276 καὶ
3362 1220 3544 1295 μεῖζον
3574 1241 3640 1277 συ
3648 1242 3723 1295 μ-

2133 1318 2390 1391 πράττειν
2408 1314 2608 1386 ήξίουν.
2627 1316 2683 1368 Ὀ
2711 1316 2766 1369 δὲ
2783 1315 3064 1383 κατολίγον
3086 1314 3470 1386 προσειθίζετο.
3489 1317 3600 1370 Καὶ
3626 1315 3721 1371 διὰ

2137 1406 2363 1480 μέγεθος
2405 1408 2637 1479 φύσεως,
2677 1408 2877 1471 ἐκστὰς
2905 1407 3094 1479 ῶσπερ
3125 1408 3361 1478 ἄστομος
3405 1408 3499 1462 καὶ
3537 1407 3717 1479 εὔρω-

2134 1521 2257 1567 στος
2307 1504 2473 1566 ἵππος
2515 1502 2684 1574 ὀρθῆς
2721 1502 2864 1567 ὀδοῦ,
2909 1503 3003 1556 καὶ
3052 1500 3143 1555 τὸν
3187 1501 3403 1571 χαλινὸν
3449 1502 3714 1566 ἐνδακὼν,

2137 1593 2398 1665 μειζόνως
2424 1594 2566 1648 κατά
2598 1592 2708 1646 τῶν
2746 1591 3034 1664 βαράθρων
3061 1592 3306 1663 ἐφέρετο.
3338 1593 3635 1660 Ἀπογνοὺς
3658 1593 3716 1645 δὲ

2133 1687 2331 1752 τελέως
2357 1687 2456 1759 τὴν
2487 1688 2545 1740 ἐν
2570 1685 2693 1757 Θεῷ
2727 1684 3020 1755 σωτηρίαν,
3063 1685 3217 1740 οὐδὲν
3258 1684 3338 1738 ἐτι
3375 1685 3572 1757 μικρὸν
3606 1686 3721 1740 διε»

2059 1759 2105 1819 Β
2128 1783 2320 1843 νοεῖτο,
2344 1778 2479 1833 ἀλλὰ
2505 1778 2644 1850 μέγα
2672 1795 2725 1831 τι
2757 1778 2988 1849 πράξας,
3008 1777 3304 1849 ἐπειδήπερ
3323 1776 3468 1844 ἅπαξ
3502 1777 3720 1831 ἀπολώ-

2132 1873 2232 1936 λει,
2256 1873 2345 1926 ῐσα
2359 1874 2469 1935 τοῖς
2485 1870 2655 1934 ἄλλοις
2667 1870 2784 1923 ’παθ
2792 1873 2868 1922 εῖν
2885 1869 3034 1939 ὴξίου
3055 1869 3396 1940 (15).Αύτοὺς
3413 1869 3476 1941 δὴ
3492 1870 3722 1934 τούτους

2132 1962 2529 2028 ἀναλαϐὼν,καὶ
2548 1963 2833 2036 λῃστήριον
2852 1963 3243 2034 συγκροτήσας,
3259 1961 3722 2033 ἓτοιμοςλῄσταρ-

2132 2071 2226 2124 χος
2250 2049 2338 2125 ἦν,
2364 2053 2682 2123 βιαιότατος,
2707 2051 3129 2123 μαιφονώτατος,
3167 2051 3724 2123 χαλεπώτατος.Χρό-

2134 2164 2223 2211 νος
2255 2148 2312 2200 ἐν
2331 2145 2765 2217 μέσῳ-καίιτινος
2779 2144 3364 2215 ἐπιπεσούσηςχρείας,
3386 2145 3721 2202 ἀνακαλοῦσι

2133 2239 2224 2293 τὸν
2264 2237 2536 2308 Ἰωάννην.
2576 2237 2634 2289 Ὀ
2658 2234 2737 2303 δὲ,
2762 2235 2884 2288 ἐπεὶ
2908 2236 2975 2289 τὰ
3007 2236 3140 2290 ἄλλα
3160 2231 3235 2292 ὧν
3264 2239 3423 2311 χάριν
3452 2232 3557 2308 ἧκε
3585 2256 3721 2293 κατ-

2130 2331 2416 2400 εστήσατο,
2451 2329 2584 2396 ’Ἄγε
2628 2326 2716 2399 δὴ,
2784 2326 2913 2399 ἔφη,
2972 2322 3017 2382 ῶ
3074 2330 3362 2398 ἐπίσκοπε,
3406 2331 3504 2403 τήν
3540 2350 3723 2404 παρα-

2138 2421 2454 2490 καταθήκην
2482 2419 2680 2482 ἀπόδος
2721 2422 2873 2491 ἡμῖν,
2909 2408 3121 2491 ήνέγὼ
3152 2439 3210 2474 τε
3259 2424 3352 2476 καὶ
3407 2425 3436 2477 ὁ
3479 2425 3718 2497 Χριστός

2142 2531 2225 2567 σοι
2256 2510 2749 2583 παρακατεθέμεθα
2774 2512 2866 2564 ἐπὶ
2890 2512 2989 2584 τῆς
3033 2512 3377 2583 Ἐκκλησίας,
3406 2508 3474 2584 ἦς
3504 2533 3716 2586 προκα-

2141 2605 2290 2678 θέζῃ,
2318 2603 2611 2674 μάρτυρος.
2673 2603 2730 2657 Ὀ
2782 2604 2840 2657 δέ
2882 2604 2945 2658 τὸ
2997 2604 3096 2675 μὲν
3157 2606 3372 2678 πρῶτον
3418 2606 3715 2678 ἐξεπλάγη,

2140 2698 2398 2768 χρήματα
2427 2696 2670 2766 οἰόμενος
2713 2697 2855 2768 ειπερ
2881 2697 2980 2750 οὐκ
3019 2697 3197 2764 ἔλαϐε,
3244 2698 3715 2767 συκοφαντεῖσθαι,

2143 2790 2239 2844 καὶ
2274 2786 2399 2841 οὗτε
2432 2786 2705 2842 πιστεύειν
2725 2784 2869 2859 εῖχεν
2900 2789 3042 2862 ὑπὲρ
3065 2783 3139 2842 ὧν
3164 2791 3262 2844 οὐκ
3287 2787 3449 2861 εἶχεν,
3473 2790 3598 2845 οὔτε
3648 2794 3722 2845 ci-

2148 2880 2353 2933 πιστεῖν
2386 2879 2628 2953 Ἰωάννῃ.
2665 2881 2753 2944 Ὠς
2768 2880 2847 2949 δὲ,
2872 2876 3284 2946 Τόννεανίσκον,
3312 2880 3483 2945 εἶπεν,
3501 2882 3719 2936 ἀπαιτῶ

2142 2973 2236 3024 καὶ
2280 2970 2376 3040 τὴν
2418 2970 2596 3041 ψυχὴν
2650 2968 2743 3022 τοῦ
2785 2969 3035 3039 ἀδελφοῦ,
3082 2970 3342 3037 στενάξας
3404 2971 3649 3028 κάτωθεν
3688 2974 3721 3025 ὁ

2140 3064 2473 3137 πρεσϐύτης,
2526 3064 2620 3118 καί
2658 3080 2711 3117 τι
2754 3063 2847 3117 καὶ
2892 3064 3278 3136 ἐπιδακρύσας,
3303 3065 3555 3133 Ἐκεῖνος,
3589 3065 3719 3137 ἔφη,

473 3142 697 3189 cunctos
725 3133 1041 3202 superabat.
1092 3130 1387 3201 Aliquanto
1433 3142 1556 3203 post
1598 3145 1860 3204 tempore,
1920 3148 2042 3190 cum

2146 3156 2392 3226 τέθνηκε.
2407 3154 2532 3217 Πῶς
2564 3153 2655 3208 καὶ
2674 3154 2793 3207 τίνα
2828 3155 3050 3208 θάνατον
3074 3172 3087 3221 ;
3113 3154 3231 3226 Θεῷ
3248 3154 3524 3226 τέθνηκεν,
3544 3151 3720 3212 εἶπεν.

472 3240 675 3312 negotii
716 3240 1018 3312 cujuspiam
1062 3241 1364 3297 necessitas
1408 3240 1711 3310 incidisset,
1760 3242 1954 3299 iterum
1988 3244 2042 3299 in

545 3358 806 3433 (15)Τὴν
838 3357 1136 3433 σφραγιδα
1188 3357 1309 3433 τοῦΔ
1347 3357 1591 3425 Κυρίου.
1626 3356 1849 3413 Veteres
1888 3360 2035 3414 Chri-

478 3428 649 3490 stiani
673 3432 744 3485 ita
784 3431 1109 3497 baptismum
1160 3428 1450 3488 vocabant.
1482 3437 1541 3480 ut
1586 3437 1783 3497 praeter
1819 3440 2046 3485 caeteros

481 3508 640 3558 docet
667 3500 962 3569 Gregorius
985 3498 1358 3553 Nazianzenus
1399 3499 1450 3550 in
1479 3499 1728 3553 oratione
1751 3501 2048 3568 quadrage-

479 3577 638 3635 sima,
671 3572 759 3624 ubi
814 3570 1141 3636 baptismum
1196 3569 1426 3622 diversis
1471 3570 1781 3623 nominibus
1828 3584 1859 3623 a
1892 3570 2050 3625 Chri-

480 3644 671 3699 stianis
694 3641 876 3695 vocari
901 3640 1156 3711 observat
1190 3655 1204 3689 :
1232 3638 1411 3709 Δῶρον
1442 3638 1734 3711 καλοῦμεν,
1754 3640 2047 3711 Αχάρισμα,

483 3715 782 3785 βάπτισμα,
808 3711 1036 3785 χρίσμα,
1061 3707 1337 3785 φώτισμα,
1360 3707 1667 3785 ἀφθαρσίας
1690 3707 2053 3785 ἔνδυμα,λου-

480 3779 607 3857 τρὺν
638 3779 1077 3857 παλιγγενεσίας,
1112 3781 1399 3851 σφραγῖδα,
1430 3782 1537 3833 πᾶν
1561 3783 1589 3835 ὃ
1612 3796 1662 3833 τι
1688 3779 1875 3857 τίμιον.
1908 3781 2055 3857 _C_au-

485 3850 600 3909 sam
627 3868 756 3907 vero
779 3868 876 3905 cur
906 3850 1234 3918 baptismum
1278 3859 1537 3921 vocarent
1580 3850 1875 3921 σφραγῖδα,
1908 3852 2050 3904 idem

484 3925 783 4005 Gregorius
816 3920 1308 4005 subjungit,nquod
1355 3920 1581 4005 scilicet
1627 3920 1945 4005 baptismus'
1980 3923 2053 3974 sit

484 3990 822 4051 conservatio
843 4002 899 4046 et
932 3992 1151 4045 dominii
1180 4002 1327 4045 nota.
1355 3990 1491 4044 Male
1518 4005 1647 4059 ergo
1672 3990 2054 4059 Christophor-

487 4081 651 4121 sonus
696 4065 844 4117 hunc
896 4062 1105 4116 Eusebii
1149 4062 1320 4115 nostri
1367 4065 1542 4114 locum
1597 4061 1664 4113 de
1706 4070 2045 4115 sacramento

488 4132 914 4189 conﬁrmationis
949 4132 1339 4200 interpretatus
1386 4141 1502 4197 est;
1550 4129 1631 4183 sic
1656 4133 1800 4184 enim
1833 4131 2001 4184 vertit
2031 4147 2045 4185 :

488 4204 683 4259 Postea
733 4220 850 4256 vero
894 4201 981 4254 ubi
1022 4199 1195 4270 sigillo
1235 4202 1471 4261 Domini,
1500 4199 1552 4251 id
1600 4208 1674 4251 est
1723 4210 2049 4270 sacramento

489 4272 925 4344 conﬁrmationis.
955 4268 1202 4338 tanquam
1225 4269 1453 4344 perfecto
1493 4277 1709 4337 tutaque
1729 4268 1842 4344 ejus
1887 4269 2050 4344 animi

488 4338 733 4399 Custodia
763 4343 1110 4410 obsignasset,
1134 4338 1385 4410 nonnihil
1400 4340 1462 4392 de
1480 4354 1610 4392 cura
1640 4339 1862 4410 remisit.
1892 4339 2051 4407 Atqui

2162 3248 2362 3320 Ἀπέϐη
2388 3247 2497 3317 γάρ
2531 3247 2767 3319 πονηρὸς
2798 3247 2893 3301 καὶ
2929 3246 3155 3319 ἐξώλης,
3190 3246 3282 3301 καὶ
3301 3247 3362 3313 τὸ
3400 3248 3721 3318 κεφάλαιον,

2154 3360 2363 3425 zandis,
2406 3375 2436 3414 a
2488 3359 2607 3416 Nic.
2638 3359 2879 3431 Rigallio
2926 3361 3134 3422 editus,
3197 3357 3400 3431 signum
3440 3357 3563 3427 fidei
3632 3358 3727 3431 his

2153 3431 2390 3500 appellat
2414 3429 2730 3498 baptisma.‘
2746 3440 2800 3485 et
2834 3429 3039 3500 signum
3068 3429 3397 3497 simpliciter
3432 3443 3553 3497 pag.
3598 3429 3723 3483 151.

2154 3497 2404 3556 Cletnens
2444 3497 2847 3555 Alexandrinus
2898 3502 2951 3553 in
2984 3497 3304 3568 Predagogo,
3337 3513 3461 3569 pag.
3503 3500 3595 3565 41,
3650 3502 3730 3553 ait

2155 3570 2480 3658 baptismum
2511 3570 2723 3658 "multis
2741 3570 3083 3658 "nominibus
3125 3569 3722 3658 ομρείλξιιιιίηχάρισμα,

2156 3640 2430 3712 φώτισμα,
2464 3641 2687 3722 τέλειον.
2740 3640 2806 3693 Ει
2857 3640 2909 3694 in
2963 3640 3236 3705 Excerplis
3279 3638 3551 3703 Theodoti,
3597 3638 3725 3722 pag.

2152 3711 2280 3774 544,
2315 3721 2473 3766 vocat
2503 3714 2831 3778 baptismum
2868 3710 3163 3781 σφραγῖδα,
3186 3719 3239 3781 et
3279 3709 3601 3781 σφράγισμα
3623 3725 3728 3781 της

2154 3782 2439 3854 ganeam,
2465 3796 2796 3854 causamque
2821 3780 2982 3854 allert
3016 3780 3257 3854 nominis
3276 3780 3535 3854 eamdem
3560 3795 3726 3849 quam

2153 3848 2469 3920 Gregorius.
2504 3850 2662 3904 Plura
2697 3848 2821 3904 vide
2847 3853 2985 3919 apud
3014 3849 3073 3920 P.
3115 3848 3445 3920 llalloixium
3481 3851 3532 3903 in
3565 3848 3728 3904 nota-

2156 3919 2394 3976 tionibus
2437 3922 2502 3974 ad
2540 3921 2716 3974 Vitam
2747 3921 2919 3975 sancti
2981 3919 3287 3989 Polycarpi,
3328 3934 3449 3988 cap.
3501 3922 3554 3975 9.
3595 3920 3728 3987 Qui-

2152 3992 2265 4115 l‘msl
2283 3992 2419 4115 aﬁdide
2459 3989 2820 4061 Epiphanium
2854 3992 2909 4045 in
2943 3989 3139 4045 haeresi
3164 3989 3571 4057 Ebionteurum,
3595 4005 3724 4061 cap.

2211 4076 2241 4115 e
2367 4099 2382 4113 .
3141 4098 3149 4106 .

2211 4071 2265 4115 et
2292 4071 2382 4115 δι.
3141 4098 3149 4106 .

2226 4131 2339 4197 (14)
2369 4130 2896 4198 Προσφθείρονται.
2957 4129 3125 4198 Hujus
3153 4129 3302 4184 verbi
3344 4129 3455 4183 vim
3489 4144 3595 4184 non
3643 4130 3728 4185 itt-

2159 4201 2937 4269 telleinChristopltorsonns,
2992 4213 3049 4255 ut
3088 4216 3159 4255 ex
3195 4200 3453 4254 versione
3481 4199 3597 4267 ejus
3630 4215 3729 4269 ap-

2160 4281 2333 4342 paret.
2378 4269 2849 4342 Προσφθείρεσθαι
2895 4273 3037 4325 idem
3068 4281 3163 4323 .est
3220 4270 3377 4342 quod
3418 4269 3726 4342 προσέρχε-

2163 4340 2307 4408 σθαι,
2337 4340 2440 4395 nisi
2472 4342 2619 4408 quod
2662 4340 2722 4393 in
2769 4342 2964 4395 malam
3001 4350 3207 4409 partem
3238 4340 3493 4409 sumitur.
3525 4340 3729 4396 Eodem

491 4414 680 4469 Graeca
709 4411 767 4483 id
794 4406 898 4465 non
929 4419 1143 4483 sonant.
1171 4408 1578 4483 Nam__Clemens
1607 4410 1723 4483 a_it,_
1743 4406 2045 4477 episcopnn

2163 4406 2327 4467 sensu
2362 4406 2764 4483 εἰσφθείρεσθαι
2797 4406 3180 4483 dicuntGracci
3214 4423 3312 4477 pro
3360 4406 3729 4483 εἰσέρχεσθαι,

486 4486 618 4540 eum
649 4482 1050 4536 adolescentem
1086 4479 1235 4533 illum
1278 4478 1567 4547 aliquando
1616 4476 1844 4532 fovisSet
1892 4490 2053 4548 atque

496 4553 827 4610 instituisset
878 4550 1296 4613 studiosissime,
1333 4550 1550 4602 tandem
1605 4548 1759 4602 illum
1814 4550 2057 4617 baptiza-

495 4625 667 4693 visse;
719 4630 896 4693 postea
929 4635 1057 4693 vero
1091 4636 1278 4693 curam
1327 4618 1469 4693 illius
1500 4618 1860 4693 adolescentis
1904 4620 2053 4689 abje-

494 4689 662 4760 cisse,
690 4689 889 4763 quippe
930 4691 1016 4763 cui
1058 4689 1827 4763 perfectissimumcustodent
1886 4704 2055 4763 appo:

496 4757 723 4826 suisset:
743 4757 1078 4817 Doininicuni
1114 4759 1472 4829 signaculum,
1498 4757 1574 4821 ὡς
1599 4759 1660 4830 τὸ
1684 4758 1886 4814 τέλειον
1910 4757 2057 4830 αὐτῷ

497 4834 859 4906 φυλακτήριον
907 4833 1203 4906 ἐπιστήσας
1248 4830 1346 4899 τὴν
1396 4829 1662 4906 σφραγῖδα
1697 4830 1798 4906 ,τοῦ
1829 4829 2054 4906 Κυρίου.

499 4897 1024 4972 Christnj'ihorsonus
1058 4897 1149 4955 illa
1193 4897 1358 4955 verba
1396 4897 1485 4962 ὡς’
1521 4900 1822 4972 ἐπιστήσας
1875 4897 2057 4964 vertit,

500 4977 587 5030 ubi
615 4971 955 5043 obsi’gnasset,
1000 4986 1122 5025 cum
1169 4980 1382 5043 vertere
1425 4971 1603 5043 potius
1630 4971 1927 5043 debuisset,
1969 4980 2054 5024 ut-

502 5055 620 5110 pote
651 5040 744 5112 qui
779 5041 1121 5112 obsignasset.
1168 5040 1320 5112 Hanc
1348 5042 1493 5112 enim
1526 5040 1632 5092 vim
1672 5040 1841 5112 habet
1872 5041 2059 5112 Graeca

508 5109 796 5184 particula,
829 5109 907 5184 et;
933 5111 1122 5184 lectori
1170 5111 1395 5184 indicat,
1434 5109 1488 5184 id
1513 5110 1685 5184 _quod
1737 5109 1939 5184 dicitur
1963 5110 2061 5184 _ad

507 5178 783 5249 superiora
823 5179 1012 5233 referri
1036 5182 1257 5235 debere.
1290 5182 1425 5235 Cum
1456 5179 1620 5249 igitur
1652 5189 1811 5249 antea
1861 5182 1926 5234 de
1963 5178 2065 5233 ba-

547 5248 705 5311 tismo
734 5252 940 5320 locutus
971 5250 1044 5303 sit
1072 5250 1320 5304 Clemens
1353 5249 1430 5318 (id
1456 5248 1599 5302 enim
1632 5248 1905 5320 significat
1934 5264 2065 5303 ver-

549 5337 636 5375 um
671 5322 798 5375 illud
824 5317 1100 5391 ἐφώτισε),
1133 5320 1185 5372 in
1228 5320 1327 5374 hac
1359 5317 1524 5391 etiam
1559 5317 1778 5388 periodo
1800 5320 1866 5375 de
1891 5319 2070 5391 bapti-

511 5407 628 5447 smo
666 5406 786 5446 eum
826 5390 975 5459 loqui
1001 5388 1221 5445 necesse
1255 5398 1353 5443 est.
1376 5388 1483 5444 Sed
1505 5400 1558 5444 et
1583 5391 1845 5445 Eusebius
1881 5392 1935 5445 in
1967 5388 2067 5444 lib.

512 5477 587 5527 vt,
620 5477 738 5530 cap.
771 5462 800 5513 ‘l
831 5460 923 5514 ubi
978 5460 1044 5515 de
1085 5459 1320 5514 Basilide
1353 5460 1487 5530 agit,
1532 5460 1862 5526 baptismum
1908 5467 2069 5515 vocat

513 5531 804 5655 σφραγῖδα.
829 5530 1006 5613 μιῖηί
1032 5544 1244 5600 quoque
1273 5532 1463 5612 eodem
1488 5532 1643 5584 modo
1663 5530 2071 5611 vocantsigna-

514 5617 579 5655 cu
606 5614 691 5653 um
719 5599 860 5655 ﬁdet.
898 5600 990 5655 Stc
1022 5602 1252 5655 liulittus
1283 5615 1335 5653 In
1364 5600 1457 5653 ltb.
1486 5602 1772 5655 tadversus
1810 5598 2071 5655 Hieronu‘

514 5598 691 5657 culum
717 5599 860 5669 ﬁdei.
898 5600 990 5655 Sic
1022 5598 1252 5655 Rutilius
1283 5601 1335 5653 in
1364 5600 1457 5653 lib.
1486 5602 1772 5655 tadversus
1810 5598 2071 5667 Hieronyo

516 5687 677 5736 mum,
706 5673 879 5732 mnio.
904 5682 955 5725 et
991 5681 1143 5726 vetus
1172 5681 1359 5724 auctor
1375 5669 1450 5723 De
1484 5671 1742 5723 haereticis
1774 5685 1874 5722 non
1900 5669 2073 5745 bapti-

574 5776 595 5799 ’
617 5774 679 5826 ll.
700 5786 746 5824 c.
770 5786 938 5835 parem
957 5786 1062 5825 cum
1086 5773 1267 5828 ra'teris
1287 5780 1459 5827 sortem
1478 5770 1662 5824 habere.
1692 5770 1824 5820 Eutr.

2154 4494 2215 4535 nt
2246 4492 2395 4536 notat
2426 4483 2644 4537 Suidas.
2693 4482 2867 4547 Quam
2898 4496 3082 4536 vocem
3114 4481 3297 4551 legere
3334 4481 3554 4534 memini
3588 4484 3730 4551 apud

2154 4552 2475 4622 Gregorium
2534 4551 2661 4604 Naz.
2705 4553 2759 4622 in
2808 4548 3199 4622 oratione_2f,
3235 4548 3424 4622 ὥσπερ
3457 4569 3510 4605 τι
3532 4548 3735 4622 νόσὶμα

2154 4621 2323 4693 δεινρν
2371 4623 2490 4685 ταῖς
2532 4620 2851 4693 ἐκκλησίαις
2911 4619 3232 4692 είσεφθάρη.
3269 4620 3338 4693 Et
3394 4619 3553 4693 paulo
3613 4619 3733 4693 post

2157 4694 2222 4763 de
2252 4691 2513 4763 Gregouju
2542 4686 2761 4746 'Aria'no
2813 4686 3055 4762 loquens,
3232 4686 3478 4763 πολιτείᾳ
3502 4686 3733 4763 παρείσ-

2158 4759 2410 4844 φθαρενῇ
2447 4759 2608 4816 Plura
2653 4765 2735 4844 de,
2759 4764 2862 4844 hoc
2884 4759 3056 4818 verbo
3089 4759 3218 4817 alibi
3253 4759 3464 4829 notavi,
3498 4759 3619 4831 qua:
3651 4762 3735 4815 in-

2157 4835 2446 4903 praesentia
2475 4846 2578 4886 non
2616 4842 2743 4886 sunt
2775 4835 2840 4885 ad
2868 4848 3110 4886 manum.

2231 4900 2341 4973 (15)
2368 4902 2497 4955 Ἴσα
2544 4902 2668 4969 τοῖς
2710 4901 2927 4973 ,ἄλλοις
2969 4901 3179 4956 παθεῖν
3220 4900 3440 4973 ἠξίους,
3463 4898 3732 4973 Gruterus

2160 4968 2466 5042 negativam
2492 4968 2810 5040 particulam
2844 4974 2933 5026 hic
2960 4973 3169 5042 addidit
3189 4992 3203 5030 ;
3222 4968 3323 5042 οὐκ
3344 4968 3531 5042 ἠξίου.
3556 4971 3734 5042 Atoue

2162 5039 2462 5163 ita'legisse
2488 5039 2738 5096 videntur
2764 5042 2992 5095 Ruﬁnus
3021 5051 3075 5094 ct
3103 5039 3391 5094 Musculus.
3446 5039 3577 5093 Mihi
3610 5057 3731 5092 ma-

2163 5115 2244 5163 nis
2287 5129 2320 5163 n
2345 5121 2533 5163 aceret
2587 5110 2849 5163 ἀπηξίου.
2880 5110 3031 5163 Ferri
3090 5120 3267 5163 tamen
3310 5120 3488 5163 potest
3519 5109 3731 5163 vulgata

2163 5115 2244 5182 gis
2287 5109 2533 5182 placeret
2587 5110 2849 5183 ἀπηξίου.
2880 5110 3050 5183 Ferri
3072 5120 3267 5183 tamen
3310 5109 3735 5183 potestvulgata

2165 5180 2457 5252 scriptura,
2485 5182 2532 5252 si
2567 5180 2703 5238 voce
2736 5182 2823 5235 illa
2851 5184 2964 5246 τοῖς
3003 5180 3185 5243 ἄλλοις
3214 5193 3316 5252 non
3356 5180 3574 5236 sodales
3604 5181 3735 5252 ado-

2166 5249 2420 5308 lescentis
2454 5251 2596 5305 illius
2625 5251 2913 5316 intelligas,
2939 5253 3033 5305 sed
3058 5252 3198 5305 alios
3226 5249 3468 5303 latrones
3494 5259 3551 5303 et
3584 5250 3731 5303 sica-

2168 5323 2298 5393 rios.
2325 5322 2382 5377 In
2410 5322 2601 5386 codice
2618 5321 2781 5386 Mam,
2804 5319 2953 5376 Med.
2980 5330 3036 5375 et
3069 5319 3205 5376 Fuit.
3241 5319 3438 5390 legitur
3467 5319 3735 5393 πράττειν

2170 5387 2346 5468 ἠξίου.
2388 5394 2511 5468 Sed
2534 5411 2599 5451 ea
2637 5396 2811 5468 lectio
2838 5393 2970 5468 ferri
3008 5410 3115 5451 non
3157 5387 3529 5468 potes—geum‘
3564 5397 3619 5450 in
3654 5410 3746 5468 ea-

2171 5465 2294 5522 dem
2332 5467 2557 5538 periodo
2588 5465 2913 5538 praecedant
2953 5466 3066 5538 haec
3117 5466 3277 5538 verba
3302 5466 3459 5538 ,μέγα
3507 5483 3561 5538 τι
3599 5467 3741 5538 πρά-

2174 5538 2290 5603 ξας.
2334 5535 2441 5593 etc.
2496 5535 2625 5592 Ubi'
2649 5546 2829 5593 tamen
2882 5536 3054 5591 nostri
3102 5537 3256 5593 codd.
3300 5535 3462 5601 Maz.,
3512 5535 3656 5592 Med.
3693 5546 3745 5591 et

2173 5609 2308 5663 Fuk.
2338 5610 2601 5679 scriptum
2636 5608 2836 5663 habent
2880 5607 3021 5680 μέγα
3054 5625 3107 5662 τι
3149 5609 3372 5679 πρᾶξαι,
3402 5609 3607 5680 absque
3633 5607 3746 5663 ullo

2172 5694 2375 5737 δεηςυί
