4016 6260
319 295 421 352 263

1336 306 1681 366 HISTORLE
1718 308 2276 369 ECCLESIASTICAE
2318 309 2445 368 LIB.
2489 310 2577 367 lli.

3492 315 3596 369 266

330 418 435 479 est;
468 419 813 477 ἐπακοῦσαι.
854 426 967 479 Ούκ
997 425 1212 500 ἄπειροι
1267 430 1363 499 μὲν
1397 426 1488 483 οὖν
1534 432 1775 503 ὑπῆρχον
1813 433 1915 485 τῶν

2027 436 2212 504 gisset,
2243 445 2295 489 et
2340 433 2406 487 ad
2438 435 2611 503 ipsum
2647 447 2820 502 usque
2851 432 3090 486 divinum
3146 432 3453 501 paradisum
3511 451 3597 488 ra-

339 513 504 567 αύτῶν
538 516 641 568 καὶ
690 518 743 569 οἱ
776 518 957 571 λοιποὶ
1004 520 1096 573 1:05
1147 522 1396 593 Σωτῆρος
1447 523 1603 594 ἡμῶν
1650 526 1919 595 φοιτηταὶ,

339 607 536 661 δάδεκα
553 608 655 678 μὲν
677 611 993 676 ἀπόστολοι,
1013 613 1379 685 ἐϐδομήκοντα
1399 616 1454 667 δὲ
1489 617 1743 687 μαθηταὶ,
1778 618 1923 672 ἄλλοι

341 717 395 752 τε
425 701 519 752 ἐπὶ
551 702 774 767 τούτοις
808 704 1012 777 μυρίοι.
1046 705 1233 775 Ὅμως
1258 706 1300 758 δ’
1324 702 1415 759 οὖν
1449 706 1506 771 ἐξ
1535 709 1787 762 ἁπάντων
1815 709 1922 762 τῶν

340 792 429 844 τοῦ
462 794 677 864 Κυρίου
737 796 1013 867 μαθητῶν,
1065 798 1429 868 ὑπομνήματα
1472 800 1746 863 Ματθαῖος
1793 803 1921 872 ἡμῖν

340 886 430 939 καί
467 886 729 958 Ἰωάννης
771 890 917 958 μόνοι
944 892 1406 946 καταλελοίπασιν·
1434 894 1525 958 οὓς
1554 895 1648 948 καὶ
1683 893 1922 963 ἐπάναγ-

339 995 429 1039 κες
454 980 551 1031 ἐπὶ
578 980 680 1051 τὴν
715 982 933 1053 γραφὴν
979 984 1149 1036 ἐλθεῖν
1184 986 1403 1056 κατέχει
1429 986 1601 1055 λόγος.
1646 988 1922 1051 Ματθαῖος

341 1068 437 1138 μὲν
474 1070 589 1140 γὰρ
627 1072 891 1144 πρότερον
932 1073 1199 1145 Ἑϐραίοις
1221 1075 1481 1147 κηρύξας,
1511 1076 1584 1140 ὡς
1606 1076 1796 1144 ἔμελλε
1830 1080 1923 1131 καὶ

338 1163 419 1229 ἐφ’
437 1163 667 1232 ἐτέρους
691 1164 847 1228 ἰέναι,
877 1166 1087 1237 πατρίῳ
1110 1166 1322 1240 γλώττῃ
1343 1170 1524 1239 γραςῇ
1563 1170 1837 1240 παραδοὺς
1866 1171 1923 1224 τὸ

338 1254 457 1307 κατ’
491 1256 662 1308 αὐτὸν
698 1257 1021 1325 Εύαγγέλιον
1042 1298 1055 1321 ,
1104 1259 1164 1311 τὸ
1196 1258 1378 1312 λεῖπον
1407 1262 1472 1330 τῇ
1519 1260 1682 1313 αὑτοῦ
1723 1278 1925 1333 παρου-

340 1345 433 1416 σίᾳ
460 1346 601 1415 (9.7),
640 1347 847 1412 τούτοις
884 1342 1067 1416 ἀφ’ὧν
1118 1349 1413 1413 ἐστέλλετο,
1457 1349 1543 1402 διὰ
1576 1352 1674 1421 τῆς
1705 1352 1921 1421 γραιρῆς

340 1436 687 1507 ἀπεπληρου.
723 1439 857 1508 Ἤδη
890 1438 945 1491 δὲ
994 1441 1220 1511 Μάρκου
1270 1441 1362 1493 καὶ
1415 1442 1595 1493 Λουκᾶ
1632 1441 1740 1494 τῶν
1803 1445 1922 1496 κατ’

339 1530 537 1592 αὖτοὺς
569 1530 917 1599 Εύαγγελίων
937 1533 1033 1603 τὴν
1061 1531 1268 1585 ἔκδοσιν
1304 1534 1703 1603 πεποιημένων,
1743 1535 1923 1588 Ἰωάν-

352 1636 439 1687 ιην
472 1620 612 1687 φασὶ
640 1620 731 1673 τὸν
762 1620 937 1674 πάντα
960 1624 1147 1694 χρόνον
1186 1622 1417 1693 ἀγράφῳ
1462 1625 1796 1695 κεχρημένον
1825 1643 1923 1697 κη-

348 1714 611 1785 ρύγματι,
644 1715 795 1779 τέλος
849 1715 942 1768 καὶ
993 1716 1083 1768 ἐπὶ
1123 1717 1222 1786 τὴν
1256 1718 1469 1790 γραφὴν
1506 1720 1678 1772 ἐλθεῖν
1707 1720 1919 1773 τοιᾶσδε

2026 536 2169 593 plus,
2193 539 2387 577 arcana
2420 524 2659 591 quaedam
2689 524 2846 577 verba
2874 522 2945 578 ibi
2968 523 3595 582 auscultaretneruissel.

2026 614 2132 669 Sed
2188 625 2242 669 et
2291 614 2480 683 reliqui
2518 612 2828 668 Servatoris
2883 614 3054 668 nostri
3104 612 3411 682 adjutores,
3464 614 3599 668 duo-

2025 707 2198 760 decim
2263 706 2517 759 videlicet
2580 704 2840 773 apostoli,
2903 718 2957 759 et
3027 706 3370 776 septuaginta
3428 705 3597 760 disci-

2025 796 2155 865 puli,
2184 794 2292 865 95
2332 794 2424 849 alii
2472 795 2707 862 denique
2748 804 2946 864 prmter
2992 810 3088 850 eos
3144 795 3595 858 innumerabiles.

2023 889 2339 943 earumdem
2382 901 2563 941 rerum
2617 886 2840 939 minime
2882 897 3133 953 expertes
3182 888 3426 943 fuerunt.
3482 888 3592 945 Soli

2026 981 2377 1035 nihilominus
2403 995 2468 1033 ex
2505 980 2716 1033 cunctis
2747 980 2957 1033 Domini
3002 980 3281 1050 discipulis
3307 980 3596 1036 Matlhu'us

2024 1084 2077 1125 et
2105 1072 2339 1125 Joannes
2373 1072 2605 1141 scriptos
2642 1072 2797 1125 nobis
2830 1088 3010 1126 rerum
3045 1076 3466 1129 commentarios
3509 1090 3596 1129 re-

2024 1164 2334 1233 liquerunt;
2395 1180 2531 1232 quos
2591 1164 2807 1233 quidem
2859 1167 3184 1221 necessitate
3248 1168 3480 1237 quadam
3529 1169 3594 1221 ad

2023 1256 2368 1309 scribendum
2412 1255 2675 1323 impulsos
2723 1255 2887 1309 fuisse
2920 1256 3230 1324 perhibent.
3280 1257 3411 1311 Nam
3462 1258 3598 1312 Mat-

2026 1348 2196 1401 thalus
2251 1362 2373 1400 cum
2438 1347 2680 1403 llebrtcis
2730 1351 2963 1417 primum
3017 1348 3174 1404 [idem
3220 1351 3590 1419 praedicasset,

2026 1439 2147 1492 inde
2173 1439 2238 1491 ad
2274 1439 2411 1494 alias
2445 1456 2662 1509 quoque
2716 1450 2905 1509 gentes
2949 1445 3317 1511 profecturus,
3353 1444 3598 1515 Evange-

2025 1529 2152 1582 iimn
2203 1546 2360 1584 suum
2416 1533 2592 1600 patrio
2648 1547 2898 1588 sermone
2958 1536 3334 1603 conscribcns,
3369 1538 3420 1590 id
3453 1540 3595 1607 quod

2027 1620 2326 1687 praesentia:
2354 1636 2464 1675 sua:
2498 1622 2678 1675 adhuc
2708 1636 2995 1691 superesse
3036 1626 3340 1693 videbatur,
3392 1630 3598 1697 scripto

2026 1711 2134 1762 illis
2158 1726 2294 1779 quos
2330 1712 2696 1782 relinquebat,
2734 1715 3020 1785 supplevit.
3060 1716 3249 1772 Postea
3292 1734 3423 1775 vero
3472 1737 3593 1776 cum

341 1805 498 1876 χάριν
530 1807 731 1869 αἰτίας.
764 1805 884 1858 Τῶν
916 1808 1441 1878 προαναγραφέντων
1484 1808 1647 1880 τριῶν
1681 1812 1757 1873 είς
1785 1811 1915 1864 πάν-

2024 1801 2235 1857 Marcus
2275 1803 2384 1870 jam
2438 1816 2492 1857 et
2537 1804 2714 1859 Lucas
2743 1805 3037 1877 Evangelia
3071 1825 3165 1862 sua
3201 1824 3446 1866 seorsum
3486 1813 3601 1867 sin-

340 1914 437 1960 τας
470 1896 573 1967 ἤδη
621 1898 715 1950 καὶ
759 1898 839 1959 είς
879 1897 1039 1952 αὐτὸν
1092 1898 1497 1970 διαδεδομένων,
1560 1901 1921 1966 ἀποδέξασθαι

345 1991 439 2059 μέν
469 2007 658 2059 φασιν,
693 1989 944 2061 ἀλήθειαν
977 1992 1157 2054 αὐτοῖς
1189 1992 1728 2063 ἐπιμαρτυρήσαντοι,
1758 1995 1921 2065 μόνην

342 2082 397 2134 δὲ
416 2082 522 2152 ἄρα
546 2081 830 2134 λείπεσθαι
858 2083 925 2151 τῇ
952 2084 1134 2152 γραφῇ
1161 2083 1259 2153 τὴν
1291 2100 1355 2135 πε
1368 2084 1419 2153 ρὶ
1461 2083 1570 2136 τῶν
1598 2085 1655 2136 ἐν
1686 2083 1921 2157 πρώτοις

344 2175 433 2226 καὶ
482 2174 607 2226 κατ’
630 2173 810 2245 ἀρχὴν
842 2172 935 2225 τοῦ
990 2173 1341 2245 κηρύγματος
1391 2174 1495 2228 ὑπὸ
1537 2171 1639 2228 τοῦ
1684 2177 1919 2247 Χριστοῦ

344 2266 745 2336 πεπραγμένων
769 2265 1016 2337 διήγησιν
1035 2284 1049 2298 ⁸
1086 2267 1181 2320 καὶ
1211 2266 1414 2339 ἀληθής
1436 2285 1498 2336 γε
1532 2270 1560 2321 ὁ
1580 2268 1752 2338 λόγος.
1784 2270 1920 2334 Τοὺς

343 2357 534 2420 ἄλλους
583 2358 714 2426 γοῦν
755 2362 904 2429 τρεῖς
940 2359 1332 2427 εὐαγγελιστάς
1393 2361 1622 2413 συνιδεῖν
1666 2361 1917 2433 πάρεστι,

348 2448 479 2519 μόνα
512 2450 585 2503 τὰ
625 2450 763 2520 μετά
802 2451 899 2522 τὴν
942 2454 999 2505 ἐν
1036 2452 1113 2522 τῷ
1158 2453 1514 2523 δεσμωτηρίῳ
1551 2453 1791 2506 Ἰωάννου
1823 2452 1916 2506 τοῦ

346 2538 651 2593 Βαπτιστοῦ
704 2539 979 2613 κάθειρξιν
1026 2542 1228 2611 ἐφ’ἒνα
1260 2542 1502 2595 ἐνιαυτὸν
1555 2542 1919 2613 πεπραγμένα

341 2614 435 2704 τῷ⁰
456 2635 673 2705 Σωτῆρι
707 2636 1169 2707 συγγεγραφότας,
1206 2636 1334 2688 αὑτό
1374 2653 1432 2688 τε
1470 2635 1612 2688 τοῦτ’
1642 2638 1913 2708 ἐπισημη-

344 2725 609 2794 ναμένους
648 2727 926 2797 καταρχὰς
962 2727 1061 2797 τῆς
1104 2725 1282 2779 αὐτῶν
1318 2726 1576 2797 ἱστορίας.
1607 2727 1760 2779 Μετὰ
1788 2726 1919 2795 γοῦν

341 2817 439 2888 τὴν
502 2821 1116 2890 τεσσαρακονταήμερον
1181 2817 1432 2887 νηστείαν
1475 2857 1489 2879 ,
1530 2818 1621 2871 καὶ
1683 2819 1773 2870 τὸν
1832 2820 1917 2872 ἐπ’

342 2908 480 2977 αὐτῇ
561 2908 883 2979 πειρασμὸν,
946 2909 1036 2961 τὸν
1098 2909 1288 2979 χρόνον
1326 2908 1423 2978 τῆς
1456 2908 1587 2971 ἰδίας
1636 2910 1853 2980 γραφῆς
1890 2913 1918 2964 ό

348 3000 448 3069 μὲν
518 2999 799 3063 Ματθαῖος
866 3000 1014 3072 δηλοῖ
1047 3001 1238 3068 λέγων’
1310 3019 1328 3052 ι
1396 3002 1657 3065 Ἀκούσας
1717 3002 1773 3054 δὲ
1837 3004 1916 3056 ὅτι

354 3092 615 3161 Ἰωάννης
649 3092 937 3163 παρεδόθη,
994 3091 1335 3164 ἀνεχώρησεν
1385 3093 1492 3147 ἀπὸ
1522 3095 1619 3165 τῆς
1661 3093 1914 3159 Ἰουδαίοις

2026 1894 2134 1960 guli
2167 1893 2480 1962 edidissent,
2510 1896 2661 1949 aiunt
2688 1894 2973 1963 Joannem,
3008 1903 3098 1968 qui
3154 1902 3421 1957 hactenus
3454 1903 3594 1958 nuda

2025 1998 2154 2038 voce
2183 1984 2406 2039 verbum
2444 1987 2653 2041 Domini
2695 1989 3108 2055 praedicaverat,
3146 1984 3361 2046 tandem
3388 1993 3459 2047 ob
3499 1993 3602 2047 huc

2017 2075 2253 2141 jusmodi
2281 2091 2498 2131 causam
2527 2078 2592 2131 ad
2624 2080 2973 2133 scribendum
3003 2095 3062 2133 se
3097 2081 3419 2138 contulisse.
3461 2082 3595 2139 Per—

2024 2167 2144 2222 latis
2170 2167 2281 2236 jam
2310 2170 2361 2223 in
2397 2172 2637 2224 omnimu
2676 2172 2955 2242 ipsiusque
3006 2173 3143 2228 adeo
3193 2172 3421 2232 Joannis
3454 2180 3596 2233 noti-

1986 2322 1991 2326 π
2023 2261 2150 2314 tiam
2183 2261 2505 2331 supradictis
2534 2262 2708 2317 tribus
2748 2264 3075 2334 Evangeliis,
3116 2267 3505 2336 approbavisse
3533 2286 3595 2322 ea

2019 2351 2280 2419 Joannes,
2330 2364 2385 2407 et
2425 2354 2709 2409 veritatem
2754 2357 3085 2425 scriptorum
3136 2373 3235 2413 suo
3284 2360 3594 2416 testimonio

2022 2444 2377 2501 conﬁrmasse
2403 2446 2650 2502 dicitur:
2691 2450 2864 2504 solam
2908 2465 3041 2505 vero
3091 2454 3458 2509 narrationem
3500 2470 3595 2510 ea-

2022 2553 2140 2592 rum
2192 2553 2373 2593 rerum
2405 2555 2544 2610 quas
2577 2540 2829 2597 Christus
2860 2542 3005 2598 circa
3040 2545 3457 2615 praedicationis
3490 2549 3593 2602 ini-

2023 2627 2154 2680 tium
2194 2638 2461 2698 gesserat,
2513 2630 2854 2685 desiderasse
2896 2650 2909 2687 :
2942 2642 2995 2687 et
3039 2634 3281 2703 profecto
3313 2636 3383 2690 ita
3417 2651 3474 2691 se
3508 2652 3596 2693 res

2022 2716 2207 2772 habet.
2260 2717 2393 2772 Nam
2432 2720 2742 2789 superiores
2772 2722 2993 2790 quidem
3042 2733 3154 2778 tres
3206 2728 3591 2797 evangelistas.

2020 2824 2085 2864 ea
2114 2809 2381 2864 duntaxat
2432 2826 2550 2879 qua:
2589 2822 2713 2881 post
2740 2813 3046 2879 conjectum
3088 2815 3142 2869 in
3174 2815 3387 2871 vincula
3429 2818 3593 2874 Joan-

2020 2916 2142 2956 nem
2191 2900 2519 2971 Baptistam,
2548 2904 2709 2958 unius
2757 2906 2884 2959 an‘ni
2936 2906 3213 2963 curriculo
3244 2925 3272 2963 a
3304 2909 3595 2967 Servatore

2021 3002 2208 3049 nostro
2254 3002 2403 3063 gesta
2455 3002 2602 3060 sunt,
2648 2994 2849 3051 litteris
2906 2999 3195 3055 mandasse
3246 3002 3591 3071 perspicuum

2021 3099 2099 3143 est
2130 3108 2142 3143 :
2177 3089 2336 3158 idque
2360 3089 2535 3157 ipsum
2566 3090 2618 3143 in
2658 3092 2924 3162 principio
2954 3097 3137 3163 Operis
3168 3096 3249 3150 sui
3282 3105 3470 3165 aperte
3517 3097 3593 3150 si-

338 3186 423 3246 είς
490 3183 589 3253 τὴν
630 3183 933 3239 Γαλιλαίαν.
1006 3204 1024 3235 ›
1108 3184 1165 3238 '0
1215 3186 1272 3238 δέ
1336 3186 1559 3257 Μάρκος
1623 3186 1915 3251 ώσαύτως·

2022 3180 2328 3250 g‘niiicasse.
2362 3181 2645 3236 lilattlmus
2673 3192 2818 3236 certe
2844 3192 2967 3251 post
2992 3186 3352 3254 quadraginta
3385 3187 3593 3241 dierum

341 3297 359 3327 ι
420 3275 581 3330 Μετὰ
639 3276 697 3328 δὲ
764 3276 824 3328 τὸ
882 3275 1300 3347 παραδοθῆναι,
1359 3278 1556 3348 φησὶν,
1627 3278 1915 3350 Ἰωάννην,

332 3366 502 3440 ἦλθεν
551 3368 757 3439 Ἰησοῦς
787 3370 865 3430 εἰς
888 3368 982 3438 τὴν
1025 3368 1330 3422 Γαλιλαίαν.
1368 3388 1383 3419 ι
1410 3369 1518 3421 Καὶ
1558 3371 1585 3422 ὁ
1614 3370 1825 3430 Λουκᾶς
1861 3370 1918 3422 δὲ

335 3461 471 3532 πρὶν
492 3458 757 3529 ἄρξασθαι
776 3459 992 3513 τῶντοῦ
1019 3460 1191 3531 Ἰησοῦ
1224 3460 1492 3531 πράξεων,
1526 3460 1917 3532 παραπλησίως

333 3552 593 3620 ἐπιτηρεῖ
629 3550 883 3619 φάσκωνο
927 3569 945 3601 ι
998 3551 1083 3615 Ὠς
1124 3551 1228 3623 ἄρα
1263 3550 1516 3623 προσθεὶς
1557 3551 1799 3621 Ἡρώδης
1838 3546 1917 3613 οῖς

332 3644 670 3715 διεπράξατο
726 3647 999 3716 πονηροῖς,
1052 3644 1371 3697 κατέκλεισε
1420 3643 1509 3695 τὸν
1569 3643 1816 3711 Ἰωάννην
1860 3645 1916 3694 ἐν

336 3737 577 3805 φυλακῇ.
623 3757 639 3787 ι
677 3736 1102 3808 Παρακληθέντα
1125 3736 1188 3807 δὴ
1222 3733 1313 3789 οὖν
1351 3737 1553 3789 τούτων
1585 3735 1749 3789 ἕνεκά
1782 3753 1914 3806 φησι

334 3828 429 3880 τὸν
455 3828 750 3881 ἀπόστολον
788 3828 1056 3898 Ἰωάννην,
1078 3829 1167 3881 τὸν
1193 3828 1299 3880 ὑπὸ
1321 3828 1427 3881 τῶν
1450 3827 1729 3899 προτέρων
1752 3828 1916 3896 εύαγ-

333 3921 602 3990 γελιστῶν
630 3920 1122 3992 παρασιωπηθέντα
1148 3920 1358 3990 χρόνον,
1374 3921 1464 3973 καὶ
1484 3922 1549 3973 τὰ
1574 3920 1715 3973 κατὰ
1726 3918 1914 3973 τοῦτον

335 4014 705 4085 πεπραγμένα
750 4015 860 4084 les)
898 4012 975 4084 τῷ
1012 4013 1218 4082 Σωτῆρι
1259 4012 1450 4080 (ταῦτα
1465 4007 1587 4083 δ’ἦν
1606 4010 1672 4064 τά
1694 4013 1798 4084 πρὸ
1817 4013 1916 4083 τῆς

335 4109 431 4162 τοῦ
447 4106 749 4160 Βαπτιστοῦ
779 4105 1148 4176 καθείρξεως),
1179 4103 1255 4175 τῷ
1280 4106 1397 4157 κατ’
1420 4105 1580 4157 αὑτὸν
1600 4106 1915 4177 Εύαγγελίῳ

336 4197 698 4273 παραδοῦναι,
731 4198 858 4250 αύτό
888 4215 945 4250 τε
977 4197 1118 4249 τοῦτ’
1150 4197 1622 4267 ἐπισημήνασθαι,
1654 4198 1775 4250 τοτέ
1817 4198 1914 4268 μὲν

337 4294 611 4363 φήσαντα,
657 4309 673 4339 ι
714 4289 926 4358 Ταύτην
948 4288 1119 4359 ἀρχὴν
1153 4288 1375 4358 ἐποίησε
1395 4288 1502 4340 τῶν
1544 4289 1858 4360 παραδόξων
1886 4291 1914 4342 ὁ

348 4382 579 4453 Ἰησοῦς,
618 4401 634 4432 ›
672 4381 795 4433 τοτὲ
846 4381 902 4434 δὲ
955 4380 1400 4450 μνημονεύσαντα
1449 4378 1541 4432 τοῦ
1608 4379 1911 4432 Βαπτιστοῦ

338 4474 543 4546 μεταξὺ
582 4473 689 4525 τῶν
726 4472 901 4543 Ἰησοῦ
935 4471 1180 4542 πράξεων
1203 4510 1216 4537 ,
1252 4471 1326 4535 ὡς
1356 4470 1435 4523 ἔτι
1464 4472 1586 4524 τότε
1619 4471 1911 4542 βαπτίζον-

2016 3271 2298 3341 jejunium,
2340 3280 2397 3325 et
2424 3281 2545 3341 post
2582 3271 2726 3325 illam
2773 3276 3123 3332 tentationein
3175 3292 3295 3346 qua:
3328 3276 3591 3346 jejunium

2020 3363 2307 3417 subsecuta
2358 3375 2459 3431 est,
2510 3364 2756 3418 historia:
2806 3382 2918 3421 sua:
2965 3376 3178 3438 tempus
3226 3368 3474 3439 designat
3510 3370 3598 3424 his

2018 3456 2236 3511 verbis:
2269 3474 2287 3507 ‹
2326 3456 2588 3521 Audiens,
2636 3458 2838 3528 inquit,
2883 3459 3025 3523 quod
3066 3459 3305 3515 Joannes
3365 3460 3596 3518 traditus

2018 3559 2155 3615 erat,
2199 3564 2263 3603 ex
2305 3547 2490 3603 Judaea
2531 3551 2759 3605 secessit
2809 3550 2860 3603 in
2907 3550 3207 3605 Galilaeam.
3247 3570 3265 3604 ι
3327 3551 3596 3607 Similiter

2018 3643 2182 3697 etiam
2239 3641 2502 3696 Marcus:
2547 3660 2565 3692 ι
2601 3641 2915 3711 Postquam,
2984 3645 3179 3709 inquit,
3234 3645 3465 3699 traditus
3511 3655 3595 3700 est

2016 3731 2274 3797 Joannes,
2310 3733 2457 3785 venit
2483 3731 2639 3786 Jesus
2672 3732 2722 3785 in
2758 3730 3062 3789 Galilaeam.
3118 3755 3135 3786 ι
3192 3736 3297 3791 Sed
3333 3746 3386 3791 et
3416 3736 3593 3792 Lucas

2017 3833 2307 3892 antequam
2359 3838 2450 3877 res
2504 3838 2532 3876 a
2572 3822 2792 3877 Christo
2848 3836 3032 3893 gestas
3079 3826 3349 3893 ordiatur,
3401 3828 3590 3883 eodem

2018 3917 2176 3969 modo
2223 3926 2430 3979 tempus
2456 3916 2719 3986 designat,
2759 3932 2880 3971 cum
2912 3918 2988 3971 ait
3017 3936 3029 3971 :
3068 3937 3086 3969 ι
3120 3920 3349 3989 Adjecit,
3394 3922 3591 3990 inquit,

2016 4016 2070 4061 et
2106 4009 2206 4063 hoc
2244 4006 2483 4063 Herodes
2512 4010 2723 4063 czeteris
2753 4025 2872 4079 qua:
2902 4020 3147 4079 gesserat
3182 4010 3358 4077 malis,
3390 4021 3591 4066 etcon-

2015 4101 2175 4154 clusit
2202 4099 2464 4156 Joannem
2502 4100 2556 4154 in
2600 4115 2902 4156 carcerem.
2938 4121 2957 4154 ›
2994 4102 3090 4156 itis
3118 4104 3182 4157 de
3216 4104 3397 4159 causis
3439 4104 3591 4157 aiunt

2014 4191 2277 4247 Joannem
2326 4194 2392 4247 ab
2444 4193 2638 4247 amicis
2693 4204 2964 4261 rogatum,
3024 4203 3080 4249 et
3148 4207 3359 4265 tempus
3415 4198 3589 4267 ipsum

2015 4285 2157 4359 quod
2189 4284 2500 4353 superiores
2550 4286 2903 4355 evangelista:
2950 4286 3169 4342 silentio
3223 4289 3588 4356 praetermise-

2016 4385 2162 4439 rant,
2200 4385 2254 4429 8i.
2302 4392 2390 4432 res
2438 4385 2566 4432 lllllC
2603 4392 2633 4430 ὃ
2680 4378 2972 4433 Servalore
3024 4389 3212 4434 DOSU‘O
3254 4389 3456 4450 gestas,
3499 4396 3593 4435 888

2013 4471 2262 4527 videlicet
2287 4487 2407 4541 qua:
2442 4470 2668 4526 Joannis
2700 4471 2961 4542 Baptistae
2987 4489 3262 4530 carcerem
3295 4491 3593 4545 princesse-

416 4654 530 4735 (_27)
569 4653 638 4707 Td
666 4654 981 4735 .tei:z_0r_1ﬁ
1005 4655 1189 4735 αὑτοῦ
1229 4656 1558 4735 παρουσίᾳζ
1573 4654 1907 4735 Nicephorus

2016 4670 2083 4735 sv
2114 4665 2231 4735 post
2262 4670 2550 4735 ascensum
2589 4652 2796 4711 Christi
2830 4658 2994 4735 abeo
3030 4660 3241 4735 factum
3267 4658 3452 4735 fuisse
3475 4668 3587 4735 tra-

344 4726 398 4777 in
439 4725 475 4776 l.
521 4742 579 4798 tt,
608 4740 655 4798 ο.
686 4725 769 4787 45,
801 4726 959 4778 habet
981 4726 1040 4776 τὸ
1080 4724 1259 4798 λεῖπον
1282 4725 1377 4798 τῇς
1400 4726 1559 4778 αὐτοῦ
1588 4724 1905 4798 παρουσίας,

342 4797 394 4849 id
418 4803 522 4856 est,
552 4795 815 4862 Defectum
851 4797 1137 4862 priesentia:
1174 4811 1282 4847 sua:
1318 4796 1380 4847 iis
1409 4813 1534 4864 quos
1565 4795 1905 4865 relinquebat,

343 4866 540 4932 scripto
557 4868 974 4933 compensavitJt
987 4866 1163 4919 utinus
1178 4880 1391 4931 quoque
1408 4879 1459 4918 et
1472 4866 1746 4920 Musculus
1767 4871 1909 4923 hunc

343 4950 505 5004 quem
537 4935 649 5005 dixi
673 4950 887 4988 sensum
909 4937 1075 4990 secuti
1111 4936 1800 5005 sunt.tihristOphorsonus
1823 4955 1910 4990 ve-

344 5004 615 5065 ro,verbis
634 5005 764 5071 ipsis
785 5008 1023 5072 pressius
1045 5004 1506 5063 adltzeri-tts,aliter
1523 5006 1908 5074 interpretatus

344 5084 425 5129 est
452 5076 505 5127 in
546 5078 689 5133 hunc
713 5076 928 5128 modum
959 5092 971 5126 :
1002 5074 1071 5127 Et
1094 5077 1228 5143 quod
1265 5075 1371 5127 illis
1394 5092 1424 5126 a
1447 5076 1628 5143 quibus
1648 5078 1907 5141 discessit,

344 5147 518 5196 deesse
545 5144 670 5195 dum
690 5161 915 5211 praesens
939 5146 1076 5213 apud
1099 5162 1182 5197 eos
1205 5156 1336 5206 crat,
1364 5146 1651 5209 videbatur,
1676 5147 1807 5198 illud
1830 5164 1911 5199 se-

343 5216 569 5266 dulitate
584 5224 633 5266 et
656 5214 830 5267 labare
850 5216 1107 5267 scribendi
1128 5214 1362 5267 ommbus
1386 5216 1493 5267 suis
1514 5218 1663 5284 quasi
1681 5219 1907 5271 numeris

342 5286 597 5350 explet-it;
625 5284 676 5336 itt
703 5300 807 5352 qua
832 5285 1262 5352 interpretatione
1300 5287 1400 5337 hoc
1423 5287 1594 5353 primo
1621 5288 1909 5355 reprehen-

342 5354 575 5424 dendum
602 5364 707 5413 est.
746 5356 888 5424 quod
932 5355 1233 5408 Matthamm
1269 5357 1551 5422 scripsisse
1574 5356 1649 5409 ait
1673 5354 1910 5424 Evange-

344 5423 495 5493 lium,
521 5440 646 5477 cum
685 5424 754 5476 ab
792 5423 1156 5493 llebrzeisjam
1182 5426 1543 5487 discessisset,
1575 5441 1696 5480 cum
1731 5423 1909 5493 tamen

343 5492 612 5564 Eusebius
635 5494 967 5546 contrarium
990 5490 1151 5547 dicat.
1181 5496 1313 5546 Nam
1337 5495 1391 5547 in
1414 5496 1598 5549 Graeco
1622 5504 1701 5549 est
1725 5498 1815 5564 ἀφ’
1837 5490 1909 5549 ὧν

344 5563 640 5625 ἐστέλλετο,
667 5565 718 5616 id
737 5574 838 5625 est,
858 5582 888 5615 a
905 5565 1085 5629 quibus
1104 5567 1426 5617 discessurus
1445 5565 1739 5619 erat.Ccrtc
1753 5563 1912 5620 Atha-

346 5635 530 5687 nasius
550 5635 602 5686 in
627 5634 951 5707 tract‘a_tu_l_)e
978 5635 1123 5707 libris
1152 5652 1316 5707 sacra:
1346 5635 1911 5707 Scripturic,et_Chry-

347 5714 618 5757 sostomus
646 5704 838 5756 scribit
861 5703 1163 5757 Matthaaum
1200 5706 1428 5772 pritnum
1461 5706 1699 5758 omnium
1724 5703 1911 5759 Hiero-

347 5774 566 5843 solymis
585 5772 938 5841 Evangelium
960 5790 1115 5828 suum
1137 5776 1555 5845 conscripsisse;
1580 5775 1737 5845 idque
1767 5792 1909 5832 anno

628 5864 901 5925 PATBOL.
942 5863 1056 5925 Gn.
1095 5866 1227 5930 ΧΧ.

2011 4726 2091 4778 dit
2139 4725 2492 4792 Nicephorius,
2559 4738 2613 4780 et
2666 4738 2858 4781 auctor
2903 4726 3155 4781 Chronici
3208 4730 3586 4789 Alexandrini.

2000 4793 2203 4870 Deinde
2223 4795 2397 4870 verba
2428 4796 2513 4870 illa
2540 4797 2601 4849 τὸ
2626 4797 2808 4850 λεῖπον
2825 4801 2891 4869 τῇ
2925 4798 3085 4850 αὐτοῦ
3112 4801 3405 4870 παρουσίᾳ,
3440 4801 3588 4854 ιιυΙΙυ

2001 4867 2160 4937 modo
2222 4867 2272 4919 id
2310 4866 2624 4935 signiﬁcare
2672 4857 2898 4935 possuni
2940 4871 3082 4937 quod
3126 4857 3299 4923 vo'luit
3336 4857 3585 4925 Christo-

1996 4936 2334 5007 phorsonus;
2364 4938 2458 4989 sed
2491 4938 2540 4989 id
2573 4939 2754 5003 potius
2785 4936 3117 5007 signiﬁcant,
3158 4940 3201 4993 si
3243 4940 3308 4992 ad
3356 4941 3579 4995 verbum

1993 5004 2394 5075 interpreteris,
2432 5015 2480 5059 et
2533 5008 2673 5078 quod
2706 5004 2999 5071 yirwseittiw
3042 5004 3153 5062 sure
3182 5010 3354 5063 adhuc
3406 5027 3584 5078 super-

1992 5089 2101 5127 esse
2134 5078 2405 5129 videbatur
2454 5077 2542 5146 (ad
2593 5078 2985 5145 pradicaiiouis
3010 5080 3206 5133 scilicet
3245 5096 3581 5134 consumma-

1999 5147 2218 5213 tionem)
2252 5149 2445 5215 scripto
2488 5148 2762 5213 supplevit.
2799 5146 2897 5203 Hie
2928 5160 3011 5203 est
3038 5165 3232 5205 sensus
3282 5153 3575 5205 verborum

2001 5216 2344 5290 [litsebii_._At
2368 5218 2896 5290 Christophorsouus
2931 5222 3094 5290 verba
3125 5221 3210 5273 illa
3246 5220 3456 5284 τούτοις
3484 5224 3578 5290 ἀφ’

1998 5279 2072 5338 ὧν
2098 5286 2376 5339 ἐστέλλετο
2402 5279 2602 5339 ιἐιυιίῐί
2622 5290 2687 5340 ad
2723 5290 2971 5353 verbum,
3007 5289 3212 5355 λεῖπον,
3239 5306 3359 5344 cum
3397 5279 3577 5347 tamen

2000 5356 2427 5431 rel'erautttr_:ul_
2461 5372 2647 5431 vocem
2680 5358 3022 5431 ἀπεπλήρου.
3065 5362 3226 5414 Certe
3262 5363 3315 5413 in
3359 5363 3581 5428 scriptis

1998 5427 2275 5505 codicibus
2302 5426 2490 5505 Regio,
2524 5427 2661 5481 Maz.
2688 5440 2741 5505 et
2772 5426 3049 5505 Meufpo‘st
3067 5445 3253 5505 vocem
3280 5426 3581 5505 παρουσίᾳ,

2004 5506 2058 5547 et
2093 5507 2211 5561 post
2233 5496 2514 5548 ἐστέλλετο
2545 5500 2835 5564 apponitur
2869 5496 3273 5553 subdistinctio.

2073 5566 2181 5634 (28)
2240 5566 2351 5641 Kai
2394 5567 2464 5619 τὰ
2494 5568 2670 5641 ’κατὰ
2712 5567 3421 5641 τοῦτονξζεπραγμένωΛη
3446 5589 3580 5641 qna-

2000 5645 2123 5688 tuor
2158 5638 2361 5688 nostris
2406 5635 2685 5688 codicibus
2733 5638 2896 5701 Maz.,
2934 5635 3099 5698 Meti"
3145 5635 3285 5695 Fuk.
3329 5655 3383 5696 et
3417 5635 3575 5697 Savi-

1994 5704 2424 5783 hzttto_sc1'iptttttt
2451 5716 2559 5783 est,
2592 5708 2686 5761 καὶ
2723 5707 2790 5761 τὰ
2824 5710 2943 5762 κατ’
2988 5710 3148 5765 αὑτὸν
3178 5713 3573 5783 πεπραγμένα,

1995 5774 2066 5831 Su
2073 5777 2219 5846 pple,
2247 5776 2336 5830 τὸν
2369 5776 2577 5848 χρόνον.

3264 5876 3301 5935 9
