4016 6260
1192 285 1461 343 EUSL‘BII
1498 286 1973 344 CAESARIENSIS
2009 284 2161 342 OPP.
2203 286 2382 343 PARS
2422 274 2482 343 1.‘
2508 318 2569 327 —
2610 284 3000 344 lllSTORlCA.
3650 284 3792 338 eos

1801 407 1960 476 idque
1991 406 2058 459 ab
2089 414 2131 464 Α
2157 422 2250 470 τος
2274 408 2329 459 ὲν
2353 405 2526 459 Αἰνὼν
2553 407 2719 474 ἐγγὺς
2747 403 2841 459 τοῦ
2874 405 3064 476 Σαλήμ
3096 403 3229 475 (29)·
3275 403 3462 475 σαφῶς
3494 422 3553 459 τε
3580 402 3794 456 τοῦτο

2157 496 2348 569 δηλοῦν
2374 500 2431 550 ἐν
2457 497 2533 568 τῷ
2560 498 2755 566 λέγειν’
2780 519 2797 548 ι
2836 495 3002 550 Οὔπω
3018 498 3127 569 γὰρ
3146 493 3232 567 ἦν,
3258 498 3440 567 φησὶν,
3481 497 3791 565 Ἰωάννης

2158 589 2487 661 βεϐλημένος
2529 591 2608 653 εἰς
2643 588 2904 659 φυλακήν.
2940 608 2958 640 ι
2996 588 3206 642 Οὐκοῦν
3250 591 3279 643 ὀ
3323 590 3424 659 μὲν
3473 588 3787 653 Ἰωάννης

2154 684 2219 751 τῇ
2246 681 2339 734 τοῦ
2362 682 2480 733 κατ’
2504 679 2662 732 αὐτὸν
2693 677 3024 746 Εὐαγγελίου
3056 680 3261 748 γραφῇ,
3292 676 3359 730 τὰ
3384 676 3622 747 μηδέπω
3662 669 3786 724 τοῦ

2154 771 2455 826 Βαπτιστοῦ
2477 774 2553 835 εἰς
2581 769 2820 842 φυλακὴν
2844 769 3174 840 βεϐλημένου
3202 770 3338 841 πρὸς
3366 767 3461 822 τοῦ
3491 762 3780 838 Χριστοῦ

2154 865 2465 937 πραχθέντα
2499 862 2881 933 παραδίδωσιν’
2907 863 2956 914 οἱ
2990 861 3047 915 δὲ
3077 860 3253 914 λοιποὶ
3273 863 3423 932 τρεῖς
3444 857 3778 927 εὐαγγελι-

2155 957 2297 1019 σταὶ,
2320 955 2389 1008 τὰ
2425 955 2561 1025 μετὰ
2588 956 2686 1026 τὴν
2716 957 2794 1017 εἰς
2820 954 2882 1007 τὸ
2913 953 3285 1024 δεσμωτήριον
3324 951 3609 1023 κάθειρξιν
3646 947 3772 1002 τοῦ

2152 1047 2457 1103 Βαπτιστοῦ
2510 1047 2958 1119 μνημονεύουσιν.
3016 1040 3111 1111 Οἷς
3166 1048 3260 1100 καὶ
3325 1048 3710 1116 ὲπιστήσαντι
3748 1083 3769 1107 ,

2150 1142 2325 1195 οὐκέτ’
2349 1140 2412 1195 ἂν
2434 1138 2579 1205 δόξαι
2609 1140 2892 1208 διαφωνεῖν
2914 1138 3160 1210 ἀλλήλοις
3182 1138 3248 1191 τὰ
3283 1136 3614 1205 Εὐαγγέλια,
3668 1132 3771 1205 τῷ

2149 1232 2210 1286 τδ
2264 1233 2361 1303 μὲν
2406 1232 2547 1286 κατὰ
2603 1231 2853 1301 Ἰωάννην
2891 1229 2960 1284 τὰ
2998 1229 3191 1301 πρῶτα
3228 1229 3332 1282 τῶν
3358 1228 3453 1283 τοῦ
3485 1223 3767 1299 Χριστοῦ

487 285 591 339 267

494 415 649 468 rant,
695 403 749 459 in
785 404 1131 476 Evangeliutn
1178 422 1333 459 suum
1393 405 1691 475 costjreisse
1743 426 1756 461 :

488 495 609 564 ipso
638 492 864 549 indicari
896 494 1126 563 primum
1155 508 1275 548 cunt
1311 495 1477 550 dicit:
1513 514 1532 546 ι
1561 495 1671 550 Hoc
1705 495 1917 549 initium
1950 497 2053 549 uti-

488 585 797 640 raculorum
819 584 1137 652 fecitJesns;
1173 604 1193 637 ι
1225 583 1417 641 deinde
1430 602 1552 640 cum
1583 587 1636 642 in
1665 588 1779 657 ipso
1802 574 1911 655 jam
1938 604 2056 657 pro-

486 689 677 745 gressu
708 675 1038 730 narrationis
1069 690 1248 729 rerum
1281 690 1312 730 a
1342 673 1468 730 Jesu
1496 686 1793 747 gestarum,
1824 679 2057 732 mentio-

486 782 613 827 nem
674 768 947 824 interserit
974 766 1196 823 Joannis
1224 767 1479 837 Baptistae
1507 779 1761 840 tanquam
1790 771 1844 824 in
1872 769 2052 824 Ainon

476 860 631 929 juxta
661 859 773 931 96
800 859 975 913 Salem
1005 858 1287 912 etiamtum
1340 860 1691 929 haptizantis.
1730 860 1883 927 Quod
1930 861 2052 929 qui-

484 955 608 1009 dem
665 952 1003 1023 apertissime
1046 952 1287 1006 ostendit
1342 952 1424 1009 his
1455 953 1672 1008 verbis:
1704 972 1725 1006 ι
1778 952 2050 1019 Nondum,

484 1045 691 1115 inquit,
751 1041 991 1098 Joannes
1043 1043 1321 1113 conjectus
1373 1053 1491 1097 erat
1543 1046 1598 1098 in
1674 1060 1971 1100 carcerem.
2026 1063 2046 1095 ι

481 1136 717 1193 Proinde
749 1135 990 1193 Joannes
1023 1136 1247 1203 quidem
1279 1149 1369 1190 res
1400 1149 1431 1189 a
1467 1135 1687 1192 Christo
1716 1145 1899 1209 gestas
1946 1136 2051 1207 pri-

481 1243 711 1297 usquam
766 1226 1005 1282 Joannes
1074 1226 1314 1297 Baptista
1389 1229 1651 1282 cuslodizn
1711 1229 2051 1298 mancipatus

477 1319 692 1384 fuisset,
722 1319 1019 1389 Evangelio
1062 1334 1162 1373 suo
1214 1319 1612 1390 complectitur.
1666 1320 1879 1390 Reliqui
1917 1336 2049 1375 vero

478 1422 592 1469 tres
630 1414 979 1481 evangelista:
1017 1427 1103 1469 res
1124 1411 1324 1467 Christi
1363 1421 1567 1482 gestas,
1607 1429 1675 1468 ex
1728 1428 1834 1482 quo
1867 1412 2051 1483 Bapti-

479 1512 561 1557 sta
615 1502 896 1572 conjectus
954 1512 1038 1559 est
1091 1503 1147 1559 in
1224 1519 1535 1568 carcerem,
1628 1514 2045 1574 persequuntur.

478 1595 632 1664 Quod
658 1596 972 1666 quicunque
994 1596 1259 1652 attentius
1287 1596 1684 1661 observaverit,
1705 1611 2044 1666 nequaquam

474 1689 764 1759 Evangelia
795 1690 938 1744 inter
986 1704 1047 1746 se
1082 1690 1347 1746 dissidere
1380 1690 1610 1760 posthac
1660 1688 1996 1744 existimabit
2025 1707 2039 1743 :

474 1779 674 1850 quippe
720 1796 843 1836 cum
890 1779 1119 1836 Joannis
1160 1779 1376 1849 quidem
1430 1778 1780 1850 Evangelium
1829 1780 2041 1834 initium

474 1881 692 1926 actuum
738 1871 964 1936 Christi,
997 1881 1189 1926 cartera
1218 1879 1400 1927 autem
1447 1870 1735 1940 Evangelia
1767 1870 2046 1939 sequentis

474 1963 736 2033 temporis
765 1963 1051 2019 historiam
1099 1964 1440 2020 contineant.
1491 1962 1559 2016 Et
1590 1962 1786 2017 seriem
1823 1963 2041 2033 quidem

472 2055 644 2123 ipsam
673 2053 889 2123 generis
918 2052 1124 2108 Christi
1151 2053 1448 2108 secundum
1492 2069 1736 2120 carnem,
1789 2066 1975 2124 utpote
2015 2073 2043 2111 a

471 2143 726 2198 hiattlia'o
752 2154 804 2198 et
834 2143 979 2197 Luca
1023 2144 1176 2214 prius
1215 2145 1497 2213 traditam,
1546 2145 1790 2202 Joannes
1846 2147 2043 2202 merito

472 2235 843 2306 praetermisit.
888 2234 972 2289 Ab
1002 2235 1115 2302 ipsa
1148 2250 1281 2289 vero
1324 2235 1440 2306 ejus
1476 2236 1760 2292 divinitate
1811 2238 2042 2307 sumpsit

472 2328 708 2393 initium,
740 2329 934 2398 quippe
967 2342 1086 2397 quae.
1116 2342 1146 2382 a
1174 2326 1380 2399 Spiritu
1414 2337 1602 2384 sancto
1636 2330 1739 2398 ipsi
1786 2340 2042 2400 tanquam

469 2421 834 2490 prmstantiori
867 2420 1055 2475 luisset
1100 2430 1401 2477 reservata.
1431 2422 1612 2492 Atque
1636 2423 1752 2478 haec
1779 2424 1847 2478 de
1875 2421 2043 2478 Joan-

471 2514 557 2567 nis
600 2512 890 2582 Evangelio
938 2513 1080 2568 dicta
1137 2514 1249 2568 sint
1307 2530 1337 2567 a
1390 2513 1569 2569 nobis.
1621 2514 1863 2570 Marcum
1914 2529 2043 2570 vero

467 2619 714 2674 quaenam
741 2620 901 2659 causa
930 2604 995 2659 ad
1027 2604 1372 2660 scribendqu
1400 2605 1699 2675 impulerit,
1729 2606 1842 2675 jam
1878 2622 2042 2675 supe-

467 2693 581 2750 rius
611 2694 1051 2751 commemoravi.
1086 2695 1156 2748 At
1195 2694 1370 2751 Lucas
1402 2697 1454 2751 in
1499 2696 1615 2764 ipso
1650 2697 1929 2767 Evangelii
1958 2700 2039 2752 sui

467 2785 692 2839 exordio
724 2799 842 2854 quac
890 2784 1166 2840 scribendi
1214 2784 1316 2840 sibi
1369 2800 1530 2841 causa
1579 2797 1725 2843 esset
1765 2788 2039 2858 exposuit.

467 2876 560 2930 Ait
585 2877 726 2931 enim
763 2876 962 2932 multos
993 2885 1196 2932 temere
1229 2887 1395 2946 atque
1426 2878 1803 2949 imprudenter
1822 2896 2044 2951 aggres-

467 2978 559 3020 sos
589 2963 754 3020 fuisse
786 2966 1152 3020 narrationem
1180 2981 1370 3021 earum
1406 2982 1590 3023 rerum
1625 2984 1761 3039 quas
1798 2971 1913 3041 ipse
1939 2985 2037 3026 ex-

469 3058 712 3131 ploratas
747 3058 971 3115 haberet
1004 3078 1018 3116 :
1055 3075 1118 3115 ac
1149 3058 1376 3129 proinde
1411 3075 1471 3116 se
1511 3063 1832 3118 necessitate
1863 3061 2035 3118 addu-
2062 3097 2106 3154 ϐ

465 3158 634 3214 ctum,
667 3159 723 3206 ut
756 3163 853 3205 nos
881 3152 948 3206 ab
976 3151 1198 3209 incertis
1224 3153 1574 3224 opinionibus
1599 3152 1880 3218 liberaret,
1909 3169 2027 3211 cer-

467 3244 730 3301 tissimam
781 3259 846 3299 ac
893 3244 1264 3302 lidelissimam
1313 3247 1679 3303 narrationem
1712 3263 1900 3303 earum
1946 3261 2034 3302 re-

463 3351 610 3400 rum,
643 3351 871 3405 quarum
905 3337 1018 3406 ipse
1056 3337 1346 3392 veritatem
1375 3337 1571 3407 partim
1602 3353 1669 3392 ex
1697 3336 1855 3392 Pauli
1896 3351 2034 3393 con-

463 3430 735 3494 tubernio,
781 3430 976 3498 partim
1021 3445 1086 3485 ex
1140 3429 1468 3497 reliquorum
1499 3429 1874 3497 apostolorum
1922 3444 2037 3485 ser-

462 3519 718 3573 monibus
764 3520 1044 3588 hauserat,
1098 3521 1387 3590 Evangelio
1440 3536 1538 3577 suo
1589 3523 1899 3580 tradidisse.
1931 3523 2037 3579 Sed

462 3613 579 3668 haec
607 3628 637 3666 a
664 3613 821 3668 nobis
844 3614 1058 3683 quidem
1090 3628 1231 3669 nunc
1261 3614 1400 3668 dicta
1425 3615 1535 3668 sint
1565 3614 1829 3669 hactenus
1857 3630 1871 3679 ;
1900 3614 2035 3669 alias

461 3719 595 3759 vero
630 3706 964 3760 commodius
993 3705 1174 3761 allatis
1212 3718 1457 3761 veterum
1494 3707 1825 3776 scriptorum
1879 3707 2032 3773 locis,

460 3797 593 3867 quid
628 3796 825 3866 reliqui
857 3797 925 3852 de
954 3798 1141 3853 eodem
1174 3810 1498 3867 argumento
1545 3798 1895 3866 tradiderint,
1938 3799 2031 3854 do-

459 3903 588 3944 cere
623 3888 962 3945 conabimur.
998 3888 1170 3944 Porro
1201 3890 1341 3944 inter
1371 3889 1596 3945 Joannis
1634 3890 1842 3960 scripta
1890 3906 2030 3960 prae-

460 3989 547 4037 ter
572 3980 949 4050 Evangelium,
1002 3983 1149 4050 prior
1193 3996 1409 4051 quoque
1443 3979 1685 4050 Epistola
1735 3990 1848 4035 tum
1876 3997 1906 4036 a
1940 3999 2029 4037 re-

2150 1325 2399 1396 πράξεων
2441 1323 2733 1395 περιέχειν,
2779 1324 2849 1375 τὰ
2894 1322 2952 1375 δὲ
2997 1321 3157 1374 λοιπᾶ
3187 1321 3285 1391 τὴν
3324 1320 3416 1373 ἐπὶ
3447 1319 3595 1372 τέλει
3635 1314 3760 1371 τοῦ

2149 1415 2338 1486 χρόνου
2390 1413 2537 1483 αὐτῷ
2563 1410 2937 1483 γεγενημένην
2988 1410 3245 1481 ἱστορίαν.
3281 1409 3520 1471 Εἰκότως
3555 1407 3599 1460 δ’
3636 1401 3759 1461 οὖν

2147 1505 2243 1577 τὴν
2275 1505 2369 1575 μὲν
2402 1505 2502 1575 τῆς
2538 1504 2736 1575 σαρκὸς
2765 1502 2859 1556 τοῦ
2886 1503 3135 1575 Σωτῆρος
3159 1500 3316 1571 ἡμῶν
3341 1499 3715 1569 γενεαλογίαν
3732 1535 3757 1563 ,

2149 1597 2243 1651 ἂτε
2269 1596 2533 1667 Ματθαίῳ
2562 1596 2654 1649 καὶ
2669 1596 2854 1665 Λουκᾷ
2878 1596 3308 1666 προγραφεῶαν,
3327 1590 3750 1660 ἀποσιωπῆσαι

2146 1690 2236 1743 τὸν
2279 1690 2548 1762 Ἰωάννην,
2591 1688 2691 1759 τῆς
2735 1687 2791 1742 δὲ
2840 1686 3120 1756 θεολογίας
3166 1683 3535 1758 ἀπάρξασθαι,
3572 1683 3754 1738 ὼσὰν

2146 1782 2292 1852 αὐτῷ
2314 1783 2448 1854 πρὸς
2469 1780 2562 1834 τοῦ
2595 1780 2737 1834 θείου
2775 1778 3090 1849 Πνεύματος
3130 1772 3217 1830 οἷα
3249 1773 3517 1846 κρείττονι
3544 1790 3754 1845 παρα.-

2147 1873 2583 1945 πεφυλαγμένης.
2629 1871 2813 1925 Ταῦτα
2861 1870 2960 1941 μὲν
3004 1864 3098 1922 οὖν
3146 1869 3275 1938 ἡμῖν
3315 1866 3442 1939 περὶ
3494 1861 3594 1936 τῆς
3628 1863 3747 1919 τοῦ

2144 1965 2284 2019 κατὰ
2313 1964 2561 2035 Ἰωάννην
2587 1961 2914 2032 Εὐαγγελίου
2941 1962 3156 2033 γραφῆς
3189 1959 3445 2032 εἰρήσθω.
3481 1962 3595 2014 Καὶ
3619 1960 3747 2031 τῆς

2145 2057 2285 2113 κατὰ
2318 2059 2542 2130 Μάρκον
2572 2057 2628 2110 δὲ
2658 2060 2690 2127 ἡ
2719 2055 2985 2127 γενομένη
3010 2054 3176 2118 αἰτία,
3200 2055 3383 2117 ἐντοῖς
3413 2053 3746 2125 ἔμπροσθεν

2144 2151 2277 2221 ἡμῖν
2305 2150 2616 2221 δεδήλωται.
2663 2149 2722 2201 Ὀ
2753 2147 2810 2200 δὲ
2846 2148 3060 2209 Λουκᾶς
3088 2146 3387 2216 ἀρχόμενος
3426 2146 3519 2198 καὶ
3558 2145 3744 2208 αὐτὸς

2140 2243 2235 2296 τοῦ
2267 2245 2385 2296 κατ’
2419 2242 2578 2297 αὑτὸν
2608 2240 3054 2311 συγγράμματος,
3078 2237 3174 2309 τὴν
3207 2239 3386 2290 αἰτίαν
3413 2236 3734 2308 προῦθηκε,

2141 2334 2207 2388 δι’
2231 2336 2296 2404 ἣν
2325 2334 2615 2405 πεποίηται
2642 2333 2741 2403 τὴν
2763 2330 3032 2396 σύνταξιν·
3060 2329 3256 2401 δηλῶν,
3277 2329 3351 2392 ὡς
3377 2328 3484 2399 ἄρα
3508 2327 3738 2382 πολλῶν

2141 2427 2234 2479 καὶ
2260 2425 2431 2479 ἄλλων
2459 2423 2891 2495 προπετέστερον
2924 2419 3416 2491 ὲπιτετηδευκότων
3464 2420 3735 2487 διήγησιν

2141 2509 2561 2587 ποιήσασθαι,ὧν
2576 2515 2733 2577 αὐτὸς
2748 2511 3198 2585 πεπληροφόρητο
3210 2510 3734 2579 λόγων,ἀναγκαίως

2142 2608 2492 2661 ἀπαλλάττων
2526 2608 2670 2678 ἡμᾶς
2700 2606 2798 2676 τῆς
2826 2607 2955 2677 περὶ
2983 2607 3108 2669 τοὺς
3145 2604 3336 2667 ἄλλους
3367 2602 3730 2675 ἀμφηρίστου

2142 2699 2478 2771 ὑπολήψεως,
2498 2699 2588 2752 τὸν
2622 2696 2838 2767 ἀσφαλῆ
2865 2697 3042 2766 λόγον,
3073 2690 3148 2751 ὧν
3186 2696 3346 2759 αὐτὸς
3377 2694 3578 2758 ἱκανῶς
3620 2693 3725 2765 τὴν

2141 2788 2395 2861 ἀλήθειαν
2436 2788 2785 2859 κατειλήφει,
2825 2788 2889 2840 ἐκ
2921 2787 3022 2856 τῆς
3050 2787 3164 2857 ἅμα
3204 2783 3402 2856 Παύλῳ
3432 2784 3726 2846 συνουσίας

2141 2898 2198 2934 τε
2246 2882 2339 2933 καὶ
2382 2880 2679 2950 διατριϐῆς,
2732 2880 2826 2932 καὶ
2871 2879 2968 2949 τῆς
2999 2876 3105 2931 τῶν
3148 2875 3348 2930 λοιπῶν
3398 2873 3724 2928 ἀποστόλων

2139 2972 2353 3043 ὁμιλίας
2373 2970 2552 3042 ὡφελη
2562 2971 2740 3042 μένος,
2763 2969 2848 3023 διὰ
2864 2969 2956 3022 τοῦ
2984 2968 3113 3023 ἰδίου
3135 2968 3449 3039 παρέδωκεν
3472 2966 3725 3034 Εὐαγγέ-

2139 3066 2274 3119 λίου.
2312 3065 2422 3118 Καὶ
2450 3062 2623 3118 ταῦτα
2659 3061 2756 3133 μὲν
2787 3063 2946 3133 ἡμεῖς
2989 3061 3116 3132 περί
3146 3059 3367 3113 τούτων·
3387 3057 3720 3128 οἰκειότερον

2136 3157 2191 3210 δὲ
2229 3155 2367 3209 κατὰ
2391 3154 2578 3225 καιρὸν
2606 3152 2695 3206 διὰ
2717 3151 2819 3223 τῆς
2842 3151 2950 3204 τῶν
2974 3150 3216 3223 ἀρχαίων
3244 3148 3618 3223 παραθέσεως,
3644 3146 3719 3201 τὰ

2139 3248 2232 3301 καὶ
2277 3250 2389 3310 τοῖς
2416 3245 2594 3309 ἄλλοις
2623 3243 2750 3316 περὶ
2787 3242 2969 3297 αὐτῶν
3019 3242 3285 3313 εἰρημένα
3336 3239 3716 3312 πειρασόμεθα

2137 3339 2393 3409 δηλῶσαι.
2428 3336 2547 3391 Τῶν
2579 3336 2636 3389 δὲ
2675 3334 2923 3389 Ἰωάννου
2960 3332 3428 3405 συγγραμμάτων,
3462 3330 3601 3405 πρὸς
3630 3328 3717 3402 τῷ

2137 3431 2451 3501 Εὑαγγελίῳ
2487 3432 2582 3484 καὶ
2606 3430 2638 3499 ή
2676 3428 2920 3499 προτέρα
2949 3427 3057 3482 τῶν
3097 3424 3455 3489 Ἐπιστολῶν,
3475 3425 3631 3498 παρά
3651 3442 3717 3479 τε

2136 3527 2246 3588 τοῖς
2276 3522 2371 3576 νῦν
2414 3522 2508 3576 καὶ
2534 3525 2647 3584 τοῖς
2682 3520 2755 3573 ἔτ’
2779 3519 3025 3592 ἀρχαίοις
3073 3518 3472 3589 ἀναμφίλεκτος
3503 3517 3715 3588 ὡμολό-

2139 3631 2322 3686 γηται,
2343 3613 2712 3682 ἀντιλέγονται
2740 3612 2796 3665 δὲ
2833 3612 2889 3665 αἰ
2909 3610 3094 3664 λοιπαὶ
3122 3609 3232 3663 δύο.
3270 3610 3381 3680 Τῆς
3399 3609 3444 3662 δ’
3478 3610 3712 3664 Ἀποκα-

2137 3705 2348 3777 λύψεως
2382 3707 2465 3775 ἐφ’
2497 3705 2753 3776 ἑκάτερον
2782 3702 2861 3755 ἔτι
2898 3702 2994 3756 νῦν
3027 3699 3178 3773 παρὰ
3206 3704 3319 3764 τοῖς
3363 3700 3577 3764 πολλοῖς
3614 3717 3713 3753 πε-

2138 3800 2407 3871 ριέλκεται
2434 3800 2466 3870 ἡ
2496 3798 2640 3863 δόξα.
2670 3797 2857 3867 Ὅμως
2884 3811 2948 3864 γε
2981 3794 3087 3867 μὴν
3117 3795 3181 3847 ὲκ
3198 3793 3297 3863 τῆς
3328 3792 3437 3846 τῶν
3467 3792 3711 3864 ἀρχαίων

2137 3891 2439 3963 μαρτυρίας
2454 3891 2510 3943 ὲν
2532 3888 2717 3959 οἰκείῳ
2737 3884 2916 3958 καιρῷ
2947 3884 3046 3957 τὴν
3077 3885 3353 3955 ἐπίκρισιν
3372 3882 3583 3949 δέξεται
3611 3883 3707 3937 καὶ

2131 3984 2291 4054 αὐτή.
2498 4028 2513 4059 ρ

456 4078 799 4133 centioribus
860 4086 974 4131 tum
1004 4078 1074 4131 ab
1129 4076 1369 4147 antiquis
1436 4077 1693 4132 omnibus
1751 4078 1892 4133 citra
1950 4081 2377 4135 controversiam
2414 4076 2764 4143 admittitur;
2800 4073 3020 4145 reliqua:
3046 4082 3222 4127 autem
3247 4072 3365 4126 duae
3396 4069 3450 4124 in
3481 4069 3698 4123 dubium

457 4180 803 4228 revocantur.
840 4171 915 4225 De
959 4171 1332 4227 Revelationis
1363 4181 1541 4233 autem
1602 4172 1741 4227 libro
1800 4174 1977 4231 adhuc
2046 4174 2100 4230 in
2157 4186 2437 4243 utramque
2488 4170 3061 4243 partemcpinionum
3123 4168 3385 4222 varietate
3436 4174 3699 4220 certatur.

454 4267 563 4324 Sed
596 4256 711 4322 haec
755 4265 918 4319 etiam
952 4266 1322 4318 controversia
1370 4265 1729 4320 vetustiorum
1780 4267 2089 4325 testimonio
2117 4265 2443 4337 competenti
2475 4273 2721 4335 tempore
2751 4259 3159 4330 disceptabitur.

943 4404 1052 4477 97
1090 4403 1313 4461 CAPUT
1364 4405 1529 4460 xxv.

451 4524 529 4581 De
587 4522 782 4577 divinis
835 4519 1125 4594 Scripturis
1179 4520 1410 4573 omnium
1462 4539 1721 4594 consensu
1779 4524 2020 4594 receptis,

731 4603 777 4647 et
805 4595 868 4645 de
896 4592 962 4645 iis
995 4607 1112 4660 qua:
1148 4606 1253 4644 non
1302 4599 1424 4645 sunt
1455 4592 1734 4661 ejusmodi.

522 4707 793 4763 Caeterum
851 4715 1213 4775 opportunum
1279 4705 1490 4760 videtur
1551 4705 1653 4762 hoc
1708 4706 1832 4763 loco
1881 4706 2016 4761 Novi

448 4797 781 4855 Testamenti
823 4796 989 4851 libros
1025 4797 1091 4850 de
1125 4796 1457 4866 quibusjatn
1490 4798 1749 4866 diximus,
1774 4794 2019 4855 summa-

448 4895 544 4947 tim
569 4903 875 4947 recensere.
930 4887 1113 4943 Primo
1162 4889 1323 4959 igitur
1363 4887 1673 4944 collocanda
1726 4901 1811 4946 est
1859 4908 2016 4947 sacra

448 4982 863 5052 Evangeliorum
893 4980 1159 5049 quadriga
1189 4996 1203 5042 ;
1236 4995 1398 5048 quam
1428 4980 1625 5035 deinde
1677 4997 2017 5051 consequun-

449 5084 538 5126 tur
564 5075 731 5127 Actus
757 5070 1147 5138 apostolorum.
1187 5070 1320 5125 Post
1360 5072 1458 5126 hos
1507 5076 1856 5128 numeranda:
1890 5084 2019 5127 sunt

448 5162 599 5217 Pauli
639 5159 911 5226 Epistolm.
940 5159 1065 5211 lude
1090 5157 1240 5227 prior
1273 5159 1360 5213 illa
1389 5158 1640 5227 Joannis,
1670 5177 1733 5217 ac
1766 5163 2020 5219 similiter

449 5254 592 5309 Petri
630 5249 873 5321 Epistola
935 5249 1279 5319 suscipienda
1327 5261 1430 5306 est.
1487 5252 1768 5310 Postremo
1822 5255 2019 5325 adjun-

446 5347 618 5417 genda
646 5353 753 5405 est,
777 5343 822 5397 si
849 5342 924 5397 ita
963 5340 1268 5408 videbitur,
1313 5343 1535 5401 Joannis
1578 5347 1898 5404 Revelatio:
1950 5348 2015 5403 de

443 5450 551 5507 qua
578 5437 705 5505 quid
732 5443 951 5491 veteres
998 5435 1294 5499 senserint,
1343 5451 1441 5492 suo
1483 5438 1603 5494 loco
1650 5454 2009 5510 exponemus.

442 5529 511 5586 Et
544 5530 656 5586 hate
681 5528 904 5600 quidem
938 5529 1213 5583 communi
1265 5532 1505 5587 omnium
1553 5547 1819 5587 consensu
1861 5548 2011 5588 rece-

2632 4401 3026 4458 ΚΕΦΑΛΑΙΟΝ
3065 4400 3193 4454 KE’.

2129 4519 2268 4589 Περί
2291 4518 2408 4572 τῶν
2439 4515 2936 4589 ὁμολογοινμένωις
2968 4494 3432 4589 θέζῳνηΓραὲῶν
3456 4509 3551 4564 καὶ
3578 4509 3698 4564 τῶν

2432 4580 2517 4658 μῗῖρ
2548 4580 2827 4639 τοιούτων
2851 4581 2992 4654 (Nic.
3029 4582 3097 4635 Il.
3135 4580 3201 4637 Ε.
3232 4598 3289 4645 tt,
3312 4580 3422 4652 Jb).

2198 4706 2431 4775 Εὖλογον
2464 4704 2510 4757 δ’
2540 4699 2772 4755 ἐνταῦθα
2811 4698 3154 4769 γενομένους,
3214 4695 3697 4764 ἀνακεφαλαιώσαα
3768 4732 3773 4735 -

2130 4799 2254 4854 σθαι
2291 4798 2387 4860 τὰς
2416 4794 2746 4867 δηλωθείσας
2781 4793 2880 4862 τῆς
2921 4791 3129 4860 Καινῆς
3159 4788 3431 4859 Διαθήκης
3452 4788 3690 4859 γραφάς.

2124 4892 2234 4945 Καὶ
2263 4888 2325 4959 δὴ
2357 4885 2578 4940 τακτέον
2610 4886 2666 4938 ὲν
2720 4880 2953 4953 πρώτοις
2982 4881 3081 4952 τὴν
3107 4877 3264 4947 ἁγίαν
3308 4875 3413 4929 τῶν
3452 4877 3696 4944 Εὐαγγέ-

2122 4985 2253 5037 λίων
2285 4980 2603 5050 τετρακτύν·
2632 4971 2713 5036 οἷς
2734 4976 2922 5028 ἕπεται
2952 4974 2985 5042 ἠ
3013 4972 3119 5024 τῶν
3141 4970 3396 5041 Πράξεων
3416 4967 3522 5023 τῶν
3555 4970 3692 5021 ἁπο-

2125 5074 2326 5128 στόλων
2355 5071 2562 5143 γραφή.
2601 5066 2757 5121 Μετὰ
2794 5066 2849 5119 δὲ
2885 5064 3109 5136 ταύτην,
3151 5062 3249 5126 τὰς
3287 5061 3496 5115 Παύλου
3523 5077 3694 5113 κατα-

2123 5166 2341 5221 λεκτέον
2391 5160 2725 5223 Ἐπιστολὰς,
2760 5153 2846 5222 αἷς
2884 5156 3009 5229 ἑξῆς
3049 5156 3146 5227 τὴν
3174 5153 3477 5226 φερομένην
3512 5153 3695 5206 Ἰωαν-

2124 5276 2215 5312 νου
2264 5254 2573 5327 προτέραν,
2629 5252 2724 5304 καὶ
2770 5248 2968 5319 ὁμοίως
3026 5247 3122 5318 τὴν
3165 5247 3371 5317 Πέτρου
3417 5243 3690 5311 κυρωτέον

2137 5347 2471 5416 Ἐπιστολὴν.
2519 5342 2640 5395 Ἐπί¹
2663 5339 2871 5402 τούτοις
2897 5338 3120 5391 τακτέον
3143 5377 3158 5404 ,
3198 5335 3311 5404 εἴγε
3343 5334 3554 5405 φανείη,
3587 5332 3688 5402 τὴν

2134 5437 2496 5505 Ἀποκὰλυψιν
2559 5430 2824 5493 Ἰωάννου,
2860 5428 2984 5500 περὶ
3032 5424 3097 5499 ἦς
3127 5427 3196 5480 τὰ
3242 5426 3470 5491 δόξαντα
3547 5421 3690 5476 κατὰ

2121 5529 2311 5600 καιρὸν
2345 5521 2709 5597 ἐκθησόμεθα.
2751 5520 2860 5574 Καὶ
2899 5518 3070 5573 ταῦτα
3112 5517 3211 5589 μὲν
3241 5519 3299 5573 ὲν
3331 5513 3692 5588 όμολογουμέ⁸

514 5740 625 5815 (9.9)
673 5738 883 5811 Ἐγγ-ὺς
922 5736 1027 5793 τοῦ
1052 5733 1279 5805 Σαλήμ.
1310 5733 1365 5789 lu
1401 5730 1770 5787 vetustissimo
1798 5727 1984 5784 codice
2012 5725 2038 5780 Β

2142 5765 2148 5781 .
2181 5724 2442 5794 scriptum
2468 5724 2650 5782 inveni
2682 5723 2885 5795 Σαλείμ
2915 5739 3037 5780 cum
3070 5721 3428 5794 diphthongo.
