4016 6260
467 329 562 384 271

1157 333 1422 392 EUSEBII
1461 337 1935 397 CESARIENSIS
1971 340 2120 398 OPP.
2161 341 2340 399 PARS
2378 342 2416 397 Ι.
2457 373 2527 386 —
2562 340 2944 398 HISTORICA.

3565 343 3670 398 272

467 465 894 510 commemorare
919 455 1172 524 dignatus
1214 465 1316 512 est.
1368 456 1473 512 Sed
1507 469 1562 514 et
1589 461 1760 529 ipsum
1796 461 1985 517 dicend

2112 462 2421 515 ὲναλλάττει
2458 461 2758 532 χαρακτὴρ,
2782 461 2816 531 ἦ
2847 477 2906 512 τε
2932 456 3123 530 γνώμη
3159 459 3250 512 καὶ
3275 461 3308 530 ή
3339 457 3444 512 τῶν
3476 459 3533 511 ὲν
3567 459 3666 512 αὺ-

465 556 634 612 genus
667 541 822 610 longe
859 544 926 597 ab
954 545 1247 613 apostolica
1276 547 1622 617 simplicitate
1647 550 1759 622 98
1803 552 2006 607 discre-

464 643 575 703 pat.
617 633 821 691 Sensus
856 651 1068 706 quoque
1090 636 1225 706 ipse,
1265 647 1320 693 et
1364 655 1484 710 qua:
1526 641 1726 696 ibidem
1779 643 2010 698 traditur

464 722 616 792 ﬁdes,
642 741 763 780 cum
793 741 824 780 a
856 741 981 782 vera
1015 736 1070 783 et
1098 729 1361 785 catholica
1389 731 1636 786 doctrina
1692 733 2008 804 plurimum-

461 827 717 884 quantum
791 822 1036 888 aberret,
1102 821 1217 877 hate
1285 821 1658 879 hazreticorum
1728 825 2007 880 hominum

460 907 710 976 ﬁgmenta
741 924 862 966 esse
904 911 1186 969 manifeste
1217 913 1478 982 coarguit.
1506 914 1766 981 Quocirca
1795 929 1863 970 ne
1891 916 2010 986 qui-

460 1001 580 1055 dem
606 1001 749 1057 inter
780 1003 995 1072 spurios
1025 1004 1324 1060 collocandi
1351 1015 1478 1060 sunt
1505 1006 1556 1060 hi
1592 1007 1736 1071 libri,
1768 1006 1863 1061 sed
1891 1015 2010 1061 tan-

457 1106 616 1162 quam
647 1095 865 1150 absurdi
899 1104 953 1150 et
993 1096 1164 1167 impii,
1205 1112 1428 1168 prorsus
1475 1097 1809 1167 repudiandi.
1854 1097 2008 1154 Nunc

462 1183 526 1236 ad
564 1186 762 1241 seriem
795 1185 1037 1243 historia:
1065 1197 1259 1244 nostrae
1283 1191 1586 1244 redeamus.

999 1361 1226 1420 CAPUT
1271 1361 1462 1417 XXVI.

803 1471 878 1528 De
925 1473 1212 1528 Menandro
1255 1475 1652 1544 pra’stigiatore.

524 1587 762 1642 Simonis
811 1586 947 1656 Magi
1013 1602 1298 1642 successor
1362 1587 1672 1658 Menander,
1723 1591 2001 1648 diabolicae

450 1677 735 1746 pravitatis
788 1676 1013 1731 alterum
1070 1676 1234 1731 telum
1300 1678 1484 1746 priore
1531 1679 1620 1734 illo
1666 1695 1997 1753 nequaquam

2111 557 2224 616 τοῖς
2259 555 2568 626 φερομένων
2604 554 2915 624 προαίρεσις
2934 593 2949 618 ,
2999 552 3245 605 πλεῖστον
3275 553 3396 605 ὅσον
3424 551 3522 622 τῆς
3546 551 3670 621 ἀλη-

2112 645 2236 708 θοῦς
2290 643 2598 716 ὀρθοδοξίας
2645 645 2922 716 ἀπᾴδουσα
2972 642 3106 715 (54),
3139 645 3220 696 ὅτι
3259 643 3323 713 δὴ
3378 642 3668 713 αἱρετικῶν

2110 735 2312 807 ἀνδρῶν
2341 737 2739 807 ἀναπλάσματα
2768 736 3044 806 τυγχάνει,
3089 735 3272 805 σαφῶς
3306 736 3626 807 παρίστησιν
3647 750 3662 764 ·

2109 826 2228 880 ὅθεν
2257 827 2363 880 οὐδ’
2395 829 2452 880 ὲν
2478 827 2650 890 νόθοις
2669 827 2806 881 αὑτά
2834 827 3220 890 κατατακτέον,
3253 826 3366 880 ἀλλ’
3392 827 3467 890 ὡς
3491 827 3668 881 ἄτοπα

2115 918 2290 987 πάντη
2337 918 2433 970 καὶ
2472 917 2701 988 δυσσεϐῆ
2743 919 3124 990 παραιτητέον.
3163 919 3358 991 Ἴωμεν
3388 917 3453 990 δὴ
3485 915 3665 971 λοιπὸν

2111 1009 2205 1062 καὶ
2229 1010 2321 1065 ἐπὶ
2344 1009 2439 1083 τὴν
2465 1009 2591 1082 έξῆς
2618 1010 2874 1085 ἱστορίαν.

2591 1365 2984 1420 ΚΕΦΑΛΑΙΟΝ
3028 1366 3172 1434 Kq'.
3290 1421 3296 1426 .

2106 1473 2244 1540 Περὶ
2275 1471 2621 1541 Μενάνδρου
2652 1473 2756 1527 τοῦ
2797 1475 3008 1544 γόητος
3040 1473 3180 1544 (Nic.
3233 1473 3302 1528 11.
3332 1474 3400 1528 Ε.
3432 1491 3512 1538 Ill,
3554 1475 3662 1546 li).

2173 1585 2390 1655 Σίμωνα
2417 1585 2508 1638 τὸν
2543 1585 2715 1656 μάγον
2745 1584 3050 1657 Μένανδρος
3080 1585 3477 1657 διαδεξάμενος,
3505 1587 3664 1642 ὅπλον

2099 1676 2346 1749 δεύτερον
2376 1676 2483 1748 (55)
2517 1679 2575 1730 οὐ
2600 1681 2775 1748 ,(εῖρον
2800 1677 2890 1731 τοῦ
2921 1678 3206 1749 προτέρου,
3236 1680 3333 1749 τῆς
3357 1678 3664 1752 διαῦολικῆς

451 1765 682 1824 inferius
725 1767 1012 1838 semetipse
1062 1781 1126 1822 ac
1177 1781 1353 1822 mores
1405 1784 1532 1824 suos
1579 1775 1848 1840 praestitit.
1903 1774 1985 1830 Ηὶ(

2101 1767 2379 1839 ἐνεργείας
2428 1768 2802 1822 ἀποδείκνυται
2853 1769 2943 1822 τὸν
2992 1771 3220 1841 τρόπον·
3271 1767 3338 1842 ἦν
3374 1773 3466 1825 καὶ
3513 1767 3664 1838 οὗτος

447 1872 661 1928 quoque
691 1857 1011 1923 Samarites,
1049 1860 1116 1912 ad
1147 1872 1412 1911 summam
1448 1861 1778 1930 magicarum
1806 1865 1985 1919 artiun

2099 1861 2384 1932 Σαμαρεὺς
2411 1861 2544 1932 (56),
2581 1863 2658 1925 εἰς
2691 1861 2858 1933 ἄκρον
2891 1862 2946 1915 δὲ
2976 1862 3074 1932 τῆς
3100 1863 3351 1933 γοητείας
3383 1865 3482 1918 οὐκ
3515 1865 3666 1919 ἔλατ-

447 1952 691 2020 peritiam
717 1951 938 2021 perinde
972 1965 1038 2006 ac
1067 1951 1320 2020 magister
1361 1967 1707 2024 progressus,
1756 1957 2000 2022 plurilms

455 2045 634 2099 adhuc
667 2054 722 2099 et
747 2043 1156 2099 absurdiorihus
1186 2046 1458 2116 ﬁgmentis
1503 2049 1838 2105 exuberavit.
1861 2051 1997 2106 Nam

447 2135 686 2203 seipsnm
728 2135 944 2206 quidem
971 2135 1315 2191 Servatorem
1343 2152 1461 2193 esse
1489 2145 1784 2207 asserebat,
1811 2145 1877 2196 ad
1904 2145 2000 2197 ho-

445 2228 646 2280 minum
681 2225 910 2280 salutem
939 2239 1005 2280 ex
1032 2226 1166 2282 avis
1197 2227 1515 2297 quihusdam
1543 2230 1902 2289 invisibilibus
1933 2236 1998 2289 ab

442 2316 552 2370 alto
584 2316 930 2370 destinatum.
957 2315 1230 2374 Neminem
1258 2333 1387 2376 vero
1418 2320 1601 2376 aiebat
1629 2323 1776 2392 ipsos
1810 2327 1994 2380 mundi

439 2410 747 2464 conditores
783 2408 1003 2479 angelos
1035 2425 1192 2480 posse
1235 2426 1515 2480 superare,
1567 2413 1668 2469 nisi
1704 2415 1795 2485 qui
1844 2417 1993 2486 prius

440 2500 646 2570 magica
696 2499 981 2571 disciplina
1033 2516 1064 2555 a
1109 2515 1168 2555 se
1233 2501 1545 2568 institutus,
1593 2513 1646 2558 et.
1700 2505 1988 2572 baptismo,

436 2606 595 2660 quem
637 2591 752 2662 ipse
791 2592 1060 2658 tradebat,
1117 2591 1360 2648 initiatus
1409 2595 1620 2648 fuisset.
1679 2594 1847 2662 Quem
1897 2596 1991 2650 ba-

435 2682 691 2752 ptismum
726 2682 1035 2753 quicunque
1061 2685 1336 2755 suscipere
1365 2686 1711 2749 meruissent,
1745 2702 1839 2741 eos
1863 2703 1988 2757 per-

433 2782 647 2840 petuam
688 2773 742 2828 in
797 2775 899 2829 hoc
947 2774 1142 2830 saeculo
1168 2776 1647 2846 immortalitatem
1698 2777 1989 2848 adepturus

431 2863 736 2921 aliirmabat
762 2884 776 2920 :
805 2880 910 2920 non
945 2866 1174 2934 amplius
1221 2870 1379 2924 morti
1417 2870 1704 2936 obnoxios,
1751 2870 1846 2924 sed
1902 2871 1989 2924 hic

431 2957 486 3011 in
515 2972 688 3012 aevum
715 2973 1116 3028 permansuros,
1142 2961 1370 3031 juvenes
1413 2976 1628 3030 semper
1673 2971 1836 3030 atque
1885 2962 1988 3015 im-

433 3049 687 3104 mortales
713 3049 943 3106 futuros.
972 3053 1144 3121 Atque
1191 3051 1306 3108 haec
1333 3052 1550 3122 quidem
1596 3066 1662 3107 ex
1703 3051 1889 3106 Irenzei
1922 3051 1986 3104 li-

389 3140 546 3200 Ihris
594 3141 714 3197 licet
768 3157 1120 3212 cognoscere.
1183 3143 1288 3199 Sed
1338 3154 1392 3198 et
1430 3142 1679 3199 Justinus
1731 3145 2052 3229 similiterc

430 3241 716 3301 postquam
745 3232 808 3286 de
841 3231 1060 3287 Simone
1093 3234 1296 3300 retulit,
1330 3235 1395 3289 de
1426 3235 1726 3291 Menandro
1768 3251 1982 3307 quoque

425 3321 704 3393 Subjungit
731 3323 843 3378 haec
871 3324 1031 3377 verba
1060 3342 1074 3378 :
1113 3343 1131 3376 ι
1166 3325 1512 3380 Menandrum
1544 3326 1667 3380 item
1695 3327 1979 3397 quemdam

425 3412 825 3467 Samaritanum
854 3429 920 3467 ex
953 3415 1068 3467 vico
1093 3413 1433 3484 Caparattaea
1463 3415 1775 3481 oriundum,
1819 3415 1980 3469 disci-

424 3506 610 3575 pulum
640 3504 900 3570 Simonis,
933 3506 1238 3562 daemonum
1270 3505 1506 3562 stimulis
1553 3507 1819 3578 agitatum
1867 3507 1980 3560 An-

425 3598 679 3653 tiochiam
707 3598 942 3665 venisse,
1001 3609 1165 3668 atque
1211 3599 1282 3654 ibi
1335 3599 1598 3670 plurimos
1625 3607 1744 3654 arte
1771 3599 1976 3668 magica

421 3688 683 3745 delusisse
709 3691 977 3745 novimus.
1005 3689 1104 3758 Qui
1135 3689 1296 3744 etiam
1324 3689 1684 3745 sectatoribus
1713 3689 1828 3744 suis
1855 3703 1981 3759 per-

419 3789 666 3835 suaserat
691 3781 833 3850 ipsos
864 3797 1136 3851 nunquam
1185 3797 1307 3836 esse
1346 3782 1664 3836 morituros.
1703 3781 1768 3835 Et
1809 3795 1876 3835 ex
1924 3780 1982 3835 il-

418 3867 524 3924 las
556 3869 834 3940 disciplina
865 3871 1045 3925 adhuc
1069 3881 1365 3939 supersunt
1412 3871 1654 3924 nonnulli
1698 3871 1787 3940 qui
1839 3871 1976 3924 idem

416 3961 792 4031 proﬁtentur.»
820 3961 944 4015 Fuit
965 3962 1065 4016 hoc
1081 3961 1358 4017 diabolica:
1383 3961 1692 4017 calliditatis
1713 3977 1980 4017 commen-

415 4064 547 4116 tutn,
581 4063 638 4107 ut
669 4069 765 4124 per
795 4053 1069 4108 maleﬁcos
1116 4053 1364 4106 homines
1418 4050 1850 4106 Christianorum
1883 4069 1980 4106 no-

415 4162 536 4199 men
565 4142 702 4198 falso
725 4144 825 4198 sibi
851 4143 1213 4204 vindicantes,
1250 4157 1503 4210 magnum
1540 4141 1670 4196 illud
1699 4142 1978 4214 religionis

415 4244 613 4288 nostra
669 4243 1066 4287 sacramentum
1102 4232 1324 4302 magica:
1363 4233 1497 4287 artis
1544 4233 1763 4288 infamia
1793 4251 1977 4304 asper-

410 4334 580 4395 geret,
607 4334 664 4380 ct
688 4325 1060 4382 ecclesiastica
1115 4326 1367 4396 dogmata
1403 4324 1471 4380 de
1513 4326 1816 4380 animorum
1868 4325 1974 4379 ὶιιιι

410 4497 514 4534 non
547 4479 840 4544 inveniunt,
873 4489 979 4534 etc.
1006 4479 1176 4534 Porro
1202 4481 1254 4535 in
1277 4481 1552 4538 codicibus
1577 4482 1774 4536 nostris
1803 4481 1962 4544 Maz.,

2095 1969 2184 2005 τον
2239 1951 2333 2005 τοῦ
2379 1953 2698 2006 διδασκάλου
2759 1952 3054 2021 προελθὼν,
3115 1955 3354 2024 μείζοσιν
3415 1956 3659 2025 ἐπιδαψι-

2095 2041 2308 2096 λεύεται
2355 2043 2754 2115 τερατολογίαις
2775 2083 2788 2106 ,
2820 2043 3007 2097 ἑαυτὸν
3048 2045 3165 2116 μὲν,
3197 2046 3272 2110 ὡς
3300 2045 3408 2117 ἄρα
3447 2046 3553 2119 εἴη,
3581 2046 3665 2100 λέ-

2095 2151 2226 2202 γων,
2264 2135 2292 2186 ὁ
2326 2135 2539 2206 Σωτὴρ,
2565 2133 2656 2186 ἐπὶ
2689 2138 2752 2206 τῇ
2788 2136 2895 2189 τῶν
2929 2136 3228 2209 ἀνθρώπων
3261 2139 3463 2194 ἄνωθέν
3503 2141 3663 2195 ποθεν

2094 2226 2151 2292 ἐξ
2177 2225 2419 2296 ἀοράτων
2447 2224 2654 2279 αἰώνων
2675 2227 3076 2298 ἀπεσταλμένος
3101 2229 3364 2301 σωτηρίᾳ,
3397 2231 3662 2287 διδάσκων

2091 2315 2148 2368 δὲ
2184 2315 2256 2386 μὴ
2295 2315 2469 2379 ἄλλως
2511 2314 2769 2370 δύνασθαί
2805 2335 2925 2371 τινα
2963 2318 3057 2372 καὶ
3089 2318 3266 2372 αὐτῶν
3314 2319 3419 2373 τῶν
3467 2340 3663 2394 κοσμο-

2093 2407 2259 2460 ποιῶν
2284 2407 2530 2476 ἀγγέλων
2557 2409 3030 2480 περιγενήσεσθαι,
3060 2409 3133 2482 μὴ
3165 2409 3424 2481 πρότερον
3449 2413 3538 2466 διὰ
3563 2413 3661 2482 τῆς

2093 2498 2226 2568 πρὸς
2265 2498 2431 2552 αὑτοῦ
2480 2500 2909 2570 παραδιδομένης
2945 2503 3181 2570 μαγικῆς
3228 2504 3518 2572 ἐμπειρίας
3562 2505 3658 2574 ἀχ-

2091 2587 2269 2652 θέντα,
2306 2589 2508 2644 καὶδιά
2539 2589 2632 2643 τοῦ
2663 2591 3073 2661 μεταδιδομένου
3111 2594 3246 2663 πρὸς
3273 2593 3436 2646 αὑτοῦ
3467 2594 3658 2664 βαπτί-

2092 2697 2309 2750 σματος.
2353 2675 2426 2734 Οὗ
2469 2681 2593 2744 τοὺς
2638 2681 3094 2752 κατηξιωμένους,
3150 2683 3444 2738 ἀθανασίαν
3487 2685 3655 2738 ἀΐδιοι)

2087 2772 2146 2824 ὲν
2191 2770 2339 2841 αὐτῷ
2380 2773 2552 2842 τούτῳ
2599 2771 2840 2867 μεθέξειν
2885 2773 2999 2843 (57)
3036 2773 3111 2844 τῷ
3156 2773 3272 2846 βίῳ,
3305 2776 3500 2846 μηκέτι
3533 2776 3658 2848 θνή-

2089 2877 2334 2925 σκοντας,
2366 2861 2530 2915 αὑτοῦ
2563 2861 2618 2914 δὲ
2651 2861 3093 2933 παραμένοντας,
3121 2865 3199 2927 είς
3229 2864 3289 2918 τὸ
3317 2867 3403 2919 ἀεὶ
3434 2867 3655 2938 ἀγήρως

2086 2954 2236 3017 τινάς
2267 2955 2362 3008 καὶ
2395 2955 2692 3018 ἀθανάτους
2734 2956 3041 3026 ἐσομένους.
3083 2957 3265 3011 Ταῦτα
3303 2958 3399 3028 μὲν
3441 2955 3533 3012 οὖν
3563 2960 3656 3012 καὶ

2085 3042 2151 3095 ὲκ
2179 3041 2286 3094 τῶν
2326 3042 2612 3113 Είρηναίου
2652 3043 2942 3112 διαγνῶναι
2986 3046 3183 3118 ῥᾴδιον.
3228 3047 3394 3100 Καὶὸ
3438 3048 3656 3102 Ἰουστῖ-

2085 3150 2174 3196 νος
2199 3133 2254 3186 δὲ
2296 3133 2436 3187 κατά
2466 3134 2526 3198 τὸ
2557 3135 2688 3188 αὐτὸ
2721 3135 2812 3188 τοῦ
2850 3135 3089 3206 Σίμωνος
3123 3139 3516 3208 μνημονεύσας,
3560 3141 3654 3194 καὶ

2089 3225 2183 3298 τὴν
2212 3227 2339 3298 περὶ
2369 3225 2558 3280 τούτου
2588 3227 2838 3298 διήγησιν
2865 3228 3137 3300 ἐπιφέρει,
3168 3229 3340 3297 λέγων
3360 3247 3374 3260 ·
3410 3248 3427 3281 ι
3446 3231 3654 3284 Μέναν-

2086 3319 2209 3391 δρον
2232 3319 2288 3373 δέ
2320 3337 2440 3374 τινα
2468 3321 2558 3373 καὶ
2586 3321 2746 3373 αὐτὸν
2776 3321 3032 3392 Σαμαρέα
3057 3321 3148 3374 τὸν
3185 3321 3291 3375 ἀπὸ
3321 3321 3512 3394 κώμης
3535 3323 3651 3374 Κα-

2087 3412 2445 3482 παρατταίας,
2502 3413 2792 3482 γενόμενον
2842 3413 3083 3484 μαθητὴν
3127 3413 3220 3466 τοῦ
3271 3413 3530 3484 Σίμωνος,
3573 3415 3650 3468 oi—

2087 3503 2384 3575 στρηοέντα
2417 3504 2510 3557 καὶ
2535 3503 2695 3557 αὐτὸν
2723 3505 2826 3557 ὑπὸ
2869 3505 2974 3558 τῶν
3003 3505 3286 3574 δαιμόνων,
3321 3505 3414 3557 καὶ
3441 3506 3497 3559 ὲν
3537 3506 3651 3558 Ἀν-

2081 3596 2285 3668 τιοχείςι
2315 3598 2622 3668 γενόμενον,
2661 3595 2887 3659 πολλοὺς
2913 3595 3252 3665 ἐξαπατῆσαι
3287 3595 3373 3650 διὰ
3411 3596 3648 3667 μαγικῆς

2079 3688 2272 3759 τέχνης
2313 3688 2554 3760 οἴδαμενο
2588 3689 2645 3752 ὃς
2673 3691 2768 3741 καὶ
2792 3689 2915 3750 τοὺς
2942 3686 3088 3758 αὐτῷ
3121 3687 3434 3758 ἑπομένους,
3473 3688 3546 3750 ὡς
3575 3687 3648 3759 μὴ

2079 3778 2468 3849 ἀποθνήσκοιεν
2497 3779 2696 3832 ἔπεισε.
2727 3780 2836 3832 Καὶ
2861 3779 2952 3831 νῦν
2983 3779 3124 3843 τινές
3146 3781 3282 3833 είσιν
3303 3781 3396 3834 ἀπ’
3419 3780 3646 3842 ἐκείνου,

2078 3871 2235 3924 τοῦτο
2270 3869 2674 3941 ὁμολογοῦντες,
2730 3889 2748 3921 ι
2790 3866 2899 3923 Ἦν
2939 3869 2984 3922 δ’
3017 3869 3123 3942 ἄρα
3158 3871 3462 3942 διαϐολικῆς
3498 3874 3648 3942 ἐνερ-

2081 3963 2253 4030 γείας,
2295 3962 2380 4015 διὰ
2425 3962 2640 4015 τοιῶνδε
2695 3963 2902 4034 γοήτων
2942 3961 3038 4034 τὴν
3099 3963 3435 4034 Χριστιανῶν
3478 3979 3646 4034 προσ-

2073 4053 2296 4125 ηγορίαν
2319 4053 2714 4124 ὑποδυομένων,
2737 4053 2800 4106 τὸ
2824 4053 2966 4124 μέγα
2991 4055 3089 4124 τῆς
3117 4053 3420 4117 θεοσεϐείας
3445 4055 3648 4126 μυστή-

2075 4162 2186 4215 ριον
2220 4145 2311 4197 ἐπὶ
2343 4145 2546 4216 μαγείᾳ
2575 4144 2868 4198 σπουδάσαι
2894 4144 3184 4206 διαϐαλεῖν,
3213 4144 3463 4216 διασῦραί
3489 4161 3546 4196 τε
3578 4143 3644 4196 δι’

2073 4233 2250 4289 αὐτῶν
2282 4232 2352 4286 τά
2380 4233 2507 4306 περὶ
2531 4233 2708 4304 ψυχῆς
2737 4233 3033 4296 ἀθανασίας
3060 4235 3153 4286 καὶ
3179 4233 3384 4304 νενρῶν
3417 4232 3646 4285 ἀναστάο

2073 4343 2209 4390 σεως
2249 4325 2679 4396 ἐκκλησιαστικά
2713 4325 2977 4397 δόγματα.
3024 4324 3161 4378 Ἀλλ’
3209 4321 3354 4380 οὖτοι
3388 4327 3485 4397 μὲν
3521 4324 3645 4378 τού-

2079 4482 2279 4535 Ὅπλον
2318 4481 2568 4553 δεύτερον
2595 4482 2863 4553 οὑᾲχεῑξρον
2891 4479 2984 4532 τοῦ
3035 4480 3320 4553 προτέρου,
3375 4481 3476 4553 τῆς
3523 4479 3642 4553 διατ-

407 4553 546 4624 Med.
589 4561 643 4604 et
681 4549 973 4624 Fuketiano
1021 4551 1280 4619 scriptum
1333 4561 1418 4608 est
1475 4551 1616 4606 κατὰ
1657 4549 1756 4614 τὰς
1795 4551 1972 4605 διαδο-

2085 4553 2294 4624 69λικῆς
2327 4547 2615 4624 ἐνεργείαςῄ
2642 4547 3018 4624 ἀποδείκνυται
3051 4547 3141 4603 τὸν
3170 4547 3407 4624 τρόπον·
3432 4547 3511 4622 ’ἦν
3550 4551 3644 4602 καὶ

405 4622 526 4694 χάς,
546 4636 676 4694 cum
705 4623 950 4694 articulo.

475 4691 587 4760 (34)
637 4691 1003 4759 Ὀρθοδοξίας
1028 4688 1366 4756 ἀπᾴδουσα.
1385 4689 1520 4747 Tres
1547 4692 1717 4746 nostri
1737 4692 1970 4757 codices,

408 4760 572 4827 Μαι,
603 4761 742 4815 Med.
785 4773 838 4815 et
890 4761 1023 4815 Fuk.
1086 4762 1348 4828 scriptum
1404 4762 1604 4816 habent
1647 4760 1969 4818 ἀποδέουσα.

410 4830 642 4886 Rectior
674 4841 854 4886 tamen
909 4833 1038 4886 mihi
1100 4832 1312 4884 videtur
1369 4832 1572 4887 codicis
1627 4831 1781 4902 Regii
1832 4835 1972 4887 scri-

447 4912 588 4954 tura.

615 4971 846 5024 Ὅπλον
867 4969 1164 5039 δεύτερον.
1206 4971 1262 5023 lu
1299 4969 1457 5040 hujus
1480 4972 1629 5028 vocis
1653 4971 1972 5041 interpreta-

405 5041 553 5094 tione
577 5056 764 5095 omnes
798 5041 1120 5105 interpretes
1167 5041 1345 5109 lapsos
1372 5059 1496 5097 esse
1528 5043 1716 5098 miror.
1747 5041 1972 5096 Rufinus

400 5121 608 5162 scutum
677 5109 889 5170 vertit,
935 5109 1149 5179 Langus
1192 5123 1247 5164 et
1284 5113 1555 5166 musculus
1617 5121 1968 5178 armaturam,

399 5179 929 5247 Christophorsonus
965 5180 1438 5248 propugnaculum.
1465 5182 1627 5237 Atnui
1665 5180 1827 5234 ὅπλον
1871 5183 1970 5236 hoc

402 5251 520 5302 loco
546 5249 816 5322 signiﬁcat
847 5249 1026 5302 telum.
1075 5251 1245 5322 Igitur
1293 5249 1454 5322 ὅπλον
1513 5252 1613 5321 τῆς
1657 5251 1968 5322 διαϐολικῆς

397 5321 696 5397 ἐνεργείας,
735 5321 873 5397 idem
903 5328 987 5397 est
1017 5334 1084 5374 ac
1111 5319 1362 5389 ὄργανον,
1392 5319 1797 5376 instrumentum
1856 5319 1965 5375 dai-

396 5394 645 5442 monium:
675 5389 975 5454 pravitatis.

465 5458 580 5532 (56)
614 5457 765 5529 Vulg.
780 5530 786 5532 _
804 5459 1254 5532 Ἄτζοδςίκνυται·
1275 5459 1380 5514 τὸν
1403 5464 1622 5529 τρόπον
1646 5457 1724 5532 ἦν
1739 5460 1964 5532 ampliat”)-

391 5529 496 5600 τός
523 5529 848 5600 Σαμαρεὺς.
877 5530 931 5583 ιιι
967 5541 1200 5600 quatuor
1247 5536 1450 5586 nostris
1479 5529 1776 5594 codicibus,
1801 5531 1960 5596 Man,

394 5598 552 5662 Med,
571 5598 703 5654 F’uk.
719 5613 771 5654 et
792 5598 997 5664 Savil.,_
1015 5602 1174 5669 longe
1192 5601 1350 5655 aliam
1381 5603 1538 5670 hujus
1567 5602 1668 5656 loci
1691 5603 1966 5668 interpun-

390 5672 622 5725 ctioncm
653 5672 856 5736 iuveni,
883 5686 1044 5740 quam
1078 5682 1294 5726 secutus
1322 5682 1404 5726 est
1425 5673 1964 5741 Christophorsouus,

355 5752 451 5794 -ut
498 5755 564 5795 ex
613 5741 857 5796 versione
901 5743 1014 5808 ejus
1075 5755 1321 5812 apparet.
1371 5743 1461 5796 Sic
1497 5743 1642 5798 enim
1670 5741 1963 5798 scribitur:

2076 4619 2227 4685 οὗτος
2252 4619 2560 4692 Σαμαρεύς.
2592 4622 2667 4675 Ac
2699 4622 2938 4692 profecto
2994 4621 3118 4692 haec
3161 4619 3434 4674 distinctio
3466 4619 3640 4692 longe

2076 4695 2276 4746 rectior
2299 4689 2380 4746 erit
2417 4689 2580 4761 quam
2617 4692 2851 4758 vulgata.
2881 4689 3013 4761 Quis
3038 4691 3178 4761 enim
3208 4705 3403 4761 sensus
3425 4698 3510 4743 est
3541 4689 3640 4761 ho:

2075 4778 2194 4816 rum
2225 4757 2508 4816 verbordm
2543 4761 2633 4814 τὸν
2656 4757 2854 4831 τρόπον
2882 4758 2948 4833 ἧν
2973 4760 3075 4833 καὶ.
3114 4759 3281 4833 αὐτὸς
3321 4757 3640 4833 Σαμαρεύςῗ

2075 4833 2202 4888 Scio
2235 4833 2450 4899 quidem
2478 4829 2846 4885 Samaritanus
2879 4829 3003 4885 odio
3053 4829 3216 4884 fuisse
3253 4829 3475 4899 Judaris,
3521 4837 3639 4880 tan-

2074 4919 2233 4971 quam
2254 4897 2500 4956 omnium
2533 4903 2806 4956 hominum
2837 4899 3177 4962 deterrimos,
3201 4899 3338 4971 adeo
3362 4909 3420 4952 ut
3445 4897 3634 4971 Sama-

2074 4967 2235 5026 ritani
2262 4987 2456 5027 nomen
2491 4973 2660 5026 instar
2686 4970 3239 5040 gravissimiﬂprobri
3311 4967 3511 5023 Judteis
3537 4969 3636 5021 ha-

2071 5042 2310 5096 beretur.
2350 5041 2541 5095 Verum
2575 5043 2662 5094 hic.
2691 5039 2754 5093 de
2787 5041 2960 5107 patria
3004 5039 3282 5092 Menandri
3313 5054 3493 5092 sermo
3530 5046 3633 5094 est.

2074 5113 2148 5166 De
2177 5113 2417 5167 moribus
2442 5121 2619 5164 autem
2659 5111 2798 5162 infra
2843 5109 3079 5178 loquitur
3112 5109 3392 5162 Eusebius.
3461 5109 3634 5163 Porro

2074 5183 2371 5235 Menander
2399 5184 2700 5234 Samaranus
2736 5180 2952 5239 dicitur,
2987 5180 3176 5234 eodem
3231 5181 3386 5232 modo
3412 5194 3518 5247 quo
3545 5179 3632 5232 Si-

2074 5268 2197 5305 mon
2231 5251 2537 5306 Snmara'us
2564 5249 2862 5318 appellatur
2895 5265 2921 5302 a
2952 5248 3166 5303 Justino
3195 5249 3246 5301 in
3295 5250 3632 5317 Apologetico

2068 5332 2122 5374 ct
2155 5339 2182 5373 a
2219 5321 2496 5375 Clemente
2544 5320 2781 5373 inlibris
2835 5319 3285 5388 Recogniltonum,
3333 5319 3384 5372 id
3435 5329 3516 5371 est
3565 5332 3630 5370 ex

2071 5392 2344 5459 provincia
2377 5407 2470 5445 seu
2512 5391 2730 5457 regione
2765 5388 3030 5453 Samaria,
3069 5405 3171 5442 non
3214 5398 3390 5442 autem
3414 5389 3633 5459 _ex_ipsa

2073 5456 2205 5514 urbe
2237 5461 2502 5514 Samaria.
2527 5456 2658 5512 Nam
2700 5461 2884 5512 Simon
2913 5462 3126 5528 quidem
3159 5474 3218 5511 ex
3256 5461 3372 5511 vico
3397 5456 3629 5519 Gitthis;

2071 5531 2360 5584 Menander
2391 5547 2516 5585 vero
2558 5545 2622 5584 ex
2685 5528 3026 5596 Caparaltea,
3058 5528 3164 5582 ἀπὸ
3205 5529 3397 5598 κώμης
3440 5529 3636 5582 Καπα-

2076 5601 2324 5672 ραττέας.
2356 5600 2446 5654 Sic
2476 5600 2699 5672 euitnini
2724 5601 2886 5672 bium,
2913 5600 3056 5672 31ml.
3086 5612 3138 5653 et
3173 5597 3306 5672 Fttk.

2144 5673 2256 5739 (57)
2288 5663 2646 5726 Ἀθανασίαν
2672 5669 2864 5724 ἀίδιον
2890 5669 3180 5738 μεθέξειν.
3210 5668 3266 5724 ln
3290 5669 3477 5726 codice
3496 5663 3628 5724 Fuk.

2076 5751 2128 5798 et
2164 5744 2330 5798 Savil.
2364 5743 2559 5810 legitur
2583 5741 2878 5805 ἀθανασίας
2909 5740 3100 5799 ἀϊδίου.
