  <div class='ocr_page' id='page_1' title='image "/cluster/home/n/w/nwhite01/storage/ocr_20150623/20/mdp.39015008802764/142.png"; bbox 0 0 4016 6260; ppageno 0'>
   <div class='ocr_carea' id='block_1_1' title="bbox 359 392 466 446">
    <p class='ocr_par' dir='ltr' id='par_1_1' title="bbox 359 392 466 446">
     <span class='ocr_line' id='line_1_1' title="bbox 359 392 466 446; baseline 0 0"><span class='ocrx_word' id='word_1_1' title='bbox 359 392 466 446; x_wconf 69' lang='lat'><strong>273</strong></span> 
     </span>
    </p>
   </div>
   <div class='ocr_carea' id='block_1_2' title="bbox 1352 394 2588 456">
    <p class='ocr_par' dir='ltr' id='par_1_2' title="bbox 1352 394 2588 456">
     <span class='ocr_line' id='line_1_2' title="bbox 1352 394 2588 456; baseline -0.002 -4"><span class='ocrx_word' id='word_1_2' title='bbox 1352 395 1696 456; x_wconf 65' lang='lat' dir='ltr'><strong>HISTORIZE</strong></span> <span class='ocrx_word' id='word_1_3' title='bbox 1737 395 2290 456; x_wconf 69' lang='lat' dir='ltr'><strong>ECCLESIASTICAE</strong></span> <span class='ocrx_word' id='word_1_4' title='bbox 2333 394 2459 451; x_wconf 88' lang='lat' dir='ltr'><strong>LIB.</strong></span> <span class='ocrx_word' id='word_1_5' title='bbox 2499 394 2588 452; x_wconf 86' lang='lat' dir='ltr'><strong>III.</strong></span> 
     </span>
    </p>
   </div>
   <div class='ocr_carea' id='block_1_3' title="bbox 3485 399 3588 452">
    <p class='ocr_par' dir='ltr' id='par_1_3' title="bbox 3485 399 3588 452">
     <span class='ocr_line' id='line_1_3' title="bbox 3485 399 3588 452; baseline 0 -1"><span class='ocrx_word' id='word_1_6' title='bbox 3485 399 3588 452; x_wconf 67' lang='grc'><strong>274</strong></span> 
     </span>
    </p>
   </div>
   <div class='ocr_carea' id='block_1_4' title="bbox 361 507 1940 590">
    <p class='ocr_par' dir='ltr' id='par_1_4' title="bbox 361 507 1936 590">
     <span class='ocr_line' id='line_1_4' title="bbox 361 507 1936 590; baseline 0.01 -32"><span class='ocrx_word' id='word_1_7' title='bbox 361 522 491 569; x_wconf 83' lang='grc' dir='ltr'>τους</span> <span class='ocrx_word' id='word_1_8' title='bbox 526 507 782 579; x_wconf 80' lang='grc' dir='ltr'>σωτῆρας</span> <span class='ocrx_word' id='word_1_9' title='bbox 821 511 1257 586; x_wconf 77' lang='grc' dir='ltr'><strong>ἐπιγραψάμενοι</strong></span> <span class='ocrx_word' id='word_1_10' title='bbox 1320 516 1418 587; x_wconf 85' lang='grc' dir='ltr'>τῆς</span> <span class='ocrx_word' id='word_1_11' title='bbox 1453 516 1683 590; x_wconf 82' lang='grc' dir='ltr'><strong>ἀληθοῦς</strong></span> <span class='ocrx_word' id='word_1_12' title='bbox 1732 520 1936 572; x_wconf 87' lang='grc' dir='ltr'>ἀποπε-</span> 
     </span>
    </p>
   </div>
   <div class='ocr_carea' id='block_1_5' title="bbox 2040 507 3590 590">
    <p class='ocr_par' dir='ltr' id='par_1_5' title="bbox 2040 510 3590 577">
     <span class='ocr_line' id='line_1_5' title="bbox 2040 510 3590 577; baseline -0.003 -9"><span class='ocrx_word' id='word_1_13' title='bbox 2040 514 2380 577; x_wconf 90' lang='lat' dir='ltr'><strong>mortalitate,</strong></span> <span class='ocrx_word' id='word_1_14' title='bbox 2431 528 2494 568; x_wconf 91' lang='lat' dir='ltr'><strong>ac</strong></span> <span class='ocrx_word' id='word_1_15' title='bbox 2541 513 2608 569; x_wconf 88' lang='lat' dir='ltr'><strong>de</strong></span> <span class='ocrx_word' id='word_1_16' title='bbox 2649 520 2988 568; x_wconf 91' lang='lat' dir='ltr'><strong>mortuorum</strong></span> <span class='ocrx_word' id='word_1_17' title='bbox 3021 510 3419 567; x_wconf 77' lang='lat' dir='ltr'><strong>resurrectione</strong></span> <span class='ocrx_word' id='word_1_18' title='bbox 3451 511 3590 565; x_wconf 85' lang='lat' dir='ltr'><strong>Iudi-</strong></span> 
     </span>
    </p>
   </div>
   <div class='ocr_carea' id='block_1_6' title="bbox 364 598 911 668">
    <p class='ocr_par' dir='ltr' id='par_1_6' title="bbox 364 598 911 668">
     <span class='ocr_line' id='line_1_6' title="bbox 364 598 911 668; baseline 0.013 -17"><span class='ocrx_word' id='word_1_19' title='bbox 364 598 644 654; x_wconf 83' lang='grc' dir='ltr'>πτώκασιν</span> <span class='ocrx_word' id='word_1_20' title='bbox 682 601 911 668; x_wconf 86' lang='grc' dir='ltr'>ἐλπίδος.</span> 
     </span>
    </p>
   </div>
   <div class='ocr_carea' id='block_1_7' title="bbox 862 899 1437 958">
    <p class='ocr_par' dir='ltr' id='par_1_7' title="bbox 862 899 1437 958">
     <span class='ocr_line' id='line_1_7' title="bbox 862 899 1437 958; baseline 0.009 -5"><span class='ocrx_word' id='word_1_21' title='bbox 862 899 1261 956; x_wconf 79' lang='grc' dir='ltr'><strong>ΚΕΦΑΛΑΙΟΝ</strong></span> <span class='ocrx_word' id='word_1_22' title='bbox 1312 904 1437 958; x_wconf 84' lang='grc' dir='ltr'>ΚΖ’.</span> 
     </span>
    </p>
   </div>
   <div class='ocr_carea' id='block_1_8' title="bbox 365 987 1934 1065">
    <p class='ocr_par' dir='ltr' id='par_1_8' title="bbox 365 987 1934 1065">
     <span class='ocr_line' id='line_1_8' title="bbox 365 987 1934 1065; baseline 0.005 -24"><span class='ocrx_word' id='word_1_23' title='bbox 365 987 512 1058; x_wconf 74' lang='grc' dir='ltr'>Περὶ</span> <span class='ocrx_word' id='word_1_24' title='bbox 543 987 653 1058; x_wconf 85' lang='grc' dir='ltr'>τῆς</span> <span class='ocrx_word' id='word_1_25' title='bbox 680 989 1025 1046; x_wconf 75' lang='grc' dir='ltr'>Ἐσιωναίων</span> <span class='ocrx_word' id='word_1_26' title='bbox 1046 992 1324 1062; x_wconf 73' lang='grc' dir='ltr'>αἱρέσεως</span> <span class='ocrx_word' id='word_1_27' title='bbox 1340 993 1478 1065; x_wconf 81' lang='lat' dir='ltr'><strong>(Nic.</strong></span> <span class='ocrx_word' id='word_1_28' title='bbox 1509 993 1582 1049; x_wconf 84' lang='grc' dir='ltr'>Η.</span> <span class='ocrx_word' id='word_1_29' title='bbox 1614 992 1681 1048; x_wconf 85' lang='grc' dir='ltr'>Ε.</span> <span class='ocrx_word' id='word_1_30' title='bbox 1712 1009 1794 1060; x_wconf 86' lang='lat' dir='ltr'><strong>m,</strong></span> <span class='ocrx_word' id='word_1_31' title='bbox 1825 994 1934 1063; x_wconf 81' lang='grc'><strong>15).</strong></span> 
     </span>
    </p>
   </div>
   <div class='ocr_carea' id='block_1_9' title="bbox 447 1079 1938 1156">
    <p class='ocr_par' dir='ltr' id='par_1_9' title="bbox 447 1079 1938 1156">
     <span class='ocr_line' id='line_1_9' title="bbox 447 1079 1938 1156; baseline 0.005 -25"><span class='ocrx_word' id='word_1_32' title='bbox 447 1079 672 1144; x_wconf 81' lang='grc' dir='ltr'>’Δλλους</span> <span class='ocrx_word' id='word_1_33' title='bbox 693 1079 748 1133; x_wconf 82' lang='grc' dir='ltr'>δὲ</span> <span class='ocrx_word' id='word_1_34' title='bbox 776 1081 804 1132; x_wconf 85' lang='grc' dir='ltr'><strong>ὁ</strong></span> <span class='ocrx_word' id='word_1_35' title='bbox 835 1080 1070 1153; x_wconf 83' lang='grc' dir='ltr'>πονηρός</span> <span class='ocrx_word' id='word_1_36' title='bbox 1089 1083 1298 1154; x_wconf 90' lang='grc' dir='ltr'>δαίμων</span> <span class='ocrx_word' id='word_1_37' title='bbox 1319 1084 1417 1155; x_wconf 82' lang='grc' dir='ltr'>τῆς</span> <span class='ocrx_word' id='word_1_38' title='bbox 1444 1084 1569 1154; x_wconf 71' lang='grc' dir='ltr'>περὶ</span> <span class='ocrx_word' id='word_1_39' title='bbox 1595 1083 1685 1137; x_wconf 83' lang='grc' dir='ltr'>τὸν</span> <span class='ocrx_word' id='word_1_40' title='bbox 1708 1084 1938 1156; x_wconf 81' lang='grc' dir='ltr'>Χριστόν</span> 
     </span>
    </p>
   </div>
   <div class='ocr_carea' id='block_1_10' title="bbox 363 1167 1935 1244">
    <p class='ocr_par' dir='ltr' id='par_1_10' title="bbox 363 1167 1935 1244">
     <span class='ocr_line' id='line_1_10' title="bbox 363 1167 1935 1244; baseline 0.002 -21"><span class='ocrx_word' id='word_1_41' title='bbox 363 1167 464 1223; x_wconf 79' lang='grc' dir='ltr'><strong>τοῦ</strong></span> <span class='ocrx_word' id='word_1_42' title='bbox 500 1168 632 1222; x_wconf 86' lang='grc' dir='ltr'>Θεοῦ</span> <span class='ocrx_word' id='word_1_43' title='bbox 677 1169 964 1235; x_wconf 79' lang='grc' dir='ltr'>διαθέσεως</span> <span class='ocrx_word' id='word_1_44' title='bbox 1011 1171 1287 1226; x_wconf 83' lang='grc' dir='ltr'>ἀδυνατῶν</span> <span class='ocrx_word' id='word_1_45' title='bbox 1334 1174 1604 1238; x_wconf 85' lang='grc' dir='ltr'>ἐκσείσαι,</span> <span class='ocrx_word' id='word_1_46' title='bbox 1640 1171 1935 1244; x_wconf 87' lang='grc' dir='ltr'>θατεραλή-</span> 
     </span>
    </p>
   </div>
   <div class='ocr_carea' id='block_1_11' title="bbox 367 1258 1938 1332">
    <p class='ocr_par' dir='ltr' id='par_1_11' title="bbox 367 1258 1938 1332">
     <span class='ocr_line' id='line_1_11' title="bbox 367 1258 1938 1332; baseline 0.004 -21"><span class='ocrx_word' id='word_1_47' title='bbox 367 1276 538 1322; x_wconf 85' lang='grc' dir='ltr'>πτους</span> <span class='ocrx_word' id='word_1_48' title='bbox 564 1259 676 1330; x_wconf 80' lang='grc'><strong>(58)</strong></span> <span class='ocrx_word' id='word_1_49' title='bbox 704 1258 898 1331; x_wconf 87' lang='grc' dir='ltr'>εὑρὼν,</span> <span class='ocrx_word' id='word_1_50' title='bbox 927 1262 1323 1332; x_wconf 82' lang='grc' dir='ltr'>ἐσφετερίξετο.</span> <span class='ocrx_word' id='word_1_51' title='bbox 1357 1261 1696 1326; x_wconf 81' lang='grc' dir='ltr'>Ἐὅιωναίους</span> <span class='ocrx_word' id='word_1_52' title='bbox 1723 1262 1938 1328; x_wconf 81' lang='grc' dir='ltr'><strong>τούτους</strong></span> 
     </span>
    </p>
   </div>
   <div class='ocr_carea' id='block_1_12' title="bbox 361 1336 1937 1422">
    <p class='ocr_par' dir='ltr' id='par_1_12' title="bbox 361 1336 1937 1422">
     <span class='ocr_line' id='line_1_12' title="bbox 361 1336 1937 1422; baseline 0.003 -22"><span class='ocrx_word' id='word_1_53' title='bbox 361 1347 582 1412; x_wconf 76' lang='grc' dir='ltr'><strong>οἰκείως</strong></span> <span class='ocrx_word' id='word_1_54' title='bbox 610 1348 945 1421; x_wconf 78' lang='grc' dir='ltr'><strong>ἐπεφήμιζον</strong></span> <span class='ocrx_word' id='word_1_55' title='bbox 966 1351 1268 1422; x_wconf 45' lang='grc' dir='ltr'>οίνπρῶτοι,</span> <span class='ocrx_word' id='word_1_56' title='bbox 1302 1351 1528 1422; x_wconf 87' lang='grc' dir='ltr'>πτωχῶς</span> <span class='ocrx_word' id='word_1_57' title='bbox 1548 1352 1640 1406; x_wconf 73' lang='grc' dir='ltr'><strong>καὶ</strong></span> <span class='ocrx_word' id='word_1_58' title='bbox 1670 1336 1937 1416; x_wconf 72' lang='grc' dir='ltr'><strong>ταπεινῶς</strong></span> 
     </span>
    </p>
   </div>
   <div class='ocr_carea' id='block_1_13' title="bbox 364 1439 1936 1516">
    <p class='ocr_par' dir='ltr' id='par_1_13' title="bbox 364 1439 1936 1516">
     <span class='ocr_line' id='line_1_13' title="bbox 364 1439 1936 1516; baseline 0.003 -24"><span class='ocrx_word' id='word_1_59' title='bbox 364 1441 437 1492; x_wconf 76' lang='grc' dir='ltr'>τὰ</span> <span class='ocrx_word' id='word_1_60' title='bbox 467 1439 699 1511; x_wconf 72' lang='grc' dir='ltr'>περὶτοῦ</span> <span class='ocrx_word' id='word_1_61' title='bbox 715 1441 944 1513; x_wconf 82' lang='grc' dir='ltr'>Χριστοῦ</span> <span class='ocrx_word' id='word_1_62' title='bbox 962 1441 1296 1506; x_wconf 76' lang='grc' dir='ltr'><strong>δοξάζοντας.</strong></span> <span class='ocrx_word' id='word_1_63' title='bbox 1324 1443 1480 1496; x_wconf 86' lang='grc' dir='ltr'>Λιτὸν</span> <span class='ocrx_word' id='word_1_64' title='bbox 1538 1444 1635 1514; x_wconf 84' lang='grc' dir='ltr'><strong>μὲν</strong></span> <span class='ocrx_word' id='word_1_65' title='bbox 1689 1443 1794 1516; x_wconf 80' lang='grc' dir='ltr'>γὰρ</span> <span class='ocrx_word' id='word_1_66' title='bbox 1840 1445 1936 1497; x_wconf 84' lang='grc' dir='ltr'>αὑ-</span> 
     </span>
    </p>
   </div>
   <div class='ocr_carea' id='block_1_14' title="bbox 357 1532 1936 1608">
    <p class='ocr_par' dir='ltr' id='par_1_14' title="bbox 357 1532 1936 1608">
     <span class='ocr_line' id='line_1_14' title="bbox 357 1532 1936 1608; baseline 0.003 -23"><span class='ocrx_word' id='word_1_67' title='bbox 357 1533 458 1586; x_wconf 69' lang='grc' dir='ltr'><strong>’ἰξὺν</strong></span> <span class='ocrx_word' id='word_1_68' title='bbox 518 1532 608 1586; x_wconf 78' lang='grc' dir='ltr'><strong>καὶ</strong></span> <span class='ocrx_word' id='word_1_69' title='bbox 679 1532 856 1586; x_wconf 82' lang='grc' dir='ltr'>κοινὸν</span> <span class='ocrx_word' id='word_1_70' title='bbox 904 1533 1132 1603; x_wconf 77' lang='grc' dir='ltr'>ἡγοῦντο</span> <span class='ocrx_word' id='word_1_71' title='bbox 1160 1576 1173 1597; x_wconf 90' lang='grc'><strong>,</strong></span> <span class='ocrx_word' id='word_1_72' title='bbox 1246 1533 1385 1588; x_wconf 83' lang='grc' dir='ltr'>κατά</span> <span class='ocrx_word' id='word_1_73' title='bbox 1444 1536 1725 1607; x_wconf 84' lang='grc' dir='ltr'>προκοπὴν</span> <span class='ocrx_word' id='word_1_74' title='bbox 1776 1537 1936 1608; x_wconf 72' lang='grc' dir='ltr'>ἤθους</span> 
     </span>
    </p>
   </div>
   <div class='ocr_carea' id='block_1_15' title="bbox 365 1623 1934 1698">
    <p class='ocr_par' dir='ltr' id='par_1_15' title="bbox 365 1623 1934 1698">
     <span class='ocr_line' id='line_1_15' title="bbox 365 1623 1934 1698; baseline 0.003 -22"><span class='ocrx_word' id='word_1_75' title='bbox 365 1623 502 1676; x_wconf 87' lang='grc' dir='ltr'>αὑτό</span> <span class='ocrx_word' id='word_1_76' title='bbox 538 1625 695 1694; x_wconf 87' lang='grc' dir='ltr'>μόνον</span> <span class='ocrx_word' id='word_1_77' title='bbox 741 1623 1024 1695; x_wconf 83' lang='grc' dir='ltr'>ἄνθρωπον</span> <span class='ocrx_word' id='word_1_78' title='bbox 1070 1625 1513 1696; x_wconf 86' lang='grc' dir='ltr'>δεδικαιωμένον,</span> <span class='ocrx_word' id='word_1_79' title='bbox 1562 1625 1618 1692; x_wconf 86' lang='grc' dir='ltr'><strong>ἐξ</strong></span> <span class='ocrx_word' id='word_1_80' title='bbox 1647 1627 1835 1698; x_wconf 88' lang='grc' dir='ltr'>ἀνδρός</span> <span class='ocrx_word' id='word_1_81' title='bbox 1876 1645 1934 1680; x_wconf 90' lang='grc' dir='ltr'><strong>τε</strong></span> 
     </span>
    </p>
   </div>
   <div class='ocr_carea' id='block_1_16' title="bbox 365 1717 1936 1789">
    <p class='ocr_par' dir='ltr' id='par_1_16' title="bbox 365 1717 1936 1789">
     <span class='ocr_line' id='line_1_16' title="bbox 365 1717 1936 1789; baseline 0.001 -19"><span class='ocrx_word' id='word_1_82' title='bbox 365 1717 651 1781; x_wconf 79' lang='grc' dir='ltr'>κοινωνίας</span> <span class='ocrx_word' id='word_1_83' title='bbox 694 1718 787 1771; x_wconf 75' lang='grc' dir='ltr'>καὶ</span> <span class='ocrx_word' id='word_1_84' title='bbox 833 1717 931 1787; x_wconf 85' lang='grc' dir='ltr'>τῆς</span> <span class='ocrx_word' id='word_1_85' title='bbox 988 1718 1206 1789; x_wconf 83' lang='grc' dir='ltr'>Μαρίας</span> <span class='ocrx_word' id='word_1_86' title='bbox 1257 1717 1676 1789; x_wconf 77' lang='grc' dir='ltr'>γεγεννημένον·</span> <span class='ocrx_word' id='word_1_87' title='bbox 1729 1719 1834 1772; x_wconf 82' lang='grc' dir='ltr'>δεῖν</span> <span class='ocrx_word' id='word_1_88' title='bbox 1881 1719 1936 1772; x_wconf 85' lang='grc' dir='ltr'>δὲ</span> 
     </span>
    </p>
   </div>
   <div class='ocr_carea' id='block_1_17' title="bbox 364 1809 1936 1880">
    <p class='ocr_par' dir='ltr' id='par_1_17' title="bbox 364 1809 1936 1880">
     <span class='ocr_line' id='line_1_17' title="bbox 364 1809 1936 1880; baseline 0.001 -20"><span class='ocrx_word' id='word_1_89' title='bbox 364 1809 584 1873; x_wconf 81' lang='grc' dir='ltr'>πάντως</span> <span class='ocrx_word' id='word_1_90' title='bbox 609 1810 791 1872; x_wconf 83' lang='grc' dir='ltr'>αὐτοῖς</span> <span class='ocrx_word' id='word_1_91' title='bbox 817 1810 915 1879; x_wconf 80' lang='grc' dir='ltr'>τῆς</span> <span class='ocrx_word' id='word_1_92' title='bbox 944 1810 1170 1879; x_wconf 80' lang='grc' dir='ltr'>νομικῆς</span> <span class='ocrx_word' id='word_1_93' title='bbox 1211 1809 1525 1880; x_wconf 88' lang='grc' dir='ltr'>θρησκείας,</span> <span class='ocrx_word' id='word_1_94' title='bbox 1559 1810 1634 1872; x_wconf 85' lang='grc' dir='ltr'>ὡς</span> <span class='ocrx_word' id='word_1_95' title='bbox 1663 1809 1736 1880; x_wconf 80' lang='grc' dir='ltr'><strong>μὴ</strong></span> <span class='ocrx_word' id='word_1_96' title='bbox 1761 1809 1825 1862; x_wconf 80' lang='grc' dir='ltr'><strong>ἂν</strong></span> <span class='ocrx_word' id='word_1_97' title='bbox 1849 1809 1936 1863; x_wconf 77' lang='grc' dir='ltr'>διὰ</span> 
     </span>
    </p>
   </div>
   <div class='ocr_carea' id='block_1_18' title="bbox 369 1893 2002 1971">
    <p class='ocr_par' dir='ltr' id='par_1_18' title="bbox 369 1893 2002 1971">
     <span class='ocr_line' id='line_1_18' title="bbox 369 1893 2002 1971; baseline 0 -18"><span class='ocrx_word' id='word_1_98' title='bbox 369 1901 539 1971; x_wconf 86' lang='grc' dir='ltr'>μόνης</span> <span class='ocrx_word' id='word_1_99' title='bbox 584 1902 682 1971; x_wconf 88' lang='grc' dir='ltr'>τῆς</span> <span class='ocrx_word' id='word_1_100' title='bbox 729 1903 811 1964; x_wconf 83' lang='grc' dir='ltr'><strong>είς</strong></span> <span class='ocrx_word' id='word_1_101' title='bbox 855 1900 945 1954; x_wconf 80' lang='grc' dir='ltr'>τὸν</span> <span class='ocrx_word' id='word_1_102' title='bbox 989 1901 1219 1971; x_wconf 85' lang='grc' dir='ltr'>Χριστὸν</span> <span class='ocrx_word' id='word_1_103' title='bbox 1253 1901 1486 1965; x_wconf 88' lang='grc' dir='ltr'>πίστεως</span> <span class='ocrx_word' id='word_1_104' title='bbox 1533 1901 1627 1953; x_wconf 75' lang='grc' dir='ltr'>καὶ</span> <span class='ocrx_word' id='word_1_105' title='bbox 1673 1900 1764 1954; x_wconf 86' lang='grc' dir='ltr'><strong>τοῦ</strong></span> <span class='ocrx_word' id='word_1_106' title='bbox 1813 1903 1929 1955; x_wconf 79' lang='grc' dir='ltr'>κατ’</span> <span class='ocrx_word' id='word_1_107' title='bbox 1964 1893 2002 1946; x_wconf 84' lang='grc' dir='ltr'><strong><em>Β</em></strong></span> 
     </span>
    </p>
   </div>
   <div class='ocr_carea' id='block_1_19' title="bbox 365 1992 1931 2064">
    <p class='ocr_par' dir='ltr' id='par_1_19' title="bbox 365 1992 1931 2064">
     <span class='ocr_line' id='line_1_19' title="bbox 365 1992 1931 2064; baseline 0 -18"><span class='ocrx_word' id='word_1_108' title='bbox 365 1993 536 2064; x_wconf 83' lang='grc' dir='ltr'>αὑτὴν</span> <span class='ocrx_word' id='word_1_109' title='bbox 575 1993 691 2064; x_wconf 83' lang='grc' dir='ltr'>βίου</span> <span class='ocrx_word' id='word_1_110' title='bbox 739 1992 1154 2064; x_wconf 89' lang='grc' dir='ltr'>σωθησομένοις.</span> <span class='ocrx_word' id='word_1_111' title='bbox 1205 1993 1387 2046; x_wconf 83' lang='grc' dir='ltr'>Ἀλλοι</span> <span class='ocrx_word' id='word_1_112' title='bbox 1433 1993 1489 2046; x_wconf 85' lang='grc' dir='ltr'><strong>δὲ</strong></span> <span class='ocrx_word' id='word_1_113' title='bbox 1536 1993 1684 2064; x_wconf 88' lang='grc' dir='ltr'><strong>παρά</strong></span> <span class='ocrx_word' id='word_1_114' title='bbox 1714 1993 1931 2058; x_wconf 77' lang='grc' dir='ltr'>τούτους</span> 
     </span>
    </p>
   </div>
   <div class='ocr_carea' id='block_1_20' title="bbox 362 2085 1934 2158">
    <p class='ocr_par' dir='ltr' id='par_1_20' title="bbox 362 2085 1934 2158">
     <span class='ocr_line' id='line_1_20' title="bbox 362 2085 1934 2158; baseline -0.001 -20"><span class='ocrx_word' id='word_1_115' title='bbox 362 2087 465 2157; x_wconf 79' lang='grc' dir='ltr'>τῆς</span> <span class='ocrx_word' id='word_1_116' title='bbox 499 2086 669 2157; x_wconf 77' lang='grc' dir='ltr'>αὑτῆς</span> <span class='ocrx_word' id='word_1_117' title='bbox 704 2085 852 2149; x_wconf 77' lang='grc' dir='ltr'>ὄντες</span> <span class='ocrx_word' id='word_1_118' title='bbox 895 2085 1279 2157; x_wconf 79' lang='grc' dir='ltr'>προσηγορίας,</span> <span class='ocrx_word' id='word_1_119' title='bbox 1318 2085 1414 2156; x_wconf 85' lang='grc' dir='ltr'><strong>τὴν</strong></span> <span class='ocrx_word' id='word_1_120' title='bbox 1451 2085 1548 2156; x_wconf 82' lang='grc' dir='ltr'><strong>μὲν</strong></span> <span class='ocrx_word' id='word_1_121' title='bbox 1575 2085 1682 2139; x_wconf 82' lang='grc' dir='ltr'>τῶν</span> <span class='ocrx_word' id='word_1_122' title='bbox 1714 2085 1934 2158; x_wconf 84' lang='grc' dir='ltr'>εἰρημέ-</span> 
     </span>
    </p>
   </div>
   <div class='ocr_carea' id='block_1_21' title="bbox 364 2176 1932 2254">
    <p class='ocr_par' dir='ltr' id='par_1_21' title="bbox 364 2176 1932 2254">
     <span class='ocr_line' id='line_1_21' title="bbox 364 2176 1932 2254; baseline 0.001 -27"><span class='ocrx_word' id='word_1_123' title='bbox 364 2194 475 2254; x_wconf 58' lang='grc' dir='ltr'><strong>νων</strong></span> <span class='ocrx_word' id='word_1_124' title='bbox 504 2177 728 2231; x_wconf 77' lang='grc' dir='ltr'>ἔκτοπον</span> <span class='ocrx_word' id='word_1_125' title='bbox 768 2177 1130 2249; x_wconf 84' lang='grc' dir='ltr'>διεδίδρασκον</span> <span class='ocrx_word' id='word_1_126' title='bbox 1162 2176 1408 2240; x_wconf 86' lang='grc' dir='ltr'>ἀτοπίαν,</span> <span class='ocrx_word' id='word_1_127' title='bbox 1441 2178 1504 2230; x_wconf 82' lang='grc' dir='ltr'><strong>ἐκ</strong></span> <span class='ocrx_word' id='word_1_128' title='bbox 1529 2176 1804 2248; x_wconf 82' lang='grc' dir='ltr'>Παρθένου</span> <span class='ocrx_word' id='word_1_129' title='bbox 1839 2177 1932 2228; x_wconf 75' lang='grc' dir='ltr'>καὶ</span> 
     </span>
    </p>
   </div>
   <div class='ocr_carea' id='block_1_22' title="bbox 365 2266 1932 2340">
    <p class='ocr_par' dir='ltr' id='par_1_22' title="bbox 365 2266 1932 2340">
     <span class='ocr_line' id='line_1_22' title="bbox 365 2266 1932 2340; baseline -0.001 -19"><span class='ocrx_word' id='word_1_130' title='bbox 365 2268 460 2321; x_wconf 88' lang='grc' dir='ltr'><strong>τοῦ</strong></span> <span class='ocrx_word' id='word_1_131' title='bbox 485 2269 634 2338; x_wconf 82' lang='grc' dir='ltr'>ἁγίου</span> <span class='ocrx_word' id='word_1_132' title='bbox 653 2267 791 2321; x_wconf 88' lang='grc' dir='ltr'>Πνεύ</span> <span class='ocrx_word' id='word_1_133' title='bbox 801 2286 964 2338; x_wconf 84' lang='grc' dir='ltr'>ματος</span> <span class='ocrx_word' id='word_1_134' title='bbox 987 2270 1059 2339; x_wconf 81' lang='grc' dir='ltr'>μὴ</span> <span class='ocrx_word' id='word_1_135' title='bbox 1076 2267 1393 2340; x_wconf 87' lang='grc' dir='ltr'>ἀρνούμενοι</span> <span class='ocrx_word' id='word_1_136' title='bbox 1419 2267 1793 2336; x_wconf 84' lang='grc' dir='ltr'>γεγονέναιτὸν</span> <span class='ocrx_word' id='word_1_137' title='bbox 1817 2266 1932 2319; x_wconf 84' lang='grc' dir='ltr'><strong>Κύ-</strong></span> 
     </span>
    </p>
   </div>
   <div class='ocr_carea' id='block_1_23' title="bbox 370 2356 1928 2432">
    <p class='ocr_par' dir='ltr' id='par_1_23' title="bbox 370 2356 1928 2432">
     <span class='ocr_line' id='line_1_23' title="bbox 370 2356 1928 2432; baseline -0.001 -19"><span class='ocrx_word' id='word_1_138' title='bbox 370 2377 504 2431; x_wconf 87' lang='grc' dir='ltr'>ριον,</span> <span class='ocrx_word' id='word_1_139' title='bbox 528 2361 586 2414; x_wconf 88' lang='grc' dir='ltr'><strong>οὑ</strong></span> <span class='ocrx_word' id='word_1_140' title='bbox 607 2360 708 2432; x_wconf 78' lang='grc' dir='ltr'>μὴν</span> <span class='ocrx_word' id='word_1_141' title='bbox 746 2359 822 2413; x_wconf 77' lang='grc' dir='ltr'><strong>ἔθ’</strong></span> <span class='ocrx_word' id='word_1_142' title='bbox 850 2361 1047 2432; x_wconf 87' lang='grc' dir='ltr'>ὁμοίως</span> <span class='ocrx_word' id='word_1_143' title='bbox 1067 2361 1160 2414; x_wconf 70' lang='grc' dir='ltr'><strong>καὶ</strong></span> <span class='ocrx_word' id='word_1_144' title='bbox 1181 2356 1324 2414; x_wconf 81' lang='grc' dir='ltr'>οῦτοι</span> <span class='ocrx_word' id='word_1_145' title='bbox 1358 2359 1727 2432; x_wconf 78' lang='grc' dir='ltr'>προϋπάρχειν</span> <span class='ocrx_word' id='word_1_146' title='bbox 1749 2359 1928 2426; x_wconf 85' lang='grc' dir='ltr'>αὑτὸν,</span> 
     </span>
    </p>
   </div>
   <div class='ocr_carea' id='block_1_24' title="bbox 365 2449 1930 2524">
    <p class='ocr_par' dir='ltr' id='par_1_24' title="bbox 365 2449 1930 2524">
     <span class='ocr_line' id='line_1_24' title="bbox 365 2449 1930 2524; baseline -0.001 -21"><span class='ocrx_word' id='word_1_147' title='bbox 365 2450 498 2504; x_wconf 82' lang='grc' dir='ltr'>Θεὸν</span> <span class='ocrx_word' id='word_1_148' title='bbox 527 2452 696 2520; x_wconf 84' lang='grc' dir='ltr'>Λόγον</span> <span class='ocrx_word' id='word_1_149' title='bbox 719 2451 846 2504; x_wconf 74' lang='grc' dir='ltr'>ὄντα</span> <span class='ocrx_word' id='word_1_150' title='bbox 867 2452 959 2504; x_wconf 75' lang='grc' dir='ltr'>καὶ</span> <span class='ocrx_word' id='word_1_151' title='bbox 976 2452 1172 2521; x_wconf 81' lang='grc' dir='ltr'>Σοφίαν</span> <span class='ocrx_word' id='word_1_152' title='bbox 1197 2451 1408 2524; x_wconf 83' lang='grc' dir='ltr'>Πατρδς</span> <span class='ocrx_word' id='word_1_153' title='bbox 1438 2449 1839 2521; x_wconf 84' lang='grc' dir='ltr'>ὁμολογοῦντες,</span> <span class='ocrx_word' id='word_1_154' title='bbox 1866 2453 1930 2522; x_wconf 84' lang='grc' dir='ltr'>τῇ</span> 
     </span>
    </p>
   </div>
   <div class='ocr_carea' id='block_1_25' title="bbox 365 2542 1933 2616">
    <p class='ocr_par' dir='ltr' id='par_1_25' title="bbox 365 2542 1933 2616">
     <span class='ocr_line' id='line_1_25' title="bbox 365 2542 1933 2616; baseline -0.002 -18"><span class='ocrx_word' id='word_1_155' title='bbox 365 2544 474 2598; x_wconf 82' lang='grc' dir='ltr'><strong>τῶν</strong></span> <span class='ocrx_word' id='word_1_156' title='bbox 503 2543 778 2616; x_wconf 82' lang='grc' dir='ltr'>προτέρων</span> <span class='ocrx_word' id='word_1_157' title='bbox 812 2544 1232 2616; x_wconf 87' lang='grc' dir='ltr'>περιετρέποντο</span> <span class='ocrx_word' id='word_1_158' title='bbox 1255 2542 1559 2614; x_wconf 74' lang='grc' dir='ltr'>δυσσεϐείᾳ,</span> <span class='ocrx_word' id='word_1_159' title='bbox 1587 2542 1819 2612; x_wconf 89' lang='grc' dir='ltr'>μάλιστα</span> <span class='ocrx_word' id='word_1_160' title='bbox 1846 2543 1933 2596; x_wconf 81' lang='grc' dir='ltr'>ὅτε</span> 
     </span>
    </p>
   </div>
   <div class='ocr_carea' id='block_1_26' title="bbox 367 2635 1934 2708">
    <p class='ocr_par' dir='ltr' id='par_1_26' title="bbox 367 2635 1934 2708">
     <span class='ocr_line' id='line_1_26' title="bbox 367 2635 1934 2708; baseline -0.001 -18"><span class='ocrx_word' id='word_1_161' title='bbox 367 2637 463 2690; x_wconf 73' lang='grc' dir='ltr'>καὶ</span> <span class='ocrx_word' id='word_1_162' title='bbox 499 2635 596 2708; x_wconf 83' lang='grc' dir='ltr'><strong>τὴν</strong></span> <span class='ocrx_word' id='word_1_163' title='bbox 629 2636 945 2708; x_wconf 84' lang='grc' dir='ltr'>σωματικὴν</span> <span class='ocrx_word' id='word_1_164' title='bbox 975 2637 1100 2708; x_wconf 81' lang='grc' dir='ltr'>περὶ</span> <span class='ocrx_word' id='word_1_165' title='bbox 1137 2636 1226 2690; x_wconf 80' lang='grc' dir='ltr'>τὸν</span> <span class='ocrx_word' id='word_1_166' title='bbox 1259 2635 1420 2708; x_wconf 86' lang='grc' dir='ltr'>νόμον</span> <span class='ocrx_word' id='word_1_167' title='bbox 1456 2635 1706 2708; x_wconf 86' lang='grc' dir='ltr'>λατρείαν</span> <span class='ocrx_word' id='word_1_168' title='bbox 1737 2635 1934 2706; x_wconf 85' lang='grc' dir='ltr'>ὁμοίως</span> 
     </span>
    </p>
   </div>
   <div class='ocr_carea' id='block_1_27' title="bbox 367 2722 1934 2799">
    <p class='ocr_par' dir='ltr' id='par_1_27' title="bbox 367 2722 1934 2799">
     <span class='ocr_line' id='line_1_27' title="bbox 367 2722 1934 2799; baseline -0.001 -19"><span class='ocrx_word' id='word_1_169' title='bbox 367 2727 596 2791; x_wconf 86' lang='grc' dir='ltr'>ἐκείνοις</span> <span class='ocrx_word' id='word_1_170' title='bbox 646 2727 928 2799; x_wconf 80' lang='grc' dir='ltr'>περιέπειν</span> <span class='ocrx_word' id='word_1_171' title='bbox 977 2728 1324 2792; x_wconf 81' lang='grc' dir='ltr'>ἐσπούδαζον.</span> <span class='ocrx_word' id='word_1_172' title='bbox 1380 2722 1536 2782; x_wconf 76' lang='grc' dir='ltr'>Οὗτοι</span> <span class='ocrx_word' id='word_1_173' title='bbox 1589 2727 1644 2781; x_wconf 85' lang='grc' dir='ltr'><strong>δέ</strong></span> <span class='ocrx_word' id='word_1_174' title='bbox 1696 2727 1789 2780; x_wconf 89' lang='grc' dir='ltr'><strong>τοῦ</strong></span> <span class='ocrx_word' id='word_1_175' title='bbox 1839 2727 1934 2798; x_wconf 86' lang='grc' dir='ltr'><strong>μὲν</strong></span> 
     </span>
    </p>
   </div>
   <div class='ocr_carea' id='block_1_28' title="bbox 380 2817 1936 2891">
    <p class='ocr_par' dir='ltr' id='par_1_28' title="bbox 380 2817 1936 2891">
     <span class='ocr_line' id='line_1_28' title="bbox 380 2817 1936 2891; baseline -0.001 -19"><span class='ocrx_word' id='word_1_176' title='bbox 380 2819 700 2874; x_wconf 85' lang='grc' dir='ltr'>Ἀποστόλου</span> <span class='ocrx_word' id='word_1_177' title='bbox 746 2820 925 2884; x_wconf 88' lang='grc' dir='ltr'>πάσας</span> <span class='ocrx_word' id='word_1_178' title='bbox 946 2819 1044 2884; x_wconf 85' lang='grc' dir='ltr'>τὰς</span> <span class='ocrx_word' id='word_1_179' title='bbox 1080 2819 1392 2878; x_wconf 84' lang='grc' dir='ltr'>Ἐπιστολάς</span> <span class='ocrx_word' id='word_1_180' title='bbox 1416 2821 1686 2891; x_wconf 86' lang='grc' dir='ltr'>ἀρνητέας</span> <span class='ocrx_word' id='word_1_181' title='bbox 1710 2817 1936 2888; x_wconf 82' lang='grc' dir='ltr'>ἡγοῦντο</span> 
     </span>
    </p>
   </div>
   <div class='ocr_carea' id='block_1_29' title="bbox 369 2906 1932 2980">
    <p class='ocr_par' dir='ltr' id='par_1_29' title="bbox 369 2906 1932 2980">
     <span class='ocr_line' id='line_1_29' title="bbox 369 2906 1932 2980; baseline -0.001 -17"><span class='ocrx_word' id='word_1_182' title='bbox 369 2906 507 2964; x_wconf 79' lang='grc' dir='ltr'>εἶναι</span> <span class='ocrx_word' id='word_1_183' title='bbox 529 2911 658 2974; x_wconf 61' lang='grc' dir='ltr'>δεῖ),</span> <span class='ocrx_word' id='word_1_184' title='bbox 680 2910 989 2980; x_wconf 83' lang='grc' dir='ltr'>ἀποστάτην</span> <span class='ocrx_word' id='word_1_185' title='bbox 1020 2909 1416 2974; x_wconf 77' lang='grc' dir='ltr'>ἀποκαλοῦντες</span> <span class='ocrx_word' id='word_1_186' title='bbox 1442 2909 1602 2964; x_wconf 81' lang='grc' dir='ltr'>αὑτὸν</span> <span class='ocrx_word' id='word_1_187' title='bbox 1631 2909 1722 2962; x_wconf 92' lang='grc' dir='ltr'><strong>τοῦ</strong></span> <span class='ocrx_word' id='word_1_188' title='bbox 1748 2913 1932 2980; x_wconf 89' lang='grc' dir='ltr'>νόμου,</span> 
     </span>
    </p>
   </div>
   <div class='ocr_carea' id='block_1_30' title="bbox 369 3001 1936 3074">
    <p class='ocr_par' dir='ltr' id='par_1_30' title="bbox 369 3001 1936 3074">
     <span class='ocr_line' id='line_1_30' title="bbox 369 3001 1936 3074; baseline -0.001 -16"><span class='ocrx_word' id='word_1_189' title='bbox 369 3004 712 3072; x_wconf 74' lang='grc' dir='ltr'>Εὐαγγελίῳ</span> <span class='ocrx_word' id='word_1_190' title='bbox 748 3003 804 3055; x_wconf 81' lang='grc' dir='ltr'><strong>δὲ</strong></span> <span class='ocrx_word' id='word_1_191' title='bbox 843 3001 986 3074; x_wconf 84' lang='grc' dir='ltr'>μόνῳ</span> <span class='ocrx_word' id='word_1_192' title='bbox 1009 3001 1086 3072; x_wconf 79' lang='grc' dir='ltr'>τῷ</span> <span class='ocrx_word' id='word_1_193' title='bbox 1117 3003 1246 3056; x_wconf 82' lang='grc' dir='ltr'>καθ’</span> <span class='ocrx_word' id='word_1_194' title='bbox 1313 3003 1618 3070; x_wconf 79' lang='grc' dir='ltr'>Ἑϐραίους</span> <span class='ocrx_word' id='word_1_195' title='bbox 1661 3001 1936 3073; x_wconf 79' lang='grc' dir='ltr'>λεγομένῳ</span> 
     </span>
    </p>
   </div>
   <div class='ocr_carea' id='block_1_31' title="bbox 369 3093 1939 3166">
    <p class='ocr_par' dir='ltr' id='par_1_31' title="bbox 369 3093 1939 3166">
     <span class='ocr_line' id='line_1_31' title="bbox 369 3093 1939 3166; baseline 0.003 -20"><span class='ocrx_word' id='word_1_196' title='bbox 369 3093 658 3164; x_wconf 85' lang='grc' dir='ltr'>χρώμενοι,</span> <span class='ocrx_word' id='word_1_197' title='bbox 692 3093 798 3146; x_wconf 84' lang='grc' dir='ltr'><strong>τῶν</strong></span> <span class='ocrx_word' id='word_1_198' title='bbox 831 3093 1029 3147; x_wconf 81' lang='grc' dir='ltr'>λοιπῶν</span> <span class='ocrx_word' id='word_1_199' title='bbox 1065 3095 1292 3166; x_wconf 82' lang='grc' dir='ltr'>σμικρόν</span> <span class='ocrx_word' id='word_1_200' title='bbox 1320 3095 1598 3150; x_wconf 89' lang='grc' dir='ltr'>ἐποιοῦντο</span> <span class='ocrx_word' id='word_1_201' title='bbox 1622 3096 1798 3164; x_wconf 89' lang='grc' dir='ltr'>λόγον.</span> <span class='ocrx_word' id='word_1_202' title='bbox 1829 3095 1939 3151; x_wconf 76' lang='grc' dir='ltr'><strong>Καὶ</strong></span> 
     </span>
    </p>
   </div>
   <div class='ocr_carea' id='block_1_32' title="bbox 371 3185 1936 3259">
    <p class='ocr_par' dir='ltr' id='par_1_32' title="bbox 371 3185 1936 3259">
     <span class='ocr_line' id='line_1_32' title="bbox 371 3185 1936 3259; baseline 0.002 -21"><span class='ocrx_word' id='word_1_203' title='bbox 371 3185 429 3238; x_wconf 72' lang='grc' dir='ltr'>τὸ</span> <span class='ocrx_word' id='word_1_204' title='bbox 465 3186 561 3256; x_wconf 84' lang='grc' dir='ltr'><strong>μὲν</strong></span> <span class='ocrx_word' id='word_1_205' title='bbox 604 3185 877 3238; x_wconf 78' lang='grc' dir='ltr'>Σάϐὁατον</span> <span class='ocrx_word' id='word_1_206' title='bbox 917 3185 1010 3238; x_wconf 76' lang='grc' dir='ltr'>καὶ</span> <span class='ocrx_word' id='word_1_207' title='bbox 1046 3185 1144 3254; x_wconf 82' lang='grc' dir='ltr'><strong>τὴν</strong></span> <span class='ocrx_word' id='word_1_208' title='bbox 1199 3186 1491 3258; x_wconf 85' lang='grc' dir='ltr'>Ἰουδαῖκὴν</span> <span class='ocrx_word' id='word_1_209' title='bbox 1522 3186 1684 3257; x_wconf 81' lang='grc' dir='ltr'>ἄλλην</span> <span class='ocrx_word' id='word_1_210' title='bbox 1717 3187 1936 3259; x_wconf 77' lang='grc' dir='ltr'>ἀγωγὴν</span> 
     </span>
    </p>
   </div>
   <div class='ocr_carea' id='block_1_33' title="bbox 370 3249 2004 3351">
    <p class='ocr_par' dir='ltr' id='par_1_33' title="bbox 370 3249 2004 3351">
     <span class='ocr_line' id='line_1_33' title="bbox 370 3249 2004 3351; baseline 0.001 -23"><span class='ocrx_word' id='word_1_211' title='bbox 370 3249 564 3345; x_wconf 73' lang='grc' dir='ltr'>ὁμοίως</span> <span class='ocrx_word' id='word_1_212' title='bbox 599 3274 826 3338; x_wconf 83' lang='grc' dir='ltr'>ἐκείνοις</span> <span class='ocrx_word' id='word_1_213' title='bbox 862 3249 1291 3346; x_wconf 77' lang='grc' dir='ltr'>παρεφύλαττον,</span> <span class='ocrx_word' id='word_1_214' title='bbox 1324 3249 1509 3340; x_wconf 50' lang='grc' dir='ltr'>ταῖς’δ’</span> <span class='ocrx_word' id='word_1_215' title='bbox 1543 3272 1608 3330; x_wconf 77' lang='grc' dir='ltr'><strong>αὖ</strong></span> <span class='ocrx_word' id='word_1_216' title='bbox 1634 3249 1935 3351; x_wconf 67' lang='grc' dir='ltr'>ίὶυρίακαίς</span> <span class='ocrx_word' id='word_1_217' title='bbox 1963 3249 2004 3306; x_wconf 75' lang='lat' dir='ltr'><strong>C</strong></span> 
     </span>
    </p>
   </div>
   <div class='ocr_carea' id='block_1_34' title="bbox 371 3367 1930 3440">
    <p class='ocr_par' dir='ltr' id='par_1_34' title="bbox 371 3367 1930 3440">
     <span class='ocr_line' id='line_1_34' title="bbox 371 3367 1930 3440; baseline 0.003 -21"><span class='ocrx_word' id='word_1_218' title='bbox 371 3367 602 3437; x_wconf 81' lang='grc' dir='ltr'>ἡμέραις</span> <span class='ocrx_word' id='word_1_219' title='bbox 640 3369 770 3438; x_wconf 83' lang='grc' dir='ltr'>ἡμῖν</span> <span class='ocrx_word' id='word_1_220' title='bbox 801 3367 870 3421; x_wconf 81' lang='grc' dir='ltr'><strong>τά</strong></span> <span class='ocrx_word' id='word_1_221' title='bbox 911 3369 1268 3440; x_wconf 81' lang='grc' dir='ltr'>παραπλήσια</span> <span class='ocrx_word' id='word_1_222' title='bbox 1311 3371 1390 3432; x_wconf 89' lang='grc' dir='ltr'>εἰς</span> <span class='ocrx_word' id='word_1_223' title='bbox 1430 3369 1646 3440; x_wconf 87' lang='grc' dir='ltr'>μνήμην</span> <span class='ocrx_word' id='word_1_224' title='bbox 1697 3370 1794 3440; x_wconf 86' lang='grc' dir='ltr'><strong>τῆς</strong></span> <span class='ocrx_word' id='word_1_225' title='bbox 1839 3370 1930 3423; x_wconf 87' lang='grc' dir='ltr'><strong>τοῦ</strong></span> 
     </span>
    </p>
   </div>
   <div class='ocr_carea' id='block_1_35' title="bbox 371 3461 1934 3534">
    <p class='ocr_par' dir='ltr' id='par_1_35' title="bbox 371 3461 1934 3534">
     <span class='ocr_line' id='line_1_35' title="bbox 371 3461 1934 3534; baseline 0.001 -20"><span class='ocrx_word' id='word_1_226' title='bbox 371 3461 572 3533; x_wconf 81' lang='grc' dir='ltr'>Κυρίου</span> <span class='ocrx_word' id='word_1_227' title='bbox 637 3462 983 3526; x_wconf 83' lang='grc' dir='ltr'>ἀναστάσεως</span> <span class='ocrx_word' id='word_1_228' title='bbox 1041 3462 1346 3515; x_wconf 79' lang='grc' dir='ltr'>ἐπετέλουν.</span> <span class='ocrx_word' id='word_1_229' title='bbox 1413 3461 1571 3514; x_wconf 86' lang='grc' dir='ltr'>Ὅθεν</span> <span class='ocrx_word' id='word_1_230' title='bbox 1632 3461 1782 3534; x_wconf 83' lang='grc' dir='ltr'>παρὰ</span> <span class='ocrx_word' id='word_1_231' title='bbox 1838 3464 1934 3534; x_wconf 85' lang='grc' dir='ltr'>τὴν</span> 
     </span>
    </p>
   </div>
   <div class='ocr_carea' id='block_1_36' title="bbox 371 3550 1934 3624">
    <p class='ocr_par' dir='ltr' id='par_1_36' title="bbox 371 3550 1934 3624">
     <span class='ocr_line' id='line_1_36' title="bbox 371 3550 1934 3624; baseline 0 -20"><span class='ocrx_word' id='word_1_232' title='bbox 371 3551 620 3623; x_wconf 84' lang='grc' dir='ltr'>τοιαύτην</span> <span class='ocrx_word' id='word_1_233' title='bbox 644 3551 955 3624; x_wconf 76' lang='grc' dir='ltr'>ἐγχείρησιν</span> <span class='ocrx_word' id='word_1_234' title='bbox 978 3552 1074 3623; x_wconf 80' lang='grc' dir='ltr'>τῆς</span> <span class='ocrx_word' id='word_1_235' title='bbox 1102 3551 1312 3605; x_wconf 79' lang='grc' dir='ltr'>τοιᾶσδε</span> <span class='ocrx_word' id='word_1_236' title='bbox 1351 3550 1636 3622; x_wconf 84' lang='grc' dir='ltr'>λελόγχασι</span> <span class='ocrx_word' id='word_1_237' title='bbox 1667 3568 1934 3622; x_wconf 86' lang='grc' dir='ltr'>προσηγο-</span> 
     </span>
    </p>
   </div>
   <div class='ocr_carea' id='block_1_37' title="bbox 375 3641 1931 3714">
    <p class='ocr_par' dir='ltr' id='par_1_37' title="bbox 375 3641 1931 3714">
     <span class='ocr_line' id='line_1_37' title="bbox 375 3641 1931 3714; baseline -0.001 -18"><span class='ocrx_word' id='word_1_238' title='bbox 375 3644 512 3714; x_wconf 81' lang='grc' dir='ltr'>ρίας,</span> <span class='ocrx_word' id='word_1_239' title='bbox 558 3643 652 3696; x_wconf 88' lang='grc' dir='ltr'><strong>τοῦ</strong></span> <span class='ocrx_word' id='word_1_240' title='bbox 716 3643 1038 3696; x_wconf 80' lang='grc' dir='ltr'>Ἐὁιωναίων</span> <span class='ocrx_word' id='word_1_241' title='bbox 1089 3642 1378 3714; x_wconf 82' lang='grc' dir='ltr'>ὀνόματος,</span> <span class='ocrx_word' id='word_1_242' title='bbox 1418 3643 1516 3712; x_wconf 85' lang='grc' dir='ltr'><strong>τὴν</strong></span> <span class='ocrx_word' id='word_1_243' title='bbox 1559 3642 1655 3712; x_wconf 84' lang='grc' dir='ltr'><strong>τῆς</strong></span> <span class='ocrx_word' id='word_1_244' title='bbox 1703 3641 1931 3705; x_wconf 87' lang='grc' dir='ltr'>διανοίας</span> 
     </span>
    </p>
   </div>
   <div class='ocr_carea' id='block_1_38' title="bbox 256 3731 1935 3804">
    <p class='ocr_par' dir='ltr' id='par_1_38' title="bbox 256 3731 1935 3804">
     <span class='ocr_line' id='line_1_38' title="bbox 256 3731 1935 3804; baseline -0.001 -18"><span class='ocrx_word' id='word_1_245' title='bbox 256 3733 261 3743; x_wconf 86' lang='grc'>’</span> <span class='ocrx_word' id='word_1_246' title='bbox 374 3734 636 3802; x_wconf 84' lang='grc' dir='ltr'>πτωχείαν</span> <span class='ocrx_word' id='word_1_247' title='bbox 669 3733 776 3803; x_wconf 82' lang='grc'><strong>(59)</strong></span> <span class='ocrx_word' id='word_1_248' title='bbox 809 3732 985 3786; x_wconf 83' lang='grc' dir='ltr'>αὑτῶν</span> <span class='ocrx_word' id='word_1_249' title='bbox 1017 3733 1418 3802; x_wconf 77' lang='grc' dir='ltr'>ὑποφαίνοντος.</span> <span class='ocrx_word' id='word_1_250' title='bbox 1453 3731 1633 3801; x_wconf 86' lang='grc' dir='ltr'>Ταύτῃ</span> <span class='ocrx_word' id='word_1_251' title='bbox 1669 3731 1774 3804; x_wconf 77' lang='grc' dir='ltr'><strong>γὰρ</strong></span> <span class='ocrx_word' id='word_1_252' title='bbox 1819 3732 1935 3785; x_wconf 88' lang='grc' dir='ltr'>ἐπί-</span> 
     </span>
    </p>
   </div>
   <div class='ocr_carea' id='block_1_39' title="bbox 374 3824 1650 3899">
    <p class='ocr_par' dir='ltr' id='par_1_39' title="bbox 374 3824 1650 3899">
     <span class='ocr_line' id='line_1_39' title="bbox 374 3824 1650 3899; baseline 0.001 -23"><span class='ocrx_word' id='word_1_253' title='bbox 374 3825 500 3894; x_wconf 84' lang='grc' dir='ltr'>κλην</span> <span class='ocrx_word' id='word_1_254' title='bbox 531 3827 560 3877; x_wconf 91' lang='grc' dir='ltr'>ὀ</span> <span class='ocrx_word' id='word_1_255' title='bbox 600 3825 810 3895; x_wconf 83' lang='grc' dir='ltr'>πτωχὸς</span> <span class='ocrx_word' id='word_1_256' title='bbox 840 3827 966 3896; x_wconf 77' lang='grc' dir='ltr'>παρ’</span> <span class='ocrx_word' id='word_1_257' title='bbox 1015 3825 1284 3899; x_wconf 75' lang='grc' dir='ltr'>Ἑϐραίοις</span> <span class='ocrx_word' id='word_1_258' title='bbox 1313 3824 1650 3896; x_wconf 81' lang='grc' dir='ltr'>ὀνομάζεται.</span> 
     </span>
    </p>
   </div>
   <div class='ocr_carea' id='block_1_40' title="bbox 757 3921 1436 3990">
    <p class='ocr_par' dir='ltr' id='par_1_40' title="bbox 757 3921 1436 3990">
     <span class='ocr_line' id='line_1_40' title="bbox 757 3921 1436 3990; baseline 0.003 -2"><span class='ocrx_word' id='word_1_259' title='bbox 757 3921 760 3925; x_wconf 82' lang='grc'><strong>’</strong></span> <span class='ocrx_word' id='word_1_260' title='bbox 872 3936 1265 3990; x_wconf 80' lang='grc' dir='ltr'><strong>ΚΕΦΑΛΑΙΟΝ</strong></span> <span class='ocrx_word' id='word_1_261' title='bbox 1303 3937 1436 3990; x_wconf 83' lang='lat' dir='ltr'><strong>KH’.</strong></span> 
     </span>
    </p>
   </div>
   <div class='ocr_carea' id='block_1_41' title="bbox 372 4019 1929 4102">
    <p class='ocr_par' dir='ltr' id='par_1_41' title="bbox 372 4019 1929 4102">
     <span class='ocr_line' id='line_1_41' title="bbox 372 4019 1929 4102; baseline 0.003 -20"><span class='ocrx_word' id='word_1_262' title='bbox 372 4030 505 4096; x_wconf 80' lang='grc' dir='ltr'>Περὶ</span> <span class='ocrx_word' id='word_1_263' title='bbox 523 4029 932 4096; x_wconf 73' lang='grc' dir='ltr'>Κτιρίνθουτοῦ</span> <span class='ocrx_word' id='word_1_264' title='bbox 952 4019 1336 4097; x_wconf 71' lang='grc' dir='ltr'>αἰρεσιιίρκου</span> <span class='ocrx_word' id='word_1_265' title='bbox 1363 4027 1502 4098; x_wconf 86' lang='lat' dir='ltr'><strong>(Nic.</strong></span> <span class='ocrx_word' id='word_1_266' title='bbox 1531 4028 1598 4081; x_wconf 88' lang='lat' dir='ltr'><strong>H.</strong></span> <span class='ocrx_word' id='word_1_267' title='bbox 1631 4029 1695 4084; x_wconf 85' lang='lat' dir='ltr'><strong>E.</strong></span> <span class='ocrx_word' id='word_1_268' title='bbox 1721 4045 1799 4096; x_wconf 86' lang='lat' dir='ltr'><strong>IlI,</strong></span> <span class='ocrx_word' id='word_1_269' title='bbox 1822 4030 1929 4102; x_wconf 71' lang='grc'><strong>14).</strong></span> 
     </span>
    </p>
   </div>
   <div class='ocr_carea' id='block_1_42' title="bbox 439 4118 1937 4192">
    <p class='ocr_par' dir='ltr' id='par_1_42' title="bbox 439 4118 1937 4192">
     <span class='ocr_line' id='line_1_42' title="bbox 439 4118 1937 4192; baseline 0.003 -21"><span class='ocrx_word' id='word_1_270' title='bbox 439 4118 592 4172; x_wconf 85' lang='grc' dir='ltr'>Κατά</span> <span class='ocrx_word' id='word_1_271' title='bbox 618 4119 743 4182; x_wconf 81' lang='grc' dir='ltr'>τοὺς</span> <span class='ocrx_word' id='word_1_272' title='bbox 769 4118 1162 4189; x_wconf 85' lang='grc' dir='ltr'>δεδηλωμένους</span> <span class='ocrx_word' id='word_1_273' title='bbox 1191 4118 1433 4189; x_wconf 85' lang='grc' dir='ltr'>χρόνους,</span> <span class='ocrx_word' id='word_1_274' title='bbox 1462 4119 1651 4191; x_wconf 89' lang='grc' dir='ltr'>ἐτέρας</span> <span class='ocrx_word' id='word_1_275' title='bbox 1680 4123 1937 4192; x_wconf 80' lang='grc' dir='ltr'>αἱρέσεως</span> 
     </span>
    </p>
   </div>
   <div class='ocr_carea' id='block_1_43' title="bbox 371 4205 1936 4280">
    <p class='ocr_par' dir='ltr' id='par_1_43' title="bbox 371 4205 1936 4280">
     <span class='ocr_line' id='line_1_43' title="bbox 371 4205 1936 4280; baseline 0.003 -19"><span class='ocrx_word' id='word_1_276' title='bbox 371 4209 606 4279; x_wconf 76' lang='grc' dir='ltr'>ἀρχηγὸν</span> <span class='ocrx_word' id='word_1_277' title='bbox 636 4207 886 4278; x_wconf 88' lang='grc' dir='ltr'>γενέσθαι</span> <span class='ocrx_word' id='word_1_278' title='bbox 919 4208 1188 4280; x_wconf 81' lang='grc' dir='ltr'>Κήρινθον</span> <span class='ocrx_word' id='word_1_279' title='bbox 1219 4205 1649 4280; x_wconf 64' lang='grc' dir='ltr'>παρειλήφαμεν.</span> <span class='ocrx_word' id='word_1_280' title='bbox 1683 4212 1858 4276; x_wconf 88' lang='grc' dir='ltr'>Γάϊος,</span> <span class='ocrx_word' id='word_1_281' title='bbox 1878 4207 1936 4266; x_wconf 80' lang='grc' dir='ltr'><strong>οῦ</strong></span> 
     </span>
    </p>
   </div>
   <div class='ocr_carea' id='block_1_44' title="bbox 372 4297 1938 4377">
    <p class='ocr_par' dir='ltr' id='par_1_44' title="bbox 372 4297 1938 4377">
     <span class='ocr_line' id='line_1_44' title="bbox 372 4297 1938 4377; baseline 0.004 -27"><span class='ocrx_word' id='word_1_282' title='bbox 372 4299 551 4366; x_wconf 78' lang='grc' dir='ltr'>φωνάς</span> <span class='ocrx_word' id='word_1_283' title='bbox 576 4298 675 4377; x_wconf 62' lang='grc' dir='ltr'>ἤδη</span> <span class='ocrx_word' id='word_1_284' title='bbox 718 4299 979 4370; x_wconf 87' lang='grc' dir='ltr'>πρότερον</span> <span class='ocrx_word' id='word_1_285' title='bbox 1013 4297 1432 4370; x_wconf 84' lang='grc' dir='ltr'>παρατέθειμαι,</span> <span class='ocrx_word' id='word_1_286' title='bbox 1463 4301 1520 4352; x_wconf 89' lang='grc' dir='ltr'><strong>ἐν</strong></span> <span class='ocrx_word' id='word_1_287' title='bbox 1564 4302 1628 4370; x_wconf 81' lang='grc' dir='ltr'>τῇ</span> <span class='ocrx_word' id='word_1_288' title='bbox 1666 4303 1938 4376; x_wconf 81' lang='grc' dir='ltr'>φερομένῃ</span> 
     </span>
    </p>
   </div>
   <div class='ocr_carea' id='block_1_45' title="bbox 370 4387 1938 4461">
    <p class='ocr_par' dir='ltr' id='par_1_45' title="bbox 370 4387 1938 4461">
     <span class='ocr_line' id='line_1_45' title="bbox 370 4387 1938 4461; baseline 0.003 -19"><span class='ocrx_word' id='word_1_289' title='bbox 370 4388 532 4442; x_wconf 88' lang='grc' dir='ltr'>αὑτοῦ</span> <span class='ocrx_word' id='word_1_290' title='bbox 557 4387 835 4456; x_wconf 68' lang='grc' dir='ltr'>Ζητήσει,</span> <span class='ocrx_word' id='word_1_291' title='bbox 866 4388 1036 4443; x_wconf 87' lang='grc' dir='ltr'>ταῦτα</span> <span class='ocrx_word' id='word_1_292' title='bbox 1079 4390 1209 4460; x_wconf 68' lang='grc' dir='ltr'>περὶ</span> <span class='ocrx_word' id='word_1_293' title='bbox 1246 4387 1410 4442; x_wconf 89' lang='grc' dir='ltr'>αὑτοῦ</span> <span class='ocrx_word' id='word_1_294' title='bbox 1440 4389 1669 4461; x_wconf 77' lang='grc' dir='ltr'>γράφει·</span> <span class='ocrx_word' id='word_1_295' title='bbox 1712 4410 1730 4442; x_wconf 82' lang='grc' dir='ltr'><strong>ι</strong></span> <span class='ocrx_word' id='word_1_296' title='bbox 1779 4393 1938 4447; x_wconf 85' lang='grc' dir='ltr'>Ἀλλά</span> 
     </span>
    </p>
   </div>
   <div class='ocr_carea' id='block_1_46' title="bbox 370 4484 1937 4557">
    <p class='ocr_par' dir='ltr' id='par_1_46' title="bbox 370 4484 1937 4557">
     <span class='ocr_line' id='line_1_46' title="bbox 370 4484 1937 4557; baseline 0 -19"><span class='ocrx_word' id='word_1_297' title='bbox 370 4486 463 4538; x_wconf 70' lang='grc' dir='ltr'>καὶ</span> <span class='ocrx_word' id='word_1_298' title='bbox 498 4485 767 4557; x_wconf 85' lang='grc' dir='ltr'>Κήρινθος</span> <span class='ocrx_word' id='word_1_299' title='bbox 802 4486 831 4538; x_wconf 88' lang='grc' dir='ltr'>ὁ</span> <span class='ocrx_word' id='word_1_300' title='bbox 876 4486 943 4539; x_wconf 79' lang='grc' dir='ltr'>δι’</span> <span class='ocrx_word' id='word_1_301' title='bbox 975 4485 1368 4556; x_wconf 78' lang='grc' dir='ltr'>ἀποκαλύψεων</span> <span class='ocrx_word' id='word_1_302' title='bbox 1399 4484 1473 4547; x_wconf 87' lang='grc' dir='ltr'>ὡς</span> <span class='ocrx_word' id='word_1_303' title='bbox 1503 4484 1608 4537; x_wconf 84' lang='grc' dir='ltr'><strong>ὑπὸ</strong></span> <span class='ocrx_word' id='word_1_304' title='bbox 1644 4484 1937 4539; x_wconf 84' lang='grc' dir='ltr'>ἀποστόλου</span> 
     </span>
    </p>
   </div>
   <div class='ocr_carea' id='block_1_47' title="bbox 2041 603 3586 674">
    <p class='ocr_par' dir='ltr' id='par_1_47' title="bbox 2041 603 3586 674">
     <span class='ocr_line' id='line_1_47' title="bbox 2041 603 3586 674; baseline -0.003 -12"><span class='ocrx_word' id='word_1_305' title='bbox 2041 607 2156 662; x_wconf 90' lang='lat' dir='ltr'><strong>brio</strong></span> <span class='ocrx_word' id='word_1_306' title='bbox 2187 620 2456 674; x_wconf 84' lang='lat' dir='ltr'><strong>exponere</strong></span> <span class='ocrx_word' id='word_1_307' title='bbox 2484 606 2737 661; x_wconf 87' lang='lat' dir='ltr'><strong>omnibus</strong></span> <span class='ocrx_word' id='word_1_308' title='bbox 2775 605 2947 660; x_wconf 91' lang='lat' dir='ltr'><strong>modis</strong></span> <span class='ocrx_word' id='word_1_309' title='bbox 2991 614 3300 660; x_wconf 73' lang='lat' dir='ltr'><strong>conaretur.</strong></span> <span class='ocrx_word' id='word_1_310' title='bbox 3348 603 3455 659; x_wconf 88' lang='lat' dir='ltr'><strong>Sed</strong></span> <span class='ocrx_word' id='word_1_311' title='bbox 3499 604 3586 658; x_wconf 91' lang='lat' dir='ltr'><strong>isti</strong></span> 
     </span>
    </p>
   </div>
   <div class='ocr_carea' id='block_1_48' title="bbox 2038 693 3587 766">
    <p class='ocr_par' dir='ltr' id='par_1_48' title="bbox 2038 693 3587 766">
     <span class='ocr_line' id='line_1_48' title="bbox 2038 693 3587 766; baseline -0.002 -16"><span class='ocrx_word' id='word_1_312' title='bbox 2038 697 2250 766; x_wconf 84' lang='lat' dir='ltr'><strong>quidem</strong></span> <span class='ocrx_word' id='word_1_313' title='bbox 2281 694 2508 765; x_wconf 74' lang='grc' dir='ltr'><strong>89(ιυὶ</strong></span> <span class='ocrx_word' id='word_1_314' title='bbox 2549 693 2814 763; x_wconf 88' lang='lat' dir='ltr'><strong>ejusmodi</strong></span> <span class='ocrx_word' id='word_1_315' title='bbox 2866 707 3174 748; x_wconf 71' lang='lat' dir='ltr'><strong>servatores</strong></span> <span class='ocrx_word' id='word_1_316' title='bbox 3222 693 3324 749; x_wconf 86' lang='lat' dir='ltr'><strong>sibi</strong></span> <span class='ocrx_word' id='word_1_317' title='bbox 3378 693 3587 750; x_wconf 87' lang='lat' dir='ltr'><strong>ascive-</strong></span> 
     </span>
    </p>
   </div>
   <div class='ocr_carea' id='block_1_49' title="bbox 2037 783 3299 856">
    <p class='ocr_par' dir='ltr' id='par_1_49' title="bbox 2037 783 3299 856">
     <span class='ocr_line' id='line_1_49' title="bbox 2037 783 3299 856; baseline -0.002 -16"><span class='ocrx_word' id='word_1_318' title='bbox 2037 796 2180 850; x_wconf 85' lang='lat' dir='ltr'><strong>rant,</strong></span> <span class='ocrx_word' id='word_1_319' title='bbox 2211 800 2305 855; x_wconf 87' lang='lat' dir='ltr'><strong>spe</strong></span> <span class='ocrx_word' id='word_1_320' title='bbox 2335 800 2478 841; x_wconf 67' lang='lat' dir='ltr'><strong>verte</strong></span> <span class='ocrx_word' id='word_1_321' title='bbox 2505 784 2692 840; x_wconf 87' lang='lat' dir='ltr'><strong>salutis</strong></span> <span class='ocrx_word' id='word_1_322' title='bbox 2723 783 2938 856; x_wconf 78' lang='lat' dir='ltr'><strong>penitus</strong></span> <span class='ocrx_word' id='word_1_323' title='bbox 2967 785 3299 840; x_wconf 80' lang='lat' dir='ltr'><strong>exciderunt.</strong></span> 
     </span>
    </p>
   </div>
   <div class='ocr_carea' id='block_1_50' title="bbox 2581 896 3053 954">
    <p class='ocr_par' dir='ltr' id='par_1_50' title="bbox 2581 896 3053 954">
     <span class='ocr_line' id='line_1_50' title="bbox 2581 896 3053 954; baseline -0.004 -1"><span class='ocrx_word' id='word_1_324' title='bbox 2581 897 2805 954; x_wconf 81' lang='lat' dir='ltr'><strong>CAPUT</strong></span> <span class='ocrx_word' id='word_1_325' title='bbox 2844 896 3053 952; x_wconf 75' lang='lat' dir='ltr'><strong>XXVII.</strong></span> 
     </span>
    </p>
   </div>
   <div class='ocr_carea' id='block_1_51' title="bbox 2453 989 3166 1045">
    <p class='ocr_par' dir='ltr' id='par_1_51' title="bbox 2453 989 3166 1045">
     <span class='ocr_line' id='line_1_51' title="bbox 2453 989 3166 1045; baseline 0 -2"><span class='ocrx_word' id='word_1_326' title='bbox 2453 990 2526 1044; x_wconf 79' lang='lat' dir='ltr'><strong>De</strong></span> <span class='ocrx_word' id='word_1_327' title='bbox 2556 989 2924 1045; x_wconf 76' lang='lat' dir='ltr'><strong>Ebionworum</strong></span> <span class='ocrx_word' id='word_1_328' title='bbox 2961 990 3166 1044; x_wconf 68' lang='lat' dir='ltr'><strong>haeresi.</strong></span> 
     </span>
    </p>
   </div>
   <div class='ocr_carea' id='block_1_52' title="bbox 2105 1079 3586 1152">
    <p class='ocr_par' dir='ltr' id='par_1_52' title="bbox 2105 1079 3586 1152">
     <span class='ocr_line' id='line_1_52' title="bbox 2105 1079 3586 1152; baseline 0.001 -17"><span class='ocrx_word' id='word_1_329' title='bbox 2105 1079 2254 1138; x_wconf 90' lang='lat' dir='ltr'><strong>Alios</strong></span> <span class='ocrx_word' id='word_1_330' title='bbox 2285 1096 2414 1137; x_wconf 88' lang='lat' dir='ltr'><strong>vero</strong></span> <span class='ocrx_word' id='word_1_331' title='bbox 2445 1097 2582 1152; x_wconf 91' lang='lat' dir='ltr'><strong>quos</strong></span> <span class='ocrx_word' id='word_1_332' title='bbox 2625 1082 2694 1135; x_wconf 90' lang='lat' dir='ltr'><strong>ab</strong></span> <span class='ocrx_word' id='word_1_333' title='bbox 2715 1095 2899 1136; x_wconf 86' lang='lat' dir='ltr'><strong>amore</strong></span> <span class='ocrx_word' id='word_1_334' title='bbox 2922 1079 3120 1136; x_wconf 86' lang='lat' dir='ltr'><strong>Christi</strong></span> <span class='ocrx_word' id='word_1_335' title='bbox 3163 1081 3423 1152; x_wconf 88' lang='lat' dir='ltr'><strong>malignus</strong></span> <span class='ocrx_word' id='word_1_336' title='bbox 3477 1082 3586 1137; x_wconf 68' lang='lat' dir='ltr'><strong>dae-</strong></span> 
     </span>
    </p>
   </div>
   <div class='ocr_carea' id='block_1_53' title="bbox 2036 1171 3586 1242">
    <p class='ocr_par' dir='ltr' id='par_1_53' title="bbox 2036 1171 3586 1242">
     <span class='ocr_line' id='line_1_53' title="bbox 2036 1171 3586 1242; baseline 0.001 -16"><span class='ocrx_word' id='word_1_337' title='bbox 2036 1187 2161 1226; x_wconf 89' lang='lat' dir='ltr'><strong>mon</strong></span> <span class='ocrx_word' id='word_1_338' title='bbox 2189 1172 2462 1227; x_wconf 85' lang='lat' dir='ltr'><strong>dimovere</strong></span> <span class='ocrx_word' id='word_1_339' title='bbox 2491 1187 2597 1227; x_wconf 94' lang='lat' dir='ltr'><strong>non</strong></span> <span class='ocrx_word' id='word_1_340' title='bbox 2627 1180 2894 1242; x_wconf 88' lang='lat' dir='ltr'><strong>potuerat,</strong></span> <span class='ocrx_word' id='word_1_341' title='bbox 2931 1171 3036 1238; x_wconf 79' lang='lat' dir='ltr'><strong>alia</strong></span> <span class='ocrx_word' id='word_1_342' title='bbox 3070 1186 3135 1226; x_wconf 81' lang='lat' dir='ltr'><strong>ex</strong></span> <span class='ocrx_word' id='word_1_343' title='bbox 3162 1181 3308 1241; x_wconf 91' lang='lat' dir='ltr'><strong>parte</strong></span> <span class='ocrx_word' id='word_1_344' title='bbox 3344 1171 3586 1227; x_wconf 84' lang='lat' dir='ltr'><strong>infirmos</strong></span> 
     </span>
    </p>
   </div>
   <div class='ocr_carea' id='block_1_54' title="bbox 2035 1262 3584 1332">
    <p class='ocr_par' dir='ltr' id='par_1_54' title="bbox 2035 1262 3584 1332">
     <span class='ocr_line' id='line_1_54' title="bbox 2035 1262 3584 1332; baseline 0 -14"><span class='ocrx_word' id='word_1_345' title='bbox 2035 1277 2156 1318; x_wconf 91' lang='lat' dir='ltr'><strong>esse</strong></span> <span class='ocrx_word' id='word_1_346' title='bbox 2196 1263 2629 1332; x_wconf 87' lang='lat' dir='ltr'><strong>deprehendens,</strong></span> <span class='ocrx_word' id='word_1_347' title='bbox 2668 1263 2721 1315; x_wconf 88' lang='lat' dir='ltr'><strong>in</strong></span> <span class='ocrx_word' id='word_1_348' title='bbox 2774 1262 3028 1317; x_wconf 88' lang='lat' dir='ltr'><strong>ditionem</strong></span> <span class='ocrx_word' id='word_1_349' title='bbox 3062 1278 3213 1317; x_wconf 85' lang='lat' dir='ltr'><strong>suam</strong></span> <span class='ocrx_word' id='word_1_350' title='bbox 3248 1262 3468 1332; x_wconf 79' lang='lat' dir='ltr'><strong>redegit.</strong></span> <span class='ocrx_word' id='word_1_351' title='bbox 3522 1264 3584 1318; x_wconf 88' lang='lat' dir='ltr'><strong>lli</strong></span> 
     </span>
    </p>
   </div>
   <div class='ocr_carea' id='block_1_55' title="bbox 2033 1355 3583 1430">
    <p class='ocr_par' dir='ltr' id='par_1_55' title="bbox 2033 1355 3583 1430">
     <span class='ocr_line' id='line_1_55' title="bbox 2033 1355 3583 1430; baseline -0.001 -18"><span class='ocrx_word' id='word_1_352' title='bbox 2033 1359 2101 1413; x_wconf 90' lang='lat' dir='ltr'><strong>ab</strong></span> <span class='ocrx_word' id='word_1_353' title='bbox 2129 1358 2367 1430; x_wconf 84' lang='lat' dir='ltr'><strong>antiquis</strong></span> <span class='ocrx_word' id='word_1_354' title='bbox 2405 1355 2772 1428; x_wconf 78' lang='lat' dir='ltr'><strong>cognominati</strong></span> <span class='ocrx_word' id='word_1_355' title='bbox 2799 1366 2923 1411; x_wconf 89' lang='lat' dir='ltr'><strong>sunt</strong></span> <span class='ocrx_word' id='word_1_356' title='bbox 2953 1355 3190 1412; x_wconf 79' lang='lat' dir='ltr'><strong>Ebiomei</strong></span> <span class='ocrx_word' id='word_1_357' title='bbox 3218 1395 3235 1419; x_wconf 94' lang='lat'><strong>,</strong></span> <span class='ocrx_word' id='word_1_358' title='bbox 3268 1357 3465 1426; x_wconf 88' lang='lat' dir='ltr'><strong>quippe</strong></span> <span class='ocrx_word' id='word_1_359' title='bbox 3496 1360 3583 1425; x_wconf 88' lang='lat' dir='ltr'><strong>qui</strong></span> 
     </span>
    </p>
   </div>
   <div class='ocr_carea' id='block_1_56' title="bbox 2034 1451 3587 1524">
    <p class='ocr_par' dir='ltr' id='par_1_56' title="bbox 2034 1451 3587 1524">
     <span class='ocr_line' id='line_1_56' title="bbox 2034 1451 3587 1524; baseline -0.003 -14"><span class='ocrx_word' id='word_1_360' title='bbox 2034 1455 2307 1510; x_wconf 85' lang='lat' dir='ltr'><strong>humiliter</strong></span> <span class='ocrx_word' id='word_1_361' title='bbox 2334 1453 2620 1508; x_wconf 83' lang='lat' dir='ltr'><strong>admodum</strong></span> <span class='ocrx_word' id='word_1_362' title='bbox 2649 1461 2809 1523; x_wconf 87' lang='lat' dir='ltr'><strong>atque</strong></span> <span class='ocrx_word' id='word_1_363' title='bbox 2838 1451 3051 1524; x_wconf 86' lang='lat' dir='ltr'><strong>abjecte</strong></span> <span class='ocrx_word' id='word_1_364' title='bbox 3080 1453 3146 1508; x_wconf 92' lang='lat' dir='ltr'><strong>de</strong></span> <span class='ocrx_word' id='word_1_365' title='bbox 3183 1452 3396 1508; x_wconf 87' lang='lat' dir='ltr'><strong>Christo</strong></span> <span class='ocrx_word' id='word_1_366' title='bbox 3424 1454 3587 1508; x_wconf 82' lang='lat' dir='ltr'><strong>senti-</strong></span> 
     </span>
    </p>
   </div>
   <div class='ocr_carea' id='block_1_57' title="bbox 2036 1544 3585 1616">
    <p class='ocr_par' dir='ltr' id='par_1_57' title="bbox 2036 1544 3585 1616">
     <span class='ocr_line' id='line_1_57' title="bbox 2036 1544 3585 1616; baseline -0.005 -13"><span class='ocrx_word' id='word_1_367' title='bbox 2036 1556 2173 1603; x_wconf 91' lang='lat' dir='ltr'><strong>rent.</strong></span> <span class='ocrx_word' id='word_1_368' title='bbox 2212 1547 2343 1601; x_wconf 88' lang='lat' dir='ltr'><strong>Eum</strong></span> <span class='ocrx_word' id='word_1_369' title='bbox 2371 1546 2516 1600; x_wconf 88' lang='lat' dir='ltr'><strong>enim</strong></span> <span class='ocrx_word' id='word_1_370' title='bbox 2551 1544 2849 1614; x_wconf 85' lang='lat' dir='ltr'><strong>simplicem</strong></span> <span class='ocrx_word' id='word_1_371' title='bbox 2876 1559 2940 1600; x_wconf 92' lang='lat' dir='ltr'><strong>ac</strong></span> <span class='ocrx_word' id='word_1_372' title='bbox 2969 1545 3270 1616; x_wconf 82' lang='lat' dir='ltr'><strong>vulgarem.</strong></span> <span class='ocrx_word' id='word_1_373' title='bbox 3305 1559 3406 1600; x_wconf 91' lang='lat' dir='ltr'><strong>nec</strong></span> <span class='ocrx_word' id='word_1_374' title='bbox 3443 1545 3585 1598; x_wconf 87' lang='lat' dir='ltr'><strong>aliud</strong></span> 
     </span>
    </p>
   </div>
   <div class='ocr_carea' id='block_1_58' title="bbox 2033 1633 3583 1707">
    <p class='ocr_par' dir='ltr' id='par_1_58' title="bbox 2033 1633 3583 1707">
     <span class='ocr_line' id='line_1_58' title="bbox 2033 1633 3583 1707; baseline -0.003 -16"><span class='ocrx_word' id='word_1_375' title='bbox 2033 1653 2191 1707; x_wconf 87' lang='lat' dir='ltr'><strong>quam</strong></span> <span class='ocrx_word' id='word_1_376' title='bbox 2217 1636 2488 1692; x_wconf 89' lang='lat' dir='ltr'><strong>hominem</strong></span> <span class='ocrx_word' id='word_1_377' title='bbox 2514 1648 2633 1690; x_wconf 90' lang='lat' dir='ltr'><strong>esse</strong></span> <span class='ocrx_word' id='word_1_378' title='bbox 2649 1633 2968 1698; x_wconf 87' lang='lat' dir='ltr'><strong>censebant,</strong></span> <span class='ocrx_word' id='word_1_379' title='bbox 2993 1634 3084 1704; x_wconf 92' lang='lat' dir='ltr'><strong>qui</strong></span> <span class='ocrx_word' id='word_1_380' title='bbox 3117 1635 3359 1704; x_wconf 88' lang='lat' dir='ltr'><strong>profectu</strong></span> <span class='ocrx_word' id='word_1_381' title='bbox 3409 1635 3583 1689; x_wconf 87' lang='lat' dir='ltr'><strong>virtu-</strong></span> 
     </span>
    </p>
   </div>
   <div class='ocr_carea' id='block_1_59' title="bbox 2033 1726 3589 1800">
    <p class='ocr_par' dir='ltr' id='par_1_59' title="bbox 2033 1726 3589 1800">
     <span class='ocr_line' id='line_1_59' title="bbox 2033 1726 3589 1800; baseline -0.003 -17"><span class='ocrx_word' id='word_1_382' title='bbox 2033 1731 2099 1784; x_wconf 88' lang='lat' dir='ltr'><strong>tis</strong></span> <span class='ocrx_word' id='word_1_383' title='bbox 2128 1729 2312 1800; x_wconf 90' lang='lat' dir='ltr'><strong>justus</strong></span> <span class='ocrx_word' id='word_1_384' title='bbox 2337 1728 2510 1783; x_wconf 87' lang='lat' dir='ltr'><strong>factus</strong></span> <span class='ocrx_word' id='word_1_385' title='bbox 2539 1726 2728 1782; x_wconf 91' lang='lat' dir='ltr'><strong>fuisset</strong></span> <span class='ocrx_word' id='word_1_386' title='bbox 2756 1743 2770 1792; x_wconf 90' lang='lat'><strong>;</strong></span> <span class='ocrx_word' id='word_1_387' title='bbox 2809 1737 3063 1782; x_wconf 69' lang='lat' dir='ltr'><strong>caaterum</strong></span> <span class='ocrx_word' id='word_1_388' title='bbox 3104 1740 3167 1780; x_wconf 84' lang='lat' dir='ltr'><strong>ex</strong></span> <span class='ocrx_word' id='word_1_389' title='bbox 3197 1727 3297 1781; x_wconf 90' lang='lat' dir='ltr'><strong>viri</strong></span> <span class='ocrx_word' id='word_1_390' title='bbox 3327 1743 3450 1781; x_wconf 90' lang='lat' dir='ltr'><strong>cum</strong></span> <span class='ocrx_word' id='word_1_391' title='bbox 3483 1727 3589 1780; x_wconf 87' lang='lat' dir='ltr'><strong>Ma-</strong></span> 
     </span>
    </p>
   </div>
   <div class='ocr_carea' id='block_1_60' title="bbox 2033 1818 3583 1890">
    <p class='ocr_par' dir='ltr' id='par_1_60' title="bbox 2033 1818 3583 1890">
     <span class='ocr_line' id='line_1_60' title="bbox 2033 1818 3583 1890; baseline -0.002 -15"><span class='ocrx_word' id='word_1_392' title='bbox 2033 1824 2112 1875; x_wconf 90' lang='lat' dir='ltr'><strong>ria</strong></span> <span class='ocrx_word' id='word_1_393' title='bbox 2137 1821 2429 1876; x_wconf 86' lang='lat' dir='ltr'><strong>concubitu</strong></span> <span class='ocrx_word' id='word_1_394' title='bbox 2484 1829 2852 1890; x_wconf 87' lang='lat' dir='ltr'><strong>procreatum.</strong></span> <span class='ocrx_word' id='word_1_395' title='bbox 2891 1819 3061 1874; x_wconf 90' lang='lat' dir='ltr'><strong>Porro</strong></span> <span class='ocrx_word' id='word_1_396' title='bbox 3091 1818 3225 1889; x_wconf 88' lang='lat' dir='ltr'><strong>legis</strong></span> <span class='ocrx_word' id='word_1_397' title='bbox 3249 1819 3583 1874; x_wconf 88' lang='lat' dir='ltr'><strong>observatio-</strong></span> 
     </span>
    </p>
   </div>
   <div class='ocr_carea' id='block_1_61' title="bbox 2032 1903 3586 1980">
    <p class='ocr_par' dir='ltr' id='par_1_61' title="bbox 2032 1903 3586 1980">
     <span class='ocr_line' id='line_1_61' title="bbox 2032 1903 3586 1980; baseline -0.003 -12"><span class='ocrx_word' id='word_1_398' title='bbox 2032 1929 2150 1969; x_wconf 87' lang='lat' dir='ltr'><strong>nem</strong></span> <span class='ocrx_word' id='word_1_399' title='bbox 2174 1913 2275 1969; x_wconf 90' lang='lat' dir='ltr'><strong>sibi</strong></span> <span class='ocrx_word' id='word_1_400' title='bbox 2303 1913 2522 1967; x_wconf 92' lang='lat' dir='ltr'><strong>omnino</strong></span> <span class='ocrx_word' id='word_1_401' title='bbox 2556 1903 2922 1966; x_wconf 85' lang='lat' dir='ltr'><strong>necessariam</strong></span> <span class='ocrx_word' id='word_1_402' title='bbox 2976 1909 3265 1976; x_wconf 84' lang='lat' dir='ltr'><strong>ducebant,</strong></span> <span class='ocrx_word' id='word_1_403' title='bbox 3310 1909 3461 1978; x_wconf 84' lang='lat' dir='ltr'><strong>quasi</strong></span> <span class='ocrx_word' id='word_1_404' title='bbox 3492 1925 3586 1980; x_wconf 91' lang='lat' dir='ltr'><strong>per</strong></span> 
     </span>
    </p>
   </div>
   <div class='ocr_carea' id='block_1_62' title="bbox 2031 1990 3584 2072">
    <p class='ocr_par' dir='ltr' id='par_1_62' title="bbox 2031 1990 3584 2072">
     <span class='ocr_line' id='line_1_62' title="bbox 2031 1990 3584 2072; baseline -0.003 -13"><span class='ocrx_word' id='word_1_405' title='bbox 2031 2005 2197 2060; x_wconf 84' lang='lat' dir='ltr'><strong>solam</strong></span> <span class='ocrx_word' id='word_1_406' title='bbox 2225 2005 2280 2058; x_wconf 90' lang='lat' dir='ltr'><strong>in</strong></span> <span class='ocrx_word' id='word_1_407' title='bbox 2311 2002 2584 2058; x_wconf 88' lang='lat' dir='ltr'><strong>Christum</strong></span> <span class='ocrx_word' id='word_1_408' title='bbox 2618 1990 2800 2068; x_wconf 83' lang='lat' dir='ltr'><strong>ﬁdem,</strong></span> <span class='ocrx_word' id='word_1_409' title='bbox 2845 2003 3117 2072; x_wconf 89' lang='lat' dir='ltr'><strong>vitamque</strong></span> <span class='ocrx_word' id='word_1_410' title='bbox 3145 2017 3211 2058; x_wconf 80' lang='lat' dir='ltr'><strong>ex</strong></span> <span class='ocrx_word' id='word_1_411' title='bbox 3245 2016 3308 2056; x_wconf 91' lang='lat' dir='ltr'><strong>ea</strong></span> <span class='ocrx_word' id='word_1_412' title='bbox 3345 2001 3447 2057; x_wconf 81' lang='lat' dir='ltr'><strong>[ide</strong></span> <span class='ocrx_word' id='word_1_413' title='bbox 3477 2009 3584 2055; x_wconf 90' lang='lat' dir='ltr'><strong>tra-</strong></span> 
     </span>
    </p>
   </div>
   <div class='ocr_carea' id='block_1_63' title="bbox 2031 2093 3584 2165">
    <p class='ocr_par' dir='ltr' id='par_1_63' title="bbox 2031 2093 3584 2165">
     <span class='ocr_line' id='line_1_63' title="bbox 2031 2093 3584 2165; baseline -0.003 -14"><span class='ocrx_word' id='word_1_414' title='bbox 2031 2097 2268 2163; x_wconf 86' lang='lat' dir='ltr'><strong>ductam,</strong></span> <span class='ocrx_word' id='word_1_415' title='bbox 2293 2095 2519 2151; x_wconf 91' lang='lat' dir='ltr'><strong>salutem</strong></span> <span class='ocrx_word' id='word_1_416' title='bbox 2547 2094 2800 2165; x_wconf 91' lang='lat' dir='ltr'><strong>consequi</strong></span> <span class='ocrx_word' id='word_1_417' title='bbox 2830 2108 2934 2149; x_wconf 90' lang='lat' dir='ltr'><strong>non</strong></span> <span class='ocrx_word' id='word_1_418' title='bbox 2969 2094 3227 2150; x_wconf 84' lang='lat' dir='ltr'><strong>valerent.</strong></span> <span class='ocrx_word' id='word_1_419' title='bbox 3251 2093 3352 2148; x_wconf 86' lang='lat' dir='ltr'><strong>Alii</strong></span> <span class='ocrx_word' id='word_1_420' title='bbox 3385 2094 3454 2148; x_wconf 89' lang='lat' dir='ltr'><strong>ab</strong></span> <span class='ocrx_word' id='word_1_421' title='bbox 3479 2093 3584 2158; x_wconf 89' lang='lat' dir='ltr'><strong>his,</strong></span> 
     </span>
    </p>
   </div>
   <div class='ocr_carea' id='block_1_64' title="bbox 2032 2188 3587 2258">
    <p class='ocr_par' dir='ltr' id='par_1_64' title="bbox 2032 2188 3587 2258">
     <span class='ocr_line' id='line_1_64' title="bbox 2032 2188 3587 2258; baseline -0.003 -14"><span class='ocrx_word' id='word_1_422' title='bbox 2032 2191 2218 2245; x_wconf 91' lang='lat' dir='ltr'><strong>eodem</strong></span> <span class='ocrx_word' id='word_1_423' title='bbox 2247 2188 2464 2243; x_wconf 90' lang='lat' dir='ltr'><strong>nomine</strong></span> <span class='ocrx_word' id='word_1_424' title='bbox 2512 2188 2826 2256; x_wconf 84' lang='lat' dir='ltr'><strong>nuncupati,</strong></span> <span class='ocrx_word' id='word_1_425' title='bbox 2869 2189 3156 2243; x_wconf 88' lang='lat' dir='ltr'><strong>absurdam</strong></span> <span class='ocrx_word' id='word_1_426' title='bbox 3182 2191 3422 2258; x_wconf 84' lang='lat' dir='ltr'><strong>priorum</strong></span> <span class='ocrx_word' id='word_1_427' title='bbox 3458 2201 3587 2242; x_wconf 89' lang='lat' dir='ltr'><strong>sen-</strong></span> 
     </span>
    </p>
   </div>
   <div class='ocr_carea' id='block_1_65' title="bbox 2034 2277 3583 2351">
    <p class='ocr_par' dir='ltr' id='par_1_65' title="bbox 2034 2277 3583 2351">
     <span class='ocr_line' id='line_1_65' title="bbox 2034 2277 3583 2351; baseline -0.002 -14"><span class='ocrx_word' id='word_1_428' title='bbox 2034 2283 2256 2337; x_wconf 88' lang='lat' dir='ltr'><strong>tentiam</strong></span> <span class='ocrx_word' id='word_1_429' title='bbox 2291 2280 2638 2350; x_wconf 80' lang='lat' dir='ltr'><strong>refugientes,</strong></span> <span class='ocrx_word' id='word_1_430' title='bbox 2664 2279 2936 2336; x_wconf 87' lang='lat' dir='ltr'><strong>Christum</strong></span> <span class='ocrx_word' id='word_1_431' title='bbox 2968 2281 3184 2351; x_wconf 90' lang='lat' dir='ltr'><strong>quidem</strong></span> <span class='ocrx_word' id='word_1_432' title='bbox 3211 2295 3277 2336; x_wconf 81' lang='lat' dir='ltr'><strong>ex</strong></span> <span class='ocrx_word' id='word_1_433' title='bbox 3321 2277 3543 2349; x_wconf 80' lang='lat' dir='ltr'><strong>Virgine</strong></span> <span class='ocrx_word' id='word_1_434' title='bbox 3567 2317 3583 2343; x_wconf 91' lang='lat'><strong>,</strong></span> 
     </span>
    </p>
   </div>
   <div class='ocr_carea' id='block_1_66' title="bbox 2033 2370 3585 2443">
    <p class='ocr_par' dir='ltr' id='par_1_66' title="bbox 2033 2370 3585 2443">
     <span class='ocr_line' id='line_1_66' title="bbox 2033 2370 3585 2443; baseline -0.004 -14"><span class='ocrx_word' id='word_1_435' title='bbox 2033 2384 2084 2429; x_wconf 82' lang='lat' dir='ltr'><strong>et</strong></span> <span class='ocrx_word' id='word_1_436' title='bbox 2107 2390 2169 2428; x_wconf 83' lang='lat' dir='ltr'><strong>ex</strong></span> <span class='ocrx_word' id='word_1_437' title='bbox 2203 2372 2402 2443; x_wconf 88' lang='lat' dir='ltr'><strong>Spiritu</strong></span> <span class='ocrx_word' id='word_1_438' title='bbox 2431 2381 2615 2428; x_wconf 88' lang='lat' dir='ltr'><strong>sancto</strong></span> <span class='ocrx_word' id='word_1_439' title='bbox 2649 2371 2886 2441; x_wconf 88' lang='lat' dir='ltr'><strong>genitum</strong></span> <span class='ocrx_word' id='word_1_440' title='bbox 2942 2386 3061 2426; x_wconf 88' lang='lat' dir='ltr'><strong>esse</strong></span> <span class='ocrx_word' id='word_1_441' title='bbox 3092 2385 3196 2426; x_wconf 90' lang='lat' dir='ltr'><strong>non</strong></span> <span class='ocrx_word' id='word_1_442' title='bbox 3230 2378 3459 2441; x_wconf 89' lang='lat' dir='ltr'><strong>negant:</strong></span> <span class='ocrx_word' id='word_1_443' title='bbox 3492 2370 3585 2424; x_wconf 86' lang='lat' dir='ltr'><strong>sed</strong></span> 
     </span>
    </p>
   </div>
   <div class='ocr_carea' id='block_1_67' title="bbox 2034 2460 3588 2532">
    <p class='ocr_par' dir='ltr' id='par_1_67' title="bbox 2034 2460 3588 2532">
     <span class='ocr_line' id='line_1_67' title="bbox 2034 2460 3588 2532; baseline -0.004 -14"><span class='ocrx_word' id='word_1_444' title='bbox 2034 2465 2196 2519; x_wconf 90' lang='lat' dir='ltr'><strong>iidcm</strong></span> <span class='ocrx_word' id='word_1_445' title='bbox 2223 2463 2573 2518; x_wconf 88' lang='lat' dir='ltr'><strong>nihilominus</strong></span> <span class='ocrx_word' id='word_1_446' title='bbox 2601 2477 2722 2517; x_wconf 90' lang='lat' dir='ltr'><strong>cum</strong></span> <span class='ocrx_word' id='word_1_447' title='bbox 2751 2462 3022 2518; x_wconf 88' lang='lat' dir='ltr'><strong>Christum</strong></span> <span class='ocrx_word' id='word_1_448' title='bbox 3050 2470 3233 2532; x_wconf 87' lang='lat' dir='ltr'><strong>utpote</strong></span> <span class='ocrx_word' id='word_1_449' title='bbox 3261 2461 3424 2516; x_wconf 87' lang='lat' dir='ltr'><strong>Deum</strong></span> <span class='ocrx_word' id='word_1_450' title='bbox 3451 2460 3588 2516; x_wconf 84' lang='lat' dir='ltr'><strong>Ver-</strong></span> 
     </span>
    </p>
   </div>
   <div class='ocr_carea' id='block_1_68' title="bbox 2035 2551 3586 2624">
    <p class='ocr_par' dir='ltr' id='par_1_68' title="bbox 2035 2551 3586 2624">
     <span class='ocr_line' id='line_1_68' title="bbox 2035 2551 3586 2624; baseline -0.003 -14"><span class='ocrx_word' id='word_1_451' title='bbox 2035 2555 2157 2610; x_wconf 92' lang='lat' dir='ltr'><strong>bum</strong></span> <span class='ocrx_word' id='word_1_452' title='bbox 2197 2570 2257 2609; x_wconf 87' lang='lat' dir='ltr'><strong>ac</strong></span> <span class='ocrx_word' id='word_1_453' title='bbox 2282 2553 2614 2624; x_wconf 87' lang='lat' dir='ltr'><strong>Sapientiam</strong></span> <span class='ocrx_word' id='word_1_454' title='bbox 2639 2555 2820 2610; x_wconf 88' lang='lat' dir='ltr'><strong>Patris</strong></span> <span class='ocrx_word' id='word_1_455' title='bbox 2868 2562 2998 2608; x_wconf 89' lang='lat' dir='ltr'><strong>ante</strong></span> <span class='ocrx_word' id='word_1_456' title='bbox 3045 2553 3229 2607; x_wconf 78' lang='lat' dir='ltr'><strong>omnia</strong></span> <span class='ocrx_word' id='word_1_457' title='bbox 3279 2551 3586 2607; x_wconf 82' lang='lat' dir='ltr'><strong>substitisse</strong></span> 
     </span>
    </p>
   </div>
   <div class='ocr_carea' id='block_1_69' title="bbox 2033 2643 3584 2714">
    <p class='ocr_par' dir='ltr' id='par_1_69' title="bbox 2033 2643 3584 2714">
     <span class='ocr_line' id='line_1_69' title="bbox 2033 2643 3584 2714; baseline -0.001 -14"><span class='ocrx_word' id='word_1_458' title='bbox 2033 2645 2252 2700; x_wconf 90' lang='lat' dir='ltr'><strong>minime</strong></span> <span class='ocrx_word' id='word_1_459' title='bbox 2281 2644 2570 2710; x_wconf 83' lang='lat' dir='ltr'><strong>fateantur,</strong></span> <span class='ocrx_word' id='word_1_460' title='bbox 2593 2647 2646 2701; x_wconf 92' lang='lat' dir='ltr'><strong>in</strong></span> <span class='ocrx_word' id='word_1_461' title='bbox 2671 2646 2911 2701; x_wconf 87' lang='lat' dir='ltr'><strong>eamdem</strong></span> <span class='ocrx_word' id='word_1_462' title='bbox 2942 2660 3063 2700; x_wconf 91' lang='lat' dir='ltr'><strong>cum</strong></span> <span class='ocrx_word' id='word_1_463' title='bbox 3093 2643 3363 2714; x_wconf 91' lang='lat' dir='ltr'><strong>prioribus</strong></span> <span class='ocrx_word' id='word_1_464' title='bbox 3395 2643 3584 2712; x_wconf 85' lang='lat' dir='ltr'><strong>impie-</strong></span> 
     </span>
    </p>
   </div>
   <div class='ocr_carea' id='block_1_70' title="bbox 2037 2734 3586 2807">
    <p class='ocr_par' dir='ltr' id='par_1_70' title="bbox 2037 2734 3586 2807">
     <span class='ocr_line' id='line_1_70' title="bbox 2037 2734 3586 2807; baseline -0.001 -17"><span class='ocrx_word' id='word_1_465' title='bbox 2037 2747 2198 2791; x_wconf 87' lang='lat' dir='ltr'><strong>tatem</strong></span> <span class='ocrx_word' id='word_1_466' title='bbox 2228 2737 2430 2807; x_wconf 88' lang='lat' dir='ltr'><strong>delapsi</strong></span> <span class='ocrx_word' id='word_1_467' title='bbox 2463 2745 2587 2793; x_wconf 88' lang='lat' dir='ltr'><strong>sunt</strong></span> <span class='ocrx_word' id='word_1_468' title='bbox 2620 2756 2636 2793; x_wconf 88' lang='lat'><strong>:</strong></span> <span class='ocrx_word' id='word_1_469' title='bbox 2673 2751 2794 2791; x_wconf 90' lang='lat' dir='ltr'><strong>cum</strong></span> <span class='ocrx_word' id='word_1_470' title='bbox 2823 2735 3121 2806; x_wconf 67' lang='lat' dir='ltr'><strong>praesertim</strong></span> <span class='ocrx_word' id='word_1_471' title='bbox 3149 2734 3460 2806; x_wconf 84' lang='lat' dir='ltr'><strong>corporales</strong></span> <span class='ocrx_word' id='word_1_472' title='bbox 3505 2735 3586 2789; x_wconf 89' lang='lat' dir='ltr'><strong>Ie-</strong></span> 
     </span>
    </p>
   </div>
   <div class='ocr_carea' id='block_1_71' title="bbox 2034 2827 3588 2900">
    <p class='ocr_par' dir='ltr' id='par_1_71' title="bbox 2034 2827 3588 2900">
     <span class='ocr_line' id='line_1_71' title="bbox 2034 2827 3588 2900; baseline -0.001 -18"><span class='ocrx_word' id='word_1_473' title='bbox 2034 2830 2114 2900; x_wconf 85' lang='lat' dir='ltr'><strong>gis</strong></span> <span class='ocrx_word' id='word_1_474' title='bbox 2141 2829 2385 2884; x_wconf 81' lang='lat' dir='ltr'><strong>Mosaicae</strong></span> <span class='ocrx_word' id='word_1_475' title='bbox 2430 2830 2805 2898; x_wconf 63' lang='lat' dir='ltr'><strong>cmremonias,</strong></span> <span class='ocrx_word' id='word_1_476' title='bbox 2842 2828 3066 2899; x_wconf 89' lang='lat' dir='ltr'><strong>perinde</strong></span> <span class='ocrx_word' id='word_1_477' title='bbox 3108 2843 3171 2883; x_wconf 91' lang='lat' dir='ltr'><strong>ac</strong></span> <span class='ocrx_word' id='word_1_478' title='bbox 3224 2827 3298 2882; x_wconf 92' lang='lat' dir='ltr'><strong>illi</strong></span> <span class='ocrx_word' id='word_1_479' title='bbox 3339 2834 3588 2884; x_wconf 89' lang='lat' dir='ltr'><strong>accurate</strong></span> 
     </span>
    </p>
   </div>
   <div class='ocr_carea' id='block_1_72' title="bbox 2035 2918 3589 2998">
    <p class='ocr_par' dir='ltr' id='par_1_72' title="bbox 2035 2918 3589 2998">
     <span class='ocr_line' id='line_1_72' title="bbox 2035 2918 3589 2998; baseline -0.001 -24"><span class='ocrx_word' id='word_1_480' title='bbox 2035 2921 2360 2975; x_wconf 89' lang='lat' dir='ltr'><strong>custodiant.</strong></span> <span class='ocrx_word' id='word_1_481' title='bbox 2419 2919 2484 2974; x_wconf 84' lang='lat' dir='ltr'><strong>Hi</strong></span> <span class='ocrx_word' id='word_1_482' title='bbox 2547 2918 2815 2988; x_wconf 85' lang='lat' dir='ltr'><strong>Epistolas</strong></span> <span class='ocrx_word' id='word_1_483' title='bbox 2872 2922 3085 2990; x_wconf 89' lang='lat' dir='ltr'><strong>quidem</strong></span> <span class='ocrx_word' id='word_1_484' title='bbox 3151 2921 3300 2976; x_wconf 81' lang='lat' dir='ltr'><strong>Pauli</strong></span> <span class='ocrx_word' id='word_1_485' title='bbox 3365 2935 3589 2998; x_wconf 80' lang='lat' dir='ltr'><strong>prorsus</strong></span> 
     </span>
    </p>
   </div>
   <div class='ocr_carea' id='block_1_73' title="bbox 2036 3011 3591 3081">
    <p class='ocr_par' dir='ltr' id='par_1_73' title="bbox 2036 3011 3591 3081">
     <span class='ocr_line' id='line_1_73' title="bbox 2036 3011 3591 3081; baseline 0 -15"><span class='ocrx_word' id='word_1_486' title='bbox 2036 3012 2358 3081; x_wconf 86' lang='lat' dir='ltr'><strong>rejiciendas</strong></span> <span class='ocrx_word' id='word_1_487' title='bbox 2389 3028 2509 3070; x_wconf 89' lang='lat' dir='ltr'><strong>esse</strong></span> <span class='ocrx_word' id='word_1_488' title='bbox 2543 3016 2863 3079; x_wconf 83' lang='lat' dir='ltr'><strong>censebant,</strong></span> <span class='ocrx_word' id='word_1_489' title='bbox 2899 3015 3226 3070; x_wconf 90' lang='lat' dir='ltr'><strong>desertorem</strong></span> <span class='ocrx_word' id='word_1_490' title='bbox 3263 3011 3412 3070; x_wconf 91' lang='lat' dir='ltr'><strong>illum</strong></span> <span class='ocrx_word' id='word_1_491' title='bbox 3456 3011 3591 3080; x_wconf 87' lang='lat' dir='ltr'><strong>legis</strong></span> 
     </span>
    </p>
   </div>
   <div class='ocr_carea' id='block_1_74' title="bbox 2037 3104 3591 3176">
    <p class='ocr_par' dir='ltr' id='par_1_74' title="bbox 2037 3104 3591 3176">
     <span class='ocr_line' id='line_1_74' title="bbox 2037 3104 3591 3176; baseline -0.001 -18"><span class='ocrx_word' id='word_1_492' title='bbox 2037 3114 2287 3160; x_wconf 86' lang='lat' dir='ltr'><strong>vocantes</strong></span> <span class='ocrx_word' id='word_1_493' title='bbox 2321 3107 2523 3161; x_wconf 90' lang='lat' dir='ltr'><strong>:solum</strong></span> <span class='ocrx_word' id='word_1_494' title='bbox 2553 3117 2732 3163; x_wconf 88' lang='lat' dir='ltr'><strong>autem</strong></span> <span class='ocrx_word' id='word_1_495' title='bbox 2763 3106 3104 3176; x_wconf 78' lang='lat' dir='ltr'><strong>Evangelium</strong></span> <span class='ocrx_word' id='word_1_496' title='bbox 3134 3104 3295 3170; x_wconf 92' lang='lat' dir='ltr'><strong>illud,</strong></span> <span class='ocrx_word' id='word_1_497' title='bbox 3341 3105 3480 3174; x_wconf 91' lang='lat' dir='ltr'><strong>quod</strong></span> <span class='ocrx_word' id='word_1_498' title='bbox 3512 3119 3591 3158; x_wconf 75' lang='grc' dir='ltr'>εε-</span> 
     </span>
    </p>
   </div>
   <div class='ocr_carea' id='block_1_75' title="bbox 2037 3196 3590 3267">
    <p class='ocr_par' dir='ltr' id='par_1_75' title="bbox 2037 3196 3590 3267">
     <span class='ocr_line' id='line_1_75' title="bbox 2037 3196 3590 3267; baseline -0.003 -15"><span class='ocrx_word' id='word_1_499' title='bbox 2037 3202 2265 3252; x_wconf 80' lang='lat' dir='ltr'><strong>cundum</strong></span> <span class='ocrx_word' id='word_1_500' title='bbox 2298 3198 2546 3254; x_wconf 68' lang='lat' dir='ltr'><strong>Hebraeos</strong></span> <span class='ocrx_word' id='word_1_501' title='bbox 2585 3199 2806 3266; x_wconf 87' lang='lat' dir='ltr'><strong>dicitur,</strong></span> <span class='ocrx_word' id='word_1_502' title='bbox 2844 3197 3117 3267; x_wconf 81' lang='lat' dir='ltr'><strong>amplexi.</strong></span> <span class='ocrx_word' id='word_1_503' title='bbox 3182 3197 3386 3265; x_wconf 88' lang='lat' dir='ltr'><strong>reliqua</strong></span> <span class='ocrx_word' id='word_1_504' title='bbox 3439 3196 3590 3266; x_wconf 89' lang='lat' dir='ltr'><strong>parvi</strong></span> 
     </span>
    </p>
   </div>
   <div class='ocr_carea' id='block_1_76' title="bbox 2039 3285 3593 3362">
    <p class='ocr_par' dir='ltr' id='par_1_76' title="bbox 2039 3285 3593 3362">
     <span class='ocr_line' id='line_1_76' title="bbox 2039 3285 3593 3362; baseline -0.003 -16"><span class='ocrx_word' id='word_1_505' title='bbox 2039 3290 2335 3346; x_wconf 87' lang='lat' dir='ltr'><strong>faciebant.</strong></span> <span class='ocrx_word' id='word_1_506' title='bbox 2370 3291 2435 3345; x_wconf 87' lang='lat' dir='ltr'><strong>Et</strong></span> <span class='ocrx_word' id='word_1_507' title='bbox 2457 3291 2752 3347; x_wconf 85' lang='lat' dir='ltr'><strong>Sabbatum</strong></span> <span class='ocrx_word' id='word_1_508' title='bbox 2783 3293 2998 3362; x_wconf 90' lang='lat' dir='ltr'><strong>quidem</strong></span> <span class='ocrx_word' id='word_1_509' title='bbox 3056 3289 3298 3358; x_wconf 87' lang='lat' dir='ltr'><strong>aliosque</strong></span> <span class='ocrx_word' id='word_1_510' title='bbox 3341 3285 3593 3342; x_wconf 81' lang='lat' dir='ltr'><strong>Judaicos</strong></span> 
     </span>
    </p>
   </div>
   <div class='ocr_carea' id='block_1_77' title="bbox 2039 3377 3593 3439">
    <p class='ocr_par' dir='ltr' id='par_1_77' title="bbox 2039 3377 3593 3439">
     <span class='ocr_line' id='line_1_77' title="bbox 2039 3377 3593 3439; baseline -0.004 -2"><span class='ocrx_word' id='word_1_511' title='bbox 2039 3383 2173 3438; x_wconf 88' lang='lat' dir='ltr'><strong>ritus</strong></span> <span class='ocrx_word' id='word_1_512' title='bbox 2194 3398 2300 3439; x_wconf 93' lang='lat' dir='ltr'><strong>non</strong></span> <span class='ocrx_word' id='word_1_513' title='bbox 2335 3397 2494 3437; x_wconf 86' lang='lat' dir='ltr'><strong>secus</strong></span> <span class='ocrx_word' id='word_1_514' title='bbox 2514 3397 2577 3438; x_wconf 89' lang='lat' dir='ltr'><strong>ac</strong></span> <span class='ocrx_word' id='word_1_515' title='bbox 2603 3381 2771 3438; x_wconf 67' lang='lat' dir='ltr'><strong>Judaei</strong></span> <span class='ocrx_word' id='word_1_516' title='bbox 2801 3383 3182 3438; x_wconf 84' lang='lat' dir='ltr'><strong>observabant.</strong></span> <span class='ocrx_word' id='word_1_517' title='bbox 3242 3377 3438 3434; x_wconf 90' lang='lat' dir='ltr'><strong>Diebus</strong></span> <span class='ocrx_word' id='word_1_518' title='bbox 3463 3391 3593 3432; x_wconf 78' lang='lat' dir='ltr'><strong>vero</strong></span> 
     </span>
    </p>
   </div>
   <div class='ocr_carea' id='block_1_78' title="bbox 2042 3473 3585 3544">
    <p class='ocr_par' dir='ltr' id='par_1_78' title="bbox 2042 3473 3585 3544">
     <span class='ocr_line' id='line_1_78' title="bbox 2042 3473 3585 3544; baseline -0.004 -16"><span class='ocrx_word' id='word_1_519' title='bbox 2042 3475 2329 3529; x_wconf 86' lang='lat' dir='ltr'><strong>Dominicis</strong></span> <span class='ocrx_word' id='word_1_520' title='bbox 2366 3475 2551 3529; x_wconf 86' lang='lat' dir='ltr'><strong>eadem</strong></span> <span class='ocrx_word' id='word_1_521' title='bbox 2586 3489 2704 3544; x_wconf 70' lang='lat' dir='ltr'><strong>quae</strong></span> <span class='ocrx_word' id='word_1_522' title='bbox 2737 3489 2836 3530; x_wconf 91' lang='lat' dir='ltr'><strong>nos</strong></span> <span class='ocrx_word' id='word_1_523' title='bbox 2885 3474 2937 3528; x_wconf 91' lang='lat' dir='ltr'><strong>in</strong></span> <span class='ocrx_word' id='word_1_524' title='bbox 2976 3473 3286 3528; x_wconf 90' lang='lat' dir='ltr'><strong>memoriam</strong></span> <span class='ocrx_word' id='word_1_525' title='bbox 3343 3483 3585 3523; x_wconf 87' lang='lat' dir='ltr'><strong>resurre-</strong></span> 
     </span>
    </p>
   </div>
   <div class='ocr_carea' id='block_1_79' title="bbox 2037 3558 3593 3637">
    <p class='ocr_par' dir='ltr' id='par_1_79' title="bbox 2037 3558 3593 3637">
     <span class='ocr_line' id='line_1_79' title="bbox 2037 3558 3593 3637; baseline -0.005 -17"><span class='ocrx_word' id='word_1_526' title='bbox 2037 3565 2235 3620; x_wconf 89' lang='lat' dir='ltr'><strong>ctionis</strong></span> <span class='ocrx_word' id='word_1_527' title='bbox 2263 3566 2470 3619; x_wconf 92' lang='lat' dir='ltr'><strong>Domini</strong></span> <span class='ocrx_word' id='word_1_528' title='bbox 2500 3567 2851 3637; x_wconf 87' lang='lat' dir='ltr'><strong>peragebant.</strong></span> <span class='ocrx_word' id='word_1_529' title='bbox 2883 3563 3051 3633; x_wconf 86' lang='lat' dir='ltr'><strong>Cujus</strong></span> <span class='ocrx_word' id='word_1_530' title='bbox 3103 3561 3178 3616; x_wconf 91' lang='lat' dir='ltr'><strong>rei</strong></span> <span class='ocrx_word' id='word_1_531' title='bbox 3229 3575 3390 3615; x_wconf 87' lang='lat' dir='ltr'><strong>causa</strong></span> <span class='ocrx_word' id='word_1_532' title='bbox 3434 3558 3593 3613; x_wconf 85' lang='lat' dir='ltr'><strong>Ebio-</strong></span> 
     </span>
    </p>
   </div>
   <div class='ocr_carea' id='block_1_80' title="bbox 2039 3651 3595 3728">
    <p class='ocr_par' dir='ltr' id='par_1_80' title="bbox 2039 3651 3595 3728">
     <span class='ocr_line' id='line_1_80' title="bbox 2039 3651 3595 3728; baseline -0.003 -20"><span class='ocrx_word' id='word_1_533' title='bbox 2039 3672 2272 3711; x_wconf 72' lang='lat' dir='ltr'><strong>umorum</strong></span> <span class='ocrx_word' id='word_1_534' title='bbox 2302 3672 2600 3728; x_wconf 84' lang='lat' dir='ltr'><strong>cognomen</strong></span> <span class='ocrx_word' id='word_1_535' title='bbox 2648 3657 2826 3714; x_wconf 91' lang='lat' dir='ltr'><strong>sortiti</strong></span> <span class='ocrx_word' id='word_1_536' title='bbox 2880 3664 3041 3717; x_wconf 86' lang='lat' dir='ltr'><strong>sunt.</strong></span> <span class='ocrx_word' id='word_1_537' title='bbox 3089 3668 3196 3724; x_wconf 90' lang='lat' dir='ltr'><strong>quo</strong></span> <span class='ocrx_word' id='word_1_538' title='bbox 3230 3651 3595 3720; x_wconf 65' lang='lat' dir='ltr'><strong>intelligentiae</strong></span> 
     </span>
    </p>
   </div>
   <div class='ocr_carea' id='block_1_81' title="bbox 2041 3741 3594 3816">
    <p class='ocr_par' dir='ltr' id='par_1_81' title="bbox 2041 3741 3594 3816">
     <span class='ocr_line' id='line_1_81' title="bbox 2041 3741 3594 3816; baseline -0.001 -20"><span class='ocrx_word' id='word_1_539' title='bbox 2041 3744 2249 3799; x_wconf 88' lang='lat' dir='ltr'><strong>illorum</strong></span> <span class='ocrx_word' id='word_1_540' title='bbox 2286 3747 2460 3816; x_wconf 85' lang='lat' dir='ltr'><strong>inopia</strong></span> <span class='ocrx_word' id='word_1_541' title='bbox 2498 3747 2631 3802; x_wconf 89' lang='lat' dir='ltr'><strong>satis</strong></span> <span class='ocrx_word' id='word_1_542' title='bbox 2691 3747 2976 3802; x_wconf 89' lang='lat' dir='ltr'><strong>indicatur.</strong></span> <span class='ocrx_word' id='word_1_543' title='bbox 3026 3744 3118 3800; x_wconf 90' lang='lat' dir='ltr'><strong>Sic</strong></span> <span class='ocrx_word' id='word_1_544' title='bbox 3155 3744 3298 3799; x_wconf 92' lang='lat' dir='ltr'><strong>enim</strong></span> <span class='ocrx_word' id='word_1_545' title='bbox 3360 3741 3594 3797; x_wconf 91' lang='lat' dir='ltr'><strong>mendici</strong></span> 
     </span>
    </p>
   </div>
   <div class='ocr_carea' id='block_1_82' title="bbox 2041 3835 2781 3906">
    <p class='ocr_par' dir='ltr' id='par_1_82' title="bbox 2041 3835 2781 3906">
     <span class='ocr_line' id='line_1_82' title="bbox 2041 3835 2781 3906; baseline 0.007 -18"><span class='ocrx_word' id='word_1_546' title='bbox 2041 3835 2177 3906; x_wconf 84' lang='lat' dir='ltr'><strong>apud</strong></span> <span class='ocrx_word' id='word_1_547' title='bbox 2210 3835 2465 3893; x_wconf 81' lang='lat' dir='ltr'><strong>Hebraeos</strong></span> <span class='ocrx_word' id='word_1_548' title='bbox 2494 3849 2781 3894; x_wconf 81' lang='lat' dir='ltr'><strong>vocantur.</strong></span> 
     </span>
    </p>
   </div>
   <div class='ocr_carea' id='block_1_83' title="bbox 2563 3949 3062 4009">
    <p class='ocr_par' dir='ltr' id='par_1_83' title="bbox 2563 3949 3062 4009">
     <span class='ocr_line' id='line_1_83' title="bbox 2563 3949 3062 4009; baseline -0.006 -2"><span class='ocrx_word' id='word_1_549' title='bbox 2563 3951 2789 4009; x_wconf 79' lang='lat' dir='ltr'><strong>CAPUT</strong></span> <span class='ocrx_word' id='word_1_550' title='bbox 2828 3949 3062 4006; x_wconf 78' lang='lat' dir='ltr'><strong>XXVIII.</strong></span> 
     </span>
    </p>
   </div>
   <div class='ocr_carea' id='block_1_84' title="bbox 2456 4041 3208 4098">
    <p class='ocr_par' dir='ltr' id='par_1_84' title="bbox 2456 4041 3208 4098">
     <span class='ocr_line' id='line_1_84' title="bbox 2456 4041 3208 4098; baseline -0.007 0"><span class='ocrx_word' id='word_1_551' title='bbox 2456 4042 2532 4098; x_wconf 78' lang='lat' dir='ltr'><strong>De</strong></span> <span class='ocrx_word' id='word_1_552' title='bbox 2565 4042 2808 4098; x_wconf 81' lang='lat' dir='ltr'><strong>Cerintho</strong></span> <span class='ocrx_word' id='word_1_553' title='bbox 2842 4041 3208 4096; x_wconf 76' lang='lat' dir='ltr'><strong>hcerest&#39;archa.</strong></span> 
     </span>
    </p>
   </div>
   <div class='ocr_carea' id='block_1_85' title="bbox 2111 4128 3601 4206">
    <p class='ocr_par' dir='ltr' id='par_1_85' title="bbox 2111 4128 3601 4206">
     <span class='ocr_line' id='line_1_85' title="bbox 2111 4128 3601 4206; baseline -0.004 -17"><span class='ocrx_word' id='word_1_554' title='bbox 2111 4137 2307 4191; x_wconf 84' lang='lat' dir='ltr'><strong>Eadem</strong></span> <span class='ocrx_word' id='word_1_555' title='bbox 2329 4145 2648 4206; x_wconf 89' lang='lat' dir='ltr'><strong>tempestate</strong></span> <span class='ocrx_word' id='word_1_556' title='bbox 2669 4134 2891 4189; x_wconf 88' lang='lat' dir='ltr'><strong>alterius</strong></span> <span class='ocrx_word' id='word_1_557' title='bbox 2906 4131 3125 4188; x_wconf 70' lang='lat' dir='ltr'><strong>haeresis</strong></span> <span class='ocrx_word' id='word_1_558' title='bbox 3141 4137 3414 4186; x_wconf 85' lang='lat' dir='ltr'><strong>auctorem</strong></span> <span class='ocrx_word' id='word_1_559' title='bbox 3439 4128 3601 4183; x_wconf 81' lang='lat' dir='ltr'><strong>fuisse</strong></span> 
     </span>
    </p>
   </div>
   <div class='ocr_carea' id='block_1_86' title="bbox 2041 4221 3600 4296">
    <p class='ocr_par' dir='ltr' id='par_1_86' title="bbox 2041 4221 3600 4296">
     <span class='ocr_line' id='line_1_86' title="bbox 2041 4221 3600 4296; baseline -0.004 -16"><span class='ocrx_word' id='word_1_560' title='bbox 2041 4225 2356 4280; x_wconf 82' lang='lat' dir='ltr'><strong>Cerinthum</strong></span> <span class='ocrx_word' id='word_1_561' title='bbox 2386 4227 2714 4296; x_wconf 88' lang='lat' dir='ltr'><strong>accepimus.</strong></span> <span class='ocrx_word' id='word_1_562' title='bbox 2739 4225 2814 4280; x_wconf 91' lang='lat' dir='ltr'><strong>De</strong></span> <span class='ocrx_word' id='word_1_563' title='bbox 2839 4240 2950 4294; x_wconf 86' lang='lat' dir='ltr'><strong>quo</strong></span> <span class='ocrx_word' id='word_1_564' title='bbox 2975 4222 3138 4278; x_wconf 88' lang='lat' dir='ltr'><strong>Caius</strong></span> <span class='ocrx_word' id='word_1_565' title='bbox 3186 4223 3231 4278; x_wconf 89' lang='lat' dir='ltr'><strong>is</strong></span> <span class='ocrx_word' id='word_1_566' title='bbox 3257 4221 3411 4292; x_wconf 79' lang='lat' dir='ltr'><strong>cujus</strong></span> <span class='ocrx_word' id='word_1_567' title='bbox 3439 4221 3600 4274; x_wconf 83' lang='lat' dir='ltr'><strong>verba</strong></span> 
     </span>
    </p>
   </div>
   <div class='ocr_carea' id='block_1_87' title="bbox 2043 4313 3599 4388">
    <p class='ocr_par' dir='ltr' id='par_1_87' title="bbox 2043 4313 3599 4388">
     <span class='ocr_line' id='line_1_87' title="bbox 2043 4313 3599 4388; baseline -0.003 -17"><span class='ocrx_word' id='word_1_568' title='bbox 2043 4319 2297 4385; x_wconf 84' lang='lat' dir='ltr'><strong>superius</strong></span> <span class='ocrx_word' id='word_1_569' title='bbox 2330 4318 2486 4388; x_wconf 81' lang='lat'><strong>100</strong></span> <span class='ocrx_word' id='word_1_570' title='bbox 2511 4316 2818 4383; x_wconf 86' lang='lat' dir='ltr'><strong>retulimus,</strong></span> <span class='ocrx_word' id='word_1_571' title='bbox 2841 4317 2956 4371; x_wconf 76' lang='lat' dir='ltr'><strong>haec</strong></span> <span class='ocrx_word' id='word_1_572' title='bbox 2989 4315 3044 4371; x_wconf 88' lang='lat' dir='ltr'><strong>in</strong></span> <span class='ocrx_word' id='word_1_573' title='bbox 3089 4313 3451 4383; x_wconf 75' lang='lat' dir='ltr'><strong>Disputatione</strong></span> <span class='ocrx_word' id='word_1_574' title='bbox 3502 4326 3599 4366; x_wconf 85' lang='lat' dir='ltr'><strong>sua</strong></span> 
     </span>
    </p>
   </div>
   <div class='ocr_carea' id='block_1_88' title="bbox 2044 4404 3603 4482">
    <p class='ocr_par' dir='ltr' id='par_1_88' title="bbox 2044 4404 3603 4482">
     <span class='ocr_line' id='line_1_88' title="bbox 2044 4404 3603 4482; baseline -0.004 -19"><span class='ocrx_word' id='word_1_575' title='bbox 2044 4409 2262 4464; x_wconf 87' lang='lat' dir='ltr'><strong>scribit:</strong></span> <span class='ocrx_word' id='word_1_576' title='bbox 2283 4427 2300 4460; x_wconf 75' lang='grc' dir='ltr'><strong>ι</strong></span> <span class='ocrx_word' id='word_1_577' title='bbox 2328 4408 2431 4464; x_wconf 89' lang='lat' dir='ltr'><strong>Sed</strong></span> <span class='ocrx_word' id='word_1_578' title='bbox 2462 4418 2515 4464; x_wconf 92' lang='lat' dir='ltr'><strong>et</strong></span> <span class='ocrx_word' id='word_1_579' title='bbox 2542 4407 2858 4482; x_wconf 68' lang='lat' dir='ltr'><strong>Cerinthus,</strong></span> <span class='ocrx_word' id='word_1_580' title='bbox 2895 4407 3088 4477; x_wconf 88' lang='lat' dir='ltr'><strong>inquit,</strong></span> <span class='ocrx_word' id='word_1_581' title='bbox 3126 4419 3224 4474; x_wconf 91' lang='lat' dir='ltr'><strong>per</strong></span> <span class='ocrx_word' id='word_1_582' title='bbox 3251 4404 3603 4460; x_wconf 77' lang='lat' dir='ltr'><strong>revelationes</strong></span> 
     </span>
    </p>
   </div>
   <div class='ocr_carea' id='block_1_89' title="bbox 2049 4493 3604 4571">
    <p class='ocr_par' dir='ltr' id='par_1_89' title="bbox 2049 4493 3604 4571">
     <span class='ocr_line' id='line_1_89' title="bbox 2049 4493 3604 4571; baseline -0.003 -20"><span class='ocrx_word' id='word_1_583' title='bbox 2049 4499 2310 4568; x_wconf 88' lang='lat' dir='ltr'><strong>quasdam</strong></span> <span class='ocrx_word' id='word_1_584' title='bbox 2339 4514 2367 4552; x_wconf 90' lang='lat' dir='ltr'><strong>a</strong></span> <span class='ocrx_word' id='word_1_585' title='bbox 2399 4514 2458 4554; x_wconf 89' lang='lat' dir='ltr'><strong>se</strong></span> <span class='ocrx_word' id='word_1_586' title='bbox 2493 4509 2750 4571; x_wconf 88' lang='lat' dir='ltr'><strong>tanquam</strong></span> <span class='ocrx_word' id='word_1_587' title='bbox 2781 4515 2811 4554; x_wconf 90' lang='lat' dir='ltr'><strong>a</strong></span> <span class='ocrx_word' id='word_1_588' title='bbox 2842 4513 3039 4567; x_wconf 86' lang='lat' dir='ltr'><strong>magno</strong></span> <span class='ocrx_word' id='word_1_589' title='bbox 3088 4497 3320 4567; x_wconf 89' lang='lat' dir='ltr'><strong>quodam</strong></span> <span class='ocrx_word' id='word_1_590' title='bbox 3365 4493 3604 4563; x_wconf 83' lang='lat' dir='ltr'><strong>apostolo</strong></span> 
     </span>
    </p>
   </div>
   <div class='ocr_carea' id='block_1_90' title="bbox 373 4567 1940 4660">
    <p class='ocr_par' dir='ltr' id='par_1_90' title="bbox 373 4567 1940 4649">
     <span class='ocr_line' id='line_1_90' title="bbox 373 4567 1940 4649; baseline -0.001 -19"><span class='ocrx_word' id='word_1_591' title='bbox 373 4577 606 4648; x_wconf 84' lang='grc' dir='ltr'>μεγάλου</span> <span class='ocrx_word' id='word_1_592' title='bbox 659 4577 1078 4649; x_wconf 86' lang='grc' dir='ltr'>γεγραμμένων,</span> <span class='ocrx_word' id='word_1_593' title='bbox 1133 4567 1532 4649; x_wconf 79' lang='grc' dir='ltr'>τερατολογίας’</span> <span class='ocrx_word' id='word_1_594' title='bbox 1569 4577 1700 4648; x_wconf 84' lang='grc' dir='ltr'>ἡμῖν</span> <span class='ocrx_word' id='word_1_595' title='bbox 1752 4577 1827 4642; x_wconf 81' lang='grc' dir='ltr'>ὡς</span> <span class='ocrx_word' id='word_1_596' title='bbox 1875 4577 1940 4630; x_wconf 86' lang='grc' dir='ltr'>δι’</span> 
     </span>
    </p>
   </div>
   <div class='ocr_carea' id='block_1_91' title="bbox 2040 4567 3604 4660">
    <p class='ocr_par' dir='ltr' id='par_1_91' title="bbox 2047 4567 3604 4660">
     <span class='ocr_line' id='line_1_91' title="bbox 2047 4567 3604 4660; baseline -0.005 -16"><span class='ocrx_word' id='word_1_597' title='bbox 2047 4567 2406 4659; x_wconf 80' lang='lat' dir='ltr'><strong>conscriptas,</strong></span> <span class='ocrx_word' id='word_1_598' title='bbox 2437 4567 2690 4660; x_wconf 83' lang='lat' dir='ltr'><strong>portenta</strong></span> <span class='ocrx_word' id='word_1_599' title='bbox 2717 4586 2965 4659; x_wconf 68' lang='lat' dir='ltr'><strong>quaadam</strong></span> <span class='ocrx_word' id='word_1_600' title='bbox 2991 4585 3148 4657; x_wconf 85' lang='lat' dir='ltr'><strong>quasi</strong></span> <span class='ocrx_word' id='word_1_601' title='bbox 3173 4587 3241 4641; x_wconf 88' lang='lat' dir='ltr'><strong>ab</strong></span> <span class='ocrx_word' id='word_1_602' title='bbox 3271 4584 3476 4654; x_wconf 90' lang='lat' dir='ltr'><strong>angelis</strong></span> <span class='ocrx_word' id='word_1_603' title='bbox 3502 4583 3604 4638; x_wconf 91' lang='lat' dir='ltr'><strong>sibi</strong></span> 
     </span>
    </p>
   </div>
   <div class='ocr_carea' id='block_1_92' title="bbox 370 4667 1941 4740">
    <p class='ocr_par' dir='ltr' id='par_1_92' title="bbox 370 4667 1941 4740">
     <span class='ocr_line' id='line_1_92' title="bbox 370 4667 1941 4740; baseline 0.001 -19"><span class='ocrx_word' id='word_1_604' title='bbox 370 4667 613 4736; x_wconf 86' lang='grc' dir='ltr'>ἀγγέλων</span> <span class='ocrx_word' id='word_1_605' title='bbox 643 4668 788 4740; x_wconf 86' lang='grc' dir='ltr'>αὑτῷ</span> <span class='ocrx_word' id='word_1_606' title='bbox 813 4669 1154 4739; x_wconf 67' lang='grc' dir='ltr'>δεδειγμένοις</span> <span class='ocrx_word' id='word_1_607' title='bbox 1175 4668 1519 4739; x_wconf 79' lang='grc' dir='ltr'>ψευδόμενος,</span> <span class='ocrx_word' id='word_1_608' title='bbox 1549 4669 1828 4737; x_wconf 88' lang='grc' dir='ltr'>ἐπεισάγει</span> <span class='ocrx_word' id='word_1_609' title='bbox 1853 4670 1941 4723; x_wconf 89' lang='grc' dir='ltr'>λέ-</span> 
     </span>
    </p>
   </div>
   <div class='ocr_carea' id='block_1_93' title="bbox 371 4756 1943 4833">
    <p class='ocr_par' dir='ltr' id='par_1_93' title="bbox 371 4756 1943 4833">
     <span class='ocr_line' id='line_1_93' title="bbox 371 4756 1943 4833; baseline 0.001 -20"><span class='ocrx_word' id='word_1_610' title='bbox 371 4777 500 4828; x_wconf 84' lang='grc' dir='ltr'>γων,</span> <span class='ocrx_word' id='word_1_611' title='bbox 531 4761 666 4832; x_wconf 86' lang='grc' dir='ltr'><strong>μετά</strong></span> <span class='ocrx_word' id='word_1_612' title='bbox 699 4761 796 4833; x_wconf 81' lang='grc' dir='ltr'>τὴν</span> <span class='ocrx_word' id='word_1_613' title='bbox 824 4761 1114 4815; x_wconf 82' lang='grc' dir='ltr'>ἀνάστασιν</span> <span class='ocrx_word' id='word_1_614' title='bbox 1140 4761 1377 4829; x_wconf 86' lang='grc' dir='ltr'>ἐπίγειον</span> <span class='ocrx_word' id='word_1_615' title='bbox 1415 4756 1554 4814; x_wconf 74' lang='grc' dir='ltr'>εἶναι</span> <span class='ocrx_word' id='word_1_616' title='bbox 1579 4760 1641 4814; x_wconf 85' lang='grc' dir='ltr'><strong>τὸ</strong></span> <span class='ocrx_word' id='word_1_617' title='bbox 1677 4760 1943 4830; x_wconf 85' lang='grc' dir='ltr'>βασίλειον</span> 
     </span>
    </p>
   </div>
   <div class='ocr_carea' id='block_1_94' title="bbox 370 4851 1946 4925">
    <p class='ocr_par' dir='ltr' id='par_1_94' title="bbox 370 4851 1946 4925">
     <span class='ocr_line' id='line_1_94' title="bbox 370 4851 1946 4925; baseline 0.003 -22"><span class='ocrx_word' id='word_1_618' title='bbox 370 4852 459 4906; x_wconf 88' lang='grc' dir='ltr'><strong>τοῦ</strong></span> <span class='ocrx_word' id='word_1_619' title='bbox 497 4851 757 4925; x_wconf 85' lang='grc' dir='ltr'>Χριστοῦ,</span> <span class='ocrx_word' id='word_1_620' title='bbox 803 4853 897 4906; x_wconf 73' lang='grc' dir='ltr'>καὶ</span> <span class='ocrx_word' id='word_1_621' title='bbox 942 4853 1102 4907; x_wconf 89' lang='grc' dir='ltr'>πάλιν</span> <span class='ocrx_word' id='word_1_622' title='bbox 1135 4852 1448 4923; x_wconf 89' lang='grc' dir='ltr'>ἐπιθυμίαις</span> <span class='ocrx_word' id='word_1_623' title='bbox 1497 4853 1590 4905; x_wconf 75' lang='grc' dir='ltr'>καὶ</span> <span class='ocrx_word' id='word_1_624' title='bbox 1645 4853 1855 4924; x_wconf 83' lang='grc' dir='ltr'>ἡδοναῖς</span> <span class='ocrx_word' id='word_1_625' title='bbox 1887 4854 1946 4908; x_wconf 86' lang='grc' dir='ltr'><strong>ἐν</strong></span> 
     </span>
    </p>
   </div>
   <div class='ocr_carea' id='block_1_95' title="bbox 384 4943 1945 5016">
    <p class='ocr_par' dir='ltr' id='par_1_95' title="bbox 384 4943 1945 5016">
     <span class='ocr_line' id='line_1_95' title="bbox 384 4943 1945 5016; baseline 0.003 -21"><span class='ocrx_word' id='word_1_626' title='bbox 384 4943 732 5015; x_wconf 83' lang='grc' dir='ltr'>Ἰερουσαλὴμ</span> <span class='ocrx_word' id='word_1_627' title='bbox 755 4945 854 5016; x_wconf 85' lang='grc' dir='ltr'><strong>τὴν</strong></span> <span class='ocrx_word' id='word_1_628' title='bbox 876 4945 1053 5016; x_wconf 84' lang='grc' dir='ltr'>σάρκα</span> <span class='ocrx_word' id='word_1_629' title='bbox 1075 4943 1491 5016; x_wconf 84' lang='grc' dir='ltr'>πολιτευομένην</span> <span class='ocrx_word' id='word_1_630' title='bbox 1517 4944 1805 5000; x_wconf 89' lang='grc' dir='ltr'>δουλεύειν.</span> <span class='ocrx_word' id='word_1_631' title='bbox 1835 4947 1945 5002; x_wconf 77' lang='grc' dir='ltr'><strong>Καὶ</strong></span> 
     </span>
    </p>
   </div>
   <div class='ocr_carea' id='block_1_96' title="bbox 373 5033 1945 5108">
    <p class='ocr_par' dir='ltr' id='par_1_96' title="bbox 373 5033 1945 5108">
     <span class='ocr_line' id='line_1_96' title="bbox 373 5033 1945 5108; baseline 0.003 -22"><span class='ocrx_word' id='word_1_632' title='bbox 373 5033 560 5106; x_wconf 78' lang='grc' dir='ltr'>ἐχθρὸς</span> <span class='ocrx_word' id='word_1_633' title='bbox 597 5037 854 5108; x_wconf 80' lang='grc' dir='ltr'>ὑπάρχων</span> <span class='ocrx_word' id='word_1_634' title='bbox 886 5040 1004 5100; x_wconf 87' lang='grc' dir='ltr'>ταῖς</span> <span class='ocrx_word' id='word_1_635' title='bbox 1036 5036 1278 5106; x_wconf 85' lang='grc' dir='ltr'>Γραφαῖς</span> <span class='ocrx_word' id='word_1_636' title='bbox 1298 5037 1390 5089; x_wconf 86' lang='grc' dir='ltr'><strong>τοῦ</strong></span> <span class='ocrx_word' id='word_1_637' title='bbox 1426 5035 1581 5102; x_wconf 83' lang='grc' dir='ltr'>Θεοῦ,</span> <span class='ocrx_word' id='word_1_638' title='bbox 1612 5037 1839 5108; x_wconf 83' lang='grc' dir='ltr'>ἀριθμὸν</span> <span class='ocrx_word' id='word_1_639' title='bbox 1864 5056 1945 5108; x_wconf 87' lang='grc' dir='ltr'>χι-</span> 
     </span>
    </p>
   </div>
   <div class='ocr_carea' id='block_1_97' title="bbox 375 5125 1943 5200">
    <p class='ocr_par' dir='ltr' id='par_1_97' title="bbox 375 5125 1943 5200">
     <span class='ocr_line' id='line_1_97' title="bbox 375 5125 1943 5200; baseline 0.003 -23"><span class='ocrx_word' id='word_1_640' title='bbox 375 5125 699 5192; x_wconf 88' lang='grc' dir='ltr'>λιονταετίας</span> <span class='ocrx_word' id='word_1_641' title='bbox 723 5129 780 5181; x_wconf 82' lang='grc' dir='ltr'><strong>ἐν</strong></span> <span class='ocrx_word' id='word_1_642' title='bbox 801 5129 963 5200; x_wconf 83' lang='grc' dir='ltr'>γάμῳ</span> <span class='ocrx_word' id='word_1_643' title='bbox 989 5128 1203 5200; x_wconf 77' lang='grc' dir='ltr'>ἑορτῆς,</span> <span class='ocrx_word' id='word_1_644' title='bbox 1227 5126 1396 5180; x_wconf 87' lang='grc' dir='ltr'>θέλων</span> <span class='ocrx_word' id='word_1_645' title='bbox 1419 5127 1623 5198; x_wconf 85' lang='grc' dir='ltr'>πλανᾷν</span> <span class='ocrx_word' id='word_1_646' title='bbox 1641 5127 1775 5197; x_wconf 71' lang='grc'>(40),</span> <span class='ocrx_word' id='word_1_647' title='bbox 1795 5128 1943 5197; x_wconf 85' lang='grc' dir='ltr'>λέγει</span> 
     </span>
    </p>
   </div>
   <div class='ocr_carea' id='block_1_98' title="bbox 392 5335 1946 5405">
    <p class='ocr_par' dir='ltr' id='par_1_98' title="bbox 392 5335 1946 5405">
     <span class='ocr_line' id='line_1_98' title="bbox 392 5335 1946 5405; baseline 0.003 -15"><span class='ocrx_word' id='word_1_648' title='bbox 392 5392 397 5396; x_wconf 70' lang='grc'><strong>,</strong></span> <span class='ocrx_word' id='word_1_649' title='bbox 442 5335 556 5404; x_wconf 78' lang='grc'><strong>(58)</strong></span> <span class='ocrx_word' id='word_1_650' title='bbox 584 5336 1095 5405; x_wconf 77' lang='grc' dir='ltr'>Θατεραλήπτους.</span> <span class='ocrx_word' id='word_1_651' title='bbox 1135 5336 1278 5392; x_wconf 84' lang='lat' dir='ltr'><strong>Nova</strong></span> <span class='ocrx_word' id='word_1_652' title='bbox 1309 5339 1492 5404; x_wconf 79' lang='lat' dir='ltr'><strong>dictio,</strong></span> <span class='ocrx_word' id='word_1_653' title='bbox 1518 5355 1583 5394; x_wconf 79' lang='lat' dir='ltr'><strong>ex</strong></span> <span class='ocrx_word' id='word_1_654' title='bbox 1609 5339 1817 5394; x_wconf 89' lang='lat' dir='ltr'><strong>duabus</strong></span> <span class='ocrx_word' id='word_1_655' title='bbox 1863 5342 1946 5394; x_wconf 83' lang='lat' dir='ltr'><strong>in-</strong></span> 
     </span>
    </p>
   </div>
   <div class='ocr_carea' id='block_1_99' title="bbox 378 5405 1947 5478">
    <p class='ocr_par' dir='ltr' id='par_1_99' title="bbox 378 5405 1947 5478">
     <span class='ocr_line' id='line_1_99' title="bbox 378 5405 1947 5478; baseline 0.006 -22"><span class='ocrx_word' id='word_1_656' title='bbox 378 5405 566 5478; x_wconf 75' lang='lat' dir='ltr'><strong>solenti</strong></span> <span class='ocrx_word' id='word_1_657' title='bbox 592 5409 984 5478; x_wconf 81' lang='lat' dir='ltr'><strong>compositione</strong></span> <span class='ocrx_word' id='word_1_658' title='bbox 1005 5418 1306 5478; x_wconf 83' lang='lat' dir='ltr'><strong>compacta.</strong></span> <span class='ocrx_word' id='word_1_659' title='bbox 1337 5409 1480 5463; x_wconf 89' lang='lat' dir='ltr'><strong>Idem</strong></span> <span class='ocrx_word' id='word_1_660' title='bbox 1519 5411 1663 5464; x_wconf 89' lang='lat' dir='ltr'><strong>enim</strong></span> <span class='ocrx_word' id='word_1_661' title='bbox 1699 5419 1783 5464; x_wconf 88' lang='lat' dir='ltr'><strong>est</strong></span> <span class='ocrx_word' id='word_1_662' title='bbox 1814 5425 1877 5465; x_wconf 89' lang='lat' dir='ltr'><strong>ac</strong></span> <span class='ocrx_word' id='word_1_663' title='bbox 1904 5413 1947 5465; x_wconf 82' lang='lat' dir='ltr'><strong>si</strong></span> 
     </span>
    </p>
   </div>
   <div class='ocr_carea' id='block_1_100' title="bbox 379 5476 1141 5550">
    <p class='ocr_par' dir='ltr' id='par_1_100' title="bbox 379 5476 1141 5550">
     <span class='ocr_line' id='line_1_100' title="bbox 379 5476 1141 5550; baseline 0.007 -24"><span class='ocrx_word' id='word_1_664' title='bbox 379 5476 613 5550; x_wconf 66' lang='lat' dir='ltr'><strong>dicerent</strong></span> <span class='ocrx_word' id='word_1_665' title='bbox 651 5476 777 5550; x_wconf 84' lang='grc' dir='ltr'>θατέ</span> <span class='ocrx_word' id='word_1_666' title='bbox 788 5495 856 5550; x_wconf 73' lang='lat' dir='ltr'><strong>pq.</strong></span> <span class='ocrx_word' id='word_1_667' title='bbox 885 5476 1141 5548; x_wconf 77' lang='grc' dir='ltr'>ληπτούς.</span> 
     </span>
    </p>
   </div>
   <div class='ocr_carea' id='block_1_101' title="bbox 445 5545 1952 5620">
    <p class='ocr_par' dir='ltr' id='par_1_101' title="bbox 445 5545 1952 5620">
     <span class='ocr_line' id='line_1_101' title="bbox 445 5545 1952 5620; baseline 0.002 -20"><span class='ocrx_word' id='word_1_668' title='bbox 445 5545 553 5618; x_wconf 79' lang='grc'><strong>(59)</strong></span> <span class='ocrx_word' id='word_1_669' title='bbox 584 5548 695 5620; x_wconf 75' lang='grc' dir='ltr'>Τοῦ</span> <span class='ocrx_word' id='word_1_670' title='bbox 729 5545 1078 5620; x_wconf 56' lang='grc' dir='ltr'><strong>ῘΕϐὶωνέιΙων</strong></span> <span class='ocrx_word' id='word_1_671' title='bbox 1117 5551 1405 5620; x_wconf 70' lang='grc' dir='ltr'>όνόματος</span> <span class='ocrx_word' id='word_1_672' title='bbox 1437 5547 1548 5617; x_wconf 78' lang='grc' dir='ltr'><strong>τὴν</strong></span> <span class='ocrx_word' id='word_1_673' title='bbox 1561 5548 1672 5616; x_wconf 81' lang='grc' dir='ltr'>τῆς</span> <span class='ocrx_word' id='word_1_674' title='bbox 1687 5548 1952 5617; x_wconf 70' lang='grc' dir='ltr'>διανοίας</span> 
     </span>
    </p>
   </div>
   <div class='ocr_carea' id='block_1_102' title="bbox 378 5618 1950 5688">
    <p class='ocr_par' dir='ltr' id='par_1_102' title="bbox 378 5618 1950 5688">
     <span class='ocr_line' id='line_1_102' title="bbox 378 5618 1950 5688; baseline 0.003 -20"><span class='ocrx_word' id='word_1_675' title='bbox 378 5618 692 5688; x_wconf 67' lang='grc' dir='ltr'>πτωχείαν.</span> <span class='ocrx_word' id='word_1_676' title='bbox 726 5619 870 5672; x_wconf 77' lang='lat' dir='ltr'><strong>Idem</strong></span> <span class='ocrx_word' id='word_1_677' title='bbox 895 5620 1089 5672; x_wconf 82' lang='lat' dir='ltr'><strong>scribit</strong></span> <span class='ocrx_word' id='word_1_678' title='bbox 1109 5618 1374 5688; x_wconf 75' lang='lat' dir='ltr'><strong>Origenes</strong></span> <span class='ocrx_word' id='word_1_679' title='bbox 1405 5621 1456 5672; x_wconf 94' lang='lat' dir='ltr'><strong>in</strong></span> <span class='ocrx_word' id='word_1_680' title='bbox 1494 5621 1588 5673; x_wconf 88' lang='lat' dir='ltr'><strong>Iih.</strong></span> <span class='ocrx_word' id='word_1_681' title='bbox 1614 5635 1662 5672; x_wconf 86' lang='lat' dir='ltr'><strong>IV</strong></span> <span class='ocrx_word' id='word_1_682' title='bbox 1696 5620 1768 5672; x_wconf 84' lang='lat' dir='ltr'><strong>De</strong></span> <span class='ocrx_word' id='word_1_683' title='bbox 1799 5623 1950 5687; x_wconf 78' lang='lat' dir='ltr'><strong>prin-</strong></span> 
     </span>
    </p>
   </div>
   <div class='ocr_carea' id='block_1_103' title="bbox 380 5687 1951 5760">
    <p class='ocr_par' dir='ltr' id='par_1_103' title="bbox 380 5687 1951 5760">
     <span class='ocr_line' id='line_1_103' title="bbox 380 5687 1951 5760; baseline 0.003 -22"><span class='ocrx_word' id='word_1_684' title='bbox 380 5687 569 5760; x_wconf 53' lang='lat' dir='ltr'><strong>cipiis:</strong></span> <span class='ocrx_word' id='word_1_685' title='bbox 753 5688 1129 5757; x_wconf 79' lang='grc' dir='ltr'>ἐλαμϐάνομεν</span> <span class='ocrx_word' id='word_1_686' title='bbox 1187 5687 1361 5743; x_wconf 76' lang='grc' dir='ltr'>ταῦτα</span> <span class='ocrx_word' id='word_1_687' title='bbox 1415 5689 1515 5753; x_wconf 78' lang='grc' dir='ltr'>ὡς’</span> <span class='ocrx_word' id='word_1_688' title='bbox 1540 5691 1589 5760; x_wconf 85' lang='grc' dir='ltr'><strong>οί</strong></span> <span class='ocrx_word' id='word_1_689' title='bbox 1627 5690 1831 5760; x_wconf 75' lang='grc' dir='ltr'>πτωχοὶ</span> <span class='ocrx_word' id='word_1_690' title='bbox 1884 5693 1951 5760; x_wconf 83' lang='grc' dir='ltr'>τῇ</span> 
     </span>
    </p>
   </div>
   <div class='ocr_carea' id='block_1_104' title="bbox 379 5754 1957 5830">
    <p class='ocr_par' dir='ltr' id='par_1_104' title="bbox 379 5754 1957 5830">
     <span class='ocr_line' id='line_1_104' title="bbox 379 5754 1957 5830; baseline 0.004 -24"><span class='ocrx_word' id='word_1_691' title='bbox 379 5754 580 5830; x_wconf 65' lang='grc' dir='ltr'>διανοίᾳ</span> <span class='ocrx_word' id='word_1_692' title='bbox 614 5754 940 5830; x_wconf 75' lang='grc' dir='ltr'>Ἐὅιωναῖοι,</span> <span class='ocrx_word' id='word_1_693' title='bbox 973 5754 1070 5828; x_wconf 82' lang='grc' dir='ltr'>τῆς</span> <span class='ocrx_word' id='word_1_694' title='bbox 1119 5761 1391 5830; x_wconf 89' lang='grc' dir='ltr'>πτωχείας</span> <span class='ocrx_word' id='word_1_695' title='bbox 1427 5763 1528 5828; x_wconf 80' lang='grc' dir='ltr'>τῆς</span> <span class='ocrx_word' id='word_1_696' title='bbox 1569 5754 1805 5822; x_wconf 78' lang='grc' dir='ltr'>διανοίας</span> <span class='ocrx_word' id='word_1_697' title='bbox 1861 5754 1957 5813; x_wconf 59' lang='grc' dir='ltr'><strong>ὲπὲ</strong></span> 
     </span>
    </p>
   </div>
   <div class='ocr_carea' id='block_1_105' title="bbox 384 5824 1953 5897">
    <p class='ocr_par' dir='ltr' id='par_1_105' title="bbox 384 5824 1953 5897">
     <span class='ocr_line' id='line_1_105' title="bbox 384 5824 1953 5897; baseline 0.005 -19"><span class='ocrx_word' id='word_1_698' title='bbox 384 5824 581 5896; x_wconf 78' lang='grc' dir='ltr'>ὠνυμόι</span> <span class='ocrx_word' id='word_1_699' title='bbox 601 5845 614 5858; x_wconf 82' lang='lat'><strong>&#39;</strong></span> <span class='ocrx_word' id='word_1_700' title='bbox 649 5827 858 5884; x_wconf 75' lang='grc' dir='ltr'>Ἐϐίων</span> <span class='ocrx_word' id='word_1_701' title='bbox 885 5828 993 5896; x_wconf 74' lang='grc' dir='ltr'><strong>γὰρ</strong></span> <span class='ocrx_word' id='word_1_702' title='bbox 1012 5824 1040 5882; x_wconf 84' lang='grc' dir='ltr'><strong>ό</strong></span> <span class='ocrx_word' id='word_1_703' title='bbox 1065 5824 1275 5897; x_wconf 67' lang='grc' dir='ltr'>πτωχὸς</span> <span class='ocrx_word' id='word_1_704' title='bbox 1299 5830 1426 5884; x_wconf 79' lang='grc' dir='ltr'>παρ’</span> <span class='ocrx_word' id='word_1_705' title='bbox 1458 5824 1729 5894; x_wconf 76' lang='grc' dir='ltr'>Ἑϐραίοις</span> <span class='ocrx_word' id='word_1_706' title='bbox 1755 5829 1953 5894; x_wconf 76' lang='grc' dir='ltr'>ὀνομά-</span> 
     </span>
    </p>
   </div>
   <div class='ocr_carea' id='block_1_106' title="bbox 2047 4673 3609 4744">
    <p class='ocr_par' dir='ltr' id='par_1_106' title="bbox 2047 4673 3609 4744">
     <span class='ocr_line' id='line_1_106' title="bbox 2047 4673 3609 4744; baseline -0.004 -11"><span class='ocrx_word' id='word_1_707' title='bbox 2047 4689 2262 4734; x_wconf 87' lang='lat' dir='ltr'><strong>ostensa</strong></span> <span class='ocrx_word' id='word_1_708' title='bbox 2288 4689 2629 4736; x_wconf 89' lang='lat' dir='ltr'><strong>commentus</strong></span> <span class='ocrx_word' id='word_1_709' title='bbox 2661 4680 2817 4735; x_wconf 89' lang='lat' dir='ltr'><strong>nobis</strong></span> <span class='ocrx_word' id='word_1_710' title='bbox 2862 4676 3169 4741; x_wconf 88' lang='lat' dir='ltr'><strong>introducit,</strong></span> <span class='ocrx_word' id='word_1_711' title='bbox 3195 4673 3466 4730; x_wconf 83' lang='lat' dir='ltr'><strong>afﬁrmans</strong></span> <span class='ocrx_word' id='word_1_712' title='bbox 3486 4683 3609 4744; x_wconf 91' lang='lat' dir='ltr'><strong>post</strong></span> 
     </span>
    </p>
   </div>
   <div class='ocr_carea' id='block_1_107' title="bbox 2049 4765 3606 4841">
    <p class='ocr_par' dir='ltr' id='par_1_107' title="bbox 2049 4765 3606 4841">
     <span class='ocr_line' id='line_1_107' title="bbox 2049 4765 3606 4841; baseline 0 -20"><span class='ocrx_word' id='word_1_713' title='bbox 2049 4769 2500 4825; x_wconf 89' lang='lat' dir='ltr'><strong>resurrectionem</strong></span> <span class='ocrx_word' id='word_1_714' title='bbox 2533 4784 2756 4841; x_wconf 88' lang='lat' dir='ltr'><strong>regnum</strong></span> <span class='ocrx_word' id='word_1_715' title='bbox 2783 4767 2980 4823; x_wconf 89' lang='lat' dir='ltr'><strong>Christi</strong></span> <span class='ocrx_word' id='word_1_716' title='bbox 3039 4768 3091 4820; x_wconf 92' lang='lat' dir='ltr'><strong>in</strong></span> <span class='ocrx_word' id='word_1_717' title='bbox 3140 4766 3298 4823; x_wconf 91' lang='lat' dir='ltr'><strong>terris</strong></span> <span class='ocrx_word' id='word_1_718' title='bbox 3323 4765 3563 4821; x_wconf 86' lang='lat' dir='ltr'><strong>futurum</strong></span> <span class='ocrx_word' id='word_1_719' title='bbox 3590 4805 3606 4827; x_wconf 86' lang='lat'><strong><em>,</em></strong></span> 
     </span>
    </p>
   </div>
   <div class='ocr_carea' id='block_1_108' title="bbox 2048 4858 3610 4930">
    <p class='ocr_par' dir='ltr' id='par_1_108' title="bbox 2048 4858 3610 4930">
     <span class='ocr_line' id='line_1_108' title="bbox 2048 4858 3610 4930; baseline -0.001 -18"><span class='ocrx_word' id='word_1_720' title='bbox 2048 4873 2112 4913; x_wconf 89' lang='lat' dir='ltr'><strong>ac</strong></span> <span class='ocrx_word' id='word_1_721' title='bbox 2137 4874 2328 4917; x_wconf 82' lang='lat' dir='ltr'><strong>rursus</strong></span> <span class='ocrx_word' id='word_1_722' title='bbox 2369 4862 2621 4918; x_wconf 83' lang='lat' dir='ltr'><strong>homines</strong></span> <span class='ocrx_word' id='word_1_723' title='bbox 2656 4859 3039 4930; x_wconf 88' lang='lat' dir='ltr'><strong>Hierosolymis</strong></span> <span class='ocrx_word' id='word_1_724' title='bbox 3062 4858 3315 4927; x_wconf 85' lang='lat' dir='ltr'><strong>degentes</strong></span> <span class='ocrx_word' id='word_1_725' title='bbox 3353 4859 3610 4929; x_wconf 85' lang='lat' dir='ltr'><strong>cupidita-</strong></span> 
     </span>
    </p>
   </div>
   <div class='ocr_carea' id='block_1_109' title="bbox 2049 4949 3612 5024">
    <p class='ocr_par' dir='ltr' id='par_1_109' title="bbox 2049 4949 3612 5024">
     <span class='ocr_line' id='line_1_109' title="bbox 2049 4949 3612 5024; baseline -0.001 -20"><span class='ocrx_word' id='word_1_726' title='bbox 2049 4951 2190 5006; x_wconf 89' lang='lat' dir='ltr'><strong>tibus</strong></span> <span class='ocrx_word' id='word_1_727' title='bbox 2213 4961 2268 5007; x_wconf 91' lang='lat' dir='ltr'><strong>et</strong></span> <span class='ocrx_word' id='word_1_728' title='bbox 2299 4953 2559 5024; x_wconf 86' lang='lat' dir='ltr'><strong>voluptati</strong></span> <span class='ocrx_word' id='word_1_729' title='bbox 2602 4951 2850 5021; x_wconf 90' lang='lat' dir='ltr'><strong>corporis</strong></span> <span class='ocrx_word' id='word_1_730' title='bbox 2874 4949 3144 5006; x_wconf 79' lang='lat' dir='ltr'><strong>obnoxios</strong></span> <span class='ocrx_word' id='word_1_731' title='bbox 3177 4949 3310 5004; x_wconf 89' lang='lat' dir='ltr'><strong>fore.</strong></span> <span class='ocrx_word' id='word_1_732' title='bbox 3346 4950 3612 5017; x_wconf 86' lang='lat' dir='ltr'><strong>Additque</strong></span> 
     </span>
    </p>
   </div>
   <div class='ocr_carea' id='block_1_110' title="bbox 2049 5041 3610 5113">
    <p class='ocr_par' dir='ltr' id='par_1_110' title="bbox 2049 5041 3610 5113">
     <span class='ocr_line' id='line_1_110' title="bbox 2049 5041 3610 5113; baseline -0.004 -15"><span class='ocrx_word' id='word_1_733' title='bbox 2049 5042 2220 5099; x_wconf 88' lang='lat' dir='ltr'><strong>hostis</strong></span> <span class='ocrx_word' id='word_1_734' title='bbox 2244 5044 2336 5101; x_wconf 89' lang='lat' dir='ltr'><strong>ille</strong></span> <span class='ocrx_word' id='word_1_735' title='bbox 2363 5046 2674 5101; x_wconf 86' lang='lat' dir='ltr'><strong>divinarum</strong></span> <span class='ocrx_word' id='word_1_736' title='bbox 2705 5045 3141 5113; x_wconf 85' lang='lat' dir='ltr'><strong>Scripturarum,</strong></span> <span class='ocrx_word' id='word_1_737' title='bbox 3169 5041 3315 5096; x_wconf 88' lang='lat' dir='ltr'><strong>mille</strong></span> <span class='ocrx_word' id='word_1_738' title='bbox 3346 5056 3610 5096; x_wconf 89' lang='lat' dir='ltr'><strong>annorum</strong></span> 
     </span>
    </p>
   </div>
   <div class='ocr_carea' id='block_1_111' title="bbox 2048 5131 3614 5205">
    <p class='ocr_par' dir='ltr' id='par_1_111' title="bbox 2048 5131 3614 5205">
     <span class='ocr_line' id='line_1_111' title="bbox 2048 5131 3614 5205; baseline -0.002 -17"><span class='ocrx_word' id='word_1_739' title='bbox 2048 5137 2281 5203; x_wconf 88' lang='lat' dir='ltr'><strong>spatium</strong></span> <span class='ocrx_word' id='word_1_740' title='bbox 2320 5137 2372 5190; x_wconf 92' lang='lat' dir='ltr'><strong>in</strong></span> <span class='ocrx_word' id='word_1_741' title='bbox 2435 5137 2763 5205; x_wconf 89' lang='lat' dir='ltr'><strong>nuptialibus</strong></span> <span class='ocrx_word' id='word_1_742' title='bbox 2813 5134 2967 5189; x_wconf 89' lang='lat' dir='ltr'><strong>festis</strong></span> <span class='ocrx_word' id='word_1_743' title='bbox 2998 5139 3334 5188; x_wconf 87' lang='lat' dir='ltr'><strong>transactum</strong></span> <span class='ocrx_word' id='word_1_744' title='bbox 3365 5131 3454 5194; x_wconf 90' lang='lat' dir='ltr'><strong>iri,</strong></span> <span class='ocrx_word' id='word_1_745' title='bbox 3509 5147 3614 5200; x_wconf 86' lang='lat' dir='ltr'><strong>quo</strong></span> 
     </span>
    </p>
   </div>
   <div class='ocr_carea' id='block_1_112' title="bbox 2057 5336 3601 5407">
    <p class='ocr_par' dir='ltr' id='par_1_112' title="bbox 2057 5336 3601 5407">
     <span class='ocr_line' id='line_1_112' title="bbox 2057 5336 3601 5407; baseline -0.004 -13"><span class='ocrx_word' id='word_1_746' title='bbox 2057 5341 2228 5407; x_wconf 81' lang='grc' dir='ltr'>ξεται.</span> <span class='ocrx_word' id='word_1_747' title='bbox 2269 5341 2432 5393; x_wconf 82' lang='grc' dir='ltr'>Ὥστε</span> <span class='ocrx_word' id='word_1_748' title='bbox 2461 5338 2752 5393; x_wconf 79' lang='grc' dir='ltr'>ὑπολαϐεῖν</span> <span class='ocrx_word' id='word_1_749' title='bbox 2778 5339 2870 5392; x_wconf 75' lang='grc' dir='ltr'>ἐπὶ</span> <span class='ocrx_word' id='word_1_750' title='bbox 2913 5338 3038 5403; x_wconf 83' lang='grc' dir='ltr'>τοὺς</span> <span class='ocrx_word' id='word_1_751' title='bbox 3075 5336 3362 5407; x_wconf 86' lang='grc' dir='ltr'>σαρκίνους</span> <span class='ocrx_word' id='word_1_752' title='bbox 3407 5337 3601 5407; x_wconf 73' lang='grc' dir='ltr'>Ἰσραησ</span> 
     </span>
    </p>
   </div>
   <div class='ocr_carea' id='block_1_113' title="bbox 2049 5353 3615 5483">
    <p class='ocr_par' dir='ltr' id='par_1_113' title="bbox 2049 5353 3615 5483">
     <span class='ocr_line' id='line_1_113' title="bbox 2057 5353 3601 5407; baseline -0.004 -13"><span class='ocrx_word' id='word_1_753' title='bbox 2057 5353 2228 5407; x_wconf 84' lang='grc' dir='ltr'>ςεται.</span> <span class='ocrx_word' id='word_1_754' title='bbox 2270 5353 2432 5393; x_wconf 78' lang='grc' dir='ltr'>Ίιστε</span> <span class='ocrx_word' id='word_1_755' title='bbox 2461 5353 2752 5393; x_wconf 79' lang='grc' dir='ltr'>ῡπολαοειν</span> <span class='ocrx_word' id='word_1_756' title='bbox 2778 5353 2870 5392; x_wconf 81' lang='grc' dir='ltr'><strong>επι</strong></span> <span class='ocrx_word' id='word_1_757' title='bbox 2913 5353 3038 5403; x_wconf 89' lang='grc' dir='ltr'>τους</span> <span class='ocrx_word' id='word_1_758' title='bbox 3075 5355 3144 5392; x_wconf 91' lang='grc' dir='ltr'><strong>σα</strong></span> <span class='ocrx_word' id='word_1_759' title='bbox 3182 5353 3362 5400; x_wconf 87' lang='grc' dir='ltr'>κινους</span> <span class='ocrx_word' id='word_1_760' title='bbox 3414 5353 3482 5390; x_wconf 66' lang='grc' dir='ltr'><strong>ἰσ</strong></span> <span class='ocrx_word' id='word_1_761' title='bbox 3519 5353 3601 5407; x_wconf 73' lang='grc' dir='ltr'>αησ</span> 
     </span>
     <span class='ocr_line' id='line_1_114' title="bbox 2049 5353 3615 5483; baseline -0.004 -18"><span class='ocrx_word' id='word_1_762' title='bbox 2049 5413 2200 5476; x_wconf 89' lang='grc' dir='ltr'>λίτας</span> <span class='ocrx_word' id='word_1_763' title='bbox 2257 5411 2680 5483; x_wconf 83' lang='grc' dir='ltr'>προηγουμένως</span> <span class='ocrx_word' id='word_1_764' title='bbox 2726 5408 3093 5483; x_wconf 43' lang='grc' dir='ltr'>τὸν-Χριστόν</span> <span class='ocrx_word' id='word_1_765' title='bbox 3142 5353 3615 5478; x_wconf 61' lang='grc' dir='ltr'>ἕπιδεδημηκέναι.</span> 
     </span>
    </p>
   </div>
   <div class='ocr_carea' id='block_1_114' title="bbox 2049 5481 3616 5545">
    <p class='ocr_par' dir='ltr' id='par_1_114' title="bbox 2049 5481 3616 5545">
     <span class='ocr_line' id='line_1_115' title="bbox 2049 5481 3616 5545; baseline -0.006 -9"><span class='ocrx_word' id='word_1_766' title='bbox 2049 5483 2226 5537; x_wconf 82' lang='lat' dir='ltr'><strong>Porro</strong></span> <span class='ocrx_word' id='word_1_767' title='bbox 2258 5481 2314 5535; x_wconf 84' lang='lat' dir='ltr'><strong>iu</strong></span> <span class='ocrx_word' id='word_1_768' title='bbox 2345 5481 2533 5536; x_wconf 76' lang='lat' dir='ltr'><strong>cediCe</strong></span> <span class='ocrx_word' id='word_1_769' title='bbox 2556 5482 2694 5535; x_wconf 83' lang='lat' dir='ltr'><strong>Maz.</strong></span> <span class='ocrx_word' id='word_1_770' title='bbox 2727 5497 2791 5534; x_wconf 87' lang='lat' dir='ltr'><strong>ac</strong></span> <span class='ocrx_word' id='word_1_771' title='bbox 2830 5481 2972 5535; x_wconf 87' lang='lat' dir='ltr'><strong>Med.</strong></span> <span class='ocrx_word' id='word_1_772' title='bbox 2999 5482 3050 5534; x_wconf 90' lang='lat' dir='ltr'><strong>id</strong></span> <span class='ocrx_word' id='word_1_773' title='bbox 3083 5491 3276 5533; x_wconf 86' lang='lat' dir='ltr'><strong>nomen</strong></span> <span class='ocrx_word' id='word_1_774' title='bbox 3318 5492 3439 5529; x_wconf 88' lang='lat' dir='ltr'><strong>cum</strong></span> <span class='ocrx_word' id='word_1_775' title='bbox 3466 5491 3616 5545; x_wconf 79' lang='lat' dir='ltr'><strong>aSpe-</strong></span> 
     </span>
    </p>
   </div>
   <div class='ocr_carea' id='block_1_115' title="bbox 2051 5547 3618 5622">
    <p class='ocr_par' dir='ltr' id='par_1_115' title="bbox 2051 5547 3618 5622">
     <span class='ocr_line' id='line_1_116' title="bbox 2051 5547 3618 5622; baseline -0.006 -16"><span class='ocrx_word' id='word_1_776' title='bbox 2051 5567 2112 5622; x_wconf 84' lang='lat' dir='ltr'><strong>ro</strong></span> <span class='ocrx_word' id='word_1_777' title='bbox 2141 5553 2333 5622; x_wconf 91' lang='lat' dir='ltr'><strong>spiritu</strong></span> <span class='ocrx_word' id='word_1_778' title='bbox 2365 5552 2725 5622; x_wconf 79' lang='lat' dir='ltr'><strong>perscriptum</strong></span> <span class='ocrx_word' id='word_1_779' title='bbox 2759 5560 2863 5613; x_wconf 91' lang='lat' dir='ltr'><strong>est,</strong></span> <span class='ocrx_word' id='word_1_780' title='bbox 2902 5549 3156 5622; x_wconf 81' lang='lat' dir='ltr'><strong>tum_hoe</strong></span> <span class='ocrx_word' id='word_1_781' title='bbox 3214 5548 3287 5622; x_wconf 88' lang='lat' dir='ltr'><strong>in_</strong></span> <span class='ocrx_word' id='word_1_782' title='bbox 3318 5547 3456 5622; x_wconf 63' lang='lat' dir='ltr'><strong>loco,</strong></span> <span class='ocrx_word' id='word_1_783' title='bbox 3511 5557 3618 5622; x_wconf 84' lang='lat' dir='ltr'><strong>tum</strong></span> 
     </span>
    </p>
   </div>
   <div class='ocr_carea' id='block_1_116' title="bbox 2052 5617 3636 5690">
    <p class='ocr_par' dir='ltr' id='par_1_116' title="bbox 2052 5617 3636 5690">
     <span class='ocr_line' id='line_1_117' title="bbox 2052 5617 3636 5690; baseline -0.002 -16"><span class='ocrx_word' id='word_1_784' title='bbox 2052 5621 2106 5674; x_wconf 86' lang='lat' dir='ltr'><strong>in</strong></span> <span class='ocrx_word' id='word_1_785' title='bbox 2139 5617 2278 5676; x_wconf 80' lang='lat' dir='ltr'><strong>libro</strong></span> <span class='ocrx_word' id='word_1_786' title='bbox 2309 5617 2484 5684; x_wconf 77' lang='lat' dir='ltr'><strong>sexto,</strong></span> <span class='ocrx_word' id='word_1_787' title='bbox 2529 5621 2621 5676; x_wconf 90' lang='lat' dir='ltr'><strong>ubi</strong></span> <span class='ocrx_word' id='word_1_788' title='bbox 2674 5622 2854 5690; x_wconf 85' lang='lat' dir='ltr'><strong>agitur</strong></span> <span class='ocrx_word' id='word_1_789' title='bbox 2899 5621 2966 5674; x_wconf 90' lang='lat' dir='ltr'><strong>de</strong></span> <span class='ocrx_word' id='word_1_790' title='bbox 3017 5617 3368 5690; x_wconf 86' lang='lat' dir='ltr'><strong>Symmacho,</strong></span> <span class='ocrx_word' id='word_1_791' title='bbox 3405 5617 3636 5672; x_wconf 68' lang='lat' dir='ltr'><strong>Veteris</strong></span> 
     </span>
    </p>
   </div>
   <div class='ocr_carea' id='block_1_117' title="bbox 2050 5691 2730 5756">
    <p class='ocr_par' dir='ltr' id='par_1_117' title="bbox 2050 5691 2730 5756">
     <span class='ocr_line' id='line_1_118' title="bbox 2050 5691 2730 5756; baseline 0.003 -12"><span class='ocrx_word' id='word_1_792' title='bbox 2050 5691 2209 5746; x_wconf 84' lang='lat' dir='ltr'><strong>Testa</strong></span> <span class='ocrx_word' id='word_1_793' title='bbox 2218 5691 2380 5744; x_wconf 90' lang='lat' dir='ltr'><strong>menti</strong></span> <span class='ocrx_word' id='word_1_794' title='bbox 2421 5691 2730 5756; x_wconf 68' lang='lat' dir='ltr'><strong>interprete.</strong></span> 
     </span>
    </p>
   </div>
   <div class='ocr_carea' id='block_1_118' title="bbox 2125 5757 3620 5832">
    <p class='ocr_par' dir='ltr' id='par_1_118' title="bbox 2125 5757 3620 5832">
     <span class='ocr_line' id='line_1_119' title="bbox 2125 5757 3620 5832; baseline -0.001 -19"><span class='ocrx_word' id='word_1_795' title='bbox 2125 5761 2236 5832; x_wconf 72' lang='grc'><strong>(40)</strong></span> <span class='ocrx_word' id='word_1_796' title='bbox 2269 5760 2472 5814; x_wconf 72' lang='grc' dir='ltr'>Θέλων</span> <span class='ocrx_word' id='word_1_797' title='bbox 2496 5759 2760 5826; x_wconf 74' lang='grc' dir='ltr'>πλανᾷν.</span> <span class='ocrx_word' id='word_1_798' title='bbox 2797 5759 3046 5831; x_wconf 78' lang='grc' dir='ltr'>Σπλανᾷν</span> <span class='ocrx_word' id='word_1_799' title='bbox 3087 5759 3140 5814; x_wconf 91' lang='lat' dir='ltr'><strong>in</strong></span> <span class='ocrx_word' id='word_1_800' title='bbox 3181 5759 3418 5832; x_wconf 69' lang='lat' dir='ltr'><strong>editione</strong></span> <span class='ocrx_word' id='word_1_801' title='bbox 3475 5757 3620 5812; x_wconf 76' lang='lat' dir='ltr'><strong>Bob.</strong></span> 
     </span>
    </p>
   </div>
   <div class='ocr_carea' id='block_1_119' title="bbox 2055 5829 3618 5891">
    <p class='ocr_par' dir='ltr' id='par_1_119' title="bbox 2055 5829 3618 5891">
     <span class='ocr_line' id='line_1_120' title="bbox 2055 5829 3618 5891; baseline -0.006 -3"><span class='ocrx_word' id='word_1_802' title='bbox 2055 5829 2314 5890; x_wconf 74' lang='lat' dir='ltr'><strong>Stephani</strong></span> <span class='ocrx_word' id='word_1_803' title='bbox 2347 5833 2535 5888; x_wconf 85' lang='lat' dir='ltr'><strong>nescio</strong></span> <span class='ocrx_word' id='word_1_804' title='bbox 2557 5847 2662 5891; x_wconf 84' lang='lat' dir='ltr'><strong>auo</strong></span> <span class='ocrx_word' id='word_1_805' title='bbox 2690 5846 2818 5888; x_wconf 85' lang='lat' dir='ltr'><strong>casu</strong></span> <span class='ocrx_word' id='word_1_806' title='bbox 2840 5829 3102 5889; x_wconf 73' lang='lat' dir='ltr'><strong>excuSum</strong></span> <span class='ocrx_word' id='word_1_807' title='bbox 3135 5840 3239 5886; x_wconf 84' lang='lat' dir='ltr'><strong>est.</strong></span> <span class='ocrx_word' id='word_1_808' title='bbox 3274 5829 3442 5884; x_wconf 82' lang='lat' dir='ltr'><strong>Ouem</strong></span> <span class='ocrx_word' id='word_1_809' title='bbox 3476 5839 3618 5890; x_wconf 62' lang='lat' dir='ltr'><strong>mm;</strong></span> 
     </span>
    </p>
   </div>
   <div class='ocr_carea' id='block_1_120' title="bbox 2029 6017 2057 6061">
    <p class='ocr_par' dir='ltr' id='par_1_120' title="bbox 2029 6017 2057 6061">
     <span class='ocr_line' id='line_1_121' title="bbox 2029 6017 2057 6061; baseline 0 0"><span class='ocrx_word' id='word_1_810' title='bbox 2029 6017 2057 6061; x_wconf 57' lang='grc'><strong>³⁷1</strong></span> 
     </span>
    </p>
   </div>
  </div>
