4016 6260
455 314 565 371 275

1152 318 1421 377 EUSEBII
1455 320 1936 380 CAESARIENSIS
1972 324 2124 381 OPP.
2163 324 2341 380 PARS
2376 324 2416 380 1.
2455 354 2524 366 —-
2560 323 2946 381 HISTORICA.

3493 391 3496 395 ,
3553 324 3660 379 276

418 405 432 457 ³
455 436 670 494 facilius
688 437 966 508 imperitos
979 436 1226 497 homines
1241 442 1491 510 decipiat.
1513 462 1533 497 ι
1553 443 1860 512 Quinetiam
1880 446 1985 504 Dio

2101 447 2362 518 γίνεσθαι.
2405 466 2424 499 ι
2472 447 2581 501 Καὶ
2605 446 2876 511 Διονύσιος
2920 446 2997 510 δὲ,
3042 446 3071 498 ὁ
3100 443 3201 516 τῆς
3239 445 3359 499 κατ’
3415 444 3659 509 Ἀλεξάν-

455 529 663 600 uysius,
691 531 783 600 qui
805 540 989 588 nostra
1017 540 1181 588 aetate
1205 533 1584 591 Alexandrina:
1619 537 1867 594 Ecclesiae
1888 538 2003 608 epi-

456 635 653 692 scopus
678 622 801 689 fuit,
842 623 895 678 in
934 624 1169 681 secundo
1213 623 1286 681 De
1335 627 1766 694 promissionibus
1816 629 1957 684 libro
1984 670 2001 696 ,

452 724 733 786 postquam
766 714 1020 771 nonnulla
1046 716 1111 771 de
1149 714 1376 773 Joannis
1433 719 1777 778 Revelatioue
1813 738 1878 779 ex
1913 739 2001 778 ve-

458 810 556 862 teri
591 807 848 868 Ecclesia:
901 818 1193 875 traditione
1247 821 1427 887 dixit,
1489 823 1724 890 ejusdem
1759 822 2001 878 Cerinthi

456 902 784 958 mentionem
823 904 950 962 facit
990 909 1075 965 his
1101 912 1280 967 verbis
1313 932 1325 968 :
1363 902 1716 968 rCerinthum
1743 929 1890 982 vero,
1920 915 2002 968 iu-

453 992 588 1061 quit,
635 997 724 1065 qui
759 999 1005 1056 hzeresim
1054 1003 1195 1057 illam
1246 1020 1365 1075 aptae
1407 1007 1475 1060 ab
1500 1006 1614 1075 ipso
1652 1005 1998 1061 Cerinthiana

450 1091 824 1156 cognominata
857 1100 939 1147 est
967 1092 1414 1165 condidit,[aiunt
1467 1112 1590 1151 eum
1616 1096 1813 1152 librum
1846 1112 1997 1151 com-

451 1176 695 1244 posuisse
722 1223 737 1247 ,
771 1180 941 1236 indito
972 1179 1196 1239 Joannis
1225 1189 1439 1240 nomine
1461 1186 1510 1258 ,J
1539 1187 1662 1240 dum
1701 1186 1997 1241 auctorita-

450 1273 554 1320 tem
580 1267 849 1338 ﬁgmentis
897 1272 1010 1327 suis
1040 1287 1105 1327 ex
1130 1271 1354 1330 Joannis
1383 1277 1598 1331 nomine
1621 1277 1852 1330 mutuari
1881 1278 1997 1333 vel-

447 1357 538 1418 let.
573 1359 696 1415 Htec
718 1364 862 1416 enim
892 1362 1150 1420 l‘uitillius
1181 1367 1385 1436 opinio,
1418 1382 1637 1438 regnum
1665 1366 1860 1423 Christi
1894 1378 1997 1424 ter-

447 1464 636 1504 renum
666 1449 929 1509 futurum.
961 1455 1026 1511 Et
1054 1472 1279 1527 quarum
1310 1474 1488 1513 rerum
1534 1459 1828 1529 cupiditate
1885 1460 1999 1530 ipse

442 1540 744 1613 ﬂagrabat,
795 1557 976 1618 utpote
1030 1549 1392 1619 voluptatibus
1434 1552 1680 1619 corporis
1733 1551 1996 1605 obnoxius

444 1637 704 1705 rarnique
758 1640 1043 1706 addictus,
1077 1641 1129 1694 in
1165 1641 1231 1695 iis
1274 1656 1494 1711 regnum
1538 1641 1629 1695 Dei
1668 1643 1828 1696 situm
1884 1640 1997 1697 fore

444 1728 758 1795 somniavit,
787 1731 839 1783 in
874 1732 1099 1796 ventris,
1136 1743 1184 1786 et
1217 1746 1401 1787 earum
1433 1746 1552 1800 quae
1577 1730 1716 1785 infra
1755 1741 1991 1785 ventrem

445 1823 590 1880 sunt,
624 1818 856 1887 partium
895 1818 1152 1889 explenda
1180 1819 1445 1874 libidine:
1482 1822 1583 1875 hoc
1632 1830 1715 1874 est
1765 1822 1815 1874 in
1867 1822 1990 1875 cilm

442 1915 498 1959 et
526 1916 676 1974 potu,
728 1922 792 1963 ac
829 1910 1046 1979 nuptiis,
1080 1920 1241 1980 atque
1273 1910 1345 1965 ut'
1376 1911 1676 1967 honestiori
1732 1912 1991 1966 vocabulo

441 1998 703 2066 ejusmodi
732 2000 1033 2071 voluptates
1052 2002 1292 2067 velaret,
1340 2001 1392 2055 in
1422 2000 1576 2056 l‘estis
1606 2010 1661 2055 et
1707 2001 1990 2055 sacriﬁciis

441 2101 496 2147 et
519 2093 813 2149 hostiarum
835 2095 1270 2152 mactationibus.
1313 2112 1332 2146 ι
1366 2093 1489 2148 Haec
1518 2093 1825 2165 Dionysius.
1880 2092 1991 2148 Ire-

440 2199 589 2241 nteus
620 2200 749 2241 vero
776 2185 830 2241 in
858 2188 1032 2257 primo
1061 2188 1321 2244 Adversus
1363 2189 1586 2244 luet-eses
1632 2188 1767 2243 libro
1810 2202 1987 2240 secre-

441 2277 577 2332 tiora
605 2280 848 2348 quaedam
871 2281 1106 2349 ejusdem
1133 2280 1385 2351 ﬁgmenta
1436 2286 1840 2336 commemorat.
1880 2277 2002 2332 Sed,

437 2378 493 2422 et
521 2368 572 2422 in
602 2372 764 2427 tertio
790 2373 927 2427 libro
961 2374 1240 2430 historiam
1276 2374 1561 2444 quamdam
1591 2371 1748 2441 plane
1773 2370 1986 2439 dignam

436 2476 556 2530 quae
580 2464 852 2518 memoria:
882 2466 1184 2529 mandetur,
1207 2464 1423 2532 scriptis
1452 2461 1708 2532 prodidit.
1734 2459 1824 2513 Ait
1846 2459 1986 2513 enim

438 2554 514 2609 ita
540 2569 599 2611 se
627 2570 657 2608 a
686 2554 879 2626 Polyca
891 2572 987 2625 rpo
1033 2556 1325 2626 accepisse,
1355 2553 1617 2608 Joannem
1647 2550 1944 2622 apostolum
1970 2592 1984 2611 .

436 2659 557 2698 cum
583 2645 870 2715 aliquando
897 2646 948 2699 in
973 2645 1221 2701 balneum
1253 2642 1464 2698 lavandi
1492 2656 1652 2697 causa
1685 2640 1984 2706 introisset,

433 2732 829 2791 etCerinthum
879 2733 1024 2787 intus
1062 2747 1182 2788 esse
1214 2731 1512 2795 didicisset,
1560 2730 1746 2785 statim
1797 2744 1866 2783 ex
1918 2744 1984 2784 eo

436 2822 556 2877 loco
584 2822 708 2896 fuga
738 2839 798 2879 se
830 2823 1186 2893 proripuisse,
1233 2840 1356 2881 cum
1393 2838 1460 2879 ne
1514 2831 1711 2878 tectum
1765 2822 1983 2891 quidem

436 2913 576 2968 idem
610 2928 731 2968 cum
753 2914 1011 2970 Cerintho
1031 2915 1215 2971 subire
1232 2916 1563 2982 sustineret;
1603 2914 1987 2982 hortatumque

2101 540 2283 612 δρειαν
2307 539 2593 611 παροικίας
2627 538 2747 593 καθ’
2785 540 2931 610 ἡμᾶς
2957 537 3052 609 τὴν
3083 538 3384 610 ἐπισκοπὴν
3408 536 3656 610 εἰληχὼς,

2103 632 2161 684 ἐν
2180 632 2413 703 δευτέρῳ
2431 633 2568 700 Περὶ
2587 631 2705 687 τῶν
2714 629 3077 701 ἐπαγγελιῶν
3093 629 3201 703 (41)
3219 631 3345 702 περὶ
3358 630 3457 700 τῆς
3483 629 3660 682 Ἰωάν-

2100 738 2189 775 νου
2234 722 2642 792 Ἀποκαλύψεως
2692 721 2857 775 εἰπών
2887 739 3004 775 τινα
3042 721 3118 785 ὡς
3160 722 3225 774 ἐκ
3270 721 3369 791 τῆς
3400 720 3657 775 ἀνέκαθεν

2102 815 2467 885 παραδόσεως,
2491 814 2584 867 τοῦ
2613 812 2771 867 αὑτοῦ
2814 813 3078 884 μέμνηται
3104 813 3294 885 ἀνδρὸς
3332 812 3536 876 τούτοις
3564 815 3655 883 ρή-

2104 922 2266 977 μασι·
2301 923 2319 956 ι
2359 905 2622 977 Κήρινθον
2654 904 2732 968 δέ,
2767 904 2856 957 τὸν
2896 904 2989 957 καὶ
3027 904 3124 975 τὴν
3160 906 3255 957 ἀπ’
3284 904 3490 958 ἐκείνου
3527 905 3656 976 κλη-

2102 995 2282 1050 θεῖσαν
2323 996 2688 1068 Κηρινθιανὴν
2724 996 2933 1068 αἵρεσιν
2967 997 3402 1067 συστησάμενον,
3444 996 3654 1063 ἀξιόπι-

2102 1101 2222 1138 στον
2250 1086 2575 1156 ἐπιφημίσαι
2603 1084 2898 1156 θελήσαντα
2925 1086 3034 1158 (42)
3058 1086 3134 1158 τῷ
3160 1086 3351 1140 ἑαυτοῦ
3378 1087 3653 1158 πλάσματι

2099 1176 2266 1248 ὄνομα
2291 1192 2303 1205 ·
2344 1177 2501 1230 τοῦτο
2540 1176 2649 1249 γὰρ
2688 1173 2826 1232 εἶναι
2863 1178 2961 1249 τῆς
3003 1179 3345 1242 διδασκαλίας
3385 1180 3549 1234 αὐτοῦ
3594 1181 3687 1234 τὺ⁷

2096 1267 2290 1338 δόγμα,
2324 1268 2560 1336 ἐπίγειον
2593 1268 2810 1323 ἔσεσθαι
2840 1269 2936 1341 τὴν
2970 1269 3062 1322 τοῦ
3093 1270 3324 1343 Χριστοῦ
3360 1270 3654 1339 βασιλείαν·

2097 1360 2190 1413 καὶ
2250 1352 2324 1411 ὧν
2365 1359 2523 1423 αὐτὸς
2566 1359 2820 1430 ὠρέγετο,
2848 1360 3217 1432 φιλοσώματος
3262 1360 3336 1415 ὢν
3375 1363 3467 1415 καὶ
3511 1362 3652 1416 πάνυ

2099 1451 2379 1530 σαρκικδς,
2418 1453 2475 1505 ἐν
2502 1451 2710 1516 τούτοις
2749 1454 3104 1524 ὀνειροπολεῖν
3147 1454 3380 1519 ἔσεσθαι,
3420 1455 3653 1524 γαστρὸς

2096 1544 2191 1598 καί
2226 1543 2330 1597 τῶν
2379 1544 2483 1597 ὑπὸ
2521 1544 2761 1615 γαστέρα
2791 1544 3133 1616 πλησμονῶν,
3173 1545 3416 1599 τουτέστι
3467 1544 3651 1610 σιτίοις

2096 1634 2190 1686 καὶ
2225 1636 2424 1699 ποτοῖς,
2455 1635 2546 1689 καὶ
2578 1635 2793 1705 γάμοις,
2823 1637 2913 1689 καὶ
2943 1636 3009 1688 δι’
3029 1628 3102 1690 ὧν
3134 1636 3502 1706 εὐφημότερον
3540 1634 3649 1705 (45)

2095 1729 2263 1782 ταῦτα
2294 1729 2443 1801 ᾠήθη
2469 1731 2793 1801 ποριεῖσθαι,
2824 1733 3056 1803 ἑορταῖς,
3087 1731 3179 1785 καὶ
3204 1730 3435 1794 θυσίαις,
3460 1730 3554 1784 καὶ
3574 1732 3648 1783 Es-

2098 1821 2253 1894 ρείων
2281 1826 2529 1892 σφαγαῖς.
2582 1842 2600 1874 ι
2636 1822 2821 1877 Ταῦτα
2850 1822 3139 1886 Διονύσιος.
3192 1823 3251 1875 Ὁ
3283 1823 3339 1875 δὲ
3368 1823 3652 1894 Εἰρηναῖος

2096 1917 2535 1987 ἀποῤῥητοτέρας
2571 1917 2633 1988 δή
2678 1934 2827 1981 τινας
2868 1916 2960 1969 τοῦ
3007 1915 3170 1969 αὐτοῦ
3215 1912 3554 1986 ψευδοδοξίας
3591 1916 3651 1967 ἐν

2097 2004 2293 2073 πρώτῳ
2324 2004 2711 2075 συγγράμματι
2755 2005 3045 2073 τῶνιζοός
3062 2005 3168 2072 τὰς
3197 2006 3454 2074 αἱρέσεις
3485 2021 3651 2077 προσ-

2097 2092 2208 2157 θεὶς
2248 2093 2380 2163 (44),
2430 2096 2487 2148 ἐν
2513 2095 2590 2166 τῷ
2626 2097 2793 2167 τρίτῳ
2833 2098 2924 2151 καὶ
2965 2097 3197 2168 ἱστορίαν
3227 2099 3324 2151 οὐκ
3365 2097 3520 2163 ἀξίαν
3551 2100 3647 2171 λή-

2100 2181 2199 2251 θης
2238 2186 2304 2255 τῇ
2341 2188 2522 2256 γραφῇ
2562 2187 2898 2257 παρέδωκεν,
2941 2186 3015 2250 ὡς
3044 2189 3121 2240 ,ἐκ
3164 2188 3509 2259 παραδόσεως
3544 2191 3649 2241 ΠΟ·-

2094 2274 2394 2348 λυκάρπου,
2420 2278 2643 2345 φάσκων
2682 2279 2928 2349 Ἰωάννην
2957 2279 3044 2334 τὸν
3075 2280 3365 2334 ἀπόστολον
3394 2281 3648 2334 εἰσελθεῖν

2095 2384 2223 2420 ποτε
2261 2370 2318 2420 ἐν
2353 2369 2633 2440 βαλανείῳ,
2669 2370 2807 2424 ὥστε
2848 2371 3155 2436 λούσασθαι,
3186 2373 3378 2440 γνόντα
3416 2372 3472 2424 δὲ
3506 2372 3648 2426 ἔνδον

2091 2459 2217 2512 ὄντα
2246 2460 2336 2513 τὸν
2384 2460 2684 2531 Κήρινθον,
2729 2462 3070 2531 ἀποπηδῆσαί
3113 2479 3171 2513 τε
3216 2459 3307 2519 τοῦ
3348 2460 3508 2513 τόπου
3554 2461 3647 2513 καὶ

2091 2553 2345 2618 ἐκφυγεῖν
2377 2550 2594 2623 θύραζε,
2627 2552 2747 2622 μηδ’
2779 2552 3140 2621 ὑπομείναντα
3192 2551 3289 2622 τὴν
3314 2550 3478 2620 αὐτὴν
3500 2549 3646 2620 αὐτῷ

2094 2640 2347 2696 ὑποδῦναι
2376 2641 2591 2712 στέγην,
2617 2643 2780 2696 ταὺτὸ
2817 2643 2873 2695 δὲ
2909 2641 3065 2695 τοῦτο
3108 2643 3202 2696 καὶ
3231 2645 3341 2706 τοῖς
3372 2642 3467 2695 σὺν
3499 2641 3646 2712 αὐτῷ

2093 2731 2429 2800 παραινέσαι,
2463 2733 2725 2801 φήσαντα·
2759 2730 3016 2803 Φύγωμεν
3053 2731 3125 2803 μὴ
3149 2732 3243 2785 καὶ
3282 2732 3342 2784 τό
3374 2731 3646 2802 βαλανεῖον

2093 2821 2365 2893 συμπέσῃ,
2420 2822 2565 2876 ἔνδον
2611 2822 2761 2886 ὄντος
2805 2822 3073 2895 Κηρίνθου
3127 2822 3218 2875 τοῦ
3262 2822 3360 2892 τῆς
3391 2822 3645 2893 ἀληθείας

2091 2910 2304 2983 ἐχθροῦ.

437 3019 557 3061 esse
578 3006 806 3062 comites
831 3020 956 3063 suos
976 3015 1036 3062 ut
1064 3007 1204 3064 idem
1232 3008 1518 3066 facerent:
1554 3008 1864 3079 Fugiamus,
1897 3004 2094 3076 inquit,
2155 3020 2222 3060 ne
2251 3006 2498 3061 balneum
2536 3013 2759 3063 corruat
2819 3005 2871 3059 in
2916 3020 3023 3075 quo
3071 3005 3359 3060 Ccrinthus
3421 3011 3504 3059 est
3554 3019 3645 3059 ve-

431 3095 603 3152 ritatis
623 3095 889 3153 inimicus.

890 3194 1043 3264 ιοι
1082 3193 1307 3251 CAPUT
1344 3193 1534 3250 XXIX.

503 3278 577 3335 De
602 3281 827 3337 Nicolao
865 3295 911 3338 et
942 3286 1282 3340 sectatoribus
1318 3287 1381 3340 ab
1419 3303 1477 3341 eo
1509 3286 1909 3356 coguominatis.

501 3435 611 3493 Sub
644 3437 780 3494 idem
819 3449 1025 3509 tempus
1049 3442 1269 3497 haeresis
1301 3458 1421 3511 qua:
1465 3441 1662 3497 dicitur
1688 3442 1982 3497 Nicolaita-

430 3543 573 3591 rum,
611 3529 931 3586 brevissimo
961 3531 1214 3601 temporis
1238 3534 1414 3601 spatio
1438 3534 1777 3603 permansit;
1825 3533 1983 3603 cujus

429 3618 591 3672 etiam
626 3621 824 3675 mentio
854 3621 911 3676 lit
954 3622 1007 3676 in
1060 3621 1408 3678 Revelatione
1439 3622 1683 3679 Joannis.
1718 3623 1783 3678 Hi
1831 3623 1984 3679 Nico-

429 3710 574 3766 laum
602 3713 909 3781 quemdam,
938 3729 1105 3768 unum
1136 3731 1201 3769 ex
1259 3716 1366 3770 illis
1413 3715 1504 3785 qui
1536 3715 1602 3770 ad
1644 3731 1829 3771 curam
1861 3719 1982 3771 ino-

428 3818 553 3871 pum
593 3805 880 3872 gerendam
910 3821 1013 3859 uua
1036 3820 1157 3860 cum
1187 3806 1462 3877 Stephano
1487 3808 1555 3862 ab
1572 3808 1828 3878 apostolis
1851 3822 1979 3863 con-

426 3895 601 3947 stituti
638 3894 851 3949 fuerant
873 3896 1127 3962 ministri,
1160 3908 1322 3953 sectae
1363 3913 1476 3953 suae
1500 3908 1773 3953 auctorem
1804 3899 1979 3967 jacta-

423 3985 574 4041 bant.
609 3985 685 4040 De
718 3987 820 4042 hoc
850 3996 1027 4041 autem
1051 3987 1296 4042 Clemens
1322 3988 1714 4043 Alexandrinus
1738 3989 1790 4042 in
1822 3990 1980 4045 tertio

422 4077 603 4143 operis
629 4078 768 4145 quod
792 4079 1172 4146 Στρωματεύς
1198 4077 1513 4133 inscribitur
1532 4079 1695 4145 libro,
1716 4079 1830 4135 haec
1853 4095 1979 4133 uar-

425 4176 508 4220 rat
539 4166 604 4220 ad
641 4167 895 4221 verbum:
924 4168 1085 4221 «Cum
1121 4168 1347 4224 haberet
1377 4168 1668 4225 formosam
1706 4186 1931 4226 uxorem
1961 4211 1977 4237 ,

424 4265 547 4329 post
575 4271 859 4313 ascensum
894 4257 1101 4315 Domini
1136 4261 1547 4331 obiurgantibus
1580 4263 1841 4335 apostolis
1862 4305 1877 4331 ,
1926 4272 1982 4318 et

2604 3184 2996 3238 ΚΕΦΑΛΑΙΟΝ
3028 3184 3154 3237 ΚΘ’.

2087 3280 2224 3349 Περὶ
2254 3277 2550 3333 Νικολάου
2568 3277 2698 3349 λιαὶ
2747 3274 2991 3349 ζῶν-ἀπ’
3042 3274 3224 3349 quam“?
3268 3271 3646 3343 κεκλημένων

2555 3345 2691 3416 (Nic.
2737 3345 2808 3398 Η.
2837 3345 2903 3400 E.
2936 3360 3018 3408 ιιι,
3053 3345 3163 3412 15).

2155 3438 2280 3494 Ἐπὶ
2302 3437 2504 3493 τούτων
2533 3438 2665 3509 δῆτα
2694 3435 2804 3509 (45)
2833 3436 2924 3488 καὶ
2961 3436 2994 3508 ἡ
3033 3434 3295 3509 λεγομένη
3338 3435 3442 3488 τῶν
3478 3436 3643 3490 Νικο-

2084 3531 2275 3586 λαϊτῶν
2302 3531 2509 3602 αἵρεσις
2541 3529 2632 3582 ἐπὶ
2663 3528 3015 3600 σμικρότατον
3072 3528 3298 3597 συνέστη
3324 3527 3511 3598 χρόνον
3534 3545 3548 3558 ’
3576 3522 3643 3598 ἧς

2083 3623 2146 3694 δὴ
2207 3623 2302 3675 καὶ
2345 3625 2377 3693 ἡ
2428 3621 2520 3673 τοῦ
2586 3620 2830 3674 Ἰωάννου
2881 3619 3246 3690 Ἀποκάλυψις
3294 3619 3638 3690 μνημονεύει.

2127 3710 2241 3769 ῦτοι
2261 3712 2542 3776 Νικόλαον,
2573 3713 2666 3765 ἓνα
2681 3710 2787 3767 τῶν
2804 3712 2944 3782 ἀμφὶ
2967 3712 3057 3765 τὸν
3078 3711 3343 3780 Στέφανον
3359 3712 3638 3774 διακόνων,

2085 3806 2220 3878 πρὸς
2263 3804 2370 3859 τῶν
2422 3804 2730 3858 ἀποστόλων
2774 3805 2864 3857 ἐπὶ
2894 3806 2960 3875 τῇ
2995 3802 3101 3855 τῶν
3144 3802 3332 3855 ἐνδεῶν
3379 3802 3640 3874 θεραπεία

2086 3897 2636 3969 προκεχειρισμένων,
2680 3895 2899 3967 ηὔχουν.
2951 3896 3017 3971 "Q
3037 3912 3099 3963 γε
3129 3896 3234 3967 μὴν
3269 3895 3638 3966 Ἀλεξανδρεὺς

2083 3990 2311 4061 Κλήμης
2326 3992 2382 4042 ἐν
2397 3986 2892 4061 τρίτῳΣτρωματεῐ
2907 3986 3075 4040 ταῦτα
3090 4004 3153 4038 πε
3163 3988 3214 4056 pi.
3230 3985 3389 4040 αὐτοῦ
3409 3985 3543 4040 κατά
3563 3985 3639 4039 λέο

2085 4080 2163 4146 ξιν
2182 4082 2399 4152 ἱστορεῖ
2439 4099 2458 4131 r
2491 4080 2725 4150 Ὠραίαν,
2746 4079 2895 4146 φασὶ,
2914 4080 3143 4146 γυναῖκα
3160 4077 3294 4147 ἔχων
3309 4072 3481 4139 οὗτος,
3503 4076 3639 4147 μετά

2081 4173 2179 4246 τὴν
2212 4172 2473 4243 ἀνάληψιν
2501 4172 2596 4243 τὴν
2628 4171 2719 4225 τοῦ
2739 4171 3006 4242 Σωτῆρος,
3036 4169 3170 4241 πρὸς
3197 4168 3306 4222 τῶν
3331 4169 3640 4223 ἀποστόλων

2082 4263 2390 4327 ὀνειδισθεὶς
2419 4260 2765 4332 ζηλοτυπίαν,
2795 4264 2872 4325 είς
2901 4260 3062 4332 μέσον
3086 4258 3327 4329 ἀγαγὼν,
3359 4260 3532 4330 γῆμαι
3560 4259 3638 4330 τῷ

421 4478 750 4553 graphorum
780 4491 1019 4534 errorem
1052 4480 1223 4553 secuti
1252 4489 1594 4553 suntpostea
1617 4479 1978 4553 Genevenses.
2015 4484 2058 4539 D
2088 4483 2298 4538 ritatem
2328 4481 2664 4553 dogmatibus
2684 4484 2796 4553 suis
2824 4493 3179 4551 compararet.

423 4549 532 4605 Nos
562 4562 690 4602 vero
715 4564 780 4602 ex
804 4550 1189 4619 manuscriptis
1224 4548 1495 4606 codicibus
1527 4558 1581 4603 et
1601 4565 1666 4604 ex
1700 4548 1982 4619 Nicephori

421 4620 589 4690 libro.»
613 4632 796 4690 veram
820 4618 989 4690 huius
1018 4618 1118 4674 loci
1145 4620 1469 4690 scripturam
1496 4618 1847 4675 restituimus.

490 4688 601 4760 (41)
633 4686 784 4760 Vulg.
805 4689 1147 4760 ἐνδευτέρῳ
1166 4686 1284 4743 τῶν
1310 4691 1716 4760 Ἐπαγ-γελιῶν-
1738 4690 1985 4747 Scriben-

417 4762 544 4833 dum
571 4768 653 4833 e_s_t
669 4759 726 4812 ἐν
745 4759 978 4833 δευτέρῳ
1003 4761 1130 4833 περὶ
1149 4761 1255 4814 τῶν
1270 4759 1983 4833 Ἐπαγγελιῶνπεοτὶρεοτοι

418 4830 563 4900 enim
590 4828 877 4898 Dionysius
901 4828 1300 4884 Alexandrinus
1318 4828 1640 4887 duo’s‘lihros
1656 4832 1729 4886 De
1754 4828 1979 4900 promis-

418 4899 677 4971 siom'btts,
708 4913 801 4971 seu
833 4901 898 4971 de
924 4902 1155 4968 praemiis
1181 4916 1301 4971 qua:
1328 4902 1580 4969 promisit
1611 4902 1751 4957 Deus
1780 4915 1839 4955 se
1862 4910 1982 4971 post

418 4969 559 5022 hanc
586 4970 748 5019 vitam
770 4967 936 5034 justis
967 4967 1275 5025 hominibus
1304 4967 1654 5026 redditurum.
1686 4972 1764 5026 Ex
1806 4967 1893 5025 his
1919 4972 1981 5025 li-

420 5038 536 5110 bris
576 5039 848 5110 secundu_s
901 5048 1019 5093 erat
1081 5042 1344 5096 adversus
1390 5041 1648 5110 Nepotem
1694 5042 1976 5110 quemdam

419 5107 729 5176 episcopum
775 5105 997 5180 _1Egypli
1028 5148 1044 5171 ,
1104 5110 1195 5178 qui
1253 5125 1319 5163 ex
1388 5105 1611 5166 Joannis
1653 5105 1973 5180 Apocalypsi

419 5188 670 5232 astruere
702 5178 965 5240 voluerat,
1000 5194 1222 5248 regnum
1263 5180 1464 5234 Christi
1500 5178 1774 5235 terrenum
1827 5178 1976 5234 futu-

418 5263 538 5316 rum
569 5261 713 5316 esse.
747 5257 808 5301 ut
831 5249 987 5303 docet
1017 5248 1280 5303 Eusebius
1321 5250 1371 5303 in
1403 5249 1541 5304 libro
1568 5252 1815 5316 septimo.

488 5315 614 5388 (42)
641 5316 1009 5381 Ἀξιόπιστον
1050 5319 1404 5388 ἐπιφημίσαι
1461 5319 1821 5386 θελήσαντα.
1877 5318 1976 5374 Hic

419 5385 836 5460 luc'us'Dinnysii
870 5390 1082 5458 integer
1103 5385 1279 5442 etstat
1311 5391 1362 5442 in
1391 5389 1484 5446 lib.
1514 5407 1586 5445 vn
1648 5392 1805 5460 hujus
1851 5389 1972 5460 His-

417 5459 587 5529 toriae,
617 5459 850 5529 cap.25.
883 5460 1006 5512 lude
1050 5460 1211 5529 igitur
1247 5460 1481 5529 petenda
1520 5472 1602 5515 est
1665 5459 1823 5527 hujus
1866 5459 1969 5515 loci

364 5536 367 5537 '
417 5527 724 5601 explicatio.
761 5528 1011 5601 Quidam,
1044 5527 1217 5597 inquit
1250 5527 1587 5601 Dionysius,
1641 5531 1856 5585 aiebant
1904 5533 1970 5584 li-

416 5596 569 5672 brum
596 5597 743 5672 illum
785 5596 1207 5672 Apocalypseos
1224 5596 1577 5672 compositum
1620 5615 1741 5672 esse
1787 5616 1818 5656 a
1872 5601 1971 5672 Ce-

417 5667 598 5738 rintho
620 5667 1103 5738 heresiarcha,'qui
1128 5669 1229 5724 sub
1254 5667 1476 5725 Joannis
1499 5669 1725 5738 apostoli
1752 5670 1970 5726 nomine

416 5752 534 5789 eam
566 5736 967 5796 Revelatioucm
997 5736 1310 5810 publicavit,
1335 5754 1440 5809 quo
1482 5736 1745 5807 majorem
1777 5752 1963 5798 aucto-

2163 4554 2272 4624 (45)
2294 4551 2735 4622 Εὺεέημότερον.
2761 4552 3281 4624 Christophorsonus
3304 4551 3446 4624 legit.
3479 4552 3637 4624 εὐθυ-

2086 4622 2311 4695 μότερον
2337 4640 2401 4677 ex
2429 4640 2553 4695 cap.
2581 4623 2670 4688 25,
2700 4624 2795 4695 lib.
2831 4637 2923 4676 vn.
2951 4622 3147 4695 Verum
3186 4624 3334 4695 locus
3366 4622 3457 4675 ille
3508 4622 3632 4677 libri

2082 4693 2294 4762 septimi
2330 4710 2397 4747 ex
2428 4694 2528 4746 hoc
2550 4696 2726 4761 potius
2752 4693 2868 4747 loco
2898 4693 3265 4747 emendandus
3288 4702 3438 4762 erat,
3469 4706 3634 4762 quam

2085 4761 2171 4818 hic
2200 4779 2266 4817 ex
2297 4765 2387 4817 illo
2411 4764 2807 4830 depravandus.
2838 4762 2993 4816 Certe
3020 4763 3069 4813 in
3109 4762 3200 4815 lih.
3243 4777 3341 4822 vlt,
3392 4761 3633 4832 εὐφημό-

2078 4850 2233 4904 τερον
2265 4833 2830 4904 habeutmanuscripti
2874 4832 3088 4886 codices
3111 4832 3264 4904 Μαι.-
3297 4840 3350 4884 et
3375 4831 3511 4904 llled.
3547 4832 3630 4904 ita

2081 4900 2243 4959 etiam
2270 4902 2605 4970 Nicephorus
2637 4903 2687 4955 in
2722 4902 2816 4955 lib.
2847 4919 2930 4964 ιιι,
2954 4916 3072 4968 cap.
3101 4903 3186 4955 Η.
3223 4900 3331 4954 Nec
3362 4902 3519 4954 aliter
3547 4901 3627 4955 le-

2080 4976 2222 5044 gisse
2248 4973 2507 5044 Rufinum
2524 4986 2599 5044 ex,
2617 4972 2864 5044 versione
2897 4970 3012 5044 ejus
3052 4981 3292 5044 apparet.
3332 4970 3424 5023 Sic
3449 5038 3458 5044 _
3484 4972 3628 5044 enim

2078 5038 2239 5097 vertit
2257 5064 2271 5099 :
2289 5045 2354 5098 Et
2372 5053 2423 5095 ut
2436 5042 2637 5109 aliquid
2664 5042 2920 5095 sacratius
2948 5038 3421 5101 dicereﬁvideretur,
3441 5038 3632 5107 legales

2077 5114 2246 5167 aiebat
2306 5113 2614 5182 festivitates
2662 5127 2867 5163 rursum
2929 5111 3285 5182 celebrandas.
3347 5109 3628 5182 chtortnu

2076 5184 2282 5238 scilicet
2307 5179 2776 5237 ietsacriliciorum
2811 5181 3023 5233 nomine
3048 5180 3295 5233 libidines
3326 5195 3452 5232 suas
3481 5179 3626 5230 vela-

2075 5255 2168 5306 bat
2191 5253 2500 5316 Ceriuthus,
2535 5261 2591 5304 ut
2617 5250 2950 5306 honestatem
2976 5251 3263 5319 quamdam
3294 5250 3347 5302 in
3394 5248 3626 5317 Speciem

2114 5323 2370 5378 rael'erret.

2074 5338 2389 5461 “mirga;
2412 5391 2617 5459 πρώτῳ
2642 5388 3048 5460 συγγράμματι
3068 5390 3186 5443 τῶν
3205 5387 3370 5461 Πρὸς⁸
3397 5385 3533 5461 adq”
3551 5389 3629 5440 ai-

2064 5456 2268 5531 ρέσειζ·
2293 5456 2589 5530 προσθείς.
2618 5456 2969 5515 δοι-ἱἰιέξιιιῐυίιι
3007 5462 3220 5515 videtur
3239 5456 3481 5529 προθείς,
3506 5459 3628 5511 licet

2071 5534 2486 5586 rechuuautihus
2515 5533 2681 5586 libris.

2141 5602 2254 5672 (45)
2291 5602 2419 5657 Ἐπί
2459 5603 2683 5656 τούτων
2702 5600 2875 5672 δῆτα.
2896 5599 3163 5672 lurodice
3197 5597 3359 5659 Matt,
3390 5595 3526 5672 Max.
3559 5610 3623 5650 ac

2070 5668 2344 5745 §aviliano
2372 5674 2632 5745 scriptum
2669 5671 2864 5745 est_érr't
2879 5670 3084 5745 fourth.
3108 5670 3161 5745 id
3193 5677 3438 5745 est._pos~t
3462 5668 3619 5733 hunc,

2069 5742 2379 5799 Corinthum
2401 5742 2625 5798 scilicet.
2659 5740 2838 5799 Codex
2877 5740 2915 5795 F
2922 5739 3008 5794 ult.
3035 5738 3194 5794 habet
3230 5738 3514 5792 ἐπὶτοῦτο.
