4016 6260
338 371 441 427 ΞΠ

1324 373 1672 430 1118⁷1⁸011ῐῶ
1712 371 2261 432 ECCLESIASTICA‘.‘
2299 375 2427 430 LIB.
2470 373 2555 430 111.

3470 372 3575 429 278

336 488 645 561 βουλομένῳ
706 486 1025 559 ἐπέτρεψεν.
1087 484 1401 540 ’Δκόλουθον
1445 486 1554 557 γάρ
1602 482 1739 539 εἷναί
1785 503 1893 556 φασ

2020 490 2344 558 zelotypiam
2372 487 2420 541 ei
2450 483 2860 555 objicientibus,
2890 483 3216 554 productam
3253 482 3306 537 in
3340 484 3573 541 medium

332 583 427 654 τὴν
454 580 653 654 πρᾶξιν
674 580 878 650 ταύτην
901 579 1086 651 ἐκείνῃ
1103 580 1167 649 τῇ
1187 580 1457 649 φωνῇ,τῇ’
1481 579 1598 641 Ὀτι
1622 579 1909 648 παραχρᾶ-

331 673 449 727 σθαι
483 674 549 744 τῇ
576 672 739 743 σαρκὶ
764 671 862 724 δεῖ.
892 670 1000 724 Καὶ
1027 669 1090 740 δὴ
1116 668 1679 741 κατακολουθήσαντες
1708 670 1786 741 τῷ
1813 688 1904 739 γε-

328 765 634 837 γενημένῳ,
689 762 769 833 τῷ
821 779 881 814 τε
929 761 1201 832 εἰρημένῳ
1262 760 1448 825 ἁπλῶς
1503 762 1595 815 καὶ
1646 759 1905 815 ἀϐασανί-

330 872 472 920 στως
520 854 655 927 (46),
698 854 922 925 ἀναίδην
972 852 1389 925 ἐκπορνεύουσιν
1445 854 1495 906 οἱ
1548 853 1646 924 τὴν
1696 854 1904 925 αἵρεσιν

330 947 493 1002 αὑτοῦ
532 947 825 1019 μετιόντες.
874 945 1223 1016 Πυνθάνομαι
1274 944 1317 997 δ’
1362 944 1472 1013 ἐγὼ
1500 943 1590 997 τὸν
1621 945 1903 1011 Νικόλαον,

334 1039 573 1110 μηδεμιᾷ
616 1037 781 1108 ἑτέρᾳ
830 1037 960 1105 παρ’
1007 1035 1073 1107 ἢν
1116 1035 1288 1105 ἔγημε
1336 1034 1638 1105 κεχρῆσθαι
1667 1036 1906 1103 γυναικὶ,

328 1127 438 1180 τῶν
490 1143 549 1180 τε
593 1126 802 1179 ἐκείνου
850 1124 1077 1187 τέκνων,
1125 1124 1225 1188 τὰς
1267 1125 1365 1193 μὲν
1406 1125 1626 1196 θηλείας
1668 1142 1911 1197 καταγη-

329 1219 495 1290 ρᾶσαι
528 1216 847 1289 παρθένους,
873 1216 1107 1288 ἄυθορον
1140 1217 1196 1270 δέ
1225 1217 1495 1288 διαμεῖναι
1525 1218 1616 1271 τὸν
1645 1218 1780 1271 υίόν.
1811 1211 1909 1269 Ὧν

323 1308 499 1373 οὕτως
525 1310 775 1380 ἐχόντων,
804 1308 1044 1380 ἀποϐολὴ
1078 1308 1281 1371 πάθους
1305 1305 1393 1380 ἦν,
1431 1311 1462 1380 ή
1495 1310 1574 1372 είς
1607 1309 1768 1381 μέσον
1801 1309 1908 1363 τῶν

324 1401 642 1455 ἀποστόλων
665 1402 764 1472 τῆς
786 1400 1083 1469 ζηλοτυπου
1094 1400 1255 1473 μένης
1282 1401 1610 1472 ἐγκύκλησις
1628 1402 1905 1470 γυναικὸς,

323 1491 425 1546 καὶ
455 1494 488 1562 ἡ
528 1491 821 1562 ἐγκράτεια
855 1490 966 1562 (4'7)
1014 1490 1122 1544 τῶν
1161 1491 1640 1562 περισπουδάστων
1685 1492 1906 1564 ἡδονῶν,

321 1590 388 1637 το
417 1583 802 1655 παραχρᾶσθαι
828 1586 893 1655 τῇ
933 1584 1095 1654 σαρκὶ
1129 1583 1420 1636 ἐδίδασκεν.
1458 1584 1532 1636 Οὐ
1559 1586 1687 1655 γὰρ,
1731 1580 1905 1655 οἶμαι,

326 1673 581 1727 ἐϐούλετο
620 1673 762 1728 κατὰ
807 1674 903 1746 τὴν
936 1674 1028 1728 τοῦ
1078 1674 1329 1744 Σωτῆρος
1368 1674 1586 1747 ἐντολὴν
1615 1675 1747 1746 (48),
1778 1675 1901 1729 δυσὶ

321 1767 538 1837 κυρίοις
570 1766 857 1831 δουλεύειν,
906 1767 1065 1837 ἡδονῇ
1112 1766 1204 1819 καὶ
1253 1767 1461 1838 Κυρίῳ.
1506 1767 1739 1836 Λέγουσι
1771 1766 1907 1835 γοῦν

2015 595 2278 644 uxorem,
2331 579 2419 634 cui
2476 578 2640 632 vellet
2686 579 2883 632 ducere
2938 574 3206 645 permisit.
3265 573 3380 630 Hoc
3430 577 3573 632 enim

2013 670 2214 724 factum
2244 668 2514 724 alllrmant
2548 671 2705 738 plane
2728 668 3034 723 consentire
3066 682 3186 721 cum
3218 665 3306 720 illo
3332 666 3574 736 ejusdem
3658 676 3661 679 '

2013 762 2193 817 dicto:
2234 762 2341 816 Sua
2372 776 2642 831 quemque
2667 776 2832 816 carne
2857 759 3004 814 abuti
3040 768 3310 829 oportere.
3341 758 3455 817 Hoc
3476 759 3577 827 igi~

2014 861 2098 905 tur
2130 852 2332 907 factum
2392 852 2704 920 dictumque
2739 862 2944 904 temere
2995 859 3159 918 atque
3206 849 3575 918 imprudenter

2010 959 2108 1012 pro
2138 944 2384 1013 exemplo
2429 943 2529 997 sibi
2575 951 2936 1011 proponentes
2972 940 3177 997 Nicelai
3226 952 3523 997 sectatores
3552 981 3568 1004 ,

2012 1035 2237 1089 licenter
2284 1036 2336 1088 in
2398 1050 2556 1087 omne
2591 1047 2761 1103 genus
2805 1032 2976 1101 stupri
3009 1030 3276 1086 feruntur.
3305 1031 3464 1100 Atqui
3505 1034 3572 1085 de

2012 1126 2232 1181 Nicolao
2260 1127 2340 1181 sic
2374 1126 2711 1195 accepimus,
2761 1124 2962 1177 nullius
2995 1138 3116 1176 eum
3161 1122 3400 1178 mulieris
3429 1137 3571 1191 prw-

2012 1227 2255 1288 terquam
2303 1198 2451 1272 illius
2513 1230 2673 1287 quam
2734 1228 2957 1268 uxorem
2996 1217 3239 1281 duxerat,
3284 1214 3568 1269 concubitu

2009 1308 2162 1364 usum
2199 1309 2365 1363 fuisse
2400 1326 2414 1363 :
2448 1318 2504 1363 et
2530 1323 2594 1363 ex
2625 1306 2739 1376 ejus
2781 1307 2964 1362 liberis
2990 1305 3129 1361 ﬁlias
3155 1305 3366 1375 quidem
3399 1319 3571 1373 usque

2010 1402 2076 1453 ad
2113 1411 2412 1455 extremam
2442 1409 2655 1453 aetatem
2694 1399 2934 1469 virgines
2964 1396 3365 1467 permansisse:
3400 1395 3568 1450 ﬁlium

2012 1507 2139 1547 vero
2170 1491 2343 1561 ipsum
2372 1505 2589 1561 quoque
2626 1491 2837 1544 veneris
2868 1498 3144 1561 expertem
3187 1489 3407 1544 vixisse.
3442 1487 3571 1555 Qum

2008 1600 2129 1638 cum
2160 1585 2229 1637 ita
2267 1584 2396 1648 sint,
2426 1583 2517 1637 illa
2554 1583 2762 1647 uxoris,
2790 1580 2859 1636 ob
2883 1597 3046 1651 quam
3069 1582 3344 1652 zelotypize
3378 1597 3572 1648 argue-

2011 1674 2189 1738 batur,
2230 1688 2412 1728 coram
2442 1672 2703 1743 aposmlis
2731 1672 3036 1742 productio,
3074 1673 3327 1727 indicium
3350 1681 3468 1727 erat
3490 1672 3570 1725 al-

2011 1764 2187 1820 l‘et'tus
2215 1766 2402 1821 domiti
2436 1775 2603 1835 atque
2650 1764 2950 1819 eXStincti:
2994 1775 3049 1818 et
3096 1764 3274 1818 verbis
3319 1764 3447 1825 illis,
3475 1778 3568 1817 sua

321 1859 421 1913 καὶ
462 1859 552 1912 τὸν
581 1858 828 1913 Ματθίαν
855 1857 999 1912 οὕτω
1032 1858 1259 1924 διδάξαι,
1305 1860 1469 1931 σαρκὶ
1504 1860 1601 1931 μὲν
1637 1859 1893 1930 μάχεσθαι

2008 1872 2275 1927 quemque
2320 1871 2486 1911 carne
2541 1855 2694 1910 abuti
2754 1867 3025 1926 oportere.
3064 1854 3394 1923 voluptatum
3437 1868 3574 1922 quas

321 1950 421 2002 καὶ
443 1943 847 2021 παρᾶχρᾶσθαι,
875 1948 1037 2021 μηδὲν
1061 1949 1196 2020 αὐτῇ
1222 1948 1356 2021 πρὸς
1379 1949 1570 2020 ἡδονὴν
1603 1947 1896 2009 ἐνδιδόντα.

321 2041 500 2111 ψυχὴν
533 2040 588 2093 δὲ
619 2039 804 2104 αὔξειν
834 2039 923 2093 διὰ
961 2040 1194 2105 πίστεως
1228 2041 1321 2094 καὶ
1348 2039 1617 2110 γνώσεως.
1661 2059 1678 2091 ι
1719 2038 1900 2092 Ταῦτα

326 2132 429 2204 μὲν
454 2128 547 2186 οὖν
593 2134 721 2202 περὶ
758 2133 865 2186 τῶν
910 2132 1049 2186 κατά
1093 2133 1217 2196 τοὺς
1263 2131 1625 2204 δηλουμένους
1672 2130 1901 2202 χρόνους

322 2223 779 2295 παραϐραὸεῡσαι
807 2224 905 2295 τὴν
938 2224 1193 2295 ἀλήθειαν
1227 2226 1711 2296 ἐγκεχειρηκὸτων,
1740 2224 1898 2293 λόγου

320 2332 389 2385 γε
434 2316 539 2386 μὴν
572 2315 763 2370 θᾶττον
795 2318 876 2379 είς
906 2316 967 2369 τὸ
1006 2316 1265 2381 παντελὲς
1309 2318 1696 2389 ἀπεσϐηκὸτων
1745 2320 1896 2391 είρή-

327 2405 457 2460 σθω.

2008 1950 2253 2004 homines
2313 1958 2593 2018 tantopere
2643 1957 2924 2018 appetunt,
2972 1948 3093 2018 luga
3148 1957 3200 2002 et
3237 1947 3568 2002 continentia

2006 2041 2321 2096 docebatur.
2355 2036 2491 2094 Nam
2538 2040 2690 2110 juxta
2745 2039 2954 2094 Domini
3004 2047 3331 2110 praceptum
3363 2038 3571 2093 duobus

2003 2133 2161 2186 simul
2191 2132 2424 2187 dominis
2453 2131 2660 2187 servire
2687 2131 2921 2195 nolebat,
2969 2131 3226 2201 voluptati
3249 2141 3301 2186 et
3327 2130 3565 2186 Christo.

2003 2226 2142 2293 Quin
2182 2234 2237 2280 et
2272 2225 2525 2279 Matthias
2552 2225 2691 2278 idem
2732 2223 2990 2279 docuisse
3020 2223 3239 2291 dicitur,
3277 2224 3569 2293 carniqui-

2004 2318 2124 2370 dem
2157 2315 2353 2370 bellum
2404 2315 2771 2379 indicendum,
2818 2329 2989 2386 eaque
3044 2315 3370 2369 abutendum
3406 2330 3567 2381 esse,

2006 2422 2181 2477 neque
2213 2406 2376 2460 ullam
2411 2406 2459 2461 ei
2494 2406 2907 2477 permittendum
2932 2404 3260 2476 voluptatem
3287 2420 3302 2458 :
3331 2403 3568 2457 animam

326 2514 454 2554 vero
479 2499 592 2560 lide,
615 2515 679 2555 ac
700 2500 922 2556 scientia
949 2503 1245 2574 augendam
1273 2518 1413 2560 esse.
1455 2505 1631 2575 Atque
1662 2507 1773 2559 haec
1803 2505 1867 2558 de
1932 2503 2015 2557 his
2047 2504 2137 2574 qui
2197 2503 2342 2559 circa
2408 2503 2522 2558 haec
2589 2512 2828 2571 tempora
2882 2501 3166 2556 veritatem
3221 2513 3569 2568 corrumpere

328 2591 521 2658 adorti,
555 2591 696 2647 dicto
716 2592 875 2647 citius
904 2595 1158 2649 exstincti
1190 2604 1335 2661 sunt,
1358 2611 1388 2651 a
1420 2598 1572 2653 nobis
1594 2596 1734 2652 dicta
1764 2596 2049 2652 suﬂiciant.

851 2710 1247 2765 ΚΕΦΑΛΑΙΟΝ
1288 2714 1334 2766 Λ
1353 2754 1369 2769 .

326 2819 464 2889 Περὶ
516 2819 636 2875 τῶν
676 2821 764 2897 ἐν,
790 2822 1099 2897 συζυγίαις
1146 2825 1590 2897 ἐξετησθέντων
1639 2828 1898 2881 ἀποστό-

728 2895 855 2946 λων
883 2893 947 2963 (.V
972 2910 1022 2948 c.
1056 2894 1125 2949 II.
1164 2895 1231 2951 E.
1258 2913 1317 2960 Il,
1343 2897 1455 2969 44).

405 3006 462 3059 '0
496 3006 680 3077 μέντοι
696 3007 945 3080 Κλήμης,
986 2999 1048 3061 οὗ
1089 3009 1187 3073 τὰς
1221 3009 1403 3080 φωνὰς
1431 3011 1629 3083 ἀρτίως
1658 3011 1896 3078 ἀνέγνω-

331 3111 461 3167 μιν,
503 3100 616 3161 τοῖς
665 3099 1082 3171 προειρημένοις
1128 3099 1253 3171 ἑξῆς
1286 3100 1375 3155 διά
1405 3103 1530 3165 τοὺς
1571 3102 1895 3176 ἀθετοῦντάς

2565 2712 2791 2768 CAPUT
2829 2712 3001 2768 xxx.
3086 2678 3091 2681 ’

2215 2826 2292 2882 De
2326 2825 2574 2897 apostolis
2596 2826 2689 2897 qui
2721 2827 2777 2879 in
2805 2825 3051 2895 conjugio
3088 2825 3353 2880 vixerunt.

2070 3003 2240 3058 Porro
2274 3002 2561 3067 Clemens,
2600 3003 2757 3067 cujus
2790 3003 2952 3058 verba
2985 3001 3146 3056 modo
3175 3002 3524 3057 recitarimus
3547 3041 3565 3069 ,

2000 3102 2122 3165 post
2154 3094 2241 3148 illa
2269 3108 2387 3163 qua:
2413 3110 2442 3147 a
2469 3093 2623 3149 nobis
2653 3093 2820 3149 relata
2845 3102 2999 3156 sunt,
3029 3101 3314 3148 enumerat
3348 3101 3577 3162 aposto-'

326 3189 518 3259 γάμον,
547 3192 674 3254 τοὺς
706 3190 816 3243 τῶν
850 3192 1163 3246 ἀποστόλων
1196 3193 1581 3259 ἐξετασθέντας
1622 3196 1680 3248 ἐν
1728 3196 1859 3260 συζυ

1999 3186 2077 3241 los
2098 3186 2187 3255 qui
2217 3200 2413 3241 uxores
2447 3185 2784 3251 habuerant,
2828 3186 2883 3240 in
2931 3187 3161 3256 gratiam
3207 3184 3564 3253 quorumdam

326 3282 471 3349 γίαις
509 3282 795 3352 καταλέγει
829 3285 1080 3352 φάσκων
1120 3304 1139 3337 ‹
1185 3286 1257 3338 Ἦ
1291 3287 1538 3348 καὶτοὺς
1569 3287 1895 3351 ἀποστόλους

325 3372 808 3444 ἀποδοκιμάσουσις
829 3375 1033 3447 Πέτρος
1068 3376 1167 3447 μὲν
1190 3377 1298 3449 γὰρ
1327 3376 1421 3431 καὶ
1443 3377 1706 3441 Φίλιππος
1736 3380 1894 3431 ἐπαι-

325 3461 693 3536 δοποιήσαντοο
720 3466 982 3531 Φίλιππος
1015 3467 1070 3521 δὲ
1103 3468 1197 3522 καὶ
1226 3468 1323 3533 τάς
1365 3469 1673 3542 θυγατέρας
1701 3469 1896 3541 ἀνδρά-

328 3570 409 3608 σιν
430 3555 679 3620 ἐξέδωκε.
716 3560 825 3612 Καὶ
853 3559 883 3613 ὅ
909 3577 972 3629 γε
1003 3559 1214 3625 Παῦλος
1242 3563 1340 3615 οὐκ
1368 3563 1517 3617 ὀκνεῖ
1548 3563 1604 3619 ἐν
1618 3580 1722 3616 τινι
1746 3564 1892 3620 Ἐπι-

328 3648 479 3720 στολῇ
533 3648 630 3721 τὴν
690 3649 855 3705 αὑτοῦ
920 3653 1360 3727 προσαγορεῦσαι
1414 3654 1665 3724 σύζυγον,
1711 3656 1778 3729 ἣν
1832 3659 1891 3711 οὐ

326 3740 693 3811 περιεκόμιζε,
718 3742 806 3795 διὰ
826 3742 886 3796 τὸ
913 3743 1014 3813 τῆς
1040 3745 1342 3816 ὑπηρεσίας
1370 3747 1645 3811 εὐσταλές.
1680 3767 1698 3799 ι
1743 3750 1893 3803 Ἐπεὶ

323 3829 376 3883 δὲ
404 3830 606 3885 τούτων
636 3833 1008 3905 ἐμνήσθημεν,
1042 3836 1104 3888 οὐ
1154 3836 1316 3893 λυπεῖ
1360 3840 1455 3894 καί
1497 3841 1661 3913 ἄλλην
1699 3841 1895 3907 ἁξιοδι-

324 3920 520 3991 ήγητον
566 3923 805 3994 ἱστορίαν
847 3923 943 3977 τοῦ
988 3927 1150 3981 αὑτοῦ
1198 3930 1577 4001 παραθέσθαι,
1623 3934 1689 4005 ἣν
1716 3935 1772 3987 ἐν
1814 3932 1892 4004 τῷ

323 4011 529 4083 ἑϐδόμῳ
561 4014 901 4084 Στρωματεῖ
944 4018 1132 4073 τοῦτον
1185 4021 1413 4093 ίστορῶν
1467 4024 1742 4097 ἀνέγραψε
1799 4025 1892 4079 τὸν

320 4102 541 4174 τρόπον’
575 4123 595 4157 ι
626 4106 763 4160 Φασὶ
799 4109 930 4177 γοῦν
965 4111 1058 4164 τὸν
1088 4112 1359 4183 μακάριον
1388 4115 1592 4187 Πέτρον
1624 4115 1892 4186 θεασάμε-

322 4209 408 4246 νον
432 4193 531 4265 τὴν
559 4196 753 4251 ἑαυτοῦ
779 4203 1007 4267 γυναῖκα
1033 4202 1389 4277 ἀπαγομένην
1412 4206 1512 4277 τὴν
1536 4208 1629 4260 ἐπὶ
1652 4207 1884 4276 θανάτῳ,

321 4281 548 4353 ἡσθῆναι
594 4285 692 4355 μὲν
732 4287 832 4356 τῆς
860 4287 1102 4359 κλήσεως
1130 4290 1289 4361 χάριν
1332 4294 1426 4345 καὶ
1468 4294 1569 4364 τῆς
1615 4294 1701 4349 ἐπ’
1745 4290 1891 4349 οἷκον

321 4373 649 4447 ἀνακομιδῆς
675 4377 808 4450 (49),
838 4381 1181 4453 ἐπιφωνῆσαι
1208 4383 1266 4436 δὲ
1292 4379 1351 4437 εὖ
1385 4384 1531 4455 μάλα
1563 4402 1892 4457 προτρεπτι-

318 4464 428 4529 κῶς
472 4467 565 4520 καὶ
608 4470 1033 4541 παρακλητικιῖκ
1086 4474 1147 4541 ἐξ
1191 4475 1456 4546 ὀνόματος
1500 4478 1906 4549 προσειπόντα·-

1998 3278 2154 3349 102
2168 3278 2257 3348 qui
2279 3280 2491 3347 nuptias
2513 3278 2859 3335 damnabunt.
2890 3278 3001 3333 «An
3027 3278 3185 3344 forte,
3215 3277 3407 3347 inquit,
3435 3292 3568 3335 800—

1994 3373 2165 3428 stolos
2196 3372 2611 3443 improbabunt?
2631 3371 2827 3428 Petrus
2856 3372 3003 3428 enim
3034 3380 3087 3426 et
3118 3370 3400 3441 Philippus
3434 3370 3562 3423 libe-

1995 3482 2085 3523 ros
2101 3480 2167 3521 ex
2190 3466 2441 3538 legitimis
2468 3467 2670 3535 nuptiis
2690 3476 3065 3536 procrearunt.
3099 3465 3380 3534 Philippus
3399 3462 3563 3518 etiam

1996 3558 2137 3613 tilias
2159 3559 2291 3613 viris
2312 3557 2618 3614 collocavit.
2642 3556 2837 3611 Paulus
2860 3571 3072 3626 quoque
3095 3557 3146 3608 iu
3171 3557 3407 3624 quadam
3430 3554 3563 3622 Εμί-

1993 3648 2128 3703 stola
2163 3664 2317 3703 suam
2364 3649 2534 3719 ipsius
2586 3649 2872 3719 conjugem
2906 3647 3236 3716 compellare
3271 3662 3376 3700 non
3403 3660 3564 3701 vere-

1995 3752 2099 3797 tur.
2133 3742 2308 3808 Quam
2343 3752 2520 3796 tamen
2550 3741 2669 3796 ideo
2714 3755 2900 3797 secum
2923 3741 3150 3796 minime
3177 3741 3561 3804 circumduxit,

1996 3843 2053 3886 ut
2088 3834 2393 3904 expeditior
2423 3833 2782 3888 ministerium
2811 3847 2971 3887 suum
3007 3833 3204 3887 obiret.
3239 3850 3259 3885 ›
3297 3831 3403 3888 Sed
3431 3846 3565 3901 quo-

1993 3924 2135 3977 niam
2190 3925 2239 3977 in
2281 3923 2425 3979 hunc
2475 3936 2787 3979 sermonem
2840 3921 3157 3986 incidimus,
3207 3938 3313 3977 non
3359 3922 3564 3993 pigebit

1990 4017 2150 4070 aliam
2179 4030 2395 4086 quoque
2418 4024 2719 4071 memoratu
2745 4014 2963 4085 dignam
2990 4015 3235 4084 ejusdem
3265 4014 3563 4070 Clementis

1992 4109 2356 4164 narrationem
2380 4122 2673 4179 apponere,
2694 4121 2816 4178 qua)
2843 4107 2896 4162 in
2915 4108 3149 4177 septimo
3173 4107 3412 4176 ejusdem
3435 4122 3564 4176 ope-

1993 4202 2068 4257 ris
2103 4200 2241 4257 libro
2269 4200 2506 4256 refertur
2533 4199 2584 4254 in
2612 4199 2757 4255 hunc
2800 4200 3016 4254 modum
3051 4216 3065 4253 :
3100 4217 3120 4252 ι
3141 4200 3329 4265 Aiunt,
3361 4200 3559 4271 inquit,

1991 4295 2209 4351 beatum
2238 4293 2484 4361 Petrum,
2516 4310 2641 4350 cum
2668 4311 2893 4353 uxorem
2919 4310 3072 4350 suam
3106 4294 3229 4349 duci
3260 4294 3326 4348 ad
3360 4292 3563 4364 suppli-

1991 4386 2133 4441 cium
2163 4386 2411 4450 vidisset,
2432 4384 2629 4455 gaudio
2648 4385 2975 4450 exsultasse,
2996 4387 3142 4457 quod
3162 4401 3191 4439 a
3217 4385 3324 4440 Deo
3344 4394 3560 4448 vocata.

1994 4495 2057 4535 ac
2086 4493 2211 4535 mox
2235 4479 2289 4533 in
2316 4480 2547 4550 patriam
2579 4480 2819 4535 reditura
2855 4490 3003 4535 esset
3032 4496 3046 4534 :
3083 4494 3313 4549 eamque
3340 4481 3562 4550 proprio

529 4685 756 4770 ᾏπαζῶς
780 4690 877 4744 καί
903 4692 1342 4770 ἀϐασανίστως.
1368 4694 1493 4752 Haec
1522 4699 1686 4752 verba
1714 4697 1884 4770 reler-

1999 4698 2276 4756 Nicolaitte
2293 4713 2469 4755 autem
2496 4712 2645 4756 erant
2674 4703 2765 4758 illo
2809 4714 3036 4770 tempore
3085 4701 3196 4769 [icti
3226 4703 3459 4757 homines
3511 4717 3559 4759 et

316 4755 360 4809 ri
387 4755 585 4834 debent
609 4755 1421 4834 οιΙΔκατακολουθήσαντες,ἠοιι
1453 4776 1633 4822 autem
1682 4769 1748 4821 ad
1781 4785 1878 4819 vo-

312 4839 438 4908 c‘em.
484 4829 786 4908 νείρῃμένῳ.
847 4831 1004 4908 Quod
1055 4829 1207 4908 "cum
1247 4829 1353 4892 non
1408 4839 1884 4892 animadvertisset

312 4895 1243 4977 Christopliorsoitus.‘auClementis
1287 4921 1447 4960 sensu
1507 4908 1663 4977 longe
1726 4909 1884 4961 aber-

313 4966 470 5047 ravit:
502 4965 691 5047 .Neque
719 4971 863 5024 enim
900 4972 1028 5047 illud
1088 4984 1197 5047 tum
1240 4977 1462 5041 dictum,
1522 4965 1631 5029 ιιιιῖὶ
1679 4977 1880 5031 factum

311 5033 538 5101 Nicolai,
573 5033 773 5092 temere
800 5049 856 5093 et
906 5043 1303 5099 inconsiderate
1364 5047 1412 5100 ei
1450 5033 1740 5102 'excidissc
1804 5047 1884 5101 ait

310 5103 580 5187 Clemens.
615 5108 726 5163 lino
754 5110 853 5187 hoc
893 5111 1095 5187 Nicolai
1134 5117 1534 5187 apophthegma
1585 5118 1750 5170 fuisse
1783 5116 1879 5168 du-

314 5182 401 5259 cit
427 5176 477 5228 in
496 5176 659 5259 _libro
693 5195 728 5259 III
761 5177 1073 5259 Qroqwtei
1093 5176 1191 5237 sub
1218 5176 1534 5259 11ηθιηίΔεί
1589 5187 1877 5259 παραχρᾶ-

312 5243 433 5326 σθαι
460 5249 527 5318 τῇ
558 5248 756 5326 σαρκί..
772 5248 925 5316 Quod
949 5243 1411 5326 quidemhdictum'
1434 5243 1879 5324 sectatorizs'ejus

310 5316 382 5368 ita
414 5316 758 5395 interpretati
787 5332 935 5385 sunt,
967 5316 1126 5395 quasi
1154 5322 1409 5379 Nicolaus
1439 5316 1879 5395 unumquemque

306 5398 470 5464 carne
496 5400 596 5441 sua
637 5390 705 5442 ad
730 5404 944 5464 omnem
979 5394 1309 5461 voluptatem
1351 5406 1408 5448 et
1438 5390 1715 5450 lasciviam
1745 5390 1880 5450 abu-

310 5462 345 5506 ti
374 5469 633 5536 Oportere
669 5462 1038 5536 praecepisset,
1070 5478 1191 5536 cum
1230 5476 1407 5519 tamen
1435 5464 1691 5521 Nicolaus
1718 5466 1879 5536 plane

308 5532 646 5607 contrarium
693 5532 799 5607 ho_c
837 5533 1010 5607 _d_icto
1035 5603 1047 5607 _
1082 5534 1459 5603 intellexisset,
1513 5552 1685 5607 neque
1718 5532 1882 5592 carni

307 5591 727 5671 baiidquaquam
758 5600 1143 5671 indulgendum
1176 5619 1332 5668 esse,
1362 5591 1458 5660 sed
1490 5591 1615 5660 eam.
1651 5591 1882 5662 doman-

309 5662 430 5737 dam
458 5662 512 5719 et
542 5662 759 5724 assidua
807 5662 1023 5725 virtutis
1085 5662 1479 5730 exercitatione
1524 5675 1883 5737 fatigandam.

308 5730 476 5789 Porro
494 5739 562 5793 de
595 5740 789 5795 ιηηεί
837 5738 1225 5805 Nicolaitarum
1272 5730 1597 5803 Victorinus,
1625 5730 1884 5803 i’etabio;

309 5808 493 5863 neusis
520 5810 812 5881 episcOpus
849 5811 905 5866 in
951 5813 1353 5871 Commentariis
1378 5820 1433 5871 in
1461 5819 1824 5890 Apocalypsim
1860 5839 1880 5876 :

1988 4770 2245 4839 pestifcri,
2276 4773 2364 4840 qui
2396 4772 2491 4825 sub
2519 4775 2726 4826 nomine
2776 4772 2988 4828 Νίσοιαὶ
3035 4772 3267 4825 ministri
3322 4772 3557 4841 fecerunt

1988 4842 2369 4904 sibi/turresim,
2402 4851 2456 4894 ut
2504 4844 2794 4896 delibatum
2825 4844 3221 4895 exorcizaretur
3246 4852 3293 4894 et
3329 4850 3558 4897 mandu-

1988 4910 2101 4962 cari
2123 4924 2399 4977 posset;et
2428 4914 2723 4982 quicunque
2746 4912 3036 4982 fornicatus
3085 4921 3186 4975 est,
3243 4922 3427 4968 octava
3473 4916 3559 4971 die

1983 4996 2163 5047 pacem
2200 4988 2474 5047 acciperet.

2058 5049 2302 5123 (inﬂat
2330 5052 2368 5120 ἡ
2394 5052 2722 5121 ἐγκράτεια.
2765 5050 2888 5106 llatc
2919 5066 3014 5123 per
3051 5051 3327 5123 enallagen
3372 5052 3561 5109 dicun-

1986 5127 2075 5171 tur
2112 5120 2442 5176 aClemente
2466 5123 2852 5176 Alexandrino.
2906 5122 2996 5175 Sic
3038 5123 3183 5175 enim
3237 5120 3556 5191 accipienda

1984 5196 2113 5268 sunt
2135 5193 2287 5268 quasi
2321 5192 2527 5268 diceret
2562 5191 3073 5268 venerantmandat:
3108 5195 3175 5265 τῇ
3229 5193 3431 5268 σαρκὶ-,ί
3459 5196 3559 5268 τὴν

1985 5259 2307 5332 ἐγκράτειαν
2325 5261 2524 5333 ἡδονῶν
2557 5259 2820 5317 ἐδίδασκε.
2852 5259 3007 5328 Quod
3037 5259 3266 5319 Rutilius
3288 5259 3344 5319 et
3375 5259 3561 5321 Chris-

1990 5335 2353 5397 tophorsnnus
2395 5348 2499 5384 nun
2540 5334 2942 5388 intellexerunt.

2058 5400 2169 5469 (48)
2198 5401 2360 5455 Κατὰ
2382 5400 2499 5472 τὴν
2522 5401 2628 5456 τοῦ
2648 5402 2923 5472 Σωτῆρος
2935 5402 3213 5471 ἐντολήν.
3248 5403 3433 5459 Nostri
3461 5421 3558 5459 co—

1987 5470 2134 5541 dices
2184 5473 2344 5541 Mar...
2377 5471 2519 5525 Med.
2562 5483 2617 5525 et
2665 5470 3105 5541 Fuk.vsrriptum
3154 5475 3357 5529 habent
3414 5476 3559 5531 κατὰ

1985 5540 2085 5616 τὴν
2116 5540 2209 5594 τοῦ
2258 5542 2463 5616 Κυρίου
2490 5542 2585 5616 καὶ
2611 5543 2867 5616 Σωτῆρος
2888 5540 3122 5615 ἐντολήν.
3181 5545 3313 5616 Qua:
3374 5552 3556 5601 tamen

1987 5613 2108 5684 duae
2130 5612 2464 5684 vocesapnd
2493 5612 2826 5684 Clementem
2854 5616 3011 5669 hodie
3052 5612 3157 5684 non
3182 5614 3453 5684 leguntur.

2061 5680 2175 5749 (49)
2208 5682 2317 5755 Καὶ
2344 5680 2572 5755 τῆςλίὲξΐ
2593 5682 2761 5755 οἶκον
2787 5682 3173 5755 ἀνακομιδῆς.
3216 5680 3317 5755 Sic
3343 5686 3394 5737 iu
3423 5699 3561 5751 qna-

1989 5759 2111 5805 tuor
2142 5754 2341 5807 nostris
2364 5752 2644 5807 codicibus
2676 5753 2839 5819 Maz.,
2865 5752 3175 5818 Med.,Fuk.
3203 5765 3257 5808 et
3284 5752 3558 5808 Saviliano

1987 5823 2206 5891 legitur,
2228 5823 2430 5879 rectius
2443 5838 2605 5894 quant
2629 5827 2787 5894 vulgo
2815 5825 3017 5879 editum
3037 5826 3130 5879 καὶ
3150 5828 3250 5894 τῆς
3275 5824 3356 5887 είς
3385 5820 3554 5881 οἷκον-
