4016 6260
453 343 565 401 πθ

1170 343 1442 401 EUSEBII
1479 340 1957 402 CESARIENSIS
1994 344 2147 424 OPP.
2187 344 2368 401 PARS
2407 347 2447 402 l.
2489 378 2557 388 --
2594 344 2981 403 HISTORICA.

3582 351 3689 407 980

458 462 677 520 nomine
719 461 1155 533 compellantem,
1204 464 1509 523 hortatorio
1557 476 1613 523 et
1659 467 2024 523 consolatorio

2142 466 2405 538 Μέμνησο,
2449 462 2493 520 ὦ
2520 466 2687 538 αὕτη,
2720 467 2812 521 τοῦ
2851 466 3078 539 Κυρίου.
3135 456 3386 532 Τοιοῦτος
3414 462 3484 540 ἦν
3519 470 3549 524 ὁ
3584 469 3690 525 τῶν

455 555 604 612 vocis
632 568 767 611 sono
802 555 1123 613 inclamasse
1151 574 1169 613 :
1197 556 1412 623 Mulier,
1467 569 1736 616 memento
1785 560 2017 616 Domini.

360 692 363 695 .
457 647 768 718 llujusmodi
804 658 965 703 erant
991 659 1300 704 sanctorum
1336 651 1603 705 connubia
1638 669 1652 705 :
1710 651 2017 722 hujusmodi

454 746 573 791 erat
586 735 1027 817 charissimorum
1053 738 1288 807 perfecta
1302 739 1567 797 dilectio.»
1599 741 1772 809 Atque
1799 739 1913 796 haec
1939 750 2022 795 ut-

456 835 582 896 pote
596 828 848 899 praesenti
863 841 1178 899 argumento
1193 831 1616 898 accommodata,
1635 842 1940 903 opportune
1967 835 2019 888 in

456 922 601 978 hunc
623 920 802 977 locum
828 921 1180 989 coniecimus.

999 1010 1230 1068 CAPUT
1264 1011 1455 1069 XXXI.

800 1102 880 1158 De
901 1100 1129 1158 Joannis
1160 1114 1208 1158 et
1241 1104 1473 1175 Philippi
1505 1106 1668 1162 obitu.

530 1263 606 1318 De
637 1261 804 1318 Paulo
833 1262 1051 1332 quidem
1106 1273 1162 1318 et
1196 1261 1383 1328 Petro,
1438 1274 1650 1336 tempus
1702 1278 1757 1321 et
1806 1268 2021 1324 modum

454 1354 640 1421 caedis,
679 1355 968 1425 locumque
992 1354 1045 1408 in
1087 1370 1194 1424 quo
1216 1355 1480 1410 cadavera
1517 1357 1754 1425 ipsorum
1784 1357 2022 1429 deposita

455 1458 601 1510 sunt,
626 1446 738 1518 jam
775 1448 1026 1517 superius
1060 1448 1362 1503 retulimus.
1403 1448 1477 1503 De
1497 1448 1706 1505 Joanne
1730 1465 1862 1507 vero
1884 1460 2024 1505 tem-

457 1555 558 1605 pus
585 1539 804 1610 quidem
831 1543 1005 1609 ipsum
1042 1540 1222 1610 aliqua
1260 1556 1324 1595 ex
1382 1552 1540 1610 parte
1570 1542 1977 1613 designavimus
2007 1563 2021 1597 :

458 1633 606 1688 locus
643 1646 773 1686 vero
805 1632 858 1686 in
913 1646 1020 1700 quo
1053 1632 1296 1698 sepultus
1347 1641 1453 1695 est,
1482 1648 1547 1686 ex
1584 1631 1889 1705 Polycratis
1933 1634 2023 1704 qui

460 1724 853 1793 lﬂpliesinorum
891 1722 1145 1778 Ecclesia:
1180 1724 1467 1793 episcopus
1503 1723 1632 1785 fuit.
1665 1725 1891 1796 epistola
1931 1727 2026 1782 de—

2125 558 2410 630 μακαρίων
2444 557 2639 630 γάμος,
2671 561 2766 613 καὶ
2799 562 2832 632 ἡ
2867 559 2975 613 τῶν
3004 559 3277 628 φιλτάτων
3300 559 3480 614 τελεία
3512 561 3691 616 διάθες

2123 665 2224 713 σις.
2266 668 2284 700 ι
2311 649 2422 702 Καὶ
2452 649 2623 703 ταῦτα
2647 650 2692 703 δ’
2725 652 2897 704 οἰκεῖα
2927 651 3057 705 ὄντα
3079 653 3146 723 τῇ
3178 651 3317 723 μετὰ
3348 654 3535 723 χεῖρας
3561 654 3693 708 ὑπο-

2123 737 2291 802 θέσει,
2322 738 2555 831 ἐνταῦθά
2580 758 2668 811 μοι
2696 741 2836 796 κατὰ
2861 741 3050 815 καιρὸν
3078 742 3302 798 κείσθω.

2623 1003 3020 1058 ΚΕΦΑΛΑῘΟΝ
3047 1006 3174 1060 AA'.

2192 1094 2334 1164 Περὶ
2386 1095 2497 1164 τῆς
2534 1093 2950 1168 ἰωάιρνουλξιαζ
2987 1097 3285 1152 Φιλίππου
3336 1097 3625 1168 τελευτῆς

2631 1165 2770 1235 (Nic.
2804 1165 2874 1221 Η.
2902 1164 2971 1220 Ε.
3001 1183 3040 1232 ι,
3080 1167 3193 1236 55).

2194 1256 2407 1310 Παύλου
2463 1257 2560 1328 μὲν
2606 1252 2699 1311 οὖν
2740 1259 2835 1313 καὶ
2880 1259 3087 1333 Πέτρου
3125 1259 3225 1330 τῆς
3262 1261 3517 1334 τελευτῆς
3555 1263 3584 1318 ὅ
3634 1280 3694 1318 τε

2124 1347 2312 1420 χρόνος
2357 1348 2450 1402 καὶ
2500 1351 2528 1402 ὁ
2572 1350 2794 1421 τρόπος,
2840 1352 2934 1404 καὶ
2985 1352 3208 1422 προσέτι
3260 1354 3358 1426 τῆς
3406 1355 3543 1426 μετὰ
3597 1354 3697 1427 τὴν

2124 1439 2439 1513 ἀπαλλαγὴν
2488 1441 2579 1495 τοῦ
2634 1441 2747 1513 βίου
2803 1442 2910 1496 τῶν
2965 1444 3334 1516 σκηνωμάτων
3376 1445 3556 1498 αὐτῶν
3596 1463 3697 1499 κα-

2125 1530 2395 1595 ταθέσεως
2439 1533 2467 1584 ὁ
2507 1531 2703 1605 χῶρος,
2748 1533 2850 1605 ἤδη
2900 1533 3163 1605 πρότερον
3207 1535 3336 1607 ἡμῖν
3381 1535 3696 1607 δεδήλωται.

2127 1621 2230 1675 Τοῦ
2259 1622 2317 1676 δὲ
2370 1623 2637 1687 Ἰωάννου,
2679 1623 2747 1677 τὰ
2790 1626 2887 1696 μὲν
2929 1623 3021 1678 τοῦ
3068 1626 3261 1699 χρόνου
3308 1628 3408 1701 ἤδη
3450 1646 3567 1693 πως
3618 1628 3696 1682 si"

2130 1730 2307 1784 ρηται,
2364 1714 2424 1767 τὸ
2473 1714 2529 1767 δέ
2576 1732 2639 1784 γε
2700 1715 2793 1768 τοῦ
2852 1715 3207 1787 σκηνώματος
3266 1718 3427 1772 αὑτοῦ
3477 1719 3696 1791 χωρίον,

459 1824 810 1871 monstratur.
845 1814 902 1869 ln
935 1830 1038 1885 qua
1080 1815 1328 1871 scribens
1358 1817 1422 1870 ad
1464 1814 1732 1871 Victorem
1770 1816 2027 1874 Romana:

2142 1804 2185 1871 :E
2253 1806 2538 1877 ἐπιπολῆς
2610 1807 2986 1881 Πολυκράτους
3069 1807 3203 1881 (τῆς
3264 1811 3309 1864 δ’
3361 1814 3419 1865 ὲν
3489 1811 3701 1885 Ἐφέσῳ

459 1906 610 1962 urbis
629 1908 964 1974 episcopum,
990 1902 1217 1960 Joannis
1243 1906 1404 1960 simul
1430 1922 1493 1963 ac
1516 1906 1749 1977 Philippi
1777 1909 2026 1975 apostoli,

457 1999 807 2070 ejusdemque
818 1997 1046 2052 ﬁliarum
1069 1999 1394 2061 mentionem
1411 1998 1535 2056 facit
1551 2001 1633 2055 his
1652 2000 1849 2056 verbis:
1862 2020 1880 2052 ι
1894 2000 2026 2055 Nam

458 2092 583 2146 etin
603 2090 755 2156 Asia,
788 2090 980 2159 inquit,
1026 2106 1216 2160 magna
1259 2091 1501 2161 quaedam
1530 2091 1729 2147 lumina
1763 2093 2027 2148 exstincta

460 2194 606 2249 sunt,
639 2199 759 2254 quas
802 2183 1213 2240 suscitabuntur
1241 2183 1295 2238 in
1338 2185 1636 2240 novissimo
1657 2186 1742 2240 die
1768 2190 2029 2242 adventus

463 2275 696 2339 Domini,
721 2283 848 2331 tunc
874 2290 996 2329 cum
1023 2273 1090 2331 de
1119 2276 1254 2330 coelo
1274 2277 1452 2331 veniet
1475 2290 1596 2331 cum
1623 2277 1813 2347 gloria,
1836 2289 1890 2333 et
1908 2281 2030 2334 uni-

460 2380 648 2421 versos
680 2376 898 2424 sanctos
926 2366 1209 2435 requiret:
1269 2365 1572 2438 Philippum
1620 2368 1881 2440 intelligo,
1934 2369 2026 2440 qui

465 2458 564 2513 fuit
585 2473 725 2512 unus
749 2473 817 2514 ex
839 2458 1122 2513 duodecim
1139 2458 1423 2528 apostolis,
1441 2468 1790 2531 mortuusque
1809 2471 1891 2515 est
1911 2461 2030 2517 Ilie-

464 2550 632 2620 rapoli
681 2565 803 2606 cum
837 2550 979 2605 binis
1010 2550 1222 2606 ﬁliabus
1251 2566 1371 2621 qua:
1410 2551 1463 2605 in
1498 2552 1806 2624 virginitate
1832 2570 2025 2610 conse-

465 2654 721 2698 nuerunt.
769 2640 952 2697 Altera
988 2657 1205 2713 quoque
1253 2643 1370 2712 ejus
1402 2642 1509 2696 ﬁlia
1542 2659 1662 2714 quas
1684 2646 2024 2714 spiritualem

471 2736 759 2806 quamdam
811 2735 975 2789 vitam
1002 2735 1174 2799 duxit,
1227 2736 1423 2805 Ephesi
1479 2738 1686 2808 sepulta
1714 2748 1815 2794 est.
1844 2739 1947 2794 Sed
1975 2748 2029 2796 et

464 2826 723 2892 Joannes,
746 2827 836 2895 qui
868 2841 1029 2895 supra
1055 2837 1244 2896 pectus
1272 2827 1482 2883 Domini
1516 2830 1786 2896 recubuit,
1818 2831 2029 2902 fuitque

467 2918 722 2974 sacerdos
753 2916 848 2973 Dei
886 2917 1140 2973 laminam
1173 2930 1414 2989 gestans,
1433 2930 1485 2975 et
1519 2929 1724 2993 martyr
1743 2924 1798 2978 et
1816 2924 2025 2988 doctor,

468 3010 575 3076 hic,
592 3010 831 3078 inquam,
856 3009 1092 3065 JOannes
1115 3010 1168 3064 in
1197 3011 1326 3066 urbe
1338 3012 1551 3082 Epheso
1566 3014 1817 3069 conditus
1830 3013 1845 3085 ᾗ
1853 3027 1965 3070 acet
1977 3056 1989 3069 .
2005 3035 2024 3070 ι

2119 1898 2416 1970 παροικίας
2468 1900 2764 1964 ἐπίσκοπος
2817 1896 2969 1965 οὗτος
3016 1897 3131 1973 ἦν)
3184 1903 3578 1959 ἐπιδείκνυται*
3636 1907 3705 1978 ἦν

2129 1991 2381 2061 Οὖίκτορι
2415 1993 2698 2063 Ῥωμαίων
2721 1995 3002 2065 ὲπισκόπῳ
3028 1994 3277 2066 γράφων,
3301 1996 3435 2068 ὁμοῦ
3460 2014 3520 2050 τε
3540 1998 3701 2053 αὐτοῦ

2128 2082 2221 2137 καὶ
2245 2082 2509 2137 Φιλίππου
2547 2085 2875 2155 μνημονεύει
2904 2085 2994 2139 τοῦ
3027 2086 3348 2152 ἀποστόλου,
3370 2088 3479 2142 τῶν
3502 2107 3560 2143 τε
3589 2089 3704 2143 τού-

2128 2192 2218 2228 του
2268 2174 2580 2246 θυγατέρων
2621 2171 2724 2230 ὧδέ
2763 2194 2899 2241 πως·
2945 2196 2963 2228 ι
3013 2177 3122 2231 Καὶ
3151 2178 3261 2252 γὰρ
3299 2180 3395 2234 κα)⁸
3438 2180 3579 2234 κατὰ
3606 2181 3704 2251 τὴν
3749 2224 3752 2227 τ

2142 2265 2333 2322 Ἀσίαν
2364 2267 2575 2338 μεγάλα
2604 2271 2840 2340 στοιχεῖα
2861 2268 2970 2341 (50)
3000 2271 3326 2343 κεκοίμηται
3346 2290 3359 2303 ’
3388 2274 3545 2329 ἅτινα
3570 2275 3703 2328 ἀνα-

2131 2359 2387 2428 στήσεται
2408 2361 2473 2430 τῇ
2498 2360 2704 2433 ἐσχάτῃ
2724 2360 2905 2433 ἡμέρᾳ
2920 2361 3018 2432 τῆς
3044 2364 3343 2434 παρουσίας
3363 2366 3456 2420 τοῦ
3474 2367 3703 2439 Κυρίου,

2129 2457 2186 2509 ἐν
2218 2449 2252 2531 ᾖ
2287 2456 2503 2531 ἔρχεται
2542 2461 2678 2531 μετὰ
2700 2461 2858 2533 δόξης
2886 2463 2945 2529 ἐξ
2969 2460 3219 2532 οὐρανοῦ,
3256 2462 3350 2514 καὶ
3375 2460 3705 2529 ἀναξητήσει

2130 2547 2337 2613 πάντας
2367 2552 2493 2614 τοὺς
2521 2552 2729 2620 ἁγίους,
2771 2553 3036 2607 Φίλιππον
3068 2553 3160 2606 τὸν
3197 2552 3306 2606 τῶν
3349 2550 3558 2605 δώδεκα
3590 2549 3703 2621 (51)

2129 2642 2463 2708 ἀποστόλων,
2514 2644 2575 2707 ὃς
2624 2645 2945 2717 κεκοίμηται
2994 2647 3053 2698 έν
3110 2642 3435 2716 Ἱεραπόλει,
3476 2643 3569 2697 καὶ
3612 2639 3705 2695 δύο

2128 2734 2426 2807 θυγατέρες
2454 2736 2618 2791 αὐτοῦ
2643 2740 3009 2812 γεγηρακυῖαι
3044 2737 3327 2809 παρθένοι,
3351 2736 3446 2790 καί
3473 2737 3506 2807 ἡ
3545 2734 3708 2809 ἑτέρα

2129 2826 2296 2882 αὑτοῦ
2321 2829 2434 2900 (52)
2454 2828 2658 2903 θυγάτη
2669 2848 2698 2903 ρ
2719 2832 2776 2883 ἐν
2791 2831 2933 2902 ἁγίῳ
2953 2829 3231 2901 Πνεύματι
3252 2828 3704 2899 πολιτευσαμένη,

2129 2920 2163 2990 ἢ
2192 2921 2250 2974 ὲν
2296 2922 2505 2994 Ἐφέσῳ
2530 2923 2892 2978 ἀναπαύεται.
2926 2923 3048 2975 Ἔτι
3072 2922 3128 2974 δὲ
3154 2922 3248 2975 καὶ⁵
3281 2921 3535 2992 Ἰωάννης
3562 2923 3591 2974 ὁ
3615 2920 3708 2973 ἐπὶ

2128 3009 2189 3062 τὸ
2220 3013 2417 3083 στῆθος
2449 3014 2542 3069 τοῦ
2581 3014 2788 3088 Κυρίου
2819 3013 3130 3081 ἀναπεσὼν,
3168 3014 3227 3078 ὃς
3265 3012 3499 3085 ἐγενήθη
3530 3012 3710 3084 ἱερεὺς

469 3101 625 3172 ιο3
659 3102 725 3156 Et
754 3104 869 3158 haec
900 3102 1115 3172 quidem
1165 3105 1231 3157 de
1272 3103 1484 3158 illorum
1534 3106 1707 3160 obitu.
1756 3104 2027 3162 Prwterea

2142 3102 2191 3156 τὸ
2216 3105 2447 3161 πέταλον
2472 3106 2819 3179 πεφορηκὼς,
2848 3106 2942 3160 καὶ
2975 3106 3205 3177 μάρτυς,
3233 3104 3329 3158 καὶ
3356 3104 3673 3168 διδάσκαλος
3693 3143 3710 3171 ,

470 3195 522 3249 in
566 3194 941 3266 Dialogo_Caii
998 3195 1155 3265 cujus
1185 3211 1348 3268 supra
1396 3195 1623 3253 fecimus
1680 3200 2032 3268 mentionem,

2142 3192 2294 3262 οὗτος
2323 3201 2381 3253 ὲν
2426 3172 2636 3269 Ἐφέσιρ
2673 3172 3021 3270 κεκοίμηται.
3118 3195 3303 3250 Ταῦτα
3330 3197 3426 3250 καὶ
3454 3196 3583 3268 περὶ
3613 3195 3714 3268 τῆς

540 3396 653 3468 (50)
686 3396 932 3471 Mercuri
952 3397 1634 3471 egoizsi’aallieronymus
1662 3410 1717 3456 et
1763 3402 2036 3461 Musculus

466 3480 725 3524 elementa
769 3470 950 3535 vertit,
994 3469 1517 3537 Cbristopltorsonu's
1573 3473 1904 3531 seminaria:
1940 3476 2037 3530 sed

466 3538 673 3606 optime
707 3537 1162 3594 ltuﬁnuslumina
1216 3541 1622 3608 interpretatur.
1676 3540 1810 3594 Nam
1861 3544 2035 3600 Graeci

469 3610 622 3690 signa
666 3607 876 3664 zodiaci
909 3610 1146 3691 στοιχεῖα
1182 3609 1357 3691 solent
1413 3610 1703 3679 appellare.
1762 3613 1855 3668 Sic
1896 3616 2037 3683 apud

470 3678 762 3747 Diogenem
799 3676 1074 3732 Laertium
1111 3695 1161 3731 in
1203 3677 1317 3732 Vita
1346 3677 1684 3734 Menedemi:
1727 3682 1889 3747 Πῖλος
1915 3685 2037 3747 ’Λρ-

473 3701 762 3747 υιυξζυηυιιι
801 3701 1074 3732 ιλὶητηῑυιιι
1111 3701 1161 3731 ΙΙΙ
1206 3701 1317 3732 γιια
1346 3701 1637 3734 ωεηεαεηιι
1666 3701 1684 3734 ἶ
1727 3701 1889 3748 ιιιΑος
1928 3701 2040 3773 Ae‘

470 3747 690 3822 καδικὸς
719 3747 825 3822 ἐπὶ,Δ
847 3751 947 3822 τῆς
962 3748 1213 3822 κεφαλῆς
1250 3749 1388 3822 ἔχων
1419 3750 1768 3822 ἐνυφασμένα
1816 3753 1886 3807 τὰ
1938 3755 2040 3808 δω-

469 3818 601 3893 όεκα
628 3820 883 3893 στοιχεῖα,
917 3818 1206 3893 Sieautetn
1243 3818 1811 3893 vocabant'ea'signa
1863 3827 2039 3893 genti—

471 3891 576 3955 les,
612 3888 773 3957 quod
801 3888 1063 3958 principia
1114 3890 1238 3944 vitae
1279 3889 1557 3945 hominum
1591 3906 1658 3946 ac
1710 3888 1938 3949 fortunae
1987 3897 2038 3949 in

473 3960 747 4033 iis_posita_
780 3975 900 4033 esse
939 3960 1365 4033 existimarent_,_
1393 3969 1452 4014 ut
1499 3962 1656 4033 docet
1712 3962 2042 4033 Epiphanius

472 4032 526 4105 in
552 4029 1252 4105 limre‘siPharisaiorum‘:
1301 4029 1409 4105 Τά-
1434 4031 1678 4105 ματαίως
1716 4029 2044 4105 νομιζόμενα

468 4102 572 4174 είς-
588 4098 1121 4174 άριθμὸνῌστοιχείων
1145 4102 1267 4174 τοῖς,
1282 4098 1720 4174 πεπλανημένοις
1745 4098 1981 4174 ὀνόματα
2009 4104 2046 4158 ἃ

474 4168 644 4243 ζῴδια
678 4168 1093 4243 καλοῦσιν.ηυι)ἰ
1120 4170 1218 4243 t-:_l;._
1245 4169 1481 4243 ἀριθμόν
1520 4168 1754 4243 ponitur
1807 4168 1903 4243 pro
1963 4178 2046 4238 εἰς

474 4242 655 4309 λόγον.
691 4241 869 4306 Quare
905 4238 1111 4309 fallitur
1126 4238 1428 4309 §almasius
1468 4240 1522 4293 in
1570 4241 1711 4297 libro
1763 4238 1840 4297 De
1894 4248 2047 4298 annis

476 4307 866 4384 climactericis,
896 4307 1183 4384 pag._577._
1200 4307 1383 4377 Neque
1404 4312 1547 4384 enim
1572 4309 1744 4367 Grieci
1788 4317 2047 4384 στοιχεῖον

477 4394 715 4448 unquam
739 4380 995 4432 dixerunt
1026 4379 1312 4446 imaginem
1346 4389 1438 4431 aut
1463 4379 1714 4448 ﬁgurant.
1904 4379 1936 4384 ”

547 4449 660 4525 (5t)
696 4448 996 4525 Φίλιππον
1026 4446 1134 4501 τὸν
1158 4446 1275 4501 τῶν
1308 4446 1554 4525 «ididem.
1594 4451 2016 4525 Christophorso

2145 3404 2459 3475 virginitate
2483 3411 2905 3475 consenuerunt.
2933 3403 3143 3475 Estquo
3173 3403 3468 3474 colligitur,
3496 3405 3709 3462 tertiam

2144 3472 2286 3531 hanc
2314 3474 2431 3547 viro
2462 3484 2686 3547 nuptam
2750 3472 2935 3530 fuisse.
2991 3472 3176 3547 Neque
3223 3472 3355 3529 vero
3381 3475 3463 3547 _id
3510 3486 3714 3547 pugnat

2145 3562 2266 3601 cum
2302 3544 2478 3612 capite
2509 3560 2599 3600 XXI
2662 3544 2893 3616 Actutum
2936 3544 3330 3614 apostolorum.
3381 3544 3710 3616 Responderi

2145 3616 2289 3671 enim
2321 3623 2521 3686 potes_t,
2553 3625 2665 3667 tum
2701 3614 2919 3686 quidem
2952 3616 3168 3686 cumtea
3227 3614 3550 3686 gererentur
3595 3631 3714 3686 quae

2146 3683 2412 3741 memorat
2467 3683 2644 3739 Lucas
2671 3723 2685 3748 ,
2720 3683 2978 3754 Philippi
3028 3685 3166 3740 ﬁlias
3218 3683 3384 3740 fuisse
3424 3683 3707 3754 virgines:

2145 3764 2329 3822 postea
2378 3765 2552 3808 tamen
2590 3769 2751 3808 unam
2777 3770 2843 3807 ex
2868 3755 2972 3809 illis
3006 3771 3035 3810 a
3063 3765 3213 3824 patre
3257 3763 3477 3823 nuptum
3506 3757 3709 3811 datam.

2148 3825 2569 3893 ldqueinnuere
2636 3826 2848 3879 videtur
2897 3824 3148 3880 Clemens
3203 3825 3598 3883 Alexandrinus
3657 3828 3710 3881 in

2147 3896 2328 3950 verbis
2353 3910 2472 3963 quae
2495 3909 2655 3963 supra
2687 3895 2925 3949 citantur
2948 3896 3015 3949 ab
3051 3895 3305 3949 Eusebio.
3337 3895 3502 3956 Porro
3555 3896 3715 3951 Chri-

2149 3967 2544 4033 stopborsonus
2588 3966 2800 4019 tertiam
2854 3966 2991 4019 hanc
3015 3965 3248 4032 Philippi
3311 3965 3529 4029 ﬁliam,
3588 3982 3711 4020 cum

2151 4037 2364 4091 duabus
2397 4036 2502 4089 illis
2531 4035 2806 4101 prioribus
2844 4034 3109 4089 confudit.
3156 4035 3321 4102 Cujus
3363 4036 3540 4090 versio
3599 4051 3713 4090 me.

2154 4106 2261 4160 rito
2290 4106 2528 4161 turbavit
2567 4103 2881 4170 Baronium,
2908 4114 2965 4157 ut
2994 4115 3140 4174 patet
3185 4121 3249 4159 ex
3300 4105 3593 4160 Annalibus
3643 4107 3713 4160 ad

2151 4193 2348 4248 annum
2377 4175 2579 4248 Christi
2611 4175 2700 4248 58,
2743 4189 2864 4242 cap.
2891 4176 3012 4248 H3.
3048 4176 3259 4248 ltepetit
3290 4175 3430 4231 hunc
3456 4175 3712 4248 Polycrate

2153 4246 2218 4316 tis
2247 4247 2423 4300 locum
2461 4244 2727 4300 Eusebius
2763 4258 2949 4301 noster
2989 4246 3040 4299 iu
3075 4245 3168 4316 lib.
3196 4262 3249 4310 v,
3284 4261 3403 4316 cap.
3456 4244 3572 4310 24,
3620 4247 3710 4301 ubi

2149 4315 2675 4385 Chrislophorsonus
2704 4325 2812 4370 tres
2838 4316 3069 4385 Philippi
3102 4315 3240 4371 ﬁlias
3270 4315 3417 4371 recte
3440 4317 3712 4383 distinxit,

2149 4396 2205 4440 et
2254 4387 2488 4453 priorem
2541 4400 2697 4438 suum
2767 4402 3007 4441 errorem
3070 4388 3395 4442 emendavit.
3448 4387 3711 4442 Caeterum

2152 4458 2317 4524 quaeri
2344 4458 2431 4528 hic
2456 4457 2689 4528 __merit_o_
2723 4467 2901 4524 potest
2950 4472 3048 4510 cur
3073 4456 3385 4528 Polycrates
3410 4466 3528 4528 tres
3572 4460 3711 4511 dun-

476 4520 580 4595 nus
609 4522 711 4574 hoc
742 4520 858 4574 loco
912 4533 1252 4595 nequaquam
1279 4520 1452 4595 ___boni
1505 4520 1831 4592 interpretis
1870 4524 2049 4581 oﬁicio
2081 4531 2127 4587 D
2160 4520 2307 4580 ιίιχειι
2346 4525 2589 4595 Philippi
2618 4520 2758 4580 ﬁlias
2780 4520 3190 4592 memoraverit;
3234 4542 3357 4581 cum
3406 4527 3456 4580 in
3490 4527 3714 4583 Actibus

480 4593 698 4646 Iunctus
732 4600 850 4651 est.
893 4586 1015 4658 qui'
1042 4586 1143 4659 pro
1194 4586 1442 4658 Philippo
1501 4605 1607 4647 uno
1647 4586 1713 4647 ex
1762 4595 2047 4650 duodecim

480 4661 776 4730 apostolis,
817 4659 1126 4731 Philippum
1180 4673 1345 4731 unum
1412 4674 1479 4713 ex
1542 4673 1749 4731 septem
1805 4665 2049 4722 diaconis

479 4729 783 4805 substituit.
816 4729 987 4786 Vetus
1019 4729 1355 4805 quidemhic
1385 4745 1544 4784 error
1569 4729 1693 4805 fuit,
1718 4745 1798 4805 _ttt
1848 4733 2051 4805 Philip-

480 4817 605 4875 pum
631 4801 917 4875 diaconum
940 4809 996 4856 et
1028 4800 1415 4875 evangelistam
1443 4815 1581 4875 _cutn
1632 4802 1878 4872 Philippo
1921 4800 2051 4875 apo-

481 4870 627 4927 Stoln
648 4870 1067 4925 confunderent.
1100 4870 1168 4925 Et
1191 4871 1317 4940 quia
1345 4871 1399 4925 in
1427 4871 1654 4926 Actibus
1681 4870 2048 4940 apostolorum

480 4956 604 5011 cap.
629 4957 744 5007 χχι,
768 4940 1005 5015 Philippi
1028 4940 1645 5015 evangelistiequatuor
1697 4940 1840 4998 ﬁlias
1886 4946 2051 5015 virgi-

482 5014 979 5082 nesprophetasse
1028 5011 1318 5082 legerant,
1375 5011 1680 5081 Philippum
1749 5011 2050 5081 apostolum

482 5081 764 5152 coniugem
826 5081 1102 5152 habuisse
1139 5082 1388 5152 ethtilias
1427 5084 1731 5152 suscepisse
1773 5087 2054 5148 dixerunt,

481 5151 560 5225 ita
586 5150 803 5225 praeter
821 5151 1162 5225 Polycratem
1187 5150 1440 5225 Clemens
1461 5150 1862 5225 Alexandrinus
1890 5171 2051 5225 supra

481 5224 537 5279 in
568 5221 745 5291 capite
773 5221 863 5289 50,
890 5233 943 5277 et
982 5221 1179 5292 Papias
1232 5222 1396 5280 infra.
1462 5223 1656 5292 Verum
1706 5240 1772 5279 ex
1824 5221 2052 5282 Actibus

484 5290 853 5363 apostolorum
885 5290 1176 5348 manifesto
1200 5293 1476 5365 colligitur
1498 5290 1824 5365 Philippum
1872 5298 2054 5351 diaco-

482 5379 640 5428 num,
676 5379 800 5435 euin
834 5380 864 5419 a
894 5378 1002 5435 quo
1028 5366 1315 5435 eunuchus
1360 5364 1673 5433 baptizatus
1691 5377 1798 5431 est,
1851 5378 1906 5421 et
1959 5368 2051 5434 qui

482 5445 719 5502 quatuor
750 5434 944 5490 habuit
995 5434 1134 5489 tilias
1166 5435 1572 5502 prophetantes,
1610 5435 1774 5489 alium
1823 5436 1995 5491 fuisse
2023 5455 2051 5491 a

486 5504 732 5575 Philippo
786 5503 1073 5575 apostolos
1112 5505 1245 5558 Vide
1290 5503 1556 5558 lsidorum
1612 5506 1943 5562 Pelusiotam
2000 5510 2052 5561 in

484 5573 1112 5658 librolprimohepistola
1145 5575 1270 5658 H7,
1299 5584 1354 5629 et
1405 5579 1786 5647 sequentibus,
1854 5578 1944 5632 ubi
2001 5580 2053 5633 id

485 5647 827 5715 apertissime
848 5647 1204 5701 demonstrat.

490 5716 670 5799 “‘52)
703 5715 1068 5799 [gain-e132)?
1099 5715 1310 5775 αὐτοῦ.
1340 5716 1577 5799 Tertiam
1636 5718 1779 5799 hanc
1821 5717 2053 5799 Philippi

484 5785 913 5857 ﬁliainsejungit
938 5785 1262 5860 Polycrates
1316 5802 1348 5842 a
1395 5786 1604 5843 duabus
1667 5790 1790 5844 aliis
1830 5785 2050 5860 qtae—in

2155 4608 2387 4665 quatuor
2412 4596 2534 4649 ﬁliae
2572 4594 2802 4664 Philippi
2837 4605 3216 4651 numerentur.
3253 4597 3573 4665 Respondeo
3613 4596 3715 4652 Po-

2154 4667 2415 4737 lycratem
2449 4682 2637 4721 earnm
2667 4668 2929 4721 duntaxat
2963 4668 3292 4722 mentionem
3340 4668 3555 4735 fecisse,
3595 4682 3717 4736 quae

2154 4737 2206 4789 in
2234 4738 2358 4790 Asia
2396 4747 2622 4791 mortua:
2666 4738 2997 4805 scpultacque
3044 4747 3261 4802 essent,
3299 4747 3359 4791 ut
3401 4737 3589 4792 videre
3630 4748 3717 4791 est

2153 4806 2207 4877 in
2258 4807 2470 4877 integra
2509 4808 2678 4877 ipsius
2710 4807 2937 4876 epistola
2973 4806 3357 4877 quaerefertur
3383 4809 3437 4862 in
3476 4806 3629 4877 libro
3659 4823 3711 4861 v.

2152 4875 2284 4930 Cum
2323 4875 2486 4945 igitur
2512 4875 2616 4930 una
2665 4875 3006 4946 ex’quatuor‘
3060 4875 3168 4931 illis
3202 4877 3416 4932 ﬁliabus
3457 4876 3716 4932 Cassarete

2154 4957 2248 4999 aut
2280 4946 2406 5003 alibi
2439 4958 2647 5002 mortua
2671 4961 2836 5011 esset,
2870 4949 2992 5002 ideo
3015 4948 3213 5001 nullam
3244 4946 3362 5014 ejus
3385 4948 3715 5001 mentionem

2154 5014 2284 5088 iecit
2332 5018 2666 5088 Polycrates.
2728 5020 2896 5072 Porro
2938 5033 3003 5071 ex
3069 5017 3281 5072 ﬁliabus
3334 5018 3562 5087 Philippi
3610 5032 3716 5071 una

2157 5087 2467 5152 licrniione,
2537 5088 2704 5157 altera
2761 5088 3025 5157 Eutychis
3064 5088 3366 5143 dicebatur.
3432 5089 3524 5143 Sic
3571 5088 3715 5142 enim

2155 5159 2414 5211 scribitur
2451 5161 2504 5212 in
2545 5156 2748 5227 Menam
2778 5156 3094 5214 Graecorum
3130 5176 3144 5212 :
3184 5158 3281 5213 Die
3314 5158 3349 5211 4
3397 5158 3717 5227 Septembris

2154 5228 2575 5281 commemoratio
2612 5226 2672 5281 S.
2703 5227 3023 5292 Hermionae,
3053 5230 3210 5282 unius
3232 5246 3298 5283 ea:
3327 5240 3553 5297 quatuor
3576 5227 3719 5297 ﬁlia-

2156 5298 2247 5350 bus
2287 5297 2516 5365 Philippi
2545 5299 2789 5365 apostoli,
2816 5299 2907 5359 qui
2949 5299 3226 5365 baptizavit
3251 5300 3544 5354 eunuchum
3577 5296 3720 5350 Can-

2155 5369 2334 5421 daces.
2362 5367 2490 5423 Haec
2541 5380 2586 5421 et
2613 5383 2761 5438 soror
2795 5368 2908 5437 ejus
2952 5366 3204 5438 Eutychis
3264 5373 3320 5424 in
3360 5371 3543 5423 Asiam
3582 5368 3717 5421 venit

2155 5448 2271 5508 p_ost
2335 5451 2552 5491 mortem
2619 5437 2846 5508 Joannis
2904 5437 3153 5508 apostoli,
3206 5451 3314 5498 elc.
3370 5438 3583 5507 Sepulta
3644 5447 3721 5492 est

2156 5504 2369 5579 Ephesi.
2407 5510 2572 5579 Igitur
2601 5522 2664 5563 ex
2720 5504 2946 5563 Meua’o'
2980 5511 3259 5576 discimus,
3304 5504 3517 5579 tertiam
3574 5507 3720 5561 illam

2158 5576 2386 5649 Philippi
2433 5576 2625 5640 ﬁliam,
2675 5579 2742 5632 de
2798 5596 2901 5648 qua
2958 5581 3045 5634 hic
3107 5582 3346 5648 loquitur
3390 5578 3721 5647 Polycrates,

2161 5644 2506 5704 llernli'ouem
2538 5644 2859 5718 appellatam
2892 5649 3083 5704 fuisse.
3138 5644 3350 5706 Etenim
3404 5644 3722 5719 Polycrates

2159 5733 2277 5772 eam
2318 5721 2515 5789 hpliesi
2566 5717 2833 5788 Sepultum
2889 5735 3010 5789 esse
3056 5722 3377 5786 dicit,.cum
3442 5717 3562 5776 dua:
3608 5717 3724 5787 ejus

2161 5782 2377 5846 sorores
2416 5782 2643 5861 sepultai
2673 5800 2856 5846 essent
2884 5782 3179 5862 Hierapoli.
