4016 6260
372 351 472 408 281

1348 345 1700 404 ιιιετοειιΑε
1741 347 2296 406 ΕεοιΕειΑετιωΕ
2336 333 2462 402 me.
2506 348 2591 402 ιιι.

3487 349 3596 404 282

369 463 532 519 τῶνδε
554 462 835 533 τελευτῆς.
861 461 974 516 Καὶ
1009 461 1066 516 ὲν
1090 461 1169 533 τῷ
1199 462 1361 517 Γαΐου
1384 463 1463 527 δὲ,
1494 457 1557 518 οὗ
1593 463 1772 536 μικρῷ
1807 464 1938 537 πρό-

2042 464 2262 521 Proclus
2294 466 2549 520 adversus
2582 476 2742 531 quem
2776 461 3021 519 instituta
3061 470 3145 520 est
3179 462 3494 532 disputatio.
3527 465 3596 523 de

369 559 491 613 σθεν
504 555 746 629 ἐμνήσθη
755 573 876 627 μεν,
894 558 1178 626 Διαλόγῳ,
1192 554 1455 628 Πρόκλος,
1473 557 1608 629 πρὸς
1622 558 1681 611 ὃν
1701 560 1935 612 ἐποιεῖτο

365 651 465 722 τὴν
492 649 738 721 ζήτησιν,
769 648 897 721 περὶ
937 647 1036 718 τῆς
1059 647 1323 702 Φιλίππου
1355 649 1448 703 καὶ
1485 649 1594 704 τῶν
1624 649 1934 724 θυγατέρων

367 742 532 798 αὑτοῦ
558 742 812 814 τελευτῆς
837 741 1076 813 συνᾴδων
1100 742 1214 806 τοῖς
1236 741 1554 805 ἐκτεθεῖσιν,
1572 742 1714 795 οὑτω
1730 741 1893 815 φησίν
1915 760 1929 773 ο

373 852 392 884 ι
439 831 596 886 Μετὰ
629 829 789 884 τοῦτο
822 831 881 885 δὲ
920 831 1248 903 προφήτιδες
1290 831 1553 903 τέσσαρες
1586 832 1643 885 αί
1666 832 1931 887 Φιλίππου

363 923 685 994 γεγένηνται
735 923 793 977 ἐν
849 922 1146 995 Ἱεραπόλει
1191 926 1258 995 τῇ
1311 923 1453 978 κατὰ
1498 924 1595 996 τὴν
1650 926 1862 979 Ἀσίαν’
1905 926 1934 979 ὁ

362 1015 535 1085 τάφος
572 1014 752 1069 αὑτῶν
786 1016 931 1069 ἐστιν
966 1016 1102 1079 ἐκεῖ,
1144 1016 1240 1070 καὶ
1274 1020 1303 1069 ὁ
1332 1015 1424 1069 τοῦ
1449 1016 1654 1086 πατρὸς
1674 1017 1874 1070 αὐτῶν.
1908 1036 1927 1068 ι

362 1108 551 1165 Ταῦτα
580 1107 679 1180 μὲν
708 1100 881 1172 οὗτος.
929 1107 986 1161 '0
1017 1107 1074 1160 δὲ
1102 1108 1315 1171 Λουκᾶς
1345 1109 1403 1161 ἐν
1426 1110 1543 1172 ταῖς
1566 1108 1804 1179 Πρὰξεσι
1824 1108 1933 1162 τῶν

360 1200 695 1263 meum,
733 1199 844 1254 τῶν
881 1200 1147 1255 Φιλίππου
1184 1200 1498 1272 θυγατέρων
1543 1203 1598 1254 ὲν
1627 1201 1932 1273 Καισαρείᾳ

360 1293 462 1364 τῆς
506 1292 763 1357 Ἰουδαίας
787 1292 905 1362 ἆμα
923 1290 1000 1363 τῷ
1029 1294 1198 1364 πατρὶ
1227 1292 1349 1345 τότε
1369 1292 1777 1364 διατριϐουσῶν,
1800 1310 1931 1365 προ-

360 1382 595 1457 φητικοῦ
616 1401 676 1437 τε
714 1384 1052 1455 χαρίσματος
1074 1383 1412 1454 ¹ἠξιωμένων,
1445 1382 1769 1455 μνημονεύει
1792 1383 1934 1438 κατὰ

360 1475 512 1543 λέξιν
544 1471 644 1529 ὧδέ
678 1493 795 1539 πως
824 1475 994 1544 λέγων
1014 1492 1027 1504 ο
1083 1493 1103 1525 ι
1151 1474 1425 1546 Ἦλθομεν
1456 1477 1536 1538 είς
1576 1475 1930 1547 Καισάρειαν,

359 1562 461 1618 καὶ
493 1563 824 1627 εἰσελθόντες
851 1565 933 1628 εἰς
962 1563 1051 1616 τὸν
1089 1560 1236 1617 οἷκον
1265 1563 1532 1618 Φιλίππου
1575 1565 1669 1619 τοῦ
1708 1566 1934 1635 εὐαγγε-

356 1655 545 1710 λιστοῦ
592 1657 745 1720 ὖντος
792 1659 857 1710 ὲκ
895 1654 1002 1708 τῶν
1051 1657 1213 1720 ἑπτὰ,
1259 1657 1551 1729 ἐμείναμεν
1592 1660 1720 1732 παρ’
1761 1658 1929 1731 αὐτῷ.

360 1747 552 1819 Τούτῳ
595 1748 652 1802 δὲ
694 1744 834 1821 ἦσαν
877 1748 1137 1820 παρθένοι
1169 1748 1465 1821 θυγατέρες
1507 1751 1768 1823 τέσσαρες
1802 1768 1934 1823 προ-

361 1840 715 1910 φητεύουσαι.
770 1860 789 1893 ι
842 1840 924 1894 Τὰ
968 1841 1065 1912 μὲν
1112 1837 1206 1894 οὖν
1256 1843 1336 1905 εἰς
1387 1843 1660 1915 ἡμετέραν
1712 1843 1932 1896 ἐλθόντα

2035 559 2268 630 Philippi
2300 559 2524 630 ejusque
2557 557 2791 612 ﬁliarum
2828 558 2999 623 exitu,
3050 558 3209 627 plane
3250 559 3596 614 consentiens

2033 650 2246 705 cum‘iis
2266 664 2385 719 quae
2401 651 2560 705 modo
2583 648 2881 713 retulimus,
2901 649 2978 704 sic
3001 650 3077 703 ait
3106 666 3121 702 :
3154 669 3172 701 ι
3201 649 3445 717 Quatuor
3475 658 3595 719 post

2036 743 2149 796 htec
2191 741 2420 810 Philippi
2464 741 2590 796 ﬁliae
2642 740 2986 810 prophetides
3036 739 3258 795 fuerunt
3318 740 3590 811 Hierapoli

2033 834 2179 890 Asia:
2207 834 2455 899 civitate,
2483 835 2573 888 ubi
2605 834 2767 889 etiam
2811 848 2998 888 earum
3041 843 3097 888 et
3151 835 3321 905 patris
3360 834 3591 907 Philippi

2033 925 2339 996 sepulcrum
2364 926 2579 980 visitur.
2605 944 2625 978 ι
2662 925 2786 980 Haec
2812 925 2919 980 ille.
2950 923 3126 981 Lucas
3153 940 3285 982 vero
3304 927 3356 981 in
3370 928 3596 983 Actibus

2034 1016 2421 1087 apostolorum,
2457 1016 2685 1087 Philippi
2720 1016 2952 1071 ﬁliarum
2996 1017 3278 1077 meminit.
3311 1033 3429 1087 qua
3456 1020 3597 1075 dono

2031 1109 2327 1180 prophetia:
2367 1121 2595 1172 ornatae,
2650 1110 2790 1178 apud
2853 1110 3152 1165 Czesaream
3212 1108 3411 1166 ludicre
3470 1118 3599 1166 tunc

2035 1204 2294 1274 temporis
2329 1220 2448 1258 cum
2494 1216 2645 1274 patre
2693 1203 2978 1272 degebant.
3027 1202 3352 1265 «Venimus.
3400 1204 3595 1272 inquit.

2032 1297 2334 1351 Caesaream
2368 1314 2383 1350 :
2415 1307 2469 1350 et
2509 1295 2739 1364 ingressi
2767 1294 2821 1349 in
2862 1296 3076 1349 domum
3106 1293 3335 1363 Philippi
3365 1307 3599 1364 evange-

2034 1389 2192 1456 listte,
2225 1390 2316 1459 qui
2353 1398 2471 1444 erat
2494 1403 2631 1442 unus
2656 1402 2685 1442 e
2710 1395 2937 1455 septem,
2963 1385 3258 1440 mansimus
3282 1387 3424 1454 apud
3449 1399 3596 1442 eum.

2035 1483 2169 1538 Huic
2201 1494 2382 1537 autem
2416 1491 2572 1536 erant
2592 1490 2824 1550 quatuor
2850 1480 2969 1532 ﬁliae
3006 1479 3240 1548 virgines
3268 1479 3600 1548 pr0phetau-

2036 1587 2136 1628 tes.
2166 1594 2185 1625 ι
2227 1572 2499 1642 Expositis
2525 1572 2690 1643 igitur
2719 1571 2979 1625 hactenus
3005 1584 3338 1640 quaecunque
3360 1568 3425 1622 ad
3458 1570 3600 1622 noti-

2035 1666 2163 1719 tiam
2203 1671 2442 1719 nostram
2469 1670 2873 1733 pervenerunt,
2923 1671 3033 1714 tum
3064 1661 3128 1714 de
3164 1659 3423 1730 apostolis
3466 1660 3599 1728 ipsis

2033 1766 2088 1812 et
2136 1759 2205 1812 de
2234 1741 2477 1824 tempore
2513 1754 2691 1809 obitus
2723 1751 3098 1820 singulorum,
3141 1761 3252 1805 tum
3310 1750 3378 1804 de
3427 1750 3599 1804 sacris

2034 1848 2403 1903 volo-minibus
2441 1862 2561 1915 quae
2587 1846 2743 1899 nohis
2770 1844 3105 1913 reliquerunt
3142 1860 3156 1896 :
3193 1842 3259 1896 ad
3302 1847 3417 1896 hac
3443 1841 3508 1895 de
3533 1841 3599 1895 iis

358 1930 565 1999 γνῶσιν
598 1930 725 2002 περί
757 1947 816 1983 τε
848 1930 956 1983 τῶν
994 1929 1307 1984 ἀποστόλων
1346 1930 1458 2003 (55)
1509 1932 1604 1986 καὶ
1655 1931 1762 1985 τῶν
1801 1933 1935 1986 ἀπο-

2042 1941 2186 1996 Ιιίιιῆε
2216 1941 2305 2010 qui
2336 1941 2387 1992 in
2413 1937 2631 1993 dubium
2655 1937 2873 2006 quidem
2900 1942 3246 1999 revocantur,
3275 1934 3326 1988 in
3351 1933 3599 2002 plurimis

362 2021 626 2075 σωλικῶν
658 2021 887 2094 χρόνων,
922 2015 996 2076 ὧν
1021 2040 1081 2076 τε
1108 2022 1561 2077 καταλελοίπασιν
1608 2025 1738 2094 ἡμῖν
1775 2023 1933 2094 ἱερῶν

2042 2044 2213 2087 tamen
2252 2029 2506 2085 Ecclesiis
2541 2029 2720 2098 palam
2752 2027 3009 2097 leguntur
3041 2047 3052 2081 :
3085 2035 3359 2095 postremo
3387 2025 3454 2080 de
3487 2023 3594 2078 illis

359 2111 724 2184 γραμμάτων,
750 2112 845 2166 καὶ
878 2113 987 2167 τῶν
1018 2114 1445 2185 ἀντιλεγομένων
1486 2113 1605 2184 μὲν,
1637 2114 1785 2183 ὅμως
1808 2113 1853 2165 δ’
1877 2115 1933 2166 ἐν

2042 2124 2124 2193 qui
2160 2122 2324 2192 plane
2362 2119 2534 2191 spurii
2563 2127 2728 2183 sunt,
2772 2128 2827 2174 et
2861 2134 2891 2171 a
2920 2127 3066 2173 recta
3099 2117 3207 2173 ﬁde
3245 2117 3597 2184 doctrinaque

362 2204 644 2268 πλείσταις
669 2204 961 2276 Ἐκκλησία
969 2223 1014 2269 ις
1026 2223 1101 2259 πα
1108 2205 1183 2279 ρὰ⁹
1191 2204 1403 2269 πολλοῖς
1415 2204 1536 2277 δεδη
1545 2220 1730 2275 μοσιευ
1738 2204 1932 2275 μένων,

2042 2209 2403 2280 apostolorum
2467 2206 2650 2273 alieni,
2703 2222 2848 2262 nunc
2905 2208 2971 2263 ad
3017 2207 3356 2276 sequentium
3418 2220 3600 2261 rerum

359 2298 472 2351 τῶν
514 2315 572 2350 τε
619 2297 901 2362 παντελῶς
929 2297 1098 2353 νόθων
1126 2299 1221 2353 καὶ
1252 2300 1351 2371 τῆς
1392 2298 1754 2369 ἀποστολικῆς
1782 2296 1936 2368 ὀρθο-

2042 2302 2406 2358 narrationem
2438 2301 2873 2373 progrediamur.

359 2388 541 2457 δοξίας
568 2389 862 2462 ἀλλοτρίων
889 2393 946 2444 ὲν
970 2391 1179 2456 τούτοις
1198 2391 1552 2463 διειληφότες,
1584 2390 1675 2444 ἐπὶ
1701 2390 1799 2462 τὴν
1829 2389 1935 2443 τῶν

361 2483 492 2553 ἑξῆς
524 2482 804 2554 προΐωμεν
835 2484 1098 2555 ἱστορίαν.

864 2574 1259 2629 ΚΕΦΑΛΑΙΟΝ
1297 2575 1420 2630 AB’.

365 2670 566 2735 Ὅπως
597 2669 842 2739 Συμεὼν
866 2672 900 2723 ό
945 2669 1378 2739 Ἰεροσολύμων
1404 2668 1735 2734 ἐπίσκοπος
1759 2668 1934 2738 ἐμαρ-

692 2740 957 2809 τύρησεν
995 2738 1137 2812 (Nic.
1161 2738 1335 2794 11.719.
1369 2756 1450 2801 ιιι,
1487 2740 1598 2809 16).

431 2830 588 2886 Μετὰ
614 2831 844 2904 Νέρωνα
871 2831 968 2885 καὶ
1005 2830 1352 2903 Δομετιανὸν,
1377 2829 1518 2884 κατὰ
1541 2828 1729 2882 τοῦτον
1753 2822 1814 2882 οῦ
1842 2827 1937 2882 νῦν

2107 2819 2238 2876 Post
2266 2819 2499 2877 Neronis
2553 2834 2617 2874 ac
2670 2817 2957 2873 Domitiani
3006 2815 3460 2889 persecutionem,
3505 2815 3605 2869 sub

361 2925 489 2988 τοὺς
524 2925 748 2997 χρόνους
785 2925 1132 2997 ἐξετάζομεν,
1179 2925 1418 2996 μερικῶς
1449 2925 1542 2979 καὶ
1575 2925 1717 2980 κατὰ
1758 2924 1938 2988 πόλεις

2042 2913 2143 2968 hoc
2188 2913 2341 2984 cujus
2364 2927 2507 2968 nunc
2541 2919 2781 2981 tempora
2817 2922 3310 2965 commemoramus
3346 2904 3605 2975 Traiano,

366 3012 427 3079 ἐξ
449 3015 872 3081 ἐπαναστάσεως
900 3016 1109 3088 δήμων,
1142 3017 1231 3071 τὸν
1254 3015 1377 3070 καθ’
1411 3019 1442 3087 ἡ
1452 3016 1568 3087 μῶν
1599 3016 1819 3088 κατέχει
1851 3016 1938 3070 λό-

2042 3005 2422 3075 particularem
2454 3004 2741 3074 quamdam
2771 3017 2867 3073 per
2894 3000 3136 3070 singulas
3164 3000 3413 3055 civitates
3435 3011 3605 3066 popu-

363 3124 459 3176 γος
496 3107 888 3181 ἀνακινηθῆναι
919 3108 1177 3179 διωγμόν.
1217 3108 1303 3162 Ἐν
1337 3100 1380 3176 ᾧ
1419 3108 1680 3180 Συμεῶνα
1723 3109 1813 3163 τὸν
1845 3108 1938 3163 τοῦ

2042 3100 2138 3155 lari
2175 3110 2322 3181 motu
2357 3100 2621 3154 adversus
2662 3106 2877 3153 nostros
2917 3094 3207 3150 excitatam
3256 3105 3377 3146 esse
3418 3102 3606 3159 perse-

364 3158 596 3265 l'iiwttd,
631 3200 692 3254 ὃν
714 3158 987 3273 ⁸δεύτερον

2042 3172 2308 3248 cntionem
2330 3190 2657 3262 accepimus.
2681 3187 2737 3243 ιιι
2774 3204 2878 3257 qua
2923 3187 3157 3257 Symeon
3201 3182 3412 3251 Cleopae
3439 3180 3601 3246 ﬁlius,

2582 2563 2809 2623 CAPUT
2843 2563 3059 2620 XXXII.

2040 2659 2313 2726 Quomodo
2355 2656 2582 2730 Symeon
2626 2657 3119 2730 Hierosolymorum
3147 2654 3414 2723 episcopus
3459 2668 3604 2707 mar-

2614 2729 2810 2798 tyrium
2837 2727 3017 2781 subiit.

370 3311 489 3363 μοις
545 3293 868 3365 Ἐκκλησίας
906 3293 1202 3347 ἐπίσκοπον
1251 3292 1616 3364 ἐδηλώσαμεν,
1657 3291 1937 3365 μαρτυρίῳ

365 3385 456 3439 τὸν
482 3384 596 3456 βίον
618 3384 882 3439 ἀναλῦσαι
910 3385 1344 3458 παρειλήφαμεν.
1371 3386 1480 3439 Καὶ
1511 3385 1699 3438 τούτου
1730 3385 1937 3457 μάρτυς

368 3476 528 3541 αὑτὸς
556 3477 782 3541 ἐκεῖνος,
831 3471 891 3532 οὑ
938 3477 1214 3550 διαφόροις
1256 3478 1354 3549 ήδη
1400 3478 1660 3550 πρότερον
1701 3478 1938 3550 ἐχρησά-

371 3567 509 3639 μεθα
541 3571 768 3638 φωναῖς,
813 3568 1153 3641 Ἡγήσιππος
1172 3585 1188 3600 ο
1217 3569 1273 3633 ὃς
1309 3569 1372 3643 δὴ
1406 3571 1532 3643 περί
1557 3588 1714 3626 τινων
1736 3574 1940 3644 αἱρετι-

370 3660 480 3714 κῶν
507 3660 754 3731 ἱστορῶν,
774 3661 1021 3732 ἐπιφέρει
1042 3661 1234 3732 δηλῶν,
1255 3663 1329 3726 ὡς
1342 3663 1450 3733 ἄρα
1465 3662 1569 3716 ὑπὸ
1583 3663 1786 3717 τούτων
1802 3663 1939 3718 κατὰ

367 3753 516 3807 τόνδε
544 3752 635 3807 τὸν
662 3752 849 3826 χρόνον
875 3753 1170 3823 ὑπομείνας
1197 3753 1552 3824 κατηγορίαν,
1581 3755 1934 3824 πολυτρόπως

368 3847 397 3898 ό
421 3844 768 3916 δηλούμενος,
801 3844 949 3898 ὠσάν
991 3845 1315 3916 Χριστιανὸς
1371 3846 1464 3898 ἐπὶ
1492 3846 1773 3910 πλείσταις
1795 3848 1940 3900 αἰκι-

373 3935 519 4000 σθεὶς
559 3936 812 4007 ἡμέραις,
845 3935 1003 3989 αὑτόν
1032 3953 1092 3989 τε
1120 3936 1209 3989 τὸν
1242 3936 1501 4008 δικαστὴν
1525 3937 1620 3991 καὶ
1648 3941 1775 4001 τοὺς
1800 3940 1937 4008 ἀμφ’

372 4028 533 4081 αὑτὸν
566 4029 646 4091 εἰς
690 4026 759 4080 τὰ
797 4026 1028 4098 μέγιστα
1067 4028 1441 4100 καταπλήξας,
1485 4029 1563 4100 τῷ
1595 4029 1689 4082 τοῦ
1735 4032 1943 4103 Κυρίου

374 4121 533 4176 πάθει
562 4120 941 4192 παραπλήσιον
968 4119 1120 4183 τέλος
1140 4119 1507 4191 ἀπηνέγκατο.
1545 4120 1711 4173 Οὐδὲν
1748 4122 1803 4174 δὲ
1832 4117 1942 4175 οἷον

372 4213 468 4267 καὶ
494 4212 588 4265 τοῦ
616 4212 974 4283 συγγραφέως
996 4210 1321 4277 ἐπακοῦσαι,
1349 4212 1487 4265 αὑτὰ
1516 4211 1580 4282 δὴ
1600 4212 1772 4266 ταῦτα
1806 4215 1943 4267 κατὰ

371 4303 512 4370 λέξιν
548 4298 650 4358 ὧδέ
679 4321 795 4367 πως
830 4302 1198 4375 ἱστοροῦντος·
1251 4322 1269 4355 ι
1334 4303 1465 4356 Ἀπὸ
1493 4303 1697 4356 τούτων
1740 4304 1937 4375 δηλαδὴ

369 4395 478 4449 τῶν
524 4394 812 4466 αἱρετικῶν
884 4393 1246 4466 κατηγοροῦσί
1322 4411 1465 4459 τινες
1510 4395 1791 4465 Συμεῶνος
1842 4395 1935 4448 τοῦ

2036 3302 2193 3357 quem
2209 3287 2497 3342 secundum
2521 3283 2775 3339 Ecclesia:
2790 3279 3288 3350 llierosolymitana:
3299 3274 3606 3345 episcopum

2036 3380 2386 3435 constitutum
2414 3392 2535 3432 esse
2565 3374 2865 3434 docuimus,
2898 3370 3157 3441 martyrio
3202 3367 3367 3421 vitam
3407 3364 3610 3419 [iniisse

2038 3479 2389 3526 memoratur.
2427 3465 2595 3536 Hujus
2622 3465 2700 3519 rei
2738 3463 2890 3519 testis
2923 3468 3010 3515 est
3049 3461 3093 3513 is
3127 3458 3282 3527 cujus
3305 3456 3470 3510 verba
3488 3455 3605 3524 jam

2036 3564 2195 3619 toties
2225 3560 2527 3626 retulimus,
2570 3555 2922 3627 Hegesippus.
2953 3552 3054 3619 Qui
3084 3551 3149 3605 de
3178 3548 3449 3604 lusereticis
3489 3546 3611 3615 qui-

2037 3655 2262 3711 busdam
2302 3653 2467 3706 verba
2503 3650 2724 3708 faciens,
2750 3647 2818 3701 ab
2838 3647 3024 3700 iisdem
3050 3644 3194 3699 circa
3222 3643 3336 3695 btee
3364 3649 3606 3709 tempora

2041 3753 2353 3800 accusatum
2413 3738 2689 3809 subiungit
2734 3752 2855 3791 esse
2909 3732 3277 3804 Symeonem,
3336 3729 3611 3798 variisque

2042 3845 2424 3891 tormentorum
2455 3830 2737 3901 generibus
2764 3843 2860 3896 per
2885 3827 2999 3880 dies
3040 3824 3297 3894 plurimos
3326 3821 3611 3876 excrucia-

2044 3939 2178 3993 tum,
2207 3942 2272 3982 eo
2311 3923 2453 3995 quod
2485 3921 2825 3977 Christianus
2860 3925 3021 3980 esset,
3068 3911 3415 3968 admirationi
3445 3910 3613 3965 fuisse

2047 4028 2156 4072 tum
2188 4015 2382 4086 jmliei,
2424 4024 2535 4066 tum
2566 4008 2890 4064 satellitibus
2935 4022 2996 4061 ac
3033 4004 3336 4060 ministris:
3367 4003 3613 4057 tandem-

2047 4126 2149 4179 que
2179 4109 2365 4163 eodem
2400 4102 2646 4174 supplicii
2673 4115 2873 4170 genere
2895 4099 3037 4168 quod
3085 4094 3342 4149 Dominus
3365 4090 3610 4164 pertulit,

2043 4204 2210 4258 vitam
2244 4199 2403 4272 104
2424 4196 2705 4253 clausisse.
2757 4193 2865 4247 Sed
2911 4190 3081 4246 satius
3122 4197 3207 4243 est
3235 4184 3399 4240 verba
3447 4182 3615 4252 ipsius

2052 4293 2329 4363 scriptoris
2361 4271 2475 4345 hare
2504 4284 2776 4342 narrantis
2794 4281 3004 4336 audire.
3031 4298 3049 4331 ι
3078 4279 3158 4332 Ex
3188 4291 3396 4346 eorum,
3419 4271 3615 4342 inquit,

2053 4388 2427 4444 haereticorum
2468 4394 2694 4435 numero
2720 4418 2735 4443 ,
2781 4376 3000 4446 quidam
3051 4372 3371 4442 Symeonem
3404 4366 3618 4434 Cleopte

371 4459 752 4557 Κλωπᾶ-(54),
792 4486 867 4549 ὡς
906 4459 1055 4548 ὄντος
1094 4459 1202 4539 απὸ
1250 4485 1415 4539 Δαϐὶδ
1457 4488 1549 4541 καὶ
1589 4459 1938 4557 Χριστιανοῦ.

2054 4483 2217 4536 ﬁlium
2247 4476 2573 4538 detulerunt,
2606 4468 2747 4540 quod
2784 4483 2847 4522 ex
2884 4466 3054 4533 stirpe
3078 4462 3302 4517 Duvidis
3330 4459 3615 4549 oriundus,

371 4581 481 4633 Καὶ
525 4580 667 4634 οὕτω
715 4582 982 4650 μαρτυρεῖ
1038 4576 1174 4630 ἑτῶν
1223 4577 1297 4632 ὢν
1343 4580 1536 4633 ἑκατὸν
1590 4579 1814 4641 εἴκοσιν,
1855 4580 1938 4633 ἐπὶ

2051 4585 2105 4630 et
2136 4569 2477 4628 Christianus
2505 4572 2668 4619 esset.
2694 4561 2870 4628 Atque
2902 4559 2977 4612 ita
3008 4557 3239 4627 Symeou
3277 4568 3401 4609 cum
3444 4565 3619 4606 annos

373 4670 645 4743 Τραϊανοῦ
687 4672 967 4744 Καίσαρος
1004 4674 1100 4725 καὶ
1138 4672 1403 4727 ὑπατικοῦ
1458 4672 1703 4726 Ἀττικοῦ
1738 4672 1871 4744 (55).
1923 4691 1940 4723 ι

442 4901 558 4973 (55)
588 4902 739 4973 Περί
766 4917 829 4973 τε
851 4895 1462 4973 τῶνῇἀποστόλέυνκίιι
1487 4903 1722 4973 quatuor
1750 4895 1950 4973 nostris

372 4965 552 5029 codie.
584 4965 701 5025 Mai
732 5012 746 5036 ,
776 4972 891 5025 Meti
924 5009 941 5035 ,
962 4969 1098 5023 Fnk.
1151 4979 1206 5023 et
1256 4966 1532 5021 Suviliano
1579 4967 1838 5033 scriptum
1871 4965 1952 5017 in-

375 5043 496 5098 veni
528 5042 659 5111 περί
684 5060 743 5095 τε
771 5041 880 5111 τῶν
908 5038 1220 5111 ἀποστόλων
1251 5037 1448 5111 αᾳὺτῷν.

446 5113 560 5182 (54)
606 5103 913 5181 Συμεῶνος
944 5110 1051 5164 τοῦ
1081 5107 1321 5182 Κλωπᾶ.
1358 5107 1413 5161 In
1433 5105 1648 5182 .cotlice
1669 5103 1836 5182 Regio
1877 5103 1950 5157 lc-

375 5174 836 5252 gitur'Eipdwog,
885 5174 942 5252 ut
985 5180 1189 5252 notavit
1229 5181 1392 5252 etiam
1433 5174 1944 5252 Bob._S_tephanus.

378 5244 740 5322 Hieronymus
780 5244 832 5306 in
864 5250 1148 5322 Chronico,
1174 5245 1603 5322 hujusepiscopi
1638 5244 1946 5322 Hierosoly-

376 5323 565 5377 mitani
585 5312 797 5378 'nomen
826 5320 1023 5389 duplici
1064 5312 1223 5374 modo
1251 5312 1950 5389 scribitestatur,_Syv_neo-

378 5409 494 5446 nem
521 5392 735 5447 scilicet
759 5401 815 5446 et
857 5383 1144 5445 Simonem.
1174 5389 1317 5442 Idem
1348 5388 1507 5440 habet
1532 5383 1795 5455 Georgius
1817 5384 1951 5453 Syn-

380 5462 570 5522 cellus.
592 5470 653 5516 "et
682 5474 881 5516 auctor
910 5460 1159 5514 Chroniri
1188 5457 1561 5512 Alexandrini.

446 5532 558 5602 (55)
597 5533 707 5587 Καὶ
735 5530 1027 5602 ὑπατικοῦ
1071 5528 1345 5602 Ἀττικοῦ.
1388 5526 1441 5580 1ι1
1458 5534 1556 5602 _est
1581 5539 1702 5602 cum
1743 5524 1953 5602 Atticus

379 5594 780 5672 esset'legatus
835 5594 1025 5672 Syria).
1081 5601 1341 5672 Solebant
1384 5596 1527 5650 enim
1581 5594 1704 5666 Syri
1756 5595 1947 5648 horum

378 5668 664 5738 praesidum
717 5668 941 5726 nomine
987 5684 1159 5724 annos
1208 5668 1514 5738 designare,
1547 5675 1606 5738 ut
1639 5672 1948 5738 constatcx

378 5734 596 5812 Iosephi
622 5742 1061 5811 Antiquitatibus.
1090 5740 1192 5794 Sed
1215 5749 1269 5812 et
1299 5734 1351 5812 iii
1379 5736 1600 5812 reliquis
1627 5734 1945 5805 provinciis,

381 5808 647 5869 rectorum
692 5808 911 5867 nomine
939 5821 1177 5876 tempora
1219 5808 1488 5876 designari
1533 5812 1947 5862 consueverant.

2053 4675 2268 4722 centum
2325 4675 2387 4716 ac
2436 4655 2627 4727 viginti
2656 4662 2819 4708 natus
2849 4662 3015 4715 esset,
3063 4646 3381 4718 martyrium
3429 4641 3618 4709 subiit,

2047 4890 2215 4945 Porro
2242 4905 2304 4942 ex
2341 4884 2531 4956 legatis
2566 4881 2797 4956 Cmsaris
2836 4878 2929 4956 alii
2965 4883 3121 4956 erant
3152 4872 3492 4956 consulares,
3513 4870 3617 4956 ‘alii

2048 4942 2304 5030 pra-torii.
2335 4942 2600 5030 Quocirca
2631 4954 2845 5030 Atticus
2879 4949 2966 5004 hic
3006 4942 3618 5030 utra-racdq‘appellatur,

2049 5013 2106 5085 ut
2136 5013 2258 5085 eum
2292 5013 2631 5082 consularem
2681 5021 2851 5075 fuisse
2882 5026 3114 5073 constet.
3159 5016 3235 5069 Ex
3280 5013 3366 5068 his
3401 5019 3624 5080 apparet

2050 5102 2186 5156 male
2228 5099 2483 5154 Ruﬁnum
2531 5092 2763 5146 vertisse
2807 5110 2819 5144 :
2860 5088 3069 5157 Martyr
3121 5086 3333 5157 effectus
3381 5092 3455 5157 est
3505 5097 3623 5134 cum

2047 5151 2183 5224 esset
2199 5151 2453 5224 annorum
2473 5173 2680 5219 centum
2698 5170 2746 5215 et
2766 5159 2948 5229 viginti
2963 5198 2980 5224 ,
3006 5151 3123 5229 ἓιιίρ-
3138 5151 3371 5229 Trojano
3389 5151 3620 5229 σφωιν-ε,

2048 5223 2190 5309 apud
2218 5223 2838 5309 Atticunt_con_suia_rem;
2859 5223 3371 5309 ϐαρειῃ-ςερρἱιρ
3412 5223 3624 5309 sie'ba-

2050 5291 2424 5364 ιῃίΕτῶν
2450 5303 2524 5357 ὢν
2561 5303 2752 5356 ἑκατὸν
2788 5291 2956 5354 εἴκοσι
2985 5300 3078 5353 ἐπὶ
3105 5291 3374 5368 Τραϊανοῦ
3414 5291 3624 5345 Καίσα-

2053 5398 2164 5454 ρος,
2191 5380 2282 5433 καὶ
2315 5373 2576 5454 ὑπατικοῦ
2611 5371 2876 5454 Ἀττικοῦέ
2909 5370 3012 5424 Sed
3044 5367 3216 5454 primo
3244 5367 3625 5454 quidemlpraa-

2053 5434 2253 5520 positio
2302 5450 2389 5507 illa
2420 5446 2510 5499 ὲπί
2548 5460 2655 5520 n_ou
2696 5442 2969 5509 signiﬁcat
2998 5434 3176 5518 apud,
3201 5450 3402 5520 verum”
3425 5434 3626 5520 irddtau:

2059 5503 2195 5575 inin”
2228 5503 2508 5587 designat,
2560 5503 2881 5587 Symcouuem
2912 5579 2923 5587 .
2955 5503 3235 5587 martyrio.
3277 5503 3620 5587 perfunctum

2055 5573 2221 5645 fuisse
2239 5573 2553 5659 principatu
2597 5573 2858 5659 Traiani,
2900 5573 3343 5658 Attieog'Syriam.
3382 5573 3618 5659 admitti:

2056 5642 2535 5717 dissuaserim
2564 5669 2670 5707 vox
2700 5642 2793 5706 illa
2835 5642 3101 5703 ὑπατικοῦ
3149 5642 3254 5700 non
3301 5642 3625 5717 simpliciter

2055 5715 2393 5787 consularem
2426 5729 2677 5791 denotat,
2726 5722 2818 5777 sed
2874 5721 3105 5791 legatum
3159 5715 3518 5791 consularem,
3565 5718 3624 5790 ut.

2056 5784 2404 5858 dixijErant
2456 5784 2674 5869 quidem
2725 5802 2883 5847 aetate
2926 5784 3112 5843 Ruﬁni
3166 5784 3477 5842 consulares
3529 5784 3624 5850 qui
