4016 6260
411 325 514 381 Ξ85

1120 319 1398 378 EUSEBII
1431 294 1918 377 CESANENSIS
1955 317 2108 376 oep.
2149 315 2327 372 PARS
2366 316 2406 372 ι.
2447 348 2515 357 -
2554 314 2940 373 ΗΙΞΤΟΒΙΕΛ.

3541 314 3644 367 est
3710 388 3715 395 γ

410 435 715 508 principatu
743 434 963 505 Trajani
995 435 1250 505 Augusti,
1276 435 1459 490 Attico
1486 435 1760 491 consulari
1803 438 1961 508 legati

2084 434 2220 504 ⁴ῐυησὶ
2248 432 2302 486 δὲ
2333 434 2360 485 ὁ
2389 432 2569 495 αὐτὸς,
2597 432 2799 505 ὼς·ἄρα
2823 432 2916 486 καὶ
2943 432 3067 495 τοὺς
3095 429 3432 503 κατηγόρους
3457 430 3643 485 αὐτοῦ’

411 527 624 599 Syriam
655 526 1090 583 administrante.
1126 546 1146 580 ι
1174 527 1318 582 Idem
1341 537 1602 597 printerea
1641 529 1851 589 scribit.
1882 544 1977 582 eos

409 620 559 688 ipsos
596 616 887 688 Symeonis
931 626 1300 683 accusatores,
1357 631 1479 671 cum
1534 627 1662 673 tunc
1719 619 1978 688 temporis

407 722 599 762 omnes
641 722 706 761 ex
760 709 903 778 regia
937 704 1246 763 Judtcorum
1295 708 1437 763 tribu
1482 708 1699 767 oriundi
1748 708 1978 764 sollicite

408 800 890 869 investigarentnr,
924 800 1205 854 convictos
1232 813 1353 855 esse
1397 801 1540 868 quod
1595 815 1664 855 ex
1706 815 1768 855 ea
1805 801 1977 871 stirpe

406 890 672 959 originem
729 889 1014 945 ducerent.
1070 888 1241 943 Porro
1301 889 1444 944 hunc
1495 887 1817 960 Symeonem
1868 906 1973 946 non

409 980 644 1034 absurde
674 979 794 1049 quis
822 977 1026 1033 dixerit
1065 988 1120 1033 et
1160 989 1517 1048 spectatorem
1566 989 1622 1036 et
1674 982 1973 1036 auditorem

407 1069 621 1124 Domini
662 1069 866 1137 fuisse;
928 1084 1048 1124 cum
1077 1080 1133 1124 et
1174 1071 1501 1126 diuturnitas
1529 1072 1652 1126 vita:
1687 1072 1873 1142 ipsius,
1920 1082 1974 1126 et

406 1160 821 1231 Evangeliorum
857 1160 989 1216 fldes
1014 1161 1067 1216 id
1091 1170 1339 1216 astruere
1377 1163 1646 1227 videatur,
1696 1163 1749 1218 in
1779 1164 1976 1233 quibus

405 1251 573 1307 Maria
601 1255 846 1322 quaedam
877 1262 1337 1307 commemoratur
1371 1254 1585 1323 Cleopte
1626 1255 1767 1326 filia,
1818 1256 1974 1324 cujus

406 1347 726 1418 Symeonem
778 1346 949 1401 filium
1007 1346 1176 1399 fuisse
1239 1360 1401 1415 supra
1462 1347 1762 1403 docuimus.
1822 1350 1973 1404 Alios

404 1448 664 1510 prreterea
705 1448 929 1507 nepotes
964 1439 1123 1493 unius
1166 1455 1234 1494 ex
1286 1440 1502 1496 Domini
1546 1439 1838 1507 fratribus,
1885 1443 1972 1496 cui

403 1545 598 1586 nomen
630 1540 750 1585 erat
776 1531 946 1595 Judaa,
971 1531 1037 1583 ad
1074 1532 1175 1586 hoc
1208 1547 1382 1602 usque
1422 1532 1645 1601 Trajani
1686 1534 1969 1603 imperium

404 1623 565 1676 vitam
612 1620 937 1690 produxisse
984 1621 1122 1674 idem
1167 1624 1403 1690 scriptor
1453 1620 1641 1687 refert,
1690 1637 1810 1676 cum
1858 1620 1968 1689 jam

402 1723 560 1768 antea
590 1714 688 1768 sub
741 1713 1067 1776 Domitiano,
1128 1721 1187 1767 ιιι
1234 1712 1491 1777 diximus,
1549 1713 1753 1768 Christi
1803 1713 1960 1769 fidem

2080 524 2425 595 ζητουμένων
2460 523 2578 576 τότε
2619 524 2725 577 τῶν
2763 523 2870 577 ἀπὸ
2898 522 2997 592 τῆς
3040 521 3317 592 βασιλικῆς
3375 520 3644 575 Ἰουδαίων

2081 616 2272 686 φυλῆς,
2307 615 2455 668 ὠσὰν
2502 615 2559 682 ἐξ
2592 615 2758 684 αὐτῆς
2795 614 2972 676 ὄντας,
3023 611 3222 666 ἁλῶναι
3273 610 3491 681 συνέϐη.
3541 612 3644 664 Λο-

2078 708 2262 778 γισμῷ
2282 707 2326 761 δ’
2347 706 2414 761 ἂν
2436 708 2530 761 καὶ
2561 707 2653 760 τὸν
2688 706 2949 777 Συμεῶνα
2988 703 3092 757 τῶν
3121 704 3398 757 αὐτοπτῶν
3426 704 3518 756 καὶ
3547 704 3646 757 αὐ-

2077 801 2287 871 τηκόων
2325 800 2466 853 εἴποι
2500 800 2563 854 ἄν
2605 816 2689 862 τις
2726 799 3004 869 γεγονέναι
3048 797 3143 851 τοῦ
3173 797 3398 869 Κυρίου,
3439 813 3644 868 τεκμη-

2082 892 2178 963 ρίῳ
2205 890 2281 963 τῷ
2311 893 2473 963 μήκει
2500 890 2593 944 τοῦ
2625 891 2815 962 χρόνου
2844 891 2942 962 τῆς
2965 888 3131 944 αὑτοῦ
3166 886 3308 959 ζωῆς
3340 886 3639 959 χρώμενος,

2079 985 2173 1037 καὶ
2205 982 2281 1053 τῷ
2330 981 2690 1054 μνημονεύειν
2734 981 2832 1053 τὴν
2882 983 2992 1035 τῶν
3044 980 3389 1050 Εύαγγελίων
3429 981 3642 1052 γραφὴν

2078 1075 2297 1146 Μαρίας
2322 1075 2418 1145 τῆς
2440 1075 2532 1127 τοῦ
2569 1074 2797 1138 Κλωπᾶ,
2825 1067 2884 1129 οῦ
2904 1073 3184 1141 γεγονέναι
3213 1072 3373 1127 αὐτὸν
3393 1073 3525 1144 (56),
3550 1074 3640 1126 καὶ

2076 1167 2339 1238 πρότερον
2366 1169 2393 1219 ὁ
2435 1166 2590 1236 λόγος
2623 1165 2907 1239 ἐδήλωσεν.
2944 1167 3001 1219 ’0
3025 1166 3069 1218 δ’
3098 1166 3260 1230 αὐτὸς
3294 1168 3638 1237 συγγραφεὺς

2080 1257 2174 1309 καὶ
2208 1257 2425 1327 ἐτέρους
2451 1257 2559 1311 ἀπὸ
2578 1256 2767 1325 γένους
2793 1257 2909 1321 ἐνὸς
2929 1257 3035 1309 τῶν
3058 1256 3366 1327 φερομένων
3398 1256 3637 1325 ἀδελφῶν

2077 1350 2166 1403 τοῦ
2202 1350 2473 1421 Σωτῆρος,
2501 1342 2545 1417 ᾧ
2585 1349 2753 1420 ὄνομα
2793 1349 3009 1413 Ἰούδας,
3046 1348 3209 1418 φησιν
3239 1348 3318 1411 είς
3350 1348 3447 1419 τὴν
3473 1348 3636 1418 αὐτὴν

2074 1442 2358 1496 ἐπιϐιῶναι
2393 1443 2689 1512 βασιλείαν,
2734 1443 2870 1514 μετὰ
2911 1442 3007 1513 τὴν
3047 1442 3144 1514 ἤδη
3189 1442 3450 1512 πρότερον
3496 1443 3627 1494 ἱστο-

2080 1535 2335 1607 ρηθεῖσαν
2382 1536 2560 1588 αὐτῶν
2592 1536 2730 1605 ὑπὲρ
2756 1536 2853 1607 τῆς
2885 1537 2965 1598 είς
3004 1535 3095 1587 τὸν
3138 1535 3370 1605 Χριστὸν
3410 1534 3638 1597 πίστεως

2073 1628 2165 1681 ἐπὶ
2191 1627 2516 1699 Δομετιανοῦ
2549 1629 2873 1699 μαρτυρίαν.
2911 1628 3114 1697 Γράφει
3143 1627 3200 1679 δὲ
3232 1625 3433 1689 οὕτως·
3466 1645 3484 1677 ι
3513 1627 3635 1698 Ἔρ-

2073 1733 2256 1785 χονται
2294 1712 2386 1769 οὖν
2429 1718 2522 1771 καὶ
2566 1716 2932 1788 προηγοῦνται
2975 1717 3154 1787 πάσης
3205 1716 3526 1787 Ἐκκλησίας
3564 1716 3636 1781 ὡς

402 1812 720 1863 constanter
766 1806 998 1875 professi
1045 1804 1291 1859 fuissent.
1342 1804 1436 1860 Sic
1494 1814 1675 1861 autem
1730 1806 1961 1861 scribit:

2075 1808 2349 1880 μάρτυρες
2400 1809 2496 1861 καὶ
2527 1809 2633 1862 ἀπὸ
2670 1809 2859 1876 γένους
2887 1808 2979 1860 τοῦ
3012 1808 3238 1879 Κυρίου.
3275 1809 3383 1861 Καὶ
3409 1808 3631 1877 γενομέ-

404 1918 428 1954 ι
449 1898 886 1967 Adsunt,inqnit,
917 1897 988 1952 illi
1021 1906 1074 1952 et
1103 1898 1367 1954 universa:
1382 1898 1636 1954 Ecclesiae
1660 1899 1966 1969 praesident,

401 2000 590 2061 utpote
625 2000 892 2060 martyres
920 2000 974 2044 et
998 1991 1178 2059 agnati
1212 1990 1435 2045 Christi.
1474 1990 1820 2060 Tandemque
1847 2006 1970 2060 pro-

402 2084 564 2137 funda
594 2097 728 2151 pace
772 2082 1032 2137 Ecclesia:
1086 2084 1360 2149 restituta,
1403 2083 1471 2137 ad
1529 2082 1747 2152 Trajani
1800 2098 1969 2153 usque

400 2183 645 2244 tempora
675 2176 1001 2244 superstites
1034 2174 1271 2230 fuerunt.
1303 2176 1483 2229 Donec
1512 2174 1743 2246 Symeon
1773 2189 1964 2243 supra-

399 2265 823 2336 dietus,Clecp:e
866 2265 1010 2321 filius
1056 2266 1173 2337 ejus
1212 2267 1304 2334 qui
1345 2276 1572 2336 patruus
1603 2274 1721 2320 erat
1757 2265 1983 2329 Domini,

396 2368 686 2412 accusatus
745 2358 999 2413 similiter
1046 2362 1114 2415 ab
1154 2360 1425 2415 hmreticis
1451 2401 1467 2427 ,
1524 2369 1580 2412 et
1617 2358 1687 2412 ob
1723 2357 1962 2412 eamdem

397 2462 616 2503 causam
650 2448 702 2502 itt
736 2449 820 2518 jus
843 2461 1071 2505 vocatus
1102 2460 1188 2505 est
1223 2466 1406 2506 coram
1444 2451 1622 2504 Attico
1650 2448 1961 2513 consulari;

395 2553 449 2592 et
477 2555 574 2609 per
607 2541 806 2595 nmltos
832 2542 948 2596 dies
969 2542 1335 2597 acerbissimis
1371 2542 1657 2597 tormentis
1681 2540 1965 2595 excrucia-

395 2639 498 2695 tus,
546 2629 707 2685 fidem
758 2631 964 2685 Christi
1023 2632 1468 2687 constantissime
1523 2630 1799 2700 professus
1837 2643 1960 2696 est;

392 2722 527 2777 adeo
553 2731 615 2775 ut
642 2729 697 2776 et
735 2723 1039 2778 consularis
1068 2724 1185 2793 ipse
1209 2764 1224 2791 ,
1264 2731 1318 2778 et
1341 2738 1529 2778 omnes
1582 2724 1673 2794 qni
1717 2724 1958 2786 aderant,

394 2826 722 2882 magnopere
763 2814 1114 2880 mirarentur,
1140 2830 1244 2887 qua
1285 2815 1494 2869 ratione
1519 2815 1604 2867 vir
1642 2824 1855 2869 centum
1897 2830 1961 2869 ac

392 2905 582 2976 viginti
626 2919 798 2960 annos
828 2916 1007 2973 natus,
1050 2916 1127 2961 tot
1170 2915 1435 2961 tormenta
1478 2905 1716 2975 perferre
1756 2905 1962 2976 potuis-

390 3008 494 3052 set.
539 2995 784 3052 Tandem
828 3013 958 3053 vero
1001 2998 1270 3055 sententia
1296 2998 1493 3067 judicis
1543 2998 1690 3053 cruci
1738 2995 1960 3052 subitus

390 3093 493 3141 est.
525 3102 544 3136 ι
586 3084 709 3139 Post
736 3086 850 3140 haec
891 3086 1033 3142 idem
1080 3088 1317 3157 scriptor
1356 3102 1443 3141 res
1474 3087 1563 3141 illa
1594 3094 1751 3143 auate
1779 3098 1959 3158 gestas

2071 1916 2166 1969 νης
2213 1902 2433 1971 εἰρήνης
2482 1899 2702 1970 βαθείας
2749 1901 2804 1952 ἐν
2849 1900 2997 1970 πάσῃ
3057 1898 3370 1970 Ἐκκλησία,
3419 1899 3630 1969 μένουσι

2072 1991 2231 2063 μέχρι
2257 1990 2524 2061 Τραϊανοῦ
2555 1992 2849 2063 Καίσαρος.
2879 1992 3086 2063 Μέχρις
3111 1984 3172 2043 οὗ
3209 1992 3237 2044 ό
3268 1993 3332 2045 ἐκ
3374 1991 3513 2044 θείου
3543 1989 3633 2044 τοῦ

2068 2083 2269 2153 Κυρίου
2317 2083 2451 2155 (57),
2492 2085 2521 2137 ὁ
2568 2083 2959 2156 προειρημένος
2990 2082 3211 2154 Συμεὼν
3255 2086 3370 2148 υἱὸς
3409 2084 3631 2147 Κλωπᾶ,

2071 2176 2494 2247 συκοφαντηθείς
2514 2176 2617 2229 ὑπὸ
2632 2175 2739 2229 τῶν
2771 2176 3030 2249 αἱρέσεων
3060 2177 3173 2245 (38)
3218 2177 3478 2238 ὡσαύτως
3506 2193 3630 2230 κατ-

2066 2266 2310 2337 ηγορήθη
2350 2268 2443 2319 καὶ
2477 2268 2639 2331 αὐτὸς
2662 2268 2753 2321 ἐπὶ
2787 2267 2864 2339 τῷ
2893 2268 3039 2338 αὐτῷ
3062 2269 3202 2339 λόγῳ
3227 2269 3338 2340 (ὅθ)
3382 2270 3474 2321 ἐπὶ
3516 2270 3631 2322 Ἀτ-

2069 2357 2215 2411 τικοῦ
2243 2357 2335 2411 τοῦ
2365 2359 2649 2413 ὑπατικοῦ.
2693 2360 2804 2412 Καὶ¹
2831 2361 2923 2413 ἐπὶ
2953 2360 3152 2425 πολλὰς
3179 2361 3394 2433 ἡμέρας
3431 2360 3624 2426 αἰκιζόι

2069 2465 2246 2519 μενος,
2282 2449 2682 2522 ἐμαρτύρησεν,
2717 2451 2791 2514 ὡς
2816 2450 3021 2514 πάντας
3049 2451 3510 2522 ὑπερθαυμάζειν,
3539 2454 3629 2506 καὶ

2063 2540 2152 2595 τὸν
2203 2540 2485 2603 ὑπατικὸν,
2537 2540 2652 2604 πῶς
2706 2542 2899 2595 ἑκατὸν
2950 2541 3123 2595 εἴκοσι
3171 2543 3453 2613 τυγχάνων
3496 2545 3628 2597 ἐτῶν

2063 2632 2356 2702 ὑπέμεινε·
2394 2633 2487 2684 καὶ
2518 2632 2812 2704 ἐκελεύσθη
2858 2632 3253 2704 σταυρωθῆναι.
3294 2653 3312 2686 ι
3365 2637 3489 2689 Ἐπὶ
3510 2636 3622 2689 τού-

2060 2741 2172 2787 τοις
2202 2724 2231 2776 ὁ
2262 2724 2424 2787 αὐτὸς
2454 2723 2593 2796 ἀνὴρ
2626 2724 2977 2796 διηγούμενος
3006 2725 3074 2778 τά
3105 2725 3244 2778 κατὰ
3283 2728 3407 2790 τοὺς
3438 2726 3614 2796 δηλου-

2065 2812 2276 2882 μένους,
2328 2813 2569 2883 ἐπιλέγει
2620 2814 2695 2878 ὡς
2745 2815 2851 2886 ἄρα
2902 2815 3062 2886 μέχρι
3111 2815 3217 2868 τῶν
3259 2815 3378 2868 τότε
3422 2816 3625 2887 χρόνων

2062 2905 2329 2977 παρθένος
2376 2905 2485 2977 (60)
2539 2907 2757 2979 καθαρά
2810 2907 2903 2960 καὶ
2956 2908 3278 2980 ἀδιάφθορος
3332 2908 3542 2979 ἔμεινεν
3593 2908 3627 2980 ἠ

2074 2997 2386 3069 Ἐκκλησία,
2419 3000 2475 3052 ἐν
2506 2998 2687 3070 ἀδήλῳ
2716 3017 2816 3052 που
2848 2999 3027 3052 σκότει
3070 2999 3417 3069 φωλευόντων
3459 3001 3627 3052 εἰσέτι

2060 3089 2181 3143 τότε
2220 3090 2349 3155 τῶν,
2390 3091 2438 3143 εἰ
2490 3090 2582 3144 καί
2613 3108 2756 3155 τινες
2789 3091 3053 3163 ὑπῆρχον,
3093 3091 3481 3164 παραφθείρειν
3513 3093 3627 3145 ἐπι-

386 3189 846 3244 rommemorans,
882 3178 1031 3234 addit
1066 3178 1362 3235 Ecclesiam
1389 3181 1455 3235 ad
1474 3180 1589 3235 haec
1619 3195 1786 3250 usque
1826 3191 1961 3235 tem-

2064 3182 2386 3253 χειρούντων
2416 3182 2506 3236 τὸν
2536 3183 2661 3254 ὑγιῆ
2689 3184 2885 3237 κανόνα
2922 3182 3013 3237 τοῦ
3050 3184 3316 3255 σωτηρίου
3342 3184 3629 3256 κηρύγμα-

391 3281 521 3335 pora
579 3268 754 3323 instar
802 3271 1082 3340 cujusdam
1138 3272 1402 3343 virginis,
1468 3273 1739 3345 integram
1799 3283 1962 3343 atque

389 3361 763 3431 incorruptam
845 3364 1211 3431 permansisse
1262 3380 1276 3417 :
1332 3366 1507 3420 adhuc
1587 3367 1640 3420 in
1727 3366 1962 3421 obscuro

386 3469 607 3509 recessu
641 3455 1109 3523 delitescentibus,
1146 3461 1459 3528 quicunque
1511 3468 1716 3514 rectam
1763 3460 1961 3529 praedi-

386 3546 623 3602 cationis
651 3548 981 3620 evangelicae
1016 3550 1257 3617 regulam
1305 3552 1606 3619 depravare
1636 3549 1956 3605 niterentur.

387 3635 496 3691 Sed
523 3649 809 3708 postquam
844 3652 999 3693 sacer
1024 3639 1393 3707 apostolorum
1426 3649 1600 3695 cattus
1629 3641 1780 3694 vario
1807 3655 1955 3692 mor-

387 3727 459 3784 tis
497 3744 698 3802 genere
741 3733 1046 3788 exstinctus
1084 3742 1198 3798 est,
1235 3730 1625 3802 etiluxeratqne
1661 3731 1772 3800 iam
1823 3740 1956 3786 tetas

385 3821 670 3877 hominum
709 3823 922 3881 illorum
949 3865 964 3891 ,
996 3825 1088 3895 qui
1130 3826 1365 3881 divinam
1408 3828 1583 3896 ipsam
1624 3823 1954 3896 Sapientiam

388 3915 503 3970 suis
528 3917 753 3972 auribus
805 3917 1118 3973 auscultare
1165 3928 1523 3973 meruerant:
1559 3927 1686 3971 tunc
1739 3917 1953 3971 demum

385 4019 577 4063 exorta
617 4022 703 4064 est
729 4010 883 4080 impii
913 4010 1118 4065 erroris
1153 4010 1509 4078 conspiratio,
1560 4007 1717 4078 105
1766 4006 1955 4062 fraude

383 4255 723 4311 Palaestinam
753 4258 1033 4326 regebant,
1061 4266 1119 4311 ut
1145 4271 1213 4312 ex
1247 4256 1454 4325 imperii
1484 4255 1709 4310 Romani
1744 4253 1950 4310 Notitia

382 4327 725 4380 notissimum
777 4337 879 4381 est.
920 4327 1117 4381 Verum
1168 4329 1255 4382 ltic
1294 4327 1644 4395 magistratus
1690 4327 1783 4380 diu
1830 4337 1950 4396 post

383 4396 599 4466 Trajani
643 4410 885 4464 tempora
914 4407 998 4451 est
1035 4398 1336 4451 institutus.
1368 4397 1635 4450 Caeterum
1672 4410 1836 4465 supra
1868 4398 1947 4451 ci-

382 4475 528 4520 tatus
556 4466 735 4520 Rufini
763 4468 910 4521 locus
932 4468 983 4520 in
1012 4468 1380 4535 manuscripto
1404 4467 1587 4519 codice
1614 4466 1950 4521 bibliotheca:

381 4535 563 4605 Regiae
608 4539 681 4590 ita
729 4537 1127 4606 perscribitur:
1176 4536 1387 4607 Martyr
1435 4535 1648 4605 effectus
1697 4544 1777 4589 est
1833 4554 1951 4590 cum

380 4618 512 4660 esset
542 4623 802 4660 annorum
830 4616 1034 4660 centum
1064 4622 1189 4659 xxv.

454 4677 566 4744 (56)
611 4673 692 4732 Οὗ
738 4675 1042 4746 γεγονέναι
1081 4678 1286 4730 αὐτόν.
1332 4673 1760 4746 Nostricodices
1789 4674 1949 4737 Maz.,

381 4740 520 4804 Med.
547 4740 600 4801 et
637 4740 775 4803 Fttli.
813 4740 1001 4800 'vocem
1040 4749 1243 4799 addunt
1280 4748 1383 4800 ltoc
1418 4744 1595 4815 modo.
1633 4740 1694 4797 οῦ
1728 4747 1820 4798 καὶ
1862 4763 1954 4815 γε-

379 4818 595 4888 γονέναι
630 4818 811 4881 αὑτὸν,
845 4818 938 4870 καὶ
965 4817 1225 4888 πρότερον
1256 4819 1284 4869 ό
1310 4816 1466 4888 λόγος
1491 4813 1775 4888 ἐδήλωσεν.

452 4887 565 4960 (57)
617 4889 680 4941 Ὀ
716 4888 785 4940 ἐκ
811 4887 973 4942 θείου
1000 4885 1106 4941 τοῦ
1133 4885 1377 4960 Κυρίου.
1409 4886 1545 4960 Male
1573 4885 1954 4960 Cltristophor-

378 4954 554 5016 sonus
592 4960 707 5013 haec
757 4963 919 5010 Verba
967 4960 1175 5025 accepit
1216 4954 1374 5028 quasi
1431 4954 1573 5028 θείου
1627 4956 1952 5028 adjectivntn

379 5038 556 5094 esset,
587 5039 643 5083 et
675 5028 1056 5082 subaudiretur
1080 5024 1289 5096 γένους.
1327 5028 1433 5081 Sed
1470 5024 1686 5095 Langus
1718 5026 1810 5094 qui
1865 5026 1955 5079 Ni-

380 5102 676 5167 cephorum
705 5097 893 5151 Latiae
928 5099 1314 5166 interpretatus
1341 5107 1442 5159 est,
1476 5097 1680 5167 optime
1706 5109 1954 5162 patruum

381 5164 561 5222 vertit.
599 5168 794 5236 Clopas
836 5170 980 5222 enim
1020 5164 1206 5223 revera
1240 5168 1413 5221 frater
1448 5164 1568 5221 erat
1614 5164 1861 5235 Josephi,
1891 5182 1954 5236 ac

380 5239 609 5305 proinde
658 5235 881 5307 patruus
910 5237 1136 5293 Christi.
1178 5240 1355 5305 Quare
1399 5237 1633 5308 Synteott
1664 5238 1842 5305 Clopae
1888 5235 1953 5289 fi-

379 5308 508 5369 lius.
540 5319 799 5379 cognatus
827 5319 945 5364 erat
984 5310 1219 5371 Domini.
1256 5316 1314 5361 ut.
1340 5308 1541 5362 dicitur
1572 5308 1628 5379 i_n_
1659 5310 1835 5377 capite
1865 5307 1952 5370 ll,

378 5394 573 5448 supra,
611 5376 705 5445 ubi
742 5380 879 5435 male
921 5379 1289 5433 consobrinum
1331 5387 1544 5433 vertunt
1581 5376 1856 5432 Museultts
1901 5388 1953 5430 et

377 5450 923 5519 Christopborsonus.
1336 5517 1357 5519 ς
1546 5517 1552 5519 Α
1681 5460 1696 5475 ⁸

448 5520 561 5591 (58)
601 5516 1083 5591 Συκοφαντηθεὶς
1120 5519 1238 5575 ὑπὸ
1288 5517 1405 5572 τῶν
1427 5516 1955 5591 αἰρέσεων.(ξθιξῑιι-

372 5586 593 5647 thiauos
622 5604 676 5648 et
720 5586 1015 5647 Nicolaitas
1046 5586 1300 5659 intelligit
1331 5586 1522 5642 auctor
1550 5586 1956 5659 ChroniciAle-

380 5662 651 5726 Iandrini,
688 5664 774 5717 cui
808 5679 911 5719 non
956 5657 1247 5717 assentior.
1287 5660 1539 5729 lntelligit
1566 5659 1734 5729 __c_nim
1778 5657 1952 5729 [lege-

379 5734 565 5803 uippus
593 5745 775 5791 sectas
808 5734 925 5789 illas
957 5747 1078 5804 quae
1109 5743 1237 5789 tunc
1274 5726 1951 5801 teniporis'iligrosolymis

2058 3289 2170 3337 τος.
2221 3274 2309 3338 Ὧς
2342 3273 2387 3326 δ’
2436 3276 2465 3328 ὁ
2510 3274 2652 3345 ἱερὸς
2683 3275 2790 3327 τῶν
2830 3276 3139 3329 ἀποστόλων
3182 3276 3341 3345 χορὸς
3374 3275 3628 3347 διάφορον

2059 3365 2270 3435 εἰλήφει
2290 3365 2383 3418 τοῦ
2412 3363 2525 3434 βίου
2546 3365 2717 3430 τέλος,
2737 3365 3097 3436 παρεληλύθει
3127 3383 3187 3419 τε
3205 3369 3237 3436 ἡ
3263 3366 3424 3433 γενεά
3444 3367 3626 3439 ἐκείνη

2060 3458 2167 3510 τῶν
2197 3458 2383 3519 αὐταῖς
2411 3458 2599 3520 ἀκοαῖς
2615 3457 2713 3528 τῆς
2738 3458 2921 3511 ἐνθέου
2945 3458 3145 3526 Σοφίας
3165 3458 3471 3511 ἐπακοῦσαι
3497 3475 3629 3511 κατ-

2058 3546 2375 3617 ηξιωμένων
2395 3588 2408 3611 ,
2446 3548 2748 3619 τηνικαῦτα
2792 3550 2889 3621 τῆς
2918 3549 3076 3603 ἀθέου
3099 3549 3304 3621 πλάνης
3330 3550 3426 3621 τὴν
3454 3550 3628 3623 ἀρχὴν

2064 3638 2365 3708 ἐλάμϐανεν
2395 3641 2427 3709 ἡ
2458 3639 2733 3703 σύστασις,
2758 3639 2847 3694 διὰ
2878 3642 2977 3711 τῆς
3003 3640 3112 3695 τῶν
3141 3642 3629 3713 ἐτεροδιδασκάλων

2063 3731 2309 3801 ἀπάτηςο
2341 3731 2390 3783 οἳ
2432 3730 2523 3783 καὶ
2555 3730 2649 3783 ἆτε
2677 3731 2902 3802 μηδενὸς
2938 3731 3018 3785 ἔτι
3043 3732 3151 3785 τῶν
3182 3734 3493 3787 ἀποστόλων
3523 3735 3629 3787 λει-

2063 3823 2324 3893 πομένου,
2360 3825 2539 3894 γυμνῇ
2577 3822 2762 3876 λοιπὸν
2791 3824 2892 3895 ήδη
2919 3828 2985 3895 τῇ
3008 3825 3240 3897 κεφαλῇ,
3272 3825 3349 3896 τῷ
3379 3827 3478 3898 τῆς
3501 3828 3627 3898 ἀληο

2062 3913 2212 3976 θείας
2256 3912 2573 3984 κηρύγματι
2618 3913 2716 3986 τὴν
2749 3914 3097 3987 ψευδώνυμον
3147 3916 3347 3985 γνῶσιν
3401 3918 3627 3989 ἀντικη-

2063 4007 2272 4080 ρύττειν
2336 4006 2667 4079 ἐπεχείρουν.
2718 4006 2848 4079 [Καὶ
2894 4008 3064 4061 ταῦτα
3118 4009 3217 4079 μὲν
3278 4002 3431 4072 οὗτος
3501 4010 3628 4081 περὶ

2059 4256 2346 4327 vigebant,
2390 4255 2788 4311 Pharisaeorum
2836 4257 3064 4322 scilicet,
3106 4257 3527 4312 Sadducteorum
3570 4268 3628 4313 ct

2059 4329 2217 4383 alias.
2251 4328 2315 4381 de
2348 4330 2543 4396 quibus
2572 4328 2709 4379 infra
2742 4326 2833 4381 lib.
2864 4343 2939 4391 tv,
2968 4342 3086 4396 cap.
3114 4329 3205 4382 22.

2128 4396 2240 4467 (59)
2293 4397 2417 4450 Ἐπὶ
2470 4395 2548 4461 τῷ
2588 4396 2749 4461 αὐτῷ
2791 4398 2974 4466 λόγῳ.
3013 4395 3067 4450 Id
3112 4408 3193 4453 est
3236 4396 3377 4465 quod
3427 4396 3627 4453 Christi

2134 4453 2145 4467 ἢ

1986 4430 2029 4485 D
2128 4430 2240 4467 ‘00]
2300 4430 2417 4478 “15.5
2474 4430 2548 4461 (νψ
2588 4430 2749 4461 ιθυιψ
2791 4430 2991 4480 αυλιςδο.
3013 4430 3067 4450 111
3112 4430 3193 4453 Gal
3236 4430 3376 4478 “HUI'I
3427 4430 3625 4480 ιριιιιθιι

2056 4466 2210 4520 fidem
2246 4468 2581 4532 praedicaret,
2612 4477 2670 4519 ut
2693 4482 2853 4534 supra
2883 4470 3022 4527 dm.
3049 4480 3103 4522 et
3127 4482 3313 4522 rursus
3351 4483 3400 4519 tn
3426 4470 3519 4522 lib.
3553 4486 3625 4531 tv,

2053 4551 2170 4609 cap.
2238 4535 2344 4609 g2,
2386 4552 2476 4609 ’ex
2506 4605 2517 4609 _
2543 4536 2875 4609 Hegesippo,
2955 4538 3092 4609 μετά
3164 4537 3247 4609 τὸν
3283 4540 3626 4609 μαρτυρῆσαι

2053 4606 2319 4729 >ῖξὶάκωϐον
2351 4606 2441 4659 τὸν
2460 4605 2673 4660 Δίκαιον
2713 4607 2789 4669 ὡς
2829 4609 2924 4660 καὶ
2949 4605 2977 4661 ό
3012 4608 3213 4679 Κύριος
3240 4605 3329 4660 tia
3362 4605 3440 4679 τῷ
3467 4605 3627 4681 ἀύτῴ

2113 4694 2213 4729 γω.
2766 4696 2767 4699 η

2149 4694 2213 4728 0).
2766 4696 2767 4699 “

2275 4745 2460 4818 Μέχρι
2490 4745 2607 4800 τῶν
2631 4748 2763 4801 τότε
2787 4750 3020 4817 χρόνων
3057 4750 3367 4818 παρθένος.
3400 4749 3524 4804 "me
3564 4751 3627 4804 de

2056 4817 2552 4887 Ilierosolytttorum
2598 4818 2839 4872 Ecclesia
2880 4817 3186 4887 specialiter
3214 4823 3422 4873 dixerat
3453 4819 3626 4888 [lege-

2054 4890 2269 4957 sippus,
2317 4902 2433 4940 eam
2466 4887 2691 4959 scilicet
2718 4905 2885 4956 usque
2921 4890 2986 4940 ad
3029 4901 3258 4943 mortem
3305 4888 3625 4959 Symennis.

2057 4956 2113 5011 id
2149 4968 2230 5012 est
2266 4972 2444 5028 usque
2469 4959 2533 5010 ad
2571 4956 2787 5024 Traiani
2840 4968 3102 5027 tempora,
3130 4956 3391 5028 virginem
3429 4961 3626 5013 dictant

2056 5044 2194 5098 esse.
2237 5027 2412 5081 Verba
2472 5028 2755 5098 llegesippi
2798 5028 2966 5081 habes
3008 5030 3144 5082 infra
3182 5032 3235 5082 in
3271 5030 3363 5082 lib.
3390 5045 3465 5092 tv,
3499 5046 3626 5098 cap.

2053 5099 2143 5153 9.2.
2184 5097 2407 5152 Videtur
2435 5105 2613 5151 autem
2646 5097 2905 5150 Eusebius
2954 5100 3047 5151 toti
3080 5100 3335 5154 Ecclesia:
3375 5097 3627 5154 tribuisSe

2057 5170 2106 5222 id
2155 5175 2302 5236 quod
2345 5170 2412 5220 de
2484 5164 2644 5237 unica
2708 5163 3204 5237 Hierosolymorum
3252 5170 3493 5223 Ecclesia
3544 5171 3627 5221 di-

2055 5248 2198 5292 ctutu
2230 5238 2407 5291 fuerat
2436 5237 2503 5307 ab
2536 5235 2863 5304 llegesippo‘.
2888 5235 3056 5290 Porro
3085 5248 3191 5290 tam
3221 5238 3438 5294 Eusebii
3466 5254 3650 5307 quamj

2056 5307 2342 5379 llegesippi
2371 5306 2532 5379 rerba
2572 5307 3193 5379 benigneintelligenda
3227 5319 3374 5362 sunt.
3400 5304 3653 5363 Certnnt'.

2055 5376 2158 5432 est'
2180 5376 2322 5432 enim
2379 5376 2675 5430 Ecelesiam
2731 5376 3053 5430 catholicam
3108 5393 3324 5447 semper
3360 5382 3624 5446 integram

2055 5459 2217 5516 atque
2260 5449 2638 5502 itttenteratam
2688 5459 3043 5514 permanere,
3082 5458 3138 5501 et
3171 5452 3478 5503 castitatem
3513 5448 3625 5514 ejus

2056 5519 2202 5571 nullo
2239 5518 2396 5571 modo
2421 5519 2489 5571 ab
2521 5517 2792 5587 haereticis
2827 5532 2987 5586 posse
3028 5520 3322 5587 corrumpi.
3370 5517 3541 5572 Porro
3572 5519 3623 5571 iu

2054 5588 2335 5641 codicibus
2363 5590 2581 5658 nostris
2626 5584 2785 5658 Mam,
2821 5584 2956 5642 Med.
2983 5599 3038 5642 et
3064 5587 3200 5642 Fuk.
3230 5584 3493 5658 scripturn
3532 5590 3622 5641 ba-

2055 5658 2211 5712 betur
2256 5656 2580 5728 ἀδιάφθορος
2622 5657 2831 5727 ἑμενεν,
2878 5675 2982 5711 ttntt
3031 5670 3207 5711 autem
3257 5668 3315 5713 ιιι
3345 5656 3413 5713 ’ἱιι
3460 5657 3622 5727 Regic

2059 5729 2355 5799 exemplari
2385 5739 2440 5782 et
2470 5727 2613 5798 apud
2648 5728 3007 5797 Nicephorum
3041 5727 3275 5794 ἔμεινεν.
