4016 6260
318 346 420 399 285
1293 340 1638 398 HISTORUE
1679 338 2235 398 ECCLESIASTICAE
2274 338 2404 395 LIB.
2445 339 2534 396 III.
3444 339 3549 396 286

317 460 515 516 τούτων
541 460 808 517 διαλαϐὼν
838 460 950 534 (6|)
971 455 1075 517 ὧδέ
1100 480 1215 526 πως
1237 462 1436 529 ἔλεξεν.
1485 461 1674 533 Ἡμεῖς
1698 460 1756 513 δὲ
1784 459 1864 513 ὲπ)

1977 469 2031 515 et
2062 460 2262 514 malitia
2291 460 2547 515 falsorum
2579 458 2885 516 doctorum.
2911 457 3015 526 Qui
3057 464 3247 528 utpote
3267 455 3414 511 nullo
3439 470 3551 510 am-

315 555 380 607 τά
404 554 529 626 ἑξῆς
554 554 654 625 τῆς
685 556 945 629 ἱστορίας,
969 555 1074 627 ὁδῷ
1098 555 1477 628 προϐαίνοντες
1518 551 1734 625 inopem]

1982 550 2122 617 plius
2148 566 2211 603 ex
2257 553 2515 622 apostolis
2541 552 2850 621 superstite,
2894 552 3136 621 posthaec
3182 549 3324 604 nudo
3349 585 3365 611 ,
3404 546 3548 616 quod

316 648 509 712 aiunt,
579 648 755 716 capite
805 650 1070 703 adversus
1134 648 1571 718 pmdicationem
1628 642 1870 699 veritatis
1903 639 2263 696 adulterinam
2340 644 2642 698 doctrinam
2717 642 3008 698 obtrudere
3090 640 3332 712 aggressi
3399 645 3547 694 sunt.

315 743 377 798 Et
407 742 742 814 llegesippus
771 744 988 815 quidem
1036 745 1103 799 de
1141 745 1207 799 iis
1247 745 1408 800 rebus
1458 744 1511 798 in
1566 743 1709 797 hunc
1742 738 1854 794 fere
1879 734 2097 792 modum
2155 738 2365 793 scribit.
2397 737 2506 795 Nos
2543 754 2673 793 vero
2709 738 2909 793 sensim
2934 746 3094 806 atque
3157 735 3348 792 ordine
3413 746 3547 803 pro-

311 839 636 909 gredientes,
668 841 735 895 ad
767 842 1050 910 sequentia
1077 842 1381 896 veniamus.

800 937 1192 990 ΚΕΦΑΛΑῘΟΝ
1224 936 1346 991 Al".

2508 922 2737 980 CAPUT
2774 921 3012 979 XXXIII.

376 1027 573 1095 Ὅπως
618 1029 900 1097 Τραϊανὸς
931 1027 1223 1096 ζητεῖσθαι
1250 1025 1637 1097 Χριστιανοὺς
1661 1023 1803 1077 ἐκώ-

658 1104 854 1153 λυσεν
882 1099 1021 1168 (Nic.
1052 1099 1121 1153 Η.
1153 1100 1216 1152 Ε.
1244 1115 1324 1161 ιιι,
1354 1098 1465 1164 17).

375 1190 637 1255 Τοσοῦτός
681 1209 745 1261 γε
795 1192 900 1264 μὴν
948 1194 1004 1246 ἐν
1052 1192 1255 1246 πλείοσι
1286 1192 1468 1256 τόποις
1499 1192 1526 1243 ὁ
1564 1191 1683 1244 καθ’
1716 1187 1871 1261 ἡμῶν

306 1283 540 1354 ἐπτάθη
567 1284 687 1337 τότε
717 1284 971 1355 διωγμὸς,
1019 1285 1095 1350 ὡς
1124 1286 1336 1339 Πλίνιον
1360 1285 1646 1339 Σεκοῦνδον
1681 1287 1873 1354 ἐπιση-

308 1378 536 1448 μότατον
564 1378 864 1449 ἡγεμόνων,
892 1380 983 1431 ἐπὶ
1006 1378 1084 1449 τῷ
1113 1379 1306 1452 πλήθει
1342 1380 1449 1432 τῶν
1482 1379 1771 1451 μαρτύρων
1791 1397 1874 1432 κι-

303 1468 554 1540 νηθέντα,
600 1468 807 1539 βασιλεῖ
837 1469 1195 1524 κοινώσασθαι
1229 1469 1471 1541 περὶτοῦ
1510 1470 1743 1538 πλήθους
1767 1468 1872 1521 τῶν

304 1561 447 1632 ὑπὲρ
498 1562 598 1633 τῆς
636 1562 871 1626 πίστεως
917 1562 1341 1634 ἀναιρουμένων,
1384 1563 1500 1632 ἅμα
1530 1562 1573 1614 δ’
1601 1564 1659 1615 ἐν
1694 1558 1874 1629 ταὺτῷ

306 1651 564 1725 μηνῦσαι,
616 1654 780 1725 μηδὲν
832 1655 1042 1708 ἀνόσιον
1109 1655 1242 1725 μηδὲ
1295 1654 1442 1725 παρά
1498 1654 1624 1716 τοὺς
1679 1653 1874 1722 νόμους

2052 1016 2333 1083 Quomodo
2375 1014 2639 1085 Trajanus
2686 1014 3013 1069 Christianos
3055 1016 3213 1069 vetuit
3252 1014 3469 1084 inquiri.

2050 1108 2222 1165 Tanta
2267 1124 2430 1180 porro
2484 1116 2536 1163 et
2586 1118 2691 1161 tam
2738 1108 2919 1175 gravis
2960 1107 3234 1176 plerisque
3287 1106 3340 1159 in
3412 1104 3546 1159 locis

1982 1204 2236 1258 adversus
2269 1214 2488 1259 nostros
2518 1203 2822 1272 persecutio
2878 1212 3005 1257 tunc
3050 1202 3307 1271 temporis
3351 1201 3541 1254 saevie-

1973 1296 2083 1359 bat,
2115 1303 2174 1348 ut
2205 1295 2414 1349 Plinius
2445 1295 2748 1359 Secundus,
2778 1293 2917 1347 inter
2942 1293 3343 1361 provinciarum
3371 1303 3543 1346 recto-

1974 1402 2063 1442 res
2099 1387 2510 1452 celeberrimus,
2569 1395 2747 1442 motus
2797 1395 3094 1457 martyrum
3158 1384 3538 1446 multitudine,

1974 1481 2369 1557 adprincipem
2417 1479 2663 1535 retulerit
2708 1480 2776 1533 dc
2818 1492 3048 1534 numero
3078 1494 3261 1533 eorum
3294 1480 3385 1547 qui
3418 1478 3540 1532 ﬁdei

1980 1588 2143 1628 causa
2187 1573 2652 1629 obtruncabantur
2682 1589 2698 1629 :
2734 1572 3004 1639 simulque
3053 1572 3393 1637 indicaverit,
3448 1573 3542 1625 de-

1981 1664 2329 1733 prehendisse
2360 1678 2418 1719 se
2451 1662 2583 1717 nihil
2615 1662 2682 1717 ab
2719 1662 2824 1716 illis
2853 1663 3046 1730 impie,
3096 1663 3227 1716 nihil
3279 1664 3540 1716 adversus

302 1747 564 1818 πράττειν
583 1748 781 1811 αὐτοὺς
803 1748 1205 1820 κατειληφέναι,
1234 1749 1371 1818 πλὴν
1396 1747 1455 1800 τό
1476 1764 1540 1815 γε
1564 1746 1680 1818 ἅμα
1702 1749 1768 1817 τῇ
1799 1746 1864 1816 ἕῳ

1976 1753 2119 1824 leges
2160 1753 2375 1807 actitari
2406 1769 2419 1807 :
2449 1753 2550 1808 nisi
2601 1753 2745 1819 quod
2794 1754 2967 1819 primo
3003 1752 3233 1807 diluculo
3280 1752 3535 1817 excitati,

302 1840 753 1912 διεγειρομένους,
792 1841 883 1894 τὸν
909 1843 1139 1914 Χριστὸν
1161 1840 1282 1895 θεοῦ
1315 1841 1470 1911 δίκην
1496 1841 1681 1911 ὑμνεῖν
1698 1857 1710 1869 ·
1739 1838 1870 1892 τὸδὲ

310 1932 583 2004 μοιχεύειν
609 1934 705 1988 καὶ
728 1933 991 2004 φονεύειν,
1024 1934 1118 1986 καὶ
1154 1932 1223 1986 τὰ
1259 1933 1489 2002 συγγενῆ
1513 1930 1718 1995 τούτοις
1749 1930 1871 1983 ἀθέ-

311 2043 435 2097 μιτα
467 2025 931 2098 πλημμελήματα,
956 2027 1049 2079 καὶ
1069 2026 1262 2089 αὑτοὺς
1288 2023 1668 2096 ἀπαγορεύειν,
1698 2025 1873 2077 πάντα

305 2135 361 2171 τε
389 2118 649 2190 πράττειν
665 2118 968 2181 ἀκολούθως
983 2120 1094 2183 τοῖς
1118 2119 1320 2188 νόμοις.
1340 2117 1482 2188 Πρὸς
1500 2116 1534 2170 ἀ
1553 2117 1643 2169 τὸν
1670 2116 1871 2187 Τραϊα-

305 2209 390 2262 νὸν
433 2209 607 2280 δόγμα
642 2210 840 2264 τοιόνδε
887 2210 1212 2271 τεθεικέναι,
1253 2210 1315 2263 τὸ
1347 2209 1683 2282 Χριστιανῶν
1709 2209 1870 2277 φῦλον

310 2302 379 2373 μὴ
396 2300 739 2372 ἐκζητεῖσθαι
770 2301 886 2371 μὲν,
918 2301 1154 2370 ἐμπεσὸν
1178 2302 1234 2355 δὲ
1251 2300 1571 2364 κολάζεσθαι
1594 2317 1607 2330 ·
1638 2296 1697 2354 οὗ
1720 2317 1873 2367 γενο-

310 2392 488 2462 μένου,
518 2391 697 2455 ποσῶς
720 2392 816 2462 μὲν
840 2392 931 2448 τοῦ
957 2393 1193 2463 διωγμοῦ
1223 2394 1510 2464 σϐεσθῆναι
1531 2393 1629 2464 τὴν
1648 2392 1871 2463 ἀπειλὴν

308 2484 633 2556 σφοδρότατα
649 2483 983 2553 ἐγκειμένου,
996 2486 1054 2538 οὑ
1073 2485 1317 2557 χείρονάς
1332 2502 1395 2553 γε
1414 2486 1518 2555 μὴν
1528 2487 1638 2549 τοῖς
1651 2502 1816 2538 κακου
1826 2503 1874 2555 ρ-

305 2578 417 2644 γεῖν
434 2577 561 2648 περὶ
583 2579 726 2647 ἡμᾶς
745 2577 982 2630 ἐθέλουσι
1005 2577 1283 2630 λείπεσθαι
1306 2577 1621 2649 προφάσεις,
1639 2575 1747 2627 ἔσθ’
1766 2577 1869 2646 ὅπη

309 2668 405 2740 μὲν
429 2668 538 2722 τῶν
557 2670 763 2740 δήμων,
799 2669 908 2722 ἔσθ’
937 2671 1041 2740 ὅπη
1068 2670 1123 2722 δὲ
1147 2672 1240 2724 καὶ
1272 2669 1381 2722 τῶν
1408 2668 1548 2723 κατὰ
1580 2667 1758 2741 χώρας
1784 2668 1874 2739 ἀρ-

305 2759 523 2830 χόντων,
544 2760 640 2822 τὰς
657 2759 776 2812 καθ’
794 2761 826 2831 ἡ
835 2759 948 2829 μῶν
970 2758 1446 2828 συσκευαζομένων
1461 2759 1768 2823 ἐπιϐουλὰς,
1798 2758 1874 2822 ὡς

305 2852 397 2905 καὶ
422 2851 550 2905 ἄνευ
580 2851 869 2922 προφανῶν
889 2852 1161 2922 διωγμῶν,
1194 2854 1449 2924 μερικοὺς
1470 2855 1586 2906 κατ’
1606 2851 1871 2924 ἐπαρχίαν

306 2941 650 3008 ἐξάπτεσθαι,
682 2941 895 3008 πλείους
919 2960 978 2997 τε
1007 2942 1114 2996 τῶν
1140 2944 1343 2997 πιστῶν
1370 2944 1641 3015 διαφόροις
1670 2945 1873 3012 ἐναγω-

307 3033 538 3097 νίζεσθαι
576 3033 908 3105 μαρτυρίοις.
945 3033 1207 3105 Εἵληπται
1241 3034 1285 3088 δ’
1316 3037 1445 3105 ἡμῖν
1482 3036 1515 3103 ἡ
1551 3034 1777 3106 ἱστορία,
1814 3033 1870 3101 ἐξ
1896 3071 1940 3132 c

300 3126 334 3200 ἦ
340 3147 366 3193 ς
382 3129 633 3200 ἀνωτέρω
646 3127 1019 3201 δεδηλώκαμεν
1033 3127 1130 3182 τοῦ
1148 3130 1216 3181 Τε
1226 3128 1533 3200 ρτυλλιανοῢ
1562 3128 1665 3181 Ῥω
1672 3129 1870 3199 μαϊκῆς

315 3219 684 3287 Ἀπολογίας,
718 3214 785 3290 ἦς
813 3221 845 3290 ἡ
878 3220 1139 3291 ἑρμηνεία
1171 3218 1355 3271 τοῦτον
1384 3217 1495 3288 ἔχει
1520 3218 1612 3271 τὸν
1637 3218 1832 3285 τρόπον
1851 3236 1865 3248 ο

307 3327 325 3360 ι
359 3310 549 3363 Καίτοι
575 3310 887 3381 εὑρήκαμεν
908 3312 1001 3364 καὶ
1026 3310 1119 3381 τὴν
1151 3312 1229 3373 είς
1266 3311 1411 3380 ἡμᾶς
1434 3308 1752 3381 ἐπιζήτησιν
1776 3326 1868 3361 κερ·

301 3400 637 3472 κωλυμένην.
691 3400 902 3466 Πλίνιος
938 3401 1045 3473 γάρ
1092 3400 1379 3464 Σεκοῦνδος
1425 3399 1724 3471 ἡγούμενος
1770 3401 1868 3472 τῆς

299 3494 579 3565 ὲπαρχίου,
638 3494 971 3566 κατακρίνας
1025 3494 1380 3567 Χριστιανούς
1431 3510 1581 3557 τινας
1638 3494 1729 3546 καὶ
1771 3495 1868 3565 τῆς

300 3586 451 3653 ἀξίας
483 3585 744 3649 ἐκϐαλὼν,
770 3586 1061 3657 ταραχθεὶς
1082 3588 1159 3659 τῷ
1188 3586 1399 3656 πλήθει,
1424 3588 1657 3657 διηγνόει
1684 3586 1736 3640 τί
1771 3588 1868 3640 αὑ-

298 3677 370 3748 τῷ
394 3678 579 3732 λοιπὸν
601 3677 685 3749 εἴη
714 3680 999 3751 πρακτέον.
1028 3678 1276 3751 Τραϊανῷ
1304 3675 1396 3733 οὖν
1420 3680 1496 3751 τῷ
1548 3679 1753 3750 βασιλεῖ
1776 3682 1867 3734 ἀν-

297 3768 618 3823 εκοινώσατο
642 3769 831 3839 λέγων,
851 3769 954 3836 ἔξω
976 3770 1069 3824 τοῦ
1095 3773 1168 3842 μὴ
1196 3771 1479 3841 βούλεσθαι
1504 3772 1699 3836 αὑτοὺς
1716 3772 1866 3826 εἰδω-

298 3861 590 3933 λολατρεῖν,
617 3863 768 3916 οὐδὲν
803 3864 1012 3917 ἀνόσιον
1055 3866 1112 3918 ἐν
1139 3866 1319 3929 αὑτοῖς
1345 3866 1652 3937 εὑρηκέναι.
1695 3867 1863 3937 Ἑμή-

296 3972 385 4009 νυε
408 3956 465 4009 δὲ
491 3956 779 4019 καὶτοῦτο,
807 3957 1123 4012 ἀνίστασθαι
1146 3958 1311 4011 ἕωθεν
1337 3959 1462 4022 τοὺς
1484 3961 1858 4031 Χριστιανοὺς,

296 4048 388 4101 καὶ
420 4047 514 4100 τὸν
536 4048 768 4118 Χριστὸν
806 4047 924 4101 θεοῦ
961 4049 1115 4119 δίκην
1149 4050 1355 4120 ὑμνεῖν,
1395 4051 1488 4104 καὶ
1517 4051 1651 4122 πρὸς
1680 4051 1740 4104 τὸ
1765 4051 1861 4122 τὴν

295 4142 601 4213 ἐπιστήμην
637 4141 816 4196 αὑτῶν
861 4141 1242 4211 διαφυλάσσειν
1266 4142 1397 4213 (62),
1433 4143 1732 4197 κωλύεσθαι
1767 4162 1862 4213 φο-

293 4234 488 4297 νεύειν,
541 4235 830 4306 μοιχεύειν.
883 4235 1244 4298 πλεονεκτεῖν,
1300 4235 1618 4305 ἀποστερεῖν
1664 4235 1757 4288 καὶ
1792 4235 1859 4287 τὰ

292 4326 499 4389 τούτοις
538 4327 718 4396 ὃμοια.
757 4326 900 4397 Πρὸς
926 4324 1095 4378 ταῦτα
1132 4323 1436 4395 ἀντέγραψε
1468 4324 1750 4394 Τραϊανὸς,
1800 4327 1860 4380 τὸ

1970 1844 2187 1900 Christo
2225 1853 2478 1913 tanquam
2523 1846 2621 1900 deo
2654 1846 2881 1914 hymnos
2926 1853 3185 1898 canerent
3230 1860 3242 1895 :
3285 1854 3539 1897 caeterum

1971 1936 2255 2000 adulteria,
2297 1936 2611 2000 homicidia,
2643 1945 2698 1990 et
2731 1936 2938 2003 reliqua
2974 1935 3281 2006 huiusmodi
3312 1935 3539 1989 crimina

1973 2028 2091 2083 illos
2116 2028 2280 2083 etiam
2311 2028 2574 2093 aversari,
2595 2038 2898 2096 cunctaque
2930 2043 2992 2080 ex
3020 2028 3334 2095 prteseripto
3362 2026 3538 2095 legum

1972 2135 2155 2190 agere.
2245 2120 2456 2188 Quibus
2526 2122 2859 2187 respondens
2935 2118 3256 2187 Trajanus,.
3323 2119 3537 2172 edixit:

1971 2213 2311 2270 Christianos
2349 2213 2562 2282 quidem
2596 2212 2949 2281 requirendos
2984 2227 3089 2265 non
3128 2225 3282 2274 esse,
3328 2209 3541 2263 oblatos

1971 2322 2098 2363 vero
2148 2306 2323 2377 puniri
2365 2314 2638 2374 oportere.
2707 2304 2824 2369 Quo
2889 2302 3075 2369 facto,
3144 2300 3539 2372 persecutionis

1974 2398 2277 2454 incendium
2343 2397 2485 2466 quod
2570 2396 2727 2451 nobis
2784 2395 3076 2449 violentius
3144 2392 3536 2456 incumbebat,

1974 2490 2293 2544 restinctum
2324 2488 2541 2557 quidem
2585 2487 2762 2556 aliqua
2804 2501 2868 2541 ex
2911 2496 3067 2555 parte
3103 2486 3391 2539 videbatur
3424 2503 3436 2538 :
3473 2485 3539 2539 iis

1976 2591 2152 2637 tamen
2205 2580 2296 2651 qui
2351 2596 2447 2635 nos
2503 2580 2738 2649 maligne
2795 2587 2850 2632 et
2904 2577 3276 2631 fraudulenter
3317 2577 3537 2647 aggredi

1972 2673 2191 2738 vellent,
2218 2687 2324 2727 non
2366 2673 2547 2725 minor
2583 2657 2961 2740 Opportunitas
3013 2669 3332 2739 suppetebat
3366 2686 3380 2722 :
3410 2666 3538 2722 alibi

1972 2764 2195 2834 populo,
2248 2763 2377 2817 alibi
2436 2764 2762 2833 prmsidihus
2820 2762 3225 2832 provinciarum
3278 2763 3539 2815 adversus

1973 2866 2188 2912 nostros
2232 2856 2457 2911 insidias
2509 2856 2978 2925 comparantibus.
3041 2854 3189 2908 Adeo
3231 2862 3289 2906 ut
3342 2854 3386 2908 si
3430 2868 3535 2906 non

1973 2950 2150 3019 palam
2180 2959 2235 3004 et
2261 2949 2501 3018 publice,
2536 2948 2735 3003 locales
2765 2957 2944 3001 tamen
2989 2946 3042 3000 in
3074 2945 3277 3016 aliquot
3317 2945 3539 3014 provin-

1974 3042 2074 3096 ciis
2110 3041 2515 3110 persecutiones
2540 3041 2974 3102 exardescerent,
2993 3048 3050 3093 et
3072 3036 3288 3107 plurimi
3309 3051 3372 3091 ex
3408 3036 3539 3091 ﬁde-

1971 3134 2111 3190 libus
2143 3132 2461 3202 multiplicis
2482 3131 2727 3201 martyrii
2764 3140 3037 3184 certamen
3068 3128 3332 3183 subirent.
3364 3128 3535 3182 Porro

1969 3243 2038 3281 ex
2067 3225 2386 3282 Tertulliani
2411 3223 2744 3293 Apologetico
2788 3223 2981 3277 Latine
3003 3222 3312 3290 conscripto
3331 3261 3344 3284 ,
3377 3218 3536 3289 cujus

1962 3318 2073 3387 jam
2099 3332 2260 3387 supra
2303 3315 2634 3371 mentionem
2670 3316 2916 3379 fecimus,
2980 3316 3094 3369 haec
3144 3329 3173 3366 a
3231 3313 3388 3367 nobis
3451 3320 3536 3366 est

1968 3412 2246 3480 desumpta
2261 3408 2519 3463 narratio.
2558 3424 2576 3458 ι
2599 3407 2762 3476 Atqui
2785 3405 3112 3471 invenimus,
3132 3403 3331 3472 inquit,
3356 3402 3534 3471 inqui-

1967 3502 2221 3557 sitionem
2254 3513 2468 3570 quoque
2496 3499 2550 3552 in
2592 3512 2689 3552 nos
2727 3496 3079 3567 prohibitam.
3131 3493 3337 3548 Plinius
3381 3495 3526 3547 enim

1969 3593 2248 3647 Secundus
2279 3606 2399 3645 cum
2431 3589 2768 3658 provinciam
2802 3594 3050 3656 regeret,
3098 3586 3370 3645 damnatis
3414 3584 3534 3654 qui-

1967 3685 2192 3741 busdam
2224 3682 2573 3746 Christianis,
2608 3679 2939 3750 quibusdam
2968 3677 3139 3746 gradu
3174 3677 3381 3747 pulsis,
3415 3678 3530 3745 ipsa

1966 3778 2184 3832 tandem
2235 3774 2579 3829 multitudine
2618 3772 3000 3841 perturbatus,
3042 3769 3171 3839 quid
3208 3768 3274 3825 de
3334 3778 3530 3824 cmtero

1965 3876 2172 3941 ageret,
2234 3864 2504 3922 consuluit
2552 3872 2682 3918 tunc
2734 3861 3031 3929 Traianum
3090 3862 3527 3930 imperatorem:

1965 3961 2204 4031 allegans
2258 3965 2458 4025 praeter
2510 3952 2934 4009 obstinationem
2997 3965 3102 4005 non
3153 3951 3522 4017 sacriﬁcandi,

1962 4054 2097 4108 nihil
2124 4051 2267 4105 aliud
2299 4063 2357 4104 se
2398 4049 2465 4102 de
2511 4043 2874 4100 sacramentis
2929 4057 3116 4097 eorum
3170 4045 3525 4115 comperisse,

1962 4157 2122 4215 quam
2192 4151 2368 4196 cmtus
2434 4136 2784 4209 antelucanos
2862 4136 2929 4191 ad
2999 4135 3299 4190 canendum
3370 4135 3530 4206 106

1959 4238 2176 4293 Christo
2204 4244 2262 4290 ut
2290 4233 2389 4288 deo
2409 4272 2425 4299 ,
2453 4241 2503 4287 et
2537 4231 2603 4285 ad
2640 4228 3125 4285 confmdcrandam
3163 4227 3525 4297 disciplinam:

1960 4327 2346 4391 homicidium,
2401 4323 2744 4387 adulterium,
2803 4322 3071 4386 fraudem,
3131 4320 3412 4390 perﬁdiam
3471 4330 3528 4375 et

290 4418 396 4472 τῶν
439 4417 780 4490 Χριστιανῶν
824 4417 987 4486 φῦλον
1031 4416 1105 4488 μὴ
1145 4414 1489 4486 ὲκζητεῖσθαι
1531 4416 1648 4486 μὲν,
1684 4418 1853 4486 ἐμπε-

1966 4433 2151 4478 rmtera
2199 4418 2406 4474 scelera
2453 4415 2824 4485 prohibentes.
2882 4415 3036 4470 Tunc
3082 4414 3351 4485 Trajanus
3431 4430 3521 4469 re-

290 4510 381 4566 σὸν
416 4510 473 4564 δὲ
512 4507 834 4574 κολάζεσθαι
867 4508 999 4581 (65).
1037 4528 1056 4560 ι
1089 4509 1198 4561 Καὶ
1226 4506 1398 4560 ταῦτα
1425 4507 1522 4579 μὲν
1560 4511 1618 4562 ὲν
1644 4507 1851 4572 τούτοις

285 4598 374 4675 ἦν.

805 4786 1199 4841 ΚΕΦΑΛΑῙΟΝ
1229 4788 1347 4840 AA'.

289 4883 485 4948 Ὅπως
520 4879 628 4947 τῆς
688 4880 988 4949 Ῥωμαίων
1036 4878 1391 4949 Ἐκκλῃσίᾳς
1430 4877 1704 4947 τέταρτος
1738 4884 1845 4935 Εὐ.

493 4951 745 5020 ἁρεστος
788 4947 1012 5019 ’ἡγεῖται
1040 4950 1176 5016 (Nic.
1206 4947 1276 5002 11.
1319 4947 1380 4999 1'}.
1413 4964 1490 5012 ιιι,
1521 4949 1633 5015 25).

352 5044 473 5096 Τῶν
496 5043 554 5096 δὲ
584 5044 677 5097 ἐπὶ
718 5042 931 5113 Ῥώμης
963 5041 1271 5095 ἐπισκόπων
1304 5039 1597 5113 ἕτειτρίτῳ
1622 5041 1721 5112 τῆς
1752 5045 1845 5099 τοῦ

354 5227 465 5296 (61)
502 5228 608 5282 Καὶ
635 5226 820 5280 ταῦτα
850 5225 965 5296 μὲν
1000 5222 1176 5291 οὗτος
1213 5223 1348 5293 περὶ
1380 5225 1603 5279 τούτων
1639 5226 1844 5283 διαλα-

287 5296 421 5362 ϐών,
450 5309 556 5352 etc.
589 5297 720 5352 Tota
754 5300 869 5352 hwc
906 5297 1156 5366 pericope
1183 5310 1352 5363 usque
1383 5297 1446 5366 ad
1490 5296 1647 5350 linem
1684 5299 1841 5365 hujus

1954 4513 2196 4582 scripsit,
2231 4512 2334 4566 hoc
2370 4524 2543 4580 genus
2600 4507 2955 4575 inquirendos
2980 4507 3195 4576 quidem
3225 4520 3334 4560 non
3376 4520 3522 4569 esse,

1953 4606 2160 4662 oblatos
2192 4616 2322 4658 vero
2355 4600 2535 4673 puniri
2564 4609 2840 4670 oportere.
2880 4617 2897 4650 ι
2941 4599 3009 4658 Ει
3053 4598 3167 4653 haec
3196 4597 3413 4667 quidem
3447 4596 3526 4655 ita

1957 4715 2017 4756 se
2042 4697 2335 4755 habebant.

2486 4783 2713 4839 CAPUT
2752 4781 2991 4837 XXXIV.

2061 4883 2215 4953 Quod
2270 4876 2908 5003 EcclesiamERomnnam
2956 4883 3175 4946 quartus
3221 4875 3415 4929 rexerit

2640 4959 2888 5002 varestus.

2640 4959 2888 5002 varestus.

2023 5050 2103 5106 Ex
2146 5045 2405 5104 Romanis
2439 5052 2624 5115 autem
2680 5041 3028 5110 pontiﬁcibus
3079 5038 3330 5097 Clemens
3378 5052 3523 5092 anno

1952 5231 2150 5366 “2.63;.
2167 5295 2277 5352 Kal
2306 5290 3279 5366 πρὸς,τὸ-τὴννέπιᾳτήμην-αὺτῶν
3309 5290 3520 5366 διαφρ-

285 5369 470 5436 capitis
519 5369 672 5422 deest
723 5368 778 5421 in
824 5362 1108 5420 codicibus
1148 5362 1346 5419 nostris
1397 5365 1556 5428 Maz.,
1606 5362 1842 5424 Medfet
1944 5362 2224 5424 λάσσὲιν.
2254 5362 2567 5436 Tertulliani
2603 5364 2763 5416 verba
2793 5363 3013 5436 Graecus
3057 5363 3328 5436 interpres
3377 5362 3517 5436 infe-

290 5431 416 5491 Fiik.
447 5438 551 5492 Sed
588 5453 763 5505 neque
795 5438 1019 5490 Ruﬁnus
1060 5451 1180 5506 eam
1220 5438 1478 5506 agnoscit,
1514 5449 1571 5489 ut
1599 5451 1666 5490 ex
1712 5454 1840 5492 ver-
1944 5441 2118 5493 liciter
2170 5436 2429 5506 reddidit._
2469 5433 2843 5506 Nequeenim
2894 5433 3170 5506 ἐπιστήμη
3219 5443 3300 5506 est
3330 5431 3513 5506 disci-

285 5508 433 5562 sione
481 5510 601 5576 ejus
650 5515 889 5577 apparet.
918 5507 995 5559 Ac
1036 5505 1167 5560 mihi
1210 5505 1424 5575 quidem
1465 5507 1676 5561 videtur
1726 5518 1833 5563 tota

288 5577 396 5633 haec
429 5577 673 5633 clausula
722 5576 906 5644 sliuria
957 5590 1076 5629 esse
1119 5591 1182 5629 ac
1210 5577 1568 5646 supposititia.
1624 5577 1835 5635 Putavit

284 5651 421 5702 enim
476 5647 731 5718 quisquis
782 5648 921 5718 hanc
974 5646 1208 5709 addidit,
1261 5662 1324 5701 ea
1376 5663 1493 5715 qua:
1528 5649 1834 5718 prmo-edunt

282 5718 442 5773 verba
475 5733 600 5774 esse
626 5716 1119 5788 ‘Hegesjppi,reum
1171 5727 1345 5770 tamen
1382 5732 1486 5771 non
1523 5716 1626 5771 Sint
1664 5716 1832 5784 Hege-

280 5789 436 5860 sippi,
463 5789 563 5845 sed
597 5784 769 5859 ipsius
798 5784 1037 5855 Eusebii,
1063 5795 1120 5840 ut
1149 5787 1404 5842 discimus
1441 5803 1504 5842 ex
1538 5788 1710 5860 capite
1740 5788 1830 5858 2‘2,

1941 5512 2106 5576 plina,
2134 5524 2231 5562 nec
2256 5503 2637 5575 διαφυλάσσειν
2669 5502 2811 5576 idem
2835 5514 2921 5557 est
2961 5502 3101 5576 quod
3136 5502 3513 5576 c‘oufmderare.

1941 5571 2150 5633 Mallem
2178 5571 2443 5648 igitur'ita
2470 5575 2816 5648 interpretari
2850 5577 3025 5648 locum
3051 5572 3396 5648 Tertulliani,
3414 5571 3514 5648 καὶ

1940 5650 2025 5720 ἵνα
2080 5641 2265 5720 ῶσπερ
2315 5664 2367 5700 τι
2421 5642 2686 5716 σύμϐολον
2737 5644 2900 5715 ἔχωσι
2957 5644 3055 5712 τῆς
3118 5642 3293 5696 αὑτῶν
3357 5641 3513 5695 πολι-

1937 5719 2106 5782 τείας.

2009 5789 2124 5858 (ϋὸ)
2173 5787 2466 5857 Ἐμπεσὸν
2505 5786 2574 5841 δὲ
2620 5784 2992 5848 κολάζεσθαι.
3039 5783 3176 5843 Male
3227 5786 3357 5842 item
3408 5786 3513 5840 hoc
