4016 6260
447 326 555 381 287

1163 328 1436 386 EUSBBII
1471 327 1950 386 CESARIENSIS
1986 329 2136 388 OPP.
2175 332 2354 390 PARS
2394 333 2431 389 Ι.
2472 365 2543 375 -
2582 334 2967 393 HISTORICA.

3576 340 3683 398 288

447 444 745 512 supradicti
771 445 1116 516 imperatoris
1149 449 1314 502 tertio
1339 445 1473 502 abiit
1519 461 1551 502 ο
1584 447 1717 514 vita,
1756 448 2017 506 Evarasto

2124 454 2512 524 προειρημένου
2564 453 2824 524 βασιλέως
2869 453 3065 527 ἀρχῆς,
3116 455 3347 528 Κλήμης
3391 457 3685 531 Εύαρέστῳ

447 537 814 591 sacerdotium
867 538 1209 606 relinquens,
1256 553 1378 593 cum
1408 553 1598 594 novem
1655 549 1799 597 totos
1846 556 2022 599 annos

448 628 898 700 praedicationem
925 630 1075 686 verbi
1116 630 1283 686 divini
1311 641 1677 701 procurasset.

1004 810 1232 867 CAPUT
1278 809 1494 868 XXXV.

453 897 609 964 Quod
670 901 857 955 tertius
931 899 1424 1025 Hieroso'lyn'wrunt
1494 901 1747 959 Ecclesia:
1808 902 2023 974 prmfuit

1184 987 1241 1025 us
1268 986 1329 1024 us

1184 986 1329 1025 ustus

525 1058 796 1132 Symeone
831 1075 1048 1132 quoque
1070 1062 1137 1116 ad
1180 1063 1326 1117 hunc
1354 1076 1515 1133 quem
1541 1064 1777 1119 diximus
1805 1041 2021 1120 modum

453 1153 561 1207 vita
586 1152 865 1219 defuncto,
916 1152 1397 1226 Hierosolymitani
1445 1157 1788 1227 episcopatus
1839 1157 2020 1213 sedem

451 1242 641 1297 Justus
678 1243 896 1313 quidam
929 1241 1148 1300 Iudaeus
1193 1246 1451 1316 capessit.
1514 1246 1723 1317 Quippe
1772 1262 1836 1304 ea
1891 1257 2022 1302 tem-

453 1339 663 1400 pestate
687 1331 1115 1389 innumerabiles
1144 1348 1210 1389 ex
1239 1332 1652 1389 circumcisione
1699 1335 1765 1391 ad
1819 1334 2018 1390 Christi

456 1423 614 1477 iidem
646 1425 997 1483 transierant.

979 1516 1205 1573 CAPUT
1247 1515 1485 1573 XXXVI.

807 1607 885 1662 De
922 1607 1136 1679 lgnatio
1174 1619 1225 1664 et
1261 1609 1373 1679 ejus
1414 1609 1670 1681 epistolis.

2121 543 2392 613 παραδοὺς
2412 546 2509 617 τὴν
2528 544 2881 616 λειτουργίαν,
2911 546 3130 600 ἀναλύει
3155 548 3247 600 τδν
3265 547 3397 619 βίον,
3419 548 3490 603 τὰ
3508 551 3685 606 πάντα

2121 632 2359 703 προστὰς
2416 634 2511 705 ἐτη
2580 635 2735 690 ἐννέα
2804 636 2903 707 τῆς
2955 635 3050 690 τοῦ
3111 636 3289 694 θείου,
3324 638 3482 709 λόγου
3542 639 3688 697 διδα-

2123 724 2368 790 σκαλίας.

2616 820 3009 876 ΚΕΦΔΛΑΙΟΝ
3030 822 3154 878 ΛΕ’.

2132 906 2231 974 Ὠς
2267 907 2461 976 τρίτος
2498 906 2607 977 τῆς
2638 910 3086 987 Δίζερορςολρμων
3102 913 3405 987 ᾼῘΙοῦστος
3458 914 3683 987 ἡγεῖται

2629 979 2767 1051 (Nic.
2794 980 2868 1045 ιι,
2892 979 2970 1037 Εξ
2988 998 3070 1051 ιιι,
3095 983 3173 1056 ε).

2190 1067 2348 1123 Ἀλλὰ
2376 1071 2469 1123 καὶ
2498 1071 2590 1124 τοῦ
2619 1071 2900 1144 Συμεῶνος
2932 1073 3023 1128 τὸν
3047 1074 3351 1146 δηλωθέντα
3376 1076 3685 1133 τελειωθέν-

2119 1175 2209 1225 τος
2240 1160 2458 1231 τρόπον,
2498 1163 2595 1233 τῆς
2633 1164 2690 1216 ἐν
2722 1164 3107 1237 Ἱεροσολύμοις
3133 1168 3436 1239 ἐπισκοπῆς
3457 1168 3548 1224 τὸν
3566 1168 3685 1240 θρό-

2120 1267 2208 1304 νον
2250 1251 2497 1316 Ἰουδαῖός
2525 1270 2607 1317 τις
2638 1252 2809 1324 ὄνομα
2836 1253 3083 1319 Ἰοῦστος,
3109 1258 3315 1328 μυρίων
3347 1259 3481 1312 ὅσων
3501 1260 3564 1312 ἐκ
3581 1275 3681 1311 πε-

2121 1344 2348 1415 ριτομῆς
2370 1345 2448 1406 εἰς
2463 1345 2552 1399 τὸν
2580 1346 2810 1417 Χριστὸν
2824 1348 3124 1417 τηνικαῦτα
3145 1350 3577 1405 πεπιστευκότων
3601 1346 3683 1416 εἷς

2121 1435 2211 1487 καὶ
2238 1434 2398 1498 αὐτὸς
2424 1432 2517 1499 ὢν,
2546 1435 2861 1507 διαδέχεται.

2573 1528 2968 1583 ΚΕΦΑΛΑΙΟΝ
3016 1532 3156 1599 AC.".

2223 1617 2361 1685 Περὶ
2399 1617 2687 1688 Ἰγνατίου
2731 1621 2828 1674 καὶ
2867 1620 2985 1674 τῶν
3024 1620 3359 1676 ἐπιστολῶν
3395 1622 3579 1676 αὐτοῦ

2562 1689 2703 1759 (Nic.
2731 1690 2799 1744 Η.
2832 1688 2898 1747 Ε.
2932 1706 3014 1755 ιιι,
3042 1691 3159 1760 29).

526 1760 719 1818 Iisdem
751 1764 1083 1835 temporibus
1126 1764 1353 1820 ﬂorebat
1406 1765 1458 1820 in
1512 1766 1638 1821 Asia
1694 1765 2021 1838 Polycarpus

2192 1780 2460 1853 Διέπρεπέ
2486 1798 2548 1850 γε
2574 1782 2679 1852 μὴν
2710 1781 2847 1834 κατὰ
2872 1782 3091 1846 τούτους
3115 1782 3208 1836 ἐπὶ
3238 1782 3339 1853 τῆς
3367 1783 3547 1848 Ἀσίας
3575 1782 3683 1838 τῶν

457 1852 824 1921 apostolorum
858 1855 1187 1923 discipulus,
1220 1858 1309 1925 qui
1354 1873 1381 1907 a
1415 1854 1770 1910 familiaribus
1809 1871 1873 1910 ac
1925 1857 2024 1910 mi-

458 1944 653 1999 nistris
685 1946 922 2011 Domini,
964 1946 1314 2018 Smyrnensis
1352 1945 1608 2003 Ecclesiae
1653 1948 2021 2019 episc0palum

458 2047 765 2107 acceperat.
812 2037 1010 2108 Papias
1046 2053 1291 2108 quoque,
1352 2038 1788 2108 llierapolitanus
1811 2041 2021 2109 episco-

456 2145 581 2201 pus,
612 2131 800 2185 eadem
834 2140 994 2185 aetate
1029 2130 1261 2186 celebris
1286 2131 1405 2199 fuit,
1434 2132 1520 2185 vir
1557 2132 1821 2201 imprimis
1846 2132 2021 2187 diser-

458 2232 546 2277 tus
572 2233 626 2277 et
647 2223 912 2288 eruditus,
961 2238 1026 2277 ac
1070 2223 1480 2293 Scripturarum
1514 2224 1739 2293 peritus.
1779 2222 2022 2294 lgnalius

455 2329 716 2384 praeterea
744 2316 1039 2370 multorum
1062 2315 1404 2370 sermonibus
1444 2324 1627 2370 nostra
1661 2315 1824 2370 etiam
1864 2326 2023 2371 aetate

455 2407 787 2474 celebratus,
832 2408 1103 2463 secundus
1146 2416 1268 2476 post
1314 2407 1537 2462 Petrum
1597 2408 2020 2462 Antiochensem

456 2497 755 2555 Ecclesiam
785 2502 1012 2554 sortitus
1047 2507 1150 2554 est.
1181 2497 1280 2553 Hic
1302 2500 1371 2554 ob
1396 2498 1555 2553 ﬁdem
1579 2498 1779 2554 Christi
1806 2512 1836 2552 e
1866 2495 2021 2569 Syria

457 2596 525 2649 ad
554 2597 744 2652 urbem
780 2595 1008 2652 Romam
1039 2595 1356 2666 perductus,
1397 2595 1588 2650 bestiis
1627 2594 1875 2664 objectus
1903 2606 2022 2649 esse

455 2686 678 2743 dicitur.
706 2687 775 2741 Et
800 2702 922 2743 cum
954 2703 1049 2757 per
1073 2687 1262 2742 Asiam
1297 2686 1396 2743 sub
1428 2686 1834 2742 accuratissima
1863 2684 2024 2741 satel-

457 2775 612 2832 litum
643 2779 888 2833 custodia
926 2780 1258 2844 ductaretur,
1296 2777 1630 2849 singularum
1672 2777 2021 2833 nihilominus

456 2869 740 2923 civitatum
776 2885 914 2941 quas
948 2868 1346 2941 ingrederetur,
1379 2869 1652 2926 Ecclesias
1682 2869 2022 2926 sermonibus

457 2971 513 3015 et
547 2961 1018 3017 cohortationibus
1041 2962 1154 3018 suis
1173 2962 1523 3029 conﬁrmans,
1553 2962 1804 3019 monebat
1834 2963 2022 3034 impri-

458 3054 564 3107 tuis
593 3067 649 3107 ut
684 3053 789 3108 sibi
822 3068 849 3106 a
885 3053 1068 3125 pravis
1116 3054 1494 3109 haereticorum
1528 3054 1874 3124 opinionibus
1925 3070 2019 3111 ca-

2123 1871 2429 1925 άποστόλων
2456 1872 2715 1948 ὁμιλητὴς
2739 1872 3109 1945 Πολύκαρπος,
3140 1873 3235 1943 τῆς
3262 1873 3403 1927 κατὰ
3433 1874 3683 1945 Σμύρναν

2135 1963 2453 2036 Ἐκκλησίας
2494 1965 2629 2036 πρὸς
2659 1965 2766 2020 τῶν
2792 1966 3071 2020 αὐτοπτῶν
3119 1967 3212 2020 καὶ
3258 1967 3547 2038 ὑπηρετῶν
3588 1966 3682 2021 τοῦ

2122 2055 2326 2128 Κυρίου
2375 2056 2472 2128 τὴν
2536 2058 2840 2130 ἐπισκοπὴν
2900 2059 3394 2130 ἐγκεχειρισμένος.
3448 2059 3583 2113 Καθ’
3624 2058 3685 2115 ὃν

2121 2149 2440 2221 ἐγνωρίζετο
2470 2151 2684 2215 Παπίας
2726 2152 2826 2222 τῆς
2864 2153 2921 2204 ἐν
2958 2150 3249 2222 Ἱεραπόλει
3272 2151 3562 2221 παροικίας
3590 2150 3688 2205 καὶ

2121 2241 2280 2305 αὐτὸς
2309 2243 2621 2306 ἐπίσκοπος,
2654 2241 2814 2314 [ἀνὴρ
2842 2241 2912 2296 τὰ
2943 2242 3118 2297 πάντα
3143 2241 3223 2295 ὅτι
3244 2240 3473 2312 μάλιστα
3496 2238 3688 2309 λογιώ-

2120 2350 2278 2398 τατος
2303 2334 2395 2388 καὶ
2418 2334 2516 2405 τῆς
2545 2334 2764 2406 Γραφῆς
2797 2335 3029 2407 είδήμων
3059 2333 3259 2407 (64),]ὃ
3280 2351 3339 2386 τε
3361 2332 3511 2405 παρὰ
3534 2332 3688 2387 πλεί-

2123 2440 2270 2487 στοις
2299 2423 2463 2477 είσέτι
2483 2422 2576 2477 νῦν
2596 2424 2874 2495 διαϐόητος
2908 2423 3185 2493 Ἰγνάτιος,
3219 2425 3318 2495 τῆς
3338 2425 3455 2477 κατ’
3489 2422 3689 2476 Ἀντιό-

2121 2528 2271 2583 χειαν
2296 2512 2500 2583 Πέτρου
2521 2512 2768 2585 διαδοχῆς
2782 2513 3029 2585 δεύτερος
3060 2513 3157 2585 τὴν
3179 2515 3481 2584 ἐπισκοπὴν
3500 2512 3689 2584 κεκλη-

2122 2602 2381 2673 ρωμένος.
2440 2603 2610 2672 Λόγος
2649 2603 2692 2657 δ’
2721 2604 2833 2676 ἔχει
2869 2604 3056 2659 τοῦτον
3094 2604 3201 2659 ἀπὸ
3232 2605 3431 2677 Συρίας
3468 2604 3562 2658 ἐπὶ
3589 2603 3688 2676 τὴν

2132 2692 2413 2765 Ῥωμαίων
2446 2694 2598 2748 πόλιν
2627 2695 3069 2766 ἀναπεμφθέντα,
3103 2695 3305 2767 θηρίων
3331 2693 3583 2767 γενέσθαι
3608 2694 3690 2766 βο-

2122 2784 2220 2856 ρὰν
2241 2786 2340 2857 τῆς
2362 2787 2442 2850 είς
2461 2786 2696 2857 Χριστὸν
2719 2788 3021 2860 μαρτυρίας
3045 2788 3227 2842 ἕνεκεν
3245 2804 3259 2818 ο
3292 2788 3385 2841 καὶ
3411 2787 3476 2858 δὴ
3503 2786 3601 2859 τὴν
3622 2786 3689 2840 δι’

2132 2879 2314 2943 Ἀσίας
2349 2878 2457 2950 (65)
2485 2878 2811 2951 ἀνακομιδὴν
2839 2880 2953 2951 μετ’
2988 2879 3414 2951 ἐπιμελεστάτης
3438 2877 3688 2949 φρουρῶν

2121 2970 2364 3044 φυλακῆς
2402 2971 2739 3044 ποιούμενος,
2792 2971 2890 3036 τὰς
2933 2971 3075 3025 κατὰ
3113 2972 3267 3026 πόλιν
3308 2966 3394 3036 αἷς
3427 2970 3689 3041 ἐπεδήμει

2120 3063 2428 3135 παροικίας,
2470 3065 2589 3127 ταῖς
2632 3061 2718 3116 διὰ
2756 3061 2929 3131 λόγων
2960 3063 3197 3135 ὁμιλίαις
3234 3080 3294 3116 τε
3340 3062 3432 3116 καὶ
3460 3078 3692 3134 προτρο⁴

457 3155 673 3213 verent,
702 3162 822 3216 quae
858 3155 984 3202 tunc
1008 3147 1245 3218 primum
1282 3148 1336 3201 in
1371 3147 1548 3202 lucem
1584 3161 1865 3218 emergere
1898 3162 2018 3203 cum

2124 3156 2247 3218 παῖς
2271 3154 2627 3226 ἐπιρρωννὺς,
2645 3153 2702 3207 ἐν
2721 3152 2956 3226 πρώτοις
2973 3153 3207 3224 μάλιστα
3223 3152 3687 3224 προφυλάττεσθαι

457 3235 796 3304 cmpisseut,
868 3236 1142 3307 c0piosius
1212 3236 1583 3306 puilulabant,
1662 3237 2021 3307 hortatusque

459 3336 541 3381 est
576 3337 631 3381 ut
671 3327 1040 3397 apostolorum
1076 3328 1457 3382 traditionibus
1496 3327 1761 3383 tenaciter
1796 3328 2023 3385 inmere—

458 3430 639 3475 rent:
693 3436 832 3489 quas
902 3420 1120 3490 quidem
1193 3418 1261 3474 ad
1331 3421 1619 3475 certiorem
1691 3420 2022 3489 posteritatis

463 3513 619 3583 107
647 3513 888 3566 notitiam
918 3511 1225 3566 testimonio
1269 3526 1368 3566 suo
1408 3510 1757 3566 conﬁrmatas
1798 3510 2023 3581 scriptis

461 3604 722 3657 tnandare
749 3604 1116 3657 necessarium
1149 3602 1323 3657 duxit.
1361 3601 1548 3671 itaque
1582 3617 1704 3658 cum
1734 3601 2020 3674 Smyrnam

462 3695 744 3761 venisset,
782 3695 834 3747 in
879 3709 985 3764 qua
1021 3704 1131 3749 tum
1163 3702 1281 3749 erat
1306 3693 1639 3764 Polycarpus
1662 3734 1677 3758 ,
1714 3709 1873 3748 uuam
1906 3694 2025 3762 qui.

462 3789 583 3842 dem
624 3787 910 3858 epistolam
942 3788 1162 3857 scripsit
1190 3788 1256 3840 ad
1287 3786 1585 3842 Ecclesiam
1623 3785 1975 3856 Ephesiorum
2008 3826 2022 3848 ,

2120 3245 2220 3310 τὰς
2252 3247 2490 3318 αἱρέσεις
2536 3246 2659 3316 ἄρτι
2693 3245 2813 3298 τότε
2841 3244 3053 3316 πρῶτον
3075 3244 3405 3315 ὰναφυείσας
3441 3244 3535 3297 καὶ
3568 3245 3688 3298 ἐπι-

2123 3331 2459 3396 πολαζούσας
2478 3331 2727 3404 παρῄνει,
2753 3331 3062 3405 προῦτρεπέ
3084 3350 3144 3385 τε
3164 3332 3328 3402 ἀπρὶξ
3356 3331 3571 3403 ἔχεσθαι
3585 3332 3686 3403 τῆς

2120 3421 2230 3477 τῶν
2259 3423 2568 3477 ἀποστόλων
2600 3423 2971 3494 παραδόσεως,
3004 3424 3071 3495 ἢν
3103 3424 3241 3494 ὑπὲρ
3268 3423 3562 3492 ἀσφαλείας
3594 3423 3689 3477 καὶ

2125 3515 2412 3586 ἐγγράφως
2428 3515 2527 3586 ἤδη
2547 3515 2971 3586 μαρτυρόμενος,
2991 3513 3374 3568 διατυποῦσθαι
3393 3514 3687 3583 ἀναγκαῖον

2124 3609 2325 3678 ἡγεῖτο.
2364 3606 2519 3660 Οὕτω
2548 3607 2683 3678 δῆτα
2711 3608 2767 3659 ἐν
2793 3607 3010 3678 Σμύρνῃ
3044 3606 3349 3677 γενόμενος,
3380 3605 3508 3660 ἔνθα
3533 3608 3561 3659 ὁ
3581 3608 3689 3660 [Ιο-

2123 3698 2399 3768 λύκαρπος
2429 3693 2517 3768 ἦν,
2544 3696 2671 3768 μίαν
2696 3697 2793 3767 μὲν
2821 3696 3106 3767 ἐπιστολὴν
3127 3700 3194 3767 τῇ
3222 3696 3362 3750 κατὰ
3394 3694 3493 3767 τὴν
3528 3696 3692 3765 Ἔφε-

2126 3803 2214 3840 σον
2252 3786 2546 3858 Ἐκκλησία
2568 3786 2785 3856 γράφει,
2832 3786 3085 3857 ποιμένος
3125 3786 3291 3856 αὐτῆς
3342 3786 3689 3856 μνημονεύων

464 3881 515 3933 in
547 3894 651 3949 qua
684 3877 926 3934 Onesimi
959 3880 1199 3949 ipsorum
1246 3879 1479 3948 pastoris
1513 3877 1841 3932 mentionem
1875 3874 2021 3930 facit.

460 3969 704 4023 Aiteram
732 3985 950 4039 quoque
979 3970 1132 4024 dedit
1156 3967 1223 4022 ad
1254 3967 1553 4023 Ecclesiam
1581 3966 1868 4037 Magnesia;
1890 3966 2021 4020 civi-

2124 3971 2251 4042 δρῳ,
2275 3970 2401 4023 ἔνθα
2421 3970 2579 4024 πάλιν
2613 3971 2911 4024 ἐπισκόπου
2940 3971 3098 4041 Δάμα
3133 3971 3348 4042 μνήμην
3376 3970 3685 4040 πεποίηται·

462 4059 592 4113 tatis
623 4074 741 4129 qum
769 4061 836 4115 ad
863 4059 1193 4113 Maeandrum
1221 4058 1323 4111 sita
1356 4067 1462 4121 est,
1494 4058 1548 4111 in
1580 4072 1686 4126 qua
1714 4055 1879 4111 etiam
1917 4054 2021 4109 Da-

2126 4062 2218 4116 καὶ
2253 4065 2319 4134 τῇ
2353 4064 2409 4115 ἐν
2445 4061 2706 4133 Τράλλεσι
2744 4062 2801 4115 δὲ
2837 4061 3023 4132 άλλην,
3058 4058 3127 4133 ἦς
3155 4062 3385 4133 ἄρχοντα
3410 4061 3528 4114 τότε
3562 4060 3690 4114 ὄντα

466 4166 607 4204 mam
639 4151 950 4221 episcopum
981 4151 1242 4206 nominat.
1277 4151 1449 4204 Aliam
1482 4138 1609 4226 item
1635 4149 1702 4203 ad
1729 4148 2021 4205 Ecclesiam

2127 4154 2384 4208 Πολύϐιον
2438 4155 2655 4226 ἱστορεῖ.
2717 4153 2859 4226 Πρὸς
2892 4153 3116 4217 ταύταις
3166 4155 3259 4208 καὶ
3296 4155 3361 4224 τῇ
3410 4151 3691 4224 Ῥωμαίων

462 4219 869 4295 Τταιιίπιιοτιιι-ιι
894 4282 909 4307 ,
940 4241 1097 4310 cujus
1123 4241 1423 4295 antistitem
1459 4219 1589 4293 time
1618 4239 1784 4294 fuisse
1825 4253 2021 4293 memo-

2138 4245 2433 4317 Ἐκκλησία
2468 4219 2688 4319 γράφει,
2725 4219 2890 4318 ᾗυκαὶ
2929 4244 3269 4317 παράκλησιν
3299 4219 3584 4316 προτείνει,
3615 4244 3692 4308 ὡς

462 4343 550 4388 rat
584 4332 886 4403 Polybium.
919 4332 1124 4389 Praeter
1156 4334 1252 4387 bas
1293 4342 1379 4387 est
1417 4340 1472 4387 et
1506 4330 1608 4385 alia
1646 4331 1764 4399 ejus
1795 4330 2021 4400 epistola

2129 4337 2203 4409 μὴ
2244 4338 2709 4409 παραιτησάμενοι
2748 4336 2841 4389 τοῦ
2875 4336 3193 4409 μαρτυρίου,
3230 4336 3327 4407 τῆς
3358 4336 3691 4406 ποθουμένης

461 4426 528 4479 ad
561 4423 859 4478 Ecelesiam
892 4425 1042 4479 urbis
1087 4424 1291 4486 Romae,
1332 4424 1385 4478 in
1417 4437 1521 4493 qua
1556 4432 1677 4478 orat
1716 4431 1875 4493 atque
1901 4424 2021 4478 hor-

2126 4428 2289 4482 αὺτὸν
2311 4429 2738 4500 ἀποστερήσαιεν
2765 4427 2997 4492 ἐλπίδος.
3046 4426 3134 4493 Ἐξ
3157 4421 3231 4481 ὧν
3257 4428 3349 4481 καὶ
3381 4427 3693 4500 βραχύτατα

464 4525 610 4569 tatur
637 4515 914 4572 Romanos
944 4556 960 4583 ,
989 4529 1057 4571 ne
1086 4514 1404 4585 martyrium
1442 4530 1471 4568 a
1500 4530 1559 4569 se
1604 4514 1937 4584 depellentes
1962 4531 2021 4569 ac

2129 4517 2207 4578 είς
2242 4514 2498 4579 ἐπίδειξιν
2536 4515 2645 4568 τῶν
2664 4514 2964 4586 εἰρημένων
2986 4515 3322 4584 παραθέσθαι
3354 4515 3523 4581 ἄξιον.
3554 4516 3693 4588 Γρά-

463 4609 820 4677 deprecantes
846 4648 862 4673 ,
896 4623 992 4675 spe
1040 4621 1104 4660 ac
1150 4615 1278 4660 voto
1309 4618 1369 4660 se
1403 4604 1660 4660 fraudare
1688 4606 1877 4661 velint.
1921 4604 2021 4662 Sed

2132 4623 2220 4674 φει
2239 4606 2301 4676 δὴ
2327 4602 2419 4661 οὖν
2440 4605 2582 4660 κατὰ
2610 4605 2751 4673 λέξιν
2771 4624 2783 4637 ·
2829 4626 2847 4658 ι
2890 4607 3020 4662 Ἀπὸ
3051 4607 3251 4679 Συρίας
3280 4607 3439 4680 μέχρι
3479 4606 3694 4679 Ῥώμης

460 4714 639 4770 operae
657 4699 888 4770 pretium
924 4699 1086 4754 fuerit
1104 4698 1168 4753 ad
1196 4698 1662 4756 conﬁrmationem
1691 4713 1878 4755 eorum
1908 4713 2021 4769 qua:

2132 4697 2447 4770 θηριομαχῶ
2488 4697 2575 4753 διὰ
2609 4699 2712 4770 γῆς
2747 4698 2842 4752 καὶ
2873 4698 3166 4769 θαλάσσης,
3215 4698 3405 4762 νυκτὸς
3436 4700 3530 4752 καὶ
3558 4697 3695 4769 ἡμέ-

2136 3878 2443 3949 Ὀνησίμου,
2462 3878 2653 3948 ἐτέραν
2672 3879 2728 3932 δέ
2758 3882 2821 3950 τῇ
2846 3880 2904 3931 ἐν
2930 3878 3219 3950 Μαγνησίᾳ
3238 3881 3304 3950 τῇ
3330 3878 3464 3950 πρὸς
3486 3877 3691 3931 Μαιάν-

460 4842 582 4896 loro
626 4840 859 4911 graecus,
901 4840 1168 4911 interpres
1216 4838 1558 4911 Tertu_lliatn'.
1612 4837 1829 4895 Oblatas
1872 4839 2017 4911 enim
2124 4837 2369 4911 plaribtts
2403 4837 2734 4911 legeratifut
2773 4853 2840 4893 ex
2875 4854 2993 4908 ejus
3042 4838 3489 4911 Interpretatione
3524 4839 3690 4911 coiti-

461 4913 594 4967 dicit
633 4909 1004 4981 Tertullianus
1030 4908 1123 4965 seu
1152 4911 1330 4980 potius
1371 4908 1661 4981 Traianus,
1689 4923 1790 4981 eos
1810 4909 1901 4981 qui
1933 4908 2023 4977 ju-
2125 4908 2287 4981 gitur.
2314 4908 2494 4981 Quare
2527 4924 2631 4981 non
2661 4909 2862 4981 dubito
2887 4911 3014 4978 quin
3056 4910 3171 4981 hzec
3212 4909 3374 4962 verba
3420 4910 3693 4981 ab_impe-;

462 4981 671 5037 dicibus
713 4980 1059 5035 exhibentur.
1095 4975 1188 5034 Sic
1237 4981 1381 5049 enim
1418 4977 1597 5033 Latini
1640 4979 1793 5049 loqui
1824 4975 2019 5049 solent.
2128 4975 2236 5034 rito
2261 4978 2492 5047 quodam
2523 4977 2819 5033 scholiaste
2847 4975 3055 5049 adjecta
3085 4980 3213 5044 sint,
3248 4975 3685 5049 prmterAEuse'hii

464 5050 670 5106 Sensus
698 5052 863 5119 igitur
893 5050 1142 5120 rescripti
1177 5050 1306 5117 imp.
1336 5048 1555 5120 Traiani
1588 5045 2027 5120 adve'rsuthri-
2132 5045 2366 5103 tuentem
2427 5056 2590 5120 atque
2618 5045 2998 5120 sententiain.
3028 5049 3313 5120 Quomodo
3373 5046 3518 5120 enim
3573 5045 3690 5120 ﬁeri

461 5123 670 5174 stianos
701 5115 789 5174 llic
820 5129 943 5173 est:
976 5115 1237 5175 Reétores
1256 5115 1667 5187 provinciarum
1698 5131 1802 5188 non
1834 5118 2029 5188 debere
2131 5126 2309 5188 potest
2342 5125 2401 5170 ut
2433 5115 2699 5188 Eusebius
2731 5117 2947 5184 Papiam
2986 5118 3074 5172 hic
3117 5116 3352 5187 appellet
3388 5117 3569 5188 virum,
3598 5117 3693 5171 do-

464 5205 561 5260 pcr
602 5189 971 5257 speculatores
1010 5199 1066 5245 et
1109 5184 1369 5260 satellites
1407 5203 1533 5243 suos
1578 5187 1849 5260 curiosius
1876 5187 2028 5243 inda-
2132 5184 2448 5260 ctissimun},
2472 5195 2524 5241 et
2551 5184 2959 5260 Scriptu‘rarum
2979 5184 3387 5260 peritissimum,
3412 5200 3532 5260 cu_m
3559 5186 3694 5260 ipse.

464 5255 592 5327 pare
619 5255 789 5328 genus
816 5270 871 5314 et
896 5270 1096 5315 sectam
1126 5259 1579 5322 Christianorum.
1630 5258 1808 5328 Siqui
1850 5266 2029 5328 tamen
2132 5267 2242 5328 inet
2287 5255 2340 5308 in
2393 5256 2502 5328 ﬁne
2551 5255 2707 5328 hujus
2744 5255 2866 5328 libri
2911 5255 3111 5328 diserte
3143 5255 3408 5328 aﬁirmet,
3466 5255 3686 5328 Papiam

463 5327 760 5384 Christiani
794 5332 862 5384 ab
895 5330 1215 5385 oﬁicialibus
1261 5328 1489 5383 fortuito
1519 5327 1842 5397 deprehensi
1886 5327 2030 5392 sint,

463 5410 521 5454 et
559 5400 614 5454 in
645 5398 911 5467 judicium
938 5401 1180 5465 adducti,
1210 5399 1294 5453 vel
1330 5399 1373 5453 si
1412 5398 1479 5451 ab
1509 5395 1917 5454 accusatoribus
1947 5397 2035 5453 de-
2133 5411 2197 5451 ac
2216 5395 2542 5467 simplicem.

463 5462 696 5525 nuntiati
727 5471 854 5537 sint,
878 5487 973 5527 eos
1002 5462 1227 5525 omnino
1256 5468 1433 5538 puniri
1463 5479 1733 5538 oportere.

2154 5462 2464 5538 “(65),qu
2511 5462 2587 5532 δὴ
2626 5462 2739 5533 τὴν
2782 5464 2854 5518 δι’
2908 5465 3137 5538 Ἄσίας,
3163 5463 3477 5538 ΙιιιΑΙρςξιιιι·
3507 5464 3559 5517 in
3591 5478 3693 5538 _co-_

536 5540 649 5609 (64)
684 5531 939 5608 Παπίας,
980 5539 1136 5608 ἀνὴρ
1174 5539 1243 5593 τὰ
1259 5531 1478 5609 ’,πάντα
1501 5531 1613 5592 ’ὅτι
1628 5536 1894 5609 Macta
1934 5540 2021 5609 .10-

2136 5531 2257 5592 dice
2286 5531 2665 5609 Regiouquem
2687 5531 2903 5609 Secutus
2933 5546 3017 5609 est
3043 5535 3177 5589 Rob.
3232 5531 3693 5609 Stephanus._5_ed

464 5602 770 5681 γιώτὰτος,
796 5602 1044 5679 καὶ-’τῆς
1083 5602 1334 5679 Τραέεῆς
1380 5602 1659 5681 εἰδήμωνζ
1687 5607 2021 5681 Ἰξοιυιιιῃιιοι

2139 5602 2389 5675 (ιυθιυοιῖ
2417 5602 2519 5681 alii
2548 5605 2781 5681 codices,
2819 5604 3137 5681 gazarinus
3171 5605 3403 5681 scilic_et_
3424 5619 3487 5658 ac
3521 5602 3693 5681 Medi-

465 5664 700 5758 eioginm
716 5664 902 5758 :Papiae
924 5664 1088 5758 deest
1100 5664 1383 5758 “illustris
1407 5664 1686 5758 codicibus
1710 5678 1869 5758 Ma_z.,
1895 5676 2034 5731 Med.
2142 5664 2305 5758 cacus,
2330 5689 2453 5758 cum
2474 5673 2613 5758 Fuit.
2633 5684 2689 5758 et
2718 5664 3292 5758 Sttﬁlianouseriptum
3316 5675 3519 5729 habent
3541 5664 3705 5734 οὗτος

466 5765 521 5806 et
550 5744 682 5814 Fuk.
713 5744 817 5809 Sed
847 5766 1019 5824 neque
1052 5750 1280 5807 Ruﬁnus
1311 5752 1424 5808 haec
1449 5752 1614 5805 verba
1641 5749 1693 5805 iu
1720 5750 1835 5805 suis
1857 5762 2021 5803 exemi

2138 5744 2207 5811 δὴ
2235 5744 2326 5798 οὖν
2354 5744 2449 5816 τὴν
2471 5744 2533 5798 δι’
2574 5744 2751 5810 Ἀσίας
2778 5744 3128 5813 ἀνακομιδήν,
3156 5754 3261 5799 etc.

2132 5327 2301 5381 fuisse
2330 5324 2583 5396 mediocri
2618 5326 2833 5396 ingenio
2861 5327 3168 5394 praeditum,
3206 5326 3470 5394 planeque
3499 5325 3688 5379 rudem
