4016 6260
384 311 493 368 289

1368 315 1722 372 HISTORIE
1759 317 2325 376 ECCLESIASTICE.
2362 320 2492 375 LIB.
2534 321 2622 376 lll.

3524 337 3634 397 290

383 443 508 499 ρας,
534 426 871 498 ἐνδεδεμένος
903 427 1034 482 δέκα
1064 428 1398 498 λεοπάρδοις,
1436 432 1466 485 ὃ
1491 433 1607 484 ἐστι
1650 451 1914 505 στρατιωτ

2023 465 2034 500 ι
2066 436 2595 503 diximus,-nonnulla
2614 455 2682 495 ex
2714 440 2779 495 iis
2809 440 3008 498 litteris
3039 445 3126 500 hic
3153 450 3450 507 ascribere.
3485 453 3634 510 Scri-

381 519 479 572 κῖιν
503 521 706 590 τάγμα,
767 522 817 574 οἳ
860 523 954 574 καὶ
1000 522 1462 594 εὐεργετούμενοι,
1502 527 1716 597 χείρους
1746 527 1955 596 γίγνον-

381 628 471 664 ται
498 612 627 681 (66).
693 615 782 666 Ἐν
809 613 865 666 δὲ
893 618 1005 678 τοῖς
1041 615 1336 686 ἀδικήμασι
1359 616 1533 670 αὐτῶν
1562 619 1757 689 μᾶλλον
1787 619 1956 690 μαθη-

379 708 628 778 τεύομαι,
663 709 776 762 ἀλλ’
810 710 868 762 οὐ
903 712 1054 779 παρά
1093 710 1248 764 τοῦτο
1277 711 1648 783 δεδικαίωμαι.
1698 715 1954 786 Ὀναίμην

379 803 489 856 τῶν
515 804 716 874 θηρίων
747 805 856 858 τῶν
885 807 1007 876 ἐμοὶ
1033 807 1295 878 ἑτοίμωνο
1323 809 1358 863 ἃ
1383 809 1476 862 καὶ
1509 808 1736 882 εὔχομαι
1765 811 1951 865 σύντο-

383 895 461 964 μά
490 912 579 966 μοι
601 896 907 968 εὑρεθῆναι,
942 897 977 951 ἃ
995 898 1087 950 καὶ
1107 899 1419 954 κολακεύσω
1449 902 1728 972 συντόμως
1756 920 1818 974 με
1853 919 1952 956 κα-

377 990 660 1055 ταφαγεῖν,
682 989 778 1057 οὐχ
807 988 994 1059 ὥσπερ
1017 989 1178 1045 τινῶν
1209 992 1577 1063 δειλαινόμενα
1600 995 1696 1064 οὑχ
1716 995 1947 1064 ἥψαντο·

377 1077 482 1130 κᾶν
535 1079 674 1131 αύτά
724 1079 782 1132 δὲ
838 1080 1036 1133 ἄκοντα
1087 1081 1160 1152 μὴ
1193 1081 1341 1156 θέλῃ,
1380 1083 1488 1153 ἐγὼ
1529 1086 1945 1158 προσϐιάσομαι.

375 1169 716 1239 Συγγνώμην
766 1189 854 1241 μοι
890 1172 1062 1242 ἔχετε.
1107 1175 1171 1227 Τί
1201 1192 1290 1244 μοι
1327 1176 1612 1249 συμφέρει,
1651 1178 1760 1247 ἐγὼ
1792 1178 1951 1247 γινώ-

377 1273 510 1311 σκω.
549 1259 664 1312 Νῦν
696 1262 934 1332 ἄρχομαι
977 1262 1223 1335 μαθητὴς
1254 1260 1412 1320 εἶναι.
1449 1268 1632 1338 Μηδέν
1681 1286 1747 1339 με
1777 1267 1950 1339 ζηλῶ-

376 1365 470 1402 σαι
495 1351 604 1422 (67)
628 1351 736 1404 τῶν
759 1353 970 1424 ὁρατῶν
996 1356 1089 1409 καὶ
1109 1356 1373 1426 ἀοράτων,
1399 1357 1487 1412 ἵνα
1516 1359 1686 1428 Ἰησοῦ
1711 1359 1946 1432 Χριστοῦ

372 1443 634 1513 ἐπιτύχω,
654 1444 762 1516 πῦρ
783 1447 874 1498 καὶ
890 1446 1134 1518 σταυρὸς,
1151 1447 1352 1519 Θηρίων
1378 1467 1436 1502 τε
1465 1451 1768 1515 συστάσεις,
1785 1469 1947 1524 σκορ-

372 1539 567 1608 πισμοὶ
601 1539 820 1604 ὀστέων,
858 1541 1126 1609 συγκοπαὶ
1169 1541 1365 1612 μελῶν,
1418 1543 1642 1615 ἀὴσμοὶ
1676 1545 1782 1616 (68)
1825 1545 1944 1599 ὅλου

365 1629 464 1683 τοῦ
501 1629 768 1702 σώματος,
787 1633 1034 1697 κολάσεις
1060 1633 1155 1686 τοῦ
1176 1635 1419 1690 διαϐόλου
1448 1638 1527 1700 είς
1549 1639 1572 1690 ἐ
1581 1637 1646 1708 μὲ
1667 1638 1944 1710 ἐρχέσθω-

370 1737 492 1786 σαν,
519 1720 677 1790 μόνον
713 1721 799 1775 ἵνα
833 1721 1004 1793 Ἰησοῦ
1032 1722 1267 1793 Χριστοῦ
1296 1723 1551 1795 ἐπιτύχω.
1589 1745 1606 1778 ι
1641 1728 1748 1780 Καὶ
1774 1726 1944 1782 ταῦτα

2057 529 2134 582 bit
2159 530 2321 598 igitur
2353 531 2404 584 in
2439 532 2580 586 hunc
2600 533 2857 589 modum:
2889 553 2908 586 t
2945 537 2987 590 A
3020 537 3176 609 Syria
3209 541 3434 598 Romam
3462 560 3627 615 usque

2055 637 2175 675 cum
2204 621 2394 677 bestiis
2429 627 2672 694 depugno
2698 666 2713 693 ,
2750 635 2894 680 terra
2938 630 3183 698 marique
3206 673 3218 696 ,
3261 646 3422 689 noctu
3458 647 3513 692 et
3541 638 3626 693 in-

2057 713 2233 766 terdiu
2265 752 2278 778 ,
2310 713 2595 782 colligatus
2627 717 2813 770 decem
2849 718 3115 789 leopardis
3143 764 3156 787 ,
3189 725 3289 778 hoc
3316 739 3419 794 est,
3453 731 3624 786 mani-

2055 805 2179 874 pulo
2213 805 2440 859 militum
2475 822 2488 862 :
2523 811 2612 876 qui
2639 808 2915 864 beneﬂciis
2949 828 2976 863 a
3009 828 3094 866 me
3131 813 3329 881 allecti,
3368 821 3624 876 saeviores

2053 897 2207 950 liunt.
2239 896 2438 953 Verum
2475 915 2574 969 ego
2606 901 2818 968 injuriis
2849 907 3066 972 quidem
3100 909 3312 964 illorum
3353 913 3576 968 erudior
3605 932 3622 968 ς

2053 1003 2158 1043 non
2203 990 2404 1045 idcirco
2440 999 2619 1046 tamen
2663 993 2992 1062 justilicatus
3023 1015 3162 1053 sum.
3217 1001 3432 1056 Utinam
3469 1004 3613 1059 fruar

2051 1081 2237 1136 bestiis
2273 1083 2378 1137 illis
2413 1099 2533 1152 qua
2577 1085 2709 1138 mihi
2754 1099 2958 1156 parata:
2983 1095 3148 1146 sunt!
3193 1092 3338 1158 Quas
3368 1098 3615 1164 equidem

2051 1183 2176 1240 opto
2224 1181 2281 1227 ut
2329 1175 2726 1242 quamprimum
2775 1177 3068 1234 inveniam.
3114 1181 3444 1252 Palpaturus
3498 1203 3616 1240 sum

2049 1277 2162 1326 eas,
2194 1273 2252 1318 ut
2281 1280 2365 1319 me
2395 1265 2651 1320 celeriter
2686 1269 2980 1336 devorent,
3006 1287 3102 1325 nec
3136 1284 3281 1328 metu
3311 1276 3616 1334 absterrita:

2051 1356 2178 1408 mihi
2227 1367 2488 1424 parcant,
2539 1361 2992 1428 quemadmodum
3042 1365 3316 1433 aliquibus
3353 1384 3617 1439 peperce-

2050 1459 2194 1502 runt.
2221 1450 2372 1515 Quod
2401 1451 2443 1504 si
2476 1451 2616 1504 forte
2649 1454 2998 1516 recusabant,
3033 1472 3130 1526 ego
3161 1473 3254 1513 eas
3288 1461 3339 1513 vi
3373 1461 3615 1530 adigam.

2049 1538 2270 1594 Veniam
2320 1541 2452 1594 mihi
2499 1543 2645 1596 date.
2679 1541 2811 1596 Novi
2857 1545 3114 1612 quidnam
3158 1549 3287 1602 mihi
3325 1551 3614 1606 conducat.

2047 1627 2196 1682 Nunc
2225 1630 2438 1684 tandem
2468 1630 2668 1694 incipio
2699 1647 2820 1686 esse
2850 1634 3148 1703 discipulus
3192 1636 3417 1693 Christi.
3455 1639 3612 1695 Nulla

2047 1736 2133 1776 res
2166 1730 2272 1776 tam
2306 1736 2492 1776 earum
2538 1737 2659 1792 qua:
2696 1723 3086 1791 adspectabiles
3120 1737 3284 1794 sunt,
3324 1746 3486 1800 quam
3521 1748 3614 1787 ea-

372 1813 469 1881 μὲν
502 1811 611 1865 ἀπὸ
647 1812 746 1883 τῆς
776 1811 1112 1884 δηλωθείσης
1135 1813 1341 1878 πόλεως
1361 1819 1481 1879 ταῖς
1500 1816 1919 1886 καταλεχθείσαω

2046 1829 2161 1866 rum
2187 1829 2308 1883 quae
2353 1816 2454 1868 sub
2485 1815 2674 1870 oculos
2724 1831 2829 1869 non
2861 1817 3061 1872 cadunt
3086 1859 3101 1885 ,
3135 1821 3376 1874 animum
3431 1837 3609 1877 meum

367 1902 716 1974 Ἐκαλησίαις
738 1904 1122 1958 διετυπώσατο.
1152 1906 1290 1978 Ἤδη
1318 1907 1362 1960 δ’
1382 1907 1634 1961 ἐπέκεινα
1652 1909 1749 1978 τῆς
1772 1909 1942 1980 Σμύρ-

366 2012 464 2065 νης
496 1996 804 2066 γενόμενος,
840 1996 951 2050 ἀπὸ
984 1997 1235 2069 Τρωάδος
1269 1999 1381 2060 τοῖς
1411 2014 1471 2049 τε
1507 1998 1562 2050 ὲν
1592 1998 1940 2071 Φιλαδελφείᾳ

366 2084 523 2152 αὖθις
553 2087 639 2141 διὰ
677 2090 891 2159 γραφῆς
912 2087 1106 2159 ὁμιλεῖ,
1139 2090 1232 2142 καὶ
1264 2091 1330 2158 τῇ
1367 2089 1682 2159 Σμυρναίων
1714 2089 1939 2162 Ἐκκλη-

366 2181 476 2252 σία,
506 2181 649 2244 ἰδίως
666 2198 724 2234 τε
747 2179 823 2251 τῷ
843 2179 1044 2250 ταύτης
1074 2179 1466 2250 προηγουμένῳ
1495 2180 1852 2252 Πολυκάρπῳ·
1879 2181 1936 2235 ὃν

363 2264 452 2323 οἷα
473 2269 536 2340 δὴ
565 2269 918 2324 ἀποστολικὸν
939 2270 1107 2341 ἄνδρα
1127 2266 1184 2323 εὖ
1219 2270 1360 2340 μάλα
1381 2271 1676 2342 γνωρίζων,
1698 2272 1794 2342 τὴν
1817 2272 1935 2324 κατ’

375 2363 706 2434 Ἀντιόχειαν
731 2363 878 2434 αύτῷ
903 2362 1156 2434 ποίμνην,
1185 2362 1329 2416 ὡσάν
1355 2363 1577 2434 γνήσιος
1621 2365 1712 2416 καὶ
1736 2365 1935 2432 ἀγαθὸς

363 2454 568 2524 ποιμὴν
627 2455 1004 2525 παρατίθεται,
1051 2453 1147 2524 τὴν
1193 2454 1319 2525 περὶ
1351 2455 1518 2524 αὐτῆς
1559 2457 1810 2526 φροντίδα
1847 2457 1933 2510 διὰ

363 2545 601 2616 σπουδῆς
621 2545 760 2616 ἔχειν
781 2546 940 2598 αὐτὸν
957 2543 1138 2610 ἀξιῶν·
1170 2545 1226 2596 ὐ
1242 2543 1283 2596 δ’
1300 2545 1459 2607 αὐτὸς
1475 2546 1792 2617 Σμυρναίοις
1809 2550 1936 2618 ΥΡά’

361 2652 499 2703 (ρων,
529 2636 627 2688 οὐκ
641 2633 737 2688 οἷδ’
763 2636 953 2689 ὁπόθεν
977 2638 1154 2706 ῥητοῖς
1177 2634 1284 2705 (69)
1309 2635 1691 2708 συγκέχρηται,
1713 2638 1933 2691 τοιαῦτά

363 2743 484 2779 τινα
526 2727 654 2798 περὶ
686 2726 779 2781 τοῦ
807 2727 1038 2798 Χριστοῦ
1072 2726 1279 2791 διεξιών
1301 2745 1373 2803 χι
1417 2727 1556 2794 Ἐγὼ
1587 2729 1642 2782 δὲ
1671 2731 1762 2782 καὶ
1796 2730 1932 2799 μετὰ

359 2816 461 2887 τὴν
497 2815 785 2869 ἀνάστασιν
812 2815 922 2888 (70)
952 2817 1009 2869 ὲν
1051 2816 1214 2887 σαρκὶ
1241 2815 1400 2869 αὑτὸν
1423 2811 1556 2881 οἶδα,
1584 2817 1676 2872 καὶ
1696 2820 1931 2872 πιστεύω

434 3034 546 3100 (66)
585 3034 826 3101 Χείρους
859 3034 1179 3105 γίγνονται.
1209 3031 1267 3086 1η
1295 3032 1482 3105 codice
1516 3032 1680 3105 Μυκη
1707 3032 1849 3090 Med.
1876 3045 1930 3090 et

361 3105 658 3176 Fuketiano
688 3102 881 3176 legitur
907 3102 1147 3176 χείρονες
1166 3102 1626 3176 γίνονταιηΡειυΙο
1659 3113 1777 3171 post
1808 3106 1922 3175 lego

360 3192 483 3247 cum
516 3174 697 3247 lsa_aco
735 3173 1102 3247 Vossioiaixa‘t
1129 3173 1618 3247 sﬁxopathctiwovcit
1657 3173 1923 3247 potspr-

359 3244 541 3316 θῆναι.
571 3244 739 3311 Quam
783 3245 1209 3316 emendationem
1258 3245 1541 3298 confirmat
1589 3244 1767 3298 littlini
1804 3244 1922 3300 ver-

358 3314 461 3370 sio.
506 3316 598 3370 Sic
629 3316 773 3368 enim
809 3317 964 3368 vertit
998 3333 1010 3366 :
1043 3314 1185 3380 Quas
1211 3325 1258 3368 et
1290 3330 1381 3383 ego
1413 3323 1532 3382 opto
1564 3316 1790 3368 acriores
1822 3333 1917 3380 pa-

357 3387 493 3456 rari.
533 3385 769 3439 Σύντονα
820 3385 980 3456 igitur
1029 3385 1160 3456 legit
1207 3383 1604 3456 Rutinustn'on
1653 3383 1914 3456 σύντομα.

356 3455 504 3508 ldem
533 3470 689 3509 error
715 3471 742 3508 a
779 3455 934 3509 nobis
967 3453 1263 3524 castigatus
1287 3463 1366 3507 est
1400 3452 1536 3506 inl'ra
1581 3454 1631 3506 in
1669 3452 1912 3518 libro'u,

356 3525 448 3579 ubi
483 3528 548 3580 de
585 3526 840 3595 martyrio
867 3522 1179 3595 Apolloniae.
1211 3522 1322 3578 lllic
1354 3525 1495 3578 enim
1527 3523 1800 3594 συντόμως
1825 3543 1917 3580 ex-

355 3610 543 3649 cnsutn
568 3606 683 3649 erat
719 3594 812 3660 pro
845 3594 1127 3657 συντόνως.

427 3665 540 3734 (67)
579 3663 781 3732 Μηδέν
798 3682 874 3734 με
909 3663 1184 3732 ζηλῶσαι.
1225 3663 1367 3716 Ante
1395 3663 1492 3718 has
1525 3676 1682 3717 voces
1714 3664 1764 3718 in
1799 3680 1916 3734 om-

353 3727 533 3790 nibus
566 3727 763 3789 nostris
793 3727 1069 3790 codicibus
1113 3734 1353 3802 apposita
1386 3741 1466 3786 est
1500 3734 1670 3786 media
1721 3727 1913 3788 distin-

352 3807 487 3867 ctio,
515 3822 622 3860 non
649 3815 824 3859 autem
856 3803 1054 3858 linalis.
1082 3802 1306 3857 Ruﬁnus
1352 3812 1527 3854 tamen
1559 3812 1612 3855 et
1641 3803 1912 3860 Musculus

353 3888 421 3930 ac
467 3876 989 3944 Christophorsonus
1037 3874 1309 3944 antelnec
1359 3873 1784 3944 verba_linalem
1825 3875 1903 3928 di-

352 3940 701 3999 stinctionem
746 3946 994 4014 videntur
1041 3943 1306 4014 posuisse.
1360 3940 1757 4014 Namﬂulinus
1785 3946 1909 4014 qui-

352 4016 476 4068 dem
507 4016 577 4068 ita
608 4016 802 4068 vertit:
834 4011 990 4066 Nunc
1017 4013 1210 4077 incipio
1236 4028 1344 4064 esse
1381 4011 1668 4078 discipulus
1695 4011 1907 4068 Christi.

352 4082 607 4138 Facessat
651 4084 851 4138 invidia
880 4083 956 4137 vel
999 4083 1214 4134 humani
1257 4082 1495 4149 affectus,
1527 4081 1616 4152 .vel
1665 4083 1909 4152 nequitia:

351 4137 631 4222 spiritalis,
664 4137 722 4207 ut
758 4153 938 4206 Jesum
971 4152 1248 4222 Christum
1268 4137 1752 4222 riierear'a'dipisci.’
1797 4151 1910 4222 Mu-

350 4220 536 4278 sculus
565 4220 691 4278 vero
719 4226 790 4276 ita
815 4223 979 4276 vertit
1004 4239 1017 4274 :
1048 4220 1203 4273 Nunc
1233 4220 1422 4285 incipio
1449 4235 1557 4272 esse
1596 4221 1904 4288 discipulus.

351 4293 506 4347 Nihil
543 4295 822 4347 visibilium
854 4307 1048 4353 moror,
1079 4289 1206 4343 nihil
1238 4289 1598 4348 invisibilium,
1633 4299 1689 4342 ut
1725 4290 1906 4345 Jesum

349 4361 617 4416 Christum
667 4365 958 4432 arquiram.
1001 4365 1086 4432 At,
1126 4360 1597 4432 ClaristopliorsOIii
1639 4359 1906 4432 interpre-

349 4433 486 4486 tatio
519 4434 634 4488 haec
673 4428 755 4486 est
779 4449 793 4486 :
821 4433 942 4486 Jam
981 4430 1174 4497 incipio
1215 4428 1410 4482 Christi
1448 4428 1735 4496 discipulus
1770 4428 1898 4488 esse.

2042 1903 2242 1971 capiat,
2279 1903 2486 1958 utJesu
2529 1905 2748 1960 Christo
2789 1907 2992 1974 possim
3034 1909 3218 1978 potiri.
3253 1909 3414 1980 Ignis,
3453 1927 3608 1978 crux,

2043 1995 2340 2050 bestiarum
2391 1998 2623 2067 impetus
2650 2038 2665 2062 ,
2696 1999 2900 2054 ossium
2934 2002 3214 2056 distractio
3243 2043 3258 2066 ,
3307 2006 3608 2064 conlractio

2042 2087 2404 2141 membrorum
2435 2126 2452 2152 ,
2501 2103 2564 2142 ac
2599 2090 2766 2144 totius
2806 2093 3051 2160 corporis
3083 2094 3330 2150 conlusio
3356 2136 3372 2159 ,
3409 2097 3607 2155 diaboli

2040 2177 2270 2246 denique
2302 2178 2560 2248 supplicia
2583 2180 2634 2232 in
2667 2195 2750 2234 me
2778 2196 2940 2234 unum
2981 2182 3284 2249 incursent,
3314 2186 3608 2242 dummodo

2037 2268 2250 2322 Christo
2297 2269 2405 2322 frui
2451 2269 2578 2322 mihi
2611 2270 2792 2324 liceat.
2842 2289 2860 2323 ι
2901 2271 2968 2325 Ει
2996 2271 3112 2327 haec
3157 2274 3376 2344 quidem
3423 2278 3510 2333 ille
3539 2295 3606 2335 ex

2035 2357 2162 2411 Asia
2196 2357 2260 2410 ad
2308 2357 2579 2413 Ecclesias
2621 2361 2872 2428 superius
2906 2374 3233 2419 memoratas
3265 2368 3602 2438 perscripsit.

2035 2447 2226 2503 Postea
2276 2463 2406 2503 vero
2451 2463 2482 2504 a
2518 2449 2750 2520 Smyrna
2802 2451 3036 2507 ulterius
3082 2469 3400 2524 progressus
3432 2498 3447 2522 ,
3479 2476 3601 2516 cum

2035 2541 2299 2594 Troadem
2329 2541 2588 2606 venisset,
2631 2543 2756 2598 inde
2785 2545 2850 2597 ad
2889 2543 3366 2614 Philadelphenscs
3394 2550 3603 2608 litteras

2033 2629 2179 2684 dedit
2203 2670 2218 2694 ,
2245 2640 2300 2682 et
2336 2631 2402 2684 ad
2434 2632 2839 2700 Slnyrnaeorum
2869 2633 3168 2687 Ect-lesiam
3196 2673 3212 2700 ,
3241 2638 3601 2710 privatimque

2032 2721 2097 2777 ad
2127 2721 2480 2792 Polycarpum
2509 2738 2698 2777 eorum
2734 2724 3070 2793 episcopum.
3103 2725 3271 2793 Quem
3317 2745 3440 2783 eum
3471 2748 3600 2800 apo-

2030 2811 2279 2868 stolicum
2300 2812 2473 2866 virum
2492 2827 2611 2867 esse
2639 2812 2795 2883 plane
2818 2825 3191 2883 cognosceret,
3216 2817 3316 2888 ipsi
3345 2828 3597 2890 tanquam

2029 3044 2112 3090 est
2156 3051 2218 3089 ac
2265 3036 2307 3089 si
2358 3035 2582 3089 dixisset
2631 3035 2912 3104 lgnatius:
2953 3035 3125 3091 Nemo
3178 3037 3310 3092 mihi
3360 3038 3598 3095 invideat

2031 3104 2430 3178 hancgloriam
2465 3105 2716 3178 discipuli
2750 3105 3000 3178 Christi,
3045 3121 3203 3178 nemo
3253 3123 3337 3178 me
3369 3110 3436 3162 ab
3481 3109 3596 3178 ejus

2024 3176 2306 3244 complexu
2337 3175 2572 3228 divellat.
2605 3176 2805 3230 Alludit
2836 3179 2981 3230 enim
3025 3176 3402 3231 sanctissimus
3452 3175 3596 3232 mar-

2023 3256 2129 3314 tyr.
2169 3257 2224 3298 ut
2255 3255 2308 3298 et
2337 3246 2461 3296 alibi
2496 3246 2650 3307 solet,
2681 3247 2746 3298 ad
2786 3248 2950 3298 verba
2996 3246 3082 3297 illa
3118 3248 3346 3313 aposmli
3390 3247 3538 3302 Pauli
3570 3265 3586 3301 :

2021 3317 2152 3380 Quis
2193 3331 2272 3368 me
2315 3315 2572 3381 separabit
2612 3316 2933 3386 arclmritute
2975 3315 3214 3369 Christi?
3254 3317 3309 3370 Si
3347 3319 3468 3386 quis
3513 3328 3592 3372 ta-

2021 3401 2142 3439 men
2188 3385 2662 3457 Christophorsoni
2714 3401 2776 3437 ac
2808 3383 3033 3457 Musculi
3083 3383 3386 3441 versionem
3436 3389 3590 3457 sequi

2018 3457 2186 3517 malit,
2212 3456 2355 3524 quod
2397 3455 2612 3524 quidem
2645 3464 2698 3507 et
2719 3468 2828 3524 nos
2860 3455 3108 3518 lecintu-‘,
3160 3455 3587 3512 subaudiendum

2015 3535 2098 3579 est
2123 3522 2342 3578 verbum
2380 3522 2687 3593 συμϐαίνοι.
2718 3523 2905 3593 Posset
2926 3524 3088 3576 etiam
3117 3538 3220 3576 non
3255 3528 3590 3593 incommode

2017 3593 2164 3666 locus
2193 3593 2279 3646 hic
2309 3595 2384 3666 ita
2416 3591 2660 3666 restitui:
2687 3591 2800 3666 Νῦν
2844 3593 3080 3666 ᾇρχομαι
3126 3593 3372 3666 μαθητὴς
3410 3592 3587 3663 εἶναι,

2017 3663 2178 3734 μηδέν
2218 3680 2276 3715 τε
2303 3661 2542 3734 ζηλῶσαι
2569 3662 2675 3734 τῶν
2706 3661 2923 3731 ὁρατῶν
2941 3661 3035 3715 καὶ
3056 3661 3481 3733 ἀοράτων.’ρυω
3509 3661 3588 3723 lc;-

2015 3733 2121 3786 ctio
2152 3733 2280 3785 mihi
2311 3733 2526 3799 quidem
2556 3733 2711 3786 valde
2751 3735 2948 3800 placet.

2082 3803 2194 3873 (68)
2245 3801 2534 3870 Ἀλεσμοί.
2577 3801 2834 3870 Ἀλησμοί
2868 3818 2938 3873 ex
2983 3804 3168 3856 codice
3217 3805 3387 3871 Regio
3419 3806 3585 3860 edidit

2015 3871 2338 3939 Stephanus.
2371 3873 2473 3924 Sed
2504 3873 2553 3923 in
2584 3873 2753 3924 tribus
2781 3872 3002 3940 reliquis
3033 3876 3291 3942 scriptum
3321 3884 3406 3929 est
3459 3875 3584 3928 ἀλε-

2015 3943 2160 4011 σμοί,
2184 3943 2328 4012 quod
2358 3942 2728 4012 estjtsitatius.

2081 4007 2359 4082 (69)—0i’)x
2392 4007 2514 4082 Δοἵδ’
2543 4012 2763 4082 ὁπόθεν
2810 4009 3036 4078 ῥητοῖς.
3090 4010 3214 4066 ΙΙιιιο
3257 4013 3320 4066 de
3365 4013 3582 4070 Christo

2013 4079 2251 4152 narratio
2281 4081 2343 4152 6.
2392 4079 2584 4150 lgnatii
2626 4081 3018 4152 desumptacst
3046 4096 3110 4134 ex
3161 4083 3450 4152 Evangelio
3495 4100 3582 4138 se-

2011 4151 2244 4204 cundum
2280 4149 2550 4214 llebrasos,
2598 4149 2762 4218 quod,
2788 4154 2856 4204 ab
2894 4150 3126 4204 Eusebio
3172 4149 3429 4205 omisSum
3485 4163 3580 4208 aut

2010 4223 2331 4289 ignoratum,
2360 4221 2541 4273 docuit
2575 4236 2670 4273 nos
2703 4218 3058 4289 Hieronymus
3084 4223 3133 4274 in
3176 4221 3313 4275 libro
3345 4222 3420 4276 De
3449 4225 3579 4276 scri-

2007 4291 2242 4360 ptoribus
2287 4291 2690 4360 _ecclcsiasticis,
2723 4290 2809 4343 ubi
2862 4291 2927 4342 de
2961 4290 3166 4359 lgnatio
3211 4292 3448 4360 loquitur
3493 4293 3580 4347 his

2010 4357 2232 4414 verbis:
2277 4357 2428 4430 Indeﬁ
2461 4361 2729 4430 egrediens
2787 4357 3007 4424 scripsit
3046 4360 3114 4413 ad
3178 4357 3481 4430 Sntgrnwos
3527 4373 3578 4416 et

2006 4430 2215 4498 proprie
2273 4431 2342 4482 ad
2396 4429 2776 4498 Polycarpum,
2835 4431 3203 4484 commendans
3253 4429 3333 4484 illi
3386 4433 3575 4484 Antio-

346 4500 604 4556 Fucessat
639 4520 670 4556 a
699 4519 780 4556 me
817 4516 992 4555 rerum
1032 4490 1261 4570 omnium
1290 4499 1397 4552 sive
1431 4490 1595 4552 oculis
1623 4499 1902 4570 subjecta-
1932 4490 1976 4547 Ι)
2005 4490 2238 4553 cheiiscm
2289 4490 2705 4570 Ecclesiamfln
2763 4490 2868 4569 qua
2905 4510 2951 4551 et
2996 4502 3060 4552 de
3114 4499 3397 4570 Evangelia
3437 4503 3575 4567 quod

345 4589 497 4635 rum,
545 4573 648 4626 sive
690 4587 871 4626 eorum
917 4570 1080 4623 aciem
1129 4569 1438 4636 fugientium
1487 4569 1790 4635 adntiratio,
1843 4583 1898 4625 ut

343 4636 530 4696 Iesum
556 4641 821 4696 Christum
859 4655 1125 4708 assequar.
1147 4637 1250 4692 Sed
1279 4649 1430 4692 vetus
1457 4639 1719 4708 interpres
1747 4637 1900 4710 lgna-

345 4713 430 4775 tii,
457 4723 512 4766 et
541 4710 776 4766 Joannes
803 4711 1017 4779 Langus
1047 4710 1275 4762 mediam
1304 4711 1560 4779 duntaxat
1594 4710 1900 4762 distinctio-

341 4797 467 4836 nem
519 4793 643 4836 ante
695 4781 810 4835 haec
858 4776 1020 4848 verba
1083 4789 1392 4848 posuerunt.
1447 4776 1613 4846 Langi
1682 4781 1896 4846 quidem

342 4853 520 4906 versio
553 4855 667 4906 haec
695 4863 779 4906 est
807 4873 818 4906 :
855 4847 1011 4902 Nunc
1035 4847 1242 4900 demum
1276 4849 1473 4900 discere
1509 4848 1699 4915 incipio
1725 4864 1742 4901 :
1771 4851 1898 4903 nihil

343 4931 527 4991 optare
555 4931 647 4974 aut
686 4921 986 4991 desiderare
1011 4919 1444 4991 rerumuontnium
1484 4925 1532 4970 et
1562 4918 1897 4991 invisibilium

341 4985 389 5043 ei
429 4992 731 5056 visibilium,
767 5001 820 5043 ut
852 4991 919 5042 ad
953 4986 1137 5042 Jesum
1176 4985 1444 5040 Christum
1483 4987 1706 5040 veniam.
1741 4989 1896 5053 Qua:-

343 5077 465 5113 natn
505 5077 664 5130 porro
709 5062 895 5130 harum
929 5058 1438 5130 interpretationqu
1483 5057 1685 5130 optima
1726 5060 1794 5110 sit
1833 5074 1894 5130 ac

340 5127 643 5198 verissima,
675 5129 887 5184 ditlicile
921 5139 1002 5182 est
1033 5127 1320 5189 atlirmare,
1353 5127 1648 5193 prmsertim
1681 5141 1802 5198 cum
1830 5129 1897 5182 de

341 5215 464 5254 vera
505 5195 665 5270 hujus
712 5201 810 5254 loci
857 5199 1084 5252 lectione
1127 5198 1409 5270 nonsatis
1438 5207 1661 5270 constet.
1697 5195 1895 5252 Omnes

339 5273 554 5338 quidem
577 5266 900 5338 interpretes
941 5271 1158 5321 verbum
1189 5266 1428 5339 ζηλῶσαι
1450 5268 1519 5318 ita
1549 5276 1892 5339 acceperunt,

339 5337 493 5408 quasi
527 5345 578 5396 in
613 5337 876 5394 inlinitivo
913 5339 1142 5408 positum
1180 5337 1342 5390 esSet.
1370 5337 1530 5390 Certe
1557 5337 1609 5388 in
1643 5338 1894 5408 omnibus

339 5407 614 5467 codicibus
668 5412 869 5464 nostris
900 5407 1358 5470 circumﬂectitur,
1405 5418 1761 5474 praeterquam
1837 5407 1888 5460 in

338 5481 606 5536 Mazarino
633 5483 725 5550 qui
761 5490 1038 5534 accentum
1078 5478 1283 5550 oittisit.
1307 5478 1379 5550 At
1412 5475 1638 5550 Rutilius
1662 5477 1888 5550 verbum

334 5553 568 5625 ζηλώσαι
595 5546 810 5625 accepit
853 5548 1408 5625 pro__ao_risto‘primo
1453 5546 1674 5625 optativi
1723 5547 1888 5612 modi,

334 5617 468 5679 ut'cx
489 5626 606 5693 ejus
624 5617 880 5693 versurae
899 5619 1196 5693 colligitur._
1209 5619 1379 5693 Quam
1399 5617 1890 5693 quideminterpre-

331 5686 584 5750 tationem
637 5691 866 5754 reliquis
904 5688 1289 5757 praeferendam.
1325 5687 1490 5749 duco,
1533 5686 1727 5757 quippe
1772 5702 1889 5754 qua:

333 5769 501 5822 verbis
545 5763 698 5821 beati
734 5755 925 5826 lgnatii
968 5759 1142 5828 aptius
1189 5757 1493 5812 conveniat.
1536 5755 1679 5811 ldem
1728 5757 1888 5826 igitur

2003 4586 2170 4635 nuper
2213 4586 2245 4621 (ι
2292 4585 2372 4622 me
2427 4569 2739 4621 translatum
2793 4580 2902 4629 est,
2945 4571 3039 4621 sub
3097 4569 3317 4636 persona
3379 4570 3575 4623 (.Itt‘t'stt'

1999 4649 2146 4706 ponit
2183 4639 2571 4702 testimonium,
2619 4640 2792 4691 dicens
2829 4652 2847 4690 :
2883 4656 2900 4687 t
2941 4637 3049 4706 Ego
3087 4656 3202 4691 vero
3247 4649 3293 4692 et
3334 4649 3448 4707 post
3493 4656 3576 4692 re-

2001 4711 2374 4761 surrectionem
2406 4709 2459 4760 in
2503 4723 2658 4776 carne
2694 4723 2812 4760 eum
2839 4707 2978 4768 vidi,
3016 4719 3061 4759 et
3103 4709 3256 4760 credo
3304 4712 3428 4776 quia
3479 4713 3569 4766 sit.

2001 4777 2070 4830 Et
2099 4779 2307 4846 quando
2333 4779 2471 4831 venit
2499 4777 2565 4829 ad
2593 4775 2832 4840 Petrum,
2855 4787 2900 4828 et
2930 4779 2998 4828 ad
3027 4792 3113 4830 eos
3145 4779 3233 4843 qui
3259 4775 3376 4830 cunt
3415 4777 3570 4832 Petro

1999 4863 2166 4913 erant,
2209 4850 2339 4900 dixit
2381 4849 2496 4901 eis:
2531 4848 2663 4899 Ecce
2698 4847 2923 4917 palpate
2945 4863 3023 4898 me
3057 4859 3102 4898 et
3137 4849 3305 4901 videte
3334 4864 3411 4899 me
3443 4852 3568 4917 quia

2000 4933 2101 4970 non
2133 4934 2246 4971 sum
2273 4917 2589 4970 dtemoniurn
2623 4915 2976 4982 incorporale,
3001 4933 3020 4966 ι
3053 4929 3156 4970 etc.
3193 4917 3334 4969 Idem
3379 4915 3572 4970 scribit

1999 4987 2050 5038 in
2085 4987 2177 5044 lib.
2205 5002 2332 5040 xvnl
2363 4985 2890 5055 (Commentariorum
2931 4987 2980 5036 in
3025 4986 3247 5038 Isaiam.
3296 4985 3424 5039 Vide
3470 4987 3568 5041 Us-

1997 5060 2197 5109 serium
2229 5059 2280 5109 in
2329 5056 2767 5109 adnotationibus
2801 5059 2867 5108 ad
2899 5055 3152 5121 epistulas
3188 5057 3400 5122 lguatii,
3433 5072 3556 5125 pag.

1995 5127 2085 5189 43,
2117 5137 2171 5180 et
2201 5127 2416 5181 Petrum
2448 5125 2771 5178 llalloisium
2801 5127 2851 5178 in
2882 5127 3254 5180 natationibus
3281 5126 3351 5180 ad
3392 5125 3563 5180 Viam

1996 5195 2217 5264 Igntttii,
2250 5211 2366 5263 cap.
2402 5196 2452 5256 1,
2482 5211 2604 5263 pag.
2631 5194 2754 5247 585.

2066 5267 2176 5334 (τυ)
2228 5261 2365 5334 Ἐγὼ
2390 5265 2457 5317 δὲ
2479 5261 2577 5317 icui
2605 5263 2754 5333 μετὰ
2789 5263 2914 5333 ,τὴν
2960 5261 3321 5319 ἀνᾶστασιν.
3371 5267 3424 5319 In
3471 5281 3564 5318 co—

1997 5337 2111 5389 dice
2144 5334 2395 5389 Medi'ca'eo
2425 5339 2525 5387 hoc
2565 5337 2806 5388 scholiun
2837 5338 2902 5387 ad
2940 5340 3235 5403 marginem
3272 5339 3564 5402 ascriptum

1994 5408 2171 5458 inveni
2200 5425 2212 5457 :
2249 5407 2387 5475 Ὂρα
2411 5405 2502 5456 τὸν
2528 5406 2695 5476 ἄνδρα
2717 5405 2904 5458 τοῦτον
2933 5405 3014 5476 ,μὴ
3052 5406 3148 5476 τὴν
3182 5406 3346 5476 όρθὴν
3383 5406 3562 5470 δόξαν,

1992 5477 2084 5528 καὶ
2105 5476 2232 5546 περὶ
2258 5473 2439 5546 τῆςγὲκ
2462 5473 2670 5544 νεκρῶν
2709 5477 2845 5543 μετὰ
2879 5473 3129 5545 σώματος
3157 5473 3562 5546 εἶναικρείττο-

1993 5563 2079 5608 νος
2135 5545 2229 5598 καὶ
2281 5545 2555 5615 ἀφθάρτου
2609 5547 2986 5609 ἀναστάσεως,
3036 5545 3244 5614 ἔχοντα,
3307 5548 3410 5598 κὰ]
3451 5548 3564 5607 τοῖς

1991 5616 2169 5678 ἄλλοις
2205 5618 2351 5668 ἐστὶν
2399 5616 2746 5682 ἀξιάγαστος.
2795 5618 2848 5668 ld
2897 5626 3022 5669 cst:
3069 5617 3192 5669 iride
3225 5626 3274 5666 ut
3324 5632 3401 5668 vtr
3445 5631 3559 5675 iste,

1992 5688 2187 5754 alioqui
2214 5689 2562 5739 admiratione
2589 5688 2802 5754 dignus,
2825 5703 2925 5738 non
2952 5699 3085 5738 recte
3105 5697 3256 5737 sentit
3292 5686 3354 5736 de
3387 5701 3554 5737 resur-

1993 5759 2216 5810 rectione
2247 5767 2590 5810 mortuorum.
2625 5755 2689 5808 lu
2729 5772 2831 5820 qua
2867 5771 3054 5824 corpus
3083 5756 3244 5809 multo
3277 5754 3446 5825 ρεηὶέ
3475 5769 3557 5806 tus
