4016 6260
490 318 590 375 9.91

1193 313 1464 369 EUSEBII
1499 309 1974 367 CAZSARIENSlS
2011 308 2160 365 OPP.
2200 309 2384 366 PARS
2420 311 2463 369 l.
2503 341 2571 353 —-
2608 310 3000 368 HISTORICA.

3633 313 3743 368 29:!

489 438 665 492 bonus
688 451 750 490 ac
795 434 969 490 ﬁdelis
1001 443 1209 503 pastor.
1243 448 1459 503 gregem
1492 430 1848 486 Antiochense
1879 428 2049 485 Eccle-

2162 430 2307 484 ὄντα.
2340 432 2449 485 Καὶ
2488 432 2578 486 ὅτε
2617 433 2753 505 πρὸς
2775 434 2902 497 τοὺς
2939 432 3067 503 περὶ
3088 430 3292 504 Πέτρον
3325 430 3602 503 ἐλήλυθεν,
3635 431 3741 505 ἔφη

490 529 583 583 sia:
615 528 1018 582 commendavit
1052 544 1067 581 :
1096 540 1288 593 rogans
1318 533 1376 578 ut
1403 524 1549 577 omni
1576 538 1705 576 cura
1741 537 1805 576 ac
1838 521 2061 591 diligen-

492 619 565 673 tia
612 617 761 671 illum
793 617 975 671 fovere
1006 617 1188 671 vellet.
1235 614 1379 669 Idem
1420 614 1472 666 in
1508 613 1733 683 epistola
1765 614 1832 667 ad
1868 610 2061 683 Smyr-

485 723 634 762 nzeos
670 708 735 761 de
767 708 1061 761 Servatore
1108 713 1297 759 nostro
1327 702 1486 771 108
1516 701 1742 769 loquens
1772 740 1785 765 ,
1813 700 2059 769 quendam

485 799 601 865 ejus
635 799 799 852 verba
835 797 1047 860 recitat,
1067 808 1185 862 quat
1209 795 1348 848 unde
1373 794 1641 863 acceperit
1664 793 1876 863 ignoro.
1901 810 1919 843 (
1949 791 2061 861 Ego

485 906 637 953 vero,
669 890 862 957 inquit,
912 899 1035 958 post
1064 887 1523 941 resurrectionem
1569 885 1854 939 Dominum
1885 883 2057 951 ipsum

484 983 538 1035 in
580 998 743 1036 carne
774 981 1094 1047 apparuisse
1128 978 1241 1032 scio
1273 987 1328 1031 cl
1366 978 1550 1032 credo.
1579 977 1827 1042 Quicum
1857 976 1922 1027 ad
1961 972 2059 1028 Pe-

487 1084 625 1127 trum
659 1083 713 1125 et
758 1084 983 1125 cmteros
1016 1070 1134 1137 ejus
1166 1069 1396 1124 comites
1434 1067 1796 1130 accessisset,
1829 1064 1968 1120 dixit
1996 1063 2060 1118 il-

485 1167 550 1219 lis
581 1187 591 1220 :
622 1164 1053 1235 Appreheudite,
1087 1170 1425 1217 coutrcctate
1460 1176 1565 1225 me,
1603 1170 1656 1215 et
1687 1160 1888 1225 videte,
1912 1159 2057 1227 quod

482 1272 586 1311 non
664 1272 781 1310 sum
850 1257 1205 1324 incorporeus
1275 1253 1513 1322 spiritus.
1568 1251 1872 1319 Statimque
1935 1264 2056 1303 eum

481 1355 900 1410 contrectantes,
952 1346 1325 1399 crediderunt.
1368 1363 1386 1395 ι
1437 1342 1608 1413 Hujus
1653 1355 1817 1410 porro
1863 1338 2057 1409 lgnatii

480 1449 529 1493 et
570 1438 891 1507 martyrium
917 1443 967 1490 et
1000 1436 1257 1504 epistolas
1286 1442 1680 1490 commemorat
1714 1432 1945 1486 Iren'eus
1974 1430 2057 1485 his

480 1530 660 1584 verbis
692 1547 705 1583 :
744 1546 763 1579 ‹
805 1527 1270 1594 Quemadmodum
1306 1526 1513 1581 dixisse
1547 1524 1725 1579 fertur
1769 1524 1987 1593 quidam
2027 1537 2057 1576 e

479 1622 678 1677 nostris
706 1622 775 1676 ob
807 1620 1005 1675 Christi
1043 1620 1200 1674 ﬁdem
1232 1620 1521 1672 damnatus
1550 1618 1614 1672 ad
1648 1616 1885 1672 bestias:
1915 1613 2056 1667 Fru~

479 1723 718 1767 mentum
764 1726 864 1779 ego
896 1726 1012 1765 sum
1065 1711 1156 1764 Dei
1184 1751 1198 1776 ,
1227 1720 1280 1763 et
1325 1709 1563 1763 ferarum
1602 1708 1851 1762 dentibus
1886 1706 2056 1759 molor

478 1818 639 1875 atque
668 1804 1032 1870 comminuor,
1066 1814 1124 1857 ut
1166 1804 1320 1873 panis
1360 1804 1592 1856 mundus
1614 1800 1836 1855 eﬂiciar.
1884 1819 1902 1851 ι
1946 1798 2051 1854 Sed
2084 1779 2126 1833 Β

478 1908 532 1954 et
563 1899 890 1968 Polycarpus
937 1897 987 1950 in
1037 1910 1132 1951 sua
1176 1896 1244 1949 ad
1281 1894 1641 1963 Philippenses
1688 1889 1909 1960 epistola
1959 1906 2052 1943 ea-

480 1993 727 2045 rumdem
758 1988 1007 2042 meminit
1049 1974 1401 2079 epistularum
1444 2003 1457 2039 :
1492 2003 1510 2035 ι
1551 1984 1817 2047 Obsecro,
1857 1982 2050 2051 inquit,

477 2099 573 2139 vos
601 2097 808 2145 omnes,
842 2090 899 2133 ut
939 2078 1178 2149 parcatis
1213 2074 1521 2148 praepositis
1550 2074 1767 2141 vestris,
1805 2086 2052 2126 omnem-

476 2192 583 2246 que
627 2174 941 2245 patientiam
993 2171 1335 2235 exerceatis,
1388 2184 1548 2238 quam
1609 2166 1896 2235 spectaStis
1949 2180 2052 2218 non

477 2268 651 2323 solum
690 2268 740 2321 in
774 2266 983 2337 lgnatio
1013 2306 1028 2332 ,
1072 2263 1216 2319 Rul‘o
1265 2278 1327 2318 ac
1364 2261 1581 2316 Zosimo
1612 2259 1746 2314 viris
1796 2257 2053 2312 beatissi-

478 2361 601 2423 mis,
638 2360 731 2413 sed
762 2359 927 2412 etiam
956 2358 1010 2410 in
1048 2356 1169 2409 aliis
1199 2353 1412 2408 civibus
1455 2361 1617 2419 atque
1653 2347 1934 2417 inquilinis
1960 2363 2053 2401 ve-

476 2452 643 2519 stris;
680 2450 818 2504 etin
854 2450 970 2517 ipso
1007 2448 1278 2518 praecipue
1324 2442 1494 2498 Paulo
1520 2484 1537 2509 ,
1569 2441 1891 2507 cazterisque
1920 2452 2050 2507 apo-

475 2542 677 2594 stolis:
710 2555 810 2609 pro
856 2550 1006 2593 certo
1054 2537 1316 2589 habentes
1349 2571 1364 2595 ,
1405 2530 1548 2599 quod
1603 2528 1657 2583 hi
1706 2541 1897 2580 omnes
1941 2538 2050 2577 non

478 2634 672 2686 frustra
700 2637 1083 2687 cucurrerunt,
1118 2627 1209 2679 sed
1257 2625 1307 2675 in
1334 2623 1438 2675 ﬁde
1457 2636 1520 2673 ac
1546 2619 1752 2684 iustitia
1790 2615 2051 2687 ingressi,

474 2725 543 2777 ad
582 2725 758 2775 locum
808 2721 908 2773 sibi
946 2734 975 2770 a
1010 2716 1120 2769 Deo
1169 2715 1409 2767 debitum
1459 2717 1849 2780 pervenerunt,
1883 2723 2053 2777 quan-

476 2815 771 2881 doquidem
812 2823 867 2865 et
895 2809 1209 2879 passionum
1238 2805 1355 2873 ejus
1383 2802 1679 2872 participes
1706 2800 2050 2854 exstiterant.

475 2902 661 2971 Neque
684 2901 826 2955 enim
862 2913 1105 2969 praesens
1133 2894 1417 2956 sarculum,
1451 2890 1544 2946 sed
1572 2906 1695 2945 eum
1724 2891 1813 2961 qui
1839 2906 1935 2959 pro
1957 2905 2053 2942 no-

477 2993 561 3047 bis
597 3006 786 3061 passus
816 3002 870 3044 et
899 3004 928 3041 a
965 2988 1072 3041 Deo
1112 2985 1411 3040 suscitatus
1427 2992 1510 3037 est
1544 2982 1888 3035 adamarunt.
1929 2998 1951 3031 ι
1988 2980 2052 3033 Ει

477 3085 635 3154 paulo
690 3091 812 3151 post
857 3080 1055 3134 addit:
1109 3096 1127 3128 ι
1171 3074 1485 3144 Scripsistis
1536 3074 1600 3127 ad
1640 3088 1725 3127 me
1771 3081 1826 3127 et
1856 3087 1950 3127 vos
1997 3081 2117 3173 etC

476 3177 740 3248 lgnatius,
772 3185 830 3227 ut
859 3174 901 3227 si
941 3172 1064 3241 quis
1096 3169 1236 3224 forte
1261 3169 1312 3222 in
1349 3167 1561 3237 Syriam
1588 3164 2045 3235 proﬁcisceretur,

473 3282 690 3328 vestras
720 3269 929 3323 litteras
961 3283 1024 3321 eo
1048 3266 1307 3319 deferret.
1331 3261 1483 3327 Quod
1523 3261 1739 3329 quidem
1773 3258 2046 3328 perﬁciam

475 3364 520 3419 si
572 3372 782 3430 tempus
809 3367 1169 3429 opportunum
1202 3362 1393 3408 nactus
1433 3352 1587 3407 fuero
1614 3371 1627 3407 :
1661 3350 1745 3404 vel
1777 3366 1879 3421 ego
1912 3352 2045 3419 ipse,

475 3453 559 3508 vel
592 3468 687 3522 per
713 3450 881 3504 alium
906 3447 1239 3517 quempiam,
1261 3446 1347 3500 cui
1379 3445 1429 3498 id
1458 3458 1651 3498 munus
1680 3451 1861 3496 vestra
1885 3458 2045 3498 causa

2161 524 2375 589 αὐτοῖς’
2412 525 2637 585 Λάϐετε.
2684 525 3042 597 ψηλαφήσατέ
3085 542 3152 596 με
3198 525 3290 578 καὶ
3325 524 3485 588 ἴδετε,
3518 524 3600 577 ὅτι
3643 528 3745 578 οὑκ

2160 617 2276 686 εἰμὶ¹
2315 617 2588 686 δαιμόνιον
2626 617 2940 688 ἀσώματον
2977 617 3069 670 καὶ
3106 616 3265 681 εὐθὺς
3300 616 3463 669 αὑτοῦ
3503 617 3742 687 ἥψαντο,

2160 709 2253 761 καὶ
2286 708 2629 763 ἐπίστευσαν.
2664 729 2682 760 ι
2716 705 2839 763 υἷδε
2872 708 2929 762 δὲ
2960 708 3121 762 αὑτοῦ
3154 708 3216 762 τὸ
3256 710 3551 781 μαρτύριον
3593 710 3687 762 καὶ
3717 710 3745 763 ὁ

2160 800 2464 871 Εἰρηναῖος,
2499 801 2592 853 καὶ
2627 800 2735 854 τῶν
2759 800 3058 853 ἐπιστολῶν
3094 799 3255 853 αὑτοῦ
3298 801 3623 872 μνημονεύει
3657 800 3745 853 λέ-

2160 908 2270 959 γων
2297 890 2497 955 οὕτως’
2541 912 2559 942 ‹
2599 893 2687 956 Ὠς
2735 888 2855 944 εἷπέ
2906 909 2988 956 τις
3044 892 3153 946 τῶν
3184 895 3467 964 ἡμετέρων
3513 895 3603 949 διὰ
3642 895 3743 965 τὴν

2161 980 2293 1051 πρὸς
2309 980 2440 1033 Θεὸν
2459 981 2762 1054 μαρτυρίαν
2785 983 3128 1054 κατακριθεὶς
3147 984 3281 1055 πρὸς
3299 983 3482 1054 θηρία·
3518 984 3639 1039 Ὀτι
3671 987 3746 1037 σῖ-

2157 1072 2247 1134 τός
2281 1071 2582 1141 εἰμι’Θεοῦ,
2610 1074 2703 1126 καὶ
2742 1072 2808 1125 δι’
2839 1073 3063 1127 ὀδόντων
3086 1073 3286 1145 θηρίων
3319 1075 3605 1147 ἁλήθομαι,
3647 1075 3735 1130 ἵνα

2158 1164 2397 1235 καθαρὸς
2433 1165 2594 1235 ἄρτος
2620 1163 2846 1234 εὑρεθῶ.
2880 1185 2898 1215 ι
2927 1167 3036 1219 Καὶ
3071 1168 3099 1219 ὁ
3135 1166 3488 1238 Πολύκαρπος
3516 1167 3575 1221 δὲ
3607 1167 3733 1221 τού-

2156 1271 2263 1306 των
2296 1254 2472 1307 αὑτῶν
2498 1256 2764 1326 μέμνηται
2791 1258 2847 1308 ὲν
2871 1258 2937 1327 τῇ
2966 1256 3236 1328 φερομένῃ
3263 1256 3427 1309 αὑτοῦ
3451 1257 3608 1326 Πρὸς
3637 1261 3735 1311 Φι-

2157 1345 2531 1412 λιππησίους
2581 1345 2904 1413 ἐπιστολῇ,
2965 1345 3187 1413 φάσκων
3235 1347 3419 1410 αὑτοῖς
3484 1348 3728 1418 ῥήμασι·
3814 1398 3819 1403 .

2162 1456 2180 1489 ‹
2216 1437 2519 1508 Παρακαλῶ
2547 1433 2637 1490 οὖν
2672 1437 2877 1499 πάντας
2908 1436 3052 1506 ὑμᾶς
3085 1436 3397 1507 πειθαρχεῖν
3426 1438 3519 1490 καὶ
3543 1438 3732 1491 ἀσκεῖν

2157 1531 2336 1584 πᾶσαν
2361 1530 2656 1601 ὑπομονὴν,
2687 1530 2752 1599 ἢν
2777 1528 2943 1581 εἴδετε
2976 1529 3095 1581 κατ’
3120 1527 3430 1598 ὀφθαλμοὺς
3468 1529 3527 1580 οὑ
3572 1530 3732 1599 μόνον

2156 1619 2214 1670 ὲν
2234 1620 2347 1682 τοῖς
2376 1618 2661 1689 μακαρίοις
2689 1617 2932 1687 Ἰγνατίῳ
2959 1619 3051 1671 καὶ
3091 1617 3320 1688 Ῥούφῳ,
3349 1618 3441 1671 καὶ
3474 1619 3727 1689 Ζωσίμῳ,

2157 1709 2290 1764 ἀλλὰ
2311 1712 2404 1764 καὶ
2438 1712 2493 1763 ὲν
2514 1710 2692 1775 ἄλλοις
2723 1713 2835 1773 τοῖς
2860 1710 2917 1774 ἐξ
2939 1711 3112 1781 ὑμῶν,
3144 1711 3238 1764 καὶ
3271 1712 3329 1764 ὲν
3357 1711 3503 1782 αὑτῷ
3531 1712 3729 1782 Παύλῳ

2154 1801 2248 1854 καὶ
2279 1802 2391 1863 τοῖς
2420 1800 2624 1861 λοιποῖς
2657 1802 2994 1866 ἀποστόλοις,
3029 1803 3425 1871 πεπεισμένους
3475 1804 3556 1856 ὅτι
3586 1799 3728 1857 οὗτοι

2155 1892 2351 1955 πάντες
2376 1892 2476 1945 οὐκ
2507 1894 2585 1956 εἰς
2624 1893 2776 1945 κενὸν
2810 1893 3061 1964 ἔδραμον,
3097 1894 3213 1947 ἀλλ’
3239 1897 3295 1947 ἐν
3331 1895 3509 1947 πίστει
3537 1897 3630 1948 καὶ
3649 1894 3729 1948 δι-

2154 1979 2434 2051 καιοσύνῃ,
2471 1982 2564 2034 καὶ
2596 1982 2678 2033 ὅτι
2717 1983 2797 2044 είς
2837 1983 2928 2034 τὸν
2961 1982 3307 2052 ὀφειλόμενον
3346 1983 3527 2047 αὑτοῖς
3561 1983 3726 2037 τόπον

2154 2072 2259 2123 εἰσὶ
2288 2071 2434 2142 παρὰ
2468 2070 2678 2141 Κυρίῳ,
2724 2064 2769 2138 ᾧ
2800 2072 2895 2125 καὶ
2927 2072 3244 2127 συνέπαθον.
3283 2075 3357 2126 Οὑ
3382 2073 3489 2146 γὰρ
3515 2074 3605 2128 τὸν
3629 2074 3726 2128 νῦν

2154 2164 2444 2233 ἠγάπησαν
2483 2162 2673 2226 αἰῶνα,
2715 2162 2849 2217 ἀλλά
2888 2166 2977 2217 τὸν
3004 2165 3144 2236 ὑπὲρ
3185 2165 3340 2235 ἡμῶν
3366 2166 3723 2232 ἀποθανόντα,

2154 2254 2245 2307 καὶ
2288 2255 2352 2306 δι’
2394 2256 2539 2325 ἡμᾶς
2589 2255 2694 2309 ὑπὸ
2726 2256 2819 2308 τοῦ
2845 2256 2976 2310 Θεοῦ
3016 2258 3342 2311 ἀναστάντα.
3389 2277 3406 2308 ι
3447 2258 3555 2312 Καὶ
3601 2257 3727 2329 ἑξῆς

2154 2344 2409 2415 ἐπιφέρει
2430 2361 2442 2373 ⁸
2487 2364 2505 2395 ι
2550 2345 2853 2416 Ἐγράψατέ
2884 2362 2971 2414 μοι
3004 2346 3096 2399 καὶ
3128 2347 3283 2416 ὑμεῖς
3315 2347 3409 2399 καὶ
3448 2346 3723 2414 Ἰγνάτιος,

2155 2437 2239 2489 ἵνα
2266 2437 2361 2489 ἐάν
2383 2454 2466 2500 τις
2489 2437 2795 2508 ἀπέρχηται
2823 2439 2901 2501 είς
2932 2438 3152 2510 Συρίαν,
3189 2440 3282 2492 καὶ
3326 2438 3395 2491 τὰ
3421 2437 3548 2508 παρ’
3573 2439 3725 2509 ὑμῶν

2153 2526 2461 2599 ἀποκομίσῃ
2490 2526 2809 2597 γράμματα.
2844 2527 3018 2599 Ὅπερ
3042 2530 3272 2599 ποιήσω,
3303 2529 3397 2582 ἐὰν
3423 2528 3571 2581 λάϐω
3603 2546 3724 2582 και-

2156 2620 2245 2690 ρὸν
2271 2619 2505 2682 εὔθετον,
2537 2620 2644 2671 εἴτε
2680 2617 2811 2687 ἐγὼ,
2850 2619 2957 2671 εἴτε
2993 2620 3050 2672 ὃν
3080 2620 3282 2690 πέμπω
3323 2620 3727 2692 πρεσϐεύσαντα

2154 2711 2246 2763 καὶ
2272 2711 2396 2781 περὶ
2419 2709 2592 2781 ὑμῶν.
2619 2710 2729 2781 Tit;
2753 2710 3037 2774 ἐπιστολὰς
3068 2711 3323 2781 Ἱγνατίου
3340 2713 3437 2777 τὰς
3455 2713 3726 2783 πεμφθεί-

2155 2819 2252 2865 σας
2287 2804 2416 2873 ἡμῖν
2474 2803 2563 2855 ὑπ’
2618 2800 2805 2866 αὑτοῦ,
2851 2803 2945 2855 καὶ
2977 2803 3141 2867 ἄλλας
3181 2804 3311 2867 ὅσας
3340 2805 3555 2876 εἴχομεν
3596 2804 3724 2878 παρ’

2154 2897 2302 2965 ἡμῖν,
2361 2893 2683 2963 ἐπέμψαμεν
2732 2895 2858 2963 ὑμῖν
2901 2894 3083 2958 καθὼς
3127 2896 3479 2949 ἐνετείλασθε.
3516 2897 3727 2962 Δῖτινες

2154 2986 2585 3056 ὑποτεταγμέναι
2622 2986 2726 3038 εἰσὶ
2750 2988 2815 3056 τῇ
2840 2986 3092 3058 ἐπιστολῇ
3121 2987 3293 3058 ταύτῃ
3313 3004 3328 3018 ο
3363 2987 3422 3052 ἐξ
3445 2981 3519 3040 ὧν
3556 2987 3723 3059 μεγάι

2153 3077 2217 3129 λα
2266 3076 2611 3146 ὠφεληθῆναι
2664 3075 2976 3146 δυνήσεσθε.
3028 3075 3344 3147 Περιέχουσι
3394 3076 3502 3149 γὰρ
3544 3077 3726 3131 πίστιν

2155 3169 2246 3222 καὶ
2266 3169 2538 3240 ὑπομονὴν
2564 3165 2656 3222 καὶ
2686 3170 2860 3221 πᾶσαν
2876 3169 3158 3240 οἰκοδομὴν
3179 3170 3277 3241 τὴν
3303 3170 3383 3232 εἰς
3402 3169 3493 3223 τὸν
3519 3168 3727 3242 Κύριον

2155 3261 2311 3332 ήμῶν
2351 3261 2673 3331 ἀνήκουσαν.
2706 3280 2725 3312 ι
2767 3261 2876 3313 Καὶ
2906 3260 2974 3313 τὰ
3016 3261 3112 3331 μὲν
3154 3263 3278 3331 περὶ
3324 3261 3414 3314 τὸν
3471 3261 3726 3329 ’ῐγνάτιον

2154 3351 2395 3406 τοιαῦτα.
2447 3352 2757 3422 Διαδέχεται
2799 3351 2856 3405 δὲ
2903 3352 3019 3421 μετ’
3056 3353 3217 3405 αὑτὸν
3248 3351 3346 3424 τὴν
3399 3352 3727 3423 Ἀντιοχείας

2156 3442 2456 3513 ἐπισκοπὴν
2486 3443 2691 3513 Ἥρως.

477 3543 758 3612 delegabo.
796 3539 1065 3609 Epistolas
1088 3551 1289 3615 ‘omues
1321 3534 1509 3603 lgnatii
1535 3547 1670 3601 quas
1706 3532 1772 3586 ad
1809 3546 1891 3586 me
1940 3531 2186 3601 scripsit,
2215 3543 2270 3586 et
2330 3548 2679 3603 quascunque
2723 3533 2940 3587 demum
2997 3534 3139 3602 apud
3182 3547 3280 3587 nos
3333 3534 3571 3602 reperire
3631 3550 3726 3604 po-

477 3640 721 3700 tuimus,
755 3633 1211 3706 quemadmodum
1256 3629 1414 3684 nobis
1461 3628 1804 3689 mandastis,
1852 3626 1918 3680 ad
1954 3642 2047 3681 vos
2102 3627 2371 3707 misimus.
2408 3619 2588 3695 'Quas
2637 3629 2852 3697 quidem
2901 3628 3027 3682 huic
3084 3629 3324 3698 epistola:
3373 3630 3721 3699 subiecimus.

473 3733 553 3786 Ex
591 3730 659 3783 iis
701 3740 952 3797 magnam
988 3723 1278 3778 utilitatem
1315 3721 1596 3791 percipere
1643 3719 1797 3774 vobis
1842 3718 2047 3774 licebit.
2076 3717 2367 3773 Continent
2397 3723 2540 3774 enim
2602 3721 2783 3784 ﬁdem,
2843 3722 3158 3789 patientiam
3184 3763 3197 3783 ,
3263 3730 3319 3776 et
3360 3725 3555 3777 castera
3601 3736 3723 3792 qme

473 3826 541 3879 ad
579 3823 877 3892 augendum
926 3818 1142 3873 Domini
1187 3815 1358 3871 nostri
1412 3815 1614 3870 cultum
1643 3814 1939 3883 pertinent.
1994 3813 2221 3882 rAtque
2274 3814 2387 3868 haec
2439 3816 2657 3884 quidem
2696 3816 2763 3869 de
2816 3813 3043 3885 lgnatio.
3102 3812 3222 3882 Quo
3272 3814 3568 3881 defuncto,
3603 3816 3722 3883 epi—

473 3932 750 3993 scopatum
775 3917 1133 3972 Antiochense
1160 3914 1412 3969 Ecclesiae
1434 3913 1675 3983 suscepit
1700 3911 1900 3967 Heros.

897 4012 1055 4083 109
1091 4009 1317 4067 CAPUT
1358 4008 1621 4066 xxxvn.

520 4110 598 4164 De
630 4107 906 4178 Evangelii
938 4104 1378 4242 prwdicﬁuorlibn:
1418 4102 1507 4173 qui
1538 4100 1713 4156 adhuc
1746 4116 1808 4155 ea
1835 4110 1988 4156 aetate

1164 4189 1250 4225 ore
1287 4190 1353 4224 an
1386 4210 1400 4223 .

1164 4189 1400 4225 orenam.

544 4272 742 4327 Eadem
783 4275 1106 4336 tempesmte
1138 4264 1319 4318 ﬁoruit
1370 4265 1530 4317 etiam
1564 4263 1878 4330 Quadratus
1904 4302 1919 4327 ,
1947 4259 2036 4330 qui

2654 4000 3045 4053 ΚΕΦΑΛΑΙΟΝ
3103 4002 3223 4053 AZ'.

2148 4093 2287 4161 Περὶ
2346 4090 2467 4145 τῶν
2508 4090 2690 4162 εἰσέτι
2735 4092 2868 4162 τότε
2911 4089 3376 4162 -ᾷιατςτρεπόντων
3423 4093 3724 4162 εὐαγγελι-

2525 4161 2686 4214 στὼν
2721 4160 2857 4231 (Νιυ.
2898 4159 2944 4212 ΙΙ
3005 4160 3071 4213 E.
3116 4176 3194 4223 Ill,
3230 4161 3342 4230 21).

2217 4257 2337 4311 Τῶν
2369 4256 2425 4309 δὲ
2455 4255 2594 4310 κατά
2627 4255 2846 4319 τούτους
2874 4255 3291 4327 διαλαμψάντων
3323 4257 3415 4312 καὶ
3445 4258 3719 4330 Κοδράτος

471 4380 594 4422 cum
643 4360 878 4430 Philippi
940 4357 1152 4411 ﬁliabus
1218 4353 1534 4423 prophetica
1582 4355 1757 4423 gratia
1817 4352 2041 4407 illustris

2150 4346 2246 4423 ἣν⁶
2275 4350 2333 4403 ὃν
2373 4350 2489 4420 ἅμα
2544 4350 2664 4412 ταῖς
2719 4347 2984 4401 Φιλίππου
3049 4349 3351 4421 θυγατράσι
3400 4352 3720 4424 προφητικῷ

472 4458 638 4511 fuisse
674 4460 1028 4507 memoratur.
1056 4448 1258 4501 Pratter
1280 4447 1379 4499 hos
1417 4445 1509 4498 alii
1539 4459 1755 4515 quoque
1784 4443 2030 4512 complu-

472 4563 560 4602 res
600 4547 791 4601 eodem
847 4552 1089 4609 tempore
1120 4541 1446 4610 viguerunt,
1494 4535 1635 4591 inter
1668 4536 2036 4606 apostolorum

470 4651 809 4695 successores
833 4634 1130 4704 principem
1156 4631 1460 4685 obtinentes
1492 4632 1695 4684 locum.
1725 4629 1825 4695 Qui
1854 4637 2038 4697 utpote

469 4731 714 4801 discipuli
758 4736 1024 4782 tantorum
1062 4726 1307 4779 virorum
1361 4724 1708 4777 admirabiles
1763 4723 1920 4790 plane
1973 4736 2038 4774 ac

467 4822 657 4882 divini,
702 4818 1059 4877 Ecclesiarum
1100 4815 1449 4870 fundamenta
1474 4830 1593 4880 qua:
1625 4814 1793 4868 variis
1823 4815 1873 4868 iu
1901 4813 2038 4868 locis

469 5031 567 5085 erit
600 5046 690 5082 nec
722 5024 1041 5083 corruptioni
1086 5022 1387 5075 obnoxium.
1433 5017 1544 5085 Ego
1592 5028 1720 5066 vero
1756 5014 1885 5085 quid
1941 5014 2029 5066 hic

472 5083 792 5156 scholiasti-s
841 5096 940 5147 sibi
996 5095 1261 5153 voluerit,
1318 5083 1543 5157 prorsus
1588 5086 1799 5157 ignoro.
1845 5083 2029 5157 Neque

471 5155 614 5223 enim
652 5172 701 5220 in
737 5167 913 5219 verbis
958 5164 1143 5231 lgnatii
1189 5155 1476 5231 quidquam
1509 5166 1593 5231 est
1629 5155 2030 5231 reprehenden-

471 5244 618 5293 dum.
660 5239 765 5292 Sed
798 5223 1023 5289 fortasse
1068 5223 1349 5287 Grut-culus
1383 5228 1468 5280 ille
1499 5228 1588 5293 qui
1650 5226 1752 5279 huc
1788 5223 2027 5296 scholiott

512 5313 677 5362 rimus
706 5308 943 5374 scripsit,
978 5299 1645 5374 Eutychianaurluerestm
1693 5293 2027 5374 sectabatur.

512 5328 677 5362 l'llllllS
706 5328 943 5374 St'l‘lpSll,
979 5328 1362 5373 Γλῑιι)Ε111λιιιᾱιιιι
1396 5328 1645 5351 "tinuatu-
1694 5328 2027 5348 δυιιιυ-ιιιυι.

471 5328 545 5434 rte
567 5395 669 5448 qua
695 5379 1096 5432 vetustissimus
1122 5370 1419 5448 scriptor-in
1445 5365 1818 5448 VituGregolrii
1849 5362 2031 5443 Magni

472 5451 541 5502 ita
564 5437 747 5503 scribit
774 5466 786 5501 :
806 5448 1042 5512 Quicum
1066 5437 1383 5496 αιΙΙιιιόεεδει
1398 5440 1454 5512 in
1473 5440 1650 5490 eadem
1670 5437 1795 5489 urbe
1810 5438 2029 5505 positus,

469 5529 762 5572 nascentem
795 5510 864 5570 ibi
900 5532 1081 5572 nurum
1114 5512 1347 5565 licerestnt
1372 5510 1435 5562 de
1467 5517 1607 5560 statu
1635 5523 1828 5558 nostra:
1857 5521 2031 5557 resur-

470 5592 747 5651 rectionis,
789 5593 899 5657 ipso
949 5603 1049 5658 quo
1089 5592 1279 5658 exortu
1324 5589 1411 5658 est.
1440 5579 1622 5658 initio,
1657 5577 1903 5658 juvantis"
1935 5575 2031 5627 Dei

466 5660 640 5731 gratia
676 5644 1248 5731 cui/tolicw'ueritatis,
1288 5650 1507 5731 attriuit.
1550 5644 1813 5731 Siquiii'm
1858 5644 2028 5713 Euty-

467 5717 639 5793 ἶέεἰιιε,
667 5727 897 5798 ejusdem
928 5727 1068 5782 urbis
1093 5725 1382 5793 episcopus,
1416 5717 2020 5787 dogmatizabancorpus

2140 4443 2436 4515 χαρίσματι
2477 4441 2632 4510 λόγος
2679 4441 2792 4512 ἔχει
2844 4441 3166 4513 διαπρέψαι.
3203 4444 3311 4496 Καὶ
3350 4443 3497 4497 ἄλλοι
3539 4445 3584 4499 δ’
3626 4445 3721 4498 ἐπὶ

2138 4534 2346 4595 τούτοις
2373 4532 2588 4597 πλείους
2613 4532 2968 4603 ἐγνωρίζοντο
2993 4533 3132 4586 κατά
3169 4533 3376 4598 τούσδε,
3419 4534 3517 4606 τὴν
3571 4532 3721 4608 πρέ·-

2138 4644 2236 4698 την
2268 4626 2421 4692 τάξιν
2453 4625 2551 4696 τῆς
2583 4624 2692 4677 τῶν
2720 4624 3035 4676 ἀποστόλων
3093 4624 3379 4695 ἐπέχοντες
3438 4625 3713 4696 διαδοχῆςο

2136 4720 2186 4772 οἳ
2222 4720 2313 4773 καὶ
2332 4718 2426 4773 ἆτε
2450 4717 2744 4789 τηλικῶνδε
2778 4716 2932 4780 ὄντες
2967 4716 3201 4788 μαθηταὶ
3234 4718 3553 4789 θεοπρεπεῖς
3581 4718 3715 4787 (71),

2137 4812 2263 4874 τοὺς
2284 4810 2424 4864 κατὰ
2455 4810 2631 4863 πάντα
2645 4809 2809 4862 τόπον
2842 4809 2950 4862 τῶν
2979 4808 3308 4879 Ἐκκλησιῶν
3338 4809 3717 4880 προκαταῢλη-

2135 5020 2371 5064 nostrum
2419 5010 2477 5063 in
2523 5011 2617 5063 illa
2671 5013 3071 5067 resurrectionis
3137 5014 3306 5081 gloria
3358 5014 3714 5079 impalpabile,

2135 5083 2303 5157 ventis
2341 5097 2562 5157 aereque
2610 5082 3009 5157 subtiliusesse
3063 5083 3324 5151 futurum.
3374 5087 3577 5149 Quibus
3626 5086 3713 5138 ille

2134 5152 2407 5222 auditis.et
2452 5152 2656 5204 ratione
2685 5153 2915 5204 veritatis
2950 5166 2993 5205 et
3028 5154 3264 5222 exemplo
3302 5154 3589 5208 Dcininicw
3631 5171 3714 5207 re-

2135 5221 2474 5274 surrectionis
2518 5222 2761 5282 ostendit,
2798 5226 2893 5275 hoc
2927 5224 3116 5291 dogma
3152 5228 3461 5278 orthodoxa:
3492 5227 3618 5290 ﬁdei
3659 5227 3713 5278 in

2136 5292 2375 5343 omnibus
2420 5306 2529 5343 esse
2570 5294 2913 5352 contrarium,
2955 5305 3059 5346 etc.
3096 5294 3287 5349 Exstat
3336 5300 3447 5348 haec
3487 5294 3605 5347 Vitu
3660 5295 3712 5347 in

2139 5361 2513 5434 Inanuscripto
2565 5362 2757 5434 codice
2812 5361 3204 5431 MuSriacensi,
3255 5365 3415 5431 digna
3473 5366 3714 5434 profecto

2137 5446 2258 5499 quae
2283 5432 2431 5506 typis
2462 5434 2672 5506 edatur.
2722 5431 2813 5506 Est
2843 5435 2986 5506 enim
3022 5435 3178 5501 longe
3207 5431 3485 5506 antiquior
3512 5451 3576 5490 ac
3615 5451 3711 5504 pu-

2136 5498 2247 5555 rior
2282 5502 2369 5552 illa
2400 5516 2560 5567 quam
2591 5498 2856 5557 Henricus
2886 5498 3138 5560 (lanisius'
3168 5498 3353 5561 edidit:

2208 5572 2333 5651 (7t),
2358 5571 2634 5651 digitium}.
2655 5573 3020 5651 θεοπρεπεῖς.
3070 5577 3288 5651 [lectius
3332 5578 3384 5629 in
3409 5575 3706 5651 _codicibus

2135 5639 2339 5717 pOStt‘is
2386 5639 2727 5717 blaz.,_Med_.
2754 5639 2808 5699 et
2837 5639 2988 5701 Fuit;
3014 5655 3070 5701 et
3113 5645 3282 5700 Savil.
3315 5647 3578 5717 scriptum
3619 5656 3702 5704 est

2132 5710 2454 5782 διαπρεπεῖς
2481 5710 2739 5782 μαθηταί.
