4016 6260
311 291 418 346 297

1302 254 1649 346 HISTORle
1688 287 2253 346 ECCLESIASTICIE
2287 288 2418 345 LIB.
2458 287 2547 344 ιιι.

3450 296 3553 351 $33

314 410 719 480 συγκατατάξαι
779 413 898 475 ταῖς
943 412 1258 482 ἑρμηνείαις
1285 413 1418 481 (77).
1476 410 1871 483 διαϐεϐαιούμε·

1990 420 2176 467 nostra
2229 424 2442 479 quoque
2469 408 2776 463 assertione
2828 409 3096 465 ﬁrmetur.
3142 409 3259 466 Non
3304 413 3556 481 enim,nt

309 520 401 566 νος
433 502 572 572 ὑπὲρ
601 502 781 557 αὐτῶν
806 503 1082 575 ἀλήθειαν.
1104 504 1176 556 Οὐ
1204 504 1311 576 γάρ
1346 508 1459 569 τοῖς
1490 504 1558 558 τά
1600 502 1770 557 πολλὰ
1798 503 1884 557 λέ-

310 610 497 662 γουσιν
522 592 743 665 ἔχαιρον
781 592 970 665 ὥσπερ
997 595 1046 647 οί
1076 595 1281 660 πολλοὶ,
1327 595 1459 648 ἀλλά
1508 598 1622 659 τοῖς
1675 594 1883 666 τάληθῆ

308 686 646 740 διδάσκουσιν
667 702 683 717 ο
716 685 840 739 οὐδὲ
886 688 997 749 τοῖς
1027 687 1125 751 τάς
1165 687 1451 756 ἀλλοτρίας
1481 688 1699 751 ἐντολάς
1750 705 1883 760 μνη-

311 775 649 846 μονεύουσιν,
668 776 806 831 ἀλλὰ
831 780 942 841 τοῖς
968 778 1068 841 τὰς
1089 777 1239 850 παρὰ
1256 779 1348 833 τοῦ
1379 780 1585 853 Κυρίου
1610 783 1676 854 τῇ
1702 781 1881 835 πίστει

304 870 616 940 δεδομένας,
644 870 741 924 καί¹
769 870 864 925 ἀπ’
892 869 1062 939 αὐτῆς
1108 870 1551 942 παραγινομένας
1597 872 1699 943 τῆς
1750 872 1883 944 ἀλη-

306 957 476 1021 θείας.
503 959 565 1011 Εί
592 958 650 1012 δέ
675 976 776 1012 που
809 959 903 1012 καὶ
932 957 1426 1030 παρηκολουθηκώς
1477 978 1560 1024 τις
1598 964 1711 1025 τοῖς
1743 978 1876 1030 πρε-

307 1049 590 1121 σϐυτέροις
620 1050 782 1115 ἔλθοι,
801 1050 926 1114 τοὺς
945 1050 1051 1103 τῶν
1076 1050 1456 1122 πρεσϐυτέρων
1480 1052 1759 1124 ἀνέκρινον
1796 1054 1881 1106 λό-

304 1156 434 1208 γως
455 1157 469 1171 .
498 1141 552 1194 τί
581 1142 851 1215 Ἀνδρέας,
879 1142 912 1212 ἦ
942 1142 993 1195 τί
1039 1142 1243 1213 Πέτρος
1261 1139 1434 1207 εἶπεν,
1463 1144 1495 1215 ἢ
1523 1143 1574 1197 τί
1595 1145 1875 1207 Φίλιππος,

301 1233 337 1303 ἦ
366 1233 419 1285 τί
447 1233 669 1303 Θωμᾶς,
693 1234 725 1304 ἢ
768 1234 1020 1298 Ἰάκωϐος
1038 1252 1052 1264 ·
1078 1235 1112 1306 ἢ
1138 1234 1188 1287 τί
1218 1235 1487 1307 Ἰωάννης,
1518 1235 1550 1306 ἢ
1581 1235 1873 1299 Ματθαὶος·

304 1322 338 1393 ἦ
376 1341 461 1387 τις
495 1324 680 1395 ἕτερος
706 1324 814 1379 τῶν
846 1325 940 1378 τοῦ
990 1325 1197 1397 Κυρίου
1243 1326 1525 1398 μαθητῶν,
1564 1326 1600 1380 ἆ
1631 1345 1689 1379 τε
1740 1328 1880 1398 Ἀρι-

302 1415 490 1481 στίων,
514 1418 607 1468 καὶ
638 1419 665 1470 ὁ
700 1416 1066 1489 πρεσϐύτερος
1132 1418 1401 1488 Ἰωάννης,
1446 1420 1495 1471 οἱ
1535 1418 1628 1472 τοῦ
1670 1420 1875 1491 Κυρίου

303 1506 843 1577 μαθηταὶ,λέγουσιν.
869 1510 943 1562 Οὐ
973 1508 1079 1580 γὰρ
1111 1509 1177 1563 τὰ
1207 1512 1270 1563 ὲκ
1299 1511 1405 1563 τῶν
1450 1509 1665 1580 βιϐλίων
1687 1511 1877 1565 τοσοῦ⁴

302 1598 395 1649 τόν
431 1615 501 1666 με
531 1598 759 1668 ὠφελεῖν
793 1601 1203 1673 ὑπελάμϐανον,
1246 1603 1368 1654 ὅσον
1398 1602 1467 1654 τά
1495 1601 1645 1673 παρὰ
1700 1602 1877 1673 ζώσης

300 1689 484 1758 φωνῆς
518 1691 610 1742 καὶ
651 1691 931 1762 μενούσης.
975 1712 993 1744 ι
1049 1693 1219 1746 Ἔνθα
1260 1693 1356 1745 καὶ
1401 1691 1693 1762 ἐπιστῆσαι
1731 1691 1876 1756 ἄξιον

295 1779 379 1842 δὶς
413 1783 842 1852 καταριθμούντι
865 1785 1016 1856 αὐτῷ
1045 1785 1106 1839 τὸ
1155 1786 1398 1839 Ἰωάννου
1439 1786 1613 1857 ὄνομα.
1636 1805 1651 1819 ο
1683 1779 1759 1841 ὧν
1790 1788 1880 1841 τὸν

300 1871 399 1942 μὲν
427 1874 695 1946 πρότερον
721 1875 912 1947 Πέτρῳ
940 1878 1032 1929 καὶ
1071 1876 1332 1947 Ἰακώϐῳ,
1369 1876 1761 1948 καὶΜατθαίῳ,
1786 1879 1880 1930 καὶ

295 1968 407 2027 τοῖς
440 1963 647 2029 λοιποῖς
673 1967 988 2031 ἀποστόλοις
1015 1968 1436 2038 συγκαταλέγει,
1470 1968 1657 2037 σαφῶς
1703 1967 1879 2039 δηλῶν

296 2054 387 2107 τὸν
415 2052 812 2125 εὐαγγελιστήν
832 2072 847 2085 ’
883 2055 973 2109 τὸν
1011 2056 1068 2109 δ’
1090 2058 1274 2129 ἕτερον
1303 2056 1553 2130 Ἰωάννην
1575 2056 1878 2120 διαστείλας

296 2146 385 2199 τὸν
416 2145 597 2215 λόγον,
621 2147 830 2218 ἑτέροις
860 2148 1011 2219 παρὰ
1034 2148 1124 2201 τὸν
1142 2146 1265 2202 τῶν“
1284 2147 1594 2201 ἀποστόλων
1643 2147 1876 2220 ἀριθμὸν

296 2238 649 2300 κατατάσσει,
688 2239 960 2310 προτάξας
992 2239 1154 2293 αὑτοῦ
1174 2240 1265 2292 τὸν
1314 2239 1652 2311 Ἀριστίωνα.
1685 2238 1877 2308 Σαφῶς

295 2347 353 2383 τε
380 2330 546 2384 αὐτὸν
580 2330 947 2403 πρεσϐύτερον
974 2332 1245 2402 ὀνομάζει.
1291 2333 1379 2395 Ὠς
1411 2333 1505 2386 καὶ
1536 2332 1621 2385 διὰ
1672 2332 1877 2385 τούτων

295 2421 713 2475 ἀποδείκνυσθαι
739 2423 839 2494 τὴν
868 2421 1107 2492 ἱστορίαν
1132 2422 1307 2492 ἀληθῆ
1357 2422 1466 2476 τῶν
1502 2424 1595 2475 δύο
1624 2423 1763 2477 κατὰ
1776 2424 1875 2494 τὴν

309 2513 493 2567 Ἀσίαν
519 2515 807 2586 ὁμωνυμία
851 2514 1150 2585 κεχρῆσθαι
1194 2515 1512 2586 εἰρηκότων,
1573 2515 1665 2568 δύο
1709 2533 1769 2568 τε
1818 2518 1875 2568 ἐν

309 2605 519 2676 Ἐφέσῳ
545 2605 798 2675 γενέσθαι
821 2606 1078 2676 μνήματα
1105 2606 1198 2659 καὶ
1224 2605 1482 2676 ἑκάτερον
1521 2607 1765 2659 Ἰωάννου
1795 2605 1874 2659 ἔτι

295 2695 388 2748 νῦν
420 2697 675 2765 λέγεσθαι
696 2714 710 2727 ο
744 2693 825 2760 οἷς
846 2698 939 2750 καὶ
971 2699 1264 2766 ἀναγκαῖον
1296 2698 1584 2769 προσέχειν
1615 2699 1703 2751 τὸν
1726 2697 1870 2752 νοῦν.

296 2789 456 2853 Εἰκὸς
477 2789 587 2861 γάρ
619 2791 709 2843 τὸν
732 2789 982 2862 δεύτερον
1009 2831 1023 2855 ,
1064 2791 1111 2842 εί
1152 2792 1225 2860 μή
1258 2808 1343 2854 τις
1373 2790 1542 2844 ἐθέλοι
1576 2792 1666 2844 τὸν
1722 2791 1873 2864 πρῶο

293 2900 407 2952 τον,
428 2886 529 2956 τὴν
561 2885 647 2935 ἐπ’
694 2884 958 2956 ὀνόματος
992 2885 1299 2957 φερομένην
1357 2884 1597 2938 Ἰωάννου
1647 2886 1873 2939 Ἀποκά-

293 2972 450 3043 λυψιν
473 2976 797 3045 ἑωρακέναι.
822 2976 931 3029 Καὶ
949 2977 977 3028 ὁ
1004 2975 1098 3029 νῦν
1131 2976 1188 3028 δὲ
1213 2977 1342 3047 ἡμῖν
1383 2975 1543 3046 δηλού
1553 2993 1714 3045 μενος
1756 2977 1870 3029 Πα-

293 3066 444 3130 πίας,
483 3069 607 3131 τοὺς
663 3068 763 3138 μὲν
801 3068 908 3121 τῶν
942 3068 1253 3121 ἀποστόλων
1314 3068 1506 3136 λόγους
1571 3068 1721 3140 παρὰ
1762 3070 1870 3121 τῶν

1989 504 2238 573 plerique
2261 501 2461 566 solent,
2488 515 2587 556 eos
2616 514 2854 571 unquam
2887 508 3130 558 sectatus
3162 517 3279 557 sum
3316 504 3407 573 qui
3439 519 3559 562 ver-

1988 596 2071 651 bis
2101 596 2402 661 aﬁluerent,
2440 596 2533 650 sed
2562 609 2656 652 eos
2694 595 2876 664 potius
2905 596 2998 666 qui
3029 611 3216 651 verum
3250 597 3555 669 docerent;

1989 703 2090 743 nec
2115 703 2210 743 eos
2238 687 2327 757 qui
2365 703 2502 741 nova
2547 686 2794 756 quaedam
2848 695 2905 741 et
2954 687 3211 742 inusitata
3260 684 3553 758 praeCepta,

1989 781 2086 833 sed
2116 779 2240 834 illos
2280 777 2373 849 qui
2406 777 2616 832 Domini
2646 778 2900 832 mandata
2932 777 2988 831 in
3025 777 3212 847 figuris
3249 782 3470 847 tradita,
3500 788 3556 833 et

1985 870 2056 925 ab
2108 869 2220 939 ipsa
2266 869 2497 924 veritate
2546 867 2786 937 profecta
2856 871 3260 924 memorabant.
3308 873 3458 938 Quod
3509 875 3555 927 si

1986 959 2108 1027 quis
2134 959 2403 1012 interdum
2444 958 2574 1012 mihi
2604 958 2931 1012 occurrebat
2960 959 3054 1028 qui
3087 975 3207 1013 cum
3241 962 3556 1017 senior-ibus

1987 1060 2232 1105 versatus
2266 1049 2479 1116 fuisset,
2510 1063 2576 1103 ex
2601 1063 2666 1104 eo
2692 1049 2912 1104 curiose
2939 1052 3266 1106 sciscitabar
3299 1069 3551 1123 quaenam

1985 1149 2168 1192 essent
2203 1139 2477 1193 seniorum
2519 1139 2665 1193 dicta
2709 1154 2725 1192 :
2763 1138 2894 1208 quid
2945 1139 3213 1205 Andreas,
3265 1144 3393 1211 quid
3451 1142 3551 1199 Pe-

1988 1239 2124 1293 trus,
2153 1227 2281 1297 quid
2318 1229 2620 1300 Philippus,
2654 1232 2783 1300 quid
2823 1231 3085 1297 Thomas,
3122 1234 3252 1303 quid
3293 1232 3550 1302 Jacobus,

1985 1323 2114 1388 quid
2137 1319 2398 1385 Joannes,
2424 1322 2553 1390 quid
2590 1321 2898 1388 Matthmus,
2934 1322 3062 1391 quid
3108 1326 3289 1379 creteri
3338 1325 3551 1380 Domini

1984 1412 2230 1481 discipuli
2264 1412 2445 1466 dicere
2478 1410 2619 1466 soliti
2647 1424 2872 1467 essent:
2904 1413 3162 1481 quidnam
3201 1414 3469 1480 Aristion,
3499 1423 3554 1469 et

1982 1504 2218 1559 Joannes
2246 1503 2548 1573 presbyter,
2602 1504 2851 1575 discipuli
2899 1506 3131 1572 Domini,
3164 1508 3548 1578 praedicarent.

1986 1597 2166 1668 Neque
2194 1599 2339 1654 enim
2367 1615 2433 1652 ex
2464 1597 2727 1653 librorum
2773 1598 3009 1655 lectione
3043 1608 3248 1654 tantam
3288 1615 3371 1655 me
3402 1602 3554 1656 utili—

1987 1699 2150 1743 tatem
2178 1704 2375 1759 capere
2417 1702 2575 1758 posse
2606 1690 3013 1755 existimabam,
3062 1702 3319 1760 quantam
3348 1708 3413 1747 ex
3457 1696 3555 1748 ho-

1913 1778 1953 1832 B
1985 1782 2188 1835 minmn
2239 1782 2415 1835 adlmc
2444 1783 2794 1851 superstitum
2831 1783 2949 1836 viva
2989 1798 3143 1838 voce.
3185 1803 3203 1835 ι
3255 1784 3465 1852 Quibus
3495 1788 3550 1841 in

1982 1873 2165 1926 verbis
2192 1871 2322 1925 illud
2372 1873 2535 1926 etiam
2565 1873 2971 1927 observandum
3011 1887 3119 1943 est,
3153 1876 3236 1931 his
3262 1878 3330 1932 ab
3362 1893 3428 1949 eo
3454 1893 3553 1948 po-

1981 1965 2142 2018 situm
2171 1978 2291 2018 esse
2317 1978 2512 2017 nomen
2536 1963 2787 2019 Joannis.
2818 1965 2885 2019 Et
2913 1966 3152 2035 priorem
3186 1969 3403 2038 quidem
3442 1985 3551 2024 una

1981 2071 2102 2112 cum
2139 2055 2324 2122 Petro,
2353 2054 2577 2119 Jacobo,
2616 2057 2870 2112 Matthmo
2914 2068 2968 2114 et
3008 2059 3236 2138 reliquis
3287 2062 3551 2130 apostolis

1981 2138 2251 2211 recenset,
2301 2149 2433 2201 satis
2484 2148 2731 2203 indicans
2762 2164 2821 2204 se
2856 2151 2923 2205 de
2959 2153 3290 2223 evangelista
3337 2151 3550 2208 Joanne

1979 2239 2146 2293 verba
2174 2238 2374 2294 facere.
2408 2237 2597 2294 Postea
2648 2255 2781 2295 vero
2831 2242 3077 2297 adhibita
3130 2244 3403 2299 sermonis
3440 2244 3550 2300 dis-

1982 2330 2261 2396 tinctione,
2290 2330 2523 2384 alterum
2578 2322 3007 2387 Joannem-cum
3062 2334 3129 2389 iis
3177 2334 3409 2390 collocat
3455 2335 3547 2403 qui

1979 2431 2131 2474 extra
2162 2436 2444 2475 numerum
2498 2431 2624 2474 sunt
2673 2422 3068 2490 apostolorum,
3122 2439 3441 2494 praeponens
3473 2424 3547 2478 illi

1979 2512 2314 2565 Aristionem
2364 2513 2650 2581 quemdam
2705 2534 2717 2566 :
2766 2517 3125 2583 eamdemque
3167 2519 3545 2587 presbyterum

1979 2603 2181 2658 diserte
2212 2604 2482 2658 nominat.
2509 2603 2626 2671 Quo
2660 2604 2721 2658 ﬁt
2750 2614 2809 2657 ut
2834 2618 2959 2659 vera
2989 2606 3239 2661 videatur
3264 2620 3385 2662 esse
3422 2622 3549 2661 nar—

1982 2695 2121 2750 ratio
2157 2694 2393 2758 illorum,
2428 2696 2517 2764 qui
2551 2697 2685 2751 duos
2755 2699 2943 2752 eodem
2990 2698 3207 2752 nomine
3247 2698 3550 2768 appellatos

1980 2788 2032 2841 in
2072 2787 2200 2841 Asia
2241 2786 2445 2841 vixisse
2492 2787 2788 2842 dixerunt:
2829 2796 2886 2842 et
2937 2788 3078 2857 apud
3120 2788 3392 2858 Ephesum
3443 2789 3549 2843 duo

1976 2893 2096 2933 esse
2152 2879 2426 2948 sepulcra,
2457 2887 2511 2934 et
2564 2888 2854 2948 utrumque
2880 2878 3106 2936 Joannis
3151 2882 3419 2936 hactenus
3450 2893 3549 2935 no-

1976 2970 2193 3025 minari.
2230 2970 2403 3040 Atque
2433 2973 2533 3025 hoc
2562 2971 2999 3027 animadvertere
3033 2972 3085 3026 in
3133 2974 3325 3042 primis
3362 2985 3548 3027 neces-

1976 3063 2178 3116 sarium
2207 3071 2356 3133 puto.
2402 3061 2712 3117 Verisimile
2741 3072 2825 3117 est
2852 3064 2995 3117 enim
3032 3063 3441 3121 Rerelationeu
3481 3068 3547 3125 il-

292 3128 477 3221 αὐτοῖς
539 3128 1094 3229 παρηκολουθηκότων
1149 3128 1400 3228 ὁμολογεί
1449 3128 1860 3229 παρειληφέναι,

1975 3155 2079 3209 iam
2114 3153 2339 3210 Joannis
2382 3155 2599 3210 nomine
2630 3155 2970 3225 inscriptam,
3018 3158 3064 3210 si
3110 3173 3214 3210 non
3278 3174 3304 3212 a
3365 3163 3546 3230 priore

306 3248 647 3319 Ἀριστίωνος
680 3248 737 3301 δὲ
765 3248 860 3302 καὶ
886 3248 979 3301 τοῦ
1006 3249 1379 3320 πρεσϐυτέρου
1423 3249 1668 3301 Ἰωάννου
1703 3250 1871 3321 αὐτή--

292 3355 414 3392 κοον
437 3337 628 3392 ἑαυτόν
658 3355 790 3409 φησι
817 3338 1087 3406 γενέσθαι.
1133 3338 1417 3408 Ὀνομαστὶ
1456 3338 1584 3406 γοῦν
1615 3338 1871 3404 πολλάκις

293 3431 471 3484 αὐτῶν
502 3431 898 3502 μνημονεύσας,
931 3432 988 3483 ὲν
1014 3434 1126 3494 τοῖς
1171 3431 1336 3484 αὑτοῦ
1367 3431 1760 3502 συγγράμμασι
1795 3430 1873 3484 τί-

294 3521 450 3593 θησιν
475 3522 655 3578 αὐτῶν
682 3523 1026 3593 παραδόσεις.
1074 3523 1183 3576 Καὶ
1224 3521 1395 3576 ταῦτα
1428 3524 1473 3576 δ’
1507 3526 1638 3594 ἡμῖν
1664 3526 1763 3577 οὑκ
1793 3527 1873 3587 είς

294 3611 354 3666 τὸ
376 3612 651 3684 ἄχρηστον
694 3613 947 3689 εἰρήσθω.
994 3614 1176 3680 Ἀξιον
1215 3612 1272 3665 δὲ
1313 3616 1433 3676 ταῖς
1494 3614 1871 3678 άποδοθείσαις

294 3703 386 3758 τοῦ
416 3706 607 3758 Παπία
640 3708 841 3775 φωναῖς
866 3746 880 3770 ,
912 3705 1190 3777 προσάψαι
1241 3705 1413 3770 λέξεις
1454 3706 1646 3776 ἐτέρας
1682 3704 1867 3772 αὐτοῦ,

291 3793 357 3848 δι’
389 3788 465 3848 ὧν
503 3797 782 3867 παράδοξά
810 3815 931 3850 τινα
967 3799 1171 3868 ἱστορεῖ
1232 3797 1327 3849 καὶ
1370 3796 1526 3859 ἄλλα,
1558 3796 1633 3859 ὡς
1690 3794 1755 3848 ἂν
1807 3798 1871 3847 ἐκ

293 3887 643 3958 παραδόσεως
673 3890 754 3952 εἰς
783 3890 944 3943 αὑτὸν
975 3889 1215 3942 ἐλθόντα.
1251 3888 1323 3941 Τὸ
1350 3889 1445 3959 μὲν
1479 3884 1571 3941 οὖν
1600 3887 1742 3941 κατὰ
1771 3886 1871 3959 τὴν

302 3977 605 4047 Ἱεράπολιν
631 3979 894 4033 Φίλιππον
927 3975 1017 4035 τόν
1052 3980 1346 4034 ἀπόστολον
1382 3981 1498 4052 ἅμα
1539 3984 1659 4045 ταῖς
1699 3982 1869 4050 θυγα-

288 4072 452 4142 τράσι
476 4071 773 4143 διατρίψαι,
806 4072 892 4127 διὰ
919 4073 1027 4126 τῶν
1066 4072 1299 4144 πρόσθεν
1326 4074 1638 4145 δεδήλωται.
1684 4076 1772 4137 Ὠς
1813 4074 1870 4127 δὲ

292 4163 433 4216 κατὰ
462 4163 590 4226 τοὺς
619 4164 811 4228 αὐτούς
839 4167 866 4218 ὁ
888 4165 1104 4230 Παπίας
1132 4170 1438 4237 γενόμενος,
1458 4167 1707 4237 διήγησιν
1732 4183 1870 4237 παρ-

319 4253 600 4323 ειληφέναι
632 4254 940 4325 θαυμασίαν
975 4256 1080 4309 ὑπὸ
1106 4256 1212 4309 τῶν
1238 4256 1332 4310 τοῦ
1373 4258 1641 4310 Φιλίππου
1702 4256 1867 4324 θυγα-

289 4344 463 4415 τέρων
490 4345 834 4416 μνημονεύει,
866 4346 936 4399 τὰ
966 4346 1061 4400 νῦν
1105 4348 1457 4418 σημειωτέον.
1508 4346 1721 4418 Νεκροῦ
1757 4346 1866 4418 γὰρ

1975 3247 2087 3314 illo,
2122 3258 2270 3302 certe
2296 3247 2364 3301 ab
2396 3247 2498 3302 hoc
2531 3250 2834 3317 posteriore
2882 3248 3056 3301 visam
3104 3248 3296 3304 fuisse.
3353 3252 3415 3305 Et
3444 3252 3543 3306 Pa-

1974 3342 2091 3411 pias
2139 3340 2358 3409 quidem
2406 3341 2472 3395 de
2517 3355 2623 3411 quo
2684 3354 2829 3395 nunc
2890 3354 3198 3396 sermonem
3252 3343 3540 3411 habemus,

1973 3432 2340 3502 apostolorum
2372 3432 2536 3499 dicta,
2573 3433 2641 3486 ab
2668 3432 2734 3486 iis
2767 3432 2858 3502 qui
2908 3448 3029 3486 cum
3060 3434 3316 3501 apostolis
3344 3440 3541 3491 versati

1972 3525 2211 3591 fuerant,
2243 3537 2306 3579 se
2329 3523 2607 3593 accepisse
2641 3522 2922 3593 proﬁtetur
2947 3541 2961 3576 :
2985 3524 3272 3581 Aristionis
3294 3537 3546 3584 autemet

1971 3616 2195 3671 Joannis
2224 3615 2524 3686 presbyteri
2562 3616 2862 3669 auditorem
2897 3629 2955 3669 se
2983 3616 3112 3670 dicit
3138 3613 3327 3673 fuisse.
3377 3618 3541 3673 Multa

1973 3715 2120 3759 certe
2150 3719 2269 3774 qua:
2293 3703 2362 3758 ab
2397 3704 2467 3758 iis
2499 3702 2693 3757 tradita
2722 3713 3030 3772 acceperat,
3075 3704 3323 3771 ipsorum
3370 3709 3544 3761 nomi-

1973 3796 2139 3850 natim
2173 3795 2447 3850 mentione
2482 3793 2646 3860 facta,
2679 3795 2732 3849 in
2763 3795 3186 3851 Commentariis
3239 3798 3352 3851 suis
3384 3810 3541 3852 retu-

1971 3890 2052 3946 lit.
2094 3891 2270 3959 Atque
2295 3889 2408 3944 hazc
2438 3889 2655 3958 quidem
2707 3904 2810 3944 non
2838 3886 3136 3957 superﬂue,
3172 3890 3329 3958 112
3370 3900 3427 3944 ut
3452 3906 3545 3945 ar-

1972 3982 2168 4047 bitror,
2203 3996 2233 4035 a
2258 3981 2417 4035 nobis
2443 3981 2591 4035 dicta
2625 3981 2755 4034 sint.
2792 3978 2964 4035 Porro
2986 3993 3170 4049 opera:
3191 3980 3424 4050 pretium
3454 3981 3542 4036 fu-

1970 4072 2099 4135 erit,
2126 4086 2287 4141 supra
2312 4071 2492 4127 citatis
2516 4070 2696 4141 Papiae
2727 4070 2912 4125 verbis
2973 4070 3080 4125 alia
3108 4073 3271 4126 etiam
3304 4071 3543 4139 ejusdem

1973 4162 2280 4217 testimonia
2308 4163 2623 4233 adjungere,
2655 4164 2707 4216 in
2750 4162 2947 4232 quibus
2994 4162 3259 4218 miracula
3298 4164 3541 4232 qua-dam

1970 4267 2035 4307 ex
2075 4252 2446 4308 aliorum‘ﬁde
2487 4268 2541 4307 at
2611 4252 2902 4307 traditione
2952 4262 3361 4307 commemorat.
3416 4252 3544 4306 Phi-

1970 4343 2170 4414 lippum
2201 4344 2420 4414 quidem
2455 4342 2760 4413 apostolum
2798 4357 2901 4396 una
2935 4357 3057 4396 cum
3089 4341 3307 4396 ﬁliabus
3349 4340 3541 4396 Hiera-—

289 4437 582 4490 ἀνάστασιν
624 4440 744 4491 κατ’
782 4439 944 4504 αὐτὸν
962 4442 1247 4509 γεγονυῖαν
1282 4441 1500 4510 ἱστορεῖ,
1534 4440 1626 4491 καὶ
1666 4435 1732 4491 αὖ
1760 4439 1865 4492 πά-

1975 4435 2083 4505 poli
2114 4434 2310 4503 degere
2342 4434 2557 4488 solitum
2600 4436 2852 4503 superius
2886 4433 3190 4488 docuimus.
3227 4432 3383 4487 Nune
3412 4448 3542 4488 vero

288 4531 371 4585 λιν
396 4532 583 4601 ἓτερον
631 4518 931 4603 παράδοξον
955 4532 1083 4601 περὶ
1124 4531 1352 4584 Ἰοῦστον
1384 4532 1474 4584 τὸν
1507 4529 1867 4601 ἐπικληθέντα

291 4621 581 4694 Βαρσαϐᾶν
616 4622 728 4694 (Ἱ8)
773 4623 995 4691 γεγονὸς
1014 4662 1029 4681 ,
1062 4621 1136 4687 ὡς
1195 4622 1516 4693 δηλητήριον
1576 4622 1864 4693 φάρμακον

292 4714 582 4785 ὲμπιόντος
605 4714 698 4767 καὶ
727 4715 889 4784 μηδὲν
919 4714 1080 4784 ἀηδὲς
1110 4713 1198 4767 διὰ
1232 4714 1441 4784 τὴντοῦ
1472 4715 1678 4783 Κυρίου
1707 4714 1866 4783 χάριν

291 4804 703 4874 ὑπομείναντος.
734 4803 935 4857 Τοῦτον
964 4804 1022 4856 δὲ
1047 4803 1138 4857 τὸν
1175 4803 1404 4856 Ἰοῦστον
1450 4804 1588 4873 μετὰ
1626 4803 1724 4875 τὴν
1771 4802 1865 4855 τοῦ

291 4897 540 4967 Σωτῆρος
593 4894 896 4964 ἀνάληψιν,
944 4895 1072 4958 τοὺς
1122 4896 1301 4965 ἱεροὺς
1359 4894 1689 4958 ἀποστόλους
1726 4893 1866 4963 μετὰ

290 4987 511 5042 Ματθία
542 4986 737 5056 στῆσαί
769 5003 826 5039 τε
854 4986 949 5040 καὶ
998 4985 1329 5051 ἐπεύξασθαι
1361 4984 1482 5039 ἀντὶ
1521 4985 1614 5037 τοῦ
1675 4984 1867 5055 προδό-

222 5152 239 5167 ι
291 5125 490 5178 merito
549 5125 899 5193 reprehendit
955 5132 1109 5176 vetus
1158 5122 1485 5193 scholiastes
1533 5121 1617 5175 bis
1657 5121 1863 5185 verbis,

294 5208 413 5261 qua
442 5196 512 5247 ad
549 5192 850 5261 marginem
883 5194 1088 5247 codicis
1124 5192 1383 5246 Mazarini
1420 5195 1656 5259 ascripta
1692 5201 1861 5261 sunt_:

291 5252 355 5317 Τί
373 5281 455 5317 σοι
488 5265 583 5335 καὶ
604 5252 718 5327 τοῖς
745 5263 838 5317 τοῦ
866 5261 1011 5335 ίεροίᾖ
1030 5252 1659 5335 Κλήμεντοςᾼδιαλόγρις,
1707 5252 1865 5322 ὲνοῖς

288 5336 410 5387 ὅσον
443 5336 507 5387 τὸ
546 5334 740 5403 ὄφελος
774 5335 825 5386 οἱ
854 5331 1271 5403 ὀρθοδόξωςκαὶ
1307 5331 1627 5403 εἰλικρινῶς
1646 5333 1863 5403 ἐντετυ-

289 5404 519 5478 χηκότες
543 5394 732 5478 σαφῶς
782 5394 1201 5478 ἴσασινῧΆπαγΞ
1226 5403 1333 5478 τῶν
1357 5394 1752 5478 διασυλρμῶνιῶ
1780 5399 1867 5478 λος

289 5470 524 5539 filii-cette
545 5489 559 5503 '
598 5470 846 5527 πείσεται
874 5473 983 5541 γάρ
1013 5490 1093 5525 σοι
1122 5470 1231 5527 τῶν
1261 5472 1398 5526 ὅλων
1436 5470 1610 5535 οὐδεὶς
1639 5470 1740 5539 τῆς
1767 5470 1862 5522 τοῦ

292 5544 421 5596 Θεοῦ
468 5544 822 5615 Ἐκκλησίας·
857 5543 950 5596 τοῦ
979 5543 1293 5615 Κλήμεντος
1322 5542 1622 5615 ἄπαντα-ὲν
1660 5556 1857 5615 σεμνυ-

289 5615 531 5685 νομένοις
573 5604 693 5667 ἐστὶ
721 5604 834 5677 τοῖς
883 5604 1167 5685 τροφίμοις
1197 5604 1297 5685 τῆς
1334 5611 1636 5676 εὐσεϐείας,
1661 5604 1750 5679 6c?"
1780 5604 1855 5664 ὧν

290 5683 672 5748 σπουδάζεται.

357 5754 468 5825 (77)
514 5753 961 5826 Συγκατατάξσλ
1007 5752 1137 5819 ταῖς
1165 5753 1519 5821 ἑρμηνείαις.
1558 5751 1632 5807 lta
1660 5751 1855 5821 legitur

609 5848 881 5907 Parnm.
930 5845 1046 5907 Gn.
1095 5845 1228 5907 XX.

1973 4525 2423 4595 quemadmodum
2459 4523 2675 4593 Papias.
2713 4524 2805 4593 qui
2845 4524 3039 4579 iisdem
3097 4522 3433 4592 temporibus
3462 4523 3543 4576 vi-

1974 4618 2072 4679 xit,
2104 4616 2405 4671 mirabilem
2437 4618 2728 4685 quamdam
2760 4616 3133 4670 narrationem
3166 4630 3195 4668 a
3223 4612 3454 4684 Philippi
3480 4614 3544 4668 ﬁ-

1971 4709 2145 4763 liabus
2203 4709 2478 4777 accepisse
2546 4723 2604 4762 se
2656 4707 2860 4772 refert,
2917 4721 3276 4774 exponamus.
3339 4705 3543 4762 Scribit

1968 4799 2110 4853 enim
2142 4808 2411 4853 mortuum
2441 4815 2536 4852 sua
2566 4807 2725 4851 relate
2749 4797 2815 4850 ad
2844 4796 3014 4850 vitam
3048 4810 3170 4851 esse
3201 4804 3538 4851 revocatum.

1969 4890 2214 4944 Alterum
2250 4905 2468 4960 quoque
2496 4891 2688 4958 ingens
2718 4887 3036 4943 nnraculnm
3090 4887 3260 4942 refert
3291 4888 3357 4943 de
3384 4885 3541 4942 JUSIO

1969 4981 2059 5050 qui
2101 4980 2370 5037 Barsabas
2417 4983 2836 5053 cognominatus
2867 4990 2947 5034 est
2987 4997 3002 5045 ;
3055 4978 3146 5049 qui
3189 4993 3311 5035 cum
3341 4978 3541 5031 lethale

1973 5116 2025 5187 in
2062 5117 2248 5187 codice
2279 5116 2468 5187 Regio,
2507 5126 2561 5172 et
2590 5126 2738 5171 recte
2766 5117 3007 5185 quidem,
3044 5123 3102 5168 ut
3130 5115 3342 5187 opinor.
3378 5113 3540 5187 Certe

1970 5186 2201 5240 Ruﬁnus
2234 5184 2383 5257 hunc
2418 5189 2595 5241 locum
2632 5190 2706 5241 ita
2746 5184 2891 5257 legit,
2930 5197 2987 5239 ut
3021 5201 3086 5241 ex
3110 5186 3384 5257 rvers‘ioue
3421 5184 3537 5253 ejus

1969 5267 2238 5326 apparet:
2270 5255 2394 5310 Non
2449 5257 2640 5326 pigebit
2689 5254 2863 5309 aulam
2909 5272 3000 5309 nos
3056 5256 3150 5308 tibi
3194 5254 3370 5326 omnia
3416 5269 3537 5324 qua!

1967 5325 2231 5395 quondam
2263 5342 2293 5378 α
2327 5325 2640 5395 presbyteris
2668 5327 2965 5387 didicimus,
2999 5334 3048 5379 et
3081 5326 3206 5378 bene
3226 5325 3535 5395 retinemus,

1968 5394 2307 5449 recordantes
2356 5394 2611 5464 exponere
2657 5412 2776 5448 cum
2825 5395 3343 5464 interpretationibus
3397 5394 3530 5464 satis.

1968 5464 2180 5534 Reliqui
2213 5475 2395 5519 tamen
2422 5461 2639 5521 codices
2670 5464 2836 5527 Maz.,
2864 5461 3004 5529 Med.
3038 5479 3101 5517 ac
3133 5462 3264 5517 Fuk.
3294 5476 3417 5517 cum
3439 5461 3538 5515 Ni-

1967 5533 2204 5604 cepboro
2243 5536 2505 5604 scriptum
2537 5537 2737 5591 habent
2765 5533 3037 5597 συντάξαι.

2034 5598 2145 5676 (78)
2199 5598 2607 5676 Ἰοῦστον-,τὸν
2652 5604 3053 5676 ἐπικληθέντα
3092 5598 3432 5676 Βαρᾳωᾷᾶν.
3470 5599 3530 5653 in

1965 5670 2138 5727 tribus
2168 5677 2367 5731 nostris
2391 5675 2669 5733 codicibus
2700 5670 2865 5743 illam,
2892 5674 3027 5728 Med.
3061 5682 3115 5727 et
3145 5670 3264 5726 F-nk
3332 5670 3532 5740 legitur

1962 5743 2299 5814 Βαρσαϐϐᾶν.
3500 5776 3505 5781 -

3144 5835 3219 5895 10
