4016 6260
350 352 457 408 309

1377 350 1724 408 HISTORIA}
1762 352 2326 411 ECCLESIASTICAS
2364 355 2490 410 LIB.
2532 356 2621 413 IV.

3494 365 3598 420 510

350 466 576 535 χρόνους
603 467 790 536 γραφῇ
839 463 1171 534 σωζομένους
1214 466 1461 537 οὐδαμῶς
1494 462 1679 539 εὗρον·
1724 469 1910 540 κομιδῆ

2023 471 2242 541 solymis
2260 472 2611 541 praefuerunt,
2635 484 2897 540 nusquam
2923 473 3162 541 reperire
3189 476 3363 544 potui.
3397 443 3598 533 Omnes

357 560 462 624 γὰρ
493 548 586 606 οὖν
622 553 950 624 βραχυϐίους
992 554 1187 618 αὐτοὺς
1221 554 1375 623 λόγος
1409 558 1625 627 κατέχει
1653 557 1924 625 γενέσθαι.

354 640 616 696 Τοσοῦτον
655 642 701 694 δ’
730 641 792 707 ἐξ
826 644 1117 715 ἐγγράφων
1161 645 1494 716 παρείληφα,
1528 646 1604 709 ὡς
1634 647 1793 718 μέχρι
1831 649 1930 719 τῆς

346 712 496 787 ’κατὰ
539 734 815 804 Ἀδριανὸν
862 712 1126 787 Ἰουδαίων
1174 712 1506 806 πολιορκίας,
1543 712 1928 792 πεντεκαίδεκά

353 826 444 877 τὶν
476 823 712 895 ἀριθμὸν
755 824 942 878 αὐτόθι
988 825 1270 893 γεγόνασιν
1310 826 1623 879 ἐπισκόπων
1664 827 1926 899 διαδοχαὶ,

349 914 446 978 οὓς
489 916 696 979 πάντας
761 915 1040 987 Ἑϐραίους
1072 917 1235 984 φασιν
1285 916 1442 979 ὄντας
1500 918 1784 982 ἀνέκαθεν,
1829 919 1927 989 τὴν

349 1006 552 1075 γνῶσιν
595 1006 688 1059 τοῦ
736 1006 969 1078 Χριστοῦ
1024 1007 1261 1076 γνησίως
1321 1008 1736 1073 καταδέξασθαι.
1777 1011 1927 1063 Ὤστ’

348 1099 450 1169 ἤδη
487 1098 621 1170 πρὸς
652 1098 761 1151 τῶν
785 1098 855 1151 τὰ
876 1098 1050 1152 τοιάδε
1077 1100 1374 1169 ἐπικρίνειν
1411 1100 1672 1167 δυνατῶν,
1717 1104 1927 1173 καὶτῆς

344 1190 458 1245 τῶν
510 1190 822 1244 ἐπισκόπων
880 1191 1215 1262 λειτουργίας
1256 1192 1439 1259 ἀξίους
1493 1194 1922 1265 δοκιμασθῆναι*

348 1284 670 1336 συνεστάναι
715 1282 822 1353 γὰρ
854 1284 1036 1347 αὐτοῖς
1072 1283 1193 1336 τότε
1247 1283 1341 1354 τὴν
1386 1286 1563 1337 πᾶσαν
1605 1286 1925 1357 Ἐκκλησίαν

343 1370 405 1435 ἐξ
447 1369 714 1442 Ἐϐραίων
756 1370 981 1434 πιστῶν,
1037 1372 1144 1424 ἀπὸ
1180 1373 1285 1426 τῶν
1338 1373 1647 1427 ἀποστόλων
1694 1378 1788 1429 καὶ
1844 1380 1924 1442 είς

340 1461 444 1528 τὴν
480 1459 602 1512 τότε
635 1459 1033 1531 διαρπασάντων
1066 1461 1403 1531 πολιορκίαν,
1431 1462 1551 1515 καθ’
1580 1465 1644 1533 ἢν
1684 1466 1923 1521 Ἰουδαῖοι

353 1552 641 1621 Ῥωμαίων
690 1548 845 1616 αὖθις
894 1552 1249 1617 ἀποστάντες,
1297 1555 1357 1606 οὐ
1408 1559 1622 1625 μικροῖς
1673 1557 1925 1629 πολέμοις

338 1642 583 1713 ἣλωσαν.
628 1643 1047 1697 Διαλελοιπότων
1072 1643 1114 1697 δ’
1139 1640 1231 1697 οὖν
1257 1645 1557 1714 τηνικαῦτα
1594 1648 1701 1701 τῶν
1731 1651 1795 1701 ἐκ
1829 1667 1924 1703 πε-

343 1732 574 1804 ριτόμῆς
622 1736 953 1799 ἐπισκόπων,
992 1738 1117 1801 τοὺς
1158 1738 1264 1791 ἀπὸ
1300 1736 1394 1790 τοῦ
1435 1737 1650 1808 πρώτου
1687 1740 1794 1808 (89)
1826 1741 1920 1796 νῦν

2031 561 2229 631 quippe
2270 562 2420 621 brevi
2464 561 2750 615 admodum
2784 570 3025 631 tempore
3067 564 3272 619 sedisse
3314 566 3600 634 perhiben-

2033 663 2137 706 tur.
2166 650 2296 705 Illud
2332 660 2538 706 tantum
2566 666 2631 706 ex
2656 662 2897 705 veterum
2922 652 3247 721 scriptorum
3282 668 3597 710 monumen-

2033 740 2101 795 tis
2137 741 2339 808 didici,
2383 739 2449 793 ad
2498 740 2645 794 illam
2678 756 2851 811 usque
2882 739 3252 797 obsessionem
3284 740 3594 798 Iudaeorum

2030 847 2150 900 quae
2179 833 2476 902 imperante
2515 833 2756 887 Adriano
2806 834 3054 904 contigit,
3097 835 3402 904 quindecim
3471 834 3593 904 cpi-

2037 939 2229 994 scopos
2256 925 2506 979 continua
2528 924 2956 978 successioneilli
2985 925 3238 980 Ecclesiae
3264 925 3545 996 prazfuisse
3575 946 3589 982 :

2030 1031 2167 1083 quos
2199 1030 2386 1069 omnes
2429 1015 2640 1084 origine
2677 1014 2944 1071 Hacbraeos
2975 1014 3140 1071 fuisse
3178 1028 3510 1084 memorant,
3541 1026 3594 1073 et

2030 1107 2187 1162 ﬁdem
2237 1106 2437 1161 Christi
2484 1108 2700 1161 sincere
2741 1117 2901 1175 atque
2934 1124 2999 1162 ex
3045 1109 3226 1163 animo
3264 1109 3589 1179 suscepisse.

2025 1200 2176 1251 Adeo
2208 1205 2267 1252 ut
2304 1199 2371 1253 ab
2415 1197 2520 1252 illis
2556 1197 2644 1267 qui
2682 1199 2747 1253 de
2783 1199 3088 1267 hnjusmodi
3130 1200 3292 1256 rebus
3327 1200 3591 1270 judicium

2027 1288 2174 1342 ferre
2207 1298 2491 1357 poterant,
2526 1287 2814 1358 episcopali
2853 1288 3026 1344 oﬁicio
3066 1290 3366 1361 dignissimi
3403 1305 3593 1347 cense-

2028 1389 2235 1434 rentur.
2269 1378 2479 1448 Quippe
2513 1387 2640 1433 tunc
2687 1379 2944 1447 temporis
2986 1380 3237 1435 universa
3282 1379 3592 1453 Hierosoly-

2028 1483 2237 1521 morum
2271 1468 2515 1523 Ecclesia
2555 1467 2783 1523 conﬂata
2817 1480 2934 1524 erat
2960 1486 3026 1524 ex
3055 1471 3292 1526 llebmis
3323 1471 3589 1539 ﬁdelibus,

2022 1561 2115 1630 qui
2146 1558 2256 1627 jam
2283 1562 2405 1614 inde
2431 1563 2500 1614 ab
2522 1560 2904 1630 apostolorum
2953 1572 3114 1616 :etate
3143 1563 3208 1616 ad
3243 1562 3385 1617 illam
3419 1578 3592 1631 usque

2022 1653 2363 1708 obsidionem
2395 1663 2843 1723 permanserant,
2869 1669 2973 1724 qua
3002 1652 3173 1709 ,ιιιάπί
3204 1656 3397 1709 iterum
3426 1671 3455 1709 a
3480 1655 3589 1710 Ro-

2027 1748 2203 1803 manis
2255 1748 2596 1811 deﬁcientes,
2640 1746 2893 1801 maximis
2942 1746 3143 1817 prteliis
3189 1746 3376 1802 domiti
3425 1757 3590 1817 atque

337 1825 638 1894 ἀναγκαῖον
670 1829 737 1880 ἂν
762 1828 846 1900 εἴη
874 1828 1185 1893 καταλέξαι.
1230 1829 1451 1902 Πρῶτος
1475 1833 1763 1902 τοιγαροῦν
1816 1834 1910 1888 Ἰά-

2023 1839 2318 1909 expugnati
2362 1849 2510 1893 sunt.
2551 1837 2788 1893 Proinde
2825 1854 2945 1893 cum
2988 1838 3228 1908 episcopi
3258 1839 3347 1909 qui
3381 1852 3445 1893 ex
3480 1839 3591 1893 cir—

338 1918 518 1980 κωεος
546 1921 575 1972 ό
606 1918 698 1972 τοῦ
725 1920 927 1993 Κυρίου
960 1920 1250 1991 λεγόμενος
1291 1923 1516 1993 ἀδελφὸς
1555 1920 1622 1997 ἦν
1648 1942 1660 1955 ⁸
1707 1926 1824 1995 μεθ’
1857 1925 1915 1978 ὃν

336 2008 591 2080 δεύτερος
608 2010 847 2080 Συμεὼν,
872 2012 1052 2082 τρίτος
1079 2013 1326 2077 Ἰοῦστος,
1348 2017 1615 2086 Ζακχαῖος
1631 2017 1913 2089 τέταρτος,

337 2101 597 2171 πέμπτος
619 2102 859 2168 Τωϐίας,
883 2104 1039 2168 ἕκτος
1062 2106 1340 2176 Βενιαμὶν,
1390 2107 1638 2178 Ἰωάννης
1668 2108 1913 2180 ἕϐδομος,

332 2190 519 2258 ὄγδοος
540 2192 806 2257 Ματθίας,
830 2194 1048 2257 ἐννατος
1069 2194 1353 2260 Φίλιππος.
1382 2197 1607 2262 δέκατος
1657 2200 1911 2265 Σενεκᾶς,

332 2282 622 2347 ἑνδέκατος
663 2285 912 2350 Ἰοῦστος,
952 2286 1113 2352 Λευῒς
1146 2288 1466 2354 δωδέκατος,
1522 2291 1726 2363 Ἐφρῆς
1763 2309 1914 2363 τρισ-

332 2375 674 2442 καιδέκατος,
730 2380 1317 2452 τεσσαρεσκαιδέκατος
1376 2382 1575 2455 Ἰωσήφ
1633 2383 1763 2455 (90)⁸
1821 2384 1913 2437 ἐπὶ

332 2471 468 2523 πᾶσι
505 2471 985 2536 πεντεκαιδέκατος
1031 2474 1248 2539 Ἰούδας.
1289 2476 1545 2529 Τοσοῦτοι
1590 2477 1685 2530 καὶ
1725 2479 1772 2529 οἱ
1820 2477 1912 2529 ἐπὶ

328 2562 429 2633 τῆς
469 2565 852 2636 Ἰεροσολύμων
879 2566 1087 2630 πόλεως
1114 2569 1399 2623 ἐπίσκοποι
1426 2570 1534 2623 ἀπὸ
1552 2570 1659 2623 τῶν
1682 2571 1912 2624 ἀποστό-

329 2656 439 2711 λων
470 2659 552 2721 είς
584 2658 672 2711 τδν
707 2657 1032 2728 δηλούμενον
1063 2658 1428 2732 διαγενόμενοι
1458 2661 1669 2731 χρόνον,
1705 2663 1752 2713 οἱ
1780 2661 1913 2713 πάν-

329 2767 420 2813 τες
454 2751 519 2803 ὲκ
553 2749 875 2821 περιτομῆς.
917 2750 1056 2820 Ἤδη
1089 2751 1145 2804 δὲ
1181 2750 1479 2806 δωδέκατον
1528 2751 1757 2822 ἐχούσης
1793 2750 1911 2815 ἔτος

325 2842 430 2913 τῆς
461 2843 752 2913 ἡγεμονίας
813 2842 1115 2914 Ἀδριανοῦ,
1182 2843 1384 2898 Ξύστον
1426 2845 1656 2916 δεκαέτη
1720 2845 1909 2915 χρόνον

325 2936 720 3006 ἀποπλήσαντα
769 2936 860 2988 ἐπὶ
902 2936 999 3007 τῆς
1048 2937 1331 3008 Ῥωμαίων
1377 2937 1702 3007 ἐπισκοπῆς,
1758 2936 1907 2989 ’ἐϐδος

329 3044 433 3096 μσς
480 3028 588 3080 ἀπὸ
651 3025 758 3078 τῶν
812 3027 1121 3080 ἀποστόλων
1183 3027 1483 3099 διαδέχεται
1551 3026 1905 3099 Τελεσφόρος

327 3116 579 3172 ἐνιαυτοῦ
599 3117 655 3170 δὲ
699 3117 900 3186 μεταξὺ
918 3118 1008 3170 καὶ
1028 3116 1210 3189 μηνῶν
1238 3117 1632 3189 διαγενομένων
1660 3116 1793 3187 (91),
1810 3116 1908 3188 τῆς

340 3207 732 3281 Ἀλεξανδρέων
792 3208 1081 3280 παροικίας
1135 3212 1231 3280 τὴν
1281 3209 1614 3281 προστασίαν
1659 3210 1907 3281 Εὐμενὴς

325 3300 472 3369 ἕκτῳ
500 3299 686 3372 κλήρῳ
713 3298 1032 3369 διαδέχεται,
1064 3300 1155 3354 τοῦ
1185 3302 1290 3373 πρὸ
1311 3300 1475 3354 αὐτοῦ
1501 3299 1676 3353 ἐτεσιν
1710 3300 1907 3354 ἕνδεκα

325 3389 735 3463 διαρκέσαντος.

2018 1936 2350 1990 cumcisione
2374 1944 2563 2002 erant,
2603 1949 2699 2003 per
2731 1933 2783 1988 id
2814 1934 3079 2003 temporis
3109 1933 3447 1998 defecerint,
3472 1947 3592 1987 om—

2019 2036 2117 2076 nes
2147 2038 2174 2074 a
2218 2023 2396 2091 primo
2440 2036 2609 2091 usque
2653 2024 2718 2075 ad
2755 2022 3003 2076 ultimum
3044 2023 3236 2077 ordine
3265 2036 3364 2076 suo
3395 2036 3584 2076 recen-

2017 2124 2137 2164 sere
2168 2110 2538 2164 necessarium
2564 2120 2713 2179 puto.
2747 2110 2960 2165 Primus
3000 2111 3165 2180 igitur
3198 2110 3302 2165 fuit
3328 2109 3585 2179 Iacobus,

2016 2200 2062 2255 is
2088 2201 2179 2269 qui
2202 2199 2413 2254 Domini
2448 2201 2618 2255 frater
2648 2201 2977 2267 vocabatur;
3023 2203 3293 2257 secundus
3325 2202 3548 2260 Simeon
3568 2240 3585 2270 ,

2015 2286 2209 2340 tertius
2232 2284 2436 2351 Justus,
2477 2298 2703 2357 quartus
2735 2288 3054 2355 Zacclueus,
3103 2292 3324 2361 quintus
3353 2290 3585 2360 Tobias,

2015 2386 2203 2433 sextus
2239 2378 2556 2450 Benjamin,
2588 2381 2848 2450 septimus
2889 2380 3123 2438 Joannes
3148 2423 3162 2447 ,
3199 2393 3426 2439 octavus
3470 2384 3574 2439 Ms-

2017 2471 2193 2535 thias,
2252 2488 2426 2526 nonus
2470 2471 2790 2543 Philippus,
2841 2475 3082 2529 decimus
3130 2477 3460 2548 subrogatus
3501 2486 3587 2535 est

2016 2563 2247 2629 Seneca,
2278 2567 2366 2621 cui
2394 2567 2663 2622 successit
2687 2567 3005 2623 undecimus
3036 2567 3240 2624 Justus.
3270 2569 3583 2640 Postquem

2012 2652 2139 2709 Levi
2172 2655 2520 2711 duodecimus
2544 2657 2732 2711 ordine
2759 2658 2880 2711 fuit.
2918 2659 3125 2729 Ephres
3152 2660 3346 2716 deinde
3363 2673 3584 2717 secutus

2010 2756 2117 2811 est,
2166 2758 2289 2816 post
2333 2749 2446 2803 haec
2491 2745 2715 2820 Joseph.
2773 2750 2935 2822 118
2985 2750 3237 2805 Omnium
3280 2764 3585 2821 postremus

2011 2839 2109 2892 fuit
2133 2837 2298 2893 Judas
2320 2840 2513 2894 ordine
2535 2841 2758 2909 quintus
2787 2844 3050 2899 decimus.
3081 2844 3243 2899 Αισυί
3277 2844 3333 2899 bi
3360 2845 3584 2900 omnino

2010 2938 2136 2985 sunt
2182 2929 2675 3003 Hierosolymorum
2720 2934 3003 3005 episcopi,
3058 2950 3150 3004 qui
3193 2936 3306 3005 jam
3350 2937 3477 2992 inde
3518 2937 3585 2991 ab

2011 3022 2285 3091 apostolis,
2314 3038 2484 3094 usque
2514 3024 2580 3079 ad
2601 3023 2792 3080 Judam
2823 3035 2879 3080 et
2903 3026 2966 3080 ad
2994 3026 3082 3081 illa
3112 3041 3232 3097 qua:
3271 3026 3579 3099 designavi-

2012 3126 2132 3168 mus
2157 3124 2397 3183 tempora
2420 3129 2612 3170 omnes
2647 3132 2714 3170 ex
2740 3116 3152 3173 circumcisione
3177 3117 3417 3174 fuerunt.
3446 3117 3583 3173 Por-

2012 3222 2074 3263 ro
2100 3222 2305 3262 annum
2346 3207 2555 3277 imperii
2583 3208 2665 3264 sui
2697 3209 3078 3264 duodecimum
3103 3222 3296 3280 agente
3316 3212 3582 3279 Adriano.

2011 3314 2135 3355 cum
2170 3298 2372 3371 Xystus
2395 3299 2769 3370 episcopatum
2801 3302 2950 3356 urbis
2979 3300 3167 3357 Romae
3201 3303 3389 3358 decem
3422 3306 3583 3358 annis

2010 3391 2375 3457 obtinuisset,
2415 3391 2680 3461 septimus
2715 3392 2782 3447 ab
2818 3394 3078 3463 apostolis
3120 3394 3482 3467 Telesphorus
3525 3396 3580 3452 in

325 3483 649 3552 cjustocnm
703 3486 986 3545 successit.
1021 3485 1182 3540 Anno
1238 3484 1433 3540 deinde
1483 3495 1537 3540 et
1600 3484 1877 3541 mensibus
1931 3482 2138 3553 aliquot
2198 3481 2526 3552 interjectis,
2589 3481 2856 3540 Eumenes
2900 3486 3275 3544 Alexandrinus:
3320 3487 3583 3547 Ecclesiae

328 3580 856 3636 administrationem
900 3593 1085 3636 sextus
1117 3580 1310 3636 ordine
1348 3579 1606 3650 suscepit,
1634 3594 1755 3635 cum
1791 3580 2043 3635 decessor
2064 3580 2231 3647 ipsius
2262 3593 2434 3635 annos
2462 3579 2709 3634 undecim
2742 3580 3068 3649 praefuisset.

855 3672 1250 3731 ΚΕΦΑΛΑΙΟΝ
1288 3676 1378 3741 q'.

374 3763 435 3816 Ἠ
466 3764 616 3818 κατὰ
639 3764 940 3834 Ἀδριανὸν
965 3764 1198 3834 ὑστάτη
1235 3763 1531 3820 Ἰουδαίων
1564 3764 1874 3832 πολιορκία

789 3836 927 3905 (Nic.
958 3835 1030 3891 tl.
1061 3824 1131 3891 Ε.
1161 3824 1239 3897 ιῑι,
1268 3835 1384 3905 ει).

400 3928 512 3981 Καὶ
556 3927 623 3997 δὴ
663 3922 731 3981 τὰ
773 3928 872 3997 τῆς
931 3927 1199 3981 Ἰουδαίων
1245 3926 1583 3990 ἀποστασίας
1628 3920 1780 3988 αὖθις
1830 3927 1909 3990 είς

332 4015 476 4084 μέγα
515 4018 609 4069 καὶ
648 4016 781 4071 πολὺ
813 4016 1198 4089 προελθούσης,
1232 4017 1341 4089 (92)
1387 4018 1613 4086 Ῥοῦφος
1654 4018 1909 4087 ἐπάρχων

327 4107 430 4177 τῆς
476 4107 735 4171 Ἰουδαίας
778 4109 910 4180 (93),
957 4111 1352 4182 στρατιωτικῆς
1395 4109 1541 4180 αὐτῴ
1591 4109 1908 4181 συμμαχίας

401 4220 516 4291 (89)
552 4222 697 4293 Τοὺς
720 4222 836 4277 ἀπὸ
871 4224 974 4278 τοῦ
1007 4224 1259 4293 πρώτου.
1291 4224 1467 4279 Nostri
1499 4227 1712 4280 codices
1737 4224 1898 4289 Maz.,

329 4290 475 4367 mea.
498 4290 564 4346 ac
584 4290 1129 4367 Δῐαξιιιίιξιὶἱκειῑιῆιινιίιηι
1157 4296 1500 4367 habentcng
1530 4295 1637 4367 ἀπὸ
1658 4294 1897 4367 πρώτου,

330 4362 477 4434 quod
505 4363 722 4430 quidem
774 4364 903 4419 mihi
936 4366 1148 4421 videtur
1194 4366 1515 4434 elegantius.
1574 4362 1741 4419 Paulo
1783 4377 1902 4433 post

332 4432 532 4506 ἔνατοςΔ
547 4449 648 4506 per
675 4435 901 4502 simplex
933 4453 971 4489 ν
1006 4432 1345 4503 scribiturin
1380 4435 1600 4506 optimis
1629 4432 1903 4506 exempla-

331 4503 482 4557 ribus
514 4503 789 4559 Mazarino
819 4521 881 4559 ac
905 4506 1176 4560 Mcdicmo.
1417 4503 1429 4506 ’
1791 4503 1804 4506 ’
1863 4505 1870 4511 ’

1253 4574 1470 4630 Eusebii
1498 4574 1648 4629 loses
1677 4574 1895 4641 dicitur,
1932 4548 1976 4604 D

330 4655 386 4697 et
429 4644 569 4712 apud
612 4644 968 4712 Epiphanium
1006 4646 1057 4698 in
1098 4647 1287 4699 bmresi
1333 4644 1775 4700 Manichzeornm.
1811 4645 1902 4700 Sic

328 4712 528 4781 Joseph
557 4713 728 4768 frater
760 4716 971 4769 Domini
994 4754 1008 4778 ,
1040 4715 1106 4769 de
1134 4730 1244 4782 quo
1280 4715 1562 4769 Matthzeus
1605 4727 1660 4769 et
1685 4715 1901 4770 Marcus

330 4784 632 4855 loquuntur
663 4785 713 4837 in
736 4783 1227 4855 EvangelioJoses
1257 4785 1324 4841 ab
1353 4784 1683 4855 lilieronymo
1711 4785 1903 4841 etaliis

329 4854 668 4926 appellatur.
705 4854 1203 4926 Eplires_siiiiiliter
1247 4857 1299 4909 in
1345 4854 1699 4926 Clarouologia
1739 4855 1899 4910 Nice-

329 4925 484 4992 phori
533 4924 857 4992 patriarcha:
897 4923 1126 4994 Ephrem
1188 4926 1409 4980 dicitur.
1470 4923 1737 4980 Ctete'rum
1794 4941 1900 4980 nou

329 4994 446 5047 sine
503 5009 667 5047 causa
728 4995 911 5049 mirari
976 4998 1153 5060 subit,
1230 4997 1499 5051 undenam
1566 4996 1904 5064 Nicephorus

329 5078 503 5119 annos
534 5064 654 5119 illos
683 5066 986 5133 acceperit,
1037 5080 1175 5134 quos
1221 5066 1448 5136 singulis
1495 5065 1900 5136 Hierosolymo-

329 5150 447 5187 rum
479 5136 750 5204 episcopis
779 5116 1188 5205 assignat,'cittn
1221 5116 1484 5190 Eus’ebius
1518 5137 1607 5204 qui
1653 5137 1706 5189 in
1737 5116 1903 5190 palae-

327 5207 466 5257 stiua
500 5206 768 5275 degebat.
804 5209 968 5275 etqni
1003 5222 1193 5259 omnes
1218 5208 1597 5275 episcoporum
1633 5206 1775 5259 illius
1804 5206 1901 5262 Ec-

327 5275 510 5347 clesiae
535 5276 740 5330 indice<
767 5277 1103 5347 pcrlegerat,
1137 5278 1269 5331 nihil
1312 5293 1371 5331 se
1398 5276 1467 5332 de
1510 5278 1668 5332 anuis
1710 5291 1898 5330 eorum

327 5344 523 5412 legisse
556 5344 801 5399 testetur.

396 5415 508 5483 (9|)
537 5415 645 5468 Kal
658 5415 873 5483 ’μηνῶν
899 5416 1347 5486 διαγενομένων.
1377 5416 1597 5470 Rectius
1621 5415 1674 5468 in
1701 5416 1905 5471 nostris

327 5486 610 5539 endicibus
648 5487 809 5552 Maz.,
839 5486 1003 5548 Med.,
1029 5486 1163 5541 Fnk.
1211 5498 1265 5540 et
1308 5487 1586 5540 Saviliano
1621 5486 1707 5538 hic
1752 5487 1901 5541 locus

326 5557 585 5628 scribitur
614 5557 717 5610 hoc
738 5557 949 5628 modo:
992 5556 1287 5628 ‘Ewautoi
1311 5555 1621 5628 obpansis
1672 5558 1764 5609 καὶ
1804 5573 1903 5627 μη·

326 5625 432 5679 νῶν
452 5625 865 5697 διαγενομένου.
884 5695 891 5697 ᾼ
912 5627 1228 5695 Quanquam
1271 5625 1506 5697 Savilius
1532 5637 1672 5697 _Apus.t
1712 5625 1900 5680 vocem

329 5696 515 5774 μηνῶν
542 5697 609 5747 ai!
649 5712 801 5750 oram
842 5695 980 5774 libri
1016 5699 1094 5774 sui
1130 5695 1407 5774 addiderat
1432 5695 1629 5758 τινῶν,
1676 5712 1742 5751 ex
1769 5712 1900 5774 (ρης-

323 5766 529 5831 jectura
553 5805 566 5828 ,
601 5776 659 5819 ut
697 5782 909 5835 opinor.
946 5767 1174 5822 Ruﬁnus
1208 5768 1416 5821 veroiu
1461 5783 1556 5821 suo
1589 5766 1884 5833 exemplari

329 5835 527 5907 legisse
555 5836 769 5893 \idetur
804 5837 1003 5907 μηνός,
1054 5837 1132 5893 sic
1182 5837 1323 5894 enim
1354 5838 1515 5893 vertit
1545 5855 1559 5893 :
1602 5837 1749 5892 Anno
1782 5845 1897 5907 {ost

2609 3670 2835 3727 CAPUT
2895 3672 2978 3726 Vl.

2023 3761 2293 3818 Postrema
2316 3762 2632 3818 Judworum
2656 3764 2974 3833 expugnatio
2996 3766 3312 3834 temporibus
3330 3767 3577 3830 Adriani.

2075 3921 2341 3977 Caeterum
2374 3935 2496 3976 cum
2526 3919 2754 3976 defectio
2789 3919 3101 3976 Judmorum
3146 3924 3323 3993 magis
3355 3939 3421 3979 ac
3462 3939 3578 3979 ma-

2007 4015 2091 4083 gis
2122 4015 2316 4070 iterum
2349 4023 2644 4079 cresceret,
2681 4012 2850 4068 llufus
2881 4013 3090 4084 legatus
3116 4012 3337 4079 ludam,
3362 4016 3578 4070 auxiliis

2010 4106 2111 4162 sibi
2144 4106 2213 4161 ab
2247 4106 2574 4177 imperatore
2611 4106 2925 4173 submissis,
2955 4107 3248 4161 amentiam
3290 4122 3354 4163 ac
3385 4107 3577 4180 despe-

2007 4238 2159 4292 quem
2186 4231 2234 4292 et
2261 4237 2364 4275 uno
2395 4238 2569 4276 mense
2589 4263 2602 4285 ,
2631 4221 3003 4276 Alexandrinis
3046 4219 3296 4276 Ecclesiae
3336 4222 3578 4277 modera-

2006 4291 2124 4347 men
2186 4291 2441 4345 Eumenes
2500 4302 2648 4345 sexta
2702 4294 3030 4347 successione
3099 4293 3346 4359 suscepit.
3374 4292 3577 4348 Ῥοττο

2008 4363 2095 4417 hic
2125 4361 2393 4416 Eumenes
2421 4364 2474 4415 in
2503 4360 2760 4416 Chronico
2793 4363 3007 4417 Eusebii
3039 4363 3185 4431 quod
3217 4361 3579 4431 Hieronymus

2004 4431 2197 4486 Latine
2220 4431 2415 4502 vertit,
2456 4432 2654 4486 dicitur
2683 4431 3036 4502 Hymemcus;
3064 4431 3146 4485 vel
3187 4432 3355 4502 ipsius
3388 4431 3579 4488 Hiero-

2006 4503 2154 4570 nymi
2182 4541 2197 4565 ,
2222 4501 2344 4569 vel,
2379 4504 2522 4572 quod
2552 4501 2807 4557 libentius
2831 4501 3197 4566 crediderim,
3229 4501 3573 4558 librariorum

2004 4586 2210 4626 errore.

2078 4632 2191 4713 (92)
2244 4640 2490 4713 Ῥοῦφος
2527 4641 2805 4712 ἐπάρχων
2832 4642 2944 4711 τῆς
2978 4639 3280 4713 Ἰουδαίας.
3311 4640 3587 4713 Eusebius.

2005 4713 2057 4766 in
2090 4711 2409 4777 Chronico,
2445 4727 2589 4767 anno
2627 4711 2994 4767 se’xtodecitno
3051 4712 3259 4779 imperii
3302 4711 3527 4766 Adriani
3557 4728 3573 4766 :

2002 4782 2207 4848 Judwi,
2241 4782 2432 4851 inquit,
2463 4782 2519 4835 in
2548 4800 2698 4836 arma
2722 4784 2853 4835 versi
2889 4779 3229 4851 Palicstiuam
3252 4782 3579 4850 depopulan-

2003 4864 2112 4917 tur,
2147 4850 2346 4907 tenente
2373 4854 2692 4921 provinciam
2720 4851 2872 4905 Tinio
2902 4850 3059 4918 Rufo,
3085 4851 3167 4903 cui
3191 4853 3261 4921 ad
3282 4853 3577 4918 opprimen-

2004 4928 2102 4977 dos
2148 4919 2660 4976 rebelles‘Adriauus
2694 4924 2833 4975 misit
2869 4921 3176 4974 exercitum.
3219 4919 3277 4977 ln
3311 4921 3583 4982 Chronico,

2003 4992 2218 5063 Georgii
2280 4992 2546 5062 Syncelli,
2576 4993 2672 5063 qui
2720 4991 2932 5063 Eusebii
2990 4991 3191 5063 scrinia
3215 4990 3567 5063 coiiip_ilavit.

2005 5059 2206 5118 dicitur
2231 5059 2439 5127 Τίννιος
2477 5062 2720 5131 Ῥοῦφος.
2763 5061 2834 5116 De
2877 5061 2980 5115 hoc
3013 5059 3170 5114 Tinio
3210 5059 3575 5131 Bufo’lliero-

2004 5149 2202 5204 nymns
2233 5135 2284 5186 in
2310 5129 2746 5200 Danielem,‘cap.
2773 5147 2847 5204 ix.
2879 5132 2952 5204 ita
2986 5131 3245 5204 scribit},
3272 5129 3389 5197 Quo
3428 5148 3563 5187 mor-

2004 5202 2115 5269 tuo,
2173 5206 2457 5256 transactis
2511 5212 2727 5272 septem,
2763 5202 3104 5257 hebdomadis
3131 5240 3147 5267 ,
3191 5202 3247 5254 id
3296 5211 3381 5272 est
3416 5205 3573 5272 annis

2005 5290 2150 5334 xmx.
2185 5272 2365 5326 lElius
2393 5270 2659 5353 Adrianus
2697 5271 2765 5396 (ᾳ
2800 5289 2901 5341 quo
2947 5282 3123 5340 postea
3153 5275 3215 5325 de
3242 5271 3410 5325 ruinis
3438 5270 3569 5327 Ilie-

2005 5346 2231 5396 rusalem
2269 5345 2390 5396 urbs
2413 5342 2564 5395 zElia
2597 5359 2692 5396 con
2732 5353 2807 5395 ita
2843 5341 2942 5396 estl
2989 5341 3295 5396 rebellantes
3330 5340 3569 5396 Judwos.

2004 5346 2231 5413 rusalem
2269 5345 2390 5396 urbs
2413 5342 2484 5395 ΔΞ
2493 5342 2564 5395 lia
2597 5340 2819 5398 conditu
2843 5341 2942 5413 est)
2989 5341 3295 5396 rebellantes
3330 5340 3571 5408 Iudaeos,

2006 5411 2157 5468 Tinio
2209 5413 2344 5480 Rufo
2384 5414 2634 5481 magistro
2675 5411 2931 5467 exercitus
2979 5422 3244 5482 pugnante
3283 5416 3572 5481 superavit.

2004 5485 2081 5537 Ita
2127 5483 2473 5552 scribendum
2524 5492 2605 5535 est
2635 5497 2702 5539 ex
2747 5483 2915 5538 veteri
2956 5484 3187 5548 codice;
3240 5481 3400 5552 vulgo
3434 5484 3576 5539 male

2003 5553 2197 5624 legitur
2237 5553 2384 5624 Tinio
2411 5551 2590 5619 litt/f0.

2073 5620 2184 5696 (95)
2234 5621 2544 5696 Ἐπάρχων
2585 5620 3050 5696 τῆς-Ἰουδαίας,
3092 5621 3230 5675 Male
3283 5623 3497 5696 Langus
3519 5634 3575 5679 et

2001 5692 2528 5761 Christophorsoiius
2581 5694 2888 5761 prwfectum
2939 5692 3147 5747 Judww
3193 5694 3375 5748 vertit.
3404 5692 3572 5749 'Nam

2004 5766 2229 5818 Romani
2271 5763 2629 5832 imperatores
2673 5779 2777 5816 non
2828 5764 3114 5819 mittebant
3175 5765 3460 5832 prtefecws
3502 5764 3579 5824 ad

2002 5834 2266 5905 regendas
2303 5835 2610 5905 prmiucias
2636 5876 2652 5904 ,
2677 5837 2772 5888 sed
2822 5843 3034 5890 tantum
3058 5835 3123 5889 ad
3156 5844 3345 5904 gentes
3383 5837 3580 5891 barba-
