4016 6260
437 346 544 401 515

1145 339 1415 398 EUSEBII
1456 342 1931 400 C‘ESARIENSIS
1971 345 2124 400 OPP.
2165 344 2348 401 PARS
2385 347 2426 400 l.
2464 376 2535 387 —
2572 344 2959 401 HISTORICA.

3578 344 3685 398 διδ

432 468 694 520 honorem
770 461 929 532 119
1002 460 1129 516 Elii
1184 462 1403 515 Adriani
1459 461 1803 529 imperatoris
1860 461 1998 517 Elia

2108 464 2278 534 ψασα,
2313 466 2393 527 είς
2434 465 2531 535 τὴν
2572 462 2664 517 τοῦ
2710 463 3034 535 κρατοῦντος
3060 460 3239 514 Αἰλίου
3295 459 3569 532 Ἀδριανοῦ
3599 476 3683 510 τι-

432 562 732 621 nuncupata
785 558 887 605 est.
934 550 1001 604 Et
1045 566 1164 604 cum
1219 549 1455 604 Ecclesia
1492 549 1730 616 ejusdem
1780 551 1882 606 loci
1932 568 1998 607 ex

429 642 676 715 gentibus
720 640 1042 704 coaluisset,
1078 640 1284 709 primus
1317 650 1437 708 post
1471 642 1752 711 episcopos
1791 656 1856 696 ex
1890 643 2000 696 cir-

429 734 764 789 cumcisione
808 731 1194 787 ’saeerdotium
1260 730 1405 785 illius
1461 731 1700 787 civitatis
1757 733 1999 802 suscepit

433 821 668 877 Marcus.

1020 907 1248 967 CAPUT
1286 908 1401 964 VII.

433 1021 659 1088 Quinam
694 1037 754 1076 eo
788 1032 1014 1090 tempore
1035 1021 1188 1091 [alue
1213 1023 1467 1076 doctrina:
1495 1022 1651 1076 duces
1679 1024 1995 1076 exstiterint.

501 1157 670 1214 Porro
697 1155 953 1213 Ecclesiis
986 1157 1095 1226 jam
1127 1174 1221 1227 per
1260 1159 1572 1214 universum
1617 1159 1803 1214 orbem
1824 1160 1997 1214 instar

432 1249 859 1305 clarissimorum
886 1250 1119 1304 siderum
1148 1250 1497 1319 fulgentibus,
1543 1261 1596 1304 et
1642 1251 1858 1320 vigente
1903 1265 1998 1319 per

430 1354 621 1395 omnes
663 1341 909 1396 nationes
955 1340 1062 1397 ﬁde
1110 1343 1165 1396 in
1216 1342 1503 1396 Dominum
1549 1356 1612 1396 ac
1649 1341 1993 1396 Servatorem

435 1441 676 1486 nostrum
724 1431 907 1488 Jesum
960 1433 1274 1500 Christum,
1312 1433 1582 1503 malignus
1632 1433 1719 1488 ille
1762 1435 1992 1499 daemon,

431 1532 615 1594 utpote
639 1526 877 1580 veritatis
900 1525 1143 1579 inimicus
1166 1565 1180 1589 ,
1216 1533 1271 1580 et
1316 1524 1568 1579 humanae
1601 1525 1795 1580 salutis
1825 1525 1995 1579 hostis

429 1626 646 1684 semper
687 1613 1106 1681 infestissimus,
1152 1629 1347 1670 omnes
1409 1615 1691 1670 machinas
1735 1620 1995 1673 adversus

434 1704 725 1760 Ecclesiam
758 1706 1162 1776 movens,prius
1200 1706 1417 1776 quidem
1448 1707 1693 1761 externis
1715 1722 1832 1762 eam
1869 1722 1994 1776 per-

2113 552 2237 623 μὴν,
2271 552 2425 605 Αίλία
2458 552 2941 624 προσαγορεύεται.
2971 551 3087 605 Καὶ⁴
3107 551 3170 622 δὴ
3204 552 3301 621 τῆς
3330 549 3516 603 αὐτόθι
3555 549 3681 601 Ἐκ-

2106 643 2333 714 κλησίας
2357 642 2416 707 ἐξ
2448 643 2617 697 ἐθνῶν
2647 640 3131 712 συγκροτηθείσης,
3163 640 3385 712 πρῶτος
3401 638 3538 710 μετά
3555 637 3683 699 τοὺς

2106 736 2171 788 ἐκ
2195 736 2491 806 περιτομῆς
2519 734 2869 797 ἐπισκόπους.
2891 732 2987 804 τὴν
3012 731 3119 785 τῶν
3145 733 3319 785 ἐκεῖσε
3339 730 3683 802 λειτουργίαν

2105 824 2463 896 ἐγχειρίζεται
2489 826 2730 895 Μάρκος.

2629 913 3019 967 ΚΕΦΑΛΑΙΟΝ
3072 915 3144 965 Z'.

2108 1002 2273 1067 Τίνες
2298 1003 2421 1072 κατ-⁸
2476 1002 2669 1055 ἐκεῖνο
2702 1001 3234 1072 κίιιροῦύγεγῷνᾳσι
3281 1000 3680 1072 ψευδωνύμου

2304 1070 2577 1140 γνώσεως
2601 1072 2852 1141 ἀρχηγοί
2873 1070 3011 1142 (Nic.
3039 1070 3108 1123 Η.
3144 1070 3207 1123 Ε.
3238 1087 3307 1131 ιν,
3339 1070 3481 1141 2-4).

2174 1161 2309 1231 Ἤδη
2359 1162 2415 1215 δὲ
2451 1162 2844 1235 λαμπροτάτων
2875 1161 3028 1230 δίκην
3081 1162 3379 1233 φωστήρων
3415 1163 3522 1215 τῶν
3571 1163 3678 1216 ἀνά

2098 1252 2193 1323 τὴν
2207 1255 2529 1324 οἰκουμένην
2551 1254 2987 1307 ἀποστιλϐουσῶν
3018 1253 3211 1325 Ἐκκλη
3220 1254 3372 1318 σιῶν,
3391 1254 3675 1325 ἀκμαζού-

2100 1361 2199 1417 σης
2218 1363 2276 1398 τε
2308 1349 2387 1409 είς
2411 1347 2554 1401 ἅπαν
2579 1347 2639 1399 τὸ
2679 1346 2785 1398 τῶν
2812 1345 3109 1416 ἀνθρώπων
3141 1346 3296 1413 γένος
3339 1347 3434 1416 τῆς
3471 1347 3550 1409 εἰς
3582 1346 3676 1399 τὸν

2098 1438 2323 1507 Σωτῆρα
2355 1438 2445 1491 καὶ
2486 1438 2685 1509 Κύριον
2716 1441 2747 1509 ἡ
2759 1438 2873 1509 μῶν
2918 1437 3122 1508 Ἰησοῦν
3162 1437 3390 1508 Χριστὸν
3418 1436 3674 1502 πίστεως,

2098 1531 2126 1582 ὁ
2158 1530 2446 1599 μισόκαλος
2469 1530 2675 1601 δαίμων
2696 1526 2781 1584 οἶα
2806 1531 2906 1600 τῆς
2939 1530 3192 1598 ἀληθείας
3231 1529 3424 1601 ἐχθρὸς
3452 1530 3545 1583 καὶ
3570 1529 3673 1599 τῆς

2095 1620 2204 1673 τῶν
2236 1620 2531 1693 ἀνθρώπων
2572 1622 2842 1693 σωτηρίας
2883 1622 2968 1674 ἀεὶ
3007 1622 3286 1691 τυγχάνων
3330 1620 3672 1692 πολεμιώτα-

2095 1729 2206 1776 τος,
2242 1713 2419 1778 πάσας
2450 1714 2691 1785 στρέφων
2717 1714 2851 1767 κατὰ
2884 1715 2981 1786 τῆς
3026 1712 3345 1785 Ἑκκλησίας
3400 1714 3668 1785 μηχανὰς,

434 1795 808 1852 secutionibus
846 1806 1254 1868 oppugnaverat
1286 1813 1301 1851 :
1336 1805 1448 1852 tum
1480 1812 1608 1852 vero
1642 1799 1744 1852 hac
1772 1799 1857 1851 via
1894 1798 1993 1868 ipsi

2102 1805 2267 1859 πάλαι
2293 1806 2388 1877 μὲν
2411 1809 2521 1870 τοῖς
2539 1804 2733 1872 ἔξωθεν
2758 1805 3013 1876 διωγμοῖς
3039 1805 3155 1858 κατ’
3186 1805 3352 1875 αὐτῆς
3380 1805 3667 1869 ὡπλίζετω

431 1889 726 1959 praeclusa,
760 1890 1022 1959 improbis
1064 1889 1386 1960 quibusdam
1412 1904 1478 1944 ac
1522 1888 1782 1945 maleﬁcis
1820 1890 1994 1945 homi-

433 1979 590 2034 nibus
627 1987 882 2049 tanquam
918 1977 1300 2035 i'nstrumentis
1340 1988 1397 2034 et
1434 1981 1696 2036 ministris
1732 1990 1891 2036 utens
1930 1983 1997 2037 ad

433 2073 661 2126 exitium
693 2086 757 2127 ac
785 2072 1075 2142 perniciem
1125 2071 1429 2126 animarum
1466 2073 1827 2141 comparatis,
1864 2071 1997 2127 alias

430 2164 552 2220 belli
601 2174 749 2220 artes
785 2166 1043 2231 tentavit,
1091 2164 1225 2218 nihil
1274 2180 1378 2219 non
1423 2165 1874 2226 comminiscens,
1932 2176 1992 2219 ut

434 2257 863 2327 praestigiatores
885 2272 949 2313 ac
975 2257 1185 2313 subdoli
1213 2258 1457 2312 homines
1494 2257 1770 2328 religionis
1798 2268 1998 2314 nostrae

431 2349 751 2404 vocabulum
801 2350 906 2404 sibi
956 2359 1326 2415 assumentes,
1366 2359 1478 2405 tum
1526 2366 1619 2407 eos
1647 2366 1715 2406 ex
1752 2352 1998 2410 ﬁdelibus

434 2454 569 2510 quos
594 2440 734 2497 forte
764 2443 1175 2512 deceperant,in
1203 2442 1525 2512 profundum
1558 2444 1710 2499 exitii
1729 2445 1993 2515 gurgitem

438 2532 792 2598 abducerent,
829 2544 940 2588 tum
969 2534 1087 2589 ﬁdei
1122 2545 1319 2590 nostrae
1347 2536 1566 2606 ignaros
1598 2536 1719 2589 vita:
1756 2536 1995 2606 ipsorum

433 2624 683 2693 exemplo
701 2627 1009 2690 deterritos,
1041 2644 1069 2680 ιι
1102 2627 1185 2680 via
1220 2642 1340 2697 quae
1362 2628 1429 2681 ad
1476 2626 1717 2682 salutare
1746 2627 1837 2682 Dei
1877 2644 1998 2683 ver-

435 2717 561 2793 bum
589 2718 773 2784 ducit,
806 2719 992 2787 procul
1031 2729 1363 2775 averterent.
1396 2719 1563 2791 lgitur
1592 2735 1660 2776 ex
1706 2719 1998 2776 Menandro

435 2807 564 2875 illo,
600 2824 759 2880 quem
795 2811 1031 2865 Simonis
1062 2826 1429 2867 successorem
1458 2810 1622 2867 fuisse
1652 2827 1816 2882 supra
1850 2824 2000 2865 retu-

439 2899 623 2967 limus,
654 2910 845 2956 exorta
866 2895 1133 2958 venenal'a
1176 2904 1421 2972 quaedam
1452 2903 1624 2959 bestia
1654 2902 1909 2973 bilinguis
1936 2919 2001 2958 ac

436 2990 653 3061 biceps,
703 2993 927 3047 duarum
980 2995 1253 3048 luereseon
1292 2995 1432 3050 inter
1477 3008 1535 3048 se
1580 2994 2001 3063 discrepantium

438 3083 601 3139 duces
642 3084 915 3138 constituit
945 3102 958 3137 :
1002 3084 1356 3139 Saturninum
1392 3085 1553 3140 domo
1583 3084 2000 3149 Antiochcnum,

2097 1899 2218 1951 τότε
2251 1914 2314 1967 γε
2357 1898 2461 1969 μὴν
2486 1897 2687 1951 τούτων
2728 1896 3236 1967 ἀποκεκλεισμένος,
3281 1898 3533 1967 πονηροῖς
3576 1897 3672 1949 καὶ

2097 1988 2285 2060 γόησιν
2324 1988 2575 2061 ἀνδράσιν
2605 1987 2790 2058 ῶσπερ
2820 1989 2958 2040 τισὶν
2985 1987 3242 2059 ὀλεθρίοις
3286 1986 3469 2058 ψυχῶν
3502 1987 3673 2058 ὀργά-

2097 2096 2230 2142 νοις,
2267 2079 2532 2143 διακόνοις
2563 2096 2621 2131 τε
2654 2078 2925 2141 ἀπωλείας
2950 2076 3245 2148 χρώμενος,
3277 2078 3489 2149 ἑτέραις
3519 2095 3675 2131 κατε-

2102 2172 2396 2241 στρατήγει
2445 2171 2704 2242 μεθόδοις,
2754 2170 2928 2224 πάντα
2981 2170 3146 2240 πόρον
3207 2170 3455 2235 ἐπινοῶν,
3499 2169 3571 2232 ὡς
3603 2168 3672 2222 ἂν

2100 2261 2390 2326 ὑποδύντες
2408 2263 2600 2334 γόητες
2622 2262 2715 2315 καὶ
2741 2261 3006 2332 ἀπατηλοὶ
3030 2261 3129 2332 τὴν
3156 2260 3320 2333 αὐτὴν
3340 2261 3432 2314 τοῦ
3470 2260 3676 2332 δόγμα-

2102 2371 2193 2418 τος
2224 2354 2356 2425 ἡμῖν
2406 2354 2793 2426 προσηγορίαν.
2836 2350 2968 2423 ὁμοῦ
3013 2352 3109 2421 μὲν
3155 2352 3262 2405 τῶν
3296 2352 3497 2405 πιστῶν
3545 2354 3675 2415 τοὺς

2105 2446 2242 2519 πρὸς
2274 2446 2450 2499 αὐτῶν
2478 2446 2881 2517 ἁλισκομένους,
2913 2448 2991 2511 εἰς
3008 2446 3165 2517 βυθὸν
3182 2445 3452 2508 ἀπωλείας
3465 2444 3670 2513 ἄγοιεν,

2101 2538 2236 2609 ὁμοῦ
2293 2539 2350 2592 δὲ
2392 2540 2516 2601 τοὺς
2563 2539 2663 2608 τῆς
2719 2540 2952 2603 πίστεως
2999 2538 3244 2606 ἀγνῶτας
3284 2537 3348 2590 δι’
3401 2532 3475 2592 ὧν
3516 2537 3672 2591 αὐτοὶ

2099 2630 2331 2703 δρῶντες
2375 2631 2720 2701 ἐπιχειροῖεν,
2749 2632 3140 2703 ἀποτρέποιντο
3172 2630 3269 2701 τῆς
3312 2630 3403 2682 ἐπὶ⁵
3434 2629 3522 2684 τὸν
3568 2646 3674 2683 σω·-

2100 2722 2287 2792 τήριον
2315 2721 2469 2789 λόγον
2508 2720 2761 2793 παρόδου.
2821 2722 2952 2774 Ἀπὸ
2985 2720 3113 2789 γοῦν
3152 2720 3243 2774 τοῦ
3275 2720 3585 2792 Μενάνδρου
3610 2721 3670 2773 ὂν

2101 2812 2339 2882 διάδοχον
2369 2812 2460 2865 τοῦ
2483 2812 2723 2883 Σίμωνος
2752 2811 2851 2884 ήδη
2891 2813 3155 2884 πρότερον
3188 2809 3667 2882 παραδεδώκαμεν,

2101 2903 2443 2973 ἀμφίστομος
2466 2900 2654 2972 ῶσπερ
2686 2901 2779 2954 καὶ⁸
2800 2900 3081 2969 δικέφαλος
3106 2899 3340 2971 ὀφιώδης
3376 2917 3458 2964 τις
3474 2899 3668 2970 προελ-

2103 2993 2270 3047 θοῦσα
2315 2993 2560 3062 δύναμις,
2607 2992 2749 3045 δυοῖν
2792 2992 3051 3064 αἱρέσεων
3096 2991 3362 3062 διαφόρων
3392 2991 3669 3062 ἀρχηγοὺς

2104 3085 2494 3154 κατεστήσατο,
2526 3081 2839 3153 Σατορνῖνον
2865 3098 2922 3133 τε
2954 3081 3229 3151 ,Ἀντιοχέα
3254 3080 3313 3133 τὸ
3346 3080 3520 3148 γένος,
3575 3081 3670 3131 καὶ

436 3180 492 3228 et
516 3170 802 3229 Basilidem
831 3173 1279 3227 Alexandrinum.
1308 3176 1551 3239 Quorum
1577 3173 1667 3228 ille
1694 3174 1907 3242 quidem
1943 3166 1997 3228 iii

2104 3178 2415 3248 Βασιλείδην
2451 3174 2820 3245 Ἀλεξανδρέα,
2851 3167 2924 3226 ὧν
2964 3177 2991 3227 ὁ
3021 3173 3117 3243 μὲν
3141 3173 3280 3226 κατὰ
3308 3172 3525 3244 Συρίαν,
3559 3175 3587 3225 6
3613 3172 3670 3225 δέ

441 3264 634 3336 Syria,
684 3264 770 3319 hic
815 3279 943 3319 vero
987 3266 1127 3333 apud
1174 3263 1467 3335 Egyptum
1521 3265 1698 3334 impiae
1745 3265 2002 3319 doctrina:

437 3355 653 3410 scholas
681 3355 941 3410 condidit.
965 3355 1031 3409 Et
1058 3354 1414 3409 Saturninum
1443 3354 1659 3423 quidem
1682 3354 1871 3409 eadem
1889 3354 2002 3409 fere

437 3462 557 3499 cum
589 3445 885 3502 Menandro
918 3445 1234 3501 ementitum
1278 3460 1401 3499 esse
1447 3445 1690 3501 declarat
1716 3443 1954 3500 Irenzeus
1984 3464 1997 3499 :

437 3536 724 3593 Basiliden:
760 3552 887 3593 vero
911 3537 1094 3607 specie
1124 3552 1447 3591 arcanorum
1473 3539 1857 3605 quorumdam,
1877 3552 2003 3607 por-

437 3638 678 3685 tentosas
705 3628 912 3685 fabulas
940 3638 1303 3683 commentum
1327 3669 1340 3693 ,
1368 3630 1642 3697 opinionis
1667 3631 1844 3699 impia:
1879 3645 1995 3683 ma-

438 3722 784 3777 chinamenta
820 3723 873 3776 in
915 3724 1234 3778 immensum
1262 3722 1592 3777 extendisse.
1657 3722 1827 3777 Porro
1873 3737 1993 3777 cum

438 3813 624 3866 eodem
652 3822 890 3884 tempore
912 3814 1124 3883 plurimi
1144 3814 1498 3870 ecclesiastici
1523 3815 1621 3869 viri
1641 3816 1997 3885 patrocinium

442 3906 684 3961 veritatis
737 3909 1097 3977 susciperent,
1129 3920 1183 3965 et
1217 3927 1318 3981 pro
1338 3909 1709 3965 ecclesiastica
1742 3907 2001 3977 apostoli-

439 4110 562 4166 mus
593 4095 645 4148 in
706 4095 986 4164 Epitaphio
1016 4097 1223 4163 Paulae,
1266 4114 1389 4152 cum
1438 4099 1569 4153 dicit
1597 4115 1612 4151 :
1645 4095 1889 4166 Ingresso
1922 4102 1998 4149 est

440 4163 885 4234 Hierosolymam,
939 4172 1110 4221 urbem
1144 4170 1497 4229 trinominem,
1544 4163 1739 4231 Jellus',
1797 4165 1996 4230 Solem,

436 4233 737 4306 Jerusalem
789 4249 807 4287 :
834 4252 963 4306 qua:
996 4243 1059 4288 ab
1095 4238 1242 4290 [Elia
1271 4248 1449 4306 postea
1479 4236 1710 4290 Adriano
1748 4236 1811 4306 de
1838 4236 2002 4287 ruinis

437 4315 483 4357 et
509 4305 767 4356 cineribus
797 4305 1022 4359 civitatis
1054 4308 1105 4359 in
1133 4306 1337 4359 zEliam
1366 4309 1616 4360 suscitata
1634 4317 1726 4357 est.
1762 4305 1915 4368 Nam,
1946 4314 2005 4357 ιιι

438 4388 577 4443 stirpe
606 4373 738 4435 dixi,
768 4390 1035 4443 nunquam
1068 4391 1127 4427 ca
1158 4392 1307 4429 mens
1338 4378 1554 4429 Adriani
1585 4378 1703 4433 fuit,
1730 4386 1787 4427 ut
1816 4376 2001 4428 urbem

441 4442 867 4515 Hierosolymam
898 4442 1209 4509 suscitaret,
1238 4451 1435 4515 quippe
1464 4447 1551 4514 qui
1606 4444 2003 4515 infensissimus

2104 3272 2222 3326 κατ’
2260 3271 2551 3339 Αἴγυπτον,
2592 3269 2978 3339 συνεστήσαντο
3011 3265 3272 3337 θεομισῶν
3306 3265 3564 3336 αἱρέσεων
3588 3264 3669 3317 δι-

2102 3361 2395 3418 δασκαλεῖα
2417 3360 2514 3431 (5).
2548 3359 2629 3412 Tit
2651 3360 2747 3429 μὲν
2777 3354 2867 3412 οῦν
2890 3359 3112 3412 πλεῖστα
3143 3356 3234 3410 τὸν
3264 3358 3577 3428 Σατορνῖνον
3601 3354 3673 3407 τά

2103 3453 2240 3508 αύτά
2266 3453 2343 3523 τῷ
2378 3434 2673 3522 Μενάνδρῳ
2700 3450 3081 3520 ψευδολογῆσαι
3118 3450 3146 3499 ὁ
3180 3451 3462 3521 Εἰρηναῖος
3499 3446 3666 3520 δηλοῖ,

2104 3543 2449 3612 προσχήματι
2476 3540 2533 3593 δὲ
2562 3540 3030 3611 ἀπορρητοτέρων,
3063 3539 3152 3592 τὸν
3174 3538 3486 3609 Βασιλείδην
3510 3539 3589 3600 είς
3608 3537 3673 3591 τὸ

2105 3634 2327 3705 ἄπειρον
2365 3636 2533 3686 τεῖναι
2561 3632 2659 3696 τὰς
2697 3632 2933 3695 ἐπινοίας
2963 3630 3060 3703 (4),
3095 3630 3381 3692 δυσσεϐοῦς
3407 3629 3670 3699 αἱρέσεως

2048 3740 2053 3745 ·
2105 3724 2279 3795 ἐαυτῷ
2316 3722 2641 3796 τερατώδεις
2702 3724 3082 3776 ἀναπλάσαντα
3121 3721 3455 3794 μυθοποιίας.
3506 3718 3666 3771 Πλεί-

2108 3832 2250 3868 στων
2275 3810 2367 3867 οὖν
2406 3812 2868 3881 ἐκκλησιαστικῶν
2893 3813 3098 3882 ἀνδρῶν
3126 3813 3243 3865 κατ’
3283 3813 3455 3863 ἐκεῖνο
3474 3806 3677 3879 καιροῦ.

2107 3906 2206 3975 τῆς
2234 3903 2486 3975 ἀληθείας
2518 3902 3089 3973 ύπεραγωνιζομένων,
3113 3899 3467 3969 λογικώτερὸν
3494 3915 3552 3950 τε
3567 3897 3671 3967 τῆς

2116 4094 2331 4163 Ἐπειδὴ
2385 4093 2490 4163 γὰρ
2544 4092 2736 4163 Δί’λιος⁸
2786 4090 3055 4163 Ἀδριανδς
3105 4085 3485 4163 ἐχρημάτιζεν,
3525 4085 3668 4163 οῦτοι

2104 4166 2197 4217 καὶ
2225 4156 2331 4233 τῆν’
2348 4156 2500 4215 πόλιν
2529 4160 2805 4233 καλεῖσθαι
2836 4156 3256 4233 ἐνομοθλέτησενςν⁷
3283 4157 3490 4233 ἐκεῖθεν
3510 4156 3667 4233 Λίλίὲ

2106 4226 2382 4306 μέχρι’τοῦ
2416 4234 2508 4286 νῦν
2541 4231 2881 4306 ὀνομάζεται,
2928 4226 3046 4306 ’ἀπὸ
3070 4226 3169 4306 τῆς
3216 4227 3526 4298 ἐπωνυμίας
3572 4226 3666 4281 τοῦ

2104 4301 2475 4376 κρατήσαντος
2505 4304 2597 4356 καὶ
2616 4302 2953 4376 καθελόντοςΔ
2965 4301 3151 4376 αὐτ-ἡν.

2178 4366 2581 4445 (5)Ἀὶρέσεῳν
2604 4370 3009 4445 διδασκαλεῖα.
3061 4366 3111 4445 lii
3147 4368 3366 4445 optimis
3380 4366 3664 4445 codicibus

2110 4438 2383 4497 Mazarino
2416 4460 2477 4496 ac
2512 4442 2764 4495 Medich
2798 4442 3051 4507 scriptum
3100 4439 3276 4490 inveni
3325 4438 3662 4492 διδασκάλια.

439 4509 827 4594 essetiudaris,
860 4516 949 4582 qui
980 4529 1103 4571 tunc
1132 4509 1317 4571 hostes
1335 4509 1496 4571 erant
1524 4516 1700 4584 populi
1726 4514 1999 4594 _ltom_ani.;
2036 4538 2080 4594 υ
2109 4516 2308 4593 Atque,
2338 4523 2395 4565 ιιι
2432 4514 2611 4593 semel.
2647 4526 2918 4591 moneam,
2951 4510 3030 4594 ita.
3070 4523 3292 4594 semper:
3328 4509 3428 4562 hoc
3473 4524 3663 4594 inquieti

441 4582 534 4637 sed
563 4582 760 4638 Eliam
794 4588 978 4637 urbem
1014 4589 1277 4648 condidit,
1310 4597 1362 4640 ιιι
1390 4588 1441 4639 in
1470 4582 1533 4639 ca
1579 4582 1832 4652 templum
1856 4583 2003 4638 lovis

439 4654 748 4720 Capitolini,
809 4671 912 4721 quo
954 4654 1166 4710 Judaros
1212 4659 1280 4711 ab
1336 4672 1401 4710 eo
1455 4659 1568 4709 loco
1601 4671 1759 4723 quem
1793 4670 2001 4707 summa

439 4726 785 4778 veneratione
816 4729 1307 4794 proSequebantur,
1343 4729 1555 4792 penitus
1610 4734 1843 4779 arceret.
1899 4723 2004 4776 lte-

442 4794 579 4847 tztius
615 4811 743 4865 ergo
769 4795 933 4859 Beda,
960 4812 1051 4849 seu
1084 4803 1203 4863 quis
1229 4800 1388 4855 alios.
1420 4800 1470 4849 in
1498 4797 1830 4863 expositione
1857 4795 2004 4846 loco-

442 4877 559 4916 rum
592 4876 645 4917 et
686 4866 919 4929 urbium,
950 4883 1178 4933 quarum
1208 4870 1405 4920 mentio
1437 4871 1493 4919 lit
1533 4868 1582 4918 in
1627 4867 1848 4918 Actibus
1876 4879 2004 4928 apo-

443 4934 700 5005 stolorum
737 4950 749 4985 :
780 4934 1095 5000 Jerusalem,
1149 4939 1345 5005 inquit,
1389 4935 1687 5002 metropolis
1739 4934 2001 5003 quondam

441 5000 671 5067 Juda’a’,
698 5022 815 5071 qua:
856 5009 1078 5073 ttungab
1110 5000 1258 5061 .‘Eli'o
1306 5000 1559 5059 Adriano
1595 5000 1822 5065 Cwsare,
1862 5005 2002 5069 quod

441 5090 555 5125 eum
609 5090 640 5125 a
708 5074 823 5125 'l'tto
861 5077 1175 5128 destructum
1226 5079 1414 5130 latiore
1465 5078 1569 5129 situ
1611 5075 1998 5131 instaurauerit,

444 5142 594 5195 Αἰίὶα
626 5144 989 5212 cognominata
1034 5159 1102 5197 est
1133 5165 1151 5200 ,·
1179 5148 1327 5214 cujus
1378 5162 1526 5212 apere
1559 5146 1755 5203 factum
1806 5154 1902 5203 est,
1949 5154 1999 5192 ut

444 5215 557 5264 loca
583 5223 782 5271 sancta,
812 5214 867 5264 id
921 5225 1017 5275 est,
1063 5216 1347 5267 Dominicrr
1395 5216 1652 5279 passionis
1680 5227 1725 5265 et
1772 5229 2002 5264 resurre-

445 5284 649 5343 ctionis.
684 5286 946 5351 quondam
984 5295 1128 5339 extra
1170 5288 1345 5337 urbem
1376 5286 1646 5352 jncentia,
1687 5300 1821 5334 nunc
1862 5285 2001 5349 ejus-

445 5356 561 5403 tlem
592 5355 736 5406 urbis
768 5370 914 5405 muro
946 5370 1031 5418 sep
1057 5355 1335 5406 entrionuli
1381 5355 1789 5407 circumdentur.
1839 5355 2002 5404 l’orro

446 5421 588 5473 [lilia
642 5424 728 5475 diu
765 5434 881 5491 post
929 5425 1265 5494 Constantini
1320 5435 1559 5494 tempora
1595 5436 2000 5494 nomcnusnum

447 5494 687 5545 retinnit.
721 5494 876 5548 Certe
906 5495 955 5545 in
1005 5492 1288 5547 ltinerario
1318 5490 1570 5547 Antonini
1600 5503 1655 5547 et
1702 5494 1753 5543 in
1803 5490 2000 5543 Tabula

452 5561 856 5629 l’eutingerianu
883 5580 985 5616 non
1028 5566 1182 5634 aliter
1208 5576 1428 5634 vocatur
1474 5579 1633 5634 quam
1662 5562 1836 5623 Elia;
1874 5563 2002 5634 sitio

449 5644 622 5701 tamen
660 5635 994 5686 librariorum
1035 5633 1188 5687 Helia
1215 5632 1509 5701 Capitolino
1538 5634 1697 5701 vulgo
1720 5632 1997 5701 scribitur.

446 5700 631 5756 Sedet
657 5704 1074 5772 Clirysostounis
1103 5705 1152 5756 in
1207 5699 1455 5758 oratione
1499 5704 1553 5766 5,
1603 5699 1852 5757 adversus
1900 5699 2001 5751 Ju-

442 5773 604 5837 du'os,
662 5777 731 5826 ita
789 5773 1108 5842 appellatam
1162 5774 1325 5831 fuisse
1363 5785 1522 5828 aetate
1571 5788 1666 5827 sua
1722 5780 1995 5827 testatur:

2108 4576 2463 4650 perscriptum
2492 4593 2574 4633 est
2602 4583 2653 4634 in
2682 4581 2880 4633 nostris
2915 4580 3209 4633 codicibus.
3255 4577 3356 4631 Pro
3386 4593 3491 4645 quo
3521 4576 3661 4632 Rob.

2106 4656 2434 4719 Stephanus.
2466 4651 2634 4713 Regio
2661 4651 2953 4717 exemplari
2984 4664 3196 4715 semper
3231 4650 3517 4708 inhaerens,
3540 4664 3664 4719 ina-

2106 4717 2215 4775 luit
2247 4725 2409 4775 edere
2451 4720 2815 4774 διδασκαλεῖα.
2858 4720 3020 4786 ldque
3045 4719 3198 4771 nobis
3235 4727 3438 4770 mutare
3477 4717 3665 4786 religio

2107 4794 2221 4845 fuit.
2268 4792 2493 4843 Tantam
2545 4803 2719 4844 lmncu
2771 4791 3016 4844 codicum
3047 4798 3358 4841 nostrorum
3408 4798 3662 4841 constanu

2108 4865 2234 4916 tiam
2264 4863 2673 4928 lnnnlquaquam
2707 4859 3060 4925 Spernendarn
3086 4873 3202 4911 esse
3229 4857 3497 4928 existimo.

2176 4932 2251 5002 (Il)
2281 4935 2382 4996 Εὶς
2430 4925 2495 4984 τὸ
2521 4931 2767 5002 ἄπειρον
2810 4929 2994 5002 τεῖναι
3037 4927 3143 4992 τὰς
3167 4925 3668 5002 ἐπινοιάςη-Ἶειιιε

2107 4996 2368 5069 interpres
2419 5002 2601 5054 lrcnzei
2635 4996 2809 5055 vertit.
2844 4998 2908 5051 In
2950 5002 3255 5069 immensum
3286 4996 3513 5049 extendit
3538 5012 3662 5050 sen-

2106 5067 2320 5123 tentiam
2347 5074 2596 5123 doctrina:
2623 5086 2750 5122 sure.
2817 5067 3087 5130 Ἐπινοίας
3122 5067 3281 5134 igitur
3327 5078 3485 5119 vocat
3513 5081 3661 5119 com-

2104 5151 2280 5193 menta
2346 5158 2440 5192 seu
2513 5142 2918 5192 adinventiones
2986 5136 3231 5189 Basilidis
3275 5151 3409 5203 quas
3462 5136 3661 5189 ibidem

2107 5212 2269 5263 reicrt
2327 5211 2573 5261 lreua-us.
2620 5210 2725 5261 Eas
2778 5211 2827 5259 in
2883 5210 3201 5259 innncnsum
3254 5208 3560 5259 extendisse
3588 5207 3664 5258 ait

2105 5279 2412 5333 Basilidcm.
2437 5281 2633 5347 quippe
2658 5278 2746 5345 qui
2778 5278 3017 5329 fabulosa
3043 5277 3287 5347 quaedam
3315 5276 3665 5347 conlinsisset

2102 5363 2150 5402 et
2182 5367 2338 5403 νιιιιιι.
2380 5343 2500 5400 ΙΙ.ιῖ‹ι
2538 5343 2688 5400 enim
2722 5359 2909 5399 natura
2958 5343 3218 5399 mendacii
3262 5355 3362 5405 est,
3396 5354 3445 5395 ut
3485 5346 3662 5399 sitin-

2106 5421 2445 5473 termiuatum
2476 5428 2527 5470 et
2554 5434 2772 5485 vagum,
2801 5416 2945 5470 nullo
2972 5425 3120 5469 certo
3158 5415 3316 5467 modo
3346 5429 3407 5467 ac
3431 5415 3665 5468 termino

2103 5490 2406 5542 deﬁnitum.
2460 5487 2671 5540 Veritas
2727 5503 2852 5539 vero
2893 5497 3037 5539 certa
3070 5494 3171 5548 est,
3220 5498 3283 5539 ac
3336 5486 3453 5537 suis
3475 5485 3664 5552 spatiis

2103 5560 2535 5625 circumscripta.
2585 5558 2779 5625 quibus
2830 5558 2961 5609 nihil
3007 5556 3127 5607 addi
3178 5565 3270 5625 aut
3292 5555 3432 5607 demi
3465 5563 3660 5623 potest.

2104 5629 2284 5695 itaque
2315 5624 2457 5681 recte
2509 5624 2661 5680 Plato
2692 5629 2742 5680 in
2776 5627 3056 5687 Theu'teto,
3088 5626 3139 5677 ni
3172 5624 3348 5688 fallor,
3374 5626 3660 5695 veritatem

2106 5693 2404 5769 ἐμμετρίαν
2436 5714 2527 5751 seu
2580 5700 2983 5769 concinnitatem
3018 5710 3137 5749 esse
3162 5696 3315 5769 dixit.
3370 5694 3430 5746 Et
3466 5693 3660 5747 Heu-r-

2104 5766 2195 5821 ωε
2224 5766 2505 5821 'l‘liersiten
2551 5767 2864 5838 ἀμετροεπῆ
2892 5769 3116 5829 vocavit,
3162 5766 3210 5818 id
3248 5777 3324 5818 est
3362 5781 3548 5817 ranam
3600 5778 3656 5814 ac

2104 5838 2419 5891 mendacem.
