4016 6260
433 307 541 365 523

1135 308 1405 364 EUSEBll
1442 306 1927 363 CESARIENSIS
1965 306 2114 362 OPP.
2155 305 2336 361 PARS
2374 306 2413 362 I.
2452 337 2524 350 -
2558 306 2947 363 HISTORIGA.

3573 309 3679 364 3:24

432 434 620 486 urbem
681 430 914 485 Antinoo
966 430 1343 501 cognominem
1389 402 1663 484 Adrianus
1720 429 1984 493 condidit,

2098 426 2155 479 δὲ
2187 427 2279 480 καὶ
2323 428 2603 491 Ἰουστῖνος
2626 427 2759 498 (l7),
2789 428 3009 496 γνήσιος
3051 425 3151 497 τῆς
3184 422 3425 495 ’ἀληθοῦς
3457 423 3678 494 φιλοσο-

430 531 486 576 et
539 524 830 591 prophetas
861 521 1118 579 instituit.
1157 540 1176 573 ι
1213 519 1415 576 Eodem
1453 530 1693 588 tempore
1730 516 1997 581 Justinus,

430 627 573 668 verae
628 611 985 683 philosophiae
1040 620 1253 666 amator
1320 611 1761 678 sincerissimos,
1822 610 2000 664 adhuc

428 703 712 781 gentilium
765 702 1213 772 philosophorum
1266 702 1490 771 scriptis
1536 716 1599 754 ac
1656 701 1998 755 sermonibus

430 791 852 847 adhzerescebat.
891 791 991 858 Qui
1017 791 1183 846 etiam
1217 791 1268 845 in
1296 789 1632 860 Apologetico
1668 792 1735 844 ad
1767 789 2000 859 impera~

433 893 602 938 torem
621 884 957 939 Antoninum
988 883 1193 952 scripto
1215 921 1229 947 ,
1275 882 1379 936 hoc
1411 881 1586 951 ipsum
1615 889 1825 949 tempus
1857 879 2000 934 desi-

431 986 560 1044 gnat
585 975 670 1030 his
704 976 887 1031 verbis
918 992 933 1031 :
975 993 994 1027 r
1025 973 1136 1029 Nec
1175 973 1490 1036 absurdum,
1521 972 1732 1041 inquit,
1784 971 1998 1026 videtur

428 1066 648 1122 Antinoi
672 1067 763 1137 qui
794 1067 1113 1137 nuperrime
1142 1066 1301 1129 vixit,
1330 1067 1657 1121 mentionem
1683 1065 1768 1119 hic
1788 1063 1993 1119 facere:

430 1172 592 1227 quem
644 1172 835 1213 omnes
888 1168 1144 1227 tanquam
1211 1159 1370 1211 deum
1431 1155 1613 1211 colere
1667 1171 1764 1225 per
1791 1156 1896 1209 vim
1933 1171 1997 1210 ac

428 1258 633 1303 metum
654 1248 1029 1313 instituerunt;
1047 1263 1167 1302 cum
1183 1247 1306 1317 quis
1322 1257 1470 1302 esset
1486 1257 1542 1300 et
1559 1248 1698 1301 unde
1714 1247 1995 1313 oriundus,

427 1339 595 1409 probe
611 1341 881 1410 cognitum
902 1339 1187 1401 haberent.
1201 1339 1374 1392 ildem
1388 1353 1601 1407 quoque
1619 1337 1741 1392 belli
1762 1336 1993 1400 Judaici,

427 1430 571 1501 quod
600 1443 726 1485 tunc
752 1434 1011 1499 temporis
1032 1439 1241 1498 gestum
1266 1439 1379 1495 est,
1409 1431 1653 1484 meminit
1673 1430 1760 1484 his
1782 1431 1993 1484 verbis:

433 1540 453 1574 ι
483 1520 618 1576 Nam
642 1522 763 1575 etin
782 1521 943 1586 bello,
971 1521 1164 1592 inquit,
1183 1519 1409 1577 Iudaico
1432 1521 1574 1590 quod
1593 1535 1761 1588 nuper
1786 1530 1994 1588 gestum

427 1623 531 1681 est,
561 1613 630 1666 Ba
642 1614 995 1679 rchochebas,
1026 1614 1072 1668 is
1089 1613 1178 1681 qui
1199 1612 1437 1668 Judaicze
1461 1611 1789 1667 defectionis
1806 1624 1997 1667 auctor

427 1715 485 1759 et
540 1704 769 1774 signifer
823 1705 954 1768 fuit,
1015 1704 1162 1759 solos
1224 1704 1564 1759 Christianos
1628 1704 1993 1759 acerbissimis

428 1795 715 1849 tormentis
743 1796 975 1848 cruciari
1003 1795 1190 1864 jussit,
1220 1795 1319 1849 nisi
1355 1795 1632 1851 Christum
1661 1795 1996 1865 abnegarent

434 1895 490 1941 et
516 1886 823 1943 maledictis
869 1889 1222 1944 incesserent.
1272 1907 1290 1940 ›
1318 1887 1425 1943 Sed
1442 1898 1498 1944 et
1546 1890 1598 1944 in
1626 1890 1814 1945 eodem
1860 1890 1997 1944 libro

428 1977 656 2048 loquens
688 1978 753 2033 de
786 1981 1142 2036 conversione
1164 1995 1260 2035 sua
1284 1995 1313 2034 a
1348 1979 1630 2050 gentilium
1654 1981 1996 2051 philosophia

427 2070 496 2126 ad
523 2071 633 2124 veri
658 2068 907 2127 Numinis
935 2071 1136 2127 cultum
1162 2115 1177 2139 ,
1225 2073 1276 2126 id
1308 2087 1412 2127 non
1445 2083 1649 2128 temere
1688 2088 1752 2128 ac
1786 2074 1992 2142 leviter,

426 2163 522 2217 sed
546 2177 669 2216 cum
697 2163 907 2218 ratione
933 2177 1000 2216 ac
1024 2161 1232 2231 judicio
1263 2164 1334 2218 ab
1355 2178 1416 2217 se
1440 2162 1647 2218 factum
1676 2178 1796 2220 esse
1815 2164 1996 2221 decla-

426 2263 512 2309 rat
537 2253 621 2309 his
650 2256 870 2311 verbis:
914 2274 933 2306 ι
965 2254 1100 2310 Nam
1134 2266 1188 2311 et
1232 2272 1357 2326 ego,
1405 2258 1615 2326 inquit,
1639 2259 1731 2327 qui
1759 2257 1995 2316 Platonis

424 2342 728 2398 doctrinam
791 2345 1072 2413 amplexus
1134 2347 1390 2413 fueram,
1452 2361 1576 2402 cum
1646 2347 1996 2406 Christianos

423 2433 708 2489 calumniis
733 2436 910 2504 appeti
941 2437 1207 2502 audirem,
1235 2452 1437 2507 eosque
1461 2438 1720 2493 adversus
1765 2452 1992 2496 mortem

422 2534 481 2580 et
525 2536 718 2582 caetera
750 2543 871 2598 qum
893 2526 1253 2584 formidabilia
1284 2530 1551 2586 habentur
1573 2572 1588 2597 ,
1632 2530 1800 2588 fortes
1830 2544 1994 2604 atque

425 2617 727 2690 intrepidos
772 2620 1048 2688 viderem,
1084 2622 1163 2676 sic
1204 2622 1346 2692 apud
1386 2639 1474 2678 me
1509 2623 1848 2693 reputabant,
1874 2625 1991 2679 fieri

425 2723 530 2763 non
576 2724 738 2780 posse
793 2720 853 2764 ut
896 2711 1056 2765 iidem
1111 2711 1258 2767 vitiis
1302 2726 1366 2766 ac
1413 2712 1779 2782 voluptatibus
1827 2714 1991 2769 dediti

422 2809 625 2857 essent.
680 2801 813 2869 Quis
840 2801 982 2857 enim
1038 2801 1414 2872 voluptatibus
1467 2804 1722 2869 deditus,
1772 2815 1864 2860 aut
1906 2807 1990 2861 in-

424 2937 478 3011 in
511 2936 714 3011 Graecis
747 2937 1039 3011 llegesippi
1078 2941 1255 2995 verbis
1285 2941 1487 3009 aliquid
1528 2945 1841 2999 necessario
1864 2960 1992 3011 sup—

422 3007 803 3083 plendum_est.
834 3007 977 3083 Nam
1013 3008 1193 3083 ἔκτισε
1225 3007 1527 3083 προφήτας,
1555 3014 1740 3069 Graece
1763 3015 1852 3069 vix
1882 3007 1986 3071 dici

418 3077 765 3151 potest._Sed
807 3080 1117 3151 meminisse
1147 3077 1432 3151 debemus,
1464 3083 1823 3151 llegesippum
1854 3086 1984 3140 sim-

420 3146 545 3218 plici
572 3148 857 3202 admodum
892 3158 946 3203 et
985 3150 1193 3216 plebeio
1232 3166 1480 3205 sermone
1522 3146 1785 3218 scribere,
1815 3164 1871 3205 ut
1894 3156 1981 3211 hic

418 3217 586 3290 etiam
619 3228 842 3290 testatur
888 3218 1176 3290 Eusebius.
1226 3220 1412 3288 Itaque
1437 3221 1623 3277 Graeca
1654 3217 1777 3290 ejus
1815 3227 1977 3279 verba

420 3288 866 3361 interpretatione
897 3289 1200 3356 adjuvautla
1228 3302 1373 3344 sunt.
1406 3292 1624 3346 Frustra
1656 3288 1820 3361 igitur
1858 3292 1977 3347 Sal-

419 3357 624 3411 masius
641 3360 933 3412 emendare
960 3374 1239 3428 aggressus
1261 3369 1344 3413 est
1367 3361 1419 3414 in
1445 3364 1587 3416 notis
1601 3363 1664 3414 ad
1678 3357 1980 3418 'llistoriam

419 3428 734 3499 Augustam,
774 3444 897 3497 pag.
923 3427 1335 3499 MiUbietiam
1369 3431 1587 3499 quinam
1614 3432 1701 3485 hic
1735 3433 1980 3487 diceren-

421 3505 507 3549 tur
547 3498 832 3572 _pro_pheta;
877 3513 980 3553 non
1021 3498 1312 3553 intellexit.
1361 3498 1646 3572 Sciendum
1680 3515 1766 3572 est
1819 3503 1980 3572 igitur

418 3567 560 3633 apud
598 3565 890 3641 _.Egyptios
937 3582 1207 3641 summum
1225 3570 1569 3641 sacerdotem
1614 3571 1707 3639 qui
1761 3565 1979 3641 reliquis

419 3635 795 3708 sacerdotibus
842 3647 896 3690 et
924 3638 1266 3707 pastophoris
1313 3649 1589 3706 praeesset,
1619 3635 1673 3693 et
1701 3643 1789 3708 qui
1842 3635 1978 3695 teni-

418 3703 627 3774 plorum
678 3707 882 3761 reditus
925 3703 1147 3762 caeteris
1196 3703 1567 3773 distribueret,
1617 3703 1818 3764 dictum
1860 3725 1980 3766 esse

418 3777 765 3844 prophetam.
797 3775 1014 3830 Primus
1039 3778 1180 3831 enim
1202 3777 1255 3830 in
1289 3778 1485 3846 templo
1507 3781 1823 3846 procedebat
1850 3795 1981 3835 can-

419 3850 528 3909 tor,
574 3846 769 3922 deinde
799 3847 1151 3922 horoscopus,
1195 3857 1306 3901 tum
1338 3849 1520 3922 scriba
1553 3866 1663 3922 seu
1688 3850 1981 3922 ἱερογραμ-

419 3912 642 3988 ματεύς.
678 3927 859 3983 postea
886 3918 1114 3988 vestitur
1128 3931 1219 3971 seu
1244 3917 1542 3988 στολιστήςο
1577 3912 1773 3973 deinde
1801 3912 1979 3975 novis-

419 3985 590 4058 simus
614 3986 894 4058 incedebat
915 3986 1172 4055 propheta
1214 3985 1553 4058 hydriam'in
1591 3989 1710 4042 sinu
1738 3997 1975 4056 gestans,

416 4063 477 4128 ut
500 4055 932 4128 docettllemens
967 4055 1356 4128 Alexandrinus
1384 4057 1433 4108 iu
1465 4058 1559 4110 lib.
1592 4073 1668 4123 vr,
1701 4074 1820 4128 pag.
1850 4060 1975 4114 269.

416 4123 747 4199 Epiphanius
792 4128 844 4178 in
875 4125 1010 4199 libro
1039 4140 1097 4179 Ill
1130 4124 1399 4199 ﬁdus-mu
1439 4123 1890 4199 agasonem
1924 4129 1981 4183 δὲ

412 4192 726 4265 ᾼίγυπτίοις
758 4194 1031 4265 προφῆται
1057 4193 1397 4265 καλούμενοι,
1432 4194 1541 4248 τῶν
1562 4196 1767 4251 ἀδύτων
1795 4192 1854 4251 τε
1887 4202 1981 4253 mi.

417 4262 577 4336 £5ng
617 4262 869 4336 ἀρχηγοί.
900 4262 1269 4336 _l;iorumdem_
1302 4266 1685 4336 prophetarum
1739 4270 1982 4324 meminit

410 4330 784 4404 Philostraius
807 4333 1036 4404 inglibro
1071 4347 1083 4383 I
1122 4330 1195 4383 De
1225 4333 1329 4385 vita
1376 4330 1666 4402 Apollonii,
1688 4353 1807 4402 cap.
1844 4340 1895 4404 ί,
1926 4349 1980 4393 et

414 4403 679 4472 Diogenes
713 4402 958 4472 Laertius
989 4401 1042 4453 in
1074 4404 1334 4472 pgommio
1363 4406 1544 4470 operis
1592 4408 1672 4458 sui
1700 4424 1715 4471 ;
1760 4401 1980 4462 Themi-

2106 518 2232 587 φίας
2255 520 2508 589 ἐραστὴς,
2536 519 2615 571 ἔτι
2641 522 2749 581 τοῖς
2772 519 2900 589 παρ’
2937 517 3191 589 Ἕλλησιν
3218 514 3552 586 ἀσκούμενος
3585 517 3675 569 ἐν·

2100 609 2331 680 διέτριϐε
2360 610 2557 679 λόγοις.
2600 610 2860 681 Σημαίνει
2908 609 3089 663 δὲκαὶ
3132 607 3296 672 αὐτὸς
3329 608 3537 662 τουτονὶ⁸
3584 609 3677 662 τὸν

2100 702 2289 770 χρόνον
2322 702 2380 753 ἐν
2411 704 2474 773 τῇ
2505 702 2639 773 πρὸς
2654 702 2959 755 Ἀντωνῖνον
2975 701 3292 771 Ἀπολογίᾳ
3306 695 3406 754 ὧδε
3423 702 3673 773 γράφων·

2106 808 2124 841 ‹
2165 791 2278 843 Οὐκ
2309 790 2505 843 ἄτοπον
2537 790 2592 842 δὲ
2622 790 3017 862 ἐπιμνησθῆναι
3048 793 3104 844 ὲν
3142 792 3351 853 τούτοις
3391 791 3675 862 ἡγούμεθα

2099 884 2192 936 καὶ
2231 883 2495 936 Ἀντινόου
2520 882 2611 936 τοῦ
2657 883 2750 936 νῦν
2775 885 3085 955 γενομένου’
3119 884 3176 936 ὃν
3211 884 3303 937 καὶ
3328 883 3569 946 ἅπαντες
3596 883 3674 945 ὡς

2099 974 2219 1028 θεὸν
2252 974 2339 1029 διὰ
2372 974 2534 1045 φόϐον
2578 974 2756 1027 σέϐειν
2787 974 3065 1046 ὥρμηντο,
3111 976 3464 1046 ἐπιστάμενοι
3494 974 3578 1038 τίς
3610 991 3673 1027 τε

2095 1062 2163 1137 ἦν
2210 1067 2303 1120 καὶ
2347 1067 2507 1120 πόθεν
2538 1067 2796 1138 ὑπῆρχεν.
2824 1087 2869 1118 -ι
2918 1067 2974 1119 Ὁ
3016 1068 3060 1120 δ’
3091 1067 3253 1131 αὐτὸς
3295 1068 3389 1120 καὶ
3421 1066 3515 1120 τοῦ
3549 1068 3670 1120 τότε

2097 1156 2238 1211 κατὰ
2271 1157 2532 1211 Ἰουδαίων
2572 1158 2805 1228 πολέμου
2833 1158 3206 1230 μνημονεύων,
3237 1158 3410 1213 ταῦτα
3439 1157 3674 1229 παρατί-

2097 1249 2266 1302 θεται·
2310 1269 2327 1301 r
2378 1251 2486 1303 Καὶ
2512 1249 2618 1322 γὰρ
2643 1252 2700 1305 ὲν
2728 1250 2802 1321 τῷ
2822 1250 2928 1303 ,νῦν
2957 1251 3232 1321 γενομένῳ
3276 1250 3549 1321 Ἰουδαῐκῴ
3575 1267 3673 1304 πο-

2095 1340 2243 1411 λέμῳ
2270 1340 2399 1411 (18),
2432 1341 2793 1412 Βαρχωχεϐᾶς
2819 1345 2848 1397 ό
2877 1342 2978 1413 τῆς
3017 1342 3284 1395 Ἰουδαίων
3317 1344 3671 1407 ἀποστάσεως

2095 1433 2424 1505 ἀρχηγέτης,
2457 1435 2813 1505 Χριστιανοὺς
2847 1435 3039 1505 μόνους
3070 1436 3149 1497 εἰς
3176 1436 3445 1506 τιμωρίας
3466 1437 3668 1501 δεινὰς,

2094 1522 2142 1573 εί
2180 1521 2253 1592 μὴ
2276 1522 2519 1592 ἀρνοῖντο
2550 1522 2755 1593 Ἰησοῦν
2781 1523 2873 1577 τὸν
2900 1525 3133 1595 Χριστὸν
3151 1525 3242 1578 καὶ
3277 1525 3668 1596 βλασφημοῖεν,

2094 1612 2342 1666 ἐκέλευεν
2380 1613 2624 1681 ἄγεσθαι.
2669 1633 2686 1666 ι
2725 1615 2811 1667 Ἐν
2841 1614 3022 1685 ταύτῴ
3059 1615 3117 1668 δὲ
3150 1618 3242 1669 καὶ
3284 1617 3384 1688 τὴν
3432 1619 3539 1670 ἀπὸ
3569 1618 3672 1687 τῆς

2107 1701 2421 1773 Ἑλληνικῆς
2453 1702 2769 1771 φιλοσοφίας
2789 1703 2882 1755 ἐπὶ
2909 1702 3008 1773 τὴν
3036 1702 3343 1756 θεοσέϐειαν
3367 1703 3669 1774 μεταϐολὴν

2026 1778 2067 1831 Β
2096 1795 2282 1860 αὐτοῦ,
2314 1796 2395 1848 ὅτι
2431 1794 2504 1866 μὴ
2538 1795 2765 1865 ἀλόγως,
2809 1797 2945 1865 μετά
2990 1796 3221 1866 κρίσεως
3251 1795 3294 1848 δ’
3333 1795 3481 1866 αὐτῷ
3508 1796 3670 1864 γεγό-

2095 1903 2173 1939 νει
2192 1885 2386 1957 δηλῶν,
2415 1885 2585 1940 ταῦτα
2613 1886 2829 1958 γράφει·
2880 1904 2901 1936 ‹
2942 1886 3052 1940 Καὶ
3089 1887 3196 1959 γὰρ
3227 1886 3388 1950 αὐτὸς
3410 1885 3521 1955 ἐγὼ
3556 1890 3670 1952 τοῖς

2094 1980 2380 2043 Πλάτωνος
2402 1980 2604 2052 χαίρων
2634 1979 2945 2050 διδάγμασι,
2978 1979 3427 2052 διαϐαλλομένους
3454 1982 3669 2034 ἀκούων

2094 2069 2470 2138 Χριστιανοὺς,
2502 2068 2641 2140 ὁρῶν
2670 2069 2727 2122 δὲ
2755 2069 2849 2122 καὶ
2882 2068 3116 2139 ἀφόϐους
3148 2069 3283 2142 πρὸς
3317 2069 3541 2123 θάνατον
3570 2069 3670 2125 καὶ

2094 2158 2269 2211 πάντα
2290 2158 2357 2211 τὰ
2378 2159 2702 2231 νομιζόμενα
2731 2159 2859 2228 φοϐε
2869 2159 2957 2231 ρὰ,
2978 2161 3216 2213 ἐνενόουν
3242 2160 3503 2214 ἀδύνατον
3527 2157 3667 2214 εἶναι

2092 2252 2149 2303 ὲν
2183 2251 2349 2323 κακίᾳ
2394 2253 2485 2305 καὶ
2532 2252 2810 2324 φιληδονίᾳ
2849 2253 3113 2323 ὑπάρχειν
3151 2252 3368 2317 αὐτούς.
3418 2253 3513 2316 Τίς
3556 2253 3665 2325 γὰρ

2095 2343 2367 2415 φιλήδονος
2395 2345 2428 2416 ἢ
2459 2345 2700 2418 ἀκρατὴς
2745 2346 2838 2399 καὶ
2874 2346 3228 2416 ἀνθρωπείων
3260 2345 3480 2418 σαρκῶν
3499 2345 3666 2417 βορὰν

2094 2435 2390 2507 ἡγούμενος
2437 2437 2656 2505 ἀγαθὸν,
2700 2438 2900 2491 δύναιτ’
2953 2436 3020 2490 ἂν
3053 2438 3279 2491 θάνατον
3301 2435 3663 2502 ἀσπάζεσθαι,

2091 2525 2237 2588 ὅπως
2264 2524 2369 2578 τῶν
2403 2526 2596 2579 ἑαυτοῦ
2640 2528 2926 2599 στερηθείη
2958 2528 3285 2598 ἐπιθυμιῶν,
3318 2528 3430 2582 ἀλλ’
3453 2529 3552 2583 οὐκ
3597 2530 3663 2582 ἐκ

2092 2617 2291 2679 παντὸς
2329 2615 2427 2688 ζῇν
2455 2619 2542 2671 ἀεὶ
2559 2617 2654 2689 τὴν
2680 2618 2863 2672 ἐνθάδε
2897 2619 3078 2690 βιοτὴν
3108 2622 3200 2673 καὶ
3231 2620 3512 2675 λανθάνειν
3537 2620 3663 2684 τοὺς

2091 2691 2355 2776 ἄρχοντας
2372 2709 2646 2779 ἐπειρᾶτο,
2672 2709 2768 2780 οὐχ
2794 2711 2873 2762 ὅτι
2894 2711 3081 2763 ἑαυτὸν
3113 2711 3446 2783 κατήγγελλε
3472 2728 3665 2780 φονευ-

2092 2795 2420 2868 θησόμενον;
2460 2817 2478 2849 ι
2527 2799 2646 2851 Ἔτι
2676 2798 2767 2853 δ’ὁ
2798 2798 2957 2862 αὐτὸς
2996 2800 3200 2870 ἱστορεῖ
3229 2798 3519 2872 δεξάμενον
3568 2801 3661 2857 τὸν

2091 2937 2233 2992 enim
2267 2936 2520 3008 dicuntur
2551 2939 2704 3005 quasi
2732 2953 3054 2994 arcanorum
3087 2940 3433 3008 interpretes.
3457 2940 3661 2996 Habuit

2091 3015 2236 3061 certe
2257 3006 2521 3061 Antinous
2553 3023 2702 3077 sacri:
2727 3023 2821 3059 sua
2853 3023 2916 3060 ac
2951 3006 3449 3077 unysteria,‘quibus
3471 3011 3656 3065 initia—

2090 3077 2288 3131 bantur
2305 3077 2394 3143 qui
2428 3077 2640 3129 vellent.
2662 3075 2983 3130 Testaturid
3005 3075 3306 3134 Pausanias
3344 3082 3396 3133 in
3431 3081 3655 3134 Arcadi-

2082 3148 2153 3218 cis
2175 3161 2215 3218 πμ
2227 3146 2334 3218 Kef;
2367 3146 2551 3218 τελετή
2572 3163 2629 3218 τε
2659 3145 2800 3199 κατὰ
2828 3145 2944 3211 ἔτος
2966 3147 3214 3218 ἕκαστον,
3234 3150 3328 3202 καὶ
3349 3150 3497 3218 ἀγών
3511 3152 3659 3205 ἐστιν

2080 3213 2226 3284 αύτῷ
2254 3215 2339 3268 διὰ
2384 3213 2838 3291 ἔτουςπέμπτου.
2866 3219 3024 3271 Id'est
3057 3238 3068 3272 :
3104 3217 3170 3269 Et
3194 3213 3461 3291 mysteria
3496 3233 3652 3291 quot-

2080 3290 2257 3347 annis,
2294 3297 2339 3338 et
2366 3288 2548 3352 quinto
2586 3303 2788 3356 quoque
2819 3304 2958 3341 anno
2987 3290 3275 3343 certamina
3310 3290 3365 3343 in
3401 3288 3654 3345 honorem

2080 3356 2194 3424 ejus
2219 3356 2566 3408 celebrantur.

2152 3425 2462 3498 (ιη-Κατά
2483 3425 2696 3498 τοῦτον
2721 3425 2789 3498 δὲ
2814 3426 2911 3498 καί
2935 3426 3298 3498 νἸουστῖῒνος.
3320 3426 3396 3482 Ita
3434 3430 3651 3498 quidem

2080 3495 2250 3551 codex
2274 3495 2490 3559 Regius.
2518 3495 2711 3548 Verum
2736 3497 2788 3548 in
2812 3496 3082 3559 Medicam,
3121 3497 3256 3551 Fuk.
3288 3506 3343 3552 et
3370 3495 3538 3554 smn.
3582 3503 3653 3554 le-

2083 3566 2228 3634 gitur
2265 3565 2385 3619 κατ¹
2416 3565 2577 3617 αὐτὸν
2608 3564 2689 3634 δέ,
2742 3574 2848 3619 etc.
2904 3566 3084 3620 Codex
3133 3577 3312 3622 autem
3344 3567 3652 3624 Mazarinus

2081 3633 2338 3711 scriptum
2377 3634 2535 3711 habet
2565 3633 2921 3711 κατδιταύτὸν
2947 3636 3025 3711 δέ,
3061 3640 3297 3691 secunda
3333 3648 3511 3711 tamen
3544 3642 3647 3711 syl-

2082 3705 2199 3758 laba
2229 3704 2620 3776 praepositionis
2647 3705 2816 3757 tribns
2840 3707 3055 3776 punctis
3078 3708 3430 3776 superpositis
3466 3704 3651 3764 notata

2081 3783 2184 3837 est,
2228 3789 2334 3844 quo
2376 3774 2726 3844 signiﬁcatur
2754 3774 2870 3844 eam
2906 3774 3186 3829 delendam
3221 3774 3363 3832 esse.
3412 3778 3538 3832 Mihi
3571 3791 3652 3835 ta.

2083 3860 2200 3897 men
2233 3843 2382 3896 valde
2403 3845 2578 3910 placet
2611 3859 2671 3897 ea
2717 3843 2892 3897 lectio.
2922 3845 3076 3897 Κατὰ
3106 3845 3299 3899 ταύτόν
3331 3848 3474 3901 enim
3508 3849 3649 3903 idem

2080 3925 2167 3984 est
2189 3929 2253 3983 ac
2281 3921 2421 3984 κατι
2459 3912 2519 3984 τὸ
2549 3913 2681 3984 αὐτὸ
2706 3912 2800 3965 τοῦ
2830 3913 3044 3984 καιροῦ.

2151 3979 2260 4056 (18)
2291 3983 2389 4035 Ἐν
2418 3979 2497 4046 τῷ
2537 3983 2653 4036 νῦν
2693 3979 3345 4056 τενομένίρχἾουδιιτκῷ
3384 3985 3644 4056 πολέμῳ.

2081 4052 2218 4106 Male
2250 4056 2470 4122 ttulinus
2493 4069 2722 4120 euntque
2744 4064 2961 4108 secutus
2993 4054 3516 4122 Gliri‘stophorsonus
3530 4052 3643 4110 ver‘

2083 4133 2261 4177 terunt
2311 4121 2379 4175 In
2418 4123 2514 4174 hoc
2550 4124 2688 4189 quod
2717 4139 2853 4176 nunc
2905 4125 3106 4190 geritur
3131 4121 3261 4176 bello
3305 4123 3558 4180 Iudaico.
3588 4126 3648 4182 lu

2081 4192 2269 4246 eodem
2300 4208 2512 4263 quoque
2551 4207 2738 4263 errore
2782 4201 3024 4263 versatus
3058 4194 3442 4263 est_Sca|iger,
3475 4205 3535 4248 ut
3580 4210 3641 4250 e1

2082 4260 2559 4337 [Euseliiauisjejus
2584 4260 3155 4337 Aniinatlversionibus
3196 4260 3488 4337 colligitur,
3505 4280 3645 4337 pag.

2078 4331 2203 4387 298.
2236 4331 2449 4385 Putavit
2476 4334 2617 4385 enim
2645 4330 2704 4382 τὸ
2722 4330 2841 4381 νῦν
2857 4331 2961 4384 dici
2997 4347 3101 4385 non
3144 4347 3302 4401 posse
3327 4330 3451 4387 _nisi
3485 4330 3552 4387 de
3587 4330 3645 4387 re

2082 4404 2370 4471 admodum
2394 4402 2621 4463 recenti,
2662 4416 2726 4452 ue
2749 4402 2921 4453 dicam
2949 4404 3217 4468 praesenti.
3250 4402 3433 4471 itaque
3447 4418 3516 4457 ex
3545 4406 3643 4467 hac

419 4464 559 4527 otius
585 4472 636 4523 in
660 4472 905 4523 oratione
932 4470 987 4532 2,
1035 4464 1372 4525 etFirmicus
1400 4464 1458 4524 in
1504 4474 1654 4529 libris
1687 4464 1977 4532 Matlteseos
2012 4464 2055 4522 ί)
2082 4469 2276 4525 JUSliUi
2314 4486 2446 4524 V008
2472 4472 2776 4523 ιιθοθδδίινίο
2815 4464 3068 4538 εοιιδὲίιυί
3105 4472 3201 4536 “il.
3228 4464 3423 4527 Deut-1m
3452 4464 3641 4527 διιδεῖ-

414 4556 520 4596 non
552 4540 744 4612 semel.
791 4538 1039 4612 Clemens
1064 4540 1291 4612 denique
1339 4541 1554 4612 inlibro
1594 4560 1608 4598 ι
1645 4543 1978 4612 liecognitio-

413 4625 562 4675 nunt,
596 4610 737 4661 haud
769 4608 955 4683 procul
983 4611 1049 4663 ab
1081 4609 1280 4683 initio:
1322 4610 1633 4683 (Egyptian,
1673 4608 1862 4682 inquit,
1890 4633 1979 4683 με-

413 4689 543 4739 tant,
591 4689 743 4746 atque
780 4678 851 4753 itii
890 4677 1247 4753 uictima/tantis
1282 4681 1361 4734 uel
1389 4677 1649 4749 prophetis
1686 4677 1772 4752 qui
1804 4677 1976 4753 adytis

412 4760 665 4813 prmum,
717 4751 916 4802 amicus
945 4749 1167 4818 eﬂ'iciar;
1215 4760 1261 4802 et
1294 4753 1512 4813 pecunia
1554 4749 1827 4805 invitatum
1866 4749 1978 4808 {ua-

413 4832 536 4890 gum
581 4819 853 4890 precabor,
885 4818 1169 4890 utetlucat
1203 4821 1327 4871 milii
1365 4821 1595 4874 animam
1628 4824 1692 4876 dc
1731 4824 1973 4890 infernis.

417 4885 654 4939 lt‘uerunt
706 4888 868 4940 etiam
914 4888 1034 4940 Idaei
1081 4886 1229 4942 Jovis
1279 4892 1553 4956 propheta:
1599 4892 1648 4945 in
1692 4885 1875 4954 Creta,
1911 4897 1977 4949 de

414 4956 611 5023 quibus
635 4956 960 5026 Porphyrius
987 4958 1041 5009 in
1076 4957 1214 5013 libro
1249 4975 1313 5012 ιιι
1352 4959 1425 5011 De
1449 4961 1784 5015 abstinentia.
1806 4964 1977 5019 Porro

414 5028 481 5079 de
512 5027 790 5093 prophetis
836 5027 1056 5080 Antinoi
1096 5029 1165 5082 ab
1204 5029 1444 5082 Adriano
1478 5032 1736 5085 institutis
1774 5034 1977 5088 mentio

412 5095 589 5168 estin
622 5095 786 5168 veteri
822 5095 1173 5168 inscriptione
1219 5097 1405 5153 Graeca
1444 5116 1605 5168 quam
1654 5104 1845 5155 citavit
1875 5103 1977 5157 Ca-

411 5164 685 5221 saubonus
712 5165 762 5216 in
788 5165 926 5217 notis
963 5167 1032 5218 ad
1058 5166 1422 5234 Spartianum.
1450 5164 1599 5224 Adde
1631 5173 1717 5225 hic
1741 5181 1973 5227 veterem

413 5234 819 5310 i_nscri.ptione_m
848 5250 1005 5310 quam
1049 5239 1213 5310 refert
1242 5237 1517 5310 Gruterus
1548 5255 1670 5310 pag.
1703 5242 1827 5304 5M,
1886 5242 1973 5295 ubi

413 5303 610 5379 Embes
641 5303 1176 5379 quidaurAjlgyptins
1207 5309 1491 5379 προφήτης
1539 5303 1756 5375 dicitur,
1792 5303 1842 5363 id
1891 5320 1976 5364 est

415 5376 665 5428 sacerdos
697 5374 1007 5443 Serapidis.
1040 5377 1220 5441 Quare
1251 5374 1602 5433 'uon'niirum
1642 5391 1723 5433 est
1747 5381 1790 5434 si
1824 5382 1976 5433 Anti-

412 5456 549 5519 nous
603 5446 671 5498 ab
720 5445 982 5519 Adriauo_
1013 5458 1379 5519 consecratus,
1427 5452 1716 5519 prophetas
1763 5452 1971 5512 habuit,

410 5512 607 5580 quippe
650 5529 771 5585 cum
803 5516 869 5568 ab
916 5514 1184 5584 [Egyptiis
1225 5512 1493 5585 praecipue
1527 5512 1820 5573 coleretur.
1864 5520 1974 5573 Gur

412 5590 592 5655 autem
621 5581 869 5655 {Egyptii
896 5581 1185 5654 prophetas
1226 5581 1477 5641 vocarent
1506 5589 1779 5642 antistites
1824 5604 1969 5655 suos,

426 5648 539 5702 hinc
564 5648 1042 5727 mihi—causajess'e
1070 5657 1296 5721 videtur,
1326 5660 1468 5727 quod
1500 5648 1972 5727 arcanagquaadaui

410 5732 563 5772 sacra
593 5735 656 5775 ac
691 5724 945 5792 mysteria
977 5725 1043 5780 ab
1091 5727 1157 5781 iis
1186 5728 1322 5782 tradi
1344 5724 1651 5783 crederent.
1690 5724 1972 5798 Propheta:

2080 4558 2201 4595 cmn
2251 4542 2352 4595 sub
2389 4539 2971 4610 extremaAdrianig
3009 4551 3250 4610 tempora
3304 4542 3644 4610 proﬂigatum

2080 4611 2247 4665 fuiSse
2264 4651 2280 4673 ,
2299 4619 2352 4663 et
2373 4609 2639 4663 Justinum
2663 4607 2931 4680 Antonino
2955 4608 3055 4680 Pio
3071 4607 3647 4680 Apologeiicum—suum

2078 4682 2338 4754 obtulisse
2377 4679 2606 4754 imperii
2660 4677 2776 4754 ejus
2809 4678 2981 4754 initio.
3000 4677 3210 4754 yerum
3243 4677 3380 4754 nihil
3427 4697 3647 4736 necesse

2078 4759 2161 4804 est
2216 4752 2289 4803 ita
2337 4749 2637 4819 aﬂirniare;
2681 4748 2776 4798 νῦν
2803 4748 2945 4819 enim
2981 4749 3085 4802 dici
3127 4760 3303 4816 potest
3340 4751 3408 4806 de
3440 4767 3500 4804 re
3526 4768 3647 4819 qua:

2079 4830 2261 4873 nostra
2310 4830 2466 4873 tetate
2514 4818 2656 4870 facta
2701 4824 2815 4883 est,
2868 4815 3295 4886 idemque’valet
3324 4836 3387 4874 ac
3422 4820 3484 4872 τὸ
3508 4815 3649 4871 καθ’

2077 4886 2252 4956 ἡμᾶς,
2278 4890 2420 4958 quod
2452 4887 2996 4958 Eusebiusnsurpare
3036 4887 3171 4942 solet
3196 4891 3261 4943 de
3289 4891 3449 4943 rebus
3481 4890 3647 4943 multo

2078 4955 2205 5029 ante
2228 4955 2424 5026 gestis:
2451 4967 2650 5029 ut_cutn
2682 4956 2814 5029 dicit
2833 4955 2904 5029 de
2926 4956 3227 5029 Porphyrio
3249 4960 3590 5029 philosopho,
3617 4961 3647 5012 ὁ

2078 5028 2199 5082 καθ’
2227 5024 2372 5098 ἡμᾶς
2405 5024 2743 5098 γενόμενοςε
2767 5026 3008 5098 Denique
3034 5024 3163 5096 ipse
3188 5024 3434 5082 Justinus
3463 5024 3515 5083 in
3545 5031 3648 5083 hoc

2079 5100 2199 5152 loco
2234 5095 2391 5166 quem
2421 5095 2548 5164 pra:
2585 5095 2831 5166 manibus
2866 5095 3149 5166 habemus,
3188 5100 3253 5151 de
3280 5101 3520 5154 Antinoo
3571 5101 3645 5154 ita

2078 5161 2316 5236 loquitur
2351 5184 2364 5221 :
2413 5161 2677 5239 ΪᾹντινόου
2728 5161 2821 5214 τοῦ
2867 5164 2961 5239 νῦν
3000 5168 3313 5239 γενομένου,
3347 5169 3397 5221 id
3428 5180 3534 5235 est,
3582 5173 3648 5223 de

2077 5235 2312 5291 Antinoo
2343 5238 2431 5304 qui
2466 5241 2827 5309 nos_tra‘:_etate
2852 5235 3008 5290 vixit.
3041 5235 3198 5292 Certe
3219 5239 3514 5309 Grmcirvﬁv
3550 5255 3647 5309 po—

2079 5319 2214 5379 nunt
2244 5302 2635 5379 pronuper._lta
2660 5303 3025 5379 Septironius,
3052 5312 3140 5379 qui
3166 5310 3360 5362 librum
3384 5302 3650 5379 Hierony-

2078 5378 2148 5430 mi
2185 5373 2260 5429 Πὸ
2299 5373 2638 5442 scriptoribus
2679 5373 3040 5429 ecclesiasticis
3072 5377 3259 5432 Grmce
3284 5373 3648 5442 vertit,_verba

2078 5448 2165 5499 illa
2221 5443 2530 5514 Hieronymi
2573 5455 2693 5518 cap.
2861 5442 3206 5515 Euangelium
3256 5464 3461 5518 quoque
3512 5452 3650 5516 quod

2084 5517 2384 5584 appellatur
2404 5510 2688 5566 secundum
2725 5510 2995 5576 Hebrazos,
3013 5510 3067 5568 Et
3087 5534 3116 5568 a
3134 5533 3214 5570 me
3238 5510 3398 5570 n'une'r
3418 5519 3471 5570 in
3495 5510 3645 5574 (ἕνω-

2078 5602 2195 5640 cum
2236 5584 2590 5650 Latinumque
2627 5596 2913 5650 sermonem
2969 5588 3282 5640 translatum
3326 5595 3426 5650 est,
3464 5589 3651 5646 Graeco

2076 5656 2246 5728 dixit:
2287 5649 2577 5728 Ὅπερ-εἶπ’
2630 5649 2763 5718 ἐμοῦ
2812 5653 2920 5728 νύν
2945 5656 3035 5728 ἐἰς
3059 5657 3156 5725 τὴν
3207 5649 3523 5728 Ἑλληνικὴν
3558 5656 3652 5709 καὶ

2088 5726 2397 5795 Ῥωμαϊκὴν
2427 5720 2672 5791 γλῶτταν
2706 5723 3024 5795 μετεϐλήθη.
