4016 6260
435 314 539 372 327

1144 309 1409 366 EUSEBH
1447 307 1926 366 CJESARIENSIS
1964 306 1988 363 (

2101 350 2116 364 .
2159 307 2339 363 PARS
2377 309 2420 366 1.
2458 341 2530 352 —
2568 309 2961 368 HISTORICA.

3584 317 3695 372 528

437 434 536 489 bus
565 432 804 501 solisque
831 431 1162 486 clamoribus
1185 440 1426 486 utantur.
1455 430 1666 486 Etenim
1699 429 1870 484 multo
1891 427 1988 498 just

2111 427 2233 481 οὐδὲ
2269 428 2458 499 μόναις
2507 430 2674 501 βοαῖς.
2714 431 2901 503 Πολλῷ
2932 431 3042 504 γὰρ
3089 433 3286 504 μᾶλλον
3333 433 3604 505 προσῆκεν
3641 436 3701 490 ετ

436 527 542 582 tius
568 525 731 580 fuerit
769 539 1094 596 cognoscere
1126 532 1195 588 te,
1235 525 1278 577 si
1309 524 1432 593 quis
1462 538 1724 576 accusare
1755 522 2008 576 voluerit.

431 618 586 685 Quod
633 617 677 672 si
713 617 836 686 quis
885 633 980 672 eos
1027 617 1319 679 detulerit,
1363 614 1783 684 probaveritque
1818 623 2006 668 contra

431 710 578 781 leges
621 711 911 780 quidquam
958 727 1138 777 agere,
1175 724 1229 767 tu
1278 727 1375 780 pro
1421 711 1692 782 gravitate
1731 709 1912 764 delicti
1955 710 2008 763 in

429 816 526 857 eos
551 811 747 857 statue.
777 803 871 857 Sin
902 803 1211 858 mehercule
1243 803 1532 858 calumnia!
1557 817 1717 858 causa
1747 802 1892 857 istud
1919 802 2007 855 in-

431 896 682 960 tenderit,
715 911 936 964 operam
971 896 1124 951 dabis
1151 905 1210 950 ut
1239 911 1336 966 pro
1365 898 1641 966 gravitate
1676 894 1928 950 criminis
1951 895 2006 948 in

431 988 580 1044 illum
612 989 1032 1046 animadvertas.
1063 1008 1082 1042 ι
1122 987 1188 1043 Et
1217 989 1329 1044 haec
1355 989 1577 1059 quidem
1626 989 1694 1044 de
1743 989 2006 1060 rescripto

426 1082 679 1138 Adriani.

1042 1173 1271 1231 CAPUT
1311 1173 1382 1228 Χ.

427 1264 534 1332 Qui
563 1266 742 1324 Roma:
777 1276 826 1323 et
854 1268 1190 1390 Alexandre
1229 1266 1454 1349 episcopi
1484 1265 1678 1336 fuerint
1719 1267 2006 1332 imperante

1131 1346 1365 1390 ntomno-

1131 1346 1366 1397 ntonitto.

495 1491 761 1549 Craterum
809 1494 1047 1550 Adriano
1095 1495 1202 1548 vita
1256 1493 1542 1561 perfuncto
1589 1507 1710 1544 cum
1747 1507 1910 1545 unum
1943 1500 1999 1545 et

422 1584 614 1656 viginti
663 1582 834 1640 annos
870 1588 1230 1655 imperasset,
1267 1585 1594 1648 Antoninus,
1640 1591 2002 1652 cognomento

421 1671 573 1736 Pius,
592 1675 1118 1730 administrationem
1147 1675 1360 1744 imperii
1389 1671 1837 1742 suscepiLHnjus
1859 1687 2000 1726 anno

421 1767 621 1836 primo.
653 1783 774 1821 cum
805 1767 1170 1835 Telesphorus
1207 1767 1495 1834 migrasset
1523 1779 1554 1820 e
1589 1767 1698 1820 vita
1745 1780 1885 1819 anno
1913 1765 1992 1819 sui

421 1858 765 1926 episcopatus
793 1859 1102 1922 undecimo,
1135 1858 1512 1925 pontiﬁcatum
1559 1856 1820 1911 Romanae
1847 1857 2000 1910 urbis

421 1951 652 2004 sortitus
696 1959 780 2005 est
835 1948 1094 2020 Hyginus.
1152 1949 1317 2004 Porro
1363 1945 1756 2017 TeleSpltorum
1811 1947 2001 2003 scribit

425 2042 587 2114 124
615 2044 848 2097 Irenzcus
878 2042 1068 2096 illustri
1104 2041 1364 2112 martyrio
1395 2041 1563 2094 vitam
1612 2039 1842 2094 ﬁuiisse.
1879 2042 1998 2106 Quo

420 2134 541 2190 loco
573 2135 733 2188 etiam
763 2136 918 2188 docet
959 2149 1125 2202 supra
1177 2131 1464 2188 memorati
1503 2130 1698 2202 Hygini
1740 2132 1998 2199 tempori-

419 2226 540 2293 bus,
574 2227 915 2280 Valentinum
944 2225 1174 2295 propriae
1207 2233 1367 2278 secta:
1393 2225 1755 2287 conditorem,
1784 2233 1839 2277 et
1861 2223 1995 2277 Cer—

421 2322 614 2375 donem
636 2319 842 2374 erroris
866 2317 1307 2372 Marcionitarum
1332 2327 1632 2378 auctorem,
1661 2314 1848 2371 Romae
1874 2330 1992 2370 am-

419 2412 518 2466 bos
544 2409 810 2465 ﬂoruisse.
849 2409 1021 2464 Verba
1052 2410 1170 2479 ejus
1197 2410 1312 2464 haec
1355 2417 1502 2463 sunt.

1015 2589 1243 2646 CAPUT
1281 2587 1372 2646 Xl.

415 2677 498 2736 De
528 2679 608 2734 Itis
633 2679 725 2750 qui
744 2680 922 2733 eodem
945 2689 1174 2748 tempore
1196 2691 1460 2754 sectorum
1487 2691 1729 2734 auctores
1755 2681 1992 2748 fuerunt.

492 2789 514 2825 ι
542 2771 672 2826 Nam
691 2771 1027 2834 Valentinus,
1047 2771 1240 2840 inquit,
1267 2771 1494 2825 Romam
1515 2771 1662 2825 venit
1678 2771 1994 2841 pontiﬁcatu

417 2863 635 2934 Hygini.
667 2863 846 2934 Viguit
879 2872 1058 2916 autem
1094 2863 1427 2932 temporibus
1469 2862 1571 2926 Pii,
1611 2863 1704 2931 qui
1755 2861 1824 2916 ad
1863 2863 1996 2916 Atti-

415 2967 594 3013 cetum
619 2971 790 3025 usque
805 2955 1126 3026 permansit.
1155 2954 1367 3008 Cerdon
1385 2969 1537 3019 vero,
1555 2954 1644 3023 qui
1666 2954 1992 3010 Marcioncm

417 3047 732 3111 antecessit,
763 3048 878 3116 ipse
897 3046 1445 3117 quoquepouliﬁcatu
1476 3046 1670 3117 Hygini
1700 3047 1792 3117 qui
1819 3062 1992 3102 nonus

416 3139 517 3195 fuit
549 3138 854 3208 episcopus,
889 3153 1010 3192 cum
1042 3137 1107 3212 ad
1133 3136 1427 3191 Ecclesiam
1455 3137 1712 3203 venisset,
1744 3146 1799 3190 et
1831 3152 1986 3192 erro-

2110 537 2196 584 τις
2228 525 2555 595 κατηγορεῖν
2591 522 2830 593 βούλοιτο
2850 563 2865 587 ,
2896 523 3054 577 τοῦτό
3093 541 3153 578 σε
3187 525 3582 594 διαγινώσκειν.
3630 526 3701 582 El

2111 627 2195 674 τις
2227 607 2321 664 οὖν
2347 616 2644 684 κατηγορεῖ
2680 615 2775 668 καὶ
2809 613 3048 667 δείκνυσί
3079 631 3132 667 τι
3165 615 3317 687 παρὰ
3341 617 3468 680 τοὺς
3495 616 3696 688 νόμους

2110 703 2468 776 πράττοντας,
2499 703 2672 770 οὕτως
2696 704 2845 778 ὅριζε
2873 705 3015 760 κατὰ
3036 706 3132 777 τὴν
3153 707 3382 778 δύναμιν
3405 707 3498 761 τοῦ
3517 709 3698 780 ἀμαρ-

2107 797 2380 867 τήματοςο
2421 796 2518 862 ώς,
2563 796 2639 868 μὰ
2675 797 2765 852 τὸν
2805 797 3096 870 Ἡρακλέα,
3125 800 3179 852 εῖ
3211 816 3295 863 τις
3331 798 3692 868 συκοφαντίαι,

2109 887 2270 958 χάριν
2294 887 2453 942 τοῦτο
2485 887 2777 959 προτείνοι,
2803 887 3305 959 διαλάμῦανεὺπὲρ
3331 889 3430 961 τῆς
3453 889 3698 960 δεινότη-

2104 999 2218 1046 τος,
2253 981 2346 1034 καὶ
2381 978 2636 1052 φρόντιζε
2683 981 2832 1044 ὅπως
2877 980 2944 1034 ἂν
2981 981 3344 1052 ὲκδικήσειας.
3403 1001 3422 1034 ι
3467 982 3577 1035 Καὶ
3621 979 3693 1037 τὰ

2110 1071 2209 1144 μὲν
2246 1073 2346 1144 τῆς
2390 1071 2668 1144 Ἀδριανοῦ
2699 1073 3040 1144 ἀντιγραφῆς
3063 1071 3309 1127 τοιαῦτα.

2655 1166 3053 1220 ΚΕΦΑΛΑΙΟΝ
3085 1168 3140 1220 I'.

2111 1255 2276 1320 Τίνες
2299 1255 2395 1309 ἐπὶ
2437 1254 2545 1324 τῆς
2591 1257 2947 1310 Ἀντωνίνου
2989 1258 3312 1324 βασιλείας
3362 1258 3682 1311 ἐπίσκοποι

2177 1325 2490 1466 ἐξωμαίὲρᾷ
2515 1327 2614 1380 καὶ
2651 1327 3084 1396 Ἀλεξανδρέων
3123 1330 3398 1398 γεγόνασι
3431 1329 3567 1399 (Nic.
3615 1327 3688 1384 Η.

2199 1433 2242 1449 ι.
2291 1413 2376 1461 ttt,
2437 1413 2470 1451 ὲ)
2503 1436 2516 1450 .

2173 1487 2375 1542 Τούτου
2417 1488 2473 1542 δὲ
2513 1489 2573 1542 τὸ
2621 1489 2802 1562 χρεὼν
2855 1488 2991 1560 μετὰ
3042 1489 3258 1561 πρῶτον
3299 1491 3394 1544 καὶ
3447 1488 3689 1544 εἰκοστὸν

2103 1577 2221 1644 ἔτος
2251 1579 2582 1644 ὲκτίσαντος,
2632 1582 2946 1645 Ἀντωνῖνος
2978 1582 3006 1633 ὁ
3045 1580 3266 1650 κληθεὶς
3297 1582 3540 1649 Εὐσεϐὴς
3586 1581 3685 1653 τὴν

2114 1669 2400 1742 Ῥωμαίων
2426 1671 2599 1744 ἀρχὴν
2619 1673 2944 1744 διαδέχεται.
2977 1672 3178 1726 Τούτου
3201 1673 3257 1727 δὲ
3279 1675 3334 1727 ἐν
3357 1674 3465 1727 ἔτει
3486 1674 3686 1747 πρώτῳ

2105 1763 2444 1834 Τελεσφόρου
2517 1764 2608 1818 τὸν
2683 1765 2796 1833 βίον
2861 1765 3128 1836 ἑνδεκάτῳ
3191 1765 3289 1835 τῆς
3349 1765 3686 1838 λειτουργίας

2035 1835 2078 1894 Β
2107 1854 2336 1926 ἐνιαυτῷ
2365 1855 2816 1926 μεταλλάξαντοςν
2853 1856 3062 1926 ’Υγῖνος
3084 1856 3173 1910 τὸν
3197 1855 3394 1930 κλῆρον
3417 1858 3513 1928 τῆς
3531 1835 3686 1911 ’Ῥω-

2111 1947 2284 2018 μαίων
2322 1948 2625 2019 ἐπισκοπῆς
2665 1949 3100 2021 παραλαμϐάνει.
3145 1949 3368 2021 Ἱστορεῖ
3401 1967 3463 2019 γε
3507 1950 3613 2021 μὴν
3655 1952 3686 2004 ὁ

2105 2038 2391 2109 Εἰρηναῖος
2427 2038 2517 2092 τὸν
2573 2038 2908 2111 Τελεσφόρον
2957 2039 3239 2112 μαρτυρίῳ
3283 2039 3380 2110 τὴν
3428 2040 3684 2110 τελευτὴν

2103 2127 2432 2200 διαπρέψαι,
2475 2129 2648 2201 δηλῶν
2700 2133 2758 2184 ὲν
2803 2130 2982 2202 ταὺτῷ
3031 2132 3171 2186 κατὰ
3216 2133 3306 2184 τὸν
3359 2132 3684 2202 δηλούμενον

2117 2220 2401 2290 Ῥωμαίων
2443 2223 2742 2275 ἐπίσκοπον
2783 2223 3015 2291 Ὑγῖνον,
3053 2222 3398 2276 Οὐαλεντῖνον
3437 2224 3568 2286 ἰδίας
3600 2224 3686 2277 αἱ-

2107 2313 2307 2385 ρέσεως
2338 2313 2654 2384 εἰσηγητὴν,
2683 2315 2780 2368 καὶ
2809 2314 3068 2384 Κέρδωνα
3093 2315 3191 2383 τῆς
3217 2314 3356 2369 κατὰ
3381 2315 3685 2386 Μαρκίωνα

2034 2401 2042 2420 ³
2104 2405 2312 2476 πλάνης
2336 2405 2597 2476 ἀρχηγὸν,
2620 2405 2710 2458 ἐπὶ
2735 2406 2832 2476 τῆς
2871 2405 3090 2478 Ῥώμης
3111 2408 3276 2478 ἄμφω
3297 2406 3682 2480 γνωρίζεσθαι.

2103 2497 2307 2568 Γράςςει
2335 2496 2391 2549 δὲ
2420 2496 2611 2560 οὕτως.

2626 2591 3022 2643 ΚΕΦΑΛΑῘΟΝ
3055 2591 3159 2644 ΙΑ’.

2104 2681 2239 2748 Περὶ
2257 2680 2372 2734 τῶν
2392 2682 2517 2734 κατ’
2536 2682 2756 2748 αὐτοὺς
2771 2681 3317 2754 αἵρεσιαρχῶν(Νἱς.
3340 2681 3408 2737 Η.
3422 2683 3484 2736 Ε.
3501 2699 3584 2749 ttt,
3600 2684 3681 2754 4).

2173 2791 2192 2823 ι
2229 2771 2578 2835 Οὐαλεντῖνος
2606 2773 2704 2842 μὲν
2731 2773 2837 2844 γὰρ
2865 2769 3026 2844 ἦλθεν
3055 2775 3135 2836 εἰς
3173 2772 3389 2844 Ῥώμην
3411 2775 3502 2827 ἐπὶ
3538 2775 3683 2843 ’Υγί-

2101 2881 2212 2928 νου,
2242 2865 2456 2935 ἦκμασε
2493 2865 2547 2918 δὲ
2582 2866 2674 2918 ἐπὶ
2705 2866 2856 2927 Πίου.
2893 2866 2988 2918 καὶ
3029 2865 3355 2936 παρέμεινεν
3401 2867 3504 2930 ἕως
3543 2867 3654 2920 Ἀνι

2102 2957 2285 3028 κήτου.
2337 2956 2560 3028 Κέρδων
2584 2957 2640 3010 δὲ
2682 2957 2710 3008 ὁ
2748 2957 2856 3028 πρὸ
2898 2958 3238 3028 Μαρκίωνος,
3272 2959 3362 3012 καὶ
3395 2958 3555 3022 αὐτὸς
3587 2959 3683 3012 ἐπὶ

2113 3049 2326 3118 Ὑγίνου
2358 3050 2416 3112 ὃς
2449 3044 2516 3120 ἦν
2551 3048 2735 3111 ἔνατος
2779 3049 3076 3114 ἐπίσκοπος
3128 3050 3264 3121 (26),
3297 3053 3376 3115 εἰς
3416 3053 3516 3122 τὴν
3553 3053 3682 3105 Ἐκ-

2100 3139 2328 3210 κλησίαν
2359 3138 2529 3192 ἐλθὼν
2557 3139 2650 3192 καὶ
2671 3139 3176 3210 ἐξομολογούμενος,
3199 3141 3342 3194 οὕτω
3389 3142 3677 3207 διετέλεσε,

413 3247 530 3290 rem
585 3247 742 3288 suum
778 3229 1058 3286 confessus
1088 3239 1252 3293 esset,
1285 3229 1357 3282 ita
1393 3229 1642 3298 deinceps
1673 3243 1988 3298 persevera-

2102 3231 2231 3284 ποτὲ
2269 3232 2365 3302 μὲν
2427 3229 2928 3302 λαοροδιδασκαλῶν
2969 3232 3102 3303 (27),
3139 3235 3266 3286 ποτὲ
3303 3234 3359 3286 δὲ
3395 3234 3552 3288 πάλιν
3589 3236 3678 3301 ὲξ-

409 3323 491 3380 vit
518 3341 536 3379 :
567 3321 836 3378 interdum
860 3321 1074 3377 occulte
1099 3323 1320 3387 docens,
1347 3319 1619 3375 interdum
1645 3335 1832 3374 rursus
1857 3336 1986 3373 con-

411 3413 574 3471 ﬁtens
607 3429 887 3468 errorem:
923 3428 1314 3482 nonnunquam
1337 3413 1620 3466 convictus
1652 3411 1828 3480 impia:
1851 3411 1986 3464 doc-

413 3509 594 3571 trinae,
614 3522 788 3578 eoque
813 3509 1034 3562 nomine
1066 3522 1095 3560 a
1125 3506 1354 3560 fratrum
1381 3513 1650 3558 conventu
1684 3512 1979 3557 remotus»

411 3600 542 3658 [late
586 3601 822 3656 lrenaeus
850 3601 904 3654 in
952 3601 1114 3654 tertio
1144 3597 1404 3652 Adversus
1460 3596 1683 3650 haereses
1737 3594 1895 3647 libro.
1929 3593 1983 3646 In

409 3691 586 3761 primo
619 3700 798 3744 autem
834 3693 945 3744 ha'c
983 3703 1172 3743 rursus
1209 3687 1278 3742 de
1301 3685 1548 3740 Cerdone
1577 3685 1710 3739 dicit
1745 3703 1758 3738 :
1790 3702 1808 3736 ‹
1849 3684 1983 3740 Cer-

409 3780 516 3836 don
554 3793 729 3836 autem
760 3781 977 3850 quidem
1003 3797 1068 3834 ex
1099 3778 1338 3833 Simonis
1363 3778 1646 3846 disciplina
1683 3775 1981 3844 prolectus,

408 3889 532 3929 cum
585 3876 810 3929 Romam
862 3873 1098 3928 venisset
1146 3872 1469 3942 pontiﬁcatu
1525 3869 1744 3940 Hygini,
1786 3868 1880 3936 qui
1931 3867 1984 3920 in

409 4037 567 4099 urbe,
598 4044 710 4089 tum
740 4035 793 4088 in
827 4031 1143 4100 provinciis,
1177 4031 1388 4098 quoties
1423 4029 1486 4082 ad
1524 4027 1974 4100 publicaspecta-

408 4108 529 4163 cula
555 4097 916 4160 cenvenerat.
948 4097 1208 4169 quidquid
1254 4101 1463 4153 libitum
1499 4107 1641 4169 erat,
1671 4097 1752 4152 vel
1786 4097 1814 4151 ιι
1840 4114 1980 4164 prte-

410 4177 551 4239 side,
586 4175 668 4228 vel
697 4175 766 4228 ab
797 4168 1129 4235 imperatore
1161 4169 1366 4237 junctis
1399 4168 1624 4239 vocibus
1655 4170 1979 4239 postularet.

407 4238 582 4315 Cujus
621 4246 697 4297 rei
724 4251 975 4315 sexcenta
1010 4249 1300 4292 occurrunt
1337 4238 1587 4304 exempla
1623 4238 1760 4306 apud
1802 4241 1984 4306 Augu-

409 4311 506 4372 σιιὲ
537 4312 786 4367 Historia:
814 4311 1124 4376 scriptores.

482 4384 593 4454 (26)
612 4385 716 4446 Ὃς
736 4374 1038 4454 ἧιςένᾴτος
1051 4378 1402 4454 ἐπίσκοπος.
1422 4376 1596 4454 Locus
1613 4374 1794 4454 [renati
1815 4386 1991 4454 exstat

2054 3341 2060 3347 '
2089 3320 2526 3393 ομολογοὺμενος
2557 3321 2690 3392 (‘23),
2723 3321 2853 3376 ποτὲ
2885 3323 2940 3375 δὲ
2971 3322 3325 3394 ἐλεγχόμενος
3341 3327 3422 3394 ἐφ’
3466 3319 3543 3390 οἷς
3568 3326 3678 3380 ιδί-

2088 3415 2254 3468 δασκε
2280 3412 2488 3476 κακῶς,
2512 3413 2604 3465 καὶ
2634 3415 3000 3484 ἀφιστάμενος
3029 3415 3126 3486 τῆς
3154 3415 3262 3468 τῶν
3291 3417 3532 3486 ἀδελφῶν
3555 3433 3677 3472 συν-

2089 3503 2236 3566 οδίας
2261 3503 2390 3572 (9.9).
2426 3522 2443 3552 ι
2473 3501 2659 3554 Ταῦτα
2681 3503 2738 3558 δέ
2773 3519 2935 3573 φησιν
2968 3505 3027 3555 ὲν
3053 3504 3219 3576 τρίτῳ
3257 3505 3364 3558 τῶν
3389 3508 3543 3574 Πρὸς
3571 3507 3676 3574 τὰ(

2097 3594 2385 3663 αἱρέσεις.
2438 3594 2535 3646 Ἔν
2593 3610 2655 3662 γε
2703 3593 2806 3664 μὴν
2846 3593 2924 3666 τῷ
2967 3589 3166 3666 πρώτῳ
3208 3592 3362 3660 αὖθις
3408 3597 3534 3668 περὶ
3581 3596 3675 3650 τοῦ

2091 3687 2374 3756 Κέρδωνος
2415 3685 2586 3739 ταῦτα
2617 3685 2873 3751 διέξεισιο
2911 3706 2929 3737 ι
2971 3687 3194 3758 Κέρδων
3225 3688 3282 3741 δέ
3315 3707 3397 3752 τις
3431 3690 3538 3742 ἀπὸ
3567 3689 3674 3745 τῶν

2092 3777 2220 3848 περὶ
2253 3776 2344 3829 τὸν
2379 3776 2600 3846 Σίμωνα
2639 3775 2736 3838 τὰς
2764 3777 3016 3846 ἀφορμὰς
3051 3777 3252 3839 λαϐὼν.
3281 3780 3372 3832 καὶ
3401 3781 3670 3852 ἐπιδημή-

2094 3885 2192 3932 σας
2225 3870 2282 3920 ὲν
2328 3871 2393 3939 τῇ
2449 3867 2638 3940 Ῥώμῃ
2693 3868 2783 3920 ἐπὶ
2843 3869 3057 3937 ’Υγίνου
3100 3870 3284 3924 ἔνατον
3332 3871 3529 3942 κλῆρον
3575 3873 3668 3941 ri];

2086 4029 2297 4084 occulte
2344 4027 2647 4082 doctrinam
2683 4044 2741 4081 su
2765 4044 2836 4081 tm
2894 4040 3232 4098 spargentem
3256 4071 3270 4089 ,
3313 4043 3453 4084 nunc
3484 4043 3667 4087 rursus

2089 4101 2438 4153 conﬁtentem
2473 4113 2715 4152 errorem
2753 4114 2909 4152 suum
2932 4141 2946 4163 ,
2985 4116 3128 4152 nunc
3161 4101 3469 4152 convictum
3494 4115 3666 4168 prava:

2091 4169 2464 4238 lucretirzeque
2489 4169 2769 4226 doctrinae.
2831 4184 3007 4236 eoque
3055 4171 3271 4222 nomine
3325 4169 3392 4221 ab
3425 4170 3664 4224 Ecclesia

2099 4249 2470 4306 segregatum.
2497 4239 2571 4292 Ex
2609 4239 2804 4306 quibus
2834 4240 3091 4307 colligere
3126 4239 3271 4296 licet.
3300 4239 3350 4292 in
3389 4241 3663 4294 lucresens

2097 4310 2324 4362 crimine
2362 4309 2614 4362 secunda).
2643 4309 2970 4363 confessioni
3025 4308 3204 4364 locum
3244 4309 3438 4372 fuisse;
3469 4321 3520 4362 et
3554 4313 3662 4365 lli£~

2103 4381 2299 4432 retices
2335 4379 2425 4448 qui
2459 4388 2577 4444 post
2610 4379 3012 4434 confessionem
3055 4388 3108 4432 et
3147 4381 3542 4432 abdicationem
3580 4395 3662 4434 er-

411 4455 466 4510 in
490 4447 594 4507 ‘lib'.
619 4467 702 4516 ιιι,
726 4447 848 4513 th,
869 4450 957 4503 ttbi
985 4459 1136 4502 vetus
1168 4451 1436 4519 interpres
1459 4447 1651 4512 legisse
1673 4448 1990 4516 videturby—
2021 4457 2066 4510 ῐ)
2098 4450 2236 4500 roris
2283 4447 2365 4500 sui
2413 4450 2500 4519 adt
2524 4448 2811 4516 pristinum
2855 4450 3051 4519 dogma
3103 4451 3294 4502 iterum
3353 4450 3660 4508 rediisscut.

408 4523 547 4586 δοος.
574 4523 701 4586 Qtne
733 4522 890 4574 lectio
915 4519 1084 4587 magis
1109 4519 1360 4573 convenit
1396 4517 1618 4577 Irenaeo,
1653 4527 1713 4569 ut
1749 4528 1897 4584 patet
1919 4535 1986 4573 ex

409 4610 460 4649 c.
501 4595 537 4648 5
593 4592 834 4659 ejusdem
892 4589 1038 4649 libri,
1081 4590 1170 4643 ttbi
1217 4589 1488 4642 Romanos
1532 4588 1813 4659 pontiﬁces
1853 4603 1986 4640 euu-

410 4657 633 4719 meraus
661 4661 917 4724 Irenzetts,
946 4669 1196 4714 octavum
1230 4659 1298 4712 ab
1323 4659 1580 4726 apostolis
1608 4657 1874 4728 Hyginum
1908 4675 1984 4713 re-

407 4743 614 4791 censet.
645 4731 745 4786 Hie
776 4741 954 4785 tamen
991 4745 1146 4784 error
1177 4728 1586 4794 antiquissimus
1613 4726 1716 4780 est.
1766 4726 1899 4787 Nam
1929 4739 1983 4782 et

411 4805 577 4859 inlib.
613 4819 631 4858 ι
671 4803 878 4862 Ιτειιειιί,
907 4817 1026 4870 cap.
1054 4801 1147 4862 28,
1191 4799 1378 4864 ἔνατος
1417 4797 1696 4870 scribitur,
1735 4808 1789 4852 et
1843 4801 1981 4870 apud

409 4873 764 4945 Epiphanium
797 4875 847 4945 in
872 4869 1061 4945 Interesi
1085 4871 1574 4945 Cerdonianorttm,
1604 4869 1731 4945 etin
1759 4869 1981 4945 cpistola

407 4938 660 5016 Cypriani
699 4945 764 4996 ad
799 4941 1131 5016 Pompeium.
1155 4943 1255 5008 Qui
1283 4943 1434 4996 locus
1462 4938 1722 5016 Cypriani
1747 4940 1872 5016 quia
1915 4954 1982 4993 ex

407 5009 611 5071 Irenaeo
665 5028 858 5068 versus
909 5013 1140 5073 videtur.
1197 5029 1301 5066 non
1351 5020 1435 5064 est
1488 5010 1574 5064 hic
1603 5009 1975 5065 omittendus:

407 5084 576 5157 Cujus
607 5085 857 5152 magister
899 5079 1105 5157 Cet-alo»
1129 5082 1244 5157 _sub
1299 5079 1510 5157 Hygino
1551 5090 1674 5134 tunc
1713 5080 1976 5150 episcOpo,

405 5151 498 5226 qui
514 5159 581 5226 fin
617 5151 741 5206 urbe
763 5168 941 5226 nonus
965 5151 1086 5218 fuit,
1119 5151 1337 5226 Romani
1368 5154 1521 5226 venit.

480 5225 604 5295 (27)
655 5219 1256 5295 Ααθροᾷιδᾳσκανζῷγ.
1294 5221 1348 5274 lu
1399 5221 1571 5295 tribus
1624 5220 1824 5295 nostris
1883 5235 1976 5295 cp-

407 5287 618 5350 dic'tbu's
658 5287 796 5348 Μαι.
855 5291 993 5345 Med.
1029 5302 1083 5345 et
1129 5291 1260 5345 Fuk.
1306 5293 1568 5358 seriplum
1609 5300 1696 5344 est
1732 5287 1980 5359 λαοροδι-

403 5364 639 5420 δάσκων.
669 5362 1005 5428 Nicepltorus
1036 5371 1214 5416 tamen
1241 5371 1292 5416 et
1327 5361 1528 5433 Regius
1567 5361 1736 5414 codex
1783 5361 1970 5428 vulga-

408 5443 516 5489 tam
547 5434 830 5488 lectionem
861 5440 1104 5486 tuentur.

477 5503 589 5578 (28)
623 5503 784 5578 Dote
804 5502 872 5578 δὲ
895 5503 1083 5578 mitur
1117 5501 1678 5578 ἐξομολογούμενος.
1731 5498 1974 5578 Notanda

407 5569 534 5632 sunt
555 5569 819 5642 imprimis
845 5577 956 5628 lucc
987 5571 1174 5628 lreuzci
1216 5569 1390 5627 verba“
1425 5569 1490 5625 de
1515 5569 1762 5642 Cerdoue
1785 5571 1974 5642 lucre-

410 5646 554 5701 tieo:
589 5638 746 5713 quem
779 5654 897 5713 post
940 5644 1336 5713 confessionem
1396 5643 1662 5713 haereseos
1695 5640 1760 5713 in»
1785 5638 1972 5691 Eccle-

407 5717 540 5772 sium
602 5709 894 5768 admissum
940 5712 1106 5768 fuisse
1152 5715 1287 5768 dicit
1335 5714 1405 5766 ab
1455 5710 1666 5780 Hygino
1730 5709 1974 5763 Romano

407 5785 682 5850 pontiﬁce.
701 5797 768 5840 ac
789 5785 1042 5852 deinceps
1068 5785 1122 5840 itt
1155 5784 1290 5840 urbe
1309 5783 1479 5839 Koma
1507 5781 1801 5846 mansisse;
1831 5796 1972 5835 nunc

2091 4534 2228 4588 quos
2257 4533 2398 4570 nunc
2429 4517 2964 4588 relapsosvocamus',
3010 4530 3139 4573 tunc
3173 4523 3428 4584 temporis
3474 4522 3539 4572 ad
3571 4535 3657 4574 se-

2086 4587 2352 4659 cundanL
2383 4587 2812 4659 confessioneur
2841 4600 2896 4643 et
2951 4589 3331 4659 paenitentiam
3385 4589 3659 4643 admissos

2086 4655 2548 4728 fuisse._T:tmletn
2597 4673 2724 4711 vero
2781 4655 2980 4718 Cerdo,
3028 4660 3311 4728 convictus
3351 4662 3492 4728 quod
3541 4672 3661 4728 post

2089 4729 2252 4781 toties
2289 4726 2540 4798 iteratam
2572 4729 3016 4797 exomolugesim,
3038 4726 3382 4798 pestiferum’
3402 4726 3551 4783 virus
3573 4746 3655 4782 er-

2085 4799 2226 4851 roris
2249 4798 2328 4850 sui
2362 4797 2581 4868 occulte
2614 4810 2922 4868 spargeret,
2970 4797 3182 4866 penitus
3225 4813 3282 4852 se
3318 4799 3384 4850 alt
3413 4798 3655 4854 Ecclesia

2087 4868 2335 4920 removit.
2362 4865 2414 4917 Id
2453 4871 2598 4920 enim
2637 4865 2835 4920 sonant
2864 4865 3052 4922 lreuzri
3083 4869 3242 4920 verba
3270 4883 3388 4935 quae
3426 4869 3657 4923 Ruﬁnus

2083 4948 2136 4991 et
2159 4938 2981 5007 Cltristopltorsomtsperperam
3013 4955 3130 4991 meo
3159 4938 3361 5006 judicio
3391 4938 3656 5008 interpre-

2085 5009 2179 5060 tati
2237 5018 2381 5060 suut.
2451 5008 2636 5075 Neque
2713 5010 2858 5061 enim
2916 5009 3217 5062 Cerdonem
3280 5022 3345 5062 ex
3411 5009 3653 5062 Ecclesia

2081 5077 2313 5146 ejectum
2345 5077 2512 5130 fuisse
2545 5079 2667 5130 dicit
2698 5076 2957 5138 lrenmns,
3003 5081 3095 5131 sed
3132 5079 3305 5147 ipsum
3343 5093 3401 5130 se
3453 5079 3520 5130 ab
3553 5079 3652 5132 Ec.

2080 5151 2242 5202 clesia
2275 5150 2487 5218 penitus
2521 5163 2864 5216 st-gregasse.
2926 5149 3002 5201 Ex
3042 5163 3147 5215 quo
3187 5156 3407 5216 apparet
3455 5149 3655 5203 Cerdo-

2081 5233 2201 5271 nem
2245 5233 2342 5271 suo
2377 5220 2544 5284 lpSlllS
2585 5220 2787 5286 judicio
2847 5221 3288 5281 condemnatum,
3326 5221 3654 5287 pr.eveuis.~e

2081 5287 2333 5341 Ecclesiae
2357 5289 2708 5342 sententiam.

2147 5358 2260 5422 (‘29)
2333 5357 2750 5426 ’Agtotdytsrog
2802 5359 2912 5428 τῆς
2965 5359 3086 5412 τῶν
3155 5355 3438 5424 ἀδελφῶν
3501 5374 3651 5412 συν-

2077 5428 2263 5494 οδίας.
2307 5428 2360 5480 In
2392 5432 2580 5482 codice
2632 5429 2767 5482 Maz.
2795 5441 2849 5484 et
2893 5429 3028 5484 Fnk.
3077 5430 3336 5498 scriptum
3375 5439 3458 5482 est
3485 5446 3652 5484 συνωο

2075 5499 2208 5563 δίας·
2266 5499 2530 5565 vulgatam
2577 5509 2754 5552 tatneu
2811 5502 3140 5567 scripturam
3184 5501 3650 5554 cettlirtttatvettts

2078 5572 2346 5636 interpres
2373 5567 2582 5630 lrenzei,
2610 5569 2702 5637 qui
2736 5570 2881 5624 hunc
2917 5571 3092 5622 locum
3121 5569 3190 5622 ita
3228 5571 3394 5622 vertit
3426 5571 3518 5624 ltb.
3562 5586 3644 5633 ιιι,

2075 5655 2196 5707 cap.
2227 5637 2260 5690 4
2285 5647 2360 5691 :et
2389 5639 2656 5692 obstemus
2687 5647 2763 5693 est
2789 5657 2819 5692 a
2846 5640 3211 5710 religiosorum
3233 5640 3504 5692 hominum
3532 5655 3649 5694 con-

2073 5720 2244 5763 ventu.
