4016 6260
264 338 366 397 329

1269 339 1617 397 HiSTORlIE
1655 337 2216 397 ECCLESIASTICJS
2254 336 2380 394 LIB.
2422 335 2512 390 Π.

3414 338 3520 392 53.

271 459 636 530 ἱπισκοπικῆς
671 459 928 532 διαδοχῆς
977 460 1086 515 ἀπὸ
1129 462 1238 515 τῶν
1279 461 1590 516 ἀποστόλων
1620 461 1852 533 ἔχοντος,

1971 459 2249 530 episcopali
2288 458 2414 515 sede
2453 471 2628 512 nonus
2675 451 3043 526 apostolorum
3091 469 3373 512 successor
3400 456 3522 519 fuit,

272 552 476 619 ἐδίδαξε
498 553 591 606 τὸν
623 554 734 606 ὑπὸ
758 554 853 607 τοῦ
874 553 1038 626 νόμου
1069 555 1162 609 καί¹
1192 555 1481 626 προφητῶν
1509 554 1856 626 κεκηρυγμέ-

277 663 366 701 νον
389 645 509 699 Osiri
556 645 634 716 μὴ
670 641 810 700 εἶναι
845 647 1060 720 Πατέρα
1093 646 1186 702 τοῦ
1228 647 1433 719 Κυρίου
1479 647 1637 718 ἡμῶν
1681 646 1856 720 Ἰησοῦ

278 738 512 811 Χριστοῦ
534 750 549 766 ·
578 737 679 793 τὸν
730 740 827 810 μὲν
862 741 970 812 γὰρ
1003 740 1383 812 γνωρίζεσθαι,
1433 741 1523 793 τὸν
1553 739 1608 794 δὲ
1640 741 1859 808 ἀγνῶτα

280 827 417 885 εἶναι
437 849 453 864 ο
484 831 579 885 καὶ
612 832 706 886 τὸν
738 834 836 904 μὲν
868 834 1091 898 δίκαιον,
1118 834 1207 887 τὸν
1234 834 1291 887 δὲ
1328 833 1528 902 ἀγαθὸν
1568 832 1854 904 ὑπάρχειν.

280 924 673 996 Διαδεξάμενος
701 925 758 979 δὲ
793 925 952 978 αὑτὸν
987 925 1250 997 Μαρκίων
1283 928 1310 979 ὁ
1339 924 1615 989 Ποντικὸς,
1656 923 1858 996 ηὔξησε

281 1017 345 1070 τὺ
407 1017 782 1072 διδασκαλεῖον
840 1019 974 1088 (50),
1037 1017 1561 1091 ἀπηρυθριασμένως
1623 1015 1862 1087 βλασφη-

285 1109 403 1180 μῶν
437 1109 573 1178 (51).
615 1129 633 1162 ι
689 1110 746 1163 '0
788 1110 844 1164 δὲ
879 1111 1038 1174 αὐτὸς
1083 1111 1367 1182 Εἰρηναῖος
1394 1110 1483 1162 τὸν
1515 1109 1739 1180 ἄπειρον
1767 1107 1860 1177 βυ-

281 1199 375 1252 θὸν
415 1200 516 1269 τῆς
548 1199 897 1254 Οὐαλεντίνου
932 1198 1302 1262 πολυπλανοῦς
1345 1199 1476 1269 ῦλης
1523 1197 1861 1253 εὐτονώτατα

281 1292 598 1356 διαπλὼσας
627 1293 758 1364 (3'2),
796 1293 1024 1363 ἑρπετοῦ
1057 1285 1211 1365 δίκην
1255 1292 1587 1361 φωλεύοντος
1619 1292 1862 1364 ἀπόκρυ-

282 1401 384 1453 φον
416 1381 581 1438 οὖσαν
626 1384 788 1438 αὑτοῦ
825 1387 918 1439 καὶ
954 1385 1238 1456 λεληθυῖαν
1271 1385 1577 1454 ἀπογυμνοῖ
1611 1384 1709 1456 τὴν
1757 1402 1860 1438 κα-

280 1476 430 1530 κίαν.
498 1477 640 1546 Πρὸς
685 1477 893 1539 τούτοις
937 1477 1031 1529 καὶ
1063 1475 1218 1530 ἄλλον
1250 1476 1403 1538 τινὰ,
1439 1475 1664 1546 Μάρκος
1711 1475 1862 1546 ,αὐτῷ

278 1567 487 1636 ὄνομα,
519 1571 637 1621 κατ’
677 1569 872 1631 αὐτοὺς
915 1566 1167 1636 γενέσθαι
1198 1566 1342 1635 λέγει
1377 1568 1612 1638 μαγικῆς
1641 1566 1862 1631 κυϐείας

279 1659 698 1728 ἐμπειρότατον.
729 1659 934 1730 Γράφει
975 1657 1031 1710 δὲ
1064 1658 1158 1711 καὶ
1199 1656 1296 1720 τὰς
1329 1657 1644 1720 ἀτελέστους
1684 1656 1861 1710 αὐτῶν

279 1751 526 1815 τελετάς,
562 1750 806 1821 μυσαρὰς
829 1768 888 1803 τε
927 1751 1309 1822 μυσταγωγίας
1351 1753 1650 1824 ἐμφαίνων,
1679 1753 1862 1816 αὐτοῖς

1958 558 2164 617 docuit,
2185 552 2351 606 Deum
2380 569 2537 626 quem
2561 554 2648 608 lex
2675 563 2732 609 et
2762 555 3040 624 propheta:
3068 553 3522 623 praedicaverunt,

1951 644 2168 706 Patrem
2201 662 2308 704 non
2337 661 2458 702 esse
2487 644 2699 700 Domini
2731 647 2902 701 nostri
2929 645 3060 702 Jesu
3091 645 3322 702 Christi.
3372 645 3523 702 Hunc

1957 739 2102 795 enim
2129 736 2404 808 cognosci,
2443 735 2590 790 illum
2637 750 2769 792 vero
2817 736 3058 806 ignotum
3090 752 3210 792 esse
3243 748 3342 792 :et
3383 738 3527 792 hunc

1957 833 2174 902 quidem
2193 829 2396 899 justum
2427 829 2712 892 exsistere,
2738 828 2888 884 illum
2917 841 3096 885 autem
3127 831 3350 884 bonum.
3386 830 3527 884 Huic

1959 923 2155 980 deinde
2183 923 2478 978 succedens
2509 922 2776 985 Ματθίου,
2801 923 3023 978 natione
3063 923 3344 988 Ponticus,
3368 924 3529 980 scho-

1959 1016 2065 1071 lam
2084 1016 2243 1070 latius
2255 1015 2594 1085 propagavit,
2608 1015 3074 1083 impudentissime
3090 1014 3492 1086 blasphemans.
3506 1034 3524 1066 ι

1958 1109 2104 1166 idem
2131 1123 2293 1178 porro
2311 1107 2545 1162 lrenmus
2568 1119 2848 1176 postquam
2875 1107 3195 1162 immensam
3217 1108 3528 1176 voraginem

1959 1202 2204 1257 materiae
2243 1201 2388 1255 illius
2432 1201 2600 1254 variis
2631 1200 2906 1254 erroribus
2949 1200 3204 1255 involutae
3233 1217 3394 1271 quam
3418 1199 3529 1254 Va-

1959 1289 2196 1345 lentinus
2220 1292 2528 1356 invexerat,
2555 1290 2835 1345 uberrime
2861 1291 3145 1361 explicuit,
3175 1293 3440 1346 occultam
3465 1305 3528 1346 ac

1962 1384 2213 1439 latentem
2252 1384 2398 1438 illius
2445 1383 2688 1437 fraudem
2744 1391 3006 1452 tanquam
3048 1383 3216 1437 abditi
3265 1382 3532 1450 serpentis

1961 1477 2217 1531 denudat.
2239 1476 2416 1530 Alium
2441 1487 2700 1546 praeterea
2724 1478 3012 1546 quemdam
3042 1476 3258 1531 nomine
3292 1475 3530 1530 Marcum

1961 1570 2150 1622 eodem
2191 1577 2437 1638 tempore
2464 1569 2744 1624 exstitisse
2775 1569 2984 1633 scribit,
3020 1569 3347 1639 magicarum
3395 1582 3534 1637 prae-

1963 1661 2248 1725 stigiarum
2281 1661 2691 1730 peritissimum.
2718 1658 2823 1714 Sed
2847 1670 2902 1715 et
2937 1659 3196 1729 profanas
3220 1675 3406 1715 eorum
3431 1660 3532 1713 ho-

1963 1754 2166 1806 minum
2203 1753 2563 1819 initiationes,
2591 1763 2645 1808 et
2673 1752 3038 1808 abominanda
3063 1753 3318 1823 mysteria
3354 1749 3535 1806 decla-

278 1836 348 1908 δὴ
390 1836 598 1900 τούτοις
643 1841 755 1901 τοῖς
803 1838 1156 1909 γράμμασιν·
1203 1862 1222 1892 t
1275 1841 1338 1894 υἱ
1393 1843 1487 1913 μὲν
1532 1842 1638 1914 γὰρ
1682 1842 1859 1895 αὐτῶν

1971 1856 2044 1901 rat
2070 1847 2153 1902 his
2176 1846 2388 1901 verbis:
2419 1866 2437 1898 t
2463 1846 2686 1912 Quidam
2716 1848 2859 1902 enim
2886 1863 3072 1902 eorum
3106 1847 3400 1901 thalamum
3432 1861 3533 1899 nu-

282 1929 551 1998 νυμςρῶνα
594 1931 1082 1996 κατασκευάζουσι,
1117 1933 1212 1986 καὶ
1253 1935 1639 2003 μυσταγωγίαν
1681 1935 1862 1988 ἐπιτε-

282 2018 437 2072 λοῦτι
482 2019 596 2090 μετ’
628 2021 969 2093 ὲπιῤῥήσεών
1002 2040 1162 2076 τινων
1193 2027 1306 2088 τοῖς
1345 2025 1685 2097 τελουμένοις
1705 2067 1718 2091 ,
1771 2029 1865 2082 καὶ

288 2113 653 2182 πνευματικὸν
695 2114 869 2182 γάμον
921 2117 1220 2185 φάσκουσιν
1268 2113 1406 2170 εἶναι
1450 2118 1511 2170 τὺ
1563 2119 1652 2171 ὑπ’
1687 2119 1864 2172 αὐτῶν

284 2203 589 2272 γινόμενον,
629 2205 770 2258 κατὰ
812 2206 910 2277 τὴν
951 2207 1242 2278 ὁμοιότητα
1279 2208 1387 2261 τῶν
1419 2210 1529 2262 ἄνω
1575 2209 1860 2278 συζυγιῶν.

285 2297 351 2348 Οἱ
384 2295 442 2349 δὲ
472 2295 692 2364 ἄγουσιν
724 2299 807 2365 ἐφ’
835 2297 998 2369 ὕδωρ,
1033 2300 1126 2352 καὶ
1153 2299 1524 2369 βαπτίζοντες,
1555 2301 1725 2366 οὕτως
1748 2303 1866 2355 ἐπι-

286 2385 532 2454 λέγουσιν
553 2405 567 2417 ·
597 2390 688 2451 Εἰς
703 2389 874 2459 ὄνομα
906 2389 1182 2456 ἀγνώστου
1216 2391 1427 2461 Πατρὺς
1460 2390 1566 2444 τῶν
1596 2390 1750 2453 ὅλων,
1787 2395 1866 2455 εἰς

299 2478 585 2549 Ἀλήθειαν
623 2481 834 2551 μητέρα
881 2480 989 2533 τῶν
1024 2481 1262 2545 πάντων,
1300 2483 1379 2546 είς
1415 2482 1506 2535 τὸν
1543 2482 1866 2536 κατελθόντα

287 2573 370 2633 είς
402 2571 494 2624 τὸν
542 2571 766 2642 Ἰησοῦν.
805 2572 983 2627 Ἀλλοι
1017 2573 1074 2625 δὲ
1121 2573 1380 2644 Ἐὅραῖκά
1422 2573 1662 2644 ὀνόματα
1689 2572 1867 2626 ἐπιλέ-

289 2680 445 2731 γουσι
462 2663 597 2734 πρδς
611 2663 672 2716 τὸ
688 2663 884 2733 μᾶλλον
919 2663 1364 2734 καταλπήξασθαι
1391 2664 1501 2734 (55)
1527 2664 1652 2728 τοὺς
1681 2664 1865 2717 τελου-

295 2755 508 2824 μένους.
554 2774 573 2806 t
629 2741 788 2809 Ἀλλά
815 2756 920 2826 γὰρ
963 2756 1100 2826 μετὰ
1147 2756 1402 2826 τέταρτον
1435 2757 1530 2826 τῆς
1562 2755 1866 2825 ἐπισκοπῆς

292 2846 409 2910 ἔτος
445 2847 554 2918 (54)
594 2847 805 2916 ’Υγίνου
839 2848 1258 2918 τελευτήσαντος
1285 2887 1300 2910 ,
1329 2848 1456 2910 Ilio;
1503 2846 1595 2900 ἐπὶ
1650 2845 1867 2916 Ῥώμης

290 2938 653 3010 ἐγχειρίζεται
676 2939 772 3010 τὴν
796 2939 1338 3010 λειτουργίαν..1(ατά
1359 2956 1422 3007 γε
1454 2937 1558 3009 μὴν
1588 2939 1684 3008 τὴν
1725 2937 1869 2990 Ἀλε-

292 3029 577 3101 ξάνδρειαν
625 3031 852 3102 Μάρκος
899 3031 1274 3085 ἀναδείκνυται
1320 3029 1544 3100 ποιμὴν,
1593 3027 1868 3100 Εὐμενοῦς

292 3120 388 3190 ἔτη
417 3123 484 3175 τὰ
513 3123 690 3176 πάντα
722 3123 853 3176 δέκα
887 3123 1021 3194 πρὸς
1052 3124 1228 3194 τρισὶν
1254 3121 1642 3192 έκπλήσαντος.
1673 3118 1778 3172 Τοῦ
1808 3137 1866 3172 τε

1966 1939 2188 2008 ptialem
2241 1949 2587 2006 construunt,
2616 1950 2671 1994 et
2702 1939 3017 2012 mysterium
3067 1947 3350 2008 peragunt,
3374 1937 3533 1990 verba

1965 2033 2146 2086 nescio
2172 2048 2294 2101 qua:
2323 2047 2486 2100 super
2513 2033 2596 2088 his
2629 2033 2721 2102 qui
2767 2034 3074 2098 initiantur,
3123 2030 3494 2099 concipientes
3517 2069 3532 2095 ,

1963 2135 2162 2190 easque
2195 2121 2469 2189 spiritales
2505 2125 2722 2191 nuptias
2752 2139 2872 2178 esse
2896 2122 3188 2187 aﬂirmant,
3211 2123 3276 2175 ad
3303 2120 3534 2176 formam

1964 2223 2018 2266 et
2045 2213 2352 2282 exemplum
2383 2215 2684 2269 caelestium
2713 2214 3114 2285 conjugiorutn.
3142 2212 3246 2266 Alii
3278 2228 3405 2266 vero
3435 2212 3537 2264 ini-

1968 2302 2177 2357 tiandos
2216 2302 2498 2357 adducunt
2532 2305 2597 2358 ad
2634 2305 2932 2370 lavacrum,
2965 2315 3021 2358 et
3059 2311 3385 2372 mergentes,
3422 2303 3535 2357 haec

1967 2392 2246 2462 proferunt
2273 2394 2435 2449 verba
2475 2413 2486 2447 :
2517 2395 2572 2447 In
2609 2397 2828 2449 nomine
2858 2395 3026 2466 ignoti
3060 2395 3304 2450 omnium
3332 2393 3534 2454 Patris,

1967 2483 2018 2536 itt
2063 2483 2306 2538 Veritate
2363 2487 2605 2539 omnium
2663 2495 2856 2552 matre,
2907 2486 3062 2540 ineo
3115 2486 3205 2554 qui
3261 2486 3538 2540 descendit

1971 2573 2128 2644 125
2189 2576 2241 2628 in
2294 2573 2498 2630 Iesum.
2563 2575 2667 2629 Alii
2724 2591 2914 2631 rursus
2965 2575 3226 2630 l-lebraica
3282 2578 3536 2646 quaedam

1968 2666 2318 2734 pronuntiant
2340 2666 2578 2732 nomina,
2610 2679 2667 2720 ut
2689 2667 2947 2735 majorem
2975 2667 3254 2721 initiandis
3280 2680 3535 2735 pavorem

1969 2755 2399 2812 incutiant.»Sed
2421 2757 2628 2826 Hygino
2650 2768 2771 2827 post
2796 2769 3046 2827 quartum
3082 2757 3423 2827 episcOpatus
3448 2772 3540 2810 an-

1969 2862 2094 2900 num
2127 2857 2343 2900 mortuo
2369 2886 2386 2909 ,
2434 2846 2692 2901 Romana:
2724 2847 2977 2902 Ecclesiae
3016 2848 3379 2902 sacerdotium
3413 2861 3539 2902 sus-

1969 2937 2111 3006 cepit
2133 2937 2277 2990 Pius.
2313 2937 2656 2992 Alcxantlria:
2681 2953 2806 2992 vero
2829 2953 2952 2992 cum
2980 2939 3248 2993 Eumenes
3277 2939 3535 2993 tredecim

1967 3042 2139 3082 annos
2168 3029 2465 3099 explesset,
2499 3027 2711 3083 Marcus
2739 3031 2794 3083 in
2828 3029 2949 3099 ejus
2980 3029 3155 3084 locum
3191 3031 3417 3085 antistes
3450 3031 3543 3085 de-

1970 3121 2212 3190 signatus
2251 3133 2352 3176 est.
2417 3123 2534 3188 Quo
2575 3122 2765 3176 deinde
2809 3132 2928 3191 post
2967 3123 3150 3177 decem
3199 3123 3544 3192 pontiﬁcatus

292 3189 522 3282 Μάρκου
555 3213 645 3265 ἐπὶ
675 3211 808 3266 δέκα
837 3189 942 3282 ἔτη·
970 3212 1069 3282 τῆς
1093 3189 1435 3283 λειτουργίας
1479 3211 1866 3281 ἀναπαυσαμέ-

1971 3226 2140 3266 annos
2179 3222 2424 3277 mortuo,
2471 3212 2852 3266 Alexandrinae
2892 3213 3148 3268 Ecclesitc
3196 3213 3544 3267 adminiswa-

292 3317 406 3366 νου,
462 3302 735 3356 Κελαδίων
789 3303 888 3372 τῆς
942 3304 1332 3375 Ἀλεξανδρέων
1401 3303 1724 3375 Ἐκκλησίας
1770 3303 1867 3375 τὴν

291 3390 632 3462 λειτουργίαν
664 3394 1099 3466 παραλαμϐάνει.
1129 3397 1250 3471 Καὶ.
1270 3393 1409 3448 κατὰ
1445 3395 1542 3466 τὴν
1585 3395 1868 3466 Ῥωμαίων

293 3483 354 3535 δὲ
399 3483 552 3536 πόλιν
612 3485 1077 3557 πεντεκαιδεκάτῳ
1133 3487 1228 3558 τῆς
1286 3488 1592 3559 ἐπισκοπῆς
1643 3489 1870 3560 ἐνιαυτῷ

296 3576 428 3629 Πίου
465 3577 910 3646 μεταλλάξαντος,
953 3580 1230 3650 Ἀνίκητος
1273 3579 1378 3633 τῶν
1408 3584 1584 3635 ἐκεῖσε
1613 3583 1871 3656 προϊστα-

294 3685 405 3721 ται.
441 3668 579 3720 Καθ’
611 3669 669 3721 ὃν
710 3671 1050 3741 Ἡγήσιππος
1085 3671 1286 3744 ἱστορεῖ
1320 3673 1871 3746 ὲαυτδν,ὲπιδημῆσαι

295 3762 365 3830 τῇ
402 3758 610 3832 Ῥώμη,
641 3763 972 3832 παραμεῖναί
1007 3780 1067 3815 τε
1107 3763 1291 3817 αὐτόθι
1323 3766 1482 3838 μέχρι
1507 3765 1608 3835 τῆς
1643 3767 1864 3819 ἐπισκο-

297 3853 409 3922 πῆς
471 3854 804 3925 Ἐλευθέρου.
854 3855 1102 3908 Μάλιστα
1159 3857 1215 3909 δὲ
1265 3857 1511 3928 ἤκμαζεν
1563 3858 1656 3911 ἐπὶ
1703 3859 1869 3912 τῶνδε

310 3943 614 4009 Ἰουστῖνος,
669 3947 726 3997 ὲν
777 3945 1062 4015 φιλοσόφου
1118 3948 1356 4020 σχήματι
1411 3949 1725 4021 πρεσϐεύων
1781 3949 1870 4003 τὸν

297 4036 440 4088 θεῖον
473 4037 648 4104 λόγον,
685 4039 777 4091 καὶ
808 4041 919 4099 τοῖς
954 4040 1090 4109 ὑπὲρ
1134 4039 1233 4110 τῆς
1277 4040 1510 4104 πίστεως
1555 4039 1872 4109 ἐναγωνιζό-

302 4146 465 4199 μενος
494 4131 934 4201 συγγράμμασιν.
983 4131 1068 4194 ’ος
1096 4131 1159 4202 δὴ
1186 4132 1279 4184 καί⁵
1307 4131 1523 4202 γράψας
1553 4131 1694 4184 κατὰ
1720 4133 1876 4202 Μαρ-

375 4253 487 4322 (30)
517 4254 762 4322 Ηῦξησε
794 4255 859 4309 τὸ
896 4253 1342 4310 διδασκαλεῖον.
1388 4253 1443 4308 In
1489 4254 1766 4308 codicibus
1785 4270 1882 4306 n0-

301 4327 437 4379 stris
469 4325 626 4388 Μιη.,
675 4326 812 4379 Med.
846 4333 898 4379 et
938 4325 1073 4380 Fuk.
1116 4327 1376 4393 scriptum
1405 4326 1580 4376 inveni
1626 4323 1879 4376 διδασκά-

1972 3301 2176 3355 tionem
2204 3300 2460 3356 Ccladion
2497 3302 2724 3370 accepit.
2770 3301 2840 3355 At
2866 3295 3052 3358 Romae
3081 3319 3205 3358 cum
3235 3302 3361 3357 Pius
3401 3317 3545 3356 anno

1966 3392 2308 3461 episcopatus
2362 3395 2445 3448 sui
2493 3396 2685 3465 quinto
2733 3395 2946 3451 decimo
2998 3397 3166 3450 vitam
3215 3412 3338 3452 cum
3373 3406 3546 3450 morte

1972 3496 2394 3549 cummutassct,
2443 3488 2703 3544 Anicetus
2738 3489 2992 3544 Ecclesiae
3026 3487 3171 3543 illius
3196 3489 3439 3543 Antistes
3473 3488 3547 3542 fa-

1973 3588 2091 3634 ctus
2119 3590 2220 3635 est.
2250 3580 2420 3647 Hujus
2445 3583 2781 3652 temporibus
2811 3597 2868 3637 se
2897 3582 2949 3635 in
2980 3583 3164 3636 urbem
3193 3581 3422 3635 Romam
3456 3595 3545 3634 ve-

1980 3657 2124 3726 nisse
2164 3673 2364 3728 Scribit
2393 3672 2764 3742 Hegesippus,
2812 3672 3118 3741 ibidemque
3156 3672 3224 3725 ad
3267 3671 3542 3728 Eleutheri

1979 3780 2148 3834 usque
2192 3768 2558 3834 episcOpatum
2603 3765 2860 3818 continuo
2906 3764 3292 3831 permansisse.
3343 3763 3543 3819 Eadem

1977 3865 2298 3926 tempestate
2336 3871 2447 3925 pra:
2478 3858 2693 3909 caeteris
2719 3855 2971 3908 omnibus
2995 3853 3232 3929 ilorebat
3261 3851 3509 3909 Justinus
3528 3893 3544 3918 ,

1976 3948 2076 4002 sub
2121 3948 2306 4002 habitu
2351 3947 2658 4016 philosophi
2710 3947 2934 4000 verbum
2981 3945 3074 3998 Dei
3107 3945 3441 4015 praedicans,
3493 3955 3549 3999 et

1978 4039 2197 4108 scriptis
2243 4037 2609 4092 voluminibus
2653 4051 2753 4106 pro
2797 4035 2902 4089 ﬁde
2948 4043 3134 4089 nostra
3177 4037 3546 4106 propugnans.

1979 4131 2080 4199 Qui
2111 4135 2163 4187 in
2193 4133 2332 4188 libro
2365 4132 2612 4187 adversus
2639 4131 2963 4185 Marciorum
2995 4144 3118 4184 eum
3149 4131 3326 4184 adhuc
3357 4143 3549 4200 super-

2059 4255 2172 4326 (5‘2)
2220 4253 2609 4326 Εὺτονώτατα
2659 4248 3031 4326 διασξλῴσας.
3101 4248 3545 4326 Ni‘ceplmrusdn

1989 4320 2082 4381 lib.
2122 4320 2198 4388 tv,
2233 4342 2353 4394 cap.
2383 4326 2437 4390 5,
2469 4321 2999 4394 ιιειίιειδιαπλειὶσας,
3031 4320 3172 4394 quod
3214 4336 3321 4394 non
3353 4320 3546 4394 probo.

297 4394 468 4462 λειον,
509 4370 626 4448 ιιυη⁷
648 4396 700 4448 in
727 4397 827 4450 hoc
855 4396 1026 4449 solum
1062 4395 1200 4461 loco,
1225 4370 1317 4450 sed
1353 4393 1662 4462 ubicunque
1700 4393 1752 4447 id
1782 4410 1867 4447 no-

1985 4370 2353 4463 saeuitia;
2384 4370 2631 4462 Ε’ρᾌὶῖἷξ
2656 4370 2999 4454 Esaias;
3023 4370 3263 4463 acim
3296 4370 3551 4463 διειπλξα

301 4481 426 4520 men
455 4467 711 4519 occurrit.

380 4537 495 4606 ('51)
531 4535 933 4606 Βλασφημᾶηρ.
961 4535 1180 4607 Religio
1211 4534 1311 4590 fuit
1333 4534 1866 4607 _Christophorsono,

301 4603 495 4676 vocem
531 4603 844 4676 baneqnam
869 4603 1530 4676 ecclesia'stici_scriptores
1553 4603 1868 4676 jamdudum

303 4674 556 4734 Latinam
586 4673 851 4740 iecerunt,
877 4692 1160 4746 usurpare.
1195 4673 1371 4729 Vertit
1411 4673 1591 4746 itaque
1612 4675 1870 4746 conuicia

296 4752 540 4819 jactans,
584 4749 719 4819 male
749 4743 1024 4809 omnino;'
1053 4748 1244 4819 melius
1299 4745 1572 4819 vertisset,
1603 4744 1758 4819 impie
1777 4743 1871 4819 ,ιο-

303 4811 479 4872 cutus.
510 4817 601 4870 Sic
631 4818 968 4871 Domitianus
1019 4818 1157 4886 apud
1187 4817 1504 4871 Suetonium
1539 4815 1672 4886 dicit
1708 4831 1730 4886 ι
1766 4811 1872 4866 Im-

305 4891 390 4958 pie
420 4891 625 4958 locutus
654 4899 727 4941 est
761 4884 1148 4958 Parmula_rius.
1209 4886 1328 4958 Nos
1367 4895 1566 4948 tamen,
1605 4884 1870 4958 Ruﬁnum

307 4953 504 5018 secuti,
551 4960 811 5010 vertimus
859 4956 1232 5024 blasphemarc.
1285 4954 1472 5023 Neque
1530 4955 1675 5009 enim
1727 4953 1872 5006 refu-

307 5029 502 5099 gienda
533 5039 659 5081 sunt
696 5027 812 5099 lucc
850 5030 1050 5099 verba,
1084 5043 1204 5099 quae
1252 5036 1330 5080 tot
1369 5025 1690 5099 saeculorum
1743 5037 1872 5076 usus

307 5095 673 5153 consecravit.
727 5097 940 5167 Alioqui
1004 5095 1258 5151 Ecclesia:
1313 5106 1368 5150 et
1413 5095 1773 5167 apostolorum
1818 5101 1874 5145 et

306 5168 536 5237 episcopi
582 5177 636 5222 et
687 5164 934 5222 catholici
978 5168 1195 5220 vitanda
1242 5175 1405 5220 erunt
1448 5164 1709 5237 vocabula
1757 5178 1772 5216 :
1817 5171 1873 5215 et.

309 5234 470 5306 longa
500 5239 789 5292 verborum
828 5241 968 5292 serie
1019 5237 1356 5291 obscuranda
1405 5235 1511 5288 erit
1552 5234 1763 5306 oratio,
1800 5247 1874 5306 ne

308 5303 568 5361 dictionis
596 5309 754 5363 unius
781 5323 1002 5377 prorsus
1026 5307 1348 5361 necessaria:
1385 5305 1682 5377 asperitate
1711 5303 1874 5377 laeda-

311 5387 421 5451 tur.
461 5371 950 5451 Cyprianus-certe
993 5378 1247 5451 indicta
1294 5377 1363 5429 ad
1401 5373 1714 5441 Pompeium
1763 5371 1875 5451 epi-

308 5447 617 5507 Stola.eutn
651 5450 793 5502 hunc
835 5448 1020 5502 Irenzei
1064 5447 1246 5502 locum
1290 5459 1582 5514 suppresso
1629 5447 1874 5497 auctoris

310 5519 534 5572 nomine
565 5519 916 5579 describeret,
951 5519 1117 5571 verbo
1155 5516 1516 5577 blaspltemare
1549 5515 1624 5568 uti
1657 5527 1762 5566 non
1792 5527 1876 5564 re-

311 5590 542 5642 cusavit.
579 5586 670 5642 Sic
695 5589 839 5643 enim
867 5589 942 5640 ait
975 5605 988 5640 :
1017 5586 1183 5652 Quem
1231 5585 1475 5640 Marcion
1512 5593 1742 5644 secutus,
1779 5581 1876 5633 ad-

312 5659 440 5711 ditis
470 5658 538 5710 ad
579 5660 773 5711 crimen
820 5658 1116 5726 augmentis
1141 5699 1157 5723 ,
1192 5652 1789 5726 impudentiuscwteris
1824 5659 1873 5704 et

316 5729 590 5796 abruptius
621 5731 674 5782 in
715 5729 880 5782 Deum
895 5723 1123 5782 'Patrem
1165 5726 1463 5782 Creatorem
1518 5723 1874 5794 blasphemarc

318 5799 573 5854 instituit.

561 5886 834 5957 Ρλτιιοι.
880 5894 976 5958 Gn
1045 5895 1186 5962 XX.

1972 4483 2102 4530 σας·
2133 4460 2226 4520 sed
2259 4467 2346 4520 hic
2386 4460 2493 4518 non
2548 4466 2761 4517 videtur
2809 4461 3122 4516 Convenire.
3157 4460 3336 4530 Quare
3385 4462 3549 4515 malui

1974 4528 2184 4591 vertere
2219 4539 2319 4588 hoc
2363 4536 2485 4589 loco
2513 4533 2797 4600 explicare.
2830 4548 2896 4587 eo
2935 4546 3095 4600 sensu
3140 4544 3247 4598 quo
3278 4528 3559 4600 Eusebius.

1975 4607 2027 4659 itt
2083 4605 2480 4674 posterioribus
2529 4598 2682 4657 libris
2737 4602 2896 4668 dicit,
2959 4599 3178 4672 ἡπλωτο
3232 4598 3302 4652 τὰ
3363 4600 3549 4673 γράμ-

1975 4694 2139 4746 ματα,
2169 4677 2440 4744 proposita
2473 4683 2590 4728 sunt
2611 4674 2808 4726 edicta.

2041 4767 2154 4840 (55)
2198 4767 2354 4840 Πρὸς
2400 4767 2464 4821 τὸ
2503 4763 2748 4840 ,μᾶλλον
2789 4759 3307 4840 καταπλήξασθαι.
3367 4759 3550 4840 Nostri

1972 4832 2194 4895 codices
2225 4832 2384 4900 Harl,
2411 4853 2472 4890 ac
2505 4832 2644 4891 Med.
2679 4851 2802 4888 cutn
2835 4832 2974 4887 Fuk.
2997 4842 3052 4885 et
3077 4832 3251 4886 Savil.
3284 4833 3548 4900 scriptum

1974 4913 2176 4966 habent
2212 4907 2573 4978 καταπλῆξαι.
2607 4908 2780 4970 Atque
2821 4902 3372 4978 ita_iegi_s_se_videtur_
3394 4911 3551 4978 vetns

1972 4982 2278 5052 interpres_
2317 4969 2505 5033 lrenaei
2571 4979 2624 5030 in
2657 5047 2668 5052 _
2701 4969 2823 5052 cap.
2885 4973 2952 5052 ίβ
2981 4969 3002 4973 ’
3031 4971 3148 5025 libri
3211 4971 3394 5052 primi.
3461 4969 3553 5052 Sie

1972 5043 2330 5114 enim’vertit,
2365 5060 2420 5103 ut
2467 5047 2669 5116 stupori
2712 5045 2818 5098 sint
2857 5043 2932 5097 rel
2978 5050 3302 5112 perterreant
3333 5056 3424 5094 eos
3461 5043 3551 5110 qui

1972 5129 2280 5175 sacrantur.

2043 5211 2156 5284 (54)
2189 5211 2352 5265 Μετὰ
2386 5209 2671 5284 τέταρτον
2705 5206 2843 5284 τῆς¹
2866 5196 3208 5284 ἐπισκοπῇς
3243 5199 3402 5282 ἔτος.
3435 5197 3552 5284 Ru-

1975 5273 2116 5338 ﬁnus
2139 5273 2346 5351 'legisse
2373 5273 2586 5333 videtur
2614 5273 3072 5351 κατὰίτέταρτον.
3124 5273 3217 5326 Sic
3253 5273 3398 5324 enim
3427 5283 3553 5351 ver-

1976 5355 2083 5408 tit:
2116 5342 2318 5417 Quarto
2374 5359 2551 5403 autem
2581 5342 2936 5420 episcopatus
2982 5345 3246 5420 animum;
3289 5342 3553 5420 cumjode-

1974 5410 2210 5478 cessis'sct
2259 5421 2523 5490 Hyginus,
2573 5410 2829 5472 Romana:
2869 5413 3142 5490 Ecclesia:
3196 5410 3554 5490 sacerdotium

1975 5492 2112 5547 Pius
2141 5479 2390 5559 suscepi}.
2422 5479 2595 5544 Porro
2629 5502 2848 5559 nomen_
2869 5484 2950 5539 Pii
2998 5484 3089 5559 qui
3121 5481 3405 5559 success-it
3445 5479 3556 5550 llyo

1975 5566 2121 5634 gino,
2155 5563 2216 5636 in_
2243 5547 2773 5636 codicibusmostris
2803 5555 2968 5636 his!"
3001 5547 3237 5636 .Mcdlet
3272 5547 3408 5636 ξῖύΙίζ
3431 5547 3556 5636 Ιιιιξιι
3589 5595 3591 5598 .

1975 5619 2441 5698 circumﬂectitur,
2464 5629 2562 5686 sed
2595 5627 2808 5684 acuitur
2841 5628 2896 5682 in
2931 5625 3105 5694 prima
3128 5619 3358 5691 syllaba.
3387 5619 3554 5683 quue

1977 5702 2184 5760 rectius
2208 5710 2360 5774 puto.

3173 5875 3242 5934 ιι
