4016 6260
455 272 562 326 555

1165 273 1432 329 EUSEBll
1472 273 1953 330 cnasanuaxsrs
1989 250 2358 330 OPPJPARS
2397 270 2436 326 ι.
2480 301 2549 314 -
2587 268 2980 325 HlSTORlCA.

3604 267 3713 323 556

459 395 630 443 teant.
688 385 856 441 Multo
902 387 1044 441 enim
1095 391 1268 459 magis
1302 390 1407 444 illis
1437 390 1693 444 convenit
1718 391 1907 457 punire
1936 404 2014 442 eo:

2147 384 2287 454 Ἐγὼ
2325 386 2424 456 μὲν
2452 381 2568 438 οἶδα
2597 383 2678 436 ὅτι
2711 384 2806 437 καί
2846 385 2958 445 τοῖς
2993 379 3134 442 Θεοῖς
3175 377 3432 449 ἐπιμελές
3460 378 3598 442 ἐστι,
3636 379 3713 449 μὴ

443 479 548 550 qui
575 478 756 533 colere
787 479 932 550 ipsos
960 491 1252 544 recusant,
1285 495 1447 548 quam
1477 481 1650 534 vobis.
1683 481 1785 546 Qui
1817 495 2028 543 eorum,

457 572 722 626 adversus
758 585 892 639 quos
921 569 1361 635 tumultuamini,
1395 569 1717 624 sententiam
1742 585 1806 622 ac
1835 584 2033 638 propo-

457 665 624 719 situm
653 663 884 731 amplius
915 661 1259 716 conﬁrmatis
1281 701 1297 726 ,
1329 661 1453 714 dum
1485 675 1578 715 eos
1607 661 1878 714 accusatis
1915 670 2032 714 tan-

453 769 618 824 quam
653 753 865 821 impios.
920 751 1031 806 Illis
1078 759 1258 806 autem
1308 751 1472 818 longe
1503 751 1789 820 optabilius
1832 751 2027 819 fuerit,

456 853 514 898 ut
543 843 594 897 in
616 844 705 912 jus
734 841 911 896 vocati
944 850 1174 895 mortem
1202 851 1458 911 oppetere
1483 844 1769 898 videantur
1798 860 1894 915 pro
1918 845 2028 900 Deo

449 952 592 1001 suo,
645 951 805 1006 quam
840 944 899 988 ut
929 933 1231 990 incolumes
1274 945 1614 990 remaneant.
1669 936 1748 991 lta
1796 939 2029 993 victores

453 1029 732 1094 evadunt,
785 1029 997 1083 animas
1041 1042 1168 1082 suas
1208 1027 1388 1096 potius
1437 1027 1816 1096 projicientes,
1866 1044 2025 1100 quam

453 1130 514 1174 ut
542 1135 604 1175 ea
641 1119 824 1174 facere
854 1134 972 1188 qua:
997 1133 1093 1172 vos
1119 1118 1360 1187 jubetis,
1398 1118 1456 1173 in
1485 1119 1724 1174 animum
1758 1135 1913 1173 suum
1948 1120 2028 1174 in-

454 1215 675 1268 ducant.
732 1213 999 1268 Cznterum
1048 1212 1114 1266 de
1176 1213 1570 1267 terraemotilius
1621 1214 1712 1282 qui
1758 1213 1844 1267 vel
1898 1212 2024 1267 facti

445 1315 579 1361 sunt
626 1306 708 1362 vel
743 1307 1039 1360 etiamnum
1091 1304 1260 1372 fiunt,
1324 1320 1431 1360 non
1474 1304 1769 1360 absurdum
1814 1306 2026 1360 videtur

447 1414 550 1455 vos
601 1412 978 1462 commonere,
1041 1398 1129 1466 qui
1177 1408 1231 1452 et
1269 1399 1478 1453 animos
1533 1397 1769 1465 abjicitis
1815 1397 2024 1466 quoties

453 1490 762 1561 hujusmodi
792 1504 951 1544 casus
980 1489 1336 1559 contingunt,
1371 1500 1422 1544 et
1447 1499 1624 1545 vestra
1651 1507 1770 1543 cum
1806 1490 2023 1544 illorum

454 1582 718 1637 institutis
749 1582 1102 1648 comparatis.
1162 1581 1325 1651 Atqui
1377 1581 1450 1634 illi
1499 1582 1718 1650 quidem
1764 1583 2020 1651 majorem

453 1685 582 1730 tunc
614 1675 866 1728 ﬁduciam
902 1675 953 1726 in
988 1674 1098 1728 Deo
1129 1674 1414 1728 collocant.
1456 1675 1563 1730 Vos
1590 1690 1717 1728 vero
1743 1691 1841 1744 per
1864 1691 2021 1730 omne

2132 477 2411 532 λανθάνειν
2451 476 2577 539 τοὺς
2608 473 2902 536 τοιούτους.
2952 470 3094 523 Πολὺ
3136 469 3256 540 γάρι
3281 467 3480 540 μᾶλλον
3513 469 3716 522 ἐκεῖνοι

2132 573 2418 625 κολάσαιεν
2462 569 2527 624 ἂν
2573 570 2698 632 τοὺς
2739 567 2815 640 μὴ
2855 567 3209 638 βουλομένους
3246 567 3441 630 αὐτοὺς
3473 582 3719 636 προσκυ-

2132 663 2260 718 νεῖν.
2291 661 2324 732 ἢ
2358 661 2534 730 ὑμεῖς.
2565 657 2672 722 Οὒς
2706 660 2786 720 εἰς
2811 656 3052 728 ταραχὴν
3087 655 3414 726 ἐμϐάλλετε,
3444 655 3718 727 βεϐαιοῦν⁴

2130 769 2222 815 τες
2244 752 2342 822 τὴν
2366 750 2590 822 γνώμην
2617 751 2794 803 αὐτῶν
2823 750 3002 820 ἥνπερ
3032 749 3245 819 ἔχουσιν
3277 748 3410 819 (45),
3433 749 3508 812 ώς
3535 748 3718 802 ἀθέων

2129 845 2584 918 κατηγοροῦντες.
2623 847 2719 917 Εῖη
2763 847 2809 899 δ’
2844 845 2910 900 ἂν
2953 846 3226 908 κάκείνοις
3255 845 3468 912 αἱρετὸν
3501 834 3615 916 (46)
3652 845 3716 898 τὸ

2127 935 2301 990 δοκεῖν
2338 937 2841 1008 κατηγορουμένους
2867 934 2978 1005 (47)
3002 935 3252 989 τεθνάναι
3282 935 3502 1007 μᾶλλον,
3530 938 3562 1006 ἢ
3589 934 3713 1007 ζῇν,

2127 1027 2267 1099 ὑπὲρ
2286 1029 2379 1082 τοῦ
2402 1029 2602 1082 οἰκείου
2635 1028 2792 1083 Θεοῦ.
2854 1029 3014 1082 Ὅθεν
3042 1029 3136 1081 καὶ
3162 1028 3373 1093 νικῶσι,
3399 1029 3715 1100 προιέμενοι

2125 1119 2224 1184 τὰς
2284 1121 2490 1174 ἑαυτῶν
2551 1120 2747 1190 ψυχὰς,
2793 1122 2937 1192 ἥπερ
2989 1119 3301 1190 πειθόμενοι
3351 1115 3433 1183 οἷς
3491 1118 3712 1186 ἀξιοῦτε

2128 1214 2387 1284 πράττειν
2432 1213 2647 1276 αὐτούς.
2680 1194 2817 1284 Περὶ
2848 1213 2904 1266 δὲ
2933 1211 3041 1264 τῶν
3081 1211 3323 1282 σεισμῶν
3354 1212 3463 1264 τῶν
3497 1213 3714 1280 γεγονό-

2123 1322 2231 1359 των
2271 1305 2365 1357 καὶ
2415 1305 2715 1376 γινομένων
2765 1305 2865 1357 οὐκ
2921 1305 3120 1358 ἄτοπον
3175 1305 3320 1373 ὑμᾶς
3373 1304 3710 1374 ὑπομνῆσαι,

2123 1395 2463 1467 ἀθυμοῦντας
2495 1397 2591 1467 μὲν
2614 1397 2740 1450 ὅταν
2773 1414 2877 1468 περ
2907 1391 3028 1460 ὦσι,
3062 1395 3508 1468 παραϐάλλοντας
3537 1395 3594 1448 δὲ
3641 1396 3712 1450 τά

2123 1490 2367 1561 ἡμέτερα
2399 1488 2509 1560 (48)
2556 1489 2692 1560 πρὸς
2728 1489 2796 1542 τὰ
2832 1489 3074 1544 ἐκείνων.
3125 1491 3187 1544 Οἱ
3235 1491 3332 1560 μὲν
3365 1485 3458 1544 οῦν
3505 1491 3712 1562 εύπαῤ-

2125 1583 2534 1655 ῥησιαστότεροι
2595 1583 2836 1652 γίνονται
2896 1583 3032 1656 πρὸς
3067 1584 3157 1636 τὸν
3212 1583 3382 1636 Θεόν·
3441 1584 3601 1654 ὑμεῖς
3652 1583 3713 1635 δὲ

2123 1675 2272 1747 παρὰ
2299 1676 2476 1729 πάντα
2503 1676 2594 1728 τὸν
2627 1677 2818 1746 χρόνον
2855 1676 2976 1729 καθ’
3005 1677 3064 1728 ὃν
3099 1677 3310 1744 ἀγνοεῖν
3338 1675 3565 1737 δοκεῖτε,
3599 1675 3710 1729 τῶν

453 1767 586 1822 illud
616 1777 826 1835 tempus
855 1781 957 1835 quo
991 1780 1102 1834 prae
1134 1766 1405 1835 imperitia
1438 1766 1545 1820 labi
1578 1767 1708 1820 mihi
1737 1767 2014 1833 videmini,

2127 1785 2187 1819 τε
2216 1767 2352 1820 θεῶν
2380 1767 2474 1820 καὶ
2506 1767 2614 1820 τῶν
2647 1768 2822 1821 ἄλλων
2862 1767 3134 1838 ἀμελεῖτε,
3164 1768 3255 1820 καὶ
3284 1768 3382 1835 τῆς
3411 1766 3712 1839 θρησκείας

451 1860 582 1912 deos
634 1858 948 1927 ncgligitis:
998 1865 1053 1912 et
1101 1866 1216 1912 tum
1251 1858 1389 1912 alias
1422 1858 1776 1930 caeremonias
1807 1858 2024 1928 insuper

452 1949 704 2014 habetis,
753 1957 863 2001 tum
915 1949 1122 2003 cultum
1171 1949 1495 2004 immortalis
1541 1949 1683 2004 illius
1718 1985 1731 2008 .
1771 1959 1823 2003 ct
1867 1951 2024 2004 Chri-

451 2042 656 2094 stianos
682 2040 773 2107 qui
807 2039 953 2093 illum
982 2052 1309 2095 venerantur
1329 2082 1344 2106 ,
1375 2042 1674 2110 expellitis,
1703 2051 1756 2098 et
1783 2045 1848 2096 ad
1874 2059 2022 2096 mor-

451 2142 560 2186 tem
594 2148 763 2200 usque
792 2131 1048 2186 infestius
1077 2135 1398 2202 pernrgetis.
1437 2132 1606 2186 Porro
1632 2135 1698 2188 de
1731 2134 1816 2188 bis
1849 2135 2022 2187 homi-

451 2224 610 2278 nibus
635 2223 847 2292 plurimi
877 2225 1031 2294 127
1066 2224 1464 2293 provinciarum
1484 2234 1724 2280 rectores
1747 2225 1868 2278 divo
1882 2225 2021 2296 patri

450 2323 642 2369 nostro
662 2324 818 2368 antca
840 2320 1196 2382 scripserunt.
1219 2313 1428 2380 Quibus
1455 2315 1543 2369 ille
1560 2316 1859 2386 rescripsit,
1878 2316 2022 2384 ejus-

453 2407 599 2460 modi
628 2407 874 2461 liomines
909 2405 1052 2460 nulla
1082 2407 1329 2462 molestia
1361 2406 1678 2462 alliciendos
1706 2423 1827 2463 esse
1849 2447 1864 2473 ,
1911 2408 2017 2462 nisi

450 2497 593 2553 forte
618 2507 806 2552 contra
857 2507 1057 2553 statum
1097 2499 1310 2569 imperii
1345 2500 1574 2554 Romani
1606 2499 1811 2570 aliquid
1841 2499 2016 2554 moliri

447 2591 782 2646 viderentur.
805 2587 910 2645 Sed
925 2599 981 2645 et
1003 2589 1154 2645 multi
1173 2590 1239 2644 ad
1258 2605 1344 2658 rue
1361 2592 1425 2644 de
1443 2591 1546 2646 illis
1561 2592 1858 2646 retulerunt
1877 2608 1890 2644 :
1907 2593 2021 2662 qui-

450 2687 550 2738 bus
573 2699 672 2754 ego
699 2684 872 2754 patris
899 2684 1002 2738 mei
1025 2682 1474 2737 constitutionem
1503 2694 1718 2738 secutus
1745 2686 2017 2755 respondi.

449 2777 602 2844 Quod
635 2779 678 2832 si
725 2777 846 2845 quis
880 2777 1054 2831 adhuc
1102 2777 1276 2846 pergit
1308 2777 1564 2846 cuiquam
1610 2775 1822 2830 illorum
1857 2793 2019 2844 nego-

451 2865 582 2918 t.'um
615 2864 884 2920 facessere
914 2881 980 2920 ex
1021 2879 1085 2919 eo
1113 2866 1258 2936 quod
1290 2866 1631 2921 Christianus
1674 2867 1773 2931 sit,
1809 2868 2018 2924 delatus

448 2958 664 3025 quidem
712 2958 938 3012 crimine
988 2958 1337 3024 absolvatur,
1395 2958 1610 3012 tametsi
1661 2967 1869 3013 constet
1893 2974 2016 3012 eum

442 3050 622 3116 reipsa
653 3048 1030 3102 Christianum
1059 3064 1200 3102 esse.
1235 3048 1450 3103 Delator
1476 3060 1655 3104 autem
1686 3052 1802 3119 ipse
1831 3062 2017 3121 pinnas

2127 1861 2225 1929 τῆς
2259 1860 2386 1929 περ)⁹
2417 1859 2504 1910 τὸν
2528 1859 2815 1921 ἀθάνατον,
2842 1858 2899 1911 ὃν
2926 1859 2989 1929 δὴ
3018 1860 3145 1922 τοὺς
3167 1861 3525 1930 Χριστιανοὺς
3582 1859 3714 1929 θρη-

2129 1951 2420 2014 σκεύοντας
2445 1951 2692 2004 ἐλαύνετε
2720 1952 2814 2004 καὶ
2851 1949 3074 2003 διώκετε
3109 1950 3212 2013 ἓως
3247 1950 3496 2005 θανάτου.
3535 1951 3711 2022 Ὑπὲρ

2125 2043 2182 2096 δὲ
2234 2040 2341 2094 τῶν
2394 2041 2668 2105 τοιούτων,
2727 2041 2825 2113 ἤδη
2878 2041 2972 2094 καὶ
3029 2040 3211 2093 πολλοὶ
3268 2041 3377 2094 τῶν
3425 2043 3552 2112 περὶ
3610 2043 3708 2104 τὰς

2127 2134 2392 2205 ἐπαρχίας
2418 2134 2700 2204 ἡγεμόνων
2741 2133 2834 2186 καὶ
2864 2132 2941 2203 τῷ
2981 2131 3240 2204 θειοτάτῳ
3273 2132 3430 2204 ἡμῶν
3462 2133 3707 2206 ἔυραψαν

2128 2225 2294 2296 πατρί
2339 2225 2478 2293 (49)·
2529 2220 2610 2288 οἷς
2641 2226 2735 2278 καί
2768 2224 3073 2296 ἀντέγραψε
3111 2224 3276 2295 μηδὲν
3313 2225 3546 2295 ἐνοχλεῖν
3590 2228 3706 2287 τοῖς

2127 2317 2413 2381 τοιούτοις,
2461 2318 2508 2370 εἰ
2562 2317 2635 2388 μὴ
2687 2316 2957 2386 φαίνοιντο
3001 2334 3053 2369 τι
3100 2317 3227 2387 περὶ
3269 2316 3365 2387 τὴν
3419 2317 3707 2386 Ῥωμαίων

2125 2409 2420 2480 ἡγεμονίαν
2449 2409 2841 2482 ἐγχειροῦντες.
2872 2411 2981 2463 Καὶ
3014 2409 3134 2479 ἐμοὶ
3163 2409 3219 2461 δὲ
3245 2408 3373 2479 περὶ
3404 2407 3511 2461 τῶν
3537 2406 3710 2460 τοιού-

2123 2518 2232 2555 των
2258 2501 2438 2554 πολλοὶ
2463 2503 2559 2573 ὲσή
2570 2519 2765 2573 μαναν,
2796 2497 2877 2565 οἷς
2904 2503 2968 2571 δὴ
2989 2502 3084 2554 καὶ
3106 2501 3442 2573 ἀντέγραψα,
3469 2516 3707 2552 κατακο-

2123 2589 2327 2643 λουθῶν
2355 2593 2420 2661 τῇ
2443 2589 2535 2642 τοῦ
2565 2591 2771 2663 πατρὸς
2793 2589 3008 2664 γνώμῃ.
3036 2592 3098 2643 El
3121 2591 3177 2644 δέ
3204 2608 3288 2655 τις
3314 2589 3562 2660 ἐπιμένοι
3584 2589 3705 2642 τινὰ

2123 2684 2228 2737 τῶν
2259 2683 2514 2738 τοιούτων
2557 2685 2635 2747 εἰς
2670 2684 2970 2756 πράγματα
3011 2683 3192 2754 φέρων
3228 2682 3304 2745 ὡς
3345 2681 3410 2752 δὴ
3439 2681 3703 2743 τοιοῦτον,

2123 2779 2327 2840 ἐκεῖνος
2368 2780 2396 2830 ὁ
2427 2777 2870 2848 καταφερόμενος
2913 2773 3265 2830 ἀπολελύσθω
3296 2774 3391 2827 τοῦ
3436 2774 3709 2845 ἐγκλήμα-

2123 2888 2232 2934 τος,
2265 2872 2358 2923 καὶ
2389 2870 2482 2921 ἐὰν
2513 2869 2768 2940 φαίνηται
2797 2869 3035 2932 τοιοῦτος
3071 2867 3172 2921 ὤν’
3207 2869 3234 2920 ὁ
3263 2869 3318 2922 δὲ
3358 2869 3702 2940 καταφέρων,

2125 2960 2307 3030 ἔνοχος
2340 2959 2491 3014 ἔσται
2514 2961 2689 3029 δίκης.
2722 2960 2996 3032 Προετέθη
3028 2961 3085 3013 ὲν
3136 2961 3346 3029 Ἐφέσῳ
3374 2959 3485 3030 (50)
3530 2961 3587 3012 ἐν
3627 2960 3706 3028 τῷ

2125 3054 2287 3125 κοινῷ
2330 3055 2428 3124 τῆς
2477 3054 2660 3117 Ἀσίας
2709 3053 2842 3125 (51).
2883 3071 2901 3103 ι
2944 3051 3168 3115 Τούτοις
3206 3050 3350 3104 οὕτω
3390 3053 3702 3122 χωρήσασιν

444 3205 500 3258 in
563 3220 617 3257 tv
649 3206 799 3262 Orat.
865 3219 1163 3259 sacrarum.
1209 3205 1274 3259 Et
1321 3206 1588 3260 Arisﬁdes
1639 3206 1853 3273 quidem
1912 3207 2021 3262 illic
2048 3216 2090 3271 ί]
2124 3223 2342 3262 sensum
2380 3210 2523 3262 hunc
2553 3208 2845 3261 admittere
2876 3221 2981 3260 nou
3016 3216 3267 3274 possunt.
3298 3205 3514 3274 Optime
3558 3204 3703 3258 Lan-

444 3275 658 3346 scri_bit,
704 3275 806 3328 hoc
848 3276 1134 3330 concilium
1175 3275 1227 3328 in
1271 3277 1552 3346 superiore
1601 3275 1833 3346 Phrygia
1889 3293 2014 3332 con-

442 3339 674 3408 venisse,
709 3346 889 3408 idest,
931 3347 1182 3413 Apameae
1221 3345 1304 3398 vel
1337 3339 1628 3411 Synnadis.
1685 3339 1907 3399 Videtur
1941 3357 2014 3400 ta-

444 3431 566 3468 men
603 3417 764 3466 etiam
794 3416 844 3468 iu
887 3415 1006 3468 aliis
1033 3416 1348 3468 civitatibus
1386 3426 1768 3482 congregatum
1820 3417 2008 3472 fuiSsc.

441 3484 614 3538 Erant
641 3496 695 3538 cl.
722 3487 773 3536 itt
804 3485 924 3538 aliis
953 3487 1246 3552 provinciis
1281 3485 1462 3554 populi
1493 3485 1648 3538 liotn.
1688 3485 2004 3552 hujusmodi

444 3557 696 3618 concilia,
725 3565 782 3606 ut
815 3557 1103 3610 concilium
1131 3559 1426 3620 provinciae
1462 3556 1676 3618 Africm,
1711 3557 2005 3612 concilium

443 3624 880 3694 Byzacenorum,
966 3626 1259 3679 concilium
1362 3623 1854 3692 Tripolitanorum;
1940 3631 2009 3682 de

442 3699 643 3760 quibus
693 3697 873 3750 notavi
925 3697 992 3749 ad
1051 3697 1146 3751 lib.
1204 3711 1370 3750 xxvm
1437 3696 1616 3749 Anim.
1668 3696 2008 3762 Marcellini,

441 3779 506 3832 pa
515 3780 562 3832 ε.
592 3764 714 3819 575.

514 3835 624 3904 (45)
662 3835 1048 3901 Βεϐαιοῦντες
1100 3833 1216 3904 τὴν
1275 3835 1515 3906 γνώμην
1563 3836 1761 3891 αὐτῶν
1823 3836 2017 3904 ἤνπερ

439 3905 708 3980 έχο-υσιῂ.
739 3907 1090 3980 -Nicepli_orus
1136 3918 1256 3974 post
1284 3905 1417 3980 inec
1459 3910 1643 3980 verba
1685 3909 1835 3980 addit
1886 3908 2014 3980 περὶ

442 3975 620 4047 ἡμῶν.
654 3975 827 4047 Quam
859 3978 1186 4044 scripturam
1220 3978 1502 4029 coulirinat
1536 3977 1710 4031 littlini
1744 3975 2012 4046 ititerpre-

443 4045 597 4099 tatio.
640 4045 745 4099 Sed
779 4062 887 4108 vos,
922 4047 1124 4112 inquit,
1158 4047 1480 4113 con/innatis
1522 4063 1700 4098 eorum
1735 4065 1863 4116 quos
1894 4045 2012 4116 per-

440 4116 715 4184 :equiniini
752 4117 1059 4168 sententiam
1085 4131 1244 4182 quam
1281 4117 1344 4168 de
1373 4116 1510 4169 vobis
1540 4117 1750 4183 habent,
1785 4121 2012 4172 dicentes

438 4200 527 4239 eos
562 4187 746 4252 impios
775 4199 902 4252 esse.

511 4253 625 4324 (46)
669 4252 778 4324 Εϊη
808 4251 859 4304 δ’
885 4253 960 4306 ἂν
998 4253 1298 4318 κάκείνοις
1330 4254 1584 4321 αἱρετόν.
1616 4253 1669 4308 In
1702 4257 1873 4310 tribus
1909 4273 2010 4312 nos

439 4323 574 4396 stris
602 4323 882 4396 codicibus
916 4323 1076 4386 Maz.,
1107 4325 1252 4396 Med._
1271 4335 1323 4377 et
1353 4324 1483 4377 Fuk.
1515 4326 1712 4393 legitur
1754 4327 1838 4396 εἴη
1869 4326 1913 4380 δ’
1945 4329 2010 4382 ἂν

435 4393 668 4465 ἐκείνοις
692 4393 1110 4465 αίρετόνκψιειηι
1149 4394 1470 4462 scripturam
1505 4397 1672 4464 magis
1708 4393 1897 4465 prolio.

509 4464 622 4533 (47)
675 4463 744 4517 Τὸ
784 4463 986 4518 δοκεῖν
1037 4465 1480 4532 κατηγορουμέν

436 4535 607 4589 codex
652 4535 871 4605 Regius,
903 4537 987 4587 cui
1027 4545 1301 4605 consentit
1333 4536 1687 4603 Nicepltorus.
1720 4535 1913 4590 Verum
1950 4541 2001 4591 in

437 4611 624 4679 codice
667 4604 941 4659 Μάχωνιιο
975 4616 1032 4679 et
1059 4604 1357 4679 Fuketiano
1393 4608 1654 4672 scripturn
1711 4608 1888 4679 inveni
1928 4607 2005 4679 τῷ

434 4675 608 4728 δοκεῖν
655 4674 1169 4747 κατηγορουμένοις.
1224 4676 1402 4729 Codex
1467 4690 1645 4728 autem
1720 4674 2005 4733 Medicaeus

435 4756 695 4818 scriptum
742 4749 903 4800 hauet
939 4747 997 4798 τὸ
1023 4747 1197 4798 δοκεῖν
1224 4748 1734 4818 κατηγορουμένοις.
1769 4751 1922 4813 Quod
1958 4753 2003 4802 si

434 4816 512 4885 to
555 4815 732 4869 δοκεῖν
791 4820 1066 4885 legamus,
1119 4815 1456 4869 referendum
1517 4815 1620 4871 erit
1667 4822 1730 4871 ad
1783 4820 2003 4872 Verbum

428 4884 904 4958 156vivae,_sicut
955 4886 1469 4958 re_Iu_lit_Musculus.
1518 4887 1573 4940 Si
1627 4903 1752 4941 vero
1798 4888 1875 4958 τῷ
1916 4889 2004 4942 δο-

433 4959 551 5007 κεῖν
576 4973 696 5008 cuiu
734 4955 868 5010 Maz.
907 4968 959 5008 et
989 4955 1124 5012 Fuk.
1157 4956 1255 5024 legi
1290 4959 1481 5018 placet,
1510 4969 1619 5009 tum
1657 4955 2001 5012 referendum

435 5036 540 5079 erit
571 5029 635 5099 ad
663 5030 883 5099 verbum
915 5025 1418 5099 κατηγορουμένους
1452 5039 1612 5095 prout
1642 5030 1822 5081 retulit
1863 5027 2004 5081 Latt-

437 5112 556 5163 gus.
605 5091 694 5147 Sic
735 5096 880 5148 enim
924 5091 1085 5148 vertit
1125 5091 1139 5149 Ξ
1177 5091 1382 5160 Quibus
1424 5091 1776 5165 p'i'wstabilins
1806 5100 2000 5163 etiam,

433 5167 562 5216 dum
602 5165 1124 5236 accmnriarguique
1160 5169 1418 5230 videntur,
1457 5183 1550 5236 pro
1593 5168 1702 5222 Deo
1738 5184 1832 5220 suo
1870 5169 2003 5220 mori

435 5237 632 5301 potius,
656 5251 808 5302 quam
843 5235 896 5286 in
926 5237 1024 5286 vita
1063 5252 1291 5289 munere.

506 5302 613 5374 (Ἀθ)
655 5303 1158 5376 Παραϐάλλοντας
1183 5303 1249 5357 δὲ
1273 5303 1345 5358 τὰ
1388 5305 1662 5376 ἡμέτερα.
1693 5306 1999 5376 chendum

435 5374 648 5427 videtur
675 5375 1036 5447 τὰὺμέτερα,
1077 5389 1133 5430 ut
1165 5374 1598 5447 scribiturapud
1641 5374 1913 5433 Justinum
1947 5381 1998 5432 in

433 5448 585 5498 calce
629 5446 973 5514 Apol-agetici.
1025 5447 1194 5512 Quam
1268 5446 1590 5515 scripturam
1647 5461 1863 5502 secutus
1919 5461 2001 5501 est

434 5515 976 5582 Chrislophorsouus.
1009 5519 1099 5571 διο
1133 5516 1275 5570 cnim
1307 5520 1468 5571 vertit
1502 5519 1645 5573 hunc
1677 5521 1850 5572 locum
1881 5533 1894 5571 :
1929 5518 1998 5573 Et

431 5585 664 5653 infelices
697 5587 847 5638 vestri
879 5589 1112 5640 omnium
1142 5603 1296 5658 casus
1328 5592 1380 5640 in
1411 5589 1708 5658 religionem
1751 5601 2000 5658 tanquam

431 5657 729 5708 earumdem
755 5671 971 5728 causam
999 5656 1613 5728 transfertistEumdent
1640 5656 1864 5728 quoque
1883 5678 2000 5713 sen-

433 5742 548 5779 sum
593 5728 862 5794 expressit
895 5727 1141 5784 Ruﬁnus.
1179 5729 1286 5783 bed
1313 5727 1502 5783 Graeca
1532 5727 1790 5784 Antonini
1828 5734 1993 5785 verba

1483 4455 1620 4531 ove:
1651 4455 1723 4518 Ita
1788 4471 2003 4534 quidem
2040 4455 2084 4509 D

2124 3294 2243 3347 gos.
2294 3282 2484 3332 doctus
2541 3278 2828 3347 Nicephori
2882 3278 3170 3342 interpres,
3225 3278 3365 3329 hunc
3399 3277 3571 3328 locum
3626 3277 3697 3328 ita

2117 3346 2321 3402 vertit:
2365 3347 2441 3400 De
2490 3360 2640 3400 terra:
2677 3346 2900 3399 motibus
2953 3355 3129 3399 autem
3167 3348 3256 3412 qui
3309 3347 3386 3399 re!
3436 3347 3583 3413 fuere
3623 3348 3703 3399 vel

2114 3419 2250 3487 ﬁunt
2299 3419 2503 3479 adhuc,
2547 3435 2647 3470 non
2679 3417 3038 3482 importunum
3073 3419 3229 3486 fuerit
3276 3433 3362 3469 vos
3406 3418 3498 3484 qui
3531 3433 3592 3468 ea
3637 3420 3702 3469 de

2115 3504 2276 3540 causa
2339 3489 2576 3540 animum
2630 3487 3002 3552 despondistis,
3079 3490 3380 3550 admonere,
3412 3497 3466 3538 ut
3498 3487 3699 3539 scilicet

2117 3574 2198 3610 res
2251 3569 2446 3610 vestras
2500 3574 2618 3610 cum
2666 3557 2818 3609 rebus
2888 3556 3106 3609 illorum
3161 3558 3463 3624 conferatis.
3525 3557 3696 3622 Igitur

2112 3625 2328 3693 Langus
2378 3627 2521 3680 hunc
2574 3629 2746 3679 locum
2814 3627 2883 3678 ita
2932 3627 3061 3693 legit
3093 3646 3106 3681 :
3141 3628 3259 3695 Οὐκ
3305 3626 3502 3679 ἄτοπον
3553 3627 3699 3695 ὑμᾶς

2119 3697 2459 3768 ὑπομνῆσαι,
2509 3695 2851 3766 ἀθυμοῦντας
2901 3692 3028 3768 ὅταν
3081 3715 3186 3768 περ
3226 3692 3360 3749 ὦσι·
3408 3692 3696 3766 παραϐάλ-

2118 3765 2402 3831 λονταςτά
2436 3765 2675 3838 ὑμέτερα
2701 3767 2837 3837 πρὸς
2862 3765 2930 3818 τὰ
2958 3765 3200 3838 ἐκείνων.
3227 3765 3692 3834 Quemadnmdunt

2118 3838 2312 3907 legitur
2349 3842 2415 3891 ad
2463 3837 2666 3891 calcem
2703 3839 3023 3904 Apologetici
3055 3837 3271 3891 Justtnt.
3305 3837 3434 3902 Qua:
3473 3838 3693 3904 quidem

2118 3911 2384 3975 scriptura
2421 3909 2547 3961 mihi
2581 3908 2927 3960 vehementer
2963 3909 3153 3976 placet.
3540 3954 3544 3959 .

2189 3979 2300 4049 (49)
2346 3977 2429 4042 Τῷ
2459 3976 2735 4044 θειοτάτῳ
2772 3978 2969 4049 πατρί.
2999 3981 3170 4044 Supra
3219 3978 3542 4037 monuimus.
3575 3992 3695 4048 gra-

2117 4047 2259 4102 viter
2297 4050 2619 4101 liallucinari
2659 4048 2946 4100 Eusebium
2972 4050 3060 4115 qui
3097 4049 3234 4100 hanc
3263 4049 3548 4114 epistolam
3583 4055 3694 4100 An-

2117 4119 2305 4171 tonino
2354 4119 2448 4172 l’io
2502 4119 2838 4188 ascripserit.
2896 4116 3092 4188 Yerum
3145 4119 3267 4170 licet
3321 4119 3542 4184 epistola
3598 4119 3690 4172 illa

2117 4204 2222 4241 non
2255 4192 2322 4241 sit
2362 4188 2618 4240 Ant0uini
2657 4187 2760 4252 Pii,
2799 4187 3097 4255 opportune
3135 4198 3312 4239 tamen
3342 4200 3396 4240 et
3423 4204 3522 4239 suo
3572 4189 3693 4241 loro

2116 4258 2202 4310 hic
2256 4259 2562 4311 adducitur.
2612 4256 2668 4309 Iit
2716 4272 2777 4309 ea
2831 4258 3029 4323 quippe
3081 4257 3138 4309 lit
3197 4259 3399 4310 mentio
3447 4259 3693 4325 epistola:

2115 4328 2256 4381 illius
2287 4344 2445 4396 quam
2473 4329 2780 4381 Antoninus
2810 4327 2936 4380 Pius
2966 4329 3320 4393 rescripserat
3351 4331 3416 4380 ad
3445 4343 3690 4382 rectores

2115 4400 2551 4464 provinciarum,
2605 4397 2884 4450 consultus
2935 4399 2999 4448 ab
3057 4399 3120 4449 iis
3172 4398 3301 4464 quid
3357 4397 3691 4452 (lini-tinnis

2113 4470 2378 4536 agendqu
2428 4478 2588 4522 esset.
2643 4466 2812 4533 llujus
2853 4468 3098 4532 epistolae
3153 4469 3259 4520 divi
3309 4467 3389 4520 Pii
3443 4468 3692 4522 metuinit

2107 4537 2289 4590 Melito
2320 4538 2460 4590 infra
2498 4553 2617 4604 cap.
2643 4537 2732 4594 26.
2767 4552 2870 4603 qua
2924 4540 3146 4606 vetitum
3186 4552 3305 4590 esse
3338 4538 3470 4589 dicit
3517 4539 3687 4607 μηδὲν

2106 4607 2440 4678 νεωτερίζειν
2465 4609 2594 4679 περὶ
2637 4607 3014 4677 Χριστιανούς.
3058 4608 3156 4660 Hic
3200 4622 3329 4660 vero
3371 4609 3429 4679 in
3460 4613 3687 4679 epistola

2109 4681 2213 4748 divi
2261 4677 2424 4731 .llarci
2459 4677 2655 4731 dicitur
2700 4689 2917 4730 cautum
2963 4693 3085 4732 esse
3132 4693 3162 4729 a
3210 4679 3335 4731 divo
3374 4677 3470 4730 Pio
3521 4677 3686 4748 μηδὲν

2106 4747 2305 4817 ὀχλεῖν,
2332 4752 2472 4816 quod
2510 4751 2644 4800 idem
2678 4760 2780 4801 est.

2179 4817 2625 4886 (50)11ροετέθη
2690 4819 2758 4872 ὲν
2817 4816 3060 4886 Ἐφέσῳ.
3119 4816 3170 4869 Id
3237 4825 3357 4886 est.
3415 4820 3687 4884 proposita

2105 4885 2319 4958 Ephesi.
2370 4899 2459 4942 hic
2493 4906 2543 4958 I_l|
2595 4889 2798 4956 aliquot
2833 4885 3040 4957 legibus
3076 4888 3281 4940 codicis
3313 4885 3681 4940 Theodosiani

2106 4956 2354 5014 additur:
2392 4958 2456 5010 Ρ.
2484 4956 2554 5011 l’.
2597 4956 3255 5026 Itonia:aut’Carlhngine.
3289 4958 3417 5022 Qua:
3449 4968 3572 5008 nota
3609 4960 3684 5010 si-

2105 5031 2325 5096 gniticat
2355 5030 2497 5081 illam
2532 5030 2868 5094 imperatoris
2901 5029 3070 5096 legem
3107 5029 3316 5095 publice
3348 5029 3683 5093 pr0positam

2104 5100 2308 5152 essein
2361 5114 2422 5151 ea
2474 5100 2714 5151 civitate.
2765 5100 3022 5150 Solebant
3071 5108 3251 5149 autem
3303 5098 3680 5164 imperatores,

2104 5173 2320 5236 quoties
2371 5169 2604 5236 aliquant
2643 5170 3080 5221 constitutionem
3133 5171 3197 5219 ad
3249 5183 3502 5236 omnium
3533 5168 3685 5216 ncli-

2105 5234 2234 5292 tiam
2254 5234 2532 5307 pervenire
2565 5239 2780 5299 vellent,
2819 5255 2913 5289 sua
2947 5253 3108 5289 manu
3139 5241 3447 5307 ascribere:
3483 5234 3685 5307 Priapo:

2104 5305 2284 5371 natur,
2316 5319 2373 5361 ut
2403 5310 2662 5361 discimus
2706 5324 2771 5360 ex
2801 5307 3039 5362 Novellis
3073 5308 3279 5374 aliquot
3312 5305 3682 5359 Valentiniani

2101 5391 2155 5432 et
2183 5379 2488 5447 Maioriani,
2521 5388 2574 5430 et
2617 5393 2685 5431 ex
2713 5379 2933 5445 epistola
2963 5380 3027 5432 51
3064 5378 3262 5430 Jultani
3292 5380 3430 5442 Aug.
3459 5377 3683 5447 ad_Ale-

2104 5444 2420 5512 Xandrtnos,
2449 5450 2500 5501 in
2531 5449 2685 5517 cujus
2719 5444 2867 5502 calce
2907 5459 3168 5516 scriptum
3204 5457 3285 5501 est
3313 5465 3325 5500 :
3354 5444 3680 5517 Προτεθήτω

2100 5522 2211 5582 τοῖς
2236 5519 2522 5590 ἡμετέροις
2550 5518 2794 5590 πολίταις
2834 5517 3252 5590 Ἀλεξανδρεῦσι.

2171 5586 2287 5660 (5|)-
2335 5586 2429 5642 Ἐθ-
2459 5590 2552 5655 ⁴τῷ
2608 5588 2785 5654 κοινῷ
2835 5588 2946 5655 τῆς
2997 5586 3211 5653 Ἀσίας.
3239 5587 3412 5640 Aliter
3456 5586 3543 5660 hic
3585 5601 3681 5660 suo

2102 5656 2272 5712 mitur
2311 5677 2601 5714 commune
2636 5665 2799 5724 Asiae,
2845 5664 3002 5712 aliter
3036 5662 3087 5712 in
3125 5660 3479 5726 inscriptione
3515 5656 3678 5726 hujus

2102 5730 2360 5799 epistolae.
2410 5731 2542 5784 Nam
2597 5731 2649 5784 in
2705 5731 3064 5797 inscriptione
3111 5725 3330 5799 quidem
3381 5729 3535 5798 ipsa,
3585 5725 3678 5780 ubi
