4016 6260
317 330 430 390 357

1321 336 1671 395 HISTORIE
1709 338 2273 398 ECCLESIASTICIE
2312 341 2442 400 LIB.
2483 341 2574 402 iV.

3473 349 3587 406 εδδ,

315 449 702 524 ὶπιμαρτυρῶι
757 451 1005 509 Μιλίτων
1046 456 1148 527 τῆς
1183 457 1240 510 ἐν
1281 456 1543 531 Σάρδεσιν
1585 457 1885 532 Ἐκκλησία.

2012 458 2146 514 luat.
2187 459 2468 531 Proposita
2503 460 2699 533 Ephesi
2729 461 2784 517 in
2817 461 3034 532 publico
3065 472 3328 518 conventu
3362 465 3520 520 Asiae.
3554 486 3575 520 ι

311 542 638 608 Απίσκοπος,
683 547 808 599 κατ’
841 546 976 600 αὐτὸ
1009 545 1410 620 γνωριζόμενος
1439 550 1536 604 τοῦ
1570 551 1784 623 χρόνου,
1819 552 1906 624 δῆ-

311 637 407 701 ἰός
438 639 586 692 ἐστιν
628 641 693 693 ἐκ
736 639 845 694 τῶν
896 642 1202 714 εἰρημένων
1248 645 1398 717 αὐτῷ
1430 648 1488 700 ἐν
1613 648 1905 720 πεποίηται

313 730 456 802 πρὸς
495 731 590 784 τὸν
634 732 1014 807 αὐτοκράτορα
1060 737 1270 809 Οὑῆρον
1303 738 1416 810 (52)
1469 740 1608 814 ὑπὲρ
1642 741 1736 794 τοῦ
1783 741 1902 796 καθ’

314 825 466 894 ἡμᾶς
491 823 763 896 δόγματος
793 829 1192 902 χρησιμωτάτῃ
1225 831 1508 905 ἀπολογία.

847 921 1245 975 ΚΕΦΑΛΑΙΟΝ
1284 925 1380 978 ΙΔ’.

318 1007 398 1060 Τὰ
421 1007 558 1076 περὶ
585 1009 990 1079 Πολυκάρπου
1006 1011 1123 1086 τοῦ
1150 1013 1282 1086 τῶν
1313 1016 1672 1086 ἀποστόλων
1699 1017 1906 1086 γνωρί-

509 1097 633 1148 μου
665 1084 1165 1152 μνημονευόμενα
1199 1083 1340 1152 (Nic.
1372 1084 1440 1142 E.
1469 1085 1629 1151 H.111,
1659 1083 1772 1157 50).

394 1169 519 1222 Ἐπὶ
542 1170 599 1224 δὲ
630 1170 740 1224 τῶν
767 1171 1134 1242 δηλουμένων,
1173 1173 1457 1245 Ἀνικήτου
1488 1176 1586 1246 τῆς
1621 1176 1905 1246 Ῥωμαίων

322 1261 653 1332 Ἑκκλησίας
676 1263 1004 1333 ἡγουμένου,
1033 1265 1392 1337 Πολύκαρπον
1419 1267 1501 1320 ἔτι
1542 1270 1798 1339 περιόντα
1827 1267 1906 1339 τῷ

309 1352 413 1424 βίῳ
446 1354 698 1423 γενέσθαι
723 1372 782 1408 τε
811 1355 905 1409 ἐπὶ
939 1355 1177 1430 Ῥώμης,
1207 1358 1300 1411 καὶ
1320 1359 1401 1423 είς
1427 1359 1643 1429 ὁμιλίαν
1666 1359 1744 1430 τῷ
1766 1356 1906 1414 Ἀνι-

305 1446 466 1516 κήτῳ
490 1445 665 1499 ἐλθεῖν
699 1447 787 1500 διά
813 1465 865 1500 τι
895 1446 1114 1519 ζήτημα
1139 1451 1269 1523 περὶ
1309 1452 1409 1521 τῆς
1450 1451 1592 1504 κατὰ
1621 1451 1681 1504 τὸ
1711 1452 1905 1523 Πάσχα

305 1536 549 1607 ἡμέρας,
577 1539 863 1609 Εἰρηναῖος
885 1541 1107 1610 ἱστορεῖ.
1135 1542 1248 1596 Καὶ
1276 1544 1440 1614 ἄλλην
1461 1545 1517 1598 δὲ
1547 1547 1574 1599 ὁ
1595 1547 1756 1610 αὐτὸς
1779 1549 1906 1619 περὶ

303 1631 404 1684 τοῦ
439 1632 796 1704 Πολυκάρπου
830 1633 1163 1704 παραδίδωσι
1189 1635 1470 1708 διήγησιν,
1500 1637 1567 1709 ἣν
1605 1640 1903 1708 ἀναγκαῖον

303 1728 422 1789 τοῖς
451 1726 580 1798 περὶ
603 1725 767 1780 αὑτοῦ
796 1719 1145 1798 δηλουμένοις
1177 1729 1530 1800 ἐπισυνάψαι,
1559 1732 1728 1796 οὕτως
1755 1732 1903 1802 ἔχου-

305 1836 429 1873 σαν.
466 1819 602 1894 ’ᾼπὺ
645 1820 738 1874 τοῦ
767 1821 949 1891 τρίτου
994 1820 1102 1875 τῶν
1141 1822 1300 1890 Πρὸς
1318 1822 1426 1890 τάς
1442 1824 1704 1892 αἱρέσεις
1730 1826 1900 1898 Εἰρη-

2007 549 2132 608 Haec
2155 554 2375 623 quidem
2402 557 2476 608 ita
2502 565 2651 625 gesta
2677 570 2797 610 esse
2819 554 3000 610 Melito
3016 555 3270 613 Ecclesiae
3291 556 3581 616 Sardensis

2005 645 2322 714 episcopus,
2351 647 2444 714 qui
2471 647 2660 701 iisdem
2690 648 3024 716 temporibus
3048 646 3264 715 ﬂoruit,
3293 649 3591 718 perspicue-

2007 746 2232 792 testatur
2254 738 2308 792 in
2323 738 2656 808 Apologetico
2682 739 2775 794 illo
2810 739 2966 810 longe
2981 741 3270 795 utilissimo
3293 781 3308 805 ,
3328 756 3485 809 quem
3508 740 3578 794 ad

2005 829 2387 898 imperatorem
2407 831 2604 886 Verum
2625 849 2721 902 pro
2735 834 3000 903 religione
3018 843 3201 889 nostra
3231 834 3574 904 conscripsit.

2580 925 2814 980 CAPUT
2855 925 2994 980 XIV.

2114 1015 2370 1079 Quaenam
2403 1014 2466 1068 de
2490 1012 2786 1084 Polycarpo
2817 1015 3178 1082 apostolorum
3211 1015 3469 1085 discipulo

2609 1097 2987 1140 memorentur.

2072 1168 2274 1222 Eadem
2330 1179 2672 1238 tempestate,
2724 1174 2950 1229 Aniceto
3003 1173 3265 1230 Romamn
3322 1175 3580 1232 Ecclesiae

2011 1263 2366 1333 praesidente,
2418 1263 2772 1336 Polycarpum
2810 1267 2901 1334 qui
2955 1267 3117 1321 etiam
3146 1277 3257 1320 tum
3292 1277 3575 1334 superstes

2006 1366 2140 1420 eral,
2175 1355 2403 1411 Romam
2427 1360 2641 1412 venisse
2667 1360 2736 1414 ob
2757 1360 3113 1429 quaestionem
3144 1363 3431 1429 quamdam
3461 1375 3581 1429 qua:

2007 1451 2071 1502 dc
2100 1448 2304 1504 Pascha
2330 1449 2612 1514 inciderat,
2641 1460 2692 1505 et
2719 1466 2842 1506 cum
2873 1453 3101 1506 Aniceto
3123 1452 3448 1520 colloquium
3476 1451 3578 1505 ha-

2009 1540 2186 1595 buisse
2217 1541 2381 1595 tradit
2415 1540 2667 1597 lrenaeus.
2700 1542 2873 1597 Aliam
2899 1553 3155 1613 praeterea
3180 1545 3320 1598 idem
3347 1545 3583 1612 scriptor

2007 1637 2072 1687 de
2100 1633 2397 1714 Poloycarpo
2427 1648 2540 1688 rem
2575 1645 2768 1689 narrat
2801 1635 2856 1689 in
2911 1637 3069 1690 tertio
3114 1634 3313 1690 Contra
3358 1638 3576 1689 licereses

2007 1725 2164 1790 libro,
2196 1742 2355 1794 quam
2387 1727 2596 1781 caeteris
2643 1743 2762 1795 quze
2796 1727 2862 1782 de
2893 1727 2984 1781 illo
3033 1736 3533 1782 commemorantur
3561 1768 3578 1796 ,

2011 1820 2321 1872 necessario
2358 1819 2754 1889 adjungendam
2786 1819 2989 1888 putavi.
3022 1820 3114 1874 Sic
3146 1830 3321 1872 autent
3366 1821 3528 1874 habet
3562 1836 3577 1874 :

303 1912 458 1965 vzlou
491 1913 600 1984 (55)
625 1930 639 1944 ·
676 1933 693 1964 ι
730 1915 841 1966 Καὶ
871 1913 1228 1983 Πολύκαρπος
1259 1915 1316 1968 δέ
1350 1917 1412 1968 οὐ
1443 1917 1600 1986 μόνον
1635 1918 1738 1971 ὑπὸ
1767 1919 1885 1971 ἀπο

2015 1927 2030 1958 ι
2066 1909 2170 1963 Sed
2208 1919 2261 1964 et
2288 1909 2646 1982 Polycarpus,
2679 1911 2874 1979 inquit,
2913 1911 2994 1963 vir
3022 1910 3115 1979 qui
3163 1926 3268 1963 non
3304 1911 3475 1965 solum
3511 1911 3580 1968 ab

306 2004 511 2057 στόλων
537 2003 913 2075 μαθητευθεὶς,
936 2006 1030 2059 καὶ
1053 2007 1523 2078 συναναστραφεὶς
1545 2008 1764 2072 πολλοῖς
1787 2012 1901 2075 τοῖς

302 2097 396 2150 τὸν
424 2098 659 2169 Χριστὸν
683 2098 1008 2167 ἑωρακόσιν,
1037 2099 1174 2153 ἀλλὰ
1197 2100 1291 2152 καὶ
1326 2100 1432 2153 ὑπὸ
1454 2101 1767 2154 ἀποστόλων
1799 2120 1899 2157 κα-

302 2188 593 2252 τασταθεὶς
618 2192 696 2253 είς
725 2191 820 2261 τὴν
851 2191 1037 2244 Ἀσίαν
1070 2193 1128 2245 ὲν
1167 2194 1231 2262 τῇ
1263 2193 1320 2244 ἐν
1350 2192 1570 2266 Σμύρνῃ
1603 2193 1926 2266 Ἐκκλησία,

302 2280 621 2343 ἐπίσκοπος,
656 2279 713 2332 ὃν
757 2280 853 2334 καὶ
907 2281 1067 2350 ἡμεῖς
1113 2281 1441 2353 ἑωράκαμεν
1485 2283 1544 2336 ἐν
1585 2286 1650 2354 τῇ
1706 2283 1897 2358 πρώτῃ

301 2370 462 2440 ἡμῶν
493 2370 698 2442 ἡλικίᾳ.
722 2372 984 2426 Ἐπιπολὺ
1011 2373 1122 2444 γὰρ
1153 2375 1474 2444 παρέμεινε,
1505 2376 1599 2428 καὶ
1630 2376 1770 2428 πάνυ
1797 2394 1898 2446 γη-

305 2464 517 2533 ραλέος,
534 2463 757 2528 ἐνδόξως
770 2465 864 2518 καὶ
886 2465 1287 2534 ἐπιφανέστατα
1309 2471 1687 2539 μαρτυρήσας,
1707 2468 1894 2540 ἐξῆλθε

299 2556 395 2608 τοῦ
425 2556 562 2626 βίου,
588 2557 761 2610 ταῦτα
791 2557 1007 2621 διδάξας
1033 2559 1140 2622 ἀεὶ,
1164 2557 1200 2612 ἃ
1221 2561 1314 2612 καὶ
1345 2561 1497 2631 παρά
1521 2561 1629 2614 τῶν
1659 2562 1893 2615 ἀποστό-

300 2650 409 2703 λων
451 2649 673 2719 ἒμαθεν,
714 2649 749 2703 ἀ
775 2651 868 2702 καὶ
897 2653 929 2720 ἡ
965 2650 1262 2721 Ἐκκλησία
1307 2652 1696 2723 παραδίδωσιν,
1734 2655 1770 2708 ἀ
1801 2656 1895 2708 καὶ

303 2743 444 2812 μόνα
472 2743 618 2796 ἐστὶν
653 2741 849 2812 ἀληθῆ.
885 2741 1240 2814 Μαρτυροὼι
1286 2746 1492 2808 τούτοις
1520 2746 1576 2797 ai
1613 2744 1755 2798 κατὰ
1795 2745 1893 2818 τὴν

298 2833 489 2886 Ἀσίαν
552 2831 867 2901 Ἐκκλησίαι
911 2833 1244 2895 πᾶσαι,.κα“ι
1280 2834 1331 2884 oi
1380 2834 1538 2903 μέχρι
1581 2832 1675 2886 νῦν
1716 2833 1892 2886 διαδε-

296 2923 550 2993 δεγμένοι
583 2924 673 2976 τὸν
699 2921 1076 2993 Πολύκαρπον,
1109 2922 1289 2994 πολλῷ
1328 2925 1765 2997 ἀξιοπιστότερον
1799 2928 1892 2979 καὶ

298 3015 649 3088 βεϐαιότερον
677 3017 934 3088 ἀληθείας
965 3016 1214 3089 μάρτυρα
1240 3018 1390 3078 ὄντα,
1418 3019 1767 3072 Οὐαλεντίνου
1796 3019 1890 3071 καὶ

295 3108 624 3179 Μαρκίωνος
649 3110 740 3161 καὶ¹
761 3111 868 3164 τῶν
894 3111 1095 3164 λοιπῶν
1121 3111 1573 3180 κακογνωμόνων,
1603 3111 1660 3173 ὃς
1686 3111 1775 3162 καὶ
1800 3111 1892 3163 ἐπὶ

294 3202 586 3274 ’Δνικήτου
628 3204 972 3275 ἐπιδημήσας
1011 3209 1076 3276 τῇ
1130 3203 1317 3274 Ῥώμῃ
1367 3202 1594 3264 πολλοὺς
1633 3205 1739 3257 ἀπὸ
1783 3205 1891 3256 τῶν

2008 2004 2269 2071 apostolis
2295 2005 2562 2069 eruditus,
2593 2013 2650 2059 et
2677 2020 2799 2058 cum
2831 2004 3013 2058 multis
3043 2003 3136 2074 qui
3174 2003 3464 2058 Dominum
3499 2004 3580 2058 vi-

2006 2096 2219 2163 derant,
2258 2096 2599 2151 familiariter
2628 2105 2902 2162 versatus,
2948 2112 3136 2151 verum
3166 2098 3332 2151 etiam
3364 2097 3416 2150 in
3447 2097 3581 2151 Asia

2007 2189 2322 2260 Smyrncnsi
2352 2190 2608 2244 Ecclesiae
2642 2191 2709 2244 ab
2742 2189 2872 2258 ipsis
2893 2189 3156 2259 apostolis
3183 2189 3464 2243 ordinatus
3496 2195 3580 2240 est

2004 2283 2290 2351 episcopus
2319 2299 2334 2335 :
2368 2296 2529 2348 quem
2566 2296 2664 2335 nos
2722 2296 2940 2350 quoque
2972 2280 3150 2334 adhuc
3207 2280 3580 2336 adolescentes

2005 2375 2236 2428 vidimus
2263 2373 2422 2446 (vixit
2454 2373 2596 2428 enim
2627 2374 2956 2442 diutissime,
3003 2385 3058 2429 et
3092 2374 3143 2427 in
3185 2373 3373 2427 ultima
3425 2386 3580 2426 sene-

2004 2475 2155 2520 ctute
2195 2479 2407 2520 summa
2439 2479 2563 2520 cum
2593 2464 2762 2534 gloria
2816 2466 3022 2518 illustre
3052 2479 3345 2534 perpessus
3373 2473 3578 2532 marty-

2003 2559 2163 2624 rium,
2187 2559 2420 2612 excessit
2452 2572 2482 2611 e
2503 2556 2668 2628 vita);
2706 2557 2794 2612 hic
2823 2598 2836 2621 ,
2891 2558 3133 2627 inquam,
3158 2557 3489 2628 Polycarpus
3513 2572 3576 2611 ea

2003 2663 2219 2718 semper
2257 2649 2443 2703 docuit
2475 2664 2595 2717 qua:
2621 2651 2687 2703 ab
2724 2650 2984 2718 apostolis
3027 2649 3333 2714 didicerat,
3369 2657 3424 2702 et
3456 2664 3578 2716 quae

2001 2741 2306 2794 etiamnum
2337 2740 2503 2793 tradit
2529 2739 2768 2794 Ecclesia
2791 2779 2806 2803 ,
2839 2749 2895 2794 et
2926 2755 3047 2808 quae
3100 2739 3212 2794 sola
3249 2747 3375 2793 sunt
3424 2751 3574 2791 vera.

2003 2831 2302 2886 Testantur
2330 2832 2434 2885 hoc
2488 2831 2745 2885 Ecclesia:
2776 2845 2966 2886 omnes
3010 2845 3130 2901 quae
3170 2831 3222 2885 in
3281 2830 3408 2884 Asia
3445 2845 3580 2885 con-

2001 2924 2203 2977 stitutus
2229 2931 2375 2988 sunt,
2411 2932 2464 2976 et
2494 2923 2806 2992 quicunque
2836 2924 2902 2977 ad
2951 2933 3194 2978 nostram
3223 2939 3394 2993 usque
3437 2932 3573 2978 aeta-

2003 3025 2111 3067 tem
2149 3015 2201 3068 in
2251 3013 2536 3086 Polycarpi
2570 3013 2749 3068 locum
2802 3023 3211 3069 successerunt.
3263 3015 3365 3081 Qui
3425 3023 3578 3069 certe

2002 3107 2171 3160 multo
2201 3107 2306 3161 ﬁde
2333 3107 2547 3176 dignior
2576 3122 2640 3161 ac
2681 3107 3007 3174 locupletior
3051 3106 3205 3162 testis
3237 3106 3339 3160 fuit
3374 3111 3580 3161 verita-

2001 3197 2092 3259 tis,
2131 3212 2291 3265 quant
2324 3207 2422 3250 aut
2453 3194 2770 3251 Valentinus
2798 3195 3128 3259 autMarcio,
3150 3205 3204 3250 et
3233 3195 3424 3264 reliqui
3453 3212 3553 3265 pra-

294 3293 711 3364 προειρημένων
735 3294 1023 3366 αἰρετικῶν
1055 3295 1386 3367 ἐπέστρεψεν
1430 3299 1508 3358 είς
1531 3296 1630 3366 τὴν
1657 3296 1885 3365 Ἐκκλη-

2001 3302 2186 3341 varum
2218 3286 2540 3355 opinionum
2573 3294 2856 3358 auctores.
2879 3287 3025 3341 Idem
3061 3286 3272 3341 Aniceti
3313 3287 3576 3355 tempori—

295 3384 419 3438 σιάν
448 3385 545 3438 τοῦ
582 3385 739 3449 Θεοῦ,
776 3386 902 3458 μίαν
934 3387 1025 3439 καὶ
1072 3389 1238 3459 μόνην
1265 3387 1468 3458 ταύτην
1500 3387 1757 3456 ἀλήθειαν
1787 3405 1885 3454 κη-

295 3476 464 3548 ρύξας
490 3478 598 3530 ὑπὸ
620 3476 729 3530 τῶν
764 3478 1076 3532 ἀποστόλων
1102 3481 1518 3552 παρειληφέναι,
1545 3481 1641 3550 τὴν
1665 3481 1768 3534 ὑπὸ
1788 3482 1886 3553 τῆς

293 3563 624 3636 Ἐκκλησίας
667 3565 1119 3639 παραδεδομένην.
1157 3570 1267 3622 Καὶ
1308 3570 1444 3623 εἰσὶν
1488 3572 1538 3622 oi
1587 3571 1884 3641 ἀκηκοότες

293 3655 458 3708 αὑτοῦ
484 3697 500 3720 ,
543 3657 624 3710 ὃτι
653 3659 908 3728 Ἰωάννης
948 3663 976 3714 ό
1011 3659 1106 3713 τοῦ
1155 3660 1361 3731 Κυρίου
1413 3661 1661 3732 μαθητὴς
1706 3665 1763 3715 ἐν
1815 3665 1881 3735 τῇ

292 3748 508 3820 Ἐφέσῳ
539 3751 825 3822 πορευθεὶς
844 3752 1157 3816 λούσασθαι,
1185 3753 1280 3806 καὶ
1307 3753 1431 3806 ίδὼν
1455 3753 1562 3807 ἔσω
1588 3753 1879 3826 Κήρινθον,

289 3837 522 3909 ἐξήλατο
543 3839 638 3894 τοῦ
666 3840 948 3912 βαλανείου
980 3846 1054 3917 μὴ
1079 3844 1431 3914 λουσάμενος,
1463 3846 1576 3899 ἀλλ’
1611 3844 1876 3900 ἐπειπών·

285 3937 668 4007 Φύτωμενμή
684 3935 782 3988 καί
805 3937 872 3990 τὸ
889 3938 1222 4002 ,ϐαλανεῖον
1241 3938 1526 4008 συμπέσῃ
1575 3938 1755 3992 ἔνδον
1783 3939 1881 3992 ὅν-

287 4047 395 4094 τος
421 4029 718 4096 Κηρίνθου
750 4032 855 4085 τοῦ
878 4031 986 4100 τῆς
1010 4035 1297 4104 ἀληθείας
1329 4035 1565 4104 ἐχθροῦ.
1583 4037 1694 4089 Kal.
1716 4036 1878 4100 αὐτὸς

288 4121 769 4195 δὲόΠολύκαρπος
792 4126 1080 4196 Μαρκίωνί
1103 4145 1233 4182 ποτε
1265 4130 1345 4191 είς
1356 4127 1479 4198 ὄψιν
1501 4127 1648 4199 αὑτῷ
1673 4128 1878 4182 ἐλθόντι

290 4305 494 4376 legitur
535 4305 610 4360 M.
647 4307 894 4362 Aurelius
941 4307 1238 4362 Antoninus
1282 4308 1548 4361 communi
1589 4308 1748 4371 Λεία».
1783 4324 1874 4362 su-

289 4378 462 4447 mitur
497 4391 596 4444 pro
645 4379 910 4441 concilio,
962 4393 1055 4432 seu
1113 4394 1211 4445 pro
1261 4377 1455 4447 legatis
1503 4380 1592 4447 qui
1645 4395 1713 4432 ex
1764 4388 1874 4434 tota

285 4446 422 4518 Asia
473 4448 742 4514 Ephesum
791 4457 1161 4504 convenerant
1195 4449 1258 4501 ad
1309 4446 1464 4502 sacra
1514 4446 1772 4518 ludosque
1823 4451 1873 4503 in

286 4517 552 4572 honorent
597 4519 1015 4586 imperatorum;
1052 4519 1102 4570 in
1136 4518 1241 4573 line
1274 4529 1453 4573 autem
1486 4517 1748 4586 epistolae,
1779 4536 1874 4574 su-

286 4589 457 4640 mitur
485 4603 584 4654 pro
618 4588 736 4641 loco
769 4589 886 4658 ipso
925 4590 975 4642 in
1023 4604 1182 4656 quem
1219 4589 1638 4643 conveniebant.
1691 4590 1876 4644 Potest

285 4658 454 4710 etiam
485 4657 626 4712 sumi
681 4657 1012 4728 pro’templo
1053 4661 1193 4726 quod
1234 4675 1518 4713 commune
1563 4660 1704 4714 Asiae
1737 4677 1873 4714 con-

285 4737 572 4782 struxerat
623 4729 674 4782 in
736 4730 995 4784 honorem
1051 4729 1236 4782 Romae
1276 4740 1332 4782 et
1377 4731 1629 4799 Augusti.
1683 4731 1875 4786 Exstat

287 4812 424 4870 sane
448 4809 611 4870 vetus
630 4815 883 4854 nummus
903 4799 1109 4853 Claudii
1136 4801 1386 4870 Augusti,
1413 4803 1590 4855 editus
1614 4817 1642 4855 a
1667 4801 1874 4856 Joanne

286 4866 548 4923 Tristauo
580 4868 1012 4933 Sanctamantio,
1040 4870 1090 4939 in
1125 4866 1246 4938 quo'
1266 4871 1522 4938 templum
1555 4886 1871 4939 expressum

286 4949 374 4993 est
417 4940 519 4992 hoc
546 4939 740 4994 titulo:
777 4941 838 4993 Β.
871 4951 923 4993 et
961 4937 1278 4994 AUG.’cnm
1301 4937 1398 4991 hac
1423 4937 1773 5009 inscriptione
1805 4942 1872 4996 ad

287 5010 756 5091 I't‘triunqtredatus
785 5010 1010 5091 templi:
1041 5011 1201 5064 CUM.
1231 5009 1434 5064 ASl/E.
1457 5010 1582 5091 ,ΙΙ-ηε
1613 5013 1869 5080 templum

287 5078 488 5148 Ephesi
540 5078 705 5135 fuisse
760 5078 1036 5144 existimo,
1085 5097 1191 5148 quo
1241 5083 1640 5136 conveniebant
1681 5078 1870 5136 omnes

285 5151 433 5221 Asia:
484 5150 734 5205 civitates
772 5153 837 5204 ad
873 5165 1028 5221 sacra
1067 5167 1165 5221 pro
1214 5152 1386 5204 salute
1423 5152 1549 5220 imp.
1581 5163 1635 5205 et
1687 5153 1867 5220 populi

287 5220 520 5274 Romani
563 5221 906 5275 celebranda.
955 5219 1192 5290 Eratque
1225 5223 1325 5275 hoc
1360 5219 1620 5290 templum
1670 5219 1866 5290 publici

279 5290 427 5358 juris
460 5291 628 5359 totius
664 5293 826 5354 Asiae,
861 5301 1046 5358 utpote
1087 5293 1358 5345 comnmni
1395 5304 1607 5359 sumptu
1643 5304 1866 5346 exstru-

285 5368 449 5412 ctum.
485 5358 619 5412 Ludi
645 5377 858 5431 quoque
882 5363 1069 5415 eodem
1099 5364 1315 5415 nomine
1336 5358 1653 5414 dicebautur
1675 5363 1868 5426 Κοινὸν

299 5431 512 5494 Ἀσίας,
536 5431 620 5483 vel
648 5434 700 5484 in
736 5431 930 5496 plurali
963 5448 1184 5485 numero
1219 5433 1420 5486 Κοινάι·
1454 5448 1683 5501 quorum
1718 5450 1869 5487 meu-

289 5502 364 5554 tio
390 5505 448 5554 llt
482 5502 536 5555 in
566 5502 918 5571 inscriptione
954 5501 1305 5559 Farnesiana.
1341 5516 1394 5555 et
1422 5504 1473 5556 in
1507 5504 1866 5557 marmoribus

289 5571 716 5643 Aruudellianis.
758 5573 822 5625 Et
861 5572 956 5626 hos
988 5575 1202 5639 quidem
1239 5573 1392 5626 ludos
1439 5575 1683 5643 Smyrnae
1715 5585 1867 5628 actos

290 5642 463 5696 fuisse
507 5645 702 5696 docent
734 5648 1059 5710 supradicta:
1092 5644 1489 5711 inscriptiones.
1529 5642 1584 5696 et
1613 5659 1865 5698 numnms

293 5711 641 5778 imperatoris
699 5713 886 5768 Severi
941 5716 1079 5779 apud
1133 5714 1444 5766 'l'rismuunt
1497 5716 1598 5767 hoc
1657 5715 1861 5769 titulo:

173 5799 196 5816 υ
293 5781 523 5838 ΠΡΩΤΔ
561 5784 781 5837 ΚΟΙΝΑ
817 5781 1020 5838 ACl-AC
1045 5783 1472 5852 (ἰΜὶῖΡΝΑΙΩΝ.
1502 5783 1702 5837 Tamen
1735 5786 1863 5838 nihil

292 5865 472 5926 vetat,
527 5854 822 5924 quominus
875 5853 974 5910 hos
1037 5854 1191 5911 ludos
1238 5857 1403 5911 etiam
1465 5856 1660 5928 Ephesi
1705 5865 1864 5911 actos

1998 3382 2096 3434 bus
2135 3381 2298 3451 128
2349 3381 2578 3436 Romam
2642 3381 2886 3443 veniens,
2920 3379 3118 3434 multos
3150 3394 3216 3434 ex
3247 3378 3577 3457 supradictis

1995 3475 2264 3528 haereticis
2295 3474 2362 3528 ad
2397 3473 2696 3528 Ecclesiam
2719 3473 2828 3546 ,Dei
2865 3473 3164 3536 revocavit,
3215 3471 3359 3525 hanc
3408 3484 3572 3525 unam

1993 3576 2046 3621 et
2079 3567 2250 3621 solam
2282 3567 2568 3620 veritatem
2605 3581 2665 3620 se
2704 3565 2773 3619 ab
2803 3564 3062 3633 apostolis
3118 3563 3397 3632 accepisse
3434 3577 3575 3631 pra:-

1993 3661 2206 3725 dicans,
2240 3676 2363 3730 qua:
2416 3660 2484 3716 ab
2511 3659 2754 3714 Ecclesia
2803 3659 3129 3714 traderetur.
3178 3655 3244 3709 Et
3277 3663 3575 3724 supersunt

1993 3757 2176 3809 adhuc
2203 3753 2442 3809 nonnulli
2474 3757 2564 3824 qui
2595 3755 2745 3809 ilhtm
2782 3755 2834 3808 id
2873 3763 3183 3807 narrantem
3215 3751 3526 3806 audiverint
3553 3781 3569 3806 ι

1989 3837 2250 3903 Joannem
2283 3848 2496 3901 Domini
2521 3848 2844 3919 discipulum
2873 3864 2993 3902 cum
3021 3845 3426 3900 lavandi'causa
3455 3843 3570 3896 bal-

1991 3955 2149 3994 neum
2183 3941 2380 4010 Ephesi
2409 3950 2555 3994 esset
2581 3942 2882 4008 ingressus,
2924 3939 3038 3990 viso
3085 3937 3229 3989 intus
3261 3935 3523 3989 Cerintho
3551 3971 3570 4000 ,

1992 4054 2118 4092 mox
2155 4039 2364 4094 illotum
2400 4053 2430 4092 e
2467 4036 2662 4092 balneo
2683 4034 3010 4104 profugisse,
3037 4043 3198 4101 atque
3227 4030 3279 4084 in
3309 4030 3424 4083 lucc
3451 4044 3571 4098 pro-

1999 4129 2207 4198 rupisse
2263 4127 2427 4181 verba
2462 4144 2477 4181 ι
2511 4123 2809 4196 Fugiamus
2845 4125 2987 4187 hinc,
3048 4138 3110 4175 ne
3154 4120 3295 4188 forte
3327 4119 3570 4174 balneum

1985 4309 2153 4363 fuisse
2193 4323 2499 4374 credamus,
2535 4309 2833 4377 praesertim
2877 4323 3001 4362 cum
3036 4307 3153 4362 hinc
3199 4306 3428 4377 cpistola
3461 4307 3569 4362 divi

1987 4380 2153 4433 Marci
2190 4381 2241 4433 id
2276 4381 2497 4432 mnnino
2525 4380 2750 4433 suadere
2784 4380 3051 4432 videatur.

2056 4451 2168 4518 (52)
2225 4450 2380 4518 Πρὸς
2427 4451 2532 4503 τὸν
2579 4449 2986 4517 αὐτοκράτορα
3016 4445 3271 4514 Οὺῆρον.
3324 4447 3398 4500 ita
3455 4445 3571 4500 fere

1981 4519 2156 4575 Graeci
2203 4523 2490 4573 nominant
2522 4521 2591 4573 Μ.
2637 4521 3011 4583 Antoninum,
3063 4529 3116 4569 ut
3156 4519 3332 4570 notavi
3369 4518 3434 4570 ad
3471 4518 3566 4571 lib.

1984 4606 2156 4658 xxv",
2190 4605 2312 4660 pag.
2338 4591 2464 4650 559,
2508 4593 2686 4643 Amm.
2736 4590 3052 4643 Marcellini.
3092 4587 3454 4660 Hieronymus
3514 4588 3565 4641 in

1981 4655 2288 4731 (.atalogui
2329 4660 2533 4724 Melita,
2583 4661 2790 4726 inquit,
2828 4660 3083 4731 Asianus,
3126 4655 3406 4731 Sardensis
3458 4660 3566 4731 epis

1981 4726 2199 4798 scapus,
2236 4731 2428 4784 librum
2464 4733 2770 4798 imperatori
2821 4732 3002 4782 Murro
3047 4730 3240 4780 Anton.
3299 4726 3434 4780 Vero
3476 4729 3566 4798 qui

1979 4800 2270 4854 Frontonis
2318 4803 2546 4854 oratoris
2587 4801 2880 4868 discipulus
2925 4800 3062 4867 fuit,
3113 4816 3208 4866 pro
3253 4798 3562 4853 Christiano

1978 4877 2221 4938 dogmate
2256 4873 2424 4923 dedit.
2478 4870 2604 4926 Vide
2647 4888 2767 4931 cap.
2796 4871 2866 4923 9.7
2907 4871 3068 4936 hujus
3101 4871 3244 4921 libri.
3294 4869 3560 4922 Caeterum

1980 4945 2284 4994 monendus
2317 4955 2403 4995 est
2449 4941 2618 4994 lector
2659 4939 2891 5011 Οῠηρον,
2930 4944 3116 5011 tribus
3137 4939 3361 5011 syllabis
3393 4940 3561 4992 scribi

1979 5013 2033 5065 itt
2065 5012 2268 5064 nostris
2313 5012 2590 5065 codicibus
2620 5009 2787 5071 111...;
2814 5012 2949 5064 Med.
2981 5021 3035 5062 et
3084 5009 3218 5065 Fuk.
3257 5011 3419 5078 idque
3452 5024 3559 5064 11011

1982 5083 2070 5136 hic
2099 5081 2273 5134 solum
2315 5082 2406 5134 sed
2449 5083 2501 5134 in
2540 5082 2892 5147 sequentibus
2924 5081 3098 5138 libris.

2052 5151 2163 5218 (55)
2215 5149 2505 5224 ξΑπὸ-τοῦ
2543 5146 2740 5224 τρίτου
2790 5151 2908 5224 τῶν
2953 5149 3108 5219 Πρὸς
3137 5146 3255 5219 ’τὰς
3298 5155 3554 5224 αίρέρεις

1980 5217 2502 5298 Ειρηνιιίου-,.¹¹ειῖο
2542 5220 2702 5298 ι’ριίιιη
2765 5217 3295 5298 ηιοιηςοῖιιιθΐνθίίο
3341 5217 3553 5298 ένί¹¹¹¹εῖ

1977 5287 2175 5347 (lt-bent
2203 5306 2232 5342 a
2279 5287 2518 5355 reliquis.
2556 5287 2688 5341 Sunt
2735 5291 2876 5342 enim
2932 5292 3102 5345 instar
3135 5293 3324 5350 indicis
3358 5287 3448 5350 seu
3482 5287 3550 5352 ιῖ-

1978 5362 2097 5422 ῑιιΙὶ,
2127 5374 2234 5427 quo
2267 5373 2572 5432 monemur,
2602 5373 2667 5432 ex
2695 5376 2933 5432 quonam
2972 5363 3110 5416 libro
3141 5368 3421 5432 sequentia
3455 5371 3548 5423 de-

1978 5437 2220 5505 promptu
2253 5429 2382 5483 sint.
2419 5427 2580 5505 quue
2614 5430 2684 5481 ita
2721 5429 2896 5505 facere
2931 5435 3066 5485 solet
3095 5427 3382 5493 Eusebius.
3408 5455 3549 5505 quo-

1979 5503 2079 5574 ties
2116 5500 2626 5574 1ntrgrasnpaginas
2670 5514 2732 5574 ex
2769 5503 2952 5574 aliquo
2999 5519 3087 5554 scr
3111 5517 3262 5570 ptore
3295 5500 3548 5574 producit

1977 5573 2039 5643 in
2063 5570 2318 5643 modium.
2361 5565 2522 5643 thiii
2567 5571 2737 5643 gratia
2775 5572 2826 5622 in
2861 5565 3010 5643 libro
3061 5565 3164 5636 ιίἰ,
3206 5565 3325 5643 (τιό.
3357 5577 3445 5640 52,
3484 5582 3546 5634 ἐκ

1974 5640 2081 5692 τῶν
2114 5637 2251 5704 Περὶ
2294 5638 2400 5691 τοῦ
2440 5637 2655 5706 Πάοχα
2711 5640 3010 5692 Ἀνατολίου
3047 5637 3348 5704 κανόνων.
3386 5637 3442 5700 et
3489 5650 3544 5703 in

1973 5713 2066 5765 lib.
2097 5726 2213 5769 vm,
2244 5723 2361 5776 cap.
2400 5709 2481 5772 ll),
2511 5709 2600 5761 ubi
2632 5709 2959 5763 luculentum
2992 5713 3143 5766 affert
3173 5717 3541 5772 testimonium

1973 5797 2038 5855 ex
2077 5778 2300 5855 epistola
2343 5777 2538 5855 Phileas
2585 5781 2866 5850 martyris,
2908 5782 3013 5834 ἀπὸ
3045 5783 3136 5836 τοῦ
3169 5785 3352 5838 Φιλέου
3387 5787 3543 5855 πρὸς

1976 5850 2267 5920 Θμουΐτας
2297 5848 2656 5919 γραμμάτων.
