4016 6260
1150 335 1424 398 EUSEBI!
1461 331 1935 393 CESAMENSIS
1973 331 1994 388 (

2097 335 2127 388 ⁵.
2165 328 2345 385 PARS
2380 328 2423 385 ι.
2460 358 2533 372 -
2569 323 2962 383 HISTORICA.

3569 323 3677 379 διε

440 460 566 516 dam
597 461 961 533 persecutioni
992 462 1155 519 tinem
1184 462 1467 535 imposuit.
1494 477 1514 510 ι
1541 456 1673 516 Post
1698 459 1814 515 haec
1850 466 1994 512 ante-

2107 452 2327 517 Τούτοις
2363 450 2489 523 ἑξῆς
2530 448 2636 521 πρὸ
2664 448 2765 519 τῆς
2796 446 2940 518 ἀμφὶ
2978 443 3072 499 τοῦ
3100 443 3456 516 Πολυκάρπου
3486 444 3679 515 am-

399 560 407 570 '
438 570 602 623 quam
631 555 914 628 Polycarpi
944 556 1264 629 martyrium
1309 568 1543 611 narrare
1573 551 1959 623 aggrediantur
1984 589 2002 616 ,

437 659 502 702 ea
548 645 703 714 prius
740 653 1169 702 commemorant
1197 659 1318 714 quae
1362 644 1429 699 ad
1459 643 1702 713 reliquos
1734 650 2007 710 martyres

438 737 789 807 spectabant,
819 747 876 793 et
906 746 1167 809 quautam
1196 736 1360 793 animi
1385 735 1743 792 constantiam
1773 734 1825 787 in
1854 732 2002 787 dolo-

438 828 590 883 ribus
623 828 960 897 perferendis
989 828 1333 885 ostenderint
1359 868 1375 893 ,
1409 826 1775 897 perscribunt.
1802 822 2005 881 Obstu-

437 920 747 989 pascebant,
780 920 953 985 aiunt,
979 935 1172 976 omnes
1215 919 1307 990 qui
1349 921 1575 973 aderant
1605 933 1728 974 cum
1764 917 1885 973 illos
1924 917 2005 971 vi—

435 1014 624 1068 derent
647 1014 844 1083 partim
873 1012 1056 1084 ﬂagris
1082 1015 1149 1067 ad
1179 1014 1398 1067 intimas
1420 1025 1588 1081 usque
1633 1026 1801 1067 venas
1828 1019 1881 1066 et
1911 1027 2003 1065 ar-

437 1106 604 1161 terias
636 1103 872 1161 laniatos
897 1122 913 1171 ;
943 1107 1080 1162 adeo
1117 1116 1179 1160 ut
1212 1104 1457 1173 corporis
1509 1105 1747 1158 membra
1792 1103 2004 1171 penitus

437 1197 734 1258 recondita,
779 1205 833 1251 et
855 1199 1064 1253 viscera
1094 1198 1207 1266 ipsa
1239 1195 1549 1265 conspectui
1577 1205 1857 1264 paterent:
1882 1209 2004 1263 par-

428 1286 529 1342 tim
548 1289 878 1343 concharum
905 1304 1025 1358 quae
1062 1290 1292 1344 buccina
1319 1291 1572 1345 dicuntur
1590 1289 1763 1354 testis,
1787 1296 1841 1341 et
1868 1301 2005 1354 prae-

434 1376 609 1431 acutis
633 1378 956 1446 quibusdam
992 1379 1215 1447 spiculis
1245 1380 1392 1434 humi
1425 1378 1714 1434 constratis
1745 1391 2004 1445 superpo-

432 1465 588 1531 sitos,
617 1477 672 1521 et
700 1468 845 1522 omni
878 1468 1265 1537 suppliciorum
1290 1484 1353 1522 ac
1382 1478 1771 1524 tormentorum
1801 1479 2002 1536 genere

430 1558 776 1614 excruciatos
807 1576 823 1614 :
851 1560 1043 1615 bestiis
1101 1559 1356 1629 denique,
1402 1566 1463 1612 ut
1494 1558 1562 1612 ab
1597 1556 1788 1612 iisdem
1829 1555 2000 1610 lania-

431 1740 541 1795 rias
591 1747 952 1808 spectaretur,
1000 1738 1354 1794 nihilominus
1407 1738 1830 1801 sustinuerunt,
1870 1736 2000 1808 adeo

2107 561 2262 610 σεως,
2291 543 2361 599 τὰ
2405 543 2547 597 κατὰ
2571 543 2696 605 τοὺς
2732 538 2950 601 λοιποὺς
2994 535 3333 608 άνιστοροῦσι
3373 536 3677 608 μάρτυρας,

2103 638 2220 702 οἵας
2255 636 2534 700 ἐνστάσεις
2562 634 2699 707 πρὸς
2722 631 2821 696 τὰς
2864 629 3160 703 ἀλγηδόνας
3182 630 3533 695 ἐνεδείξαντο,
3556 629 3681 684 δια-π

2104 730 2424 802 γράφοντες.
2452 726 2808 798 Καταπλῆξαι
2830 725 2939 796 γάρ
2966 741 3097 794 φασι
3123 723 3249 788 τοὺς
3281 724 3340 776 ὲν
3371 722 3558 795 κύκλῳ
3580 740 3679 777 πε·-

2106 821 2397 895 ριεστῶτας
2439 819 2742 891 Θεωμένους
2768 818 2901 889 (61),
2940 817 3061 870 τοτὲ
3106 816 3203 888 μὲν
3251 814 3467 887 μάστιξι
3513 814 3678 885 μέχρι

2103 914 2325 969 καὶτῶν
2360 913 2622 968 ἐνδοτάτω
2651 911 2862 982 φλεϐῶν
2908 911 3003 964 καὶ
3041 906 3320 981 ἀρτηριῶν
3353 906 3678 972 καταξαινο-

2106 1002 2316 1080 μένὸυς,
2350 1005 2425 1069 ὡς
2468 1004 2567 1077 ἤδη
2593 1004 2686 1057 καὶ
2712 1003 2780 1058 τὰ
2809 1005 2867 1058 ἐν
2900 1005 3088 1075 μυχοῖς
3127 1000 3413 1072 ἀπόρρητα
3441 997 3533 1051 τοῦ
3572 995 3679 1050 σώ-

2105 1116 2273 1171 ματος
2296 1097 2577 1167 σπλάγχνα
2603 1114 2661 1151 τε
2690 1095 2868 1151 αὐτῶν
2906 1095 3000 1149 καὶ⁵
3039 1093 3172 1165 μέλη
3206 1090 3632 1145 κατοπτεύεσθαι
3653 1103 3675 1126 ο

2099 1192 2222 1244 τοτὲ
2244 1190 2300 1243 δὲ
2337 1191 2463 1253 τοὺς
2495 1188 2601 1243 ἀπὸ
2645 1187 2910 1259 θαλάττης
2950 1188 3197 1257 κήρυκας
3224 1184 3355 1255 (62),
3400 1184 3491 1238 καί
3520 1199 3675 1246 τινας

2100 1282 2241 1348 ὀξεῖς
2265 1282 2575 1346 ὀϐελίσκους
2616 1279 3193 1352 ὑποστρωννυμένους,
3225 1277 3319 1331 καὶ
3355 1275 3442 1329 διὰ
3472 1273 3675 1338 παντὸς

2100 1376 2271 1439 εἴδους
2305 1375 2576 1430 κολάσεων
2613 1375 2705 1429 καὶ
2739 1373 2986 1445 βασάνων
3025 1371 3309 1443 προϊόντας
3329 1410 3343 1433 ,
3390 1367 3483 1421 καὶ
3519 1366 3674 1428 τέλος

2100 1467 2293 1538 θηρσὶν
2321 1468 2402 1531 εἰς
2446 1467 2607 1537 βοράν
2642 1465 3111 1537 παραδιδομένους.
3155 1462 3400 1517 Μάλιστα
3432 1458 3490 1512 δὲ
3531 1461 3675 1511 ἱστο-

2102 1557 2287 1629 ροῦσιν
2313 1557 2606 1631 διαπρέψαι
2625 1558 2713 1611 τὸν
2731 1556 3105 1627 γενναιότατον
3126 1551 3479 1625 Γερμανικὸν,
3501 1551 3672 1621 ὑπορ-

2100 1687 2248 1733 suos,
2278 1672 2590 1740 prophetico
2617 1673 2810 1740 spiritu
2841 1671 2975 1724 dixit
3001 1689 3016 1724 :
3048 1689 3066 1722 ι
3093 1669 3280 1722 Vivum
3321 1684 3407 1720 me
3432 1665 3669 1740 cremari

2100 1737 2363 1807 oportet»
2383 1737 2562 1796 ’l’orro
2583 1737 2704 1797 cum
2727 1744 2992 1795 instarent
3007 1741 3098 1810 qui
3130 1740 3274 1793 illuni
3296 1737 3668 1806 requirebant,

431 1818 489 1862 ut
519 1807 722 1883 οιιιιιιξεΔ
748 1810 842 1883 qui
888 1811 1141 1873 aderant,
1195 1809 1541 1883 miseratione
1584 1809 1747 1883 capii_
1775 1807 2001 1877 ingemi-
2103 1813 2353 1883 migravit
2407 1814 2459 1865 in
2504 1814 2663 1866 aliam
2711 1812 2889 1865 villam
2933 1849 2947 1873 ,
2974 1807 3290 1883 Ast—atiniqne
3333 1810 3666 1861 advenerunt

432 1878 683 1941 scerent,
711 1879 810 1947 ipsi
843 1896 971 1934 vero
1008 1891 1154 1932 tanta
1190 1878 1508 1933 fortitudine
1540 1878 1747 1948 praediti
1792 1887 1995 1939 essent,
2039 1881 2048 1890 '

430 1958 490 2002 ut
531 1964 690 2003 nemo
721 1950 933 2003 illorum
980 1950 1271 2017 suspirium
1316 1957 1409 2002 aut
1454 1949 1715 2016 gemitum
1750 1948 1994 2001 ediderit.

431 2019 803 2099 Ostendebant
854 2021 1059 2099 scilicet
1105 2020 1258 2099 nobis
1307 2030 1575 2099 martyres
1612 2017 1834 2099 Christi,
1876 2032 1935 2099 s_e
1966 2032 1995 2070 a

433 2089 667 2159 proiiriis
699 2092 1021 2158 corporibus
1060 2091 1211 2157 quasi
1256 2086 1627 2159 peregrinatus
1663 2086 1997 2159 fiiissedum

434 2157 833 2227 torquerentur.
870 2170 960 2213 aut
1016 2161 1191 2228 potius
1254 2157 1526 2213 Clll‘iSlUlll
1577 2159 1711 2228 ipsis
1757 2157 1998 2212 astitisse

431 2238 487 2284 et
537 2229 877 2284 familiariter
926 2246 1046 2283 cum
1098 2230 1230 2298 ipsis
1278 2244 1401 2283 esse
1450 2241 1744 2282 versatum.
1793 2228 1997 2281 Christi

432 2299 593 2365 igitur
626 2301 797 2369 gratia
833 2300 946 2352 fulti
976 2315 1039 2354 ac
1073 2300 1381 2362 sustentati,
1413 2299 1689 2352 hominum
1730 2308 1997 2352 tormenta

430 2372 787 2435 spernebant,
831 2372 989 2424 unius
1020 2372 1165 2424 liorre
1204 2370 1381 2438 spatio
1424 2385 1482 2424 se
1513 2370 1579 2423 ab
1613 2369 1830 2423 :eternis
1875 2382 2001 2421 cru-

430 2438 663 2493 ciatibus
710 2440 1058 2494 redimentes.
1105 2440 1358 2506 Frigidus
1403 2440 1536 2507 ipsis
1579 2440 1861 2493 videbatur
1893 2438 1997 2490 im-

434 2510 669 2580 inanitiin
730 2510 1061 2580 carnificum
1099 2510 1238 2580 ignis
1273 2547 1287 2571 ,
1326 2511 1522 2580 quippe
1563 2510 1653 2578 qui
1708 2509 1760 2563 in
1813 2510 1998 2562 animo

432 2578 714 2642 haberent,
739 2592 997 2635 aeternum
1031 2578 1177 2633 illuni
1214 2595 1314 2635 nec
1344 2578 1720 2647 ullounqnam
1759 2589 2000 2646 tempore

430 2650 878 2720 esstiiiguenduui
914 2651 1088 2719 ignem
1117 2651 1339 2713 evitare,
1379 2659 1434 2703 et
1463 2650 1874 2720 utentisiocnlos
1906 2650 1999 2703 de-

434 2722 566 2789 iixos
599 2718 857 2774 haberent
909 2718 962 2773 in
1015 2721 1253 2789 prmiiiia.
1302 2736 1421 2788 quae
1471 2721 1617 2774 viros
1654 2718 1823 2773 fortes
1874 2726 1996 2787 post

433 2788 692 2858 malorum
744 2788 1082 2843 tolerantiam
1132 2802 1379 2856 manent,
1427 2805 1548 2858 quae
1582 2805 1679 2843 nec
1724 2791 1870 2843 auris
1902 2804 1999 2842 au-

430 2857 564 2911 divit
598 2874 694 2912 uec
723 2860 911 2913 oculus
935 2861 1086 2923 vidit,
1125 2875 1224 2913 nec
1267 2857 1539 2915 hominum
1574 2875 1765 2914 sensus
1794 2870 1885 2911 aut
1916 2860 1998 2911 iii—

435 2928 745 2999 telligentiai
778 2929 1208 2999 comprehendit,
1241 2930 1370 2998 ipsis
1412 2944 1542 2983 vero
1588 2941 1710 2982 tunc
1740 2930 1997 2984 ostende-

434 3000 630 3051 bantur
661 3014 688 3050 a
720 2998 972 3069 Domino,
1006 3010 1189 3068 utpote
1216 3003 1305 3069 qui
1338 3015 1441 3054 non
1478 3001 1722 3053 homines
1744 3001 1995 3068 amplius,

431 3069 526 3121 sed
558 3068 747 3139 angeli
801 3079 1005 3125 essent.
1056 3072 1161 3125 Sed
1203 3068 1258 3124 et
1297 3071 1348 3124 hi
1379 3071 1468 3139 qui
1504 3072 1568 3122 ad
1604 3071 1804 3124 bestias
1840 3080 1997 3124 erant

2102 1879 2317 1951 illi’qni
2356 1884 2526 1950 ipsum
2572 1883 2921 1946 iiidagabaut.
2974 1880 3191 1935 Etcum
3238 1879 3383 1932 illum
3431 1893 3534 1951 non
3580 1891 3669 1930 re-

2098 1947 2387 2020 perissent,
2412 1953 2548 2005 duos
2575 1953 2820 2008 servulos
2846 1951 3392 2017 comprehenderunt.
3421 1947 3660 2020 Quonim

2099 2016 2237 2075 alter
2272 2024 2554 2077 tormentis
2601 2023 2877 2087 subditus,
2925 2022 3188 2081 latebram
3223 2022 3340 2083 ejus
3384 2016 3660 2087 indicavit.

2099 2090 2260 2146 Certe
2292 2092 2459 2147 latere
2499 2109 2602 2147 non
2630 2084 2872 2161 poterat,
2912 2088 3353 2161 quaiiquuid‘ein
3379 2084 3663 2161 domestici

2098 2162 2217 2229 ejus
2261 2174 2415 2216 erant
2454 2164 2545 2232 qui
2595 2156 2767 2231 ipsum
2814 2156 3182 2230 prodiderunt.
3228 2159 3291 2212 Et
3339 2156 3667 2232 Irenarciius

2098 2227 2187 2301 qui
2223 2242 2277 2286 et
2305 2227 2657 2288 Clerouomtis
2685 2227 2987 2293 dicebatur.
3014 2240 3368 2300 cognomento
3395 2227 3661 2301 ilerodes,

2098 2296 2243 2358 omni
2293 2318 2396 2372 ope
2441 2304 2824 2368 contendebat,
2859 2315 2917 2355 ut
2965 2296 3136 2368 ipsum
3179 2303 3244 2352 ad
3291 2299 3523 2372 stadium
3567 2296 3664 2348 ad-

2099 2369 2357 2436 duceret,
2412 2388 2519 2442 quo
2581 2374 2787 2444 scilicet
2837 2374 3166 2444 Polycarpus
3220 2369 3473 2444 quidem-
3527 2380 3659 2435 pro-

2100 2445 2272 2511 priam
2328 2437 2527 2498 sortem
2602 2443 2879 2511 impleret,
2919 2437 3141 2496 consors
3206 2437 3403 2511 Christi
3449 2437 3660 2511 factus,

2101 2506 2407 2582 proditores
2446 2525 2626 2567 autem
2661 2506 2802 2567 illius
2835 2515 3021 2567 iisdem
3057 2512 3254 2578 quibus
3286 2508 3450 2563 ludas
3489 2506 3667 2575 poenis

2098 2581 2462 2638 adicerentur.
2504 2585 2670 2653 Igitur
2717 2584 2986 2652 diogmitm
3020 2592 3075 2636 et
3101 2582 3339 2647 equites,
3386 2586 3658 2653 assuuiptt

2098 2668 2283 2707 secum
2316 2670 2483 2723 puero
2530 2649 2735 2721 Egressi
2782 2649 2907 2707 sunt
2950 2652 3085 2706 feria
3127 2662 3278 2706 sexta
3323 2651 3423 2703 sub
3449 2649 3662 2723 horam

2099 2738 2289 2787 unum,
2317 2720 2489 2778 armis
2503 2720 2775 2777 consuetis
2808 2724 3081 2787 instructi,
3111 2733 3365 2789 tanquam
3399 2720 3663 2789 adveisus

2101 2794 2372 2866 latronem
2425 2804 2722 2866 cui-rentes.
2778 2794 2842 2846 Et
2888 2797 2990 2847 sub
3039 2787 3333 2866 vesperam
3367 2789 3533 2866 simul
3581 2787 3667 2866 in-

2098 2865 2293 2933 gressi,
2320 2866 2493 2933 ipsum
2522 2863 2736 2931 quidem
2766 2873 3081 2930 repererunt
3113 2857 3165 2915 iii
3195 2861 3425 2933 quodam
3457 2857 3665 2933 solario

2094 2929 2382 3004 iacentem.
2418 2929 2568 2988 Unde
2600 2950 2721 2987 cum
2756 2935 2805 2987 in
2830 2929 2996 2987 alium
3027 2929 3219 2987 locum
3241 2930 3397 2983 facile
3428 2929 3667 3004 migrare

2101 2998 2378 3075 posset,“
2410 3016 2587 3058 tamen
2611 3016 2869 3071 prirstare
2889 3006 3079 3069 nolint,
3111 3004 3297 3075 dicens
3323 3018 3334 3052 :
3371 3017 3390 3049 ι
3428 2998 3663 3075 Fiatvo-

2102 3068 2278 3129 lunlas
2300 3074 2533 3128 Domini.
2563 3093 2583 3126 ι
2612 3068 2750 3129 Cum
2783 3090 2912 3144 ergo
2936 3075 3187 3127 intrmsse
3230 3071 3345 3124 illos
3374 3068 3664 3144 cognovis-

431 3137 796 3199 conileninati.
829 3156 953 3193 cuiu
1002 3140 1305 3195 diutissime
1336 3137 1648 3194 in‘carcere
1687 3140 1996 3195 detinercn-
2022 3144 2064 3200 C
2098 3155 2201 3207 set,
2234 3146 2567 3200 descendite
2596 3137 2935 3199 cenaculo-et
2972 3145 3267 3197 collocutus
3291 3151 3373 3193 est
3398 3155 3520 3193 cuin
3555 3138 3673 3190 eis-

435 3215 543 3279 tur,
573 3210 925 3278 gravissimos
956 3212 1228 3265 cruciatus
1262 3211 1620 3279 pertulerunt,
1658 3211 1853 3279 partim
1889 3228 1998 3263 inu-

434 3276 635 3350 ricibiis
688 3280 925 3350 ipsorum
995 3283 1206 3350 corpori
1260 3276 1582 3342 substratis,
1637 3276 1831 3350 partim
1876 3281 1997 3336 aliis

430 3347 881 3418 cujusque'uiodi
954 3347 1235 3421 suppliciis
1286 3347 1728 3413 excruciatifnt
1784 3351 1828 3404 si
1881 3352 1993 3405 lieri

434 3431 648 3485 posset,
704 3430 1094 3475 tormentorum
1140 3423 1458 3476 assiduitate
1488 3436 1580 3473 eos
1628 3432 1885 3490 tyrannus
1927 3423 1992 3474 atl

431 3494 727 3556 negantiam
756 3492 961 3545 Christi
1003 3493 1161 3546 [idem
1190 3494 1497 3546 adduceret.
1534 3490 1695 3544 Multa
1728 3492 1993 3557 siquidem

432 3560 693 3631 adveises
746 3562 863 3614 illos
912 3563 1241 3631 excogitavit
1291 3562 1556 3616 diabolus.
1610 3563 1715 3615 Sed
1770 3561 1995 3628 juvante

429 3626 633 3700 Christi
670 3632 844 3698 gratia
879 3633 1009 3685 niliil
1044 3626 1230 3686 contra
1254 3641 1476 3685 cunctos
1505 3626 1783 3700 prolicere
1803 3632 1990 3686 valuit.

430 3696 566 3753 Nam
612 3696 943 3756 fortissimus
987 3702 1343 3757 Germanicus
1392 3696 1686 3757 tolerantiae
1731 3716 1840 3756 sua:
1877 3718 1992 3754 ina-

427 3770 709 3838 guitudiiie
743 3783 1061 3825 caeteroruni
1098 3772 1520 3828 imbecillitatem
1561 3772 1869 3838 roborabat,
1900 3772 1992 3840 qui

428 3840 643 3907 quidem
696 3841 888 3896 illustri
939 3845 1236 3898 certamine
1283 3845 1541 3897 adversus
1582 3844 1784 3897 bestias
1826 3845 1993 3910 depu—

428 3912 634 3983 gnavit.
681 3911 812 3965 Nam
866 3928 989 3967 cuin
1042 3913 1328 3983 proconsul
1378 3915 1556 3968 verbis
1607 3928 1732 3967 eum
1776 3910 1993 3967 ﬂectere

430 3979 621 4049 vellet,
666 3979 1117 4053 inoneretque’ut
1146 4000 1298 4039 suam
1348 3985 1460 4053 ipse
1500 3995 1713 4039 tetatem
1769 3983 1993 4036 misere-

432 4062 599 4116 retur,
630 4053 720 4106 ille
750 4054 974 4108 bestiam
1004 4055 1148 4107 ultro
1174 4057 1237 4107 ad
1270 4068 1330 4108 se
1355 4056 1598 4119 attraxit,
1624 4068 1821 4123 cogens
1848 4054 1990 4108 illam

429 4136 494 4175 ac
525 4135 846 4189 provocans,
886 4139 995 4192 quo
1028 4126 1233 4178 scilicet
1275 4139 1339 4177 ex
1372 4125 1474 4177 hoc
1508 4126 1674 4191 impio
1719 4135 1878 4191 atque
1910 4127 1991 4177 in.

419 4192 803 4264 justousaaculo
839 4195 1077 4249 velocius
1129 4196 1443 4264 eiiiigraret.
1484 4193 1687 4247 Exinde
1738 4194 1989 4248 oiiiversa

428 4262 628 4333 populi;
666 4263 982 4330 multitudo,
1037 4262 1406 4318 fortitudinem
1466 4265 1569 4333 piae
1613 4279 1677 4318 ac
1728 4264 1990 4333 religiosa:

426 4331 861 4402 Christianorum
904 4334 1079 4402 gentis
1126 4331 1777 4402 uiagiioperc'adinirata,
1808 4331 1987 4388 accla-

428 4400 594 4474 iiiavit
621 4421 636 4455 :
672 4418 691 4452 ι
712 4400 861 4456 Tolle
884 4400 1094 4472 impios,
1116 4400 1443 4474 Polycarpus
1462 4407 1782 4473 requiratur.
1810 4422 1829 4454 ›
1863 4406 1991 4470 Qui-

427 4469 552 4523 dani
592 4483 721 4526 vero
746 4469 1008 4529 oriundus
1031 4490 1061 4529 e
1091 4469 1595 4546 Phi-ﬁgimﬂuintus
1629 4476 1867 4546 nomine,
1889 4469 1986 4543 qui

428 4555 602 4611 nuper
625 4557 689 4597 ex
721 4552 890 4611 patria
931 4547 1036 4600 huc
1075 4550 1388 4610 advenerat,
1424 4560 1545 4598 cuni
1592 4545 1789 4599 bestias
1817 4547 1980 4601 vidis-

426 4623 531 4676 set,
562 4627 764 4685 patore
796 4631 1091 4670 concussus
1124 4629 1228 4673 est.
1250 4614 1349 4669 Hic
1384 4631 1545 4685 porro
1575 4627 1692 4670 eiat
1717 4617 1808 4684 qui
1846 4616 1981 4671 alios

427 4684 756 4756 perpulerat,
785 4696 846 4740 ιιι
877 4687 1016 4741 ultro
1047 4704 1229 4742 secum
1268 4690 1335 4741 ad
1378 4684 1610 4741 tribunal
1634 4687 1830 4756 judicis
1869 4704 1990 4756 per-

426 4768 640 4827 gereui.
697 4754 848 4811 llunc
917 4758 1205 4827 proconsul
1271 4757 1483 4812 blandis
1550 4754 1989 4827 perstiasionibus

428 4824 769 4900 illectuingco
796 4824 1043 4893 adduxit,
1080 4840 1139 4883 ut
1163 4830 1371 4900 juraret
1399 4842 1464 4881 ac
1502 4824 1854 4900 sacrificaret.
1879 4828 1987 4883 Nos

425 4899 626 4972 itaque,
657 4897 879 4962 fratres,
909 4916 1014 4972 non
1047 4897 1340 4972 probamus
1378 4913 1473 4953 eos
1516 4900 1606 4967 qui
1638 4897 1788 4972 ultro
1833 4914 1989 4972 acce-

424 4967 559 5041 dunt
617 4981 683 5041 ac
721 4967 1065 5041 semetipsos
1122 4970 1383 5041 produnt,
1428 4984 1552 5023 cum
1601 4968 1758 5041 aliter
1800 4970 1990 5037 praeci-

424 5038 606 5106 piatur
632 5037 684 5089 iii
719 5037 1027 5108 Evangelio.
1060 5037 1409 5095 Adinirabilis
1452 5050 1631 5092 autem
1660 5038 1989 5108 Polycarpus

424 5122 658 5174 primum
687 5110 904 5175 quidem
942 5112 1244 5166 nullatenus
1280 5122 1581 5165 commotus
1605 5119 1688 5162 est
1718 5126 1840 5162 cuin
1885 5112 1987 5162 ista

428 5178 545 5250 διξαὶ
589 5184 832 5243 audiret,
879 5184 973 5233 seil
1024 5182 1076 5234 in
1120 5187 1249 5235 urbe
1299 5194 1616 5250 permanere
1652 5183 1984 5233 decreverat.

426 5243 614 5319 Plures
644 5257 823 5301 tamen
850 5252 898 5304 ei
932 5243 1318 5319 persuaseriini
1346 5259 1403 5304 ut
1430 5254 1723 5303 secederet.
1755 5252 1989 5303 Secessit

423 5331 553 5389 ergo
597 5318 650 5371 in
694 5318 1241 5389 agelluui’queindani
1281 5322 1422 5375 haud
1465 5323 1648 5389 procul
1686 5336 1716 5372 a
1747 5322 1983 5373 civitate.

421 5388 536 5441 .llltc
570 5402 691 5442 cum
725 5392 911 5457 paucis
955 5388 1241 5447 countibus
1290 5388 1622 5454 ttiorabatur,
1658 5391 1748 5443 diu
1800 5390 1988 5442 nodu-

423 5472 529 5532 que
563 5462 903 5516 orationibus
955 5463 1215 5529 intentus,
1246 5477 1381 5532 quas
1421 5477 1516 5529 pro
1560 5464 1767 5514 cunctis
1802 5460 1989 5532 licini-

426 5528 582 5601 iiibus
610 5539 664 5583 et
696 5547 794 5601 pro
826 5534 1093 5587 universis
1133 5528 1231 5601 per
1263 5528 1455 5585 orbein
1476 5600 1485 5601 ί
1507 5529 1987 5601 terrai'uiiiEccle-

422 5600 541 5662 siis,
573 5608 630 5652 ut
675 5600 841 5655 inoris
878 5606 925 5657 ei
970 5605 1098 5666 ftiit,
1135 5600 1217 5656 ad
1262 5604 1425 5657 Deum
1464 5600 1742 5656 fundebat.
1785 5600 1989 5655 Triduo

423 5683 552 5744 vero
598 5682 888 5742 antequam
924 5676 1493 5744 comprehenderetur,
1544 5674 1684 5726 inter
1721 5678 1987 5744 orandum

417 5740 596 5794 oblata
635 5752 718 5796 est
746 5740 795 5797 ei
840 5740 1064 5799 ctelitus'
1093 5746 1251 5800 visio.
1290 5745 1516 5799 Videbat
1564 5759 1708 5795 enim
1756 5741 1986 5798 cervical

421 5825 575 5866 suum
610 5814 730 5883 igne
762 5815 1033 5873 consumi.
1063 5815 1127 5872 Et
1168 5830 1293 5872 mox
1321 5827 1617 5872 conversus
1647 5813 1714 5868 ad
1752 5816 1982 5870 comites

2096 3215 2231 3270 Cum
2296 3226 2476 3269 autem
2528 3215 2927 3268 admirarentur
2993 3227 3182 3267 omnes
3232 3222 3445 3265 aetatem
3518 3208 3661 3260 illius

2094 3297 2255 3353 atque
2293 3286 2685 3349 constantiam,
2729 3287 2947 3350 quidam
2970 3300 3035 3336 ex
3085 3285 3149 3336 iis
3171 3282 3461 3336 dicebant:
3506 3279 3666 3331 «Cur

2098 3352 2300 3409 tantum
2372 3356 2659 3409 adhibetur
2717 3356 2951 3407 studium
3015 3363 3079 3405 ut:
3136 3352 3438 3421 linjnsiiiodi
3494 3361 3663 3403 senex

2095 3425 2659 3492 comprehendatur?»
2695 3426 2763 3476 At
2796 3425 2883 3477 ille
2904 3424 3187 3479 confestim
3209 3422 3357 3476 cibos
3376 3436 3499 3492 cum
3532 3431 3663 3492 potu

2093 3497 2173 3550 eis
2213 3488 2408 3562 apponi
2441 3496 2632 3560 jussit,
2677 3508 2938 3564 quantum
2979 3495 3077 3561 ipsi
3112 3494 3431 3546 voluissent.
3473 3488 3662 3564 Pctiit—

2092 3582 2197 3635 qiie
2224 3561 2294 3618 ab
2320 3568 2398 3619 eis
2429 3567 2574 3620 liora:
2602 3561 2856 3632 spatium,
2889 3581 2995 3632 quo
3034 3565 3200 3635 libere
3238 3573 3293 3615 et
3321 3565 3523 3628 absque.
3556 3561 3663 3611 im-

2091 3634 2400 3706 pcdiinento
2441 3636 2839 3706 oraretuQuod
2888 3651 3011 3688 cuni
3063 3634 3165 3706 ipsi
3218 3638 3656 3706 concessissent,

2093 3701 2246 3760 Stans
2277 3705 2366 3759 ille
2412 3707 2588 3759 oravit
2633 3704 2822 3772 plenus
2869 3707 3042 3773 gratia
3078 3704 3210 3757 Dei:
3252 3705 3388 3755 adeo
3436 3713 3493 3753 ut
3542 3701 3661 3767 ipse

2092 3777 2307 3845 quidem
2340 3778 2564 3830 duarum
2597 3776 2853 3828 horarum
2893 3777 3070 3842 spatio
3110 3774 3272 3845 silere
3312 3788 3417 3826 non
3451 3779 3654 3839 posset,

2093 3844 2369 3900 auditores
2404 3861 2533 3900 vero
2573 3846 2932 3898 admiratione
2976 3844 3267 3911 stupefacti
3318 3850 3657 3902 tenerentur,

2093 3916 2399 3985 multosque
2449 3932 2635 3970 eorum
2695 3925 2984 3985 paeniteret
3042 3918 3184 3985 quod
3234 3915 3389 3966 talem
3442 3924 3663 3985 tamque

2090 3984 2328 4040 divinum
2349 4002 2532 4039 senem
2566 3986 2772 4052 capturi
2818 3984 3108 4039 venissent.
3133 3984 3309 4037 Finita
3337 3984 3607 4047 oratione,
3632 3997 3653 4031 ο

2090 4069 2144 4110 et
2178 4070 2397 4118 eictera,
2425 4065 2481 4107 ut
2521 4057 2788 4109 habentur
2816 4055 2975 4108 infra.

2161 4125 2271 4199 (6|)
2304 4117 2447 4191 Τοὺς
2470 4126 2540 4179 ἐν
2569 4125 2771 4199 κύκλῳ
2803 4123 3198 4199 περιεστῶτος
3229 4121 3576 4199 θεωμένους.
3601 4117 3661 4199 1⁸η

2089 4191 2320 4266 quatuor
2348 4199 2626 4251 codicibus
2658 4198 2820 4257 Maz.,
2850 4191 3012 4260 Μαι,
3044 4194 3175 4250 ΒιιΙι.
3213 4206 3265 4248 et
3290 4191 3455 4246 Savd.
3491 4191 3663 4266 parti-

2091 4260 2210 4321 cula
2264 4268 2603 4334 conjunctiva
2677 4270 2892 4318 a.:ditiir
2954 4267 3054 4319 hoc
3106 4267 3260 4318 modo
3315 4260 3659 4334 καταπλῆξαι

2088 4337 2197 4408 γάρ
2244 4330 2379 4408 φασι
2417 4340 2541 4401 τοὺς
2583 4338 2639 4391 ἐν
2683 4334 2867 4407 κύκλῳ
2909 4335 3278 4407 περιεστῶτας
3454 4330 3659 4401 θεωμέ-

2088 4405 2229 4471 νούς.
2271 4407 2755 4477 Vulgataintauieii
2794 4405 3074 4477 lectionem
3111 4408 3279 4475 inagis
3303 4405 3493 4472 probo.

2166 4478 2274 4549 (6‘2)
2306 4472 2450 4543 Τοὺς
2464 4476 2582 4532 ἀπὸ
2606 4475 2905 4543 θαλάττης
2932 4472 3222 4545 κήρυκας-ξ
3238 4477 3465 4529 Rufinus
3489 4472 3658 4549 muri-

2092 4544 2383 4603 ces'vertit.
2419 4549 2601 4603 Genus
2643 4558 2727 4601 est
2772 4544 3263 4601 inariiiie’coclilea:
3291 4562 3382 4599 seu
3416 4544 3658 4605 concitae,

2092 4622 2243 4687 cujus
2275 4621 2475 4672 mentio
2500 4620 2554 4671 fit
2580 4618 2631 4671 iu
2667 4619 2830 4671 veteri
2860 4620 3248 4686 epigrammate
3281 4614 3514 4670 nonduin
3540 4614 3659 4687 edi-3

2094 4682 2169 4742 to‘
2204 4689 2385 4755 Quinti
2436 4690 2735 4758 cujusdam,
2775 4690 2859 4742 ubi
2894 4682 3096 4741 ὐξιιιιιδ
3146 4692 3381 4756 piscator
3424 4682 3657 4755 Apollini

2090 4760 2289 4813 Acrita:
2315 4759 2619 4828 hujiisniodi
2645 4760 2903 4813 concham
2929 4758 3141 4828 dedicat
3170 4777 3183 4811 :

2062 4830 2315 4895 -Ὰκριτᾳ
2352 4826 2557 4894 φοίὸῳ,
2588 4827 2899 4894 Βιθυνίδος
2923 4827 2991 4893 ὃς
3019 4827 3154 4880 τόδε
3179 4826 3374 4896 χώρης

2160 4900 2516 4967 Κράσπεδον
2542 4900 2831 4968 αἰγιαλοῖς
2864 4897 3267 4968 Τειτονέουσίν
3293 4898 3480 4968 ἔχεις

2090 4964 2267 5039 Δᾶμις
2291 4974 2323 5023 ό
2350 4964 2694 5039 κυρτευτὴς,
2730 4964 2947 5039 ψάμμῳ
2974 4969 3148 5036 κέρας
3176 4968 3306 5021 ater
3324 4964 3594 5035 ἐρείδων,

2158 5043 2493 5109 Φρουρητὸν
2516 5042 2720 5108 κήρυκ’
2750 5040 3031 5108 αὺτοφυεῐ
3065 5040 3318 5092 σκόλοπι

2090 5104 2268 5178 Θῆιὶε,
2300 5104 2474 5180 ἀνέρας
2493 5104 2664 5165 λιτόν
2684 5111 2820 5179 μὲν,
2843 5104 2935 5180 ἐεὶέ
2960 5112 3203 5177 εὺσεϐίῃ
3225 5109 3275 5161 δ’
3299 5112 3331 5163 ὁ
3355 5104 3586 5177 γεραιὸς

2156 5183 2501 5304 ξῖῢχόμενος
2535 5182 2777 5235 νούσων
2807 5179 2980 5247 ἐκτὸς
3005 5180 3154 5234 ἰδεῖν
3174 5180 3371 5248 ἀίδην.

2186 5274 2199 5302 ι
2239 5268 2343 5304 est.

2186 5255 2215 5302 ιΙ
2239 5268 2343 5317 est,

2090 5321 2284 5375 Acrin
2310 5321 2561 5388 Apollini,
2588 5322 2678 5388 qui
2709 5320 2844 5373 hanc
2870 5336 3015 5374 oram
3034 5319 3298 5389 Bithyniae

2161 5391 2444 5445 Liuoribus
2480 5395 2697 5445 vicmam
2722 5403 2861 5443 tenes
2890 5409 2911 5447 .-

2090 5460 2272 5516 Damis
2319 5466 2569 5531 piscator,
2613 5465 2701 5530 qui
2742 5476 2941 5529 seiiiper
2979 5470 3087 5513 rete
3128 5475 3339 5513 arenam
3372 5470 3536 5598 itaque
3564 5454 3658 5508 dc-

3401 5535 3582 5591 mittit,

3401 5530 3582 5591 mittit,

2162 5601 2214 5656 Μ
2224 5604 2418 5656 uricem
2447 5601 2622 5675 nativo
2652 5600 2788 5675 vallo
2808 5601 3076 5675 munitum
3286 5670 3296 5675 _
3584 5664 3595 5675 .

2090 5671 2298 5727 Dicavit
2326 5688 2483 5727 senex
2516 5689 2530 5726 :
2561 5673 2666 5725 leve
2692 5672 2901 5739 quidem
2942 5675 3157 5737 donum,
3205 5670 3296 5812 sled
3330 5679 3511 5750 tamen
3543 5670 3655 5732 pie-

3246 5753 3368 5791 tatis
3389 5751 3580 5797 causa;

3246 5753 3368 5791 (ait:
3389 5751 3580 5797 causa;

2166 5810 2419 5875 Precalus
2446 5824 2503 5869 ut
2522 5812 2715 5883 absque
2749 5810 2943 5867 morbis
2975 5812 3042 5866 ad
3068 5808 3244 5865 manci
3267 5808 3565 5864 descendat.
