4016 6260
349 336 455 393 3ίὸ

1354 348 1701 407 HISTORIAE
1743 353 2303 413 ECCLESIASTICIE
2342 356 2470 415 LIB.
2510 356 2600 415 IV.

3502 367 3606 423 3ιό

355 453 631 555 ρωννύντα
664 459 765 515 σὺν
795 461 917 533 θείᾳ
949 463 1129 535 χάριτι
1161 466 1261 537 τὴν
1298 469 1535 540 ἔμφυτον
1560 472 1668 543 (65)
1701 475 1828 546 περὶ
1852 475 1912 528 τὸ

2046 487 2256 547 rentur,
2282 480 2546 548 objectos.
2574 479 2848 551 Praecipue
2868 494 2994 535 vero
3015 480 3274 537 enituisse
3302 480 3487 537 dicunt
3513 500 3607 555 ge-

352 549 579 605 θάνατον
608 554 706 608 τοῦ
737 557 991 629 σώματος
1013 562 1229 619 δειλίαν.
1276 565 1605 637 Βουλομένου
1629 570 1695 638 γέ
1726 588 1805 624 τοι
1844 571 1936 624 τοῦ

304 688 311 695 .
354 641 661 697 ἀνθυπάτου
692 648 898 702 πείθειν
929 652 1109 717 αὑτὸν,
1144 655 1580 727 προϐαλλομένου
1605 678 1664 713 τε
1700 660 1797 732 τὴν
1821 662 1938 732 ἡλι-

354 736 475 788 κίαν
498 737 592 790 καὶ
618 738 1026 806 ἀντιϐολοῦντος
1055 748 1248 817 κομιδῆ
1274 750 1393 802 νέον
1424 751 1550 805 ὄντα
1573 754 1665 806 καὶ
1682 754 1933 823 ἀκμαῖον,

350 824 529 881 οἶκτον
558 831 753 917 ἑαυτοῦ
779 833 984 898 λαϐεῖν,
1013 837 1085 908 μὴ
1116 838 1397 910 μελλῆσαι,
1426 844 1719 916 προθύμως
1748 847 1803 899 δὲ
1825 848 1938 900 ἐπι-

356 922 666 977 σπάσασθαι
697 928 779 990 είς
821 929 1008 983 ἑαυτὸν
1041 930 1100 984 τὸ
1123 931 1329 1003 θηρίον,
1360 940 1640 1009 μονονουχὶ
1670 938 1933 1011 βιασάμε-

352 1027 442 1064 νον
475 1016 567 1067 καὶ
596 1018 974 1088 παροξύναντα
994 1063 1008 1085 ,
1040 1023 1115 1087 ὡς
1153 1024 1218 1077 ἂν
1252 1026 1438 1097 τάχιον
1484 1029 1577 1082 τοῦ
1610 1032 1794 1085 ἀδίκου
1839 1034 1933 1087 καὶ

349 1103 553 1195 ἀνόμου
581 1105 696 1171 βίου
718 1110 895 1162 αὐτῶν
918 1112 1252 1186 ἀπαλλαγείη
1284 1116 1413 1187 (64).
1444 1119 1643 1174 Τούτου
1666 1122 1721 1175 δὲ
1746 1125 1835 1176 ἐπὶ
1856 1124 1932 1195 τῷ

349 1192 644 1265 διαπρεπεῖ
677 1198 891 1272 θανάτῳ
926 1202 986 1255 τὸ
1027 1206 1133 1257 πᾶν
1178 1207 1380 1279 πλῆθος
1412 1210 1807 1283 ἁποθαυμάσαν

346 1287 603 1357 ἀνδρείας
632 1291 723 1344 τὸν
754 1292 970 1366 θεοφιλῆ
999 1296 1271 1369 μάρτυρα,
1303 1301 1396 1353 καὶ
1436 1303 1535 1372 τὴν
1581 1305 1808 1358 καθόλου
1836 1306 1928 1360 τοῦ

344 1378 541 1445 γένους
568 1382 674 1451 (65)
704 1384 812 1437 τῶν
840 1386 1179 1457 Χριστιανῶν
1207 1391 1425 1462 ἀρετὴν,
1467 1393 1675 1465 ἀθρόως
1707 1397 1929 1469 ὲπιϐοᾷν

343 1470 635 1541 ἅρξασθαι’
673 1473 831 1547 «Αἶρε
856 1478 982 1541 τοὺς
1005 1478 1214 1544 ἀθέους·
1235 1482 1501 1552 ζητείσθω
1517 1485 1921 1558 Πολύκαρπος.»

343 1564 459 1618 Καὶ
492 1567 556 1639 δὴ
592 1568 847 1640 πλείστης
881 1572 970 1623 ἐπὶ
1001 1575 1119 1635 ταῖς
1149 1573 1297 1643 βοαῖς
1336 1579 1633 1649 γενομένης
1658 1581 1923 1651 ταραχῆς,

341 1659 537 1729 Φρύγα
565 1662 684 1716 τινὰ
716 1664 777 1717 τὸ
805 1665 959 1733 γένος
992 1668 1217 1723 Κόϊντον
1239 1669 1494 1740 τοῦνομα,
1521 1675 1713 1726 νεωστὶ
1739 1676 1803 1727 ὲκ
1829 1676 1927 1746 τῆς

340 1751 584 1821 Φρυγίας
622 1757 936 1823 ἐπιστάντα,
970 1761 1143 1815 ἰδόντα
1176 1766 1302 1826 τοὺς
1334 1764 1525 1836 θῆρας,
1554 1768 1646 1820 καὶ
1690 1768 1785 1833 τὰς
1832 1770 1924 1822 ἐπὶ

338 1842 556 1907 τούτοις
572 1846 819 1912 ἀπειλὰς,
840 1852 1179 1922 καταπτῆξαι
1196 1856 1293 1926 τὴν
1308 1855 1485 1927 ψυχὴν
1504 1858 1923 1927 μαλακισθέντα,

340 1934 436 1986 καὶ
461 1936 610 1999 τέλος
637 1939 735 2009 τῆς
758 1943 1027 2014 σωτηρίας
1053 1945 1290 1999 ἐνδοῦναι
1313 1947 1443 2017 (66).
1473 1949 1689 2020 Ἐδήλου
1718 1952 1773 2004 δὲ
1798 1952 1924 2004 τοῦ-

337 2042 432 2077 τον
460 2030 489 2080 ό
510 2030 608 2097 τῆς
629 2037 1033 2107 προειρημένης
1057 2040 1271 2110 γραφῆς
1293 2040 1447 2109 λόγος
1472 2044 1921 2116 προπετέστερον,

335 2118 456 2170 ἀλλ’
506 2122 565 2173 ού
601 2124 718 2175 κατ’
766 2127 1048 2181 εὐλάϐειαν
1096 2133 1424 2203 ὲπιπηδῆσαι
1468 2134 1545 2205 τῷ
1591 2135 1923 2208 δικαστηρίῳ

339 2210 440 2262 σὺν
468 2213 694 2284 ἑτέροις,
738 2218 929 2272 ἁλόντα
967 2221 1011 2273 δ’
1038 2218 1129 2275 οὖν
1163 2225 1331 2294 ὅμως,
1366 2228 1675 2296 καταφανὲς
1708 2230 1922 2283 ὑπόδει-

336 2320 457 2373 γμα
493 2309 605 2369 τοῖς
646 2310 777 2361 πᾶσι
809 2318 1128 2384 παρασχεῖν,
1157 2317 1236 2369 ὃτι
1274 2318 1346 2388 μὴ
1380 2319 1487 2371 δέοι
1520 2322 1632 2382 τοῖς
1663 2321 1923 2385 τοιούτοις

338 2396 726 2466 ῥιψοκινδύνως
746 2407 840 2457 καὶ
856 2407 1164 2472 ἀνευλαϐῶς
1181 2411 1548 2483 κατατολμᾷν.
1575 2413 1735 2466 Ἀλλὰ
1750 2415 1921 2487 ταύτῃ

338 2491 437 2559 μὲν
466 2488 579 2562 εἶχε
607 2494 779 2566 πέρας
806 2499 874 2551 τὰ
905 2499 1045 2552 κατά
1076 2502 1316 2566 τούτους.
1351 2504 1454 2556 Τόν
1482 2522 1544 2572 γε
1571 2504 1675 2575 μὴν
1709 2506 1919 2577 θαυμα-

336 2582 601 2637 σιώτατον
637 2588 1018 2659 Πολύκαρπον,
1051 2592 1119 2646 τὰ
1154 2595 1252 2664 μὲν
1304 2596 1495 2665 πρῶτα
1523 2597 1727 2650 τούτων
1759 2599 1918 2651 ἁκού-

336 2692 527 2740 σαντα,
561 2680 830 2751 ἀτάραχον
852 2683 1143 2753 διαμεῖναι,
1168 2687 1430 2751 εὐσταθὲς
1454 2689 1515 2741 τὸ
1536 2686 1664 2759 ἦθος
1689 2691 1779 2742 καὶ
1807 2692 1921 2744 ἀκί-

332 2786 495 2837 νητον
525 2771 855 2838 φυλάξαντα,
886 2773 1166 2843 βούλεσθαί
1196 2795 1254 2829 τε
1278 2779 1442 2831 αὐτοῦ
1470 2779 1609 2832 κατά
1636 2780 1735 2850 τὴν
1767 2781 1917 2835 πόλιν

334 2863 651 2931 περιμένειν
678 2881 690 2893 ⁸
728 2865 1019 2919 πεισθέντα
1042 2886 1102 2935 γε
1139 2869 1243 2940 μὴν
1275 2870 1613 2924 ἁντιϐολοῦσι
1642 2875 1751 2935 τοῖς
1782 2874 1914 2941 ἀμφ’

334 2954 519 3019 ait“,
556 2958 649 3009 καὶ
680 2957 753 3021 ὡς
786 2958 851 3011 ἂν
882 2960 1158 3024 ὑπεξέλθοι
1192 2964 1597 3034 παρακαλοῦσι,
1635 2964 1914 3037 προελθεῖν

331 3048 412 3109 είς
438 3048 499 3099 ού
530 3049 717 3119 πόρρω
753 3050 1015 3104 διεστῶτα
1056 3052 1157 3121 τῆς
1185 3054 1390 3118 πόλεως
1424 3056 1591 3127 ἀγρὸν
1623 3056 1914 3127 διατρίϐειν

2041 570 2455 625 nerosissimum
2485 570 2890 635 Germanicum,
2920 573 3010 641 qui
3041 572 3221 627 divina
3243 574 3458 643 adjutus
3480 590 3604 642 gra-

2038 663 2155 728 tia,‘
2179 662 2368 716 mortis
2409 673 2611 716 metum
2643 663 2857 732 corpori
2894 679 2921 716 a
2960 675 3152 718 natura
3189 665 3409 719 insitum
3442 682 3602 735 supe-

2038 758 2204 811 ravit.
2228 756 2359 809 Nam
2384 771 2505 809 cum
2531 757 2817 823 proconsul
2833 758 3011 811 verbis
3036 772 3158 811 eum
3177 756 3390 813 ﬂectere
3422 760 3601 821 vellet.

2037 848 2442 917 admonensque
2470 848 2617 901 illum
2652 849 2858 916 aetatis,
2892 858 3073 903 oraret
3103 860 3161 903 ut
3188 865 3396 905 memor
3424 854 3604 908 adole-

2036 939 2258 993 scentia:
2280 954 2393 993 sum
2420 938 2520 994 sibi
2555 940 2668 1009 ipse
2696 952 2962 1008 parceret,
2994 942 3083 994 ille
3110 942 3241 996 nihil
3296 944 3601 1008 cunctatus,

2035 1031 2175 1085 ultro
2206 1032 2257 1085 in
2286 1047 2343 1087 se
2372 1034 2665 1087 attraxisse
2696 1035 2917 1087 bestiam
2952 1035 3171 1101 dicitur,
3207 1040 3593 1105 propemodum

2030 1139 2149 1179 eam
2179 1128 2401 1195 adigeus
2427 1142 2490 1180 ac
2514 1128 2817 1193 stimulans,
2845 1143 2949 1197 quo
2966 1130 3032 1181 ab
3052 1130 3149 1182 hoc
3170 1129 3331 1198 impio
3363 1129 3590 1197 injuste-

2033 1226 2137 1279 que
2171 1213 2369 1267 saeculo
2424 1214 2661 1267 velocius
2720 1215 3055 1268 abscederet.
3094 1213 3259 1269 Porro
3288 1226 3407 1284 post
3468 1217 3589 1271 illu-

2032 1313 2201 1358 strem
2238 1305 2394 1371 hujus
2422 1306 2724 1370 interitum,
2753 1306 3005 1360 universa
3040 1307 3342 1370 multitmlo,
3385 1316 3491 1361 tum
3517 1309 3599 1363 di-

2030 1396 2141 1450 vini
2180 1397 2862 1467 martyrisfortitudiuem,
2903 1408 3013 1451 tum
3051 1400 3216 1452 totius
3263 1399 3599 1453 Christiano-

2031 1505 2151 1543 rum
2186 1491 2400 1558 generis
2426 1490 2676 1543 virtutem
2715 1506 3043 1559 magnopere
3066 1490 3353 1553 admirata,
3376 1500 3598 1559 repente

2028 1580 2331 1636 acclamare
2363 1582 2526 1650 coepit
2554 1600 2567 1635 :
2594 1601 2611 1634 ι
2640 1582 2787 1635 Tolle
2811 1583 3001 1651 impios
3028 1600 3039 1635 :
3070 1581 3398 1653 Polycarpus
3421 1582 3598 1651 requi-

2029 1687 2199 1728 ratur.
2226 1693 2243 1726 ι
2273 1674 2470 1729 Secuto
2501 1676 2693 1728 dehinc
2713 1684 2831 1742 post
2851 1674 3151 1743 liujnsmodi
3178 1673 3597 1727 acclamationes

2031 1767 2355 1835 gravissimo
2380 1776 2551 1830 motu,
2579 1765 2808 1831 Quintus
2836 1767 3078 1833 quidam,
3132 1764 3353 1817 natione
3374 1764 3550 1833 Phryx
3578 1803 3595 1827 ,

2030 1863 2119 1931 qui
2155 1876 2327 1930 nuper
2357 1875 2420 1913 ex
2458 1859 2689 1928 Phrygia
2719 1858 3037 1919 advenerat,
3071 1871 3192 1910 cum
3228 1857 3369 1910 feras
3398 1866 3452 1909 et
3480 1871 3597 1923 qua:

2028 1962 2285 2023 praeterea
2342 1950 2750 2004 intentabantur
2806 1956 3073 2000 tormenta
3123 1947 3385 2008 vidisset,
3423 1945 3597 1998 fracto

2030 2046 2210 2101 animo
2241 2043 2480 2113 expavit,
2534 2042 2861 2108 tandemque
2913 2042 3035 2093 vita:
3089 2040 3385 2092 retinendae
3417 2036 3596 2091 studio

2026 2138 2208 2192 cessit.
2237 2135 2338 2189 llic
2368 2148 2531 2203 porro
2557 2130 2786 2198 Quintus
2822 2141 2879 2184 ut
2910 2131 2959 2183 in
3002 2130 3186 2183 eadem
3220 2130 3441 2197 epistola
3496 2128 3595 2181 do-

2025 2238 2202 2293 cetur,
2235 2226 2545 2280 temeritate
2580 2225 2814 2293 quadam
2873 2238 2938 2274 ac
2972 2221 3200 2275 levitate
3235 2223 3455 2285 ductus,
3489 2236 3592 2275 non

2025 2336 2147 2375 cum
2183 2319 2274 2383 pio
2311 2334 2374 2371 ac
2406 2315 2659 2384 religioso
2714 2324 2882 2379 metu,
2920 2330 3023 2367 una
3058 2330 3180 2367 cum
3222 2315 3428 2383 aliquot
3476 2313 3595 2366 aliis

2025 2413 2090 2466 ad
2109 2410 2342 2465 tribunal
2370 2408 2712 2477 prosiluerat.
2734 2408 2837 2459 Sed
2860 2406 3116 2459 continuo
3147 2414 3354 2473 captus,
3388 2404 3595 2458 illustre

2023 2509 2404 2561 documentum
2443 2504 2694 2557 omnibus
2731 2502 2977 2571 przehuit,
3028 2516 3092 2553 nc
3113 2499 3375 2569 prmcipiti
3430 2497 3596 2549 auda-

2021 2601 2103 2653 cia
2142 2599 2259 2653 sine
2288 2596 2397 2649 ullo
2426 2595 2757 2649 inﬁrmitatis
2787 2609 2898 2647 sua:
2934 2601 3183 2661 respectu
3219 2589 3377 2658 130
3404 2587 3592 2653 hujus-

2020 2693 2164 2746 modi
2206 2689 2459 2761 periculis
2505 2703 2622 2742 sese
2676 2689 2994 2755 objicerent.
3048 2686 3111 2738 Et
3141 2684 3207 2738 de
3236 2684 3318 2736 his
3373 2681 3589 2750 quidem

2020 2785 2301 2839 hactenus.
2348 2782 2716 2837 Admirandus
2766 2792 2945 2834 autem
2981 2776 3447 2847 illePolycarpus,
3481 2772 3594 2842 pwi—

2019 2893 2165 2933 muin
2196 2878 2411 2945 quidem
2444 2892 2566 2930 cum
2600 2875 2716 2928 haec
2751 2872 3075 2940 accepisset,
3108 2870 3412 2922 nullatenus
3437 2878 3589 2918 com-

2018 2981 2196 3025 motus
2234 2979 2345 3035 est,
2392 2971 2484 3023 sed
2519 2966 2816 3036 tranquillo
2846 2978 3147 3031 serenoque
3176 2962 3359 3014 animo
3394 2958 3591 3029 persti-

2021 3064 2099 3118 tit.
2126 3064 2510 3130 Statneratque
2554 3060 2751 3114 ibidem
2784 3060 2834 3110 in
2885 3055 3017 3109 urbe
3052 3068 3355 3108 remanere.
3394 3050 3587 3105 Verum

330 3153 389 3189 τε
420 3137 517 3188 σὺν
540 3138 739 3206 ὀλίγοις
765 3141 1016 3206 ἐνταῦθα,
1040 3143 1253 3215 νύκτωρ
1284 3147 1377 3199 καὶ
1409 3148 1523 3217 μεθ’
1556 3148 1766 3218 ἡμέραν
1786 3146 1844 3201 οὗ
1862 3166 1912 3201 τι

2017 3154 2426 3210 obsecrantibus
2448 3150 2831 3214 familiaribus,
2851 3146 3302 3213 bortantibusque
3319 3152 3375 3195 ut
3391 3157 3449 3196 se
3467 3140 3589 3195 inde

330 3229 517 3300 ἕτερον
544 3232 871 3299 πράττοντα,
896 3235 927 3306 ἢ
955 3239 1074 3299 ταῖς
1100 3238 1235 3307 πρὸς
1267 3240 1357 3291 τὸν
1398 3240 1599 3310 Κύριον
1626 3240 1912 3311 διακαρτεο

331 3320 529 3392 ροῦντα
560 3323 765 3393 εὐχαῖς,
796 3325 861 3378 δι’
910 3320 983 3379 ὧν
1014 3327 1217 3380 δεῖσθαι
1249 3328 1342 3381 καὶ
1376 3330 1657 3393 ἱκετεύειν,
1688 3332 1910 3401 εἰρήνην

329 3414 710 3484 ἐξαιτούμενον
735 3420 854 3481 ταῖς
887 3417 990 3471 ἀνὰ
1014 3421 1191 3472 πᾶσαν
1215 3421 1314 3491 τὴν
1340 3422 1663 3491 οἰκουμένην
1688 3422 1914 3493 Ἐκκλη-

329 3508 475 3571 σίαις
501 3525 513 3536 ·
549 3508 706 3561 τοῦτο
734 3509 843 3581 γὰρ
891 3511 982 3563 καὶ
1015 3508 1151 3563 εἶναι
1180 3514 1242 3564 ἐκ
1271 3513 1364 3565 τοῦ
1397 3514 1593 3576 παντὸς
1617 3514 1763 3584 αύτῴ
1792 3514 1912 3566 σύν-

325 3598 477 3667 ηθες.
508 3600 620 3652 Καὶ
662 3601 724 3672 δὴ
756 3602 1066 3671 εὐχόμενον,
1099 3605 1156 3657 ὲν
1186 3606 1421 3676 ὀπτασίᾳ
1449 3606 1616 3677 τριῶν
1646 3607 1912 3678 πρότερον

327 3689 550 3759 ἡμερῶν
574 3689 671 3759 τῆς
702 3690 1259 3764 συλλήψεως,νύκτωρ
1293 3694 1417 3748 ἰδεῖν
1449 3695 1510 3747 τό
1535 3696 1639 3748 ὑπὸ
1671 3698 1911 3768 κεφαλῆς

324 3781 488 3833 αὑτοῦ
522 3782 749 3853 στρῶμα
788 3783 997 3852 ἀθρόως
1031 3784 1199 3849 οὕτως
1233 3786 1336 3839 ὑπὸ
1366 3786 1534 3857 πυρὸς
1576 3787 1799 3857 φλεχθὲν
1828 3790 1912 3843 δε-

326 3873 694 3942 δαπανῆσθαι,
721 3874 945 3939 ἕξυπνον
977 3876 1033 3929 δὲ
1077 3879 1168 3930 ἐπὶ
1206 3879 1379 3950 τούτῳ
1413 3880 1720 3951 γενόμενον,
1751 3884 1911 3947 εὐθὺς

330 3964 745 4035 ύφερμηνεῦσαι
792 3969 901 4030 τοῖς
932 3967 1165 4039 παροῦσι
1205 3969 1265 4021 τὸ
1297 3971 1484 4037 φανὲν,
1525 3976 1806 4044 μονονουχὶ
1849 3975 1910 4028 τὸ

328 4058 521 4127 μέλλον
552 4058 1011 4129 προθεσπίσαντα,
1035 4061 1218 4129 σαφῶς
1241 4079 1299 4113 τε
1324 4064 1613 4117 ἁνειπόντα
1640 4068 1750 4128 τοῖς
1771 4068 1908 4137 ἀμφ’

320 4149 599 4211 αύτόν,ὄτι
625 4150 731 4202 δέοι
764 4151 923 4203 αὐτόν
947 4151 1034 4204 διὰ
1060 4152 1290 4223 Χριστὸν
1324 4155 1454 4225 πυρὶ
1479 4154 1576 4225 τὴν
1608 4154 1749 4227 ζωὴν
1779 4174 1907 4228 μετ-

318 4240 572 4306 αλλάξαι.
602 4244 810 4295 Ἑπικει
820 4244 994 4313 μένων
1023 4244 1085 4315 δὴ
1110 4241 1202 4298 οὖν
1247 4247 1343 4298 σὺν
1396 4247 1543 4319 πάσῃ
1570 4246 1771 4317 σπουδῇ
1800 4249 1907 4303 τῶν

321 4335 735 4404 ἀναζητούντων
784 4335 982 4401 αὐτόν,
1015 4332 1169 4399 αὖθις
1218 4336 1321 4390 ὑπὸ
1370 4337 1469 4407 τῆς
1509 4338 1616 4390 τῶν
1668 4338 1907 4407 ἀδελφῶν

316 4426 616 4490 διαθέσεως
660 4428 753 4479 καὶ
799 4428 1032 4499 στοργῆς
1092 4429 1551 4499 ἐκϐεϐιασμένον,
1605 4431 1905 4503 μεταϐῆναί

2016 3245 2369 3310 subduceret,
2396 3244 2449 3297 in
2487 3259 2675 3297 eorum
2710 3240 3033 3295 sententiam
3061 3237 3228 3292 ﬂexus
3253 3277 3268 3301 ,
3302 3235 3367 3288 ad
3400 3247 3585 3303 agrum

2014 3338 2300 3406 quemdam
2332 3336 2536 3389 civitati
2563 3334 2866 3405 proximum
2895 3332 3142 3386 secessit.
3190 3328 3267 3382 lbi
3305 3342 3425 3381 cum
3455 3341 3585 3394 pau-

2013 3430 2092 3483 cis
2117 3428 2402 3482 comitibus
2453 3429 2655 3497 degens
2680 3471 2694 3495 ,
2733 3428 2819 3480 die
2851 3436 3123 3492 noctuque
3156 3420 3429 3475 continuis
3456 3432 3586 3471 ora-

2016 3520 2276 3584 tionibus,
2311 3534 2411 3573 nec
2436 3518 2523 3571 alii
2558 3528 2819 3588 praeterea
2858 3517 3100 3570 intentus
3145 3514 3294 3583 Operi
3332 3524 3584 3581 perseve-

2012 3611 2207 3665 rabat:
2242 3621 2367 3664 vota
2403 3624 2699 3679 precesque
2746 3608 2807 3661 ad
2835 3608 3005 3661 Deum
3061 3606 3265 3658 faciens
3299 3618 3396 3673 pro
3449 3618 3583 3673 pace

2013 3719 2078 3757 ac
2110 3702 2504 3770 tranquillitate
2527 3701 2765 3753 onmimn
2792 3714 2909 3767 qua:
2933 3699 3132 3765 ubique
3165 3706 3431 3749 terrarqu
3459 3701 3586 3749 sunt

2012 3793 2405 3847 Ecclesiarum.
2449 3791 2503 3843 Id
2538 3792 2685 3843 enim
2730 3790 2818 3842 ille
2852 3800 3011 3839 antea
3066 3801 3281 3855 semper
3330 3785 3584 3838 factitare

2012 3894 2384 3939 consueverat.
2412 3881 2676 3935 Caeterum
2709 3879 2885 3932 triduo
2918 3888 3204 3947 antequam
3227 3876 3583 3945 comprehen-

2011 3976 2252 4039 deretur,
2287 3986 2448 4029 noctu
2478 3976 2619 4028 inter
2639 3974 2905 4027 orandum
2948 3971 3154 4026 solutus
3206 3971 3257 4023 in
3286 3982 3533 4023 somnum
3558 4006 3578 4034 ,

2011 4069 2195 4122 videre
2228 4067 2328 4121 sibi
2365 4068 2514 4121 visus
2546 4076 2625 4120 est
2657 4065 2893 4121 cervical
2940 4081 3045 4133 quo
3070 4074 3231 4130 caput
3260 4061 3577 4124 reclinahat,

2010 4169 2183 4213 totum
2222 4169 2438 4228 repente
2464 4158 2682 4213 ﬂamma
2708 4166 3114 4225 consnmptum.
3159 4154 3329 4221 Quam
3359 4154 3426 4206 ob
3449 4167 3578 4206 cau-

2009 4268 2123 4307 sam
2155 4267 2185 4306 e
2216 4268 2406 4306 somno
2441 4253 2734 4316 excitatus,
2764 4252 2945 4305 statim
2978 4250 3151 4303 visum
3185 4264 3337 4301 suum
3390 4255 3576 4300 astan-

2010 4346 2153 4398 tibus
2207 4344 2498 4412 exposuit;
2560 4345 2722 4414 idque
2780 4344 2922 4413 quod
2958 4342 3059 4396 sibi
3100 4350 3419 4395 eventurum
3457 4347 3577 4393 erat

2010 4437 2405 4504 praenuntians,
2454 4435 2815 4491 familiaribus
2851 4436 2965 4490 suis
2999 4444 3182 4503 aperte
3216 4432 3463 4502 przedixit
3516 4446 3576 4486 se

317 4536 485 4588 φασιν
530 4523 609 4583 είς
635 4520 819 4592 ἓτερον
863 4521 1057 4591 ἀγρόν,
1095 4520 1219 4574 ἔνθα
1251 4524 1365 4592 μετ’
1396 4523 1455 4574 οὐ
1503 4523 1750 4576 πλεῖστον
1780 4526 1905 4587 τοὺς

2017 4543 2105 4596 pro
2157 4525 2373 4581 Christo
2416 4525 2648 4582 ﬂammis
2698 4528 3044 4597 absumptum
3099 4524 3188 4578 iri.
3240 4524 3408 4577 Porro
3449 4537 3572 4576 cum

319 4612 744 4677 συνελαύνοντας
772 4614 1035 4677 ἐπελθεῖν,
1065 4613 1156 4666 δύο
1179 4631 1237 4666 τε
1262 4614 1370 4667 τῶν
1400 4614 1588 4668 αὐτόθι
1620 4616 1901 4669 συλλαϐεῖν

320 4704 547 4769 παίδων,
579 4698 653 4758 ὧν
683 4706 905 4777 θάτερον
953 4707 1356 4778 αίκισαμένους,
1384 4708 1675 4779 ἐπιστῆναι
1710 4708 1775 4762 δι’
1801 4711 1899 4762 αὐ-

317 4796 410 4851 τοῦ
438 4802 505 4870 τῇ
533 4799 626 4852 τοῦ
654 4799 1010 4872 Πολυκάρπου
1033 4802 1349 4871 καταγωγῇ.
1387 4800 1513 4870 Ὀψὲ
1536 4801 1593 4854 δὲ
1623 4801 1722 4872 τῆς
1752 4801 1900 4874 ὥρας

389 5000 502 5069 (65)
540 5002 1037 5069 ’Υπορῤωννύντα
1065 5002 1186 5056 σὺν
1214 5004 1342 5069 θείᾳ
1366 5001 1555 5071 χάριτι
1581 5001 1694 5070 τὴν
1713 5003 1895 5071 ἔμφυ-

318 5087 442 5135 τον,
474 5084 583 5127 etc.
618 5071 787 5125 Verba
837 5075 1007 5140 ipsius
1043 5075 1283 5142 epistolae
1315 5090 1477 5141 quam
1511 5075 1760 5141 superius
1794 5090 1894 5126 ex-

318 5144 663 5209 srripsinms,
713 5143 870 5209 longe
910 5143 1073 5196 alium
1119 5160 1337 5198 sensmn
1374 5144 1653 5197 exhibent.
1707 5142 1891 5211 Neque

318 5214 459 5265 enim
496 5214 756 5277 seipsum,
797 5214 888 5265 sed
916 5215 1184 5267 sociorqu
1236 5215 1444 5267 animos
1499 5213 1741 5281 exemplo
1791 5228 1888 5266 suo

318 5288 670 5336 continuasse
702 5284 900 5355 dicitur
934 5286 1308 5355 Giiritiaiiicus.
1440 5284 1548 5355 γὰρ
1579 5283 1888 5355 γενναιότατ-

318 5369 407 5425 τος
460 5352 800 5425 Γερμανικὸς
838 5353 1209 5425 ὲπερῤώννυεν
1249 5354 1426 5407 αὐτῶν
1455 5352 1552 5425 τὴν
1573 5354 1773 5407 δειλίαν
1804 5353 1890 5407 διὰ

318 5423 413 5493 τῆς
438 5426 492 5477 ἐν
514 5423 663 5495 αὐτῷ
684 5423 987 5495 ὑπομονῆςζ
1014 5426 1115 5491 Qui
1144 5441 1336 5479 sensus
1367 5423 1743 5495 mihiquidem
1770 5442 1887 5477 ma-

355 5495 395 5547 is
422 5497 617 5548 placet.

318 5509 786 5645 ὅιῖθὲἵίῦᾙύμου
807 5566 958 5645 ,βίου’
986 5565 1179 5619 αὐτῶν
1196 5566 1591 5645 ἀπαλνζαγείη.
1626 5564 1737 5645 lloc
1768 5565 1887 5621 loco

313 5651 493 5693 vocem
532 5636 721 5690 αὐτῶν
751 5639 1104 5700 restituinms,
1136 5654 1256 5705 quae.
1284 5642 1335 5689 in
1374 5636 1769 5704 Reginquidem
1797 5652 1889 5690 co-

309 5708 425 5762 dice
469 5711 688 5770 deerat.
726 5709 822 5761 sed
854 5711 904 5760 in
948 5710 1115 5759 tribus
1161 5707 1363 5761 nostris
1412 5708 1684 5760 Codicibus
1724 5705 1887 5775 Maz.,

300 5778 681 5838 Med.etFuk.
716 5790 774 5833 et
811 5779 865 5832 in
896 5778 1182 5848 exemplari
1224 5778 1387 5847 ipsius
1417 5776 1655 5847 epistolze
1670 5776 1886 5847 legitur.

2008 4619 2153 4674 omni
2189 4619 2365 4673 studio
2391 4635 2453 4673 ac
2485 4618 2760 4689 diligentia
2786 4618 3158 4671 incumberent
3180 4615 3269 4685 qui
3298 4629 3422 4668 eum
3452 4629 3575 4682 per-

2008 4709 2392 4779 vestigabant,
2448 4724 2637 4763 rursus
2686 4708 2913 4761 fratrum
2968 4706 3163 4761 aﬂ'ectu
3201 4715 3256 4759 et
3308 4704 3574 4759 charitate

2006 4800 2340 4871 compulsus,
2374 4809 2431 4854 ut
2459 4800 2633 4867 aiunt,
2672 4800 2737 4853 ad
2766 4800 2925 4853 aliam
2956 4797 3137 4853 villain
3175 4797 3570 4868 commigravit.

2074 5003 2183 5073 (65)
2231 5003 2349 5073 Τὴν
2386 5004 2646 5058 καθόλου
2679 5001 2795 5056 ’τοῦ
2830 5001 3065 5071 γένους.
3119 5002 3174 5055 In
3205 5002 3391 5057 codice
3428 5000 3569 5055 Maz.

1999 5085 2056 5129 et
2103 5072 2399 5129 l'nketiauo
2447 5073 2672 5127 καθόλου
2721 5074 2981 5127 scribitur
3027 5072 3242 5141 quidem
3283 5088 3383 5125 una
3415 5088 3568 5138 voce,

1996 5161 2190 5216 aspero
2234 5156 2409 5216 tamen
2443 5147 2633 5216 spiritu
2660 5144 2829 5216 media
2855 5144 3055 5216 syllaba
3093 5152 3441 5216 prmnotatur.

2069 5212 2176 5285 (66)
2190 5215 2300 5283 Τῆς
2316 5215 2609 5285 σωτηρίας
2629 5212 3160 5285 ἑγδοῦναὶ.[ὶιι1ίιιιιε
3178 5215 3333 5266 vertit
3346 5213 3569 5285 salutem

1994 5290 2213 5355 segnitia
2244 5287 2477 5353 perdere.
2515 5284 2788 5338 Masculus
2812 5300 2936 5337 vero
2968 5284 3187 5337 salutem
3207 5300 3352 5335 suam
3380 5284 3568 5355 prinde“
3633 5305 3640 5355 ξ

1995 5375 2068 5411 re.
2099 5358 2168 5409 At
2195 5358 2718 5421 Christophorsunus
2768 5356 2985 5408 uberius
3035 5365 3091 5406 ut
3133 5355 3273 5406 solet
3309 5363 3361 5405 et
3398 5354 3568 5421 proli-

1995 5431 2118 5480 xius
2152 5430 2540 5494 interpretatus
2565 5436 2647 5478 est
2683 5427 2781 5478 hoc
2814 5426 2972 5477 mmln
3000 5442 3014 5479 :
3058 5423 3122 5475 Et
3158 5426 3363 5473 tandem
3396 5424 3565 5494 salute

1994 5499 2205 5567 prodita
2232 5513 2414 5549 manus
2444 5512 2551 5567 pro:
2591 5497 2795 5563 ignavia
2821 5496 3042 5567 dedisse.
3070 5494 3210 5567 sane
3235 5493 3564 5567 aliquid_liic

1996 5560 2208 5620 videtur
2245 5560 2452 5618 deesse.
2490 5560 2674 5633 Neque
2709 5570 2851 5617 enim
2883 5565 3068 5619 Gra'ce
3093 5566 3291 5615 dicitur
3321 5560 3564 5633 ἐνδοῦναι

1991 5637 2092 5707 τῆς
2126 5636 2419 5706 σωτηρίας,
2467 5638 2567 5688 nisi
2592 5632 2752 5687 'forte
2782 5635 3073 5707 subaudias
3110 5633 3290 5707 ἓνεκα.
3325 5632 3562 5707 Necim-

1993 5702 2187 5761 nierito
2225 5702 2344 5773 quis
2382 5706 2689 5772 suspicetur
2720 5705 3066 5761 scribendum
3102 5719 3222 5760 esse
3260 5702 3560 5757 ἐκπεσόντα

1992 5778 2093 5848 τῆς
2123 5777 2414 5849 σωτηρίας,
2443 5774 2701 5829 ἐνδοῦναι.
