4016 6260
491 309 589 368 551

1192 305 1460 365 EUSEBH
1491 302 1972 364 CESARIENSIS
2007 300 2159 358 OPP.
2180 316 2181 321 ‘
2204 301 2387 358 PARS
2423 302 2465 360 1.
2503 333 2573 344 -
2612 299 3000 360 HISTORICA.

3622 310 3732 367 552

531 428 714 486 Fortis
728 426 1186 504 esto,Polycarpe,
1200 436 1257 485 et
1277 428 1507 485 viriliter
1520 443 1640 499 age.
1655 447 1673 480 ι
1696 428 1759 482 Et
1775 428 1822 482 is
1846 426 2037 498 quiden

2166 425 2440 498 προσώπῳ
2478 428 2559 490 είς
2581 426 2757 481 πάντα
2775 424 2866 480 τὸν
2901 424 3056 496 ὄχλον
3082 425 3172 481 τὸν
3203 428 3262 484 ἐν
3282 427 3362 500 τῷ
3391 430 3597 503 σταδίῳ
3625 436 3725 504 ἐμ-

491 522 578 592 qui
603 522 742 580 hanc
765 537 954 578 vocem
990 522 1255 588 ediderat,
1293 536 1324 575 a
1349 521 1565 576 nemine
1602 529 1687 575 est
1735 521 1906 585 visus,
1936 518 2054 588 ipsa

486 626 616 666 vero
642 624 746 665 vox
778 625 807 665 a
834 609 1108 680 plerisque
1130 617 1442 665 nostrorum
1474 609 1727 665 exaudita
1757 619 1864 666 est.
1891 608 2057 665 Cum-

483 718 591 773 que
613 703 679 758 ad
710 701 943 758 tribunal
981 702 1241 758 adductus
1263 710 1429 768 esset,
1458 702 1649 772 ingens
1674 703 1915 758 omnium
1946 702 2055 757 cla-

484 809 607 849 mor
640 792 912 848 excitatus
942 801 1046 858 est,
1074 793 1408 846 audientium
1455 793 1907 862 comprehensum
1931 805 2055 847 esse

482 884 863 958 Polycarpum.
899 883 1077 939 Porro
1127 885 1476 939 accedentem
1535 883 1889 954 interrogavit
1931 898 2055 953 pro-

482 976 692 1039 consul,
729 977 910 1047 ipsene
939 982 1083 1030 esset
1111 974 1461 1047 Polycarpus.
1495 974 1626 1030 Cum
1656 975 1742 1029 ille
1774 976 2051 1043 fateretur,

482 1063 712 1118 suadere
740 1064 1210 1134 caepitproconsul
1241 1074 1300 1118 ut
1322 1062 1596 1119 Christum
1619 1073 1839 1134 negaret
1866 1082 1881 1118 :
1905 1083 1924 1116 ι
1950 1063 2052 1119 Re-

481 1171 688 1221 verere,
720 1156 986 1227 inquiens,
1021 1166 1236 1212 aetatem
1269 1165 1438 1223 tuam,
1468 1175 1486 1207 ι
1515 1157 1725 1225 aliaque
1754 1156 1836 1211 his
1855 1155 2051 1212 similia

483 1249 745 1318 adjiciens
797 1266 916 1319 quae
940 1250 1015 1304 illi
1060 1264 1366 1319 proponere
1388 1257 1793 1305 consueverunt
1827 1266 1841 1302 :
1879 1266 1898 1300 ι
1922 1246 2049 1303 Jura

480 1357 577 1412 per
604 1343 818 1413 genium
840 1341 1068 1397 Caesaris
1093 1358 1108 1408 ;
1143 1342 1437 1411 resipisce;
1465 1342 1551 1397 dic
1575 1365 1588 1398 :
1617 1340 1768 1397 Tolle
1800 1341 2047 1412 impios.»

479 1432 615 1488 Tum
641 1433 972 1505 Polycarpus
994 1434 1141 1505 gravi
1186 1449 1249 1489 ac
1276 1448 1465 1488 severo
1496 1434 1647 1487 vultu
1674 1435 1885 1491 turbam
1935 1448 2053 1488 om-

476 1540 623 1588 nem,
650 1542 769 1595 qua:
797 1526 851 1579 itt
905 1527 1084 1580 stadio
1137 1536 1258 1580 erat
1287 1534 1581 1591 contuens,
1624 1540 1951 1596 manumque
1996 1525 2051 1579 in

476 1632 572 1673 eos
600 1618 906 1683 intendens,
930 1632 1034 1671 non
1079 1617 1197 1671 sine
1231 1618 1431 1685 gemitu
1467 1617 1695 1672 sublatis
1746 1617 1800 1672 in
1852 1618 2049 1673 coelum

475 1710 650 1763 oculis
668 1710 836 1763 dixit:
862 1728 881 1760 ι
904 1707 1055 1763 Tolle
1077 1707 1291 1776 impios.
1306 1726 1324 1759 ι
1345 1708 1477 1763 Cum
1497 1707 1721 1763 instaret
1741 1706 2048 1779 proconsul,

2157 518 2377 588 ϐλέψας,
2413 518 2692 583 ἐπισείσας
2714 519 2895 583 αὐτοῖς
2924 517 3023 590 τὴν
3052 520 3229 589 χεῖρα,
3262 521 3519 589 στενάξας
3543 542 3601 577 τε
3632 526 3728 580 καὶ

2154 614 2460 684 ἀναϐλέψας
2476 616 2554 679 είς
2567 614 2730 684 τὸνζού
2739 613 2916 686 ρανδν,
2947 608 3117 666 εἴπεψ
3146 609 3305 685 (Αἶρε
3329 616 3454 680 τοὺς
3469 616 3686 683 ἀθέους.
3700 639 3721 672 s

2166 707 2511 776 Ἐγκειμένου
2543 705 2600 760 δέ
2624 704 2714 759 τοῦ
2746 705 3069 775 ἡγουμένου,
3098 704 3190 758 καὶ
3211 706 3477 774 λέγοντος·
3507 726 3527 760 t
3558 709 3729 779 Ὅμο-

2155 816 2247 853 σον
2277 799 2371 853 καὶ
2408 797 2661 853 ἀπολύσω
2694 815 2775 863 σε,
2819 797 3127 870 λοιδόρησον
3151 797 3241 851 τὸν
3270 799 3524 869 Χριστὸν,
3560 820 3581 854 t
3620 802 3727 873 ἐφη

2153 891 2182 943 6
2229 889 2601 961 Πολύκαρπος·
2642 907 2661 941 t
2708 887 3065 959 Ὀγδοήκοντα
3109 888 3203 942 καὶ
3249 880 3310 953 ἓξ
3345 885 3438 960 ἔτη
3487 889 3728 944 δουλεύω

2153 981 2321 1052 αὐτῷ,
2347 981 2440 1035 καὶ
2470 980 2620 1035 οὐδέν
2649 996 2716 1051 με
2746 979 2991 1051 ἠδίκησε.
3019 980 3129 1034 Καὶ
3154 979 3270 1045 πῶς
3293 979 3526 1052 δύναμαι
3561 980 3727 1051 βλασ-

2153 1072 2403 1144 φημῆσαι
2425 1071 2515 1127 τὸν
2538 1058 2771 1127 Βασιλέα
2806 1089 2930 1144 μου,
2961 1071 3052 1126 τὸν
3076 1071 3325 1126 σώσαντά
3350 1089 3450 1142 με;
3495 1091 3514 1124 ι
3566 1072 3726 1125 Ἐπι-

2154 1164 2402 1235 μένοντος
2446 1163 2506 1219 δέ
2552 1164 2711 1218 πάλιν
2756 1164 2920 1218 αὑτοῦ
2966 1164 3060 1217 καὶ
3102 1162 3379 1232 λέγοντοςο
3420 1181 3439 1214 ι
3486 1163 3726 1234 Ὀμοσον

2150 1254 2246 1327 τὴν
2278 1255 2555 1326 Καίσαρος
2594 1254 2784 1327 τύχην,
2823 1274 2842 1308 t
2878 1257 2907 1310 6
2933 1252 3309 1326 Πολύκαρπος,
3344 1272 3363 1304 t
3394 1254 3458 1311 El.
3508 1253 3722 1307 κενοδο-

2151 1347 2280 1414 ξεῖς,
2307 1350 2488 1419 φησὶν,
2519 1349 2604 1403 ῐνα
2624 1349 2806 1421 όμόσω
2828 1347 2924 1419 τὴν
2940 1347 3215 1419 Καίσαρος
3239 1344 3509 1419 τύχην,ὼς
3521 1339 3724 1411 λέγεις,

2151 1440 2612 1512 προσποιούμενος
2633 1442 2846 1510 ἀγνοεῖν
2882 1440 3029 1504 ὅστις
3056 1439 3201 1510 εἰμὶ,
3240 1439 3378 1510 μετά
3405 1436 3720 1510 παρρησίας

2148 1535 2329 1589 ἄκουε·
2349 1532 2670 1604 Χριστιανός
2695 1534 2830 1603 εἰμι.
2856 1533 2919 1585 El
2946 1531 3002 1586 δέ
3028 1531 3201 1597 Θέλεις
3229 1532 3322 1586 τὸν
3342 1530 3438 1585 τοῦ
3464 1532 3720 1601 Χριστια-

2149 1624 2342 1696 νισμοῦ
2374 1623 2561 1695 μαθεῖν
2586 1623 2764 1690 λόγον,
2792 1621 3108 1694 δὸςήμέραν
3134 1623 3228 1676 καὶ
3255 1622 3503 1675 ἄκουσον.
3529 1638 3548 1671 ι
3570 1619 3719 1687 Ἔφη

2148 1717 2177 1769 6
2207 1714 2529 1779 ἀνθύπατος·
2566 1734 2583 1765 t
2608 1714 2799 1767 Πεῖσον
2827 1712 2916 1767 τὸν
2944 1713 3131 1784 δῆμον.
3165 1733 3183 1765 t
3206 1711 3563 1783 Πολύκαρπος
3585 1709 3712 1781 ἔφη’

476 1800 788 1869 diceretque
825 1817 840 1854 :
884 1821 903 1854 ι
927 1800 1076 1865 Jura,
1101 1811 1155 1854 et
1192 1801 1347 1872 132
1380 1800 1621 1871 protinus
1652 1810 1703 1855 te
1732 1800 1997 1854 dimittam
2027 1816 2037 1854 :

2156 1827 2175 1860 ι
2214 1809 2281 1862 Σέ
2316 1808 2414 1879 μέν
2446 1808 2540 1862 καὶ
2559 1806 2714 1874 λόγου
2738 1805 2962 1875 ἠξίωσα.
2994 1781 3359 1876 Ᾰεδιδάγμεθα
3387 1781 3494 1874 γάρ
3519 1804 3717 1873 ἀρχαῖς

477 1893 564 1948 dic
580 1894 820 1948 convicia
834 1897 1096 1951 adversus
1112 1896 1389 1951 Christum
1414 1910 1461 1959 ;›
1487 1892 1679 1964 Polyca
1689 1908 1815 1962 rpus
1828 1905 2049 1960 respon-

476 1987 555 2042 dit
589 2004 604 2041 :
643 2005 662 2039 t
688 1986 796 2041 Sex
827 1999 883 2042 et
908 1990 1183 2059 octoginta
1210 1989 1497 2042 continuos
1517 1999 1685 2040 annos
1706 1985 1754 2040 ei
1774 1985 2048 2040 ministra-

473 2079 551 2145 vi,
588 2095 689 2134 nec
719 2079 823 2132 ttlla
855 2094 939 2135 me
968 2096 1204 2151 unquam
1229 2078 1409 2134 aﬂ'ecit
1440 2079 1672 2149 injuria:
1696 2086 1751 2132 et
1777 2076 2047 2147 quomodo

473 2187 694 2240 possum
724 2171 886 2239 impie
917 2171 1059 2242 loqui
1106 2172 1364 2227 adversus
1413 2171 1615 2241 Regem
1649 2186 1827 2225 meum
1855 2179 2045 2225 aucto-

472 2279 695 2333 remque
722 2263 915 2317 salutis
947 2264 1126 2318 meas?
1151 2283 1168 2315 t
1205 2265 1444 2334 Urgente
1474 2279 1663 2319 rursus
1693 2251 2043 2332 proconsule,

470 2368 535 2409 ac
560 2354 773 2409 dicente
796 2372 810 2407 :
832 2373 851 2405 ι
871 2352 998 2409 Jura
1021 2370 1119 2424 per
1135 2357 1348 2424 genium
1366 2339 1631 2420 Caesaris;
1665 2372 1685 2407 ι
1717 2353 2044 2426 Polycarpus

467 2446 645 2500 dixit:
677 2466 695 2497 ι
730 2447 786 2501 Si
818 2447 1061 2517 quidem,
1101 2446 1295 2516 inquit,
1341 2447 1626 2502 ambitiose
1653 2445 1955 2511 contendis,
1986 2453 2043 2499 ut

416 2582 421 2585 .
469 2552 572 2606 ego
604 2552 700 2606 per
730 2539 952 2607 genium
981 2554 1141 2609 quem
1170 2553 1334 2593 vocas
1363 2537 1592 2594 Caesaris
1635 2536 1836 2606 jurem,
1873 2538 2041 2592 simu-

468 2630 586 2684 lans
616 2638 667 2683 te
696 2628 951 2697 ignorare
979 2630 1101 2700 quis
1124 2630 1251 2696 sim,
1282 2630 1406 2685 audi
1438 2630 1609 2684 libere
1646 2628 1989 2699 profitentem
2022 2647 2038 2685 :

468 2722 810 2776 Christianus
828 2736 964 2776 sum.
1001 2721 1153 2788 Quod
1179 2723 1224 2775 si
1258 2721 1553 2777 Christiani
1574 2721 1757 2776 cultits
1777 2720 2039 2777 rationem

466 2812 618 2881 cupis
639 2827 955 2883 agnoscere,
1000 2814 1065 2867 da
1099 2814 1229 2867 mihi
1270 2814 1376 2867 diei
1412 2812 1671 2883 spatium,
1706 2821 1756 2868 et
1785 2813 1990 2868 audies.
2016 2831 2036 2865 ι

465 2908 532 2960 At
547 2907 867 2977 proconsul:
893 2926 911 2958 ι
928 2907 1217 2971 Persuade,
1237 2906 1431 2976 inquit,
1445 2906 1660 2977 populo.
1674 2924 1694 2958 ι
1712 2906 2042 2979 Polycarpus

466 3001 631 3055 dixit:
655 3020 672 3052 ι
701 3000 819 3054 Tibi
845 3000 1061 3070 quidem
1083 3000 1346 3054 rationem
1367 3000 1592 3055 reddere
1623 3016 1727 3056 non
1757 3016 1842 3054 me
1856 3000 2036 3070 piget:

465 3101 788 3161 praeceptum
816 3092 960 3145 enim
985 3091 1142 3145 nobis
1182 3102 1265 3145 est
1322 3099 1382 3145 ut
1429 3091 1840 3162 magistratibus
1865 3099 1921 3145 et
1945 3105 2042 3159 po-

435 3234 441 3240 .
467 3184 756 3239 tcstatibus
791 3200 819 3237 a
855 3184 966 3239 Deo
997 3183 1309 3240 constitutis
1331 3185 1591 3238 honorem
1614 3183 1855 3239 debitum
1885 3184 2039 3239 exhi-

465 3276 711 3342 beamus,
759 3277 852 3347 qui
894 3277 1053 3333 nobis
1111 3277 1244 3346 ipsis
1299 3276 1434 3332 nihil
1496 3285 1710 3331 noceat.
1747 3277 1871 3331 lllos
1907 3292 2037 3331 vero

465 3385 654 3439 parum
684 3370 876 3440 dignos
902 3385 1099 3424 censeo
1122 3369 1319 3438 quibus
1355 3368 1480 3424 ﬁdei
1523 3378 1726 3423 nostra:
1771 3369 2035 3423 rationem

465 3463 706 3520 reddam.
729 3482 747 3514 ι
784 3461 936 3516 Tunc
963 3460 1253 3530 proconsul
1290 3478 1303 3515 :
1335 3479 1355 3512 ι
1395 3460 1603 3515 Praesto
1636 3468 1787 3526 sunt,
1838 3459 2032 3530 inquit,

462 3553 672 3618 bestiae,
699 3552 896 3622 quibus
939 3561 992 3605 te
1022 3551 1340 3621 obiecturus
1381 3566 1522 3612 sum.
1553 3551 1651 3629 nisi
1706 3550 2033 3605 sententiam

464 3646 813 3701 mutaveris.»
844 3643 1174 3715 Polycarpus
1201 3643 1336 3699 dixit
1364 3657 1381 3697 :
1414 3662 1434 3695 ι
1458 3643 1691 3698 Accerse
1720 3657 1833 3707 eas,
1862 3656 2037 3711 neque

462 3738 608 3793 enim
663 3737 819 3793 nobis
871 3751 901 3791 a
954 3735 1271 3792 melioribus
1323 3736 1388 3791 ad
1431 3735 1701 3791 deteriora
1758 3734 2035 3790 mutabilis

462 3844 616 3884 mens
638 3837 738 3886 est.
774 3828 1065 3885 Pulchrum
1109 3829 1323 3899 quidem
1360 3815 1524 3899 atque
1559 3829 1844 3885 honestum
1877 3829 2033 3885 duci-

462 3936 582 3977 mus
625 3936 656 3976 a
706 3922 850 3978 vitiis
904 3923 972 3977 ad
1009 3922 1266 3977 virtutem
1301 3932 1696 3977 transcurrere.
1723 3940 1743 3973 t
1798 3921 1880 3975 Ad
1917 3921 2031 3976 haec

459 4014 751 4090 proconsul
786 4032 801 4069 :
842 4033 862 4068 ι
897 4014 1139 4081 Quando,
1163 4014 1359 4085 inquit,
1382 4013 1587 4069 bestias
1640 4014 1874 4082 spernis,
1905 4013 2032 4069 faxo

458 4114 521 4158 ιιι
547 4105 796 4167 incendio
809 4107 1063 4169 domeris,
1083 4106 1183 4161 nisi
1203 4107 1531 4161 sententiam
1552 4116 1745 4162 mutes.
1763 4134 1831 4144 -—
1848 4104 2029 4176 Ignem

459 4194 703 4262 minaris,
731 4196 809 4249 ait
833 4196 1186 4265 Polycarpus,
1208 4196 1298 4265 qui
1322 4197 1388 4249 ad
1416 4198 1562 4251 horae
1593 4197 1827 4267 spatium
1850 4197 2025 4263 ardet,

459 4286 753 4358 statimque
786 4289 1166 4360 exstinguitur.
1190 4288 1411 4359 Ignoras
1434 4290 1646 4346 scilicet
1688 4290 1836 4345 illum
1858 4289 2025 4346 futuri

456 4378 645 4449 iudicii
676 4388 1000 4452 aeternaque
1034 4381 1395 4437 damnationis
1438 4381 1641 4453 ignem,
1679 4383 1769 4454 qui
1828 4383 2026 4454 impio-

2148 1902 2241 1954 καὶ
2268 1900 2537 1968 ἐξουσίαις
2571 1902 2675 1955 ὑπὸ
2714 1902 2849 1955 Θεοῦ
2886 1898 3243 1970 τεταγμέναις
3283 1896 3446 1969 τιμὴν
3488 1894 3630 1949 κατά
3657 1894 3720 1947 τὸ

2148 1993 2421 2064 προσῆκον
2448 1993 2547 2064 τὴν
2579 1993 2652 2065 μὴ
2679 1994 3021 2065 βλάπτουσαν
3054 1993 3199 2064 ἡμᾶς
3220 1990 3512 2061 ἀπονέμειν
3531 2005 3545 2018 °
3570 1986 3718 2041 ἐκεί-

2145 2100 2270 2147 νους
2287 2083 2345 2136 δέ
2368 2083 2467 2137 οὐκ
2486 2068 2668 2150 ἀξίους
2690 2083 2824 2156 ἡγοῦ
2834 2101 2928 2155 μαι
2960 2081 3051 2136 τοῦ
3073 2079 3455 2148 ἀπολογεῖσθαι
3475 2076 3676 2139 αὐτοῖς.
3691 2093 3731 2155 ι.

2157 2178 2216 2231 '0
2241 2176 2297 2231 δὲ
2322 2175 2626 2241 ἀνθύπατος
2659 2171 2778 2230 εἷπε
2805 2175 2918 2245 (ἹΞ)
2936 2191 2948 2206 ⁸
2989 2192 3009 2226 ι
3046 2172 3223 2244 Θηρία
3249 2171 3376 2241 ἐχω.
3401 2168 3622 2229 Τούτοις
3654 2182 3715 2217 σε

2146 2263 2446 2337 παραϐαλῶ
2470 2263 2562 2319 ἐὰν
2590 2265 2663 2336 μὴ
2704 2265 3057 2336 μετανοήσῃς.
3091 2281 3110 2314 ι
3162 2261 3218 2314 Ὀ
3248 2260 3304 2313 δὲ
3337 2255 3506 2312 εἶπεν·
3544 2276 3562 2308 ι
3600 2255 3717 2309 Κά-

2144 2356 2244 2420 λει,
2273 2356 2602 2427 ἀμετάθετος
2631 2355 2737 2428 γὰρ
2768 2358 2900 2427 ἡμῖν
2935 2357 2961 2425 ἡ
2994 2353 3100 2407 ἀπὸ
3127 2353 3235 2407 τῶν
3265 2350 3589 2423 κρειττόνων
3620 2346 3716 2400 ἐπὶ

2141 2449 2211 2502 τὰ
2246 2448 2413 2520 χείρω
2447 2448 2701 2519 μετάνοια
2730 2447 2865 2520 (73).
2904 2445 3083 2500 Καλὸν
3107 2444 3164 2499 δὲ
3202 2437 3715 2513 μετατίθεσθαιάτὼ

2140 2540 2249 2594 τῶν
2277 2539 2530 2611 χαλεπῶν
2568 2541 2660 2593 ἐπὶ
2703 2539 2772 2592 τὰ
2801 2539 3002 2592 δίκαια.
3039 2555 3059 2589 ι
3097 2537 3155 2590 '0
3178 2535 3235 2589 δέ
3267 2533 3426 2589 πάλιν
3453 2532 3587 2604 πρὸς
3612 2530 3716 2583 αύ-

2142 2633 2251 2687 τόν·
2292 2651 2311 2685 ι
2341 2632 2481 2705 Πυρί
2520 2649 2577 2685 σε
2608 2633 2817 2704 ποιήσω
2854 2626 3223 2700 δαμασθῆναι,
3253 2626 3348 2681 ἐὰν
3375 2625 3479 2678 τῶν
3507 2622 3714 2694 θηρίων

2142 2729 2509 2799 καταφρονῇς,
2540 2726 2634 2779 ἐὰν
2663 2723 2737 2796 μὴ
2772 2724 3128 2794 μετανοήσῃς.
3149 2740 3169 2772 ι
3187 2718 3539 2789 Πολύκαρπος
3566 2710 3708 2767 εἷπε·

2148 2839 2167 2872 t
2199 2819 2315 2892 Πῦρ
2350 2819 2594 2881 ἀπειλεῖς
2620 2816 2754 2889 πρὸς
2773 2815 2921 2887 ὥραν
2951 2814 3262 2884 καιόμενον,
3299 2811 3396 2876 καὶ
3431 2806 3713 2878 μετολίγον

2144 2911 2516 2983 σϐεννύμενον.
2545 2912 2781 2979 Ἀγνοεῖς
2800 2907 2908 2980 γὰρ
2932 2907 2994 2960 τὸ
3026 2907 3124 2977 τῆς
3153 2902 3448 2976 μελλούσης
3479 2900 3716 2973 κρίσεως

2143 3004 2234 3059 καὶ
2272 3002 2489 3057 αἰωνίου
2520 3001 2792 3064 κολάσεως
2820 3002 2931 3063 τοῖς
2957 2997 3179 3051 ἀσεϐέσι
3210 2995 3540 3068 τηρούμενον
3573 2991 3709 3063 πῦρ.

2155 3094 2313 3148 Ἀλλά
2325 3095 2376 3148 τί
2393 3092 2672 3165 βραδύνεις
2692 3110 2708 3159 ;
2744 3092 2879 3163 Φέρε
2895 3090 2924 3143 ὃ
2946 3088 3122 3160 βούλει
3144 3085 3374 3159 (74-75).
3400 3104 3419 3137 t
3439 3083 3625 3138 Ταῦτα
3656 3081 3713 3137 δὲ

2139 3188 2234 3243 καὶ
2260 3188 2422 3259 ἐτερα
2442 3186 2661 3239 πλείονα
2684 3183 2879 3254 λέγων,
2907 3182 3140 3254 θάρσους
3172 3182 3266 3235 καὶ
3289 3181 3464 3251 χαρᾶς
3483 3177 3710 3247 ἐνεπίμ-
3790 3185 3797 3192 ·

2138 3280 2329 3345 πλατο,
2366 3281 2459 3335 καὶ
2494 3278 2556 3332 τὸ
2599 3278 2889 3349 πρόσωπον
2926 3273 3089 3329 αύτοῦ
3122 3274 3343 3347 χάριτος
3372 3268 3707 3342 ἐπληροῦτο,

2138 3372 2279 3427 ὥστε
2312 3372 2385 3444 μὴ
2423 3371 2581 3442 μόνον
2619 3370 2692 3442 μὴ
2741 3369 3037 3440 συμπεσεῖν
3067 3365 3405 3437 ταραχθέντα
3444 3361 3547 3416 ὑπὸ
3600 3360 3709 3415 τῶν

2135 3461 2441 3532 λεγομένων
2476 3459 2612 3532 πρὸς
2642 3456 2823 3522 αὐτὸν,
2863 3454 2998 3510 ἀλλά
3021 3452 3330 3507 τούναντίον
3352 3451 3443 3504 τὸν
3470 3447 3713 3501 ἀνθύπα-

2136 3572 2227 3609 τον
2253 3553 2528 3625 ἐκστῆναι,
2557 3550 2768 3622 πέμψαι
2789 3566 2849 3602 τε
2879 3547 2969 3603 τὸν
3000 3548 3217 3618 κήρυκα
3245 3543 3340 3597 καὶ
3365 3544 3422 3595 ἐν
3454 3543 3602 3613 μέσῳ
3632 3537 3711 3609 τῷ

2141 3647 2339 3717 σταδίῳ
2367 3643 2601 3716 κηρύξαι
2629 3641 2768 3715 τρίς*
2798 3638 3185 3710 «Πολύκαρπος
3210 3635 3557 3708 ὡμολόγησεν
3584 3634 3713 3686 ἐαυ-

2137 3738 2229 3792 τὸν
2250 3735 2569 3808 Χριστιανὸν
2595 3730 2753 3788 εἶναι.
2783 3752 2800 3785 ι
2840 3730 3043 3784 Τούτου
3062 3730 3341 3802 λεχθέντος
3367 3723 3576 3780 ὑπὸτοῦ
3611 3724 3712 3795 κή-

2143 3846 2337 3903 ρυκος,
2386 3829 2493 3881 πᾶν
2523 3826 2584 3880 τὸ
2628 3824 2831 3896 πλῆθος
2868 3823 3035 3881 ἐθνῶν
3066 3839 3128 3874 τε
3166 3821 3259 3875 καὶ
3296 3817 3565 3872 Ἰουδαίων
3597 3814 3709 3869 τῶν

2137 3920 2234 3992 τὴν
2267 3920 2518 3991 Σμύρναν
2557 3915 2974 3981 κατοικούντων,
3023 3911 3378 3982 ἀκατασχέτῳ
3409 3908 3564 3979 θυμῷ
3612 3905 3709 3960 καὶ

2140 4012 2348 4087 μεγάλῃ
2363 4013 2511 4083 φωνῇ
2530 4010 2677 4064 ἐϐόα·
2705 4027 2723 4059 t
2746 4000 2917 4071 Οὗτός
2932 4009 3080 4060 ἐστιν
3100 4005 3128 4057 6
3147 4005 3244 4075 τῆς
3262 4002 3442 4065 Ἀσίας
3463 4000 3710 4054 διδάσκα-

2134 4106 2245 4172 λος,
2274 4108 2302 4160 6
2335 4104 2516 4175 πατὴρ
2539 4101 2649 4157 τῶν
2679 4099 3040 4173 Χριστιανῶν,
3072 4101 3102 4152 6
3133 4098 3238 4151 τῶν
3267 4093 3546 4166 ἡμετέρων
3568 4090 3708 4143 θεῶν

2134 4196 2482 4268 καθαιρέτης,
2507 4197 2535 4248 6
2562 4190 2788 4256 πολλοὺς
2815 4192 3080 4246 διδάσκων
3112 4188 3185 4260 μὴ
3214 4187 3361 4241 θύειν
3391 4184 3522 4257 μηδὲ
3544 4198 3710 4254 προσ-

2110 4278 2333 4346 ’κυνεῖν.
2357 4309 2375 4341 t
2398 4287 2583 4342 Ταῦτα
2610 4286 2861 4354 λέγοντες
2881 4325 2897 4350 ,
2932 4282 3171 4337 ἐπεϐόων
3203 4280 3298 4335 καὶ
3336 4278 3561 4350 ἠρώτων
3612 4274 3706 4328 τὸν

2143 4383 2434 4455 Ἀσιάρχην
2468 4379 2580 4453 (76)
2610 4379 2891 4443 Φίλιππον,
2924 4376 3012 4430 ῐνα
3042 4374 3225 4445 ἐπαφῇ
3258 4371 3337 4441 τῷ
3363 4367 3706 4439 Πολυκάρπῳ

534 4563 663 4637 (72)
684 4564 761 4637 ΫΌ
790 4564 860 4619 δὲ
884 4566 1225 4637 ἀνθύπατος
1264 4563 1412 4623 εἷπε.
1443 4568 1496 4622 In
1525 4568 1802 4624 codicibus
1827 4570 2031 4626 nostris

2141 4569 2317 4624 δίκαιά
2339 4585 2399 4623 τε
2431 4566 2527 4622 καλ⁵
2547 4534 2688 4620 ὅσια.
2724 4563 2890 4633 Quasi
2926 4562 3133 4616 diceret
3173 4576 3187 4613 :
3220 4556 3341 4637 N_oli
3377 4568 3642 4637 sperare,
3669 4568 3704 4606 ο

461 4623 789 4711 animus,
830 4646 883 4711 et
911 4636 1047 4692 Fuk.
1077 4623 1338 4707 scriptum
1373 4649 1478 4705 est,
1515 4640 1576 4693 '0
1604 4623 1682 4693 δὲ
1725 4623 2028 4705 ἀνθύπατος
2060 4623 2102 4636 ⁷
2128 4623 2315 4711 judex,
2345 4640 2459 4694 ﬁeri
2497 4652 2654 4707 posse
2674 4623 2839 4711 utine
2865 4647 3103 4711 unquam
3132 4630 3413 4711 paeniteat.
3434 4623 3541 4678 Nos
3555 4625 3702 4711 enim

458 4706 526 4777 ἐφ
586 4722 599 4735 °
633 4704 807 4778 Θηρία
836 4708 860 4759 ἕ
899 4725 963 4772 ω,
996 4719 1102 4762 etc.

527 4723 641 4828 λδ)
674 4726 1042 4828 Ἁαετιέῖετορ
1065 4797 1102 4828 ιγ·

531 4777 642 4849 (75)
674 4777 1042 4847 Ἀμετάθετος
1065 4777 1176 4848 γὰρ
1197 4778 1342 4849 ἡμῖν
1357 4780 1395 4848 ἠ
1415 4779 1533 4834 ἀπὸ
1549 4777 1665 4833 τῶν
1678 4782 2031 4849 κρειττόνεηρ

531 4796 641 4845 (ιο)
678 4796 1042 4847 Αμετασετος
1065 4796 1176 4848 γαρ
1197 4796 1235 4847 η
1284 4796 1342 4831 ιν
1357 4796 1395 4848 η
1415 4796 1533 4834 ano
1549 4796 1665 4833 των
1678 4796 2029 4849 κρειττόνων

456 4848 562 4904 ἐπι
585 4846 656 4900 τὰ
679 4848 855 4918 χείρω
874 4848 1177 4917 μετάνοια.
1209 4796 1405 4904 lfl‘tima
1436 4866 1539 4904 vox
1567 4852 1670 4904 non
1700 4852 1910 4906 videtur
1939 4852 2029 4905 hic

457 4922 771 4991 convenire.
806 4922 883 4972 Ac
925 4922 1159 4974 libenter
1179 4934 1275 4988 pro
1303 4934 1434 4991 voce
1468 4920 1725 4991 μετάνοια
1758 4921 2026 4977 rescribe-

461 5005 574 5043 rem
603 4986 829 5050 διάνοια.
860 5003 1018 5060 quem
1045 4986 1263 5043 sensum
1302 4989 1355 5060 in
1409 4986 1854 5060 interpretatione
1904 5005 2021 5045 mea

458 5073 577 5129 sum
616 5069 857 5129 secutus.
894 5059 1037 5111 Idem
1069 5074 1285 5129 quoque
1328 5058 1523 5115 Ruﬁno
1552 5058 1817 5129 placuisse
1841 5061 2021 5127 video.

461 5127 554 5182 Sic
582 5127 725 5187 enim
757 5127 846 5180 ille
882 5129 1208 5183 vertitbunc
1228 5128 1406 5182 locum
1442 5145 1455 5181 :
1495 5127 1788 5185 Proconsul
1837 5131 2021 5185 dixit:

458 5195 860 5279 Béstiatltab'e‘o
894 5199 1083 5279 quibus
1142 5198 1400 5279 iubigeris
1434 5202 1529 5269 (ita
1560 5204 1774 5279 correxi
1827 5202 2021 5279 partim

458 5217 666 5252 Πρειιαι
696 5217 860 5250 ηαυεο
894 5217 1083 5279 qurum:
1147 5217 1400 5266 suntgeru
1434 5217 1529 5269 (tta
1560 5217 1774 5256 COI'I'CXI
1827 5217 2020 5323 parum

456 5283 523 5341 ex
551 5267 756 5341 _codice
789 5265 1111 5341 Partstensis
1142 5267 1421 5341 Ecclesiae,
1468 5273 1667 5337 partint
1721 5286 1786 5323 ex
1852 5268 2020 5341 iegio)

457 5338 561 5391 nisi
591 5338 695 5390 cito
716 5338 1043 5404 paenitueris.
1076 5337 1141 5390 At
1174 5336 1264 5390 ille
1291 5336 1553 5404 respondit
1584 5357 1602 5394 :
1635 5336 2020 5395 Adltibeant'ur.

459 5406 628 5462 Nobis
675 5410 810 5461 enim
851 5408 1131 5479 immobilis
1153 5416 1254 5459 stat
1285 5411 1545 5462 sententia
1573 5425 1594 5465 :
1628 5427 1719 5464 nec
1743 5426 2023 5479 possumus

457 5481 521 5532 de
547 5478 682 5531 bona
711 5480 779 5531 ad
810 5478 1009 5531 malum
1043 5493 1136 5547 per
1162 5479 1537 5545 poenitudiuem
1557 5478 1896 5535 commutari.
1934 5480 2023 5533 Ni-

460 5550 727 5620 cepltorus
755 5564 992 5618 quoque,
1027 5561 1084 5602 ιιι
1116 5550 1274 5620 hujus
1298 5548 1400 5602 loci
1428 5564 1647 5603 sensqu
1668 5552 2023 5620 exprimeret,

459 5617 943 5692 circumlocutione
972 5634 1108 5692 usus
1143 5627 1227 5692 est
1252 5617 1560 5692 hujusmudl
1598 5637 1612 5672 :
1646 5617 1864 5691 Ούγὰρ
1904 5622 2028 5692 ἐμοὶ

460 5688 716 5760 μετάνοια
747 5688 934 5759 σαφῶς
959 5688 1222 5770 ὁρισθείη,
1254 5690 1286 5757 ἠ
1311 5689 1419 5743 ἀπὸ
1439 5689 1554 5772 ίτῶν
1577 5688 1898 5773 κρειττόνων
1934 5688 2028 5746 ἐπὶ

454 5759 523 5814 τὰ
551 5759 720 5831 χείρω
766 5760 1074 5826 μετάθεσις,
1107 5759 1222 5815 ἀλλ’
1245 5760 1279 5831 ἡ
1304 5760 1368 5813 ἐκ
1395 5777 1503 5815 των
1532 5762 1783 5833 χαλεπῶν
1822 5763 1917 5817 ἐπὶ
1961 5762 2031 5816 τά

1060 5799 1074 5826 ’
1107 5798 1206 5815 *ινδ
1250 5798 1279 5826 l‘
1304 5798 1368 5813 νη
1407 5798 1502 5815 uwv
1532 5798 1635 5826 λιιι-ιι

2135 4699 2592 4764 ἱιηοηῐάυιιιιιὶοι
2639 4699 3017 4777 paenitentiam
3068 4699 3435 4777 agnoscimus,
3466 4709 3613 4777 Icili-Il
3669 4708 3699 4746 a

2134 4779 2281 4834 vitiis
2305 4782 2371 4832 ad
2397 4764 2676 4841 virtutem',
2704 4773 2856 4848 etab
2898 4788 3082 4848 errore
3104 4764 3386 4848 transitur
3513 4764 3695 4817 tidem.

2134 4852 2181 4904 A
2208 4848 2522 4904 melioribus
2562 4836 2691 4902 vero
2716 4846 2782 4901 ad
2809 4843 3077 4900 deteriora
3116 4840 3372 4907 migrare,
3412 4836 3465 4890 id
3493 4848 3701 4902 nequa-

2136 4934 2298 4991 quem
2322 4918 2653 4991 resipiscere
2681 4925 2785 4991 sst-

2198 4987 2411 5058 (τι-75)
2447 4972 2647 5057 δέρενδ
2662 4986 2899 5058 βούλει,
2923 4981 3105 5058 codex
3140 4972 3542 5058 Maz._ache‘tl.,
3568 4984 3698 5058 cum

2133 5040 2548 5120 Ριῖιέίοι-ἒονξῖ
2574 5040 2834 5125 scriptum
2889 5040 3255 5125 ltabentcpéps
3282 5049 3317 5102 ἂ
3357 5040 3702 5125 βούλειτιίὶιιῗ

2127 5111 2271 5184 {tntis
2315 5111 2474 5182 veritil
2507 5111 2764 5181 Adhibe
2801 5135 2980 5179 turum
3024 5111 3204 5187 voles;
3244 5111 3420 5190 iguétn
3484 5111 3699 5167 scilicet

2126 5211 2219 5254 aut
2245 5198 2465 5253 bestias.
2875 5261 2905 5263 _
2970 5261 2987 5263 _
3387 5256 3400 5263 -
3615 5251 3646 5263 -.

2198 5269 2310 5339 (76)
2351 5268 2477 5339 T695
2505 5263 2853 5333 Ἀσιάρχην.
2873 5261 3101 5317 Ruﬁnus
3131 5256 3497 5339 munerarium
3512 5256 3694 5339 vertit,

2127 5325 2573 5410 quod'equidem
2631 5325 2862 5410 probare
2912 5349 3018 5386 non
3080 5344 3322 5410 possunt.
3387 5325 3498 5380 Etsi
3548 5325 3695 5410 cuitu

2126 5402 2386 5463 asiarchaé
2433 5402 2655 5461 munera
2680 5406 2934 5466 edebant,
2963 5418 3067 5456 non
3114 5404 3217 5456 hoc
3246 5411 3423 5471 tamen
3453 5402 3567 5471 erat
3598 5405 3695 5471 pe:

2128 5462 2334 5534 culiare
2356 5462 2542 5544 eorum
2571 5475 2827 5530 cilicium.
2858 5462 3003 5527 Multi
3028 5473 3225 5541 quippe
3242 5468 3336 5544 alii
3382 5462 3694 5544 huiusmodi

2129 5551 2444 5619 spectacula
2490 5542 2815 5619 exhibebant
2846 5544 3061 5619 :‘verbi
3117 5542 3289 5619 gratia
3326 5541 3692 5619 nugis-tratus

2132 5600 2486 5687 municipales
2533 5633 2629 5672 seu
2675 5614 2969 5687 duumviri,
2999 5623 3068 5687 ut
3105 5600 3270 5687 estin
3324 5600 3690 5687 legeil‘de.

2131 5674 2450 5760 TlteodLDc
2475 5686 2817 5760 spectaculis.
2838 5682 3163 5760 Vet'tenduttt
3197 5681 3364 5760 igitur
3388 5674 3473 5730 est
3510 5674 3695 5760 Λείας

2133 5759 2304 5814 cltum.
2338 5754 2511 5815 Erant
2535 5766 2713 5814 autem
2741 5754 3003 5812 asiarcha:
3044 5754 3356 5809 sacerdotes
3386 5755 3693 5801 οοιυιιιυωε
