4016 6260
298 358 408 416 353

1331 360 1682 418 lllSTORl/E
1722 359 2284 419 ECCLESIASTICIE
2319 359 2450 416 LIB.
2492 359 2583 416 Ν.

3497 365 3606 420 554

305 480 519 537 λέοντα.
543 482 606 536 '0
637 482 699 536 δὲ
721 483 836 555 ἔφη
872 485 946 558 μὴ
973 480 1111 539 εἶναι
1133 483 1253 550 ὲξὺν
1274 484 1443 556 αὐτῷ,
1472 484 1660 556 ἐπειδὴ
1688 482 1891 554 ὲπεπλη

2000 534 2004 543 ,
2033 497 2152 537 rnm
2179 480 2441 552 supplicio
2472 490 2806 536 reservatur.
2842 477 2956 538 Sed
2985 483 3116 552 quid
3141 485 3372 542 cessas?
3425 490 3608 558 proter

321 572 483 644 ρὼιιει
504 571 574 627 τὰ
601 575 942 645 κυνηγέσια.
972 575 1104 630 Τότε
1147 574 1323 640 ἔδοξεν
1352 577 1535 640 αὐτοῖς
1566 575 1915 648 ὁμοθυμαδὸν

322 665 631 736 ὲπιῦοῆσαι,
663 665 816 721 ὥστε
853 667 1030 734 ζῶντα
1044 668 1135 721 τὸν
1165 667 1523 740 Πολύκαρπον
1549 667 1914 722 κατακαῦσαι.

331 760 475 816 Ἔδει
511 759 624 832 γὰρ
643 761 710 814 τὺ
745 761 848 833 τῆς
878 761 1286 833 φανερωθείσης
1314 761 1461 832 αὐτῷ
1490 762 1583 814 ἐπὶ
1613 760 1708 815 τοῦ
1745 779 1916 832 προσ-

331 852 624 924 κεφαλαίου
689 853 964 918 ὀπτασίας
1016 854 1366 927 πληρωθῆναι
1391 871 1406 885 ·
1463 855 1551 908 ὅτε
1606 854 1728 908 ἰδὼν
1787 854 1917 909 αὐτὸ

331 946 646 1015 καιόμενον,
703 947 1160 1018 προσευχόμενος,
1214 943 1366 999 εἶπεν
1399 949 1756 1019 ἐπιστραφεὶς
1803 950 1918 1011 τοῖς

333 1040 453 1108 μετ’
484 1038 647 1091 αὐτοῦ
683 1041 896 1102 πιστοῖς
924 1039 1276 1110 προφητικῶς
1297 1057 1308 1070 ·
1346 1059 1364 1090 ι
1393 1041 1484 1092 Δεῖ
1515 1058 1582 1110 με
1612 1039 1788 1102 ζῶντα
1813 1057 1914 1092 κα-

328 1133 623 1201 τακαῆναι.
657 1151 676 1183 ι
710 1132 897 1186 Ταῦτα
936 1129 1027 1186 οὖν
1074 1133 1211 1203 μετὰ
1255 1132 1510 1186 τοσούτου
1562 1135 1761 1202 τάχους
1793 1133 1916 1201 ὲγέ-

328 1238 472 1286 νετο,
503 1223 747 1294 θᾶττονῆ
781 1224 1018 1292 ἐλέγετο,
1046 1224 1154 1276 τῶν
1184 1223 1354 1294 ὄχλων
1388 1224 1733 1294 παραχρῆμα
1763 1240 1917 1277 σννα-

326 1313 611 1381 γαγόντων
639 1316 703 1367 ἐκ
731 1313 839 1367 τῶν
870 1316 1241 1387 ἐργαστηρίων
1268 1316 1363 1368 καὶ
1385 1316 1449 1368 ἐκ
1474 1315 1582 1368 τῶν
1620 1315 1914 1386 βαλανείων

326 1405 467 1471 ξύλα
497 1407 588 1459 καὶ
622 1405 892 1479 φρύγανα,
924 1407 1157 1476 μάλιστα
1203 1405 1469 1460 Ἰουδαίων
1500 1407 1818 1478 προθύμως,
1839 1407 1915 1470 ὡς

327 1498 454 1561 ἔθος
484 1500 687 1562 αὐτοῖς,
720 1501 800 1563 είς
832 1498 989 1552 τοῦτο
1018 1497 1436 1570 ὑπουργούντων
1473 1498 1606 1569 (77).
1642 1499 1803 1552 Ἀλλὰ
1825 1501 1912 1553 ὅτε

323 1590 362 1659 ἡ
417 1589 572 1660 πυρὰ
614 1590 940 1660 ἡτοιμάσθη,
991 1589 1329 1660 ἀποθέμενος
1385 1589 1562 1660 ἑαυτῷ
1612 1590 1808 1643 πάντα.
1840 1590 1913 1643 τὰ

329 1681 544 1752 ἱμάτια,
576 1685 667 1735 καὶ
703 1682 872 1748 λύσας
901 1684 995 1754 τὴν
1024 1683 1220 1753 ζώνην,
1253 1683 1512 1754 ἐπειρᾶτο
1534 1683 1627 1737 καὶ
1661 1683 1912 1737 ὑπολύειν

324 1775 522 1827 ἑαυτὸν
562 1775 694 1844 (78),
738 1776 811 1847 μὴ
852 1775 1114 1847 πρότερον
1155 1774 1312 1827 τοῦτο
1363 1773 1562 1838 ποιῶν,
1606 1773 1694 1827 διὰ
1721 1775 1780 1828 τὸ
1825 1775 1912 1828 ἀεὶ

2023 573 2386 644 quodcunque
2406 572 2670 627 volneris.
2701 590 2720 623 ι
2753 572 2880 627 Haec
2913 582 2968 628 et
2995 574 3098 628 alia
3138 577 3293 644 plura
3313 593 3435 634 cum
3453 581 3606 638 dice-

2023 673 2126 732 ret,
2164 665 2362 721 ﬁducia
2391 665 2553 720 simul
2577 675 2633 720 et
2660 666 2855 736 gaudio
2898 667 3227 737 replebatur,
3261 681 3316 726 et
3348 671 3402 727 in
3451 675 3604 730 vnltn

2021 758 2138 829 ejus
2171 759 2342 828 gratia
2379 758 2626 826 quaedam
2685 759 2982 814 emicabat.
3037 761 3385 834 Tantumque
3433 769 3608 824 abfuit

2020 862 2080 906 ut
2107 853 2174 907 iis
2194 867 2313 922 quae
2336 851 2436 920 ipsi
2468 853 2608 908 dicta
2633 861 2810 918 erant,
2845 854 3066 910 territus
3096 858 3428 917 concideret.
3460 858 3602 928 Quin

2019 952 2206 998 contra
2241 943 2354 1011 ipse
2378 944 2667 1013 proconsul
2697 945 2961 999 attonitus
2987 947 3160 1010 stetit,
3185 949 3439 1018 misitque
3470 967 3607 1019 prte-

2016 1049 2205 1090 conem
2241 1036 2331 1104 qui
2357 1038 2409 1089 in
2447 1036 2625 1090 medio
2654 1037 2830 1092 stadio
2852 1046 2933 1093 ter
2955 1041 3325 1107 pronuntiavit
3351 1060 3364 1096 :
3396 1062 3415 1095 ι
3443 1045 3604 1116 Poly-

2017 1141 2212 1195 carpns
2249 1143 2309 1182 se
2349 1128 2718 1184 Christianum
2785 1146 2906 1187 esse
2957 1131 3235 1200 professus
3295 1147 3395 1191 est.
3437 1151 3454 1183 ι
3485 1139 3602 1205 Quo

2017 1218 2202 1271 audito
2230 1218 2414 1271 statim
2472 1222 2722 1275 universa
2748 1221 3036 1276 multitudo
3078 1226 3358 1295 gentilium
3400 1242 3465 1281 ac
3503 1233 3601 1282 Ju-

2017 1311 2253 1363 daaornm
2280 1310 2371 1379 qui
2424 1309 2712 1381 Smyrnam
2759 1314 3087 1381 incolebant,
3149 1316 3452 1373 incredibili
3508 1320 3598 1373 fn-

2016 1415 2140 1452 rore
2173 1410 2227 1452 et
2259 1399 2463 1469 ingenti
2488 1403 2717 1470 strepitu
2747 1403 3067 1458 acclamavit
3095 1423 3110 1458 :
3154 1425 3173 1458 ι
3199 1405 3296 1462 Hic
3315 1412 3600 1466 estdoclor

2015 1491 2160 1545 Asiae
2183 1502 2235 1544 et
2260 1502 2411 1558 pater
2442 1492 2905 1560 Christianorum,
2937 1511 3162 1552 eversor
3185 1500 3465 1554 numinum
3490 1517 3591 1556 no-

2014 1596 2278 1649 SIrorum,
2326 1588 2416 1656 qui
2452 1587 2636 1642 multis
2683 1591 2928 1659 prtecipit
2964 1607 3032 1645 ne
3081 1592 3410 1659 sacriﬁcent,
3463 1610 3596 1650 neve

2015 1679 2143 1734 deos
2167 1681 2501 1736 immortales
2535 1681 2780 1734 adorent.
2815 1699 2834 1732 ι
2877 1681 3000 1737 litec
3036 1684 3279 1739 dicentes
3335 1685 3595 1741 inclama-
3680 1749 3683 1762 Ι

2014 1771 2165 1835 bant,
2192 1771 2567 1841 rogabantqne
2595 1770 2901 1842 Philippum
2924 1774 3266 1841 Asiarcham,
3291 1786 3350 1831 ut
3381 1777 3592 1832 leonem
3681 1767 3685 1769 ’

323 1866 560 1921 ἕκαστον
593 1868 701 1920 τῶν
757 1867 962 1920 πιστῶν
1015 1864 1358 1930 σπουδάζειν,
1410 1867 1560 1928 ὅστις
1599 1866 1785 1935 τάχιον
1816 1867 1891 1919 to".

2016 1865 2276 1920 adversus
2301 1864 2661 1936 Polycarpnm
2687 1867 2983 1922 emitteret.
3014 1867 3084 1920 At
3122 1869 3210 1924 ille
3265 1873 3478 1940 negavit
3543 1872 3594 1926 id

324 1959 536 2029 χρωτὸς
573 1958 738 2013 αὑτοῦ
773 1959 1069 2030 ἐφάπται.
1119 1959 1208 2011 Ἐν
1242 1958 1405 2011 παντὶ
1423 1957 1532 2027 γὰρ
1565 1956 1776 2026 ἀγαθῆς
1796 1956 1913 2010 ἓνε-

325 2070 422 2105 κεν
467 2053 741 2117 πολιτείας
776 2054 868 2108 καὶ
902 2054 1008 2124 πρὸ
1040 2053 1138 2123 τῆς
1172 2051 1362 2114 πολιᾶς
1404 2050 1744 2120 ἐκεκόσμητο
1777 2048 1908 2120 (79).

325 2137 545 2210 Εὐθέως
579 2142 670 2199 οὖν
705 2144 856 2216 αὐτῷ
900 2143 1237 2216 περιετίθετο
1278 2143 1347 2196 τὰ
1396 2141 1534 2215 πρὸς
1579 2142 1678 2212 τὴν
1730 2141 1909 2212 πυρὰν

321 2239 652 2310 ἡρμοσμένα
704 2240 912 2309 ὄργανα
961 2236 1098 2308 (80).
1138 2235 1454 2290 Μελλόντων
1498 2234 1555 2286 δὲ
1602 2233 1780 2287 αὐτῶν
1814 2234 1906 2285 καὶ

323 2329 632 2400 προσηλοῦν
659 2329 841 2394 αὐτὸν,
867 2324 1016 2382 εἶπεν
1036 2345 1050 2358 ⁶
1089 2347 1107 2380 ι
1152 2325 1354 2395 ’Ἄφετέ
1388 2343 1455 2397 με
1483 2323 1670 2387 οὕτως.
1718 2323 1775 2376 '0
1797 2323 1904 2395 γὰρ

321 2422 502 2488 διδοὺς
537 2423 830 2494 ὑπομεῖναι
871 2421 933 2474 τὸ
970 2419 1102 2492 πῦρ,
1138 2418 1298 2471 δώσει
1334 2417 1428 2471 καὶ
1448 2416 1618 2489 χωρὶς
1647 2417 1747 2487 τῆς
1773 2417 1904 2488 ὑμε-

321 2601 490 2658 Asiae.
519 2599 653 2654 Nam
678 2615 801 2654 cum
830 2599 1016 2654 Asiani
1060 2599 1366 2653 communia
1391 2599 1654 2653 haberent
1683 2600 1900 2669 templa,

321 2688 506 2732 sacra,
550 2672 715 2737 festos
742 2672 877 2730 dies,
923 2682 977 2724 et
1027 2685 1316 2724 commune
1361 2670 1691 2734 concilium,
1747 2685 1898 2724 com-

321 2756 490 2798 mune
535 2744 696 2794 etiam
741 2741 1017 2793 habebant
1068 2742 1248 2809 gentis
1301 2741 1694 2802 sacerdotium,
1753 2742 1894 2808 quod

320 2813 599 2866 asiarchia
640 2811 838 2864 dicitur
873 2812 924 2862 in
959 2809 1112 2863 libris
1138 2810 1684 2880 jurisaEligehantur
1719 2820 1899 2863 autem

323 2883 593 2936 asiam-hae
644 2881 745 2934 hoc
773 2881 953 2933 modo.
985 2879 1221 2950 Singulae
1249 2879 1408 2934 nrbes
1433 2881 1575 2934 Asim
1613 2881 1766 2933 initio
1801 2896 1904 2933 cu-

315 2955 520 3023 jusque
553 2952 702 3011 anni,
737 2951 787 3004 id
824 2960 925 3023 _est
974 2951 1072 3023 sub
1121 2952 1506 3019 aequinoctium
1559 2950 1897 3023 autumnale,

322 3020 645 3077 concionem
679 3021 974 3080 habebant,
1018 3021 1199 3088 inqua
1239 3036 1401 3072 unum
1429 3037 1496 3073 ex
1543 3020 1659 3074 suis
1687 3020 1899 3074 civibus

321 3093 629 3147 asiarcltam
681 3093 1068 3153 nominabant;
1123 3091 1330 3159 legatos
1360 3090 1559 3144 deinde
1608 3091 1899 3144 mittebant

321 3165 388 3215 ad
444 3176 734 3216 commune
796 3162 974 3230 gentis
1020 3164 1334 3223 concilium,

321 3234 415 3299 qui
450 3233 591 3284 donti
620 3228 822 3284 electus
875 3231 1051 3284 fuerat
1097 3228 1497 3284 renuntiarent.
1555 3229 1689 3283 Tum
1737 3228 1894 3284 σύνε-

317 3304 441 3374 δροι
475 3318 539 3355 ex
575 3303 827 3374 omnibus
862 3301 929 3354 iis
969 3315 1108 3374 quos
1151 3301 1379 3374 singula:
1427 3301 1675 3374 civitates
1721 3299 1897 3374 asin-

320 3371 458 3426 chas
490 3372 928 3433 nominaverant,
960 3373 1142 3425 decem
1169 3371 1386 3424 circiter
1402 3371 1698 3440 eligebant.
1731 3371 1896 3426 Docet

321 3444 376 3496 id
406 3444 676 3496 Aristides
705 3442 755 3493 in
787 3452 980 3508 quarta
1016 3441 1318 3494 orationum
1363 3456 1657 3506 sacrarum,
1708 3442 1798 3494 nhi
1835 3457 1895 3496 se

322 3515 543 3566 tertium
577 3523 669 3564 aut
696 3520 947 3577 quartum
989 3513 1291 3564 asiarcham
1327 3527 1355 3563 a
1397 3512 1663 3581 syncdris,
1706 3511 1758 3564 id
1786 3522 1890 3576 est,

321 3599 350 3635 a
380 3583 656 3635 counuuni
699 3584 841 3634 Asia:
893 3582 1117 3635 consilio
1165 3582 1506 3651 designatum
1564 3597 1687 3634 esse
1736 3583 1888 3637 dit-it.

321 3653 430 3706 Sed
469 3652 750 3705 dillicultas
787 3663 891 3713 est,
924 3661 1100 3704 utrum
1145 3652 1198 3706 hi
1251 3666 1438 3704 omnes
1466 3653 1557 3719 qui
1593 3653 1646 3704 iu
1678 3653 1892 3720 publico

317 3725 470 3777 Asiae
499 3723 726 3776 concilio
759 3723 1025 3790 designati
1060 3724 1297 3786 Inerant,
1331 3723 1489 3775 simul
1524 3724 1887 3776 sacerdotimn

321 3795 720 3860 gesserintzau
746 3808 876 3846 vero
916 3807 1054 3845 unus
1099 3794 1358 3845 duntaxat
1392 3792 1551 3844 fuerit
1616 3793 1885 3845 asiarcha.

316 3864 514 3916 Plures
541 3864 758 3929 quidem
792 3862 959 3916 fuisse
985 3864 1278 3929 quotannis
1338 3863 1612 3916 asiarchas
1659 3861 1888 3915 allirmat

317 3932 438 3990 Jac.
489 3934 738 3988 Usserins
801 3934 1194 3996 Armachanus,
1230 3946 1294 3985 eo
1335 3931 1475 3999 quod
1527 3936 1576 3985 in
1625 3947 1746 3998 cap.
1795 3948 1886 3987 nux

317 4008 550 4057 Actuum
576 4002 963 4069 apostolorum,
989 4003 1169 4070 plures
1200 4014 1573 4055 memorantur
1627 4002 1886 4057 asiam-hae

317 4075 560 4127 suasisse
595 4074 757 4126 Pattlo
786 4088 853 4126 ne
898 4074 947 4125 in
989 4075 1256 4126 theatrum
1311 4072 1662 4139 Ephesiorum
1699 4075 1885 4140 prodi-

316 4156 424 4198 ret.
465 4143 572 4197 Sed
602 4144 753 4195 locus
788 4144 875 4194 ille
900 4145 1130 4195 Actuum
1176 4142 1308 4195 nihil
1354 4143 1567 4210 probat.
1611 4141 1887 4198 Asiarchae

314 4215 462 4266 enim
492 4215 603 4267 illic
637 4223 899 4266 vocantur
924 4213 1013 4280 qui
1037 4213 1336 4266 Asiarchite
1361 4214 1724 4266 sacerdotium
1759 4229 1884 4281 ges-

314 4296 524 4347 serant,
550 4299 616 4338 eo
647 4284 804 4351 plane
837 4286 998 4336 modo
1025 4299 1132 4351 quo
1160 4287 1447 4351 pontilices
1482 4283 1793 4335 .lndaeorum
1830 4285 1883 4338 in

315 4353 612 4420 Evangelio
662 4355 942 4411 dicuntur.
976 4363 1246 4421 quotquot
1299 4353 1674 4421 pontiﬁcatum
1724 4364 1884 4406 antea

312 4426 858 4477 administraverant.
905 4423 1020 4490 Ego
1049 4438 1178 4477 vero
1223 4423 1476 4477 libentius
1530 4423 1881 4488 crediderim,

316 4510 483 4547 unum
529 4498 789 4547 duntaxat
819 4492 983 4546 fuisse
1023 4495 1313 4560 quotannis
1353 4494 1677 4547 asiarcham.
1730 4491 1883 4546 Licet

311 4568 458 4617 enim
499 4565 681 4632 plures
718 4581 746 4617 a
775 4565 1024 4634 syucdris
1064 4564 1332 4633 designari
1359 4565 1619 4625 solerent,
1659 4563 1712 4615 id
1740 4565 1878 4617 forte

312 4637 500 4696 tiehat,
537 4645 595 4688 nt
624 4650 690 4688 ex
722 4650 910 4688 eorum
938 4649 1161 4687 numero
1192 4649 1354 4686 unum
1379 4635 1612 4702 aliquem
1650 4649 1878 4702 procon-

313 4707 395 4757 sul
429 4705 705 4759 ltomauns
743 4705 989 4772 eligeret,
1028 4705 1488 4772 quemadmodum
1547 4707 1612 4755 de
1666 4706 1878 4756 ireuar-

309 4777 428 4828 chis
456 4776 574 4828 ﬁeri
623 4776 839 4828 solitum
885 4789 1004 4829 esse
1054 4776 1218 4843 tradit
1265 4773 1534 4828 Aristides
1583 4774 1637 4826 in
1685 4776 1874 4827 eadem

308 4849 576 4899 oratione.
610 4845 799 4900 Potuit
823 4848 984 4898 etiam
1013 4845 1062 4897 id
1093 4845 1337 4898 consulto
1359 4844 1477 4897 ﬁeri
1521 4861 1550 4898 a
1601 4845 1872 4912 synedris,

309 4917 441 4967 utsi
481 4917 619 4968 [orte
649 4917 694 4969 is
737 4917 827 4984 qui
873 4916 1080 4984 primus
1141 4914 1386 4968 asiarcha
1429 4917 1497 4968 ab
1529 4917 1661 4984 ipsis
1697 4913 1874 4967 fuerat

307 4987 644 5054 designatus,
687 4985 798 5038 fato
841 4989 1168 5040 concederet
1221 4985 1534 5053 priusquam
1581 4986 1870 5039 sacerdOtii

308 5056 389 5107 sui
428 5071 624 5109 munus
659 5057 947 5124 explesset,
972 5060 1110 5108 alter
1143 5059 1389 5123 essetqui
1421 5055 1539 5124 ejus
1567 5055 1745 5108 locum
1774 5071 1871 5108 ex-

307 5129 500 5192 pleret.
561 5125 734 5180 Unum
791 5140 951 5193 porro
996 5124 1166 5179 fuisse
1208 5128 1500 5194 quotannis
1566 5127 1870 5179 asiarcliam

305 5206 534 5264 apparet
562 5212 630 5250 ex
671 5196 777 5250 line
809 5199 965 5263 huius
1005 5197 1268 5265 epistolae,
1301 5199 1388 5248 ubi
1427 5196 1755 5266 Polycarpus
1790 5195 1871 5247 dt-

304 5270 447 5319 t~itur
473 5281 666 5334 passus
695 5282 813 5321 esse
843 5271 942 5320 sub
975 5267 1218 5335 Philippo
1257 5267 1530 5330 asiarcha,
1549 5267 1869 5334 proconsule

302 5348 485 5389 autem
521 5338 662 5391 Asia:
695 5336 870 5391 Statio
899 5336 1199 5402 Quadrato.
1233 5337 1366 5391 Nam
1406 5344 1450 5391 si
1497 5339 1677 5403 plures
1711 5346 1870 5389 erant

303 5409 586 5474 asiarchee,
631 5425 735 5462 non
778 5424 917 5462 unus
960 5410 1334 5462 tantummodo
1373 5407 1640 5461 nominari
1661 5408 1864 5460 debuit.

301 5476 474 5531 Porro
497 5481 648 5533 valde
681 5495 971 5534 onerosum
1002 5489 1119 5533 erat
1149 5480 1254 5533 hoc
1285 5480 1672 5539 sacerdotium,
1702 5488 1866 5546 atque

302 5549 506 5604 idcirco
539 5551 752 5604 nonnisi
786 5550 1155 5618 opulentiores
1187 5552 1254 5603 ad
1281 5549 1334 5603 id
1368 5551 1664 5617 gerendum
1700 5549 1866 5615 elige-

301 5620 516 5674 bantur.
542 5619 681 5674 Hinc
705 5628 788 5674 est
821 5623 964 5688 quod
1005 5618 1201 5674 Strabo
1252 5622 1527 5683 observat,
1588 5619 1865 5672 asiart-has

299 5691 412 5758 tere
439 5706 507 5743 ex
536 5689 827 5746 'l'ralliauis
849 5692 1164 5758 desumptos
1189 5688 1376 5756 fuisse,
1406 5699 1692 5758 propterea
1719 5689 1862 5756 quod

300 5757 417 5830 ejus
449 5763 600 5814 urbis
630 5762 778 5816 cives
820 5763 986 5815 totius
1025 5757 1167 5816 Asiae
1212 5757 1608 5830 0pu|entissimi
1657 5768 1859 5813 essent.

300 5827 413 5884 hau
455 5833 629 5888 solius
677 5841 858 5887 autem
903 5833 1072 5901 Λείας,
1121 5833 1215 5888 sed
1248 5827 1590 5903 _generaliter
1621 5830 1860 5886 omnium

1403 3161 1492 3229 qui
1537 3175 1729 3243 agmen
1780 3161 1897 3243 ejus
1926 3186 1966 3243 ρ

2015 1955 2115 2009 sibi
2167 1956 2352 2022 licere,
2394 1957 2550 2026 133
2608 1961 2805 2028 quippe
2834 1959 2925 2028 qui
2982 1959 3435 2029 amphitheatrale
3479 1977 3595 2030 spe-

2013 2047 2283 2101 ctaculum
2334 2048 2446 2116 jam
2508 2050 2788 2105 edidisset.
2852 2050 3003 2105 Tunc
3060 2067 3250 2106 omnes
3313 2069 3419 2108 uno
3457 2069 3591 2109 con-

2011 2153 2171 2194 sensu
2205 2140 2599 2208 acclamarunt,
2636 2151 2696 2196 nt
2738 2142 3069 2213 Polycarpns
3112 2145 3266 2200 vivus
3303 2147 3593 2202 combure-

2010 2241 2181 2286 retur.
2209 2229 2442 2287 Necesse
2475 2232 2617 2285 enitn
2647 2243 2766 2286 erat
2791 2244 2849 2287 nt
2879 2235 3015 2289 visio
3052 2235 3165 2299 illa,
3198 2251 3357 2304 quam
3388 2238 3440 2291 in
3473 2253 3592 2292 cer-

2011 2321 2170 2375 vicali
2216 2323 2441 2384 viderat,
2499 2324 2860 2392 impleretur,
2914 2336 3044 2381 tunc
3087 2343 3207 2380 cum
3246 2329 3388 2383 inter
3427 2345 3588 2383 oran-

2010 2417 2141 2468 dum
2165 2414 2254 2470 illo
2295 2415 2487 2470 ardere
2511 2416 2648 2482 viso,
2685 2419 2751 2470 ad
2789 2417 2986 2472 fratres
3010 2420 3100 2487 qui
3134 2419 3306 2488 ipsum
3362 2422 3590 2475 comita-

2012 2599 2420 2672 provinciarum
2468 2600 2786 2672 sacerdotes
2844 2613 3069 2653 munera
3113 2600 3363 2672 edebant.
3398 2603 3585 2672 Augu-

2007 2671 2184 2723 stinus
2213 2670 2262 2721 in
2287 2670 2514 2738 epistola
2549 2670 2603 2729 5,
2638 2673 2701 2722 de
2725 2671 2951 2737 Apuleio
2984 2671 3208 2736 loquens
3242 2689 3254 2722 :
3289 2671 3389 2735 Qui
3413 2670 3586 2724 sacer-

2008 2741 2102 2792 dos
2133 2741 2413 2806 provincite
2445 2756 2538 2807 pro
2571 2757 2760 2804 magno
2795 2741 2917 2808 fuit.
2956 2751 3009 2793 ut
3033 2758 3250 2793 munera
3291 2752 3459 2792 ederet
3501 2759 3584 2795 ve-

2007 2821 2318 2874 natoresque
2347 2813 2579 2873 vestiret,
2612 2820 2659 2862 et
2693 2827 2788 2876 pro
2815 2823 2994 2864 statua
3031 2813 3130 2862 sibi
3172 2813 3312 2878 apud
3357 2810 3580 2866 Coenses

2005 2879 2256 2938 locanda,
2286 2895 2350 2931 ea:
2383 2897 2487 2948 qua
2529 2882 2735 2932 civitate
2773 2882 2993 2934 habebat
3049 2896 3288 2940 uxorem,
3331 2887 3581 2934 adversus

2004 2951 2472 3003 contradictionem
2522 2951 2869 3017 quorumdam
2927 2952 3120 3002 ciuium
3170 2951 3426 3014 Iitiqaret.
3476 2952 3576 3007 Ubi

2002 3020 2182 3072 obiter
2217 3035 2413 3072 moueo
2462 3020 2808 3073 scribendum
2843 3036 2965 3074 esse
2993 3021 3133 3081 apud
3179 3019 3394 3074 Oenses.
3435 3021 3580 3076 Uxor

2003 3089 2146 3142 enim
2179 3089 2605 3156 Apuleiieratex
2640 3087 2747 3144 Oea
2785 3091 2915 3144 urbe
2954 3089 3169 3145 Africzc.
3203 3091 3276 3144 Ex
3307 3093 3390 3146 his
3420 3093 3580 3145 Intel-

2003 3159 2185 3228 ligitnr
2205 3175 2304 3212 cur
2335 3170 2617 3227 tantOpere
2642 3160 2967 3215 laboraverit
2987 3161 3273 3228 Aristides,
3293 3174 3340 3213 ut
3367 3164 3580 3230 publico

2000 3231 2144 3281 Asiae
2169 3230 2475 3283 sacerdotio
2513 3230 2857 3284 liberaretur.
2903 3232 3112 3297 Quippe
3163 3232 3212 3283 id
3270 3248 3407 3287 onus
3457 3246 3579 3287 erat

1997 3303 2402 3367 gravissnnum,
2427 3316 2550 3354 cum
2586 3302 2861 3355 asiarchaz
2878 3305 2943 3355 ad
2975 3302 3264 3355 editionem
3295 3319 3575 3357 munerum

1997 3373 2520 3430 constringerentur.
2547 3370 2907 3424 Philostratus
2944 3374 2994 3423 in
3032 3372 3346 3432 Scupeliauo
3374 3373 3560 3440 Sophi-

1994 3452 2116 3492 sta:
2158 3441 2470 3512 Ἀρχιερεὺς
2525 3442 2622 3512 μὲν
2654 3442 2872 3509 ἐγένετο
2911 3443 3011 3512 τῆς
3054 3442 3236 3512 Ἀσίας
3281 3443 3439 3506 αύτός
3491 3461 3573 3506 τε,

1995 3511 2088 3583 καὶ
2120 3511 2375 3583 πρόγονρι
2425 3511 2614 3583 αὐτοῦ,
2653 3515 2780 3574 παῖς
2809 3515 2901 3583 ex,
2929 3511 3153 3583 stati:pr
3175 3512 3386 3575 πάντες.
3426 3515 3485 3567 Ὀ
3516 3513 3574 3566 δὲ

1995 3577 2252 3654 στέφανος
2272 3577 2449 3654 γοῦτοςί
2464 3582 2649 3645 πολὺς,
2690 3582 2955 3654 καὶὺπὲρ
2987 3577 3196 3654 πολλῶν
3241 3584 3568 3654 χρημάτων.

1995 3651 2046 3702 ΙιΙ
2080 3665 2162 3705 cst
2204 3670 2216 3703 :
2259 3653 2511 3720 Pontifex
2535 3654 2673 3704 Asiu'
2697 3671 2785 3703 seu
2826 3651 3073 3704 asiurcha
3101 3653 3200 3720 [ut
3233 3651 3427 3718 ipse-ret
3458 3673 3573 3706 ma-

1983 3721 2131 3789 jores
2160 3724 2294 3788 ejus,
2332 3723 2403 3773 ita
2457 3734 2510 3774 ut
2545 3723 2792 3774 continua
2821 3725 2952 3773 serie
2977 3724 3121 3788 ﬁlius
3147 3725 3285 3787 patri
3321 3727 3572 3776 succede:

1997 3804 2092 3845 ret.
2133 3791 2225 3844 It'st
2255 3802 2429 3843 autem
2459 3791 2619 3858 hujus
2639 3792 2922 3843 sacerdotii
2953 3792 3117 3845 Itonos
3139 3808 3244 3844 non
3266 3795 3566 3857 mediocris,

1991 3877 2084 3913 nec
2109 3863 2360 3914 mediocri
2383 3865 2604 3926 pecmita
2637 3869 2864 3914 constat.

2059 3932 2169 4013 (77)
2205 3931 2506 4013 Eiqfoﬁto
2532 3931 3015 4013 ὺ-ξῑοιιργούχζων.
3068 3929 3339 4011 Ιιι.ιι-11›ιιε
3368 3935 3568 3988 nostris

1988 3999 2270 4055 codicibus
2296 4001 2520 4058 Mazar.,
2558 4001 2698 4055 Med.
2733 4013 2785 4054 et
2821 3999 3010 4054 Fnket.
3046 4001 3307 4066 scriptum
3338 4014 3447 4068 est,
3485 4008 3566 4069 είς

1988 4071 2160 4126 ταῦτα
2204 4070 2641 4142 ὑπουργούντων,
2673 4073 3130 4142 quemadmoihtm
3165 4071 3326 4142 etiam
3369 4074 3566 4142 legitur

1989 4143 2041 4195 in
2071 4139 2475 4210 exemplaribus
2506 4145 2701 4211 quibus
2729 4158 2857 4195 usus
2897 4151 2980 4196 est
3023 4139 3140 4194 Jac.
3180 4139 3564 4196 Usscrius'Ar-

1989 4216 2311 4268 machanus.
2343 4213 2593 4266 llulinnm
2626 4229 2842 4281 quoque
2877 4213 2948 4266 ita
2984 4212 3176 4282 legisse
3199 4228 3263 4267 ex
3295 4213 3410 4282 ejus
3445 4229 3565 4266 ver-

1989 4286 2145 4338 sione
2179 4294 2422 4352 apparet,
2460 4285 2549 4335 Sic
2598 4285 2742 4335 enim
2794 4281 3185 4351 interpretatur
3231 4301 3244 4336 :
3287 4281 3563 4353 Prwcipue

1984 4353 2186 4406 Jutla’is
2210 4354 2481 4406 ardentius
2513 4355 2567 4406 in
2600 4353 2712 4405 lucc
2729 4369 2792 4406 ea:-
2820 4369 2963 4405 more
2994 4353 3329 4422 ferventibus.

2057 4425 2166 4494 (78)
2215 4424 2522 4494 Ὑπολύειν
2549 4423 2786 4476 ἑαυτόν.
2822 4423 3138 4494 llujnsntodi
3175 4423 3418 4484 .ollicittm
3445 4424 3563 4493 epi-

1986 4493 2166 4560 scopis
2210 4505 2264 4549 et
2294 4493 2704 4548 coul‘essorihus
2756 4507 3014 4562 praisnare
3055 4493 3300 4551 solebant
3349 4505 3563 4548 veteres

1985 4565 2307 4618 Christiani.
2335 4564 2424 4618 Sic
2467 4566 2518 4618 iu
2553 4563 2810 4617 Passione
2855 4562 3144 4621 Ftttctuosi
3192 4565 3430 4632 t-pismpi
3485 4563 3560 4617 le-

1978 4636 2158 4704 gimus
2194 4651 2205 4682 :
2241 4634 2370 4688 Cum
2399 4636 2615 4687 venisset
2655 4639 2722 4686 ad
2764 4636 3242 4700 amphitheatrum,
3267 4635 3448 4686 statim
3489 4635 3558 4687 ad

1977 4722 2094 4756 eum
2121 4709 2334 4758 accessit
2367 4705 2676 4773 Augustalis
2711 4721 2921 4776 nomine
2951 4706 3113 4756 lector
3148 4708 3409 4776 ejusdem,
3438 4720 3557 4757 cum

1976 4777 2184 4843 ﬂetibus
2216 4786 2520 4842 deprecans,
2555 4786 2606 4827 ut
2635 4791 2750 4826 eum
2777 4775 3107 4828 excalciaret.

2049 4845 2158 4914 (79)
2193 4845 2314 4913 Πρὸ
2350 4843 2460 4913 τῆς
2499 4843 2716 4911 πολιᾶς
2749 4844 3417 4914 ἐκεκόσμητολιιιιεῑιιιια
3449 4861 3553 4898 vox

1977 4930 2042 4969 eo
2063 4919 2281 4984 quidem
2311 4932 2495 4979 sensu,
2549 4933 2646 4985 pro
2691 4931 2756 4968 eo
2787 4919 2928 4982 quod
2979 4918 3070 4969 alii
3109 4921 3352 4970 dicerent
3393 4917 3560 4969 ἐτετί-

1978 5003 2135 5058 μητο.
2167 4988 2236 5038 Αι
2269 4985 2609 5053 Nicephorus
2638 5001 2761 5039 cum
2797 4988 2911 5038 haec
2936 5002 3050 5058 non
3093 4987 3438 5058 intelligeret,
3479 4988 3558 5058 lo-

1976 5055 2098 5130 cum
2151 5057 2508 5130 interpolavit
2552 5059 2652 5130 hoc
2689 5059 2846 5130 modo
2877 5071 2890 5107 :
2934 5057 3136 5130 Ἀγαθῇ
3169 5056 3277 5127 γὰρ
3310 5055 3558 5122 πολιτείᾳ.

1975 5128 2067 5180 καὶ
2095 5127 2201 5199 πρὸ
2225 5127 2325 5198 τῆς
2353 5127 2542 5190 πολιᾶς
2572 5125 2930 5196 ἐκεκόσμητο.
2962 5130 3016 5199 In
3053 5125 3344 5199 Usscriana
3371 5137 3552 5199 autem

1974 5198 2214 5253 editione
2259 5203 2410 5252 l()t'US
2461 5200 2744 5251 localiter
2779 5198 3136 5266 interpolatus
3179 5208 3263 5252 est
3317 5198 3368 5249 in
3409 5198 3554 5251 hunc

1975 5270 2190 5339 modum
2224 5285 2236 5320 :
2279 5269 2375 5339 Ἐν
2395 5269 2556 5320 παντὶ
2584 5267 2693 5338 γὰρ
2723 5266 2893 5337 καλῷ,
2941 5269 3150 5339 ἀγαθῆς
3181 5268 3368 5321 ἕνεκεν
3402 5267 3551 5321 πολι-

1971 5338 2141 5410 τείας,
2168 5340 2261 5392 καὶ
2287 5338 2516 5410 πρὸτῆς
2551 5339 2860 5410 μαρτυρίας
2891 5338 3250 5410 ἐκεκόσμητο.

2043 5409 2155 5477 (80)
2198 5411 2274 5463 Τὰ
2313 5408 2462 5476 πρὸς
2509 5408 2638 5476 τὴν
2675 5408 2873 5476 πυρὰν
2905 5408 3255 5480 ἡρμοσμένῃ
3302 5408 3544 5478 ὄργανα.

1971 5481 2233 5533 Tunicam
2266 5484 2548 5532 moleStaiu
2586 5481 2849 5548 intelligo,
2891 5483 3010 5545 pice
3043 5500 3105 5532 ac
3139 5483 3402 5533 bitumine
3441 5481 3550 5532 illi-

1972 5563 2102 5619 tam,
2139 5555 2207 5603 de
2240 5566 2343 5619 qua
2373 5549 2655 5603 Juvenalis
2681 5550 3247 5618 ejusquescholiastcs
3281 5552 3522 5617 loquitur

1974 5618 2100 5674 i.em
2133 5618 2312 5688 palum
2334 5636 2426 5674 seu
2460 5623 2700 5687 stipitem
2721 5625 2786 5672 ad
2813 5637 2973 5689 quem
3005 5623 3366 5689 alligabautur
3390 5636 3540 5673 com-

1968 5692 2191 5745 bureudi
2226 5706 2240 5742 :
2274 5691 2507 5757 denique
2542 5691 2724 5743 clavos
2748 5707 2812 5743 ac
2843 5690 3017 5756 funes,
3049 5702 3108 5746 ut
3145 5691 3330 5746 videre
3361 5699 3445 5745 est
3482 5691 3539 5744 in

1966 5764 2113 5815 Actis
2146 5761 2321 5815 Pionii
2353 5761 2632 5828 martyris,
2667 5762 2765 5815 sub
2791 5760 2976 5816 tinctu.
