4016 6260
474 280 586 353 3‘55

1180 293 1452 352 EUSEBII
1491 290 1979 352 CIESARIENSIS
2017 290 2168 348 OPP.
2208 286 2395 343 PARS
2427 286 2470 344 l.
2510 318 2580 330 —
2618 286 3010 345 HISTORICA.

3614 292 3720 348 ωε

470 414 670 471 bantur
693 427 1008 481 conversus,
1036 414 1349 484 prophetico
1380 415 1570 482 spiritu
1602 415 1737 470 dixit
1759 432 1782 479 ι
1803 435 1821 468 ι
1846 412 2020 468 Vivun

2141 407 2305 481 τέρας
2333 411 2397 463 ἐκ
2419 409 2527 462 τῶν
2553 408 2696 481 ἥλων
2716 409 3032 479 ἀσφαλείας,
3056 409 3336 474 ἀσκύλτως
3357 410 3632 481 ἐπιμεῖναι
3655 416 3725 483 τῇ

404 517 409 525 ·
470 519 557 558 me
587 505 831 557 comburi
872 515 1104 573 Oportet.
1147 522 1166 555 ι
1199 505 1464 559 Caeterum
1496 505 1609 560 haec
1670 522 1776 560 nou
1805 508 1966 562 cilius
2010 523 2039 560 a

468 596 663 665 populo
693 596 838 649 dicta
865 612 1022 664 quem
1048 596 1186 650 facta
1217 606 1364 660 sunt,
1403 598 1616 650 cunctis
1661 597 1798 668 ligna
1832 609 1888 653 et
1919 615 2040 654 sar-

468 698 649 741 menta
685 690 877 755 partim
907 704 971 741 ex
1004 688 1247 753 olIieinis,
1280 690 1476 757 partim
1516 704 1582 743 ex
1628 689 1831 746 balneis
1861 691 2037 745 incre-

464 777 618 831 dibili
645 777 924 831 celeritate
950 782 1419 846 cauqmrtautilms
1437 803 1465 841 ,’
1484 783 1752 851 praecipue
1797 798 1924 836 vero
1946 782 2039 837 Ju-

467 868 597 921 daeis
628 870 790 922 alacri
823 871 1025 931 animo,
1065 882 1125 923 ut
1171 872 1364 932 solent.
1409 888 1630 942 operam
1683 890 1834 927 suam
1876 874 1928 927 in
1986 874 2037 928 id

466 960 895 1015 conferentibus.
974 963 1263 1018 Exstructo
1312 964 1474 1032 igitur
1512 981 1639 1034 rogo
1688 965 2035 1038 Polycarpus,

466 1054 613 1107 οηιυί
677 1067 824 1107 veste
876 1057 1138 1123 deposita,
1172 1073 1236 1110 ac
1293 1059 1469 1112 soluto
1522 1058 1762 1129 cingulo,
1824 1061 2038 1115 calceos

464 1146 626 1199 etiam
656 1148 759 1199 sibi
813 1148 926 1216 ipse
968 1148 1253 1202 detrahere
1307 1152 1570 1215 leutabat,
1619 1152 1762 1220 quod
1819 1151 2034 1219 quidem

463 1249 619 1292 antea
654 1240 833 1294 facere
858 1242 1080 1296 minime
1108 1255 1467 1297 consueverat
1500 1262 1514 1297 :
1552 1245 1751 1313 quippe
1776 1259 1898 1297 eum
1919 1244 2034 1297 siu-

464 1330 571 1400 guli
615 1332 846 1385 ﬁdelium
873 1333 1110 1401 quotidie
1134 1336 1277 1389 inter
1308 1350 1367 1389 se
1399 1335 1684 1390 ambitiose
1737 1346 2029 1399 certarent,

462 1425 711 1491 quisnam
746 1424 891 1490 prior
934 1428 1176 1492 cnrporis
1225 1428 1393 1494 ipsius
1438 1438 1614 1482 cutem
1670 1427 2028 1497 contingeret.

462 1513 692 1583 Semper
718 1518 889 1581 enim,
917 1521 1078 1570 etiatn
1120 1529 1245 1573 ante
1289 1520 1576 1583 canitiem,
1634 1521 1703 1574 ob
1746 1520 2030 1574 sanctioris

458 1608 584 1662 vita:
621 1613 952 1664 honestatem
995 1610 1063 1663 ab
1112 1612 1366 1666 onmibus
1412 1613 1589 1667 cultus
1636 1610 1836 1669 fuerat.
1911 1612 2029 1666 Mox

456 1701 804 1767 circumjecta
830 1712 955 1755 sunt
999 1703 1048 1756 ei
1098 1702 1479 1769 instrumenta,
1515 1718 1637 1772 quze
1693 1704 1760 1756 ad
1811 1701 2028 1757 feralem

2143 503 2310 574 πυρᾷ.
2355 520 2374 553 ›
2408 503 2469 555 Οἱ
2514 501 2570 555 δὲ
2594 504 2655 556 οὐ
2697 502 3050 573 καθήλωσαν,
3085 503 3425 574 προσέδησαν
3450 504 3507 557 δὲ
3538 506 3724 559 αὐτόν.

2153 593 2212 646 '0
2227 592 2283 646 δὲ
2303 594 2475 647 ὀπίσω
2494 592 2592 656 τὰς
2612 596 2799 665 χεῖρας
2820 595 3072 665 ποιήσας,
3094 594 3187 647 καὶ
3204 595 3517 666 προσδεθεὶς
3533 595 3727 669 ὥσπερ

2141 684 2293 756 κριὸς
2335 684 2603 755 ἐπίσημος
2650 686 3053 757 ἀναφερόμενος
3095 688 3159 739 ἐκ
3194 688 3429 757 μεγάλου
3471 692 3725 761 ποιμνίου

2140 778 2498 849 ὁλοκαύτωμα
2531 779 2718 832 δεκτδν
2772 778 2889 849 Θεῷ
2923 781 3347 852 παντοκράτορι,
3375 777 3560 836 εἶπεν
3594 803 3612 835 t
3662 783 3725 837 '0

2138 870 2231 924 τοῦ
2263 870 2545 942 ἀγαπητοῦ
2579 872 2672 924 καὶ
2704 871 2995 942 εὐλογητοῦ
3026 872 3220 936 Παιδός
3250 890 3341 926 σου
3387 875 3561 944 Ἰησοῦ
3589 877 3727 947 Χρι-

2138 963 2264 1015 στοῦ
2291 963 2497 1032 Πατὴρ,
2523 961 2586 1015 δι’
2616 958 2676 1016 οὐ
2696 962 2792 1034 τὴν
2820 965 2946 1035 περὶ
2978 964 3035 1017 σὲ
3065 964 3357 1034 ἐπίγνωσιν
3386 967 3720 1036 εἰλήφαμεν,

2137 1056 2165 1108 ὁ
2198 1055 2329 1119 Θεὸς
2368 1056 2615 1124 ἀγγέλων
2655 1058 2747 1109 καὶ
2793 1055 3096 1127 δυνάμεων,
3132 1058 3226 1111 καὶ
3256 1059 3437 1128 πάσης
3474 1060 3572 1130 τῆς
3605 1059 3727 1113 κτίο

2140 1163 2295 1209 σεως,
2338 1147 2537 1211 παντός
2583 1164 2640 1200 τε
2682 1146 2776 1201 τοῦ
2812 1147 3000 1215 γένους
3047 1146 3155 1200 τῶν
3198 1148 3420 1201 δικαίων
3454 1148 3503 1201 οἳ
3553 1148 3724 1219 ζῶσιν

2136 1238 2363 1292 ἐνώπιόν
2396 1257 2509 1302 σου,
2547 1239 2752 1309 εὐλογῶ
2795 1258 2853 1293 σε
2890 1241 2972 1292 ὅτι
3002 1240 3238 1310 ὴξίωσάς
3274 1259 3341 1311 με
3375 1241 3473 1311 τῆς
3505 1243 3723 1313 ἡμέρας

2136 1330 2232 1384 καὶ
2268 1330 2418 1403 ὥρας
2450 1330 2675 1402 ταύτης,
2725 1331 2819 1384 τοῦ
2852 1331 3036 1385 λαϐεῖν
3077 1331 3242 1404 μέρος
3278 1333 3335 1385 ἐν
3360 1333 3580 1405 ἀριθμῴ
3609 1334 3723 1388 τῶν

2138 1425 2448 1497 μαρτύρων,
2482 1428 2540 1479 ἐν
2577 1425 2656 1495 τῷ
2688 1427 2932 1498 ποτηρίῳ
2962 1424 3054 1480 τοῦ
3109 1426 3345 1499 Χριστοῦ
3372 1428 3450 1491 εἰς
3482 1429 3723 1482 ἀνάστα-

2136 1532 2219 1568 σιν
2252 1515 2393 1585 ζωῆς
2416 1515 2633 1569 αἰωνίου
2662 1516 2839 1588 ψυχῆς
2858 1534 2918 1570 τε
2940 1516 3035 1570 καὶ
3065 1516 3333 1588 σώματος,
3357 1520 3414 1570 ἐν
3437 1519 3723 1592 ἀφθαρσίᾳ

2135 1607 2451 1679 Πνεύματος
2484 1609 2663 1676 ἁγίου·
2705 1610 2763 1663 ἐν
2801 1604 2882 1673 οἷς
2919 1608 3300 1680 προσδεχθείην
3344 1610 3574 1663 ἐνώπιόν
3621 1628 3720 1665 σου

2135 1702 2372 1772 σήμερον
2401 1703 2458 1754 ἐν
2492 1699 2654 1772 θυσίᾳ
2685 1702 2828 1754 πιόνι
2861 1703 2953 1755 καὶ
2980 1702 3306 1773 πῳσδεκτῇ,
3339 1701 3521 1766 καθὼς
3554 1721 3722 1776 προη-

456 1808 646 1860 rogum
680 1807 934 1864 apparata
964 1796 1194 1851 fuerant.
1255 1797 1500 1866 Cumque
1533 1809 1657 1850 eum
1705 1796 1874 1850 clavis
1922 1794 2020 1848 alii

2134 1793 2401 1864 τοίμασας
2450 1792 2881 1867 προφανερώσας
2926 1794 3022 1847 καὶ
3074 1793 3369 1867 πληρώσας
3401 1799 3429 1851 ὁ
3474 1798 3717 1870 ἀψευδὴς

454 1901 581 1954 gere
606 1888 770 1940 etiam
799 1889 1043 1943 Vellent:
1078 1909 1096 1942 ι
1130 1888 1306 1942 Sinite
1341 1903 1449 1955 me,
1485 1888 1678 1957 inquit.
1729 1887 1828 1954 Qui
1881 1889 2028 1942 enim

458 1979 588 2033 mihi
608 1983 753 2034 vires
774 1981 865 2035 dat
892 1982 957 2035 ad
982 1982 1123 2053 ignis
1154 1980 1475 2049 supplicium
1504 1978 1716 2034 fortiter
1751 1980 2031 2035 suStineu-

454 2071 604 2139 dum,
638 2073 776 2128 idem
805 2075 971 2138 dabit,
995 2083 1054 2128 ut
1074 2075 1325 2128 immatus
1356 2087 1485 2141 rogo
1509 2072 1805 2127 insistam.»
1839 2072 2032 2126 Proin-

457 2165 526 2219 de
555 2165 775 2220 omissis
797 2166 991 2231 clavis,
1024 2164 1255 2220 vinculis
1290 2165 1561 2220 duntaxat
1593 2179 1716 2219 eum
1755 2165 2031 2220 astrinxe-

458 2265 604 2311 runt.
635 2258 726 2312 Ille
765 2258 929 2326 igitur
953 2272 1147 2312 manus
1187 2269 1311 2327 post
1346 2268 1553 2328 tergum
1587 2265 1938 2320 connectens,
1978 2269 2032 2311 et

454 2349 523 2403 ad
551 2348 727 2417 palum
763 2350 1056 2416 revinctus,
1081 2360 1340 2420 tanquam
1372 2350 1515 2404 aries
1546 2348 1762 2418 quidam
1797 2350 2032 2406 eximius

450 2457 519 2496 ex
548 2457 738 2511 magno
784 2457 944 2513 grege
981 2443 1243 2509 delectus,
1299 2443 1391 2511 qui
1447 2443 1818 2512 gratissimum
1882 2438 2031 2494 bolo-

449 2545 695 2587 caustum
726 2535 1078 2603 omnipotenti
1095 2534 1387 2590 offerretur
1408 2534 1516 2588 Deo
1541 2552 1556 2588 :
1587 2552 1605 2585 ι
1624 2533 1806 2598 Pater,
1830 2531 2025 2602 inquit,

450 2626 713 2696 unigeniti
760 2635 814 2681 et
847 2628 1113 2682 benedicti
1162 2626 1287 2680 Filii
1336 2627 1409 2680 tui
1466 2625 1599 2681 Jesu
1651 2624 1879 2687 Christi,
1932 2637 2030 2691 per

390 2728 393 2729 '
446 2735 609 2790 quem
641 2722 713 2773 tui
749 2722 998 2775 nutiliatn
1037 2722 1391 2789 accepimus;
1426 2721 1566 2774 Deus
1607 2718 1944 2788 angelorum,
1974 2725 2028 2770 et

446 2822 802 2880 poti-statum,
835 2824 885 2866 et
922 2814 1186 2867 universa:
1217 2823 1503 2872 creaturae,
1557 2811 1910 2878 Ouiniumque
1940 2808 2028 2876 ju-

447 2910 652 2955 stornm
675 2902 763 2968 qui
788 2902 971 2955 vivunt
996 2903 1047 2955 in
1087 2914 1373 2971 conspectu
1399 2911 1488 2954 tuo
1511 2919 1523 2955 :
1551 2900 1814 2955 benedico
1843 2912 1913 2964 te,
1932 2899 2025 2966 qui

448 3006 534 3045 me
586 2993 637 3045 iu
670 2994 812 3046 hunc
846 2990 1011 3056 diem,
1067 3001 1121 3045 et
1174 2994 1239 3045 ad
1286 2993 1475 3045 horam
1542 2993 1681 3045 hanc
1731 2992 2026 3060 perducere

447 3081 698 3147 dignatus
724 3097 805 3145 es,
842 3092 899 3134 ut
927 3094 1130 3149 partem
1167 3098 1414 3152 caperem
1446 3082 1498 3136 iu
1546 3081 1826 3136 consortio
1880 3095 2023 3134 mar-

449 3180 625 3243 tyrum
660 3183 713 3228 et
753 3173 806 3227 iu
838 3174 1005 3228 calice
1056 3174 1256 3229 Citriin
1307 3177 1406 3240 tui,
1459 3176 1511 3228 in
1566 3174 2022 3228 resurrectionem

445 3265 568 3318 vitae
607 3278 823 3318 aeternae
872 3268 1065 3322 animm
1114 3268 1274 3322 simul
1320 3276 1376 3322 et
1431 3268 1699 3337 corporis,
1750 3268 1805 3321 in
1846 3267 2024 3319 inror-

446 3358 692 3425 ruptione
707 3357 940 3424 Spiritus
957 3361 1153 3414 sancti.
1177 3360 1320 3414 Inter
1343 3375 1505 3430 quos,
1525 3374 1729 3424 ψιωεο,
1756 3359 2023 3429 δειδυῑμίπ

446 3448 606 3501 hodie
635 3449 687 3501 in
721 3462 1018 3519 conspectu
1050 3462 1142 3504 tuo
1181 3463 1438 3522 tauquam
1484 3454 1660 3507 hostia
1715 3453 1928 3520 pinguis
1967 3461 2023 3506 et

444 3553 686 3607 accepta,
724 3545 1180 3613 quemadmodum
1230 3545 1564 3614 prmparasti.
1616 3544 1913 3609 adimplens
1958 3558 2022 3599 ea

446 3647 566 3699 quae
602 3637 1053 3704 pra'monstrasti,
1115 3652 1279 3692 verax
1334 3637 1495 3693 Deus.
1535 3636 1898 3704 Quamobrem
1955 3636 2022 3691 de

438 3728 694 3781 ommbus
724 3738 773 3780 te
802 3728 981 3792 laudo,
1010 3742 1060 3783 te
1091 3729 1376 3792 benedico,
1409 3739 1460 3783 te
1483 3728 1731 3799 gloriﬁco
1759 3742 1855 3796 per
1874 3742 2018 3781 sem-

441 3819 713 3889 piternum
758 3822 1074 3876 l’outillcem
1118 3820 1304 3876 Jesutu
1354 3823 1630 3876 Christum
1683 3820 2018 3890 unigenitum

440 3909 633 3965 Filium
656 3922 824 3973 tuum.
846 3928 940 3980 per
974 3929 1133 3981 quem
1157 3914 1251 3966 tibi
1286 3928 1390 3965 una
1419 3928 1542 3966 cum
1572 3915 1686 3981 ipso
1720 3910 1774 3966 in
1810 3911 2016 3981 Spiritu

436 4014 630 4057 sancto
659 4003 825 4071 gloria
847 4022 988 4058 nunc
1010 4006 1129 4057 etin
1157 4005 1351 4058 saecula
1393 4006 1735 4070 saecolorum,
1770 4006 2004 4058 Amen.»

441 4092 602 4164 134
633 4094 695 4147 Ει
726 4111 845 4147 cum
878 4096 1049 4148 Amen
1074 4097 1222 4150 clara
1248 4111 1379 4150 voce
1425 4095 1777 4158 iusouuisset,
1826 4110 2016 4164 preca-

435 4187 754 4254 tionemque
782 4187 1123 4253 complesset,
1146 4187 1386 4241 ministri
1438 4187 1634 4255 quibus
1684 4186 2017 4246 accendendi

438 4278 583 4346 ignis
614 4278 903 4331 commissa
939 4288 1059 4332 erat
1086 4295 1237 4342 cura,
1271 4295 1460 4346 rogqu
1490 4279 1818 4333 accendunt.
1849 4279 2013 4332 Cum-

435 4383 543 4437 que
575 4368 760 4435 ingens
783 4368 998 4424 ﬂaiitma
1038 4372 1350 4436 exarsisset,
1388 4371 1524 4424 mira
1561 4386 1649 4425 res
1688 4370 1797 4424 visa
1823 4379 1911 4424 est
1947 4369 2014 4422 ab

437 4457 506 4513 iis
527 4460 615 4527 qui
650 4475 766 4513 eam
800 4461 984 4514 videre
1011 4471 1348 4525 meruerunt,
1373 4470 1428 4515 et
1456 4463 1546 4530 qui
1591 4462 1714 4515 ideo
1748 4463 2012 4515 reservati

2134 1885 2229 1939 καὶ
2281 1885 2534 1956 ἀληθινὸς
2565 1886 2716 1950 Θεός.
2764 1886 2865 1939 Διὰ
2897 1886 3055 1940 τοῦτο
3080 1888 3171 1940 καὶ
3216 1888 3343 1959 περὶ
3394 1888 3611 1943 πάντων
3652 1907 3716 1943 σε

2132 1976 2289 2040 αίνῶ,
2322 1977 2380 2029 σὲ
2410 1977 2636 2045 εὐλογῶ,
2666 1977 2725 2030 σὲ
2757 1976 2991 2043 δοξάζω,
3039 1977 3125 2031 διὰ
3154 1978 3248 2032 τοῦ
3274 1980 3491 2033 αίωνίου
3528 1982 3719 2053 ἀρχιε-

2135 2070 2270 2141 ρέως
2314 2070 2488 2141 Ἰησοῦ
2532 2070 2769 2141 Χριστοῦ
2813 2070 2906 2123 τοῦ
2946 2071 3232 2143 ἀγαπητοῦ
3265 2089 3359 2125 σου
3390 2074 3606 2139 Παιδὸς,
3643 2074 3715 2137 διῖ

2131 2155 2191 2215 οὐ
2222 2179 2306 2215 σοι
2329 2163 2426 2217 σὺν
2460 2162 2608 2234 αὐτῷ
2636 2165 2694 2216 ἐν
2723 2162 3000 2233 Πνεύματι
3032 2165 3171 2235 ἁγίῳ
3199 2165 3346 2230 δόξα,
3373 2167 3466 2220 καὶ⁷
3491 2166 3586 2221 νῦν
3612 2170 3712 2223 καὶ⁹

2131 2255 2210 2318 εἰς
2234 2254 2362 2317 τοὺς
2397 2254 2690 2324 μέλλοντας
2736 2255 2958 2319 αἰῶνας,
2992 2256 3160 2326 ἁμήν.
3197 2276 3215 2309 ι
3267 2259 3716 2331 Ἀναπέμιζιαντος

2129 2346 2186 2398 δὲ
2214 2345 2377 2399 αὐτοῦ
2404 2345 2466 2399 τὸ
2503 2348 2673 2419 Ἀμὴν
2711 2347 2844 2419 (81),
2874 2349 2966 2402 καὶ
2999 2347 3384 2421 πληρώσαντος
3416 2351 3513 2422 τὴν
3545 2368 3715 2425 προσ-

2130 2438 2312 2510 ευχὴν,
2352 2440 2398 2491 οἱ
2428 2438 2523 2492 τοῦ
2554 2441 2722 2511 πυρὸς
2751 2441 3024 2514 ἄνθρωποι
3055 2440 3258 2511 ἐξῆψαν
3283 2442 3341 2495 τὸ
3385 2443 3496 2515 πῦρ
3544 2446 3714 2514 μεγὰ-

2129 2531 2226 2600 λης
2259 2531 2315 2583 δὲ
2346 2530 2703 2601 ἐκλαμψάσης
2749 2531 2966 2601 φλογὸς,
3004 2532 3187 2604 θαῦμα
3225 2533 3435 2604 είδομεν
3457 2530 3538 2599 οἷς
3583 2535 3714 2590 ίδείν

2129 2619 2306 2692 ἐδόθη,
2359 2624 2416 2676 οἳ
2465 2622 2560 2674 καὶ
2618 2621 2963 2692 ἐτηρήθησαν
3006 2623 3086 2685 εἰς
3130 2623 3192 2676 τὸ
3235 2623 3552 2692 ἀναγγεῖλαι
3596 2628 3715 2689 τοῖς

2128 2712 2335 2776 λοιποῖς
2382 2712 2451 2766 τὰ
2504 2713 2794 2783 γενόμενα.
2841 2714 2914 2768 Τὸ
2955 2716 3063 2790 γὰρ
3111 2716 3221 2789 πῦρ
3269 2716 3522 2788 καμάρας
3571 2712 3713 2782 εἶδος

2130 2803 2380 2872 ποιῆσαν,
2414 2801 2604 2874 ὥσπερ
2640 2802 2831 2874 ὀθόνης
2874 2804 3058 2857 πλοίου
3099 2805 3203 2859 ὑπὸ
3235 2803 3543 2874 πνεύματος
3574 2807 3718 2877 πλη-

2132 2897 2420 2967 ρουμένης,
2454 2894 2638 2966 κύκλῳ
2682 2897 3046 2967 περιετείχισε
3092 2899 3151 2952 τὸ
3186 2899 3342 2970 σῶμα
3375 2898 3467 2953 τοῦ
3505 2900 3716 2972 μάρτυ-

2132 3002 2253 3058 ρος’
2286 2987 2380 3038 καὶ
2422 2982 2489 3058 ἦν
2523 2987 2601 3049 εἰς
2643 2988 2804 3057 μέσον
2846 2989 2943 3058 οὐχ
2985 2989 3061 3053 ὡς
3093 2989 3229 3062 σὰρξ
3262 2991 3548 3063 καιομένη,
3593 2991 3713 3045 ἀλλ’

2126 3078 2202 3142 ὡς
2227 3078 2427 3150 χρυσὸς
2452 3080 2544 3132 καὶ
2568 3080 2807 3152 ἄργυρος
2834 3081 2891 3133 ἐν
2933 3082 3147 3154 καμίνῳ
3181 3084 3541 3156 πυρούμενος.
3596 3084 3711 3140 Καὶ

2052 3160 2092 3216 (ἶ
2130 3171 2239 3243 γὰρ
2272 3170 2499 3235 εὐωδίας
2539 3171 2806 3242 τοσαύτης
2848 3173 3250 3245 ἁντελαϐόμεθα
3289 3175 3420 3246 (82),
3460 3176 3533 3239 ὼς
3559 3175 3713 3229 λιϐαν-

2131 3264 2299 3318 νωτοῦ
2334 3265 2609 3329 πνέοντος,
2644 3264 2677 3335 ἢ
2713 3264 2871 3317 ἄλλον
2908 3266 3050 3330 τινὸς
3099 3267 3207 3321 τῶν
3248 3269 3443 3338 οιιμίων
3484 3268 3712 3339 ἀρωμά-

2128 3374 2256 3409 των.
2287 3356 2467 3428 Πέρας
2500 3357 2631 3426 γοῦν
2675 3357 2873 3421 ἰδόντες
2906 3360 2955 3411 οἱ
2989 3358 3179 3430 ἄνομοι
3214 3359 3287 3431 μὴ
3318 3359 3616 3431 δυνάμενον
3648 3358 3710 3412 τὸ

2131 3447 2288 3518 σῶμα
2322 3447 2426 3501 ὐπὸ
2461 3447 2557 3502 τοῦ
2595 3447 2765 3519 πυρὸς
2803 3449 3195 3523 δαπανηθῆναι,
3222 3452 3508 3506 ἐκέλευσαν
3544 3469 3711 3524 προσ-

2128 3540 2349 3593 ελθόντα
2416 3536 2563 3612 αὐτῷ
2619 3543 2972 3615 κομφέκτορα
3028 3545 3210 3615 (8'5),
3270 3544 3585 3614 παραϐύσαι
3645 3545 3708 3598 τὸ

2129 3632 2296 3700 ξίφος.
2336 3633 2444 3686 Καὶ
2468 3631 2627 3686 τοῦτο
2657 3632 2997 3706 ποιησαντος,
3016 3635 3205 3705 ἐξῆλθε
3232 3636 3432 3706 πλῆθος
3452 3635 3706 3706 αἵματος,

2127 3724 2264 3778 ὥστε
2306 3727 2641 3781 κατασϐέσαι
2674 3728 2734 3780 τὸ
2767 3728 2901 3800 πῦρ,
2942 3730 3035 3781 καὶ
3073 3728 3348 3799 θαυμάσαι
3393 3727 3571 3781 πάντα
3615 3728 3708 3782 τὸν

2125 3817 2299 3886 ὄχλον,
2319 3821 2367 3871 εἰ
2387 3819 2622 3891 τοσαύτη
2647 3837 2731 3883 τις
2763 3819 2994 3891 διαφορὰ
3023 3819 3226 3891 μεταξὺ
3242 3820 3351 3874 τῶν
3377 3837 3436 3873 τε
3459 3820 3705 3874 ἀπίστων

2127 3910 2217 3962 καὶ
2249 3909 2356 3963 τῶν
2390 3910 2661 3965 ἐκλεκτῶν
2681 3928 2694 3940 ·
2734 3905 2807 3965 ὧν
2844 3906 2925 3970 εἷς
2958 3911 3050 3964 καὶ
3081 3904 3234 3974 οὗτος
3264 3911 3488 3980 γέγονεν
3517 3912 3545 3964 ὁ
3574 3911 3706 3967 θαυ-

2128 3999 2470 4071 μασιώτατος
2517 4004 2575 4057 ὲν
2621 4006 2734 4066 τοῖς
2779 4002 2899 4056 καθ’
2933 4004 3082 4072 ἡμᾶς
3122 4004 3334 4074 χρόνοις
3383 4002 3703 4067 διδάσκαλος

2122 4093 2476 4157 ἀποστολικὸς
2509 4095 2604 4147 καὶ
2648 4093 3002 4166 προφητικδς,
3058 4094 3346 4164 γενόμενος
3403 4092 3700 4157 ἐπίσκοπος

2121 4188 2220 4257 τῆς
2244 4187 2300 4239 ἐν
2324 4186 2545 4258 Σμύρνῃ
2567 4186 2859 4257 καθολικῆς
2898 4186 3245 4255 Ἐκκλησίας.
3274 4187 3388 4240 Πᾶν
3423 4187 3530 4259 γὰρ
3551 4187 3701 4257 ῥῆμα

2120 4277 2149 4330 δ
2170 4277 2379 4348 ἀφῆκεν
2409 4280 2475 4331 ἐκ
2500 4278 2596 4331 τοῦ
2631 4280 2896 4350 στόματος
2936 4278 3124 4346 αὐτοῦ,
3160 4280 3254 4333 καὶ
3285 4278 3572 4348 ἐτελειώθη
3607 4276 3701 4330 καὶ

2120 4369 2556 4442 τελειωθήσεται.
2590 4372 2647 4423 '0
2712 4371 2769 4424 δὲ
2831 4371 3115 4444 ἁντίζηλος
3165 4372 3259 4425 καὶ
3301 4371 3567 4442 βάσκανος
3600 4368 3696 4422 καὶ

2122 4461 2355 4534 πονηρὸς
2390 4464 2418 4514 ὁ
2447 4462 2822 4534 ἀντικείμενος
2850 4463 2929 4534 τῷ
2965 4465 3110 4532 γένει
3140 4464 3249 4517 τῶν
3289 4463 3530 4526 δικαίων,
3575 4460 3699 4515 ίδὼν

430 4559 561 4606 euut
591 4560 647 4603 ut
671 4551 790 4604 aliis
820 4551 965 4604 illam
996 4551 1400 4607 renuntiarent.
1430 4551 1573 4622 Ignis
1605 4553 1751 4605 enim
1788 4551 2016 4606 fornicis

2126 4553 2178 4605 τὸ
2212 4531 2441 4624 μέγεθος
2484 4531 2784 4625 αὐτοῦ-τῆς
2833 4531 3142 4628 μαρτυρίας
3175 4555 3267 4608 καὶ
3313 4556 3411 4628 τὴν
3445 4554 3698 4625 ἀπαρχῆς

505 4644 614 4717 (81)
666 4645 1155 4717 ΪΑναπέμψαντος
1224 4646 1292 4700 δὲ
1346 4647 1412 4700 τὸ
1473 4646 1678 4717 Ἀμήν.
1770 4646 2001 4702 Verbum

428 4715 851 4786 ἀναπέμψαντος
910 4726 1012 4771 hoc
1062 4718 1188 4771 mihi
1250 4720 1497 4771 iudicare
1536 4715 1787 4780 ‘videtur,
1831 4718 2002 4784 ipsum

432 4791 648 4855 quidem
687 4800 985 4839 orationem
1016 4789 1180 4858 tacite
1214 4804 1277 4842 ac
1318 4790 1587 4842 submissa
1618 4802 1748 4841 voce
1783 4804 1812 4839 a
1844 4787 2003 4858 Poly-

426 4873 597 4923 caipo
628 4859 1036 4924 pronuntiatam
1072 4857 1279 4923 fuisse;
1317 4862 1481 4911 Amen
1528 4874 1660 4911 vero
1690 4859 1833 4910 edita
1870 4857 2003 4911 vot'e

432 4932 724 4996 prolatum.
764 4927 948 4992 Itaque
980 4927 1207 4981 Rufinus
1240 4933 1421 4989 vertit,
1457 4937 1507 4981 et
1542 4945 1661 4980 cum
1702 4928 1866 4980 Amen
1915 4930 2002 4978 in-

426 4995 708 5050 ionnisset.
771 4995 1149 5061 Conjt-Cturam
1213 5011 1452 5052 nostram
1499 5000 1824 5052 confirmant
1867 4998 2000 5051 Acta

428 5067 700 5136 passionis
730 5064 898 5117 I’iontt
946 5069 1197 5136 martyris
1226 5085 1345 5136 ιιιιεε
1373 5071 1453 5121 sic
1492 5070 1692 5122 habent
1720 5084 1735 5123 :
1767 5066 2000 5136 Cumque

429 5135 654 5187 Planius
683 5135 861 5186 oculos
889 5135 1185 5201 clausisset,
1213 5135 1363 5191 turbo
1394 5139 1543 5190 illum
1575 5141 1805 5205 animum
1833 5135 2000 5205 egisse

427 5205 834 5266 susliicnbamr:
863 5206 952 5257 sed
985 5208 1095 5271 ipse
1143 5220 1338 5260 secreto
1382 5210 1716 5273 precabatur.
1766 5203 2001 5273 Cuntqne

428 5273 679 5341 precandi
741 5275 897 5339 ﬁnem
954 5274 1183 5342 fecisset,
1241 5280 1416 5330 oculos
1484 5279 1713 5343 aperuit.
1776 5276 2002 5343 Jamque

425 5344 643 5411 [tantum
679 5346 917 5397 sublimis
948 5346 1280 5411 ascendebat,
1325 5364 1443 5399 cum
1493 5347 1658 5399 hilari
1713 5344 1856 5398 vultu
1906 5362 2002 5410 p0-

427 5425 675 5465 stremnm
716 5418 876 5467 Amen
921 5418 1291 5481 pronuntians.
1324 5431 1432 5471 etc.
1489 5416 1631 5471 Sane
1682 5418 1823 5469 hanc
1872 5417 1999 5467 olim

431 5487 876 5537 Consuetudinem
907 5485 1069 5537 fuisse
1094 5484 1553 5552 Christianorum,
1579 5497 1636 5539 ut
1665 5488 1717 5539 in
1747 5486 1851 5538 line
1879 5501 2003 5538 ora-

435 5551 595 5603 tionis
632 5555 793 5605 Amen
824 5554 975 5606 clara
1009 5569 1138 5608 voce
1162 5570 1499 5618 resonareut,
1533 5562 1690 5610 docet
1731 5566 1864 5608 ritus
1909 5554 2001 5622 qui

428 5634 724 5674 etiamnum
754 5638 1005 5678 servatur
1037 5627 1089 5677 in
1123 5624 1388 5692 Ecclesia,
1421 5638 1478 5680 ut
1501 5628 1709 5680 Scilicet
1733 5635 1853 5694 post
1885 5629 2000 5678 siu-

429 5693 583 5769 gulas
608 5707 881 5769 orattone§
929 5712 957 5745 ιι
997 5702 1279 5752 Sacertlole
1318 5699 1726 5769 pronuntiatus,
1767 5697 2001 5765 populus

430 5761 716 5817 universus
748 5764 1008 5819 acclamet
1035 5768 1221 5824 Amen.

2178 4650 2293 4717 (82)
2328 4651 2443 4704 Καὶ
2470 4650 2592 4721 Ϊγὰρ
2620 4651 2872 4718 εὐωδίας
2900 4654 3199 4720 τοσαύτης
3231 4653 3695 4721 ἁντελαϐόμεϐα.

2106 4719 2199 4788 Sic
2233 4722 2283 4771 in
2311 4719 2545 4788 quatuor
2586 4724 2785 4775 nostris
2827 4726 3107 4776 codicibus
3133 4725 3296 4786 Μία..
3344 4724 3458 4775 Med
3492 4719 3691 4775 .‘lt‘uk.

2102 4800 2156 4865 et
2181 4786 2426 4865 Sa_v_._legi
2439 4803 2542 4865 tur;
2568 4792 3085 4865 ἀντελαμϐανόμεθα
3102 4794 3344 4865 ediderat
3362 4791 3528 4865 Steph
3550 4806 3693 4865 unus.

2102 4861 2261 4934 Apud
2287 4858 2649 4934 Nicephorum
2680 4858 2810 4918 vero
2843 4858 3108 4934 scriptum
3141 4875 3223 4917 est
3252 4862 3481 4922 εὐωδίας
3508 4858 3692 4912 τοιαύ-

2100 4945 2200 4998 της
2242 4930 2721 5002 ἀπελαμϐάνομεν.

2176 5002 2287 5071 (85)
2314 4997 2719 5071 Κομφέλιτὸρα.
2759 5001 3110 5058 Confectores
3133 5002 3453 5071 dicebantur
3477 4998 3567 5066 qui
3599 4997 3687 5049 be-

2107 5070 2249 5140 stias?
2276 5073 2326 5123 in
2366 5070 2774 5140 amphitheatro
2793 5076 3169 5126 conﬁciebant.
3192 5074 3264 5124 De
3285 5073 3367 5123 bis
3396 5070 3691 5140 Suetonius

2109 5141 2161 5211 in
2200 5139 2429 5204 Nerone,
2459 5139 2579 5207 cap.
2607 5143 2695 5201 12,
2727 5153 2779 5195 et
2807 5143 3071 5211 Jusephus
3098 5145 3340 5209 Scaliger
3365 5141 3416 5192 in
3449 5141 3590 5191 notis
3622 5139 3687 5190 ad

2110 5208 2413 5264 Manilium.
2443 5210 2542 5275 Qui
2572 5221 2750 5265 tanien
2785 5215 2836 5266 in
2863 5208 3069 5266 eolalli
3100 5208 3334 5273 videtur,
3369 5211 3515 5276 quod
3550 5225 3685 5260 cou-

2105 5277 2340 5332 fectores
2377 5280 2615 5333 ferarum
2676 5283 2958 5337 confundit
2999 5298 3117 5335 cum
3177 5281 3471 5334 bestiariis.
3505 5278 3688 5342 Neque

2107 5350 2260 5424 enim
2278 5352 2618 5424 confectores
2655 5368 2776 5405 cum
2825 5353 3010 5424 bestiis
3061 5352 3552 5424 pllgllﬂllillllrSiClll
3596 5348 3685 5424 be:

2107 5420 2308 5480 stiarit,
2347 5422 2438 5473 sed
2477 5424 2544 5472 ad
2580 5424 2952 5476 conlicieodas
2981 5420 3614 5477 ferasiutmittebantnr,
3641 5420 3683 5470 si

2104 5490 2321 5560 quando
2354 5489 2596 5543 ell‘erala:
2622 5492 2810 5545 bestiae
2842 5502 3075 5560 stragem
3105 5491 3299 5559 popqu
3323 5492 3686 5560 minarentur,

2106 5569 2164 5631 ut
2207 5558 2891 5631 aliquotiescontingebat.
2943 5558 3002 5613 lii
3050 5564 3389 5631 confectores
3425 5558 3685 5631 {uncearii

2104 5628 2361 5680 dicunlur
2393 5631 2442 5682 iu
2484 5628 2658 5683 Geslts
2694 5627 3083 5697 p'm'sidiulibus
3122 5629 3380 5689 'l‘aracbi,
3424 5627 3583 5680 l’robi
3631 5636 3686 5679 et

2102 5697 2425 5769 Andronici.
2455 5716 2573 5765 Cap.
2614 5704 2681 5753 lt)
2719 5717 2733 5753 :
2764 5700 2948 5754 Iratus
2976 5716 3170 5769 prwses
3211 5701 3430 5752 inundat
3465 5698 3685 5751 lancea-

2105 5766 2198 5820 rn's
2230 5784 2409 5822 ursum
2430 5771 2619 5824 occidi.
