4016 6260
368 283 469 338 561

1377 284 1724 342 HISTORIA“:
1765 285 2319 345 ECCLESIASTIC.E
2362 287 2488 343 LIB.
2531 287 2621 347 ιν.

3515 292 3617 346 56‘s

373 397 507 451 ἄλλα
543 399 831 470 μαρτύρια
862 400 1098 470 συνῆπτο
1122 401 1228 470 (88)
1265 402 1404 455 κατὰ
1436 403 1532 475 τὴν
1566 405 1732 475 αὐτὴν
1778 405 1929 474 Σμύρ

2063 422 2188 459 vero
2206 414 2456 474 tauquam
2477 405 2763 473 discipulos
2779 404 3146 460 etimitatorcs
3177 403 3406 471 Domini,
3433 410 3623 460 merito

377 506 471 542 ναν
501 491 878 560 πεπραγμένα
911 493 1015 545 ὑπὸ
1046 491 1142 564 τὴν
1173 493 1339 564 αὐτὴν
1373 495 1615 566 περίοδον
1647 495 1739 548 τοῦ
1769 496 1958 567 χρόνον

378 582 476 651 τῆς
499 583 593 634 τοῦ
621 583 987 656 Πολυκὰρπον
1023 585 1340 657 μαρτυρίαςο
1378 587 1495 657 μεθ’
1529 580 1600 639 ὧν
1629 587 1722 639 mi.
1749 589 1964 658 Μητρό-

382 675 550 746 δωρος
575 676 676 743 τῆς
711 677 853 730 κατὰ
889 678 1188 749 Μαρκίωνα
1238 681 1442 749 πλάνης
1487 680 1859 751 πρεσϐύτερος
1894 679 1958 751 δὴ

383 763 518 820 εἶναι.
556 768 750 832 δοκῶν,
784 771 915 840 πυρ)⁸
938 770 1259 839 παραδοθεὶς
1288 771 1569 842 ἀνῄρηται.
1607 771 1726 823 Τῶν
1755 788 1815 839 γε
1854 772 1958 842 μὴν

383 861 501 913 τότε
536 860 862 932 περιϐόητος
888 862 1094 932 μάρτυς
1133 857 1212 924 εἷς
1244 879 1326 924 τις
1355 861 1678 933 ὲγνωρίζετο
1715 861 1953 927 Πιόνιος,

381 945 440 1005 οὗ
476 952 575 1014 τὰς
606 951 747 1004 κατὰ
779 953 943 1024 μέρος
973 953 1280 1024 ὁμολογίας,
1303 955 1400 1025 τήν
1428 971 1487 1006 τε
1521 953 1613 1005 τοῦ
1642 951 1798 1020 λόγου
1823 955 1954 1023 παῤ-

384 1044 599 1115 ῥησίαν,
644 1046 736 1099 καὶ
770 1045 868 1109 τὰς
903 1047 1042 1117 ὑπὲρ
1071 1047 1166 1117 τῆς
1188 1048 1419 1108 πίστεως
1445 1046 1534 1098 ἐπὶ
1554 1043 1646 1098 τοῦ
1672 1045 1838 1115 δήμου
1862 1045 1953 1097 καὶ

381 1135 490 1187 τῶν
523 1136 802 1206 ἀρχόντων
834 1135 1146 1204 ἀπολογίας,
1193 1133 1572 1195 διδασκαλικάς
1610 1151 1670 1184 τε
1715 1131 1958 1202 δημηγο-

383 1227 526 1296 ρίας,
558 1230 651 1280 καὶ
681 1228 760 1280 ἔτι
782 1227 879 1291 τὰς
898 1228 1032 1298 πρὸς
1063 1230 1187 1292 τοὺς
1209 1227 1670 1288 ὑποπεπτωκότας
1701 1225 1776 1296 τῷ
1817 1225 1955 1279 κατὰ

379 1318 470 1368 τὶν
498 1317 735 1388 διωγμὸν
771 1319 1056 1390 πειρασμῷ
1093 1318 1385 1386 δεξιώσεις,
1425 1321 1774 1392 παραμυθίας
1799 1338 1857 1372 τε
1891 1320 1957 1383 ἂς

381 1411 474 1462 ἐπὶ
517 1411 615 1480 τῆς
658 1413 877 1482 εἱρκτῆς
917 1416 1028 1476 τοῖς
1073 1413 1202 1485 παρ’
1242 1413 1403 1466 αὐτὸν
1453 1413 1956 1484 εἰσαφικνονμένοις

380 1503 629 1572 ἀδελφοῖς
663 1506 1005 1577 παρετίθετο,
1032 1507 1095 1569 ἃς
1120 1524 1176 1558 τε
1207 1508 1298 1559 ἐπὶ
1330 1507 1538 1570 τούτοις
1565 1507 1824 1574 ὑπέμεινε
1859 1506 1956 1576 βα-

380 1595 596 1659 σάνους,
630 1599 723 1650 καὶ
744 1598 841 1661 τὰς
867 1598 957 1650 ἐπὶ
985 1597 1210 1661 ταύταις
1235 1597 1526 1667 ἀλγηδόνας
1549 1639 1563 1662 ,
1615 1597 1951 1667 καθηλώσεις

376 1704 458 1751 τε,
489 1690 584 1740 καὶ
613 1688 709 1760 τὴν
760 1691 850 1743 ἐπὶ
895 1693 990 1762 τῆς
1036 1695 1212 1762 πυρᾶς
1261 1693 1586 1763 καρτερίαν,
1635 1695 1732 1762 τήν
1759 1708 1818 1742 τε
1868 1691 1952 1759 ἐφ’

2065 512 2246 552 amore
2271 498 2668 566 prosequimur,
2701 497 2768 550 ob
2793 497 3043 550 eximiam
3065 497 3298 565 ipsorum
3320 497 3630 550 benevolen-

2067 590 2218 655 tiam,
2242 604 2400 657 quam
2431 604 2556 657 erga
2577 587 2774 658 Regem
2792 605 2852 642 ac
2871 587 3185 658 Magistrum
3206 604 3360 643 suum
3387 589 3623 643 declara-

2061 693 2206 736 runt.
2233 681 2470 748 Quorum
2499 697 2595 736 nos
2613 697 2824 750 quoque
2841 693 3121 737 consortes
3146 697 3209 735 ac
3234 681 3628 751 condiscipulos

2062 759 2175 828 ﬁeri
2194 774 2438 828 omnibus
2454 774 2627 828 modis
2641 786 2905 843 Optamus.
2924 774 3088 830 Porro
3106 790 3227 829 eum
3245 775 3486 830 centurio
3507 790 3627 846 per-

2063 865 2258 920 tinacia
2269 881 2316 919 ιιι
2335 863 2640 921 Iudaeorum
2671 865 3144 929 animadverteret,
3161 882 3356 937 corpus
3379 868 3436 924 in
3452 867 3628 922 medio

2062 957 2406 1023 collocatum,
2444 966 2503 1011 ut
2529 957 2696 1012 moris
2726 967 2808 1010 est
2835 958 2984 1026 ipsis,
3020 959 3410 1013 concremavit.
3453 960 3627 1027 Atque

2060 1051 2133 1103 ita
2166 1065 2261 1104 nos
2301 1051 2511 1104 demum
2569 1065 2696 1104 ossa
2749 1050 2892 1104 illius
2947 1051 3174 1120 gé‘mmis
3223 1051 3630 1119 pretiosissimis

2061 1141 2333 1206 chariora,
2365 1153 2419 1196 et
2448 1143 2640 1210 quovis
2688 1157 2820 1196 auro
2865 1143 3084 1213 puriora
3130 1142 3478 1211 colligentes,
3539 1143 3628 1199 ubi

2061 1232 2286 1286 decebat
2314 1234 2671 1287 condidimus.
2720 1235 2835 1300 Quo
2879 1235 3042 1286 etiam
3096 1234 3148 1287 in
3191 1233 3310 1288 loco
3353 1235 3533 1300 nobis,
3582 1236 3631 1289 si

2061 1323 2175 1377 ﬁeri
2203 1327 2424 1394 poterit,
2460 1327 2907 1381 com'enientibns
2935 1327 3191 1380 concedet
3221 1326 3362 1378 Deus
3385 1323 3623 1381 natalem

2059 1415 2172 1483 ejus
2206 1417 2452 1486 martyrii
2484 1416 2624 1470 diem
2677 1433 2797 1472 cum
2847 1417 3120 1470 hilaritate
3155 1426 3209 1471 et
3249 1417 3446 1485 gaudio
3486 1417 3628 1470 cole.

2058 1506 2236 1572 brare,
2271 1516 2380 1561 tum
2415 1510 2468 1562 in
2503 1509 2820 1563 memoriam
2851 1523 3035 1562 eorum
3063 1509 3153 1579 qui
3186 1509 3420 1579 glorioso
3453 1521 3628 1564 certa-

2059 1602 2496 1672 mine-perfuncti
2545 1612 2702 1667 sunt,
2744 1612 2852 1655 tum
2902 1603 2967 1657 ad
3017 1613 3263 1669 posteros
3319 1602 3626 1670 lmjasmodi

2077 1695 2322 1762 exemplo
2381 1695 2703 1749 erudiendos
2757 1705 2813 1749 et
2867 1695 3282 1749 conﬁrmandos.
3314 1713 3332 1745 ι
3383 1693 3510 1749 Hazc
3561 1697 3628 1745 de

378 1778 552 1831 ἅπασι
569 1782 679 1843 τοῖς
696 1781 1012 1852 παραδόξοις
1035 1782 1196 1836 αὐτοῦ
1210 1783 1483 1853 τελευτὴν,
1499 1783 1604 1853 πλη
1615 1783 1845 1854 ρέστατα
1863 1783 1930 1852 τῆ

2067 1787 2572 1857 beatol’olycarpo,
2609 1787 2700 1857 qni
2734 1802 2853 1842 cum
2901 1787 3018 1840 aliis
3045 1787 3326 1840 duodecim
3357 1785 3628 1842 Philadel-

376 1872 505 1941 περὶ
539 1872 701 1924 αὑτοῦ
738 1874 951 1945 γραφῆς
984 1872 1360 1948 περιεχούσης,
1391 1875 1516 1938 τοὺς
1545 1871 1626 1938 οἷς
1656 1875 1826 1944 φίλον,
1859 1874 1949 1926 ἐπὶ

375 1967 579 2035 ταύτην
596 1967 1008 2039 ἀναπέμψομεν,
1040 1971 1150 2032 τοῖς
1174 1968 1281 2022 τῶν
1323 1967 1563 2039 ἀρχαίων
1609 1966 1946 2038 συναχθεῖσιν

375 2058 406 2127 ἡ
415 2061 506 2127 μῐν
523 2060 841 2131 μαρτυρίοις
859 2060 1246 2132 ἐντετατμένην
1263 2059 1414 2130 (88⁸).
1432 2059 1590 2129 Ἑξῆς
1604 2059 1762 2111 δὲκαὶ
1779 2058 1950 2112 ἄλλων

375 2151 432 2204 ἐν
468 2153 750 2225 Περγάμῳ
782 2154 890 2225 (89)
927 2153 1076 2206 πόλει
1108 2154 1209 2224 τῆς
1241 2153 1420 2217 Ἀσίας
1460 2154 1823 2224 ὑπομνήματα
1853 2171 1948 2224 με-

378 2271 646 2341 Smyrnmi
679 2271 941 2341 exemplo
990 2271 1217 2337 apostoli
1273 2272 1442 2336 Pauli,
1479 2273 1569 2340 qui
1622 2273 1672 2325 in
1729 2275 1839 2326 suis
1879 2274 1945 2324 ad

377 2340 652 2394 Romanos
677 2340 876 2393 litteris
901 2341 1065 2395 Tertii
1095 2357 1310 2411 quoque
1337 2343 1638 2396 litterarum
1663 2343 1946 2410 scriptoris

377 2427 576 2464 nomen
604 2412 871 2480 apposuit.
914 2412 1194 2467 Postremo
1220 2414 1511 2466 notandum
1539 2423 1642 2476 est.
1673 2414 1813 2480 quod
1845 2413 1946 2466 Po-

379 2484 632 2548 lyearpns
675 2496 865 2548 passus
902 2496 1020 2536 esse
1059 2484 1256 2536 dicitur
1298 2483 1384 2536 die
1434 2483 1672 2536 secundo
1739 2485 1940 2536 mensis

377 2543 755 2613 Xanthicifid
795 2563 899 2612 est,
942 2563 1066 2606 ante
1105 2554 1248 2606 diem
1291 2569 1366 2606 γι»
1405 2551 1671 2606 Kalendas
1702 2553 1941 2609 Martias.

382 2622 634 2675 llsserius
663 2621 880 2690 quidem
923 2633 1030 2674 tum
1069 2624 1126 2692 iii
1167 2624 1306 2676 notis
1338 2625 1402 2676 ad
1438 2623 1720 2690 epistolam
1750 2623 1943 2692 Smyr-

378 2708 640 2755 nzrorum,
678 2704 788 2744 tum
839 2692 892 2744 in
932 2694 1070 2745 libro
1105 2691 1176 2745 De
1209 2709 1350 2746 anno
1382 2695 1544 2746 solari
1582 2691 1938 2746 Macedonum

375 2773 432 2816 et
481 2762 832 2833 Asianorum,
884 2777 1003 2830 cap.
1039 2763 1090 2825 1,
1122 2761 1350 2815 allirmat
1397 2763 1706 2833 Smyrmeos
1741 2776 1936 2833 praeter

378 2848 582 2886 morem
623 2831 955 2900 reliquarum
993 2834 1134 2887 Asiae
1165 2833 1470 2896 civitatum,
1498 2831 1756 2887 Vmenseni
1789 2832 1938 2886 Xau.

379 2903 582 2955 thicnm
621 2917 845 2956 exorsos
875 2901 1038 2956 fuisse
1072 2922 1100 2956 a
1150 2904 1234 2956 die
1263 2903 1330 2956 25
1363 2904 1563 2957 mensis
1595 2903 1791 2956 Martii.
1832 2904 1936 2958 Sed

379 2989 499 3026 cum
526 2973 591 3025 ad
629 2974 680 3024 id
716 2973 1050 3040 probandum
1094 2973 1299 3026 nullam
1344 2976 1605 3026 rationem
1640 2972 1850 3040 all'erat,
1887 2977 1937 3026 in

375 3059 441 3095 eo
487 3059 591 3096 non
637 3059 854 3111 possum
906 3044 978 3096 illi
1032 3040 1303 3097 asseritiri.
1352 3043 1484 3108 Quis
1536 3045 1680 3097 enim
1730 3046 1937 3110 credat,

377 3112 690 3182 Smyrnreos
721 3113 771 3165 in
797 3117 1057 3168 mensium
1085 3115 1554 3168 Macedonicorum
1581 3115 1938 3182 dispositione

2057 1881 2352 1949 phcnsibns
2378 1881 2518 1948 apud
2550 1879 2842 1948 Smyrnam
2890 1879 3151 1947 martyrio
3185 1889 3269 1934 est
3307 1889 3621 1934 coronatus.

2062 1969 2162 2037 Qui
2208 1981 2384 2025 tamen
2429 1970 2576 2026 solus
2619 1970 2856 2024 omnimu
2908 1969 3183 2023 hominum
3236 1968 3496 2028 memoria
3560 1984 3624 2023 ac

2058 2059 2197 2114 fama
2227 2061 2494 2130 praeipue
2540 2059 2871 2124 celebratur,
2933 2062 3067 2113 adeo
3110 2064 3170 2113 'ut
3219 2075 3415 2116 nomen
3457 2061 3628 2129 ipsius

2054 2154 2258 2221 ubique
2287 2163 2551 2207 terrarum
2580 2151 2742 2206 etiam
2769 2167 2798 2205 a
2827 2153 3116 2222 gentilibus
3141 2166 3621 2209 commemoretur.

2050 2267 2326 2324 Kalendas
2361 2269 2605 2334 Martias,
2633 2279 2852 2339 przcstat
2881 2283 3000 2339 meo
3031 2269 3247 2338 quidem
3275 2269 3479 2338 judicio
3501 2287 3619 2326 eam

2052 2343 2378 2395 sententiam
2421 2341 2581 2409 tueri,
2613 2337 2733 2405 quae
2775 2351 2885 2392 tum
2939 2337 3287 2409 Smyrnensis
3341 2339 3620 2406 Ecclesiae,

2051 2421 2161 2465 tum
2187 2412 2427 2465 omnium
2457 2408 2812 2464 Orientalium
2842 2408 3434 2472 tahulisiconlirmatnr,
3457 2428 3616 2479 quam

2051 2482 2271 2536 incertis
2295 2482 2360 2534 de
2391 2496 2585 2549 magno
2611 2479 2845 2534 Sabbato
2865 2479 3194 2546 coniecturis
3225 2490 3279 2532 et
3304 2479 3618 2537 Judaeornm

2051 2553 2434 2606 traditionibus
2503 2551 2680 2604 itmiti.
2731 2549 2914 2616 Neque
2964 2551 3108 2602 enim
3176 2550 3457 2616 probabile
3508 2563 3612 2616 est,

2050 2622 2361 2694 Smyrn:eos
2387 2621 2527 2694 diem
2559 2636 2666 2690 quo
2689 2635 2883 2694 passus
2905 2622 3069 2694 esti}.
3094 2619 3428 2690 Polycarpus
3472 2621 3619 2690 igno-

2044 2692 2228 2755 rasse;
2257 2702 2347 2744 ant
2383 2692 2616 2744 natalem
2651 2693 2769 2756 ejus
2809 2692 2916 2746 alio
2963 2693 3050 2744 die
3089 2706 3248 2759 quam
3277 2706 3384 2758 quo
3415 2706 3613 2758 passus

2044 2763 2238 2824 fuerat.
2273 2761 2602 2824 celebraSsc,
2641 2762 2940 2832 praesertim
2973 2777 3094 2814 cum
3131 2762 3391 2832 Smyrmei
3433 2764 3484 2814 iu
3516 2763 3616 2818 hac

2045 2834 2157 2900 ipsa
2183 2833 2247 2884 ad
2277 2832 2726 2886 Philomelienses
2749 2831 2978 2898 epistola
3008 2832 3210 2886 diserte
3231 2831 3611 2899 polliceantur.

2043 2920 2102 2956 se
2133 2903 2423 2970 quotannis
2461 2902 2602 2955 diem
2639 2901 2758 2968 ejus
2791 2901 3024 2954 natalem
3058 2903 3145 2971 pie
3172 2911 3464 2970 saactequg
3495 2918 3614 2957 CSse

2043 2974 2440 3025 celebratnros.
2475 2972 2654 3036 Quare
2699 2986 2818 3042 cum
2855 2973 3012 3038 paulo
3051 2982 3176 3042 ante
3206 2972 3377 3024 Pionii
3411 2984 3614 3042 marty—

2045 3044 2204 3104 rium,
2248 3044 2553 3111 principatu
2602 3041 2745 3095 Decii
2791 3042 3040 3104 Angusti,
3087 3041 3140 3095 id
3184 3053 3288 3106 est,
3333 3041 3610 3111 octoginta

2041 3115 2257 3166 circiter
2281 3113 2436 3184 annis
2459 3114 2757 3184 a_passione
2780 3111 3168 3184 B.Polycarpi,
3191 3121 3396 3184 constet
3424 3112 3612 3184 Smyr-

379 3199 408 3235 a
442 3171 661 3251 reliquis
688 3185 831 3237 Asia:
862 3186 1174 3239 civitatibus
1199 3185 1556 3238 dissensisse?
1586 3169 1744 3238 Certe
1782 3187 1827 3238 si
1863 3189 1932 3238 ita
1963 3169 2007 3229 Ο
2042 3200 2182 3235 meos
2208 3182 2444 3236 natalem
2481 3169 2542 3234 Β.
2581 3182 2856 3252 l’olycarpi
2885 3169 3187 3236 celchra'ss'e
3235 3198 3306 3235 vn
3340 3182 3382 3235 Κ
3404 3169 3608 3236 ileudas

378 3255 590 3316 fuisset,
629 3254 891 3323 Smyrnaei
923 3255 1062 3308 diem
1093 3270 1200 3324 quo
1244 3270 1433 3322 passus
1458 3265 1540 3309 est
1577 3255 1930 3324 Polycarpns,

375 3339 484 3376 non
525 3325 602 3376 ita
655 3326 1050 3388 designasseut,
1094 3336 1152 3378 ut
1187 3325 1382 3388 legitur
1433 3327 1483 3378 in
1532 3327 1629 3378 hac
1669 3325 1928 3393 cpistola:

376 3396 646 3466 μαρτυρεῖ
691 3393 745 3445 δὲ
784 3397 812 3447 ὁ
841 3395 1192 3466 Πολύκαρπος
1229 3394 1489 3449 Ξανθικοῦ
1523 3395 1750 3466 δευτέρα
1785 3397 1926 3448 ἱστα-

373 3464 560 3538 μένου.
603 3464 707 3538 Sed
740 3466 806 3538 ad
837 3464 1928 3538 vitandamambiguitatem,_adjecisseut,

373 3536 490 3588 καθ’
519 3537 667 3606 ἡμᾶς
698 3536 823 3598 τοὺς
860 3537 1212 3608 Σμυρναίους.
1245 3537 1505 3590 Cancrum
1537 3536 1841 3605 Smyrntcos
1878 3539 1929 3589 in

373 3610 498 3658 anni
525 3623 592 3660 ac
625 3608 890 3659 mensium
924 3624 1143 3661 suorum
1177 3608 1528 3673 diSjiositione
1555 3621 1774 3674 prorsus
1809 3622 1928 3659 eum

368 3678 588 3747 Asianis
640 3681 1001 3740 consensisse,
1055 3679 1250 3730 docent
1291 3679 1423 3728 Acta
1465 3676 1633 3730 Piouii
1677 3679 1929 3747 martyris

371 3746 463 3807 qni
494 3761 685 3811 passus
709 3759 789 3800 est
831 3749 1150 3818 Smyrnazin
1189 3749 1560 3818 persecutione
1596 3746 1843 3818 Deciana,
1875 3748 1926 3800 in

370 3818 566 3884 quibus
598 3819 670 3869 ita
712 3815 962 3870 scribitur
1000 3833 1014 3870 :
1052 3817 1180 3870 Ηηέ
1211 3828 1330 3870 acta
1363 3829 1480 3870 sunt
1520 3815 1669 3869 Julia
1708 3832 1927 3877 procon-

368 3888 504 3948 sule,
544 3898 664 3938 ante
712 3903 761 3939 Iv
798 3887 925 3939 ldus
956 3887 1175 3940 Martias
1209 3904 1348 3940 ntore
1379 3887 1752 3950 Romanorum,
1787 3889 1926 3938 Asia:

369 3968 544 4009 autem
590 3974 752 4018 more,
799 3959 1001 4022 δερῑιηιί
1035 3960 1222 4010 mensis
1269 3958 1559 4009 undecimo.
1606 3955 1826 4008 Rectius
1872 3959 1924 4010 in

370 4024 630 4080 Chronico
665 4027 1021 4080 Alexandrino
1048 4028 1242 4096 legitur
1275 4047 1287 4080 :
1325 4028 1352 4079 ὅ
1379 4028 1494 4079 ἐστι
1549 4025 1688 4079 κατὰ
1741 4027 1922 4080 Ἀσια-

368 4099 492 4158 νοίις
517 4099 648 4168 μηνὶ
678 4098 818 4166 ἕκτῳ
851 4097 934 4166 ιβ’.
971 4098 1102 4150 Cum
1138 4099 1300 4167 igitur
1333 4099 1593 4167 Smyrnzci
1631 4112 1734 4168 uoti
1767 4100 1922 4151 aliter

370 4166 588 4221 menses
605 4184 734 4222 suos
758 4169 1128 4222 ordinaverint
1149 4166 1311 4236 quam
1342 4166 1518 4220 caeteri
1545 4166 1752 4230 Asiani,
1781 4169 1921 4235 apud

365 4238 597 4291 Asianos
625 4253 752 4291 vero
782 4240 982 4293 mensis
1006 4236 1257 4291 Xanttiiei
1289 4240 1496 4290 initium
1523 4237 1574 4289 in
1603 4237 1919 4290 vicesimum

368 4309 666 4362 secundum
703 4308 981 4364 Februarii
1026 4310 1168 4361 diem
1212 4308 1482 4370 inciderit,
1527 4307 1665 4360 idem
1709 4322 1921 4376 quoque

368 4395 398 4428 a
432 4378 728 4446 Smyrnzcis
774 4381 1122 4432 observatum
1166 4381 1238 4434 sit
1271 4392 1490 4432 necesse
1521 4387 1620 4429 est.
1652 4375 1830 4441 Quare
1863 4378 1917 4431 in

365 4449 596 4532 episiola
629 4448 1024 4532 Stnyriizeoruin
1052 4452 1138 4530 de.
1157 4450 1420 4532 tnziriyriq
1441 4447 1739 4532 Polycarpi,
1775 4449 1914 4532 scrin

2039 3252 2277 3313 Martias,
2304 3253 2453 3306 nefas
2473 3254 2584 3322 jam
2601 3268 2728 3322 esse
2751 3253 3006 3322 existimo
3024 3255 3088 3306 de
3101 3253 3186 3305 die
3209 3255 3479 3321 passionis
3495 3255 3614 3322 ejus

2037 3324 2266 3394 amplius
2293 3320 2562 3376 dubitare.
2583 3321 2881 3394 Siculorum
2907 3320 3192 3394 Fastorum
3210 3320 3421 3394 auctor,
3439 3320 3614 3394 inquit

2040 3393 2307 3458 Usserins,
2343 3410 2437 3460 pro
2465 3394 2656 3446 Μαῖων
2689 3393 3198 3464 ΙοιξίιίζΑπριλλίων.
3239 3393 3430 3446 Verum
3457 3393 3606 3448 enim

2032 3464 2314 3534 l’olycarpi
2357 3465 2592 3517 natalem
2629 3465 2679 3515 in
2719 3463 2786 3516 26
2823 3461 3007 3516 Martii
3038 3479 3158 3517 esse
3176 3465 3522 3534 statuendum
3553 3477 3607 3518 et

2031 3533 2220 3588 Asiani
2257 3535 2382 3586 anui
2419 3535 2553 3586 ratio
2581 3544 2633 3586 et
2663 3535 2838 3601 magni
2887 3533 3108 3587 Sahhati
3141 3533 3427 3588 character
3456 3537 3608 3588 evin-

2031 3607 2125 3664 cit,
2159 3607 2283 3656 licet
2342 3607 2484 3671 apud
2550 3603 2773 3656 Latinos
2840 3603 3110 3667 261nm,
3175 3605 3315 3671 apud
3387 3605 3609 3659 Gnaeos

2027 3676 2097 3728 25
2135 3675 2294 3729 Febr.
2327 3676 2659 3727 celebretur.
2695 3674 2918 3728 Usserio
2948 3675 3273 3743 astipulatur
3311 3675 3512 3744 Pagius
3539 3676 3606 3728 ad

2030 3762 2118 3797 an.
2160 3745 2278 3805 H37,
2317 3763 2367 3796 ιι.
2395 3745 2447 3804 '5,
2477 3744 2530 3796 4.
2569 3744 2727 3797 Εῡιτ.

2099 3815 2209 3884 (88)
2236 3815 2333 3866 Ἐν
2359 3813 2434 3881 τῇ
2472 3813 2623 3884 αὐτῇ
2643 3813 2710 3865 δὲ
2733 3815 2861 3882 περὶ
2880 3813 3064 3867 αὐτοῦ
3095 3813 3294 3884 γραερῇ
3325 3817 3423 3870 καί
3449 3816 3609 3869 ἄλλα

2020 3883 2314 3952 μαρτύρια
2363 3883 2659 3950 συνῆπτο.
2696 3884 2828 3936 Male
2888 3886 3027 3937 hunc
3076 3883 3607 3952 locumacceperunt

2029 3956 2275 4018 liulinus,
2312 3953 2645 4019 Nicephorus
2691 3964 2747 4006 et
2800 3955 3347 4020 Christophorsouus.
3403 3957 3606 4010 Existi-

2027 4026 2402 4078 marunteuim
2451 4025 2501 4095 in
2551 4025 2738 4076 eadem
2776 4024 2864 4076 illa
2911 4026 2976 4095 de
3009 4025 3287 4095 l’olyrarpi
3344 4029 3605 4094 martyrio

2023 4095 2272 4162 epistola,
2320 4094 2489 4147 Pionii
2548 4109 2761 4162 quoque
2811 4104 2864 4146 et
2919 4093 3602 4161 Metrodori'aliorumque

2023 4168 2298 4234 passiones
2328 4179 2359 4218 a
2402 4166 2698 4234 Smyrnaeis
2747 4176 3206 4218 commeinoratas
3250 4168 3438 4227 fuisse,
3480 4183 3601 4217 cuni

2025 4248 2200 4288 tamen
2251 4235 2301 4288 id
2335 4252 2438 4290 non
2477 4240 2618 4288 dicat
2647 4235 2929 4296 Eusebius,
2959 4237 3050 4287 sed
3095 4245 3300 4288 tantum
3350 4238 3599 4293 alliriuet,

2021 4305 2264 4374 epistola:
2287 4305 2359 4358 illi
2385 4306 2453 4376 in
2477 4321 2584 4376 qua
2617 4309 2682 4358 de
2708 4305 2988 4374 Polycarpi
3021 4308 3280 4375 martyrio
3316 4311 3602 4376 agebatur,

2021 4373 2300 4442 adjunctas
2322 4375 2489 4428 fuisse
2525 4373 2752 4428 aliormn
2775 4373 3070 4445 martyrum
3105 4373 3402 4442 passiones,
3429 4378 3600 4430 l’iouii

2022 4448 2228 4500 scilicet
2276 4462 2339 4500 ac
2387 4445 2702 4499 Metrodori.
2757 4445 2918 4500 Certe
2971 4445 3230 4499 Eusebius
3263 4448 3418 4513 paulo
3458 4458 3599 4515 ιιυμι,

363 4519 598 4571 hendqu
633 4537 647 4572 :
709 4514 814 4589 πρὸ
856 4518 996 4570 ἑπτα
1037 4514 1326 4571 Καλανδῶν
1369 4514 1645 4589 Μαρτίων,
1671 4514 1914 4589 ίιιι-ίυιςὶι

2039 4516 2298 4584 ιρὶδιοιιιιη
2343 4516 2409 4568 de
2456 4515 2626 4589 Pionii
2666 4517 2928 4585 martyrio
2958 4516 3241 4589 distinguit
3271 4519 3341 4589 ab
3375 4514 3598 4589 cpistola

364 4599 521 4643 vetus
573 4587 858 4656 interpres.
905 4591 1034 4642 t\am
1076 4592 1345 4643 Secundus
1376 4587 1491 4641 dies
1526 4587 1726 4641 mensis
1766 4587 1909 4640 Xan-

364 4659 497 4729 thici
549 4661 692 4728 apud
746 4662 1052 4729 Smyrnaeos
1097 4671 1149 4714 et
1193 4661 1420 4729 Asianos
1464 4659 1709 4729 cadebat_
1738 4658 1790 4711 in
1836 4672 1909 4711 Vll

360 4726 629 4783 Kalendas
661 4726 901 4784 Martias.
934 4731 1092 4784 Certe
1120 4744 1182 4782 eo
1213 4731 1316 4792 die,
1340 4728 1410 4782 ‘25
1441 4726 1910 4782 scilicet'Fcbrua-

361 4803 448 4864 ιιι,
478 4810 534 4854 et
565 4799 827 4868 Smyrmci
871 4811 924 4852 et
951 4817 1140 4854 omnes
1170 4799 1341 4852 Graeci
1379 4799 1692 4852 memoriam
1737 4803 1905 4852 sancti

357 4870 642 4941 Polycarpi
685 4886 896 4938 semper
930 4871 1288 4928 celebrarunt,
1333 4879 1390 4941 ut
1428 4879 1635 4941 constat
1680 4881 1789 4922 tum
1842 4886 1908 4923 ex

356 4937 502 5012 Actis
533 4937 707 4994 Pi’onii
748 4937 1023 5012 martyris,
1058 4953 1167 4994 tum
1214 4955 1279 4993 ex
1325 4938 1534 5012 Melanis
1575 4937 1903 5012 Graecorum.

361 5010 512 5073 Quod
551 5015 594 5065 si
623 5011 744 5081 quis
778 5008 904 5064 cuni
936 5011 1154 5066 Usserio
1180 5012 1334 5062 nobis
1357 5008 1597 5081 ohjiciat,
1623 5011 1763 5062 diem
1790 5027 1907 5062 nia-

333 5081 446 5145 ,ειη
503 5079 747 5145 Sabliati,
786 5099 890 5149 quo
941 5098 1129 5152 passus
1162 5083 1331 5152 Catil}.
1378 5079 1724 5152 l’oly'cii_rpits.
1775 5097 1908 5132 nuu-

363 5164 518 5215 quam
560 5168 717 5220 posse
756 5148 954 5206 cadere
1007 5155 1058 5205 in
1101 5169 1170 5206 vn
1224 5150 1495 5204 Kalendas
1535 5148 1774 5212 Martias,
1824 5166 1907 5203 rc-

359 5223 741 5289 spoudebinms
762 5224 1051 5277 obscurum
1077 5223 1234 5277 nobis
1261 5237 1291 5274 e
1326 5235 1384 5273 se
1411 5231 1572 5288 atque
1606 5221 1908 5286 incomper-

360 5299 492 5360 tutu,
553 5296 824 5360 quodnam
881 5294 1043 5347 fuerit
1099 5309 1350 5359 magnum
1406 5292 1534 5343 illud
1585 5289 1902 5353 Sabbatum,

359 5359 508 5425 cujus
537 5359 884 5430 aSmyrnteis
915 5365 1058 5418 facta
1089 5375 1172 5418 est.
1201 5363 1420 5422 mentio,
1459 5372 1568 5413 tum
1604 5364 1655 5412 in
1681 5360 1904 5426 epistola

355 5433 421 5501 ad
469 5430 910 5487 l’hilomelieuses
965 5437 1030 5488 de
1071 5437 1332 5501 martyrio
1381 5431 1682 5499 l’olycarpi,
1715 5445 1822 5482 tum
1852 5431 1902 5483 in

358 5499 502 5552 Actis
550 5501 746 5554 l’iouii.
775 5505 1023 5571 Capellus
1068 5499 1281 5571 quidem
1327 5505 1556 5572 primum
1596 5502 1903 5572 rb‘abbatnm

355 5572 890 5640 Quadragesimzeita
910 5581 1087 5628 vocari
1119 5571 1467 5626 existimavit.
1510 5571 1675 5638 Cujus
1729 5572 1903 5636 conje-

355 5655 564 5693 cturam
607 5653 864 5710 sequetur
905 5647 994 5711 qui
1046 5647 1208 5696 volet.
1232 5644 1336 5696 Sed
1381 5659 1500 5696 cum
1540 5645 1678 5694 diem
1730 5642 1902 5708 ipsum

353 5723 458 5775 Ψιυ
484 5727 679 5778 Passus
717 5723 800 5769 est
835 5713 894 5766 Β.
933 5715 1283 5782 Polycarpus,
1317 5725 1396 5766 tot
1429 5715 1698 5779 tantisque
1746 5712 1901 5762 testi-

351 5786 544 5837 moniis
594 5784 935 5851 designatum
990 5788 1308 5850 habeamus,
1359 5785 1644 5853 septimum
1694 5783 1902 5838 scilicet

631 5882 898 5942 Pnaot.
933 5883 1048 5944 Gn.
1085 5881 1229 5944 ΧΧ.

2015 4589 2102 4639 ida
2144 4589 2193 4639 in
2235 4602 2338 4655 qua
2375 4588 2690 4654 martyrium
2729 4587 3008 4655 l’oiycarpi
3051 4588 3408 4642 describitur:
3455 4588 3602 4654 Πλη-

2015 4657 2248 4726 ρέστατα
2272 4657 2371 4726 τῆς
2393 4659 2519 4727 περὶ
2542 4656 2704 4709 αὑτοῦ
2731 4657 2949 4727 γραφῆς
2974 4656 3350 4727 περιεχούσης,
3370 4660 3492 4722 τοὺς
3516 4655 3598 4723 οἷς

2013 4728 2161 4796 φίλον
2214 4729 2305 4779 ἐπὶ
2357 4726 2559 4798 ταύτην
2608 4726 3022 4796 ἁναπέμῴομεν.
3062 4726 3127 4798 Et
3159 4745 3208 4780 ιιι
3247 4726 3349 4780 huc
3376 4731 3594 4797 quidem

2013 4795 2242 4852 fortasse
2269 4795 2734 4866 excusari-potest
2775 4795 3061 4850 Eusebius.
3102 4795 3158 4850 lu
3187 4812 3250 4852 eo
3282 4795 3413 4852 vero
3450 4807 3593 4868 quod

2011 4869 2280 4932 Pionium,
2316 4868 2704 4931 Metrodorum,
2750 4868 2983 4933 Carpntn
3026 4879 3079 4920 et
3117 4867 3354 4936 reliquos
3399 4867 3590 4936 passos

2010 4955 2128 4992 esse
2172 4940 2448 4992 existimat
2495 4942 2792 5005 principatu
2838 4936 3004 4989 Marci
3063 4940 3342 5001 Antonini,
3401 4941 3588 4992 tisden:

2014 5011 2344 5078 temporibus
2379 5011 2574 5078 quibus
2610 5024 2796 5076 passus
2829 5018 2910 5060 est
2943 5006 3293 5078 l’olyearpns,
3334 5026 3491 5063 nemo
3525 5011 3589 5062 il-

2011 5080 2116 5132 lum
2143 5095 2408 5132 excusare
2460 5095 2694 5146 unquam
2732 5088 2926 5144 potest.
2962 5079 3172 5146 Quippe
3197 5095 3264 5132 ex
3287 5078 3434 5130 Actis
3467 5081 3589 5131 Pio-

2011 5153 2105 5215 nii,
2138 5159 2192 5202 et
2235 5165 2297 5202 ex
2331 5151 2474 5201 Actis
2509 5149 2668 5216 Carpi
2717 5159 2770 5201 et
2818 5147 3025 5216 Papult,
3077 5160 3292 5203 constat
3329 5150 3445 5202 illos
3497 5165 3586 5202 re-

2009 5233 2206 5288 gnaute
2225 5220 2382 5273 Decio
2399 5220 2628 5273 subiisse
2645 5236 2724 5271 ma
2737 5221 3230 5286 rtyriuin.,Czutsam
3250 5223 3454 5272 erroris
3479 5220 3552 5272 Ειι
3567 5250 3586 5258 -

2009 5294 2157 5344 schio
2200 5292 2446 5356 praebuit,
2490 5291 2634 5357 quod
2660 5291 2786 5341 Acta
2824 5289 2911 5341 illa
2945 5290 3112 5342 l’ionii
3145 5302 3199 5343 et
3235 5291 3395 5357 Carpi
3422 5291 3583 5342 simul

2009 5375 2128 5412 cum
2160 5361 2300 5412 Actis
2341 5361 2604 5426 passionis
2636 5361 2809 5412 sancti
2840 5359 3119 5428 Polycarpi
3153 5362 3206 5411 in
3256 5376 3361 5415 uuo
3397 5364 3584 5414 codice

2007 5441 2282 5498 compacta
2324 5428 2656 5497 legebantur.
2690 5429 2776 5494 ιΕιί
2819 5446 2926 5497 quo
2965 5434 3270 5498 suspicatus
3306 5443 3388 5482 est
3418 5431 3584 5484 Euse-

2009 5502 2128 5552 hius
2151 5501 2267 5552 illos
2301 5515 2407 5550 uno
2428 5501 2725 5567 eodemque
2751 5513 2992 5567 tempore
3017 5515 3203 5567 passos
3227 5501 3414 5561 fuisse.

2078 5570 2212 5643 (88⁸)
2263 5569 2750 5643 Ἑντεταγμένην.
2818 5570 3138 5643 Al.__impr.,
3184 5571 3584 5643 ὲντεταγμένη,

2010 5627 2264 5702 ηἰιξῖιιηὶιη
2298 5627 2625 5709 typograph.
2658 5627 2866 5692 errore.
2908 5627 3066 5691 Eutr.

2077 5711 2185 5781 (89)
2231 5709 2413 5778 Ἑξῆς
2440 5710 2506 5762 δὲ
2533 5710 2629 5761 καὶ
2662 5709 2866 5763 ἄλλων
2892 5709 2956 5762 ἐν
2980 5710 3286 5779 Περγάμῳ.
3313 5712 3471 5767 Hunc
3511 5713 3582 5764 lo-

2005 5798 2126 5838 cum
2163 5787 2238 5837 ita
2263 5783 2476 5852 accepit
2497 5781 3065 5853 .Christophorsonus,
3093 5799 3246 5852 quasi
3279 5788 3410 5835 Acta
3442 5801 3591 5835 mar-

3284 5885 3354 5938 12
