4016 6260
416 325 521 382 3'55

1128 322 1395 381 EUSEBll
1431 318 1911 378 CESARIENSIS
1949 316 2098 375 OPP.
2135 317 2317 375 PARS
2354 315 2395 372 Ι.
2431 348 2502 360 --
2538 314 2933 376 HISTORICA.

3557 310 3667 370 τοι

410 444 596 512 Atque
625 441 714 497 hic
737 439 919 497 exitus
950 436 1249 494 admirandi
1277 436 1423 490 illius
1465 445 1518 488 et
1559 433 1834 503 apostolici
1881 431 1980 488 Po-

2092 430 2518 503 μαρτυρηκὸτων
2555 431 2800 505 φέρεται,
2843 429 3077 503 Κάρπου
3116 426 3210 482 καὶ
3242 424 3520 493 Παπῦλου,
3569 425 3670 481 καὶ

408 536 525 609 lyca
540 536 620 607 rpi
657 554 671 591 :
706 535 863 605 cujus
886 533 1135 591 ordinem
1154 544 1218 585 ac
1239 528 1435 583 seriem
1469 526 1661 581 fratres
1689 525 1984 597 Smyrnen-

408 627 484 684 sis
519 627 794 690 Ecclesiae,
830 626 881 679 in
911 638 972 678 ea
999 637 1158 693 quam
1198 620 1432 675 diximus
1457 616 1681 686 epistola
1712 620 1984 673 memoria:

2091 523 2350 592 γυναικὸς
2383 523 2756 595 Ἀγαθονίκης,
2787 523 2923 595 μετὰ
2945 521 3203 586 πλείστας
3225 521 3317 578 καὶ
3346 520 3670 591 διαπρεπεῖς

2091 617 2378 687 ὁμολογίας
2402 617 2662 684 ὲπιδόξως
2684 615 3139 687 τετελειωμένων.

408 720 785 789 prodiderunt.
819 715 925 770 Sea
956 724 1013 769 et
1035 714 1136 767 alia
1163 710 1420 782 martyria
1453 710 1555 765 sub
1601 710 1740 765 idem
1774 718 1984 781 tempus

404 826 516 882 quo
546 811 878 882 Polycarpus
918 821 1109 878 passus
1147 813 1247 869 est,
1302 804 1440 872 apud
1486 803 1781 876 Smyrnam
1832 801 1999 866 facta,
2042 803 2096 858 in
2160 803 2348 856 eadem
2416 799 2641 868 epistola
2673 799 3003 871 conjunctim
3053 798 3326 869 leguntur.
3370 795 3429 850 In
3472 794 3672 866 quibus

406 914 458 958 et
487 904 829 960 Metrodorus
860 900 1100 970 quidam,
1130 898 1223 969 qui
1287 895 1579 952 Marcionis
1636 904 1796 950 sectae
1836 894 2127 966 presbyter
2189 895 2493 956 dicebatur,
2540 891 2771 946 flammis
2818 899 3178 961 consumptus
3232 888 3456 944 interiit.
3511 887 3672 943 Cele—

374 978 383 1002 ’
414 1002 684 1058 berrimus
711 1012 929 1070 quoque
961 996 1105 1051 inter
1139 994 1381 1062 reliquos
1438 990 1554 1061 ejus
1620 991 1877 1061 temporis
1904 1000 2171 1062 martyres
2211 988 2311 1044 fuit
2341 988 2586 1044 Pionius.
2651 985 2818 1057 Cujus
2875 986 3120 1055 singulas
3151 983 3524 1040 confessiones
3547 1023 3562 1046 ,
3591 997 3659 1038 ac

414 1098 716 1155 libertatem
742 1097 795 1150 in
833 1092 1080 1159 dicendo,
1106 1101 1273 1161 utque
1340 1104 1525 1145 coram
1590 1087 1805 1158 populis
1835 1102 1900 1142 ac
1959 1086 2277 1156 praesidibus
2344 1099 2441 1155 pro
2501 1083 2622 1139 fidei
2685 1094 2886 1138 nostrae
2932 1081 3249 1137 defensione
3283 1078 3618 1151 perorarerit
3651 1119 3670 1145 ,

413 1187 704 1246 conciones
763 1186 890 1238 item
949 1182 1016 1237 de
1086 1180 1424 1236 institutione
1491 1175 1639 1242 fidei,
1712 1189 1972 1247 praat‘erea
2014 1176 2446 1239 cohortationes,
2515 1183 2678 1244 atque
2731 1174 3079 1229 invitationcs
3140 1175 3204 1228 ad
3236 1188 3331 1228 cos
3357 1172 3448 1242 qui
3484 1186 3676 1243 perse-

414 1284 649 1341 cutionis
691 1289 938 1348 tempore
997 1276 1132 1347 lapsi
1168 1274 1383 1330 fuerant
1420 1292 1434 1329 :
1505 1272 1863 1327 allocutiones
1889 1273 2051 1327 etiam
2093 1281 2143 1326 et
2170 1269 2570 1325 consolationes
2608 1283 2747 1338 quas
2797 1268 2849 1322 in
2900 1282 3126 1323 carcere
3171 1268 3379 1337 positus
3417 1263 3671 1319 adeunti-

415 1384 514 1436 bus
539 1381 718 1445 ipsum
781 1375 1043 1430 fratribus
1108 1371 1398 1436 adhibuit;
1444 1384 1565 1440 quae
1600 1384 1765 1439 super
1804 1369 1892 1423 his
1938 1377 2244 1428 tormenta.
2288 1376 2632 1437 quantosque
2673 1365 2889 1420 dolores
2933 1362 3254 1418 sustinuerit
3312 1377 3329 1416 :
3392 1360 3673 1415 clavorum

413 1467 636 1535 insuper
668 1464 1024 1526 confixiones,
1065 1468 1121 1516 et
1159 1459 1464 1514 mirabilem
1512 1459 1565 1513 in
1623 1459 1806 1512 medio
1848 1471 1978 1525 rogo
2016 1456 2382 1510 constantiam
2450 1475 2463 1509 :
2529 1461 2761 1508 mortem
2805 1452 3037 1520 denique
3084 1452 3255 1523 ipsam
3300 1465 3422 1520 quae
3466 1459 3670 1504 cuncta

416 1561 505 1617 illa
534 1558 797 1615 miracula
836 1556 1122 1612 subsecuta
1185 1564 1288 1622 est,
1315 1554 1362 1611 si
1423 1553 1516 1623 qui
1546 1552 1731 1608 volent
1790 1564 2146 1622 cognoscere,
2186 1564 2280 1606 eos
2318 1549 2384 1605 ad
2429 1547 2711 1619 epistolam
2778 1546 2845 1601 de
2877 1545 3019 1600 illius
3072 1543 3336 1615 martyrio
3395 1542 3667 1596 uberrime

412 1651 777 1721 conscriptam
834 1648 1213 1716 amandamus,
1256 1661 1419 1717 quam
1479 1660 1580 1702 nos
1630 1645 1684 1699 in
1745 1658 1910 1715 opere
1962 1646 2027 1699 de
2067 1641 2261 1713 priscis
2313 1639 2641 1712 martyribus
2695 1653 2928 1709 quorum
2997 1636 3279 1708 passiones
3329 1635 3671 1705 collegimus.

417 1744 581 1816 136
599 1742 794 1799 ordine
855 1755 955 1796 suo
989 1739 1336 1795 inseruimus.
1393 1738 1640 1793 Aliorum
1674 1749 1939 1809 praeterea
1967 1736 2060 1806 qui
2101 1735 2152 1789 in
2191 1734 2324 1789 urbe
2356 1734 2498 1788 Asia:
2527 1733 2795 1803 Pergamo
2838 1729 2939 1787 sub
2982 1729 3036 1785 id
3086 1738 3295 1798 tempus
3345 1730 3672 1800 martyrium

413 1838 557 1909 passi
594 1844 741 1900 sunt,
769 1835 904 1889 Acta
940 1833 1240 1890 etiamnum
1291 1829 1772 1897 circumferuntur,
1818 1830 1981 1898 Carpi
2018 1829 2289 1891 videlicet,
2360 1824 2584 1893 Papuli,
2649 1833 2705 1880 et
2746 1822 2994 1878 mulieris
3041 1819 3323 1889 cujusdam
3368 1819 3668 1892 AgathOni-

412 1945 489 1987 cae
520 1947 535 1984 :
565 1930 657 2000 qui
702 1940 823 2000 post
859 1927 1060 1983 multas
1093 1935 1255 1995 atque
1312 1924 1553 1980 illustres
1595 1924 1721 1980 fidei
1780 1931 1979 1977 nostra:
2015 1922 2388 1978 confessiones
2428 1919 2665 1991 glorioso
2698 1918 2848 1972 exitu
2881 1916 3246 1972 consummati
3272 1923 3419 1971 stmt.

980 2105 1211 2165 CAPUT
1262 2104 1402 2161 XVI.

408 2227 689 2296 Quomodo
745 2225 992 2296 Justinus
1043 2221 1409 2296 pftilosoplius_
1437 2218 1740 2296 religionem
1787 2216 1986 2273 Christi

619 2297 795 2351 Romae
834 2294 1133 2364 praedicans
1188 2290 1503 2361 martyrium
1555 2290 1770 2344 meruit.

479 2478 674 2534 Iisdem
703 2468 1041 2546 temporibus
1061 2484 1117 2529 et
1137 2471 1409 2536 Justinus,
1452 2469 1611 2542 cujus
1637 2485 1801 2540 supra
1834 2485 1989 2524 men-

408 2573 607 2630 tionem
629 2570 875 2636 fecimus,
900 2584 1024 2625 cum
1048 2570 1279 2624 alterum
1297 2567 1494 2623 librum
1515 2580 1615 2637 pro
1638 2565 1762 2621 fidei
1787 2574 1987 2620 nostrae

408 2663 726 2720 defensione
760 2659 1182 2732 imperatoribus
1205 2657 1458 2728 superius
1492 2655 1811 2711 memoratis
1828 2655 1986 2709 obtu-

408 2757 587 2819 lisset,
622 2769 781 2810 sacro
812 2753 1076 2825 martyrio
1103 2758 1399 2807 exornatus
1425 2757 1510 2804 est
1541 2747 1736 2803 fraude
1769 2761 1837 2802 ac
1871 2759 1987 2799 ma-

409 2846 815 2903 chlnationibus
851 2832 1169 2900 Crescentis'
1204 2841 1557 2911 philosophi,
1612 2838 1706 2909 qui
1760 2837 1986 2892 vivendi

408 2940 674 2994 rationem
716 2949 941 3006 prorsus
992 2933 1408 2990 convenientem
1447 2947 1511 2987 ac
1564 2930 1984 3001 respondentem

407 3028 626 3100 Cynicae
686 3025 1028 3098 appellationi
1080 3022 1460 3080 aemulabatur.
1501 3023 1671 3091 Quem
1715 3037 1837 3078 cum
1892 3018 1987 3080 llle

406 3123 695 3192 disputans
719 3120 1072 3175 audientibus
1098 3117 1347 3190 plurimis
1371 3116 1724 3182 convicisset,
1764 3115 1984 3170 tandem

410 3214 661 3268 veritatis
694 3213 838 3267 illius
865 3227 1028 3283 quam
1059 3213 1472 3283 praedicaverat,
1510 3196 1797 3280 praemium
1839 3222 1986 3261 mar-

407 3303 550 3374 tyrio
597 3311 922 3358 consecutus
978 3311 1080 3359 est.
1142 3302 1297 3357 llunc
1346 3310 1530 3356 autem
1586 3301 1794 3356 exitum
1836 3300 1982 3364 vitae,

406 3393 546 3446 idem
587 3393 677 3449 ille
721 3407 867 3448 verae
902 3395 1184 3464 sapientiae
1222 3393 1661 3449 studiosissimus
1714 3401 1980 3458 sectator,

2602 2079 2998 2133 ΚΕΦΑΛΑΙΟΝ
3027 2080 3147 2146 ις’.

2093 2194 2641 2266 ὍπωςχἹουστῖνος
2687 2197 2721 2250 ὀ
2774 2196 3108 2266 φιλόσοφος
3136 2195 3244 2249 τὸν
3288 2196 3546 2266 Χριστοῦ
3573 2196 3675 2253 λό-

2087 2282 2200 2336 γον
2226 2264 2327 2318 ἐπὶ
2350 2264 2461 2335 τῆς
2510 2264 2811 2339 Ῥωμαιωῄ
2847 2269 3081 2339 added);
3119 2264 3465 2339 πρεσϐεύων
3493 2270 3675 2339 ἐμαρ-

2444 2335 2869 2407 τύρησεν(Νἰο.
2906 2337 2978 2394 Η.
3006 2336 3074 2391 Ε.
3152 2353 3238 2405 ttt,
3269 2338 3382 2413 32).

2158 2471 2318 2526 Κατὰ
2343 2470 2565 2536 τούτους
2593 2471 2648 2524 δὲ
2678 2471 2771 2524 καὶ
2796 2471 2824 2524 ὁ
2855 2469 3036 2543 μικρῷ
3072 2471 3306 2542 πρόσθεν
3336 2472 3466 2543 ἡμῖν
3499 2471 3674 2544 δηλω-

2089 2562 2201 2627 θεὶς
2240 2564 2543 2628 Ἰουστῖνος,
2576 2562 2827 2633 δεύτερον
2852 2562 2992 2634 ὑπὲρ
3019 2561 3126 2615 τῶν
3154 2561 3277 2615 καθ’
3306 2563 3454 2633 ἡμᾶς
3473 2562 3674 2634 δογμά-

2086 2673 2194 2709 των
2227 2654 2429 2726 βιϐλίον
2452 2654 2680 2718 ἀναδοὺς
2710 2654 2818 2725 (90)
2854 2656 2967 2719 τοῖς
2998 2652 3388 2726 δεδηλωμένοις
3421 2655 3671 2727 ἄρχουσι,

2089 2748 2220 2819 Θείῳ
2248 2749 2681 2819 κατακοσμεῖται
2717 2746 3034 2818 μαρτυρίῳ,
3077 2747 3366 2817 φιλοσόφου
3399 2746 3672 2818 Κρίσκεν-

2086 2858 2179 2905 τος
2233 2841 2345 2913 (τὸν
2391 2839 2710 2912 φερώνυμον
2740 2840 2795 2893 δὲ
2816 2834 2971 2903 οὗτος
2996 2842 3062 2911 τῇ
3089 2841 3298 2911 Κυνικῇ
3332 2841 3671 2914 προσηγορίᾳ

2088 2930 2202 3002 βίον
2231 2947 2290 2984 τε
2307 2930 2612 3004 καὶτρόπον
2638 2928 2864 3004 ἐζήλου)
2895 2930 2991 3002 τὴν
3024 2930 3316 3003 ἐπιϐουλὴν
3358 2932 3503 3003 αὐτῷ
3536 2948 3672 2986 κατ·-

2086 3021 2443 3096 αρτύσαντος,
2473 3023 2705 3095 ἐπείπερ
2737 3022 3024 3087 πλεονάκις
3077 3024 3134 3077 ἐν
3171 3023 3436 3092 διαλόγοις
3471 3023 3673 3096 ἀκροα-

2085 3115 2194 3171 τῶν
2218 3115 2501 3189 παρόντων
2532 3115 2640 3189 (91)
2669 3114 2895 3180 εὐθύνας
2927 3114 3088 3169 αὑτὸν
3110 3155 3125 3179 ,
3153 3113 3223 3169 τὰ
3262 3116 3553 3187 νικητήρια
3583 3132 3673 3168 τε·

2084 3209 2289 3265 λευτῶν
2318 3210 2458 3283 ὑπὲρ
2495 3206 2563 3283 ἧς
2591 3210 2920 3282 ἐπρέσϐευεν
2948 3209 3201 3281 ἀληθείας
3223 3250 3239 3274 ,
3267 3208 3358 3263 διὰ
3399 3209 3493 3263 τοῦ
3525 3227 3670 3283 μαρ-

2084 3303 2270 3375 τυρίου
2293 3303 2385 3357 τοῦ
2414 3304 2532 3356 κατ’
2567 3303 2729 3356 αὐτὸν
2758 3302 3074 3375 ἀνεδήσατο.
3118 3301 3287 3356 Τοῦτο
3329 3302 3386 3355 δὲ
3434 3302 3529 3356 καὶ
3572 3303 3673 3357 αὐ-

2084 3393 2175 3458 τὸς
2200 3396 2360 3459 ὁταίς
2384 3394 2665 3466 ἀληθείαις
2692 3393 3146 3466 φιλοσοφώτατος,
3179 3396 3236 3448 ὲν
3264 3397 3330 3466 τῇ
3360 3394 3669 3466 δεδηλωμέ-

406 3486 465 3540 in
506 3488 822 3554 supradicto
869 3488 1203 3560 Apologelico
1257 3496 1443 3555 aperte
1489 3496 1654 3557 prout
1713 3494 1834 3540 erat
1879 3486 1980 3556 ipsi

2088 3504 2152 3559 νῃ
2199 3488 2518 3559 Ἀπολογίᾳ
2544 3488 2729 3558 σαφῶς
2752 3487 2924 3552 οὕτως
2941 3526 2957 3550 ,
2987 3486 3174 3559 ὥσπερ
3203 3482 3296 3542 οὖν
3323 3488 3417 3541 καὶ
3448 3485 3671 3559 ἔμελλεν

407 3592 578 3648 prope
616 3579 758 3633 diem
795 3592 1112 3645 eventurus,
1149 3579 1394 3647 praedicit
1438 3579 1526 3635 his
1552 3578 1737 3634 verbis
1767 3596 1781 3632 :
1825 3595 1844 3629 ι
1868 3577 1984 3648 Ego

406 3668 572 3724 etiam
611 3680 870 3740 exspecto
896 3681 957 3726 ut
983 3672 1050 3727 ab
1089 3672 1272 3741 aliquo
1314 3687 1505 3726 eorum
1542 3673 1633 3742 qui
1670 3670 1982 3741 philosophi

407 3763 767 3833 appellantur,
803 3765 1015 3821 insidiis
1045 3775 1287 3836 apprtar,
1340 3773 1397 3819 et
1443 3766 1495 3818 in
1546 3779 1777 3819 nervum
1821 3778 1979 3818 com-

404 3974 593 4039 tyrumﬁ
622 3966 784 4036 Carpi
812 3977 866 4023 et
891 3967 1101 4036 Papuli,
1137 3966 1191 4039 in
1231 3967 1418 4022 eadem
1443 3967 1534 4021 illa
1572 3965 1977 4039 Smyrnaeorum

403 4037 630 4106 epistola
661 4038 1090 4093 continerentur.
1127 4037 1283 4103 Quod
1312 4048 1489 4091 tamen
1525 4037 1711 4092 verum
1741 4054 1847 4091 non
1883 4054 1985 4105 pu-

406 4119 482 4165 to.
511 4107 694 4180 Neque
733 4110 875 4180 enim
916 4110 1211 4163 verisimile
1234 4118 1346 4180 est,
1377 4107 1687 4180 Smy_rnaaos
1726 4112 1983 4180 martyria

404 4194 526 4248 qua:
571 4177 817 4247 Pergami
840 4189 990 4248 gesta
1028 4188 1205 4242 erant,
1232 4179 1284 4230 in
1323 4178 1550 4248 epistola
1584 4193 1679 4233 sua
1713 4177 1983 4234 retaliSse.

405 4247 743 4320 Probabilius
763 4247 865 4312 est,
884 4250 1012 4302 Acta
1045 4251 1159 4320 haec
1190 4258 1488 4320 martyrum
1529 4247 1983 4320 Pergamenorum

403 4335 433 4371 a
464 4318 760 4389 Smyrnaeis
810 4321 892 4374 vel
928 4335 957 4372 a
1009 4318 1525 4389 quibusdatn'_aliis,
1560 4318 1630 4371 ob
1680 4322 1984 4389 argumenti

403 4386 827 4461 similitudinem
848 4386 1040 4459 postea
1067 4387 1319 4461 adjuncta
1338 4386 1506 4443 fuisse
1534 4386 1985 4461 epistulaeSmyr-

406 4474 666 4527 nazorum,
712 4469 767 4514 et
815 4459 870 4513 in
902 4474 1070 4513 unum
1110 4459 1263 4528 quasi
1307 4473 1504 4528 corpus
1533 4459 1772 4513 redacta.
1807 4459 1983 4528 Attjue

404 4531 476 4585 ita
520 4531 663 4584 hunc
702 4529 875 4583 locum
923 4527 1138 4597 cepisse
1170 4527 1790 4597 videtur’Nieephorus.
1838 4531 1981 4585 Duas

404 4615 569 4670 porro
598 4600 854 4671 epistolas
883 4601 1291 4671 Smyrnteornm
1328 4598 1494 4653 fuisse
1527 4600 1814 4671 existimo:
1844 4600 1979 4655 alte-

2089 3580 2213 3634 ὃσον
2238 3578 2388 3634 οὔπω
2421 3581 2551 3652 περὶ
2574 3579 2736 3634 αὐτὸν
2777 3578 3152 3651 συμϐήσεσθαι
3172 3619 3187 3643 ,
3215 3577 3503 3651 προλαϐὼν
3532 3579 3670 3633 ἀπο-

2092 3671 2343 3743 σημαίνει
2370 3671 2579 3737 τούτοις
2618 3673 2801 3736 αὐτοῖς
2844 3673 2958 3735 τοῖς
3007 3671 3251 3743 ῥήμασιο
3304 3690 3324 3723 ι
3364 3670 3535 3740 Κάγὼ
3574 3665 3667 3727 οὖν

2091 3764 2374 3837 προσδοκῶ
2400 3765 2504 3819 ὑπό
2534 3782 2678 3831 τινος
2704 3765 2812 3821 τῶν
2843 3764 3246 3837 ὠνομασμένων
3279 3764 3665 3837 ἐπιϐουλευθῆ-

2086 3965 2661 4039 Animadversipnibus
2692 3966 3033 4039 Eusebianis,
3073 3983 3196 4039 pag.
3238 3967 3364 4032 9.0!,
3404 3968 3480 4022 ait
3518 3967 3666 4039 hunc

2089 4040 2389 4092 secundum
2448 4035 2646 4108 .iustini
2706 4035 3340 4108 Apologetictmifcujus
3389 4040 3491 4094 hoc
3543 4038 3665 4093 loco

2089 4108 2418 4162 mentionem
2451 4105 2581 4161 facit
2621 4105 2902 4171 Eusebius,
2952 4109 3114 4163 hodie
3158 4105 3266 4164 non
3307 4122 3547 4171 exstare,
3578 4108 3664 4162 id-

2087 4191 2193 4246 que
2219 4177 2395 4247 palam
2419 4192 2540 4233 esse
2576 4177 2826 4233 afﬁrmat.
2874 4178 2932 4232 In
2973 4193 3082 4246 quo
3116 4191 3292 4233 tamen
3333 4180 3489 4248 longe
3517 4178 3659 4230 fatli-

2089 4258 2196 4319 tur.
2259 4248 2472 4302 Etenim
2528 4249 2814 4319 Eusebius,
2867 4257 3148 4319 postquam
3203 4249 3338 4303 dixit
3384 4247 3658 4304 Justinum

2086 4318 2464 4442 pihilosopbum
2511 4318 2802 4401 secundam
2841 4318 2950 4401 pro.
2983 4320 3308 4401 Chrisuanis
3334 4319 3654 4389 Apologiam

2143 4428 2157 4442 .
2204 4388 2423 4442 Aurelio
2464 4390 2741 4442 Antonino
2784 4388 3064 4442 obtulisse.
3117 4399 3300 4442 statim
3345 4406 3411 4442 ex
3464 4390 3654 4442 eadem

2143 4428 2157 4444 .
2204 4388 2423 4443 Aurelio
2464 4390 2741 4445 Antonino
2784 4388 3064 4450 obtulisse,
3117 4389 3300 4443 statim
3345 4406 3411 4444 ex
3464 4390 3656 4444 eadem

2083 4460 2331 4530 oratione
2365 4458 2632 4530 insignem
2676 4459 2863 4530 locum
2909 4457 3087 4530 affert,
3138 4475 3245 4530 quo
3273 4457 3521 4515 Justinus
3558 4461 3660 4513 ad-

2083 4544 2271 4585 versus
2298 4527 2644 4584 Crescentem
2663 4527 2926 4599 Cynicum
2956 4527 3330 4599 philosophum
3362 4531 3656 4589 invehitur.

2085 4601 2186 4666 Qui
2218 4601 2434 4670 quidem
2485 4599 2635 4655 locus
2684 4598 2844 4670 hodie
2873 4598 3052 4654 exstat
3096 4600 3153 4670 in
3195 4598 3447 4670 Apologia
3469 4602 3651 4670 prima

404 4666 520 4725 ram
557 4666 676 4739 qua:
704 4672 771 4725 de
801 4666 1107 4742 Polycar-pi,
1139 4669 1364 4742 alteram
1395 4685 1514 4739 quae
1536 4671 1601 4742 de
1632 4669 1818 4742 Pioniir
1837 4686 1981 4742 mar-
2013 4666 2057 4721 ι)
2085 4666 2324 4736 ejusdem
2342 4668 2561 4742 J‘ustini,
2588 4686 2708 4740 pag.
2725 4667 2797 4742 46
2821 4670 3072 4742 editionis
3095 4666 3418 4742 Parisiensis
3448 4666 3660 4726 Graeco-

404 4743 547 4813 tyrio
586 4755 830 4813 seorsum
879 4741 1390 4813 comntemoraverit
1422 4761 1434 4795 :
1471 4741 1690 4813 quibus
1738 4741 1981 4813 subjecta

401 4810 559 4867 erant
588 4811 718 4865 Acta
743 4813 1011 4882 passionis
1045 4813 1206 4881 Carpi
1235 4820 1291 4865 et
1320 4811 1528 4881 Papnli.
1563 4810 1725 4866 Certe
1762 4811 1983 4866 Pionius

404 4884 642 4952 itemque
673 4882 881 4952 Carpus
911 4893 965 4938 et
1000 4884 1252 4953 Papulus,
1290 4883 1452 4936 Decio
1478 4883 1799 4950 imperante,
1835 4897 1982 4936 mar-

405 4954 606 5024 tyrium
640 4955 784 5021 passi
814 4964 962 5013 sunt.
992 4963 1051 5008 nt
1079 4952 1271 5024 eorum
1301 4952 1433 5006 Acta
1471 4954 1735 5022 hodieque
1772 4961 1976 5024 testati-‘-

404 5023 515 5079 tur.
541 5025 723 5089 Quare
743 5026 922 5091 passio
947 5024 1159 5078 illorum
1188 5023 1515 5093 referrinon
1548 5025 1721 5093 potuit
1751 5024 1802 5077 in
1830 5023 1975 5077 dicta

402 5096 808 5165 Smyrnteorunt
840 5095 1090 5165 epistola,
1120 5109 1241 5161 qua:
1287 5093 1357 5148 de
1388 5092 1692 5165 Polyrcarpi_
1716 5093 1975 5165 martyrio

401 5162 580 5220 adhuc
601 5162 815 5232 recenti
857 5162 1057 5232 scripta
1091 5175 1177 5219 est
1210 5166 1276 5219 ad
1320 5164 1615 5219 Ecclesium
1665 5162 1971 5218 Philomelii

405 5232 738 5305 temporibus
765 5230 931 5305 Marci
959 5230 1245 5305 Antonini.
1277 5232 1741 5305 VideﬂBaronium
1773 5233 1848 5305 ad
1870 5247 1974 5305 an-

402 5302 532 5358 nuni
575 5303 778 5360 Christi
837 5302 961 5365 169.
1006 5318 1127 5374 cap.
1171 5303 1263 5371 22,
1311 5314 1364 5358 et
1413 5304 1686 5360 Usserium
1722 5305 1775 5358 in
1836 5302 1973 5374 libro

404 5375 481 5428 De
507 5391 645 5428 anno
678 5374 841 5429 solari
867 5373 1215 5429 Maceddnum
1238 5384 1287 5430 et
1323 5375 1661 5440 Asianorum,
1692 5389 1811 5441 cap.
1843 5373 1897 5427 '5.
1929 5392 1934 5396 ·

474 5444 586 5531 L99)
627 5446 909 5531 Δεύτερον
947 5443 1126 5531 esse.
1146 5443 1270 5527 ῖιῖης
1294 5447 1422 5531 rem?
1463 5442 1619 5531 areis
1666 5443 1975 5527 δογμάτων

396 5516 644 5583 βιϐλίον
666 5517 947 5582 ἀναδούς.
968 5516 1236 5571 Eusebius
1258 5517 1395 5570 inl‘ra
1413 5532 1530 5586 cap.
1548 5520 1566 5569 l
1582 5519 1610 5567 Ἰ
1649 5517 1976 5586 mentionem

401 5592 599 5641 iterum
647 5589 774 5643 facit
827 5590 985 5656 hujus
1025 5587 1247 5641 secundi
1292 5584 1636 5657 Apologetici,
1679 5600 1843 5657 quem
1883 5584 1978 5639 Lu-

401 5658 581 5713 stinus
630 5659 771 5729 imp.
803 5658 876 5712 M.
925 5658 1147 5729 Aurelio
1188 5656 1975 5729 Antonino,proﬁnristianis

400 5726 971 5798 dicaveratflﬂjusdetn
1004 5728 1127 5782 libri
1153 5729 1399 5783 meminit
1421 5728 1582 5781 etiam
1614 5726 1975 5798 Hieronymus

403 5801 457 5855 in
478 5816 642 5869 opere
693 5797 766 5866 ee
810 5801 1150 5868 scriptoribus
1199 5797 1580 5855 ecclesiasticis.
1619 5797 1864 5867 Scaliger
1917 5798 1970 5854 in

2086 4734 2310 4796 Latinae.
2340 4734 2537 4795 Verum
2575 4734 2627 4794 in
2659 4734 2898 4809 vitlgatis
2925 4740 3125 4795 .lnstini
3149 4740 3501 4804 editionihus,
3534 4757 3658 4796 ora-

2086 4813 2262 4866 tiones
2286 4811 2430 4866 illins
2463 4811 2807 4880 apologeticaa
2845 4820 3175 4879 praepostero
3200 4813 3396 4866 ordine
3417 4811 3655 4867 colloca.

2085 4891 2150 4936 tte
2166 4892 2311 4937 sunt.
2337 4880 2469 4936 Nam
2498 4896 2615 4951 quae
2638 4881 2869 4935 secunda
2890 4885 3106 4949 ponitur
3137 4882 3190 4935 in
3230 4883 3445 4937 excusis
3466 4896 3653 4936 exem-

2081 4955 2349 5022 plaribus,
2379 4967 2443 5007 ea
2492 4954 2675 5022 priore
2713 4952 2832 5006 loco
2861 4952 2986 5020 poni
3022 4951 3227 5005 debuit.
3256 4951 3387 5017 Quae
3432 4966 3564 5022 vero
3592 4951 3649 5004 in

2078 5021 2406 5078 editionibus
2440 5021 2612 5093 prima
2644 5031 2975 5083 recensetnr,
3005 5031 3059 5093 et
3095 5023 3161 5075 ad
3185 5033 3425 5093 senatum
3455 5021 3652 5076 Roma-

2081 5109 2209 5147 num
2234 5091 2492 5161 inscripta
2506 5104 2610 5159 εει,
2628 5108 2689 5145 ea
2721 5093 3019 5162 posteriore
3047 5092 3164 5147 loco
3180 5091 3433 5147 collocari
3467 5094 3644 5153 debet,

2082 5162 2579 5238 utpluribusinfra
2609 5162 3069 5238 dicturi_sumus._
3243 5231 3293 5238 __
3425 5230 3463 5238 _
3543 5225 3554 5238 .

2151 5230 2260 5308 (91)
2299 5231 2628 5308 Ἀκροατῷν
2657 5232 3009 5308 Απᾳρόντων.
3041 5231 3126 5308 _I_t_a
3169 5231 3381 5308 quidem
3417 5230 3645 5308 _Regins.

2082 5300 2189 5376 Sed
2216 5300 2448 5374 quatuor
2478 5304 2692 5376 reliqui,
2733 5300 2936 5376 hlazar.
2977 5300 3279 5376 scilicet'ac
3312 5300 3474 5376 Med"
3520 5312 3643 5376 einu

2082 5371 2297 5429 Fukfet
2343 5371 2637 5440 Saviliano,
2689 5375 2947 5442 scriptum
3002 5375 3220 5437 habent,
3248 5373 3333 5425 ἐπ’
3363 5371 3646 5440 ἀκροατῶθ

2079 5446 2306 5510 εὐθύνας
2343 5447 2525 5512 αὐτόν,
2555 5446 2696 5513 quod
2740 5444 2954 5513 quidem
3007 5445 3134 5499 mihi
3167 5445 3380 5496 videtur
3424 5442 3644 5513 elegan-

2077 5520 2202 5574 tius.
2241 5508 2409 5572 Porro
2442 5508 2559 5571 haec
2574 5508 2838 5586 periodus
2865 5528 2987 5586 cum
3020 5515 3070 5586 in
3103 5515 3292 5586 (ἔνωςο
3323 5508 3543 5564 confusa
3575 5510 3644 5561 sit

2074 5602 2136 5640 ac
2169 5588 2502 5657 perturbata,
2530 5584 2744 5659 induas
2767 5599 2796 5659 a
2828 5584 2981 5640 nobis
3007 5584 3177 5637 divisa
3209 5591 3312 5647 est,
3355 5590 3415 5634 ut
3452 5592 3645 5659 sensus

2072 5660 2311 5781 ape‘t'tior
2344 5658 2678 5715 redderetur.
2722 5656 2889 5726 quue
2920 5665 3083 5711 etiam
3117 5659 3242 5709 ante
3269 5665 3368 5709 nos
3395 5656 3646 5720 praestitit

2126 5748 2154 5781 u
2180 5743 2322 5781 mus.

2096 5731 2322 5786 ὶυίίιιιιε.
