4016 6260
342 345 446 403 365

1342 347 1690 405 HISTORIA?
1731 346 2291 405 ECCLESIASTlC/E
2331 347 2472 404 LIB.‘
2501 348 2588 405 IV.

3489 353 3596 410 366

346 477 454 522 ναι,
495 459 589 512 καὶ
627 458 774 530 ξύλῳ
818 460 1160 530 ἐντιναγῆναι
1194 458 1329 531 (92),
1359 460 1392 532 ἢ
1420 462 1514 514 καὶ
1539 461 1643 514 ὑπὸ
1666 462 1904 534 Κρεσκεν

2035 462 2231 532 piugar
2262 480 2274 514 :
2309 462 2381 515 ab
2414 464 2529 531 ipso
2558 459 2786 518 forsitan
2835 462 3148 528 Crescente,
3183 479 3330 521 vera:
3358 468 3596 537 philoso-

346 568 436 615 τος
461 549 555 604 τοῦ
586 551 918 621 ἀφιλοσόφου
953 552 1047 604 καὶ
1072 551 1428 622 φιλοκόμπου.
1465 552 1538 604 οὐ
1567 553 1674 624 γὰρ
1719 553 1930 623 φιλόσο-

349 661 446 713 φον
472 644 646 695 εἰπεῖν
674 642 824 708 ἄξιον
859 643 950 696 τὸν
979 642 1146 714 ἄνδρα
1168 682 1183 705 ,
1217 643 1276 706 ὅς
1301 660 1365 713 γε
1400 645 1527 714 περὶ
1573 637 1647 698 ὧν
1695 644 1768 716 μὴ
1811 645 1929 697 ἐπί-

347 754 537 790 σταται
568 737 807 808 δημοσίᾳ
851 739 1298 809 καταμαρτυρεῖ,
1338 738 1414 801 ὡς
1454 738 1626 791 ἀθέων
1667 739 1759 792 καὶ
1801 738 1929 791 ἀσε-

345 830 455 884 ϐῶν
489 830 833 902 Χριστιανῶν
874 829 1069 894 ὄντων,
1107 830 1243 901 πρὸς
1273 829 1431 903 χάριν
1462 832 1555 884 κα)¹
1585 830 1774 902 ἡδονὴν
1817 831 1926 882 τῶν

341 924 591 985 πολλῶν,
629 924 1062 995 πεπλανημένως
1107 922 1265 976 τοῦτο
1305 924 1559 994 πράττων
1607 922 1736 995 (95).
1774 923 1925 978 Εἴτε

340 1016 452 1086 γὰρ
485 1015 559 1088 μὴ
596 1014 835 1086 ἐντυχὼν
868 1019 978 1080 τοῖς
1007 1014 1102 1068 τοῦ
1146 1015 1383 1087 Χριστοῦ
1423 1016 1712 1087 διδάγμασι
1755 1034 1925 1072 κατα-

339 1107 524 1178 τρέχει
558 1110 590 1178 ἡ
601 1107 717 1178 μῶν
737 1147 752 1171 ,
788 1107 1146 1179 παμπόνηρός
1196 1109 1314 1160 ἐστι
1364 1108 1458 1161 καὶ
1491 1107 1714 1161 ἰδιωτῶν
1745 1108 1925 1179 πολλῷ

338 1197 560 1268 χείρων,
582 1199 630 1251 οἳ
653 1199 1011 1268 φυλάττονται
1034 1198 1290 1263 πολλάκις
1311 1200 1440 1272 περὶ
1463 1193 1535 1252 ὧν
1555 1201 1655 1253 οὐκ
1674 1201 1926 1254 ἐπίσταν-

335 1307 429 1344 ται
485 1289 826 1360 διαλέγεσθαι
852 1293 944 1345 καὶ
969 1291 1454 1364 ψευδομαρτυρεῖν.
1487 1293 1598 1346 Καὶ
1617 1295 1664 1346 εἰ
1689 1293 1924 1364 ἐντυχὼν

337 1381 414 1452 μὴ
445 1383 646 1453 συνῆκε
687 1383 747 1435 τὸ
779 1385 838 1436 ἐν
883 1383 1065 1446 αὐτοῖς
1105 1383 1388 1452 μεγαλεῖον
1413 1423 1428 1446 ,
1464 1385 1496 1454 ἢ
1545 1385 1725 1448 συνεὶς
1745 1425 1758 1447 ,
1786 1384 1924 1456 πρὸς

332 1474 396 1527 τὸ
430 1475 504 1546 μὴ
536 1475 940 1546 ὐποπτευθῆναι
971 1475 1209 1541 τοιοῦτος
1232 1477 1404 1530 ταῦτα
1431 1479 1594 1542 ποιεῖ,
1624 1477 1757 1532 πολὺ
1791 1478 1924 1548 μᾶλ-

331 1563 427 1618 λον
457 1565 688 1636 ἀγεννὴς
728 1567 823 1619 καὶ
856 1566 1240 1638 παμπόνηρος,
1280 1569 1553 1639 ἰδιωτικῆς
1604 1570 1697 1622 καὶ
1727 1569 1921 1639 ἀλόγου

330 1657 494 1728 δόξης
521 1660 615 1711 καὶ
664 1658 828 1726 φόϐου
859 1659 1094 1714 ἐλάττων
1138 1658 1234 1713 ῶν.
1273 1660 1382 1714 Καὶ
1413 1660 1520 1731 γὰρ
1553 1660 1823 1732 προθέντα
1854 1678 1921 1731 με

331 1750 428 1803 καὶ
453 1751 808 1820 ἐρωτήσαντα
830 1751 989 1804 αὑτὸν
1019 1753 1319 1823 ἐρωτήσεις
1342 1752 1493 1816 τινὰς
1519 1752 1789 1815 τοιαύτας,
1819 1770 1922 1824 μα-

2031 557 2170 624 phiae
2196 557 2407 626 ignaro,
2427 567 2481 611 et
2511 557 2768 611 vanitatis
2801 557 2976 625 potius
2993 573 3154 627 quam
3175 559 3419 615 veritatis
3448 577 3596 615 ama-

2029 657 2168 700 tore.
2203 645 2388 714 Neque
2423 649 2564 700 enim
2608 648 2913 718 phil050phi
2968 649 3286 704 vorabulum
3334 660 3595 718 meretur,

2028 740 2120 808 qui
2152 741 2218 793 de
2255 740 2420 794 rebus
2449 756 2584 806 quas
2627 757 2855 806 prorsus
2899 742 3136 809 ignorat,
3166 745 3377 812 publice
3425 747 3594 816 loqui,

2027 843 2081 886 et
2108 832 2458 888 Christianos
2498 833 2692 902 impios
2726 849 2811 907 .ac
2860 835 3116 902 profanos
3167 835 3440 892 aﬂirmare
3485 856 3592 895 non

2025 923 2279 989 dubitat,
2341 939 2446 992 quo
2512 926 2742 995 gratiam
2803 937 2985 995 captet
3030 928 3320 996 plebeculae
3353 947 3365 982 :
3402 944 3594 1002 errans

2024 1015 2265 1069 omnino.
2305 1013 2361 1069 Si
2393 1016 2536 1070 enim
2565 1032 2691 1070 cum
2736 1017 3037 1071 doctrinam
3072 1018 3276 1072 Christi
3318 1036 3590 1087 nunquam

2025 1099 2241 1171 legerit,
2269 1118 2388 1158 eam
2421 1113 2600 1159 tamen
2631 1107 2886 1176 suggillat
2907 1149 2921 1172 ,
2952 1108 3198 1176 prol‘eCto
3230 1110 3595 1178 nequissimus

2025 1204 2131 1256 est,
2163 1204 2215 1246 et
2243 1194 2385 1265 vulgi
2414 1196 2724 1252 hominibus
2763 1201 2932 1252 multo
2959 1202 3215 1262 deterior,
3241 1203 3330 1270 qui
3359 1202 3594 1272 plerum-

2023 1299 2128 1353 que
2163 1301 2360 1343 cavere
2387 1288 2562 1342 solent
2601 1305 2668 1344 ne
2715 1291 2780 1345 de
2822 1291 2889 1345 iis
2930 1295 3092 1346 rebus
3139 1293 3424 1363 loquantur
3458 1309 3594 1363 quas

2023 1378 2296 1446 ignorant,
2343 1395 2477 1434 neve
2525 1380 2716 1434 falsum
2779 1384 3148 1439 testimonium
3176 1384 3480 1455 proferant.
3534 1387 3590 1442 Si

2020 1484 2153 1525 vero
2183 1486 2305 1524 cum
2332 1488 2450 1526 eam
2479 1474 2784 1529 doctrinam
2815 1476 3009 1546 legerit
3033 1519 3048 1544 ,
3077 1478 3412 1546 majestatetu
3447 1480 3591 1536 illius

2022 1563 2250 1618 minime
2291 1563 2594 1629 intellexit;
2640 1577 2730 1620 aut
2757 1567 2800 1620 si
2832 1569 3098 1623 intellexit
3135 1571 3374 1638 quidem,
3404 1588 3588 1627 verum

2021 1653 2096 1708 ita
2135 1665 2194 1708 ut
2225 1657 2336 1712 dixi
2368 1673 2426 1712 se
2456 1659 2618 1727 gerit,
2654 1674 2722 1713 ne
2750 1659 2889 1715 forte
2917 1675 3036 1716 eum
3066 1660 3436 1717 Christianum
3471 1679 3592 1719 esse

2021 1747 2266 1803 homines
2303 1751 2669 1819 suspicentur,
2711 1751 2868 1823 longe
2915 1754 3095 1808 adhuc
3137 1755 3383 1824 ignavior
3412 1756 3590 1824 pejor-

331 1840 446 1894 οεῖν
479 1844 575 1895 καὶ
601 1841 816 1911 ἐλέγξαι
843 1844 923 1897 ὅτι
947 1843 1162 1915 ἀληθῶς
1188 1845 1353 1915 μηδὲν
1380 1845 1687 1908 ἐπίσταται,
1717 1823 1904 1898 ειδέναι

2023 1839 2474 1908 quejudicandus
2517 1851 2632 1907 est,
2669 1844 2867 1913 quippe
2894 1845 2985 1913 qui
3023 1823 3374 1914 popularibus
3412 1823 3589 1914 (atque

340 1934 484 2004 ὑμᾶς
518 1933 799 2006 βούλομαι.
835 1937 946 1990 Καὶ
977 1937 1058 1991 ὅτι
1088 1937 1264 2007 ἀληθῆ
1291 1937 1432 2006 λέγω
1462 1937 1593 2009 (94),
1622 1939 1669 1989 εἰ
1714 1937 1788 2008 μὴ
1829 1937 1915 1990 ἁν-

338 2023 652 2095 ηνέχθησαν
677 2026 808 2097 ὑμῖν
837 2027 892 2080 αἱ
923 2026 1193 2080 κοινωνίαι
1227 2025 1331 2078 τῶν
1352 2025 1545 2094 λόγων,
1579 2026 1792 2096 ἕτοιμος
1823 2025 1916 2079 καὶ

329 2115 419 2182 ἐφ’
450 2114 605 2185 ὑμῶν
652 2119 924 2168 κοινωνεῖν
972 2114 1080 2168 τῶν
1111 2117 1432 2186 ἐρωτήσεων
1479 2116 1641 2168 πάλιν
1663 2134 1674 2146 ·
1704 2114 1913 2186 βασιλι-

331 2208 426 2261 κὸν
453 2208 498 2261 δ’
525 2207 591 2262 ἂν
618 2209 711 2261 καὶ
740 2208 896 2261 τοῦτο
928 2207 1085 2279 ἔργον
1111 2208 1217 2279 εἴη.
1253 2209 1317 2261 Εἰ
1348 2210 1404 2261 δέ
1439 2209 1531 2262 καὶ
1566 2205 1913 2276 ἐγνώσθησαν

327 2298 457 2369 ὑμῖν
487 2301 546 2352 αἱ
576 2301 872 2370 ἐρωτήσεις
923 2317 1024 2371 μου
1059 2300 1148 2353 καὶ
1190 2301 1246 2352 αἱ
1301 2300 1510 2353 ἐκείνου
1563 2297 1904 2370 ἀποκρίσεις,

327 2392 566 2463 φανερὸν
589 2395 716 2462 ὑμῖν
744 2395 923 2456 ἐστιν,
957 2394 1037 2446 ὅτι
1062 2393 1208 2448 οὐδὲν
1236 2392 1345 2446 τῶν
1371 2393 1654 2465 ἡμετέρων
1685 2392 1910 2444 ἐπίστα-

327 2501 418 2537 ται
443 2499 456 2512 ·
490 2484 525 2554 ἦ
561 2485 610 2537 εἰ
634 2484 943 2547 ἐπίσταται,
971 2485 1059 2539 διὰ
1089 2487 1215 2550 τοὺς
1240 2484 1539 2548 ἀκούοντας
1568 2484 1624 2537 δέ
1649 2483 1709 2535 οὐ
1739 2481 1914 2554 τολμᾷ

327 2575 528 2642 λέγειν,
560 2575 637 2640 ὡς
661 2576 921 2647 πρότερον
957 2577 1126 2648 ἔφην,
1154 2577 1216 2630 οὐ
1249 2577 1567 2646 φιλόσοφος,
1599 2574 1732 2628 ἀλλὰ
1763 2575 1914 2643 φιλό-

327 2667 480 2731 δοξος
528 2667 667 2737 ἀνὴρ
711 2667 1019 2730 δείκνυται,
1073 2664 1134 2730 ὃς
1185 2686 1250 2737 γε
1298 2669 1432 2739 μηδέ
1475 2667 1534 2720 τὸ
1566 2666 1909 2738 Σωκρατικὸν

327 2756 648 2829 ἀξιέραστον
682 2757 744 2810 ὃν
769 2761 904 2829 τιμᾷ
930 2758 1061 2830 (95).
1099 2779 1118 2812 ι
1157 2759 1342 2813 Ταῦτα
1371 2758 1472 2829 μέν
1510 2754 1601 2812 οὖν
1624 2761 1653 2811 ὁ
1691 2759 1910 2812 Ἰουστῖ-

398 2921 511 2993 (92)
554 2917 662 2974 Kal
685 2918 862 2993 ξύλω
879 2917 1276 2993 ἐντιναγῆναι.
1316 2917 1412 2993 lta_
1432 2915 1829 2993 codex_Regius
1849 2927 1903 2972 et

325 2987 663 3062 Nicephorus
682 2991 824 3062 hunc
839 2987 1054 3062 Justini
1068 2987 1240 3042 lucum
1260 2989 1500 3062 exhibet:
1513 2997 1550 3040 t.
1587 2987 1690 3062 Sed
1725 2989 1774 3062 i_u
1799 3004 1892 3062 ve-

327 3057 630 3118 tustissimo
652 3060 838 3113 codice
861 3059 1132 3112 Mazttrino
1168 3059 1425 3122 scriptum
1457 3058 1655 3118 inveni,
1685 3059 1787 3110 κάν
1809 3057 1900 3124 ξύ-

322 3134 400 3200 λῳ
423 3129 793 3200 ἐντιναγῆναι.
815 3130 868 3200 ln
892 3128 1064 3200 (Fuk.,
1082 3130 1175 3182 καὶ
1195 3130 1250 3200 ἐν
1281 3127 1423 3200 ξύλῳ
1448 3129 1814 3200 ἐντιναγῆναι.
1843 3131 1897 3181 In

325 3189 602 3267 n'tadicmo,
623 3189 729 3252 ’καὶ
757 3201 814 3251 ἐν
841 3199 982 3269 ξύλῳ
1026 3189 1336 3270 ἐνταγῆναὶ.
1375 3189 1655 3270 llodiekiu'
1673 3189 1904 3268 vulgatis

321 3273 522 3330 Jttstini
571 3271 898 3326 editionibus
938 3267 1351 3328 excusutn'est.
1411 3271 1504 3322 καὶ
1545 3267 1684 3338 ξύλῳ
1719 3267 1894 3339 ἐμπα-

322 3344 519 3413 γῆναι,
547 3342 815 3413 quomodo
835 3341 1003 3413 etiam
1021 3341 1072 3392 in
1105 3340 1294 3413 codice
1322 3339 1746 3413 llledicazo‘prius
1767 3341 1900 3413 scri-

324 3408 473 3484 ptum
498 3408 700 3484 fuerat,
730 3411 1277 3484 Eamquelectinnem
1311 3419 1526 3484 secutus
1557 3408 1818 3484 Scaliger,
1844 3411 1896 3484 iu

324 3479 906 3537 Animadversionibus
941 3481 1260 3533 Eusebianis
1286 3480 1446 3533 vertit
1475 3481 1708 3546 patibulo
1737 3481 1893 3548 affigi.

327 3559 393 3607 At
413 3551 944 3620 ChristOphorsonns
971 3561 1025 3603 et
1052 3558 1176 3620 ante
1206 3549 1351 3602 illtnu
1379 3549 1609 3614 Langus,
1641 3548 1898 3616 Nicepho-

327 3627 368 3676 ri
418 3626 707 3688 interpres,
755 3629 1034 3673 verterunt
1095 3619 1414 3688 fustuarium
1463 3622 1595 3688 pati,
1640 3621 1894 3686 pessime,

323 3710 443 3748 meo
466 3693 688 3760 quidem
720 3689 947 3760 judicio.
977 3690 1222 3750 llutinus,
1254 3690 1441 3742 baculo
1471 3703 1516 3743 et
1543 3691 1692 3760 claua
1725 3689 1894 3758 feriri,

321 3759 748 3830 quasi’Justinus
771 3759 978 3813 clavam
1005 3771 1070 3830 et,
1091 3760 1336 3830 hat-nium
1367 3759 1672 3813 Crescentis
1709 3761 1894 3830 Cynici

322 3829 719 3887 formidaverit.
754 3831 867 3900 Ego
899 3845 1026 3884 vero
1057 3829 1231 3895 ξύλον,
1257 3847 1470 3883 nervum
1509 3829 1896 3900 interpretatus

321 3920 464 3957 sum.
510 3903 588 3956 lta
629 3904 772 3956 enim
809 3899 1042 3954 Sutnitur
1069 3917 1129 3953 ea
1168 3916 1268 3955 vox
1309 3900 1504 3966 passim
1551 3901 1691 3969 apud
1732 3899 1898 3969 Euse-

322 3975 508 4035 bium,
560 3974 713 4026 verbi
750 3973 945 4040 gratia,
979 3973 1030 4024 in
1071 3972 1206 4024 libro
1238 3971 1448 4037 quinto,
1479 3968 1652 4034 initio,
1687 3968 1787 4032 τὰς
1839 3970 1896 4022 ἐν

319 4043 398 4114 τῷ
428 4043 574 4114 ξύλῳ
603 4043 874 4114 διατάσεις
899 4040 1246 4114 τῶν-ποδῶν.
1269 4041 1622 4114 :l‘ltetnistius,
1651 4043 1897 4114 «ratione

320 4111 468 4170 θξυι
501 4111 558 4166 δὲ
585 4117 649 4166 ἐκ
680 4113 788 4166 τῶν
829 4112 1137 4182 σκιμπόδιον
1165 4113 1243 4173 εἰς
1263 4111 1612 4182 δεσμωτήρια.
1631 4125 1760 4182 συνη
1772 4111 1902 4178 ρπά·

324 4187 496 4249 ζοντο·
522 4187 636 4248 τοῖς
660 4185 717 4238 δὲ
746 4186 795 4237 οἱ
831 4178 1126 4254 σκίμποδες
1171 4178 1788 4254 ἐγέθοντοῄἀντὶίξύλων.
1811 4182 1896 4254 Ad

317 4273 480 4322 quem
508 4256 684 4311 locum
711 4264 855 4308 recte
878 4249 1222 4308 doctissimus
1241 4252 1493 4307 Petavius
1513 4252 1788 4303 adnotavit
1805 4249 1897 4316 ξύ-

318 4324 408 4378 λον
436 4342 560 4381 esse
592 4331 735 4394 quod
769 4325 942 4378 Latini
977 4324 1162 4376 dicunt
1194 4337 1428 4394 nervum,
1461 4330 1519 4394 ut
1545 4330 1627 4394 est
1660 4322 1714 4374 in
1749 4331 1898 4394 velet

320 4397 471 4452 ribus
494 4390 722 4460 Glossis,
776 4409 946 4463 eoque
977 4407 1139 4446 sensu
1184 4396 1324 4462 apud
1368 4391 1718 4445 Prudentium
1755 4390 1894 4446 sumi

319 4467 548 4535 lignum,
575 4482 699 4518 cum
736 4467 813 4518 ait
841 4486 852 4519 :

463 4559 733 4627 Lignoque
754 4555 1189 4627 pluntasinserit,

463 4626 785 4683 Divaricatis
811 4626 1080 4680 cruribus.

321 4724 532 4792 Quippe
589 4720 896 4792 huiusmodi
944 4717 1237 4792 compedes
1268 4724 1423 4792 erant
1469 4730 1499 4769 e
1531 4714 1698 4792 ligno.
1752 4715 1895 4792 idem

319 4786 730 4848 The-mistius’in
760 4791 1006 4844 oratione
1039 4786 1275 4840 nondum
1311 4787 1477 4849 edita,
1500 4802 1621 4856 qme
1645 4786 1898 4840 inscribi-

321 4874 407 4916 tur
437 4862 782 4917 Constantius
809 4876 901 4915 seu
939 4858 1015 4911 De
1042 4858 1389 4917 humanitate,
1428 4857 1497 4909 de
1537 4868 1764 4925 tyranno
1815 4856 1891 4908 loo

317 4948 492 5016 ειιιεηξ
521 4955 532 4989 =
557 4931 824 5016 Καθάπερ
853 4924 1897 5016 essesnatus?festinares

316 4996 440 5068 λοὺς
468 5003 606 5074 ἔχων
639 4996 1031 5074 δεσμώτας-ὑφ’
1065 4996 1284 5074 ἐαὺτρν,
1302 4999 1579 5074 ἀγαπᾷ-τε
1603 4997 1696 5048 καὶ
1723 4996 1894 5074 γέγη-

318 5067 431 5138 θεν,
465 5067 548 5128 ὅτι
579 5067 964 5143 εὐτυχέστερός
996 5067 1249 5143 ἐστι-τῶν
1269 5070 1326 5120 ἐν
1356 5070 1468 5130 τοῖς
1496 5067 1689 5143 ξύλοις.
1722 5067 1895 5120 Lucas

319 5160 534 5210 quoque
579 5146 630 5197 in
676 5139 896 5196 Actibus
932 5141 1319 5209 apostolorum,
1372 5153 1490 5206 cap.
1528 5153 1638 5210 xvt,
1673 5139 1896 5210 loquens

319 5207 386 5267 de
414 5207 583 5268 Paulo
605 5223 659 5268 et
682 5214 790 5266 Sila
827 5207 1411 5281 quosPhilippensium
1440 5208 1816 5281 magistratus
1841 5207 1892 5259 in

317 5298 591 5337 carcerem
624 5275 990 5352 conjece'raut,
1034 5275 1322 5352 galbina
1355 5288 1638 5352 usurpata
1665 5275 1894 5352 Ἔϐαλεν

317 5355 514 5418 αὐτοὺς
558 5355 638 5417 εἰς
667 5347 766 5424 τῆν
811 5351 1080 5422 ἐσωτέραν
1125 5348 1396 5473 φυλακῦν,
1443 5349 1690 5411 καὶτοὺς
1728 5347 1894 5410 πόδας

317 5423 499 5473 αὐτῶν
540 5424 877 5473 incoatum-to
903 5426 982 5473 εἰς
1009 5422 1072 5473 τὸ
1094 5421 1270 5473 ξυλον.
1351 5429 1470 5473 etus
1521 5419 1785 5473 interpres
1816 5419 1892 5471 ita

317 5423 499 5478 αὐτῶν
540 5419 877 5492 ἡσφαλῖσατο
903 5419 993 5484 εἰς
1009 5422 1072 5474 τὸ
1094 5419 1270 5487 ξύλον.
1307 5419 1470 5473 Vetus
1521 5419 1785 5492 interpres
1816 5419 1892 5471 ita

317 5497 480 5550 vertit
505 5509 520 5546 :
551 5488 697 5547 Misit
732 5512 817 5548 eos
841 5495 894 5547 in
933 5496 1235 5546 interiorem
1265 5504 1528 5542 carcerem
1552 5499 1599 5541 et
1623 5488 1775 5556 pedes
1804 5504 1894 5539 eo-

319 5581 437 5634 rum
461 5565 679 5618 strinxit
720 5566 881 5634 ligno.
909 5565 1104 5617 Arator
1125 5575 1256 5614 vero
1294 5560 1469 5613 in'lib.
1506 5575 1543 5612 tt
1571 5557 1892 5634 _Ap_0§l0“t!te

320 5633 600 5697 Histortw,
632 5629 878 5689 eamdem
914 5649 1026 5687 rem
1073 5645 1302 5687 narrans
1342 5629 1612 5699 expressit
1653 5629 1738 5682 his
1765 5642 1891 5682 ver-

317 5709 496 5759 sthus:

317 5774 664 5837 Conveniunt,
697 5775 786 5828 ubi
820 5789 996 5826 carcer
1024 5781 1136 5825 erat
1163 5787 1180 5825 :
1207 5787 1360 5840 quem
1383 5769 1591 5823 sedibus
1630 5769 1749 5823 imis

315 5843 603 5900 Includunt
633 5848 915 5900 comitante
941 5843 1053 5898 Sila
1071 5858 1090 5897 :
1116 5843 1326 5913 vestigia
1355 5856 1574 5911 quarunt
1875 5879 1880 5882 -

2018 1931 2226 1987 insanis
2275 1935 2644 2002 opinionibus,
2703 1947 2959 2006 metuque
3012 1937 3325 1992 inferiorem
3371 1953 3430 1993 se
3464 1954 3588 1996 esse

2018 2023 2278 2077 fateatur.
2311 2023 2496 2093 Neque
2525 2039 2652 2079 vero
2680 2026 2810 2079 illud
2838 2028 3087 2096 ignorare
3112 2043 3208 2083 vos
3237 2029 3398 2083 velim
3425 2069 3440 2092 ,
3487 2043 3587 2082 au-

2019 2115 2322 2183 gustissimi
2355 2116 2737 2184 imperatores,
2769 2132 2854 2172 me
2889 2134 3011 2172 cum
3043 2119 3236 2173 multas
3277 2120 3587 2191 hujnsmodi

2020 2207 2475 2276 interrogationes
2504 2208 2551 2261 ei
2600 2211 3027 2277 protrusuissem,
3091 2211 3248 2282 137
3287 2213 3588 2280 deprehen-

2015 2297 2159 2350 disse
2191 2297 2341 2350 illum
2371 2314 2558 2351 revera
2583 2299 2714 2353 nihil
2740 2300 2902 2353 scire.
2936 2301 3110 2370 Atque
3142 2315 3199 2356 ut
3227 2304 3412 2357 sciatis
3438 2318 3467 2358 a
3500 2320 3586 2358 me

2017 2404 2203 2442 verum
2225 2388 2350 2454 dici,
2381 2398 2606 2458 paratus
2625 2405 2766 2456 sum,
2797 2391 2842 2444 si
2877 2391 3017 2445 forte
3051 2393 3447 2461 disputationes
3481 2394 3585 2448 ίιιω

2013 2483 2082 2535 ad
2122 2489 2358 2534 vestram
2398 2481 2645 2536 notitiam
2671 2499 2775 2537 non
2803 2495 3186 2551 pervenerunt,
3217 2500 3398 2540 coram
3432 2487 3584 2541 vobis

2015 2576 2474 2643 interrogationes
2520 2576 2715 2628 iterum
2767 2591 3094 2646 proponere.
3159 2575 3344 2646 Neque
3395 2579 3448 2634 id
3513 2582 3584 2635 ab

2013 2666 2362 2734 imperatoria
2400 2665 2689 2736 majestate
2722 2667 2959 2719 alienttm
2993 2667 3172 2722 l'ucrit.
3218 2667 3276 2722 Si
3308 2684 3435 2724 vero
3458 2685 3580 2724 cum

2012 2755 2461 2825 interrogationes
2505 2771 2658 2822 meae,
2714 2764 2824 2809 tum
2873 2755 3016 2810 illius
3079 2760 3465 2828 responsiones
3514 2761 3582 2812 ad

2014 2917 2172 2987 Ligno
2208 2937 2378 2975 mersa
2407 2935 2534 2973 cura
2563 2919 2749 2973 vinclis
2773 2929 2976 2974 tenuere
3007 2919 3189 2974 beatis.

2008 3033 2064 3088 lu
2098 3033 2296 3087 Menum
2342 3032 2674 3093 Grmcorum,
2726 3033 2813 3085 die
2851 3033 2924 3086 25
2961 3033 3315 3100 Septembris.
3349 3035 3414 3088 de
3475 3033 3579 3088 SS.

2007 3105 2172 3176 Paulo
2202 3115 2271 3176 rt
2315 3104 2468 3157 Tatta
2499 3120 2513 3155 :
2545 3103 2940 3176 Διαϐληθέντες
2962 3103 3046 3176 *ᾡς
3073 3104 3395 3176 Χριστιανοὶ)
3439 3104 3582 3176 ξύλῳ

1931 3190 1977 3253 c
2008 3173 2442 3253 ἠσφαλίσθησαν,
2473 3174 2568 3228 καὶ
2596 3171 2856 3253 ’ᾁλύσεσιιν
2889 3171 3166 3242 ἐδέθησαν.
3186 3173 3360 3253 Latini
3387 3175 3490 3229 hoc
3517 3171 3575 3227 lil-

2007 3240 2167 3310 antim
2183 3240 2344 3297 etiam
2360 3246 2564 3309 cippum
2578 3245 2775 3296 dixere.
2793 3240 2995 3297 Clossm
3009 3240 3144 3298 vetet
3158 3260 3217 3298 es
3233 3264 3245 3298 :
3262 3244 3480 3310 Cippus,
3493 3262 3584 3298 πο-

2005 3315 2229 3384 δοκὰκη.
2277 3317 2366 3371 Sic
2392 3317 2444 3369 in
2475 3314 2731 3367 l’assione
2759 3312 3052 3384 Chrysanti
3093 3322 3147 3367 et
3184 3314 3356 3368 Duriae
3387 3333 3400 3366 :
3436 3315 3581 3368 Tunc

2006 3386 2129 3437 irati
2154 3383 2366 3446 milites,
2392 3385 2602 3436 mittunt
2636 3401 2753 3436 eum
2782 3385 2834 3437 in
2867 3383 3017 3452 cippo
3057 3401 3184 3437 novo
3213 3395 3260 3437 et
3296 3386 3582 3438 nodosissi-

2007 3472 2110 3518 mo,
2158 3456 2236 3507 ita
2259 3465 2314 3506 ut
2358 3457 2410 3505 in
2454 3456 2604 3507 tertio
2637 3466 2824 3514 puncto
2855 3455 3008 3524 tiliias
3031 3465 3374 3507 coarctarent.
3405 3454 3582 3524 Igitur

2006 3543 2124 3578 cum
2155 3534 2350 3596 starent
2394 3537 2513 3576 ante
2551 3541 2668 3596 eum
2702 3535 2749 3576 et
2787 3522 3098 3596 insultarent
3128 3526 3198 3585 ei,
3235 3525 3306 3577 ita
3342 3522 3580 3596 putrefa-

2006 3603 2147 3648 ttum
2181 3605 2254 3648 est
2283 3595 2482 3660 lignum
2519 3595 2682 3647 totius
2710 3597 2866 3660 cippi,
2915 3605 2966 3646 ut
3005 3595 3059 3646 in
3093 3596 3317 3648 cinerem
3367 3595 3580 3650 concer-

2005 3675 2219 3718 teretur.
2266 3665 2357 3718 Sic
2401 3663 2595 3731 legitur
2627 3665 2678 3716 in
2712 3664 2898 3717 codice
2934 3679 3036 3716 ms.
3069 3664 3138 3718 At
3185 3663 3580 3733 Metaphrastes

2005 3737 2194 3787 eadem
2217 3735 2345 3805 Acta
2373 3733 2686 3805 describens
2733 3736 2812 3786 sic
2845 3734 3008 3805 habet
3030 3748 3096 3788 ex
3135 3737 3381 3789 versione
3410 3735 3576 3805 Ι.ιὶρο-

2008 3807 2150 3858 mani
2195 3823 2206 3858 :
2244 3804 2440 3857 Milites
2487 3803 2754 3874 indignati
2776 3820 2893 3856 eum
2924 3804 2993 3874 (in
3038 3820 3298 3857 carcerem
3337 3803 3578 3874 conjéce-

2006 3884 2150 3934 runt,
2199 3885 2246 3927 et
2291 3874 2488 3940 triplici
2543 3873 2785 3943 compede
2836 3873 3092 3926 strinxere
3122 3889 3140 3926 :
3193 3890 3310 3942 qua:
3367 3873 3576 3943 quidem

2005 3961 2122 3996 cum
2153 3945 2252 4012 ipsi
2295 3951 2528 3997 astarent
2557 3951 2606 3995 et
2640 3942 2938 4006 illuderent,
2986 3944 3043 3995 in
3070 3945 3330 4011 pulverem
3366 3942 3580 4000 redacta

2004 4025 2100 4068 est.

2077 4085 2185 4154 (95)
2213 4085 2368 4151 Πρὸς
2407 4084 2581 4155 χάριν
2629 4084 2729 4138 καὶ
2764 4083 2996 4155 ἡδονὴν
3024 4081 3162 4155 Δ’τῶν
3188 4082 3452 4149 πολλῶν,
3481 4102 3580 4138 πε-

2003 4153 2624 4226 πλανημένως-θ’τγοῦτογ
2673 4153 2964 4226 πρᾶττγων.
3023 4153 3162 4226 Ειῑιιὶ
3197 4165 3381 4226 antea,
3435 4156 3576 4226 πρὸς

2044 4226 2162 4294 ἁριν
2194 4223 2288 4279 καὶ
2338 4225 2530 4296 ἡδονὴν
2558 4225 2667 4278 τῶν
2711 4225 2920 4277 πολλῶν
2973 4224 3081 4277 τῶν
3123 4223 3572 4296 πεπλανημένων.

2027 4312 2186 4352 ,ουρθ
2220 4297 2518 4366 elegantior
2557 4307 2637 4349 est
2676 4296 2834 4348 lectio
2860 4310 3022 4366 quam
3057 4312 3119 4347 ex
3160 4297 3333 4350 tribus
3377 4297 3577 4366 nostris

2005 4364 2329 4427 codcthus,‘
2358 4365 2517 4428 Maz.,
2571 4365 2709 4420 Med.
2743 4377 2798 4417 et
2857 4364 3014 4429 Fuk.,
3061 4368 3404 4420 exhibemus.
3445 4365 3576 4432 Quae

2003 4437 2308 4490 emendatio
2351 4441 2487 4489 adeo
2533 4435 2833 4489 necessaria
2857 4445 2960 4493 est.
2994 4446 3050 4488 ut
3091 4437 3191 4490 nisi
3239 4437 3312 4489 ita
3338 4437 3576 4504 scripse-

2008 4508 2104 4569 ris,
2133 4522 2253 4575 quae
2290 4517 2590 4574 sequuntur
2622 4504 2819 4559 Justini
2853 4507 3018 4558 verba
3051 4522 3171 4560 cum
3220 4507 3573 4572 praecedenti-

1928 4557 1976 4616 Ι)
2004 4557 2104 4630 tu};
2141 4557 2447 4629 nullatenus
2468 4557 3575 4644 eumtantipostq.ia*.r."a.ta".i{anit-

1999 4649 2175 4700 stinus
2213 4646 2556 4701 Crescentem
2603 4647 2879 4716 indignum
2927 4660 3050 4699 esse
3081 4645 3381 4714 philosophi
3417 4661 3576 4701 voca-

1998 4716 2146 4783 bulo,
2177 4727 2458 4786 propterea
2490 4719 2631 4786 quod
2665 4717 2730 4768 de
2767 4719 2926 4770 rebus
2957 4717 3270 4782 loqueretur
3303 4731 3440 4784 quas
3477 4732 3571 4786 pe-

1999 4788 2141 4840 nitus
2173 4787 2475 4856 ignorabat,
2524 4797 2578 4841 et
2610 4787 2948 4840 Christianos
2989 4787 3184 4852 impios
3207 4787 3454 4850 vocabat,
3516 4795 3574 4840 ut

1996 4858 2226 4919 gratiam
2301 4867 2546 4924 captaret
2601 4857 2865 4925 imperitae
2941 4856 3358 4909 tuultitudims:
3425 4857 3571 4907 addit

1996 4927 2210 4988 deinde,
2238 4926 2381 4980 illum
2413 4928 2464 4981 in
2507 4943 2571 4979 et)
2615 4929 2851 4993 graviter
2876 4941 3109 4983 errasse,
3142 4925 3572 4995 πεπλανημένως

1993 4996 2150 5070 τοῦτο
2183 4997 2454 5070 πράττων.
2483 4997 2771 5070 Rationem
2814 4999 2934 5049 inde
2965 4996 3263 5070 subiungit,
3296 4995 3430 5049 εἴτε
3461 4997 3569 5070 γὰρ

1998 5067 2071 5137 μὴ
2107 5065 2363 5140 ἐντυχών,
2388 5078 2520 5140 etc.,
2546 5068 2830 5140 eleganter
2851 5068 3088 5140 omnino.
3125 5065 3309 5134 Itaque
3331 5082 3436 5140 non
3469 5065 3572 5118 iml-

1999 5140 2190 5193 merito
2235 5137 2300 5193 tu
2331 5139 2519 5192 codice
2552 5137 2720 5204 Regio
2766 5137 2832 5189 ad
2883 5137 3024 5190 latus
3055 5138 3246 5190 horum
3280 5139 3568 5190 verborum

1995 5212 2238 5277 apposita
2276 5218 2377 5280 est;
2402 5218 2524 5260 nota
2577 5209 2690 5280 Ωρ.
2711 5216 2966 5280 etsupra
2985 5216 3240 5280 accentus
3261 5205 3564 5280 circumﬂe-

1994 5275 2114 5338 Jtus,
2155 5291 2208 5331 et
2237 5297 2316 5333 ον.
2345 5277 2476 5343 Quae
2499 5275 2918 5346 uotavsigniﬁcat
2937 5276 3159 5347 ὡραῖον,
3193 5277 3244 5331 id
3281 5285 3364 5331 est
3389 5275 3567 5330 locum

1993 5361 2276 5401 venustum
2299 5363 2348 5400 et
2379 5349 2700 5413 elegantem.

2066 5418 2178 5486 (94)
2202 5420 2312 5473 Καὶ
2341 5417 2430 5472 ὅτι
2466 5417 2663 5486 ἀληθῆ
2696 5417 2873 5486 λέγω.
2910 5416 3060 5470 Hane
3095 5414 3348 5472 loauendi
3379 5415 3486 5468 vim
3512 5425 3566 5470 et

1996 5490 2381 5556 proprietatem
2401 5503 2505 5542 nou
2532 5489 2796 5544 intellexit
2818 5488 3361 5556 ChristOphorsonus.
3381 5487 3438 5538 In
3461 5487 3566 5539 Int-

1985 5559 2220 5680 jtzgtnodi
2262 5569 2441 5612 autem
2483 5559 2754 5613 locutione
2797 5561 3115 5611 subauditur
3159 5559 3435 5626 eleganter
3481 5556 3566 5608 ἵνα

1992 5644 2019 5680 ε
2076 5645 2195 5680 me.

1992 5644 2195 5697 ειοητε.

2055 5709 2147 5779 (95
2179 5706 2249 5762 Τὸ
2277 5707 2656 5776 Σωκρατικὸν
2682 5707 3045 5775 ἀξιέραστον
3081 5703 3154 5758 ὃν
3176 5701 3336 5774 τιμᾷ.
3365 5703 3572 5779 Ιηιθηίέ

2019 5778 2351 5848 ῑιθειέςὶιιηι
2377 5780 2523 5834 illaut
2551 5779 2791 5832 Socratis
2818 5779 3141 5848 sententiam
3171 5778 3572 5848 qtt:eest_apud

2013 5845 2265 5906 'latonein
2293 5866 2306 5904 :
2335 5865 2500 5920 quam
2527 5851 2745 5921 quidem
2777 5849 2846 5903 ab
2871 5846 3106 5902 Eusebio
3141 5857 3236 5902 aut
3263 5847 3333 5901 ab
3359 5845 3570 5899 exseri-
