4016 6260
417 332 520 391 διτῖ

1124 336 1390 393 EUSEBII
1431 323 1909 393 CESARIENSIS
1943 335 2095 393 ore.
2135 335 2318 391 rans
2358 334 2400 391 ι.
2438 362 2507 375 -
2544 334 2932 392 HISTORICA.

3561 339 3673 392 568

418 463 580 505 aures
610 457 826 504 vestras
856 456 1245 517 pervenerunt,
1289 449 1635 519 perspicuum
1684 449 1837 504 vobis
1887 456 1989 514 est,

2098 463 2204 510 νος.
2245 448 2367 500 Ὅτι
2407 446 2462 499 δὲ
2506 447 2647 501 κατὰ
2686 448 2785 515 τὴν
2833 448 2996 500 αὐτοῦ
3043 447 3343 519 πρόρρησιν
3391 447 3526 518 πρὸς
3574 449 3674 501 τοῦ

420 541 572 595 illum
603 539 659 594 in
686 540 953 608 religione
986 552 1167 596 nostra
1193 556 1419 611 prorsus
1452 540 1586 596 nihil
1612 542 1774 596 scire.
1802 542 1911 595 Aut
1948 543 1992 596 si

417 632 636 690 scitille
666 635 907 707 quidem,
948 635 1042 690 sed
1088 646 1312 706 propter
1341 635 1620 697 auditores
1665 634 1844 703 eloqui
1890 652 1992 689 non

421 731 608 794 audet,
644 741 986 796 nequaquam
1027 727 1410 796 philosophus,
1442 736 1500 781 ut
1533 737 1690 782 antea
1715 727 1865 792 dixi,
1900 727 1994 782 sed

418 820 695 889 popularis
733 833 882 875 aurae
911 828 1161 889 captator
1186 832 1307 872 esse
1324 817 1768 885 deprehenditur,
1795 818 1997 887 quippe

417 913 510 983 qui
537 911 964 984 pulcherrimum
985 911 1112 966 illud
1136 910 1377 966 Socratis
1399 911 1598 965 dictum
1618 911 1768 980 parvi
1788 909 1954 965 faciat
1975 925 1992 964 :

418 1005 643 1061 Nullum
666 1019 786 1060 esse
808 1005 1026 1061 veritati
1060 1004 1476 1061 anteferendum
1500 1004 1701 1057 virum.
1729 1021 1748 1055 ι
1798 1002 1997 1058 Hacte-

419 1114 524 1154 nus
553 1094 823 1155 Justinus.
847 1096 1018 1164 Quem
1048 1096 1287 1165 quidem,
1324 1097 1465 1149 sicut
1506 1094 1619 1163 ipse
1646 1094 1991 1163 praedixerat,

419 1190 644 1249 structis
676 1205 704 1243 a
735 1188 1027 1245 Crescente
1051 1188 1289 1252 insidiis,
1328 1186 1596 1256 martyrio
1618 1200 1738 1242 esse
1758 1200 1992 1242 corona-

419 1291 535 1337 tum
586 1282 855 1338 Tatianus
905 1282 990 1336 vir
1020 1283 1111 1351 qui
1150 1281 1331 1352 primo
1375 1279 1552 1332 aetatis
1601 1293 1711 1332 suae
1755 1289 1994 1347 tempore

417 1375 752 1432 rhetoricam
777 1376 999 1439 docens,
1037 1375 1088 1428 in
1117 1374 1404 1445 gentilium
1449 1370 1748 1441 disciplinis
1781 1385 1990 1425 summa

419 1484 542 1523 cum
566 1469 724 1523 laude
747 1479 995 1524 versatus
1025 1478 1134 1535 est,
1186 1478 1241 1523 et
1282 1468 1371 1537 qui
1409 1467 1645 1536 plurima
1683 1464 1883 1536 ingenii
1910 1463 1993 1518 sui

416 1568 771 1621 monumenta
800 1558 1038 1629 posteris
1061 1558 1301 1628 reliquit,
1333 1559 1383 1611 in
1426 1557 1562 1611 libro
1586 1557 1844 1610 Adversus
1866 1569 1994 1623 geu-

416 1659 493 1705 tes
546 1657 779 1704 testatur
829 1651 915 1707 his
974 1651 1196 1707 verbis:
1232 1648 1346 1704 ιΕι
1395 1659 1541 1704 recte
1589 1646 1856 1712 Justinus,
1909 1645 1993 1698 vir

414 1743 661 1797 omnium
709 1743 1074 1798 admiratione
1121 1743 1508 1815 dignissimus,
1557 1754 1652 1796 eos
1690 1738 1991 1793 latronibus

2096 539 2431 609 Κρίσκεντος
2465 538 2854 602 συσκευασθεὶς
2886 537 3171 609 ἐτελειώθη
3196 577 3211 602 ,
3240 538 3501 602 Τατιανὸς
3533 539 3675 613 ἀνὴρ

2095 630 2184 683 τὸν
2212 630 2425 701 πρῶτον
2455 629 2616 684 αὐτοῦ
2644 630 2755 701 βίον
2782 629 3138 700 σοφιστεύσας
3165 633 3224 684 ὲν
3248 633 3359 694 τοῖς
3405 630 3679 703 Ἐλλήνων

2100 724 2380 795 μαθήμασι
2407 723 2538 795 (96),
2576 725 2668 778 καὶ
2698 724 2856 791 δόξαν
2884 724 2944 777 οὐ
2970 722 3206 795 σμικρὰν
3232 725 3288 778 ὲν
3329 723 3512 789 αὐτοῖς
3539 726 3679 779 ἁπε-

2095 815 2429 887 νηνεγμένος
2455 856 2469 879 ,
2502 814 2729 871 πλεῖστά
2753 833 2814 868 τε
2850 815 3274 887 συγγράμμασιν
3304 815 3470 868 αὐτοῦ
3504 832 3678 870 κατα-

2095 908 2266 963 λιπὼν
2284 910 2614 980 μνημεῖα,ὲν
2640 909 2716 981 τῷ
2745 909 2899 977 Πρὸς
2928 910 3240 976 ’Έλληνας
3268 910 3472 980 ἱστορεῖ
3498 909 3681 978 λέγων

2095 993 2197 1053 ὧδέ
2229 1016 2378 1063 πως*
2425 1020 2444 1073 r
2480 1000 2587 1053 Καὶ
2623 1002 2651 1052 ὁ
2691 998 3135 1073 θαυμασιώτατος
3180 1001 3460 1064 ἰουστῖνος
3499 1000 3679 1072 ὀρθῶς

2094 1089 2438 1161 ἐξεφώνησεν
2457 1132 2470 1155 ,
2501 1091 2735 1145 ἐοικέναι
2762 1093 2887 1154 τοὺς
2919 1091 3346 1164 προειρημένους
3372 1090 3617 1164 λῃσταῖς.
3652 1111 3671 1141 ι

2094 1177 2209 1235 Εἶτ’
2254 1180 2495 1234 ἐπειπών
2543 1198 2665 1235 τινα
2713 1181 2840 1253 περὶ
2881 1180 2990 1233 τῶν
3039 1181 3377 1249 φιλοσόφων,
3431 1180 3679 1249 ἐπιλέγει

2092 1273 2295 1327 ταῦτα·
2337 1292 2355 1324 t
2393 1273 2643 1344 Κρίσκης
2689 1272 2820 1342 γοῦν
2854 1274 2883 1325 ὁ
2926 1273 3302 1338 ὲννεοττεύσας
3347 1276 3412 1346 τῇ
3460 1274 3675 1345 μεγάλῃ

2094 1366 2276 1430 πόλει,
2303 1366 2663 1438 παιδεραστίᾳ
2696 1366 2793 1437 μὲν
2829 1365 3039 1430 πάντας
3080 1367 3423 1438 ὐπερήνεγκε
3442 1406 3458 1429 ,
3485 1367 3681 1438 φιλαρ-

2092 1459 2258 1530 γυρίᾳ
2301 1458 2358 1511 δὲ
2387 1459 2527 1512 πάνυ
2562 1457 2831 1530 προσεχὴς
2859 1454 2945 1529 ἦν.
2976 1457 3220 1513 Θανάτου
3250 1458 3309 1512 δὲ
3343 1461 3372 1512 ὁ
3399 1476 3677 1532 καταφρο-

2094 1553 2204 1604 νεῖν
2237 1549 2645 1621 συμὸουλεύων,
2669 1550 2841 1613 οὕτως
2878 1550 3041 1614 αὐτὸς
3076 1550 3266 1604 ἐδεδίει
3302 1550 3392 1605 τὸν
3423 1550 3675 1618 θάνατον,

2091 1645 2168 1709 ὼς
2198 1647 2290 1699 καὶ
2327 1648 2607 1701 ’1ουστῖνον
2637 1646 2886 1720 καθάπερ
2919 1646 3139 1719 μεγάλῳ
3178 1648 3368 1721 κακῷ,
3397 1648 3474 1720 τῷ
3507 1647 3678 1703 θανά-

2092 1755 2169 1810 τῳ
2221 1738 2536 1811 περιϐαλεῖν
2587 1736 3140 1812 πραγματεύσασθαι,
3200 1741 3333 1794 διότι
3387 1740 3679 1813 κηρύττων

414 1833 623 1890 similes
667 1849 788 1893 esse
820 1835 975 1890 dixit.
1003 1855 1021 1888 ι
1069 1835 1247 1890 Pauca
1287 1832 1482 1890 deinde
1523 1831 1879 1887 interlocutus
1923 1830 1989 1884 de

2092 1831 2188 1902 τὴν
2219 1832 2474 1904 ἀλήθειαν
2493 1874 2507 1897 ,
2539 1832 2750 1904 λίχνους
2793 1835 2921 1897 τοὺς
2948 1832 3269 1903 φιλοσόφους
3291 1834 3386 1887 καὶ
3424 1831 3680 1887 ἀπατεῶ-

414 1927 754 1999 philosophis
788 1967 806 1993 ,
857 1929 972 1984 haec
1039 1927 1363 1999 subiungit:
1404 1945 1422 1979 ι
1446 1925 1716 1981 Crescens
1771 1921 1988 1993 quidem

414 2018 507 2089 qui
549 2019 604 2077 in
646 2020 781 2077 urbe
811 2020 984 2076 Roma
1025 2020 1270 2076 nidulum
1328 2034 1487 2074 suum
1546 2017 1776 2080 ﬁxerat,
1830 2011 1992 2069 foedis

2097 1939 2193 1987 νας
2223 1923 2498 1996 ὲξήλεγχε.
2541 1945 2559 1976 ι
2593 1927 2703 1979 Καὶ
2729 1926 2789 1980 τὸ
2824 1927 2922 1998 μὲν
2966 1925 3106 1981 κατὰ
3143 1928 3422 1981 Ἰουστίνον
3469 1925 3681 1998 μαρτύ-

2102 2031 2213 2087 ριον
2246 2014 2500 2084 τοιαύτην
2528 2014 2708 2088 εἴληχε
2744 2017 2842 2089 τὴν
2876 2017 3073 2071 αἰτίαν.

412 2102 707 2179 puerorum
738 2111 1035 2179 amoribus,
1059 2121 1115 2167 et
1162 2112 1406 2168 avaritiae
1438 2125 1601 2181 supra
1626 2123 1813 2166 omnes
1853 2107 2106 2162 mortales
2159 2108 2375 2164 deditus
2426 2108 2546 2164 fuit.
2581 2110 2646 2165 Et
2673 2113 2764 2181 qui
2803 2111 2937 2167 alios
2980 2112 3303 2168 hortabatur
3354 2120 3414 2168 ut
3443 2120 3675 2168 mortem

414 2212 846 2271 contemnerent,
905 2206 1021 2277 ipse
1080 2216 1362 2276 tantopere
1422 2220 1544 2262 eam
1612 2203 1982 2267 formidabat,
2047 2212 2106 2254 ut
2141 2200 2354 2257 Justino
2430 2215 2691 2274 tanquam
2726 2206 3108 2276 gravissimum
3185 2208 3385 2263 malum
3445 2217 3676 2262 mortem

414 2296 843 2362 eoneinnaverit,
870 2312 935 2352 eo
981 2300 1124 2368 quod
1175 2299 1265 2354 ille
1303 2300 1586 2352 veritatem
1634 2295 1976 2366 praedicans,
2026 2294 2375 2365 philosophos
2438 2297 2715 2354 helluones
2773 2307 2828 2353 et
2876 2300 3190 2369 deceptores
3233 2316 3356 2358 esse
3388 2301 3680 2358 convince-

420 2404 525 2449 ret.
551 2412 571 2446 ι
616 2394 681 2449 Ει
710 2395 827 2450 haec
853 2394 1068 2465 quidem
1109 2392 1326 2451 Justino
1370 2410 1533 2450 causa
1581 2392 1829 2464 martyrii
1863 2390 1987 2446 fuit.

996 2553 1229 2621 CAPUT
1280 2554 1442 2611 XVII.

413 2644 492 2701 De
520 2644 842 2716 martyribus
871 2661 1092 2725 quorum
1122 2645 1368 2786 Justinus
1406 2648 1459 2701 in
1504 2649 1615 2703 suis
1650 2648 1800 2704 libris
1837 2666 1990 2704 men-

1014 2726 1208 2771 tionem
1268 2722 1393 2775 acit.

1014 2722 1208 2771 tionem
1244 2722 1393 2775 facit.

485 2809 631 2864 idem
676 2824 842 2879 porro
880 2805 1127 2864 Justinus
1158 2809 1390 2864 aliorum
1435 2825 1649 2882 quoque
1693 2814 1786 2882 qui
1830 2812 1989 2882 Paulo

414 2910 544 2956 ante
582 2902 761 2971 ipsum
804 2901 1067 2972 martyrio
1113 2902 1382 2971 perfuncti
1440 2912 1633 2967 erant,
1689 2904 1744 2957 in
1798 2903 1984 2973 priore

413 2997 749 3069 Apolagetica
784 2998 1108 3053 mentionem
1146 2997 1275 3054 facit
1309 2998 1394 3053 bis
1415 2998 1639 3054 verbis:
1674 3014 1794 3069 quae
1839 3014 1985 3070 quo-

418 3210 572 3271 more
609 3214 888 3261 omissam,
918 3201 1241 3271 necessario
1271 3202 1323 3254 in
1358 3203 1607 3257 versione
1636 3213 1818 3258 nostra
1853 3204 1993 3271 adji-

415 3270 662 3345 ciendam
691 3273 890 3345 putavi.
915 3270 1083 3345 Porro
1117 3273 1277 3345 hunc_
1295 3273 1471 3345 locum
1503 3287 1568 3326 ex
1607 3270 1993 3345 manuscriptis

417 3342 706 3415 codicibus
743 3340 904 3403 Maz.,
939 3340 1179 3415 Meil._et
1238 3341 1483 3415 Fnk._ita
1532 3345 1740 3397 restitui
1770 3340 1901 3409 ςῶξ
1924 3363 1989 3415 γε

2659 2558 3051 2612 ΚΕΦΑΛΑῙΟΝ
3076 2560 3173 2612 lZ’.

2098 2653 2237 2721 Περὶ
2263 2648 2350 2707 ὧν
2389 2650 2715 2717 Ἰουστῖνος
2737 2652 2806 2704 ἐν
2845 2651 2971 2716 ἰδίῳ
2999 2650 3412 2774 συγὲςράμματι
3445 2671 3678 2723 μνημοο

2286 2724 2446 2774 ’νεύει
2477 2721 2950 2774 mordetur-(Nic.
2989 2720 3061 2774 Η.
3167 2764 3180 2774 .
3232 2738 3315 2774 ιιι.
3347 2724 3463 2774 ὄὸι.

2286 2724 2446 2777 νεύει
2472 2724 2785 2792 μαρτύρων
2806 2721 2950 2793 (Nic.
2989 2720 3061 2774 Η.
3096 2720 3180 2777 Ε.
3232 2720 3315 2787 ιιι,
3347 2720 3463 2792 55).

2179 2817 2236 2870 '0
2263 2816 2306 2868 δ’
2333 2816 2495 2879 αὐτὸς
2527 2814 2665 2885 ἀνὴρ
2697 2814 2801 2886 πρὸ
2829 2812 2925 2867 τοῦ
2955 2814 3073 2867 κατ’
3104 2814 3265 2868 αὐτὸν
3294 2814 3504 2884 ἀγῶνος
3536 2815 3672 2888 (97),

2095 2909 2296 2981 ἐτέρων
2329 2909 2435 2981 πρὸ
2486 2907 2652 2961 αὐτοῦ
2690 2908 3152 2979 μαρτυρησάντων
3205 2910 3262 2963 ὲν
3317 2911 3383 2981 τῇ
3434 2909 3677 2981 προτέρᾳ

2093 3001 2261 3057 αὐτοῦ
2293 2999 2617 3074 μνημονεύει
2654 3002 2970 3073 Ἀπολογίᾳ
2987 3000 3120 3073 (98),
3141 3001 3423 3074 χρησίμως
3443 3004 3510 3074 τῇ
3538 3002 3676 3055 ὐπο-

2101 3200 2340 3271 ejusdem
2369 3200 2513 3255 libri.
2544 3197 2743 3271 Seddet
2771 3200 2824 3254 in
2844 3199 2995 3271 libro
3026 3217 3086 3266 ιι,
3112 3216 3230 3270 cap.
3263 3201 3353 3262 l2,
3386 3201 3478 3257 ubi
3508 3200 3678 3257 Justi-

2102 3269 2230 3327 nnm
2260 3274 2328 3326 de
2376 3271 2599 3326 Simone
2641 3269 2796 3341 Mago
2840 3270 3146 3340 loquentem
3182 3269 3423 3338 inducit,
3492 3273 3670 3327 locum

2102 3344 2259 3398 affert
2290 3357 2354 3396 ex
2394 3343 2573 3411 priore
2602 3341 2717 3410 ejus
2765 3341 3121 3410 Apologetico,
3165 3342 3255 3411 qni
3294 3342 3347 3396 in
3382 3358 3423 3397 ιι
3471 3341 3673 3398 Justini

418 3412 552 3495 μηβὲ
588 3411 649 3465 τὸ
671 3388 1017 3497 Σωιιραέιξὸν
1043 3411 1360 3497 ἀξιέραστον
1381 3413 1438 3497 ὃν
1461 3415 1615 3485 τιμᾷ.
1639 3415 1725 3485 (Αι
1745 3432 1839 3469 nos
1854 3388 1989 3469 ‘cuiit

2093 3388 3449 3497 2,325.3;assesasses:ista;surgatis
3467 3388 3674 3496 gaias:

415 3481 900 3554 bliisgcorrerrimus
929 3481 988 3554 liv
1010 3498 1105 3551 pro
1146 3481 1223 3554 ὃν.
1256 3482 1440 3554 Eutr.)

485 3552 595 3623 (96)
618 3553 1075 3627 __Z'o;.cta’tsrioac
1132 3553 1203 3606 ἐν
1258 3552 1382 3627 τοῖς
1422 3552 1748 3627 ’Ἑλλήνων
1800 3557 1991 3626 μαθή-
2038 3620 2045 3627 _

406 3638 580 3693 μασι.
618 3623 843 3677 liutinus
883 3626 1190 3693 magistrum
1227 3624 1536 3691 eloquentia:
1578 3629 1772 3690 vertit;
1802 3623 1995 3681 ’Tatia-

414 3692 538 3760 nus,
560 3694 757 3763 inquit,
782 3693 858 3747 vir
886 3692 1295 3752 eruditissimus.
1319 3694 1373 3747 in
1389 3696 1557 3763 prima
1573 3704 1728 3751 relate
1755 3712 1855 3751 sua
1877 3713 1994 3751 ara-

414 3712 538 3760 nus,
560 3712 757 3763 IIIQIIII,
782 3712 858 3747 υιν
886 3712 1295 3752 eruatmstmus.
1319 3712 1373 3747 tn
1426 3712 1557 3749 rima
1573 3712 1728 3751 mare
1755 3712 1855 3751 sua
1877 3713 1994 3751 ara-

412 3763 853 3838 toriunlovcem.
871 3763 949 3817 Ita
972 3764 1137 3817 etiam
1159 3765 1325 3838 vertit
1345 3712 1713 3838 liieronyrnus
1745 3765 1796 3838 in
1829 3765 1994 3822 Cata-

412 3832 949 3904 logo.Theodoritus
996 3849 1209 3904 quoque
1256 3835 1309 3889 in
1344 3835 1487 3891 libro
1532 3832 1992 3891 I'Hrrreticarum

414 3903 741 3975 fabularum,
769 3903 1056 3975 'l‘atiannm
1086 3907 1262 3974 primo
1292 3906 1592 3975 sophistam
1625 3904 1792 3960 fuisse
1823 3916 1985 3961 testa—

413 3986 521 4029 tur.
554 3974 671 4045 ipse
695 3971 955 4029 Tatianns
993 3976 1058 4029 de
1086 3971 1146 4029 se
1179 3971 1406 4045 loquens
1430 3976 1481 4030 in
1514 3975 1623 4030 ﬁne
1648 3975 1771 4030 libri
1794 3975 1993 4031 Adver-

412 4060 502 4096 sus
546 4043 803 4111 GriecoaL
843 4045 1030 4097 eodem
1079 4043 1267 4097 mitur
1293 4046 1457 4099 verbo
1496 4061 1606 4111 quo
1664 4044 1932 4102 Eusebius
1972 4067 1987 4104 :

406 4112 601 4189 Ταῦτα
622 4113 719 4189 μὲν
747 4109 855 4189 οὖν.
864 4114 923 4165 οὐ
942 4113 1071 4189 παρ’
1092 4114 1252 4189 άλλου
1273 4114 1458 4189 μαθὼν
1477 4109 1767 4189 ὲξεθέμην,
1791 4116 1990 4189 πολλὴν

408 4182 770 4256 ἐπιφοιτήσᾳς
791 4182 914 4256 γῆν,
936 4182 1207 4256 καὶτοῦτο
1232 4182 1328 4256 μὲν
1349 4182 1705 4252 σοφιστεύσας
1715 4188 1783 4239 τὰ
1799 4182 1992 4256 ὑμέτε-

453 4251 687 4327 αίτοῦτο
710 4252 767 4304 δὲ
788 4251 1002 4327 τέχναις
1020 4251 1393 4327 xoris-irrumet;
1413 4251 1724 4327 ἐγκυρήσας
1747 4251 1986 4322 πολλαῖς.

471 4325 519 4376 bi
548 4337 653 4375 vox
682 4322 1038 4395 σοφιστεύσας
1075 4324 1205 4376 nihil
1249 4325 1315 4378 ad
1346 4322 1707 4393 eloquentiam
1732 4329 1989 4395 pertinet,

416 4395 511 4447 sed
539 4407 754 4447 onmem
782 4393 1091 4449 Graecorum
1122 4395 1439 4462 Sapientiam
1468 4405 1521 4448 et
1552 4393 1804 4451 liberales
1827 4393 1991 4453 disci?

415 4464 592 4533 plinas
611 4463 1008 4531 complectitur.
1039 4462 1181 4517 Sane
1222 4465 1364 4533 quod
1395 4464 1658 4520 Tatianus
1688 4468 1884 4523 ibidem
1915 4469 1991 4524 ait

415 4552 476 4591 se
494 4533 756 4604 plurimas
781 4534 1030 4603 regiones
1062 4548 1398 4604 peragrasse,
1439 4536 1746 4605 nmltasque
1769 4548 1912 4592 artes
1935 4549 1990 4593 et

414 4605 759 4678 inventiones
796 4604 1146 4678 mechanicas
1190 4606 1403 4678 curiose
1438 4604 1716 4678 didicisse,
1750 4608 1987 4678 philoso-

411 4677 577 4745 phum
605 4674 778 4746 magis
801 4674 1003 4729 indicat
1039 4689 1198 4742 qnam
1234 4675 1595 4746 professorem
1637 4674 1981 4746 eloq’uentim.

2095 3481 2484 3553 nibus'prima"
2509 3481 2709 3553 dicitur
2735 3481 2987 3553 Apologia
3011 3490 3066 3536 et
3097 3481 3166 3535 ad
3191 3493 3435 3538 senatum
3456 3484 3634 3539 inseri
3655 3513 3670 3525 ι

2094 3555 2259 3617 bitur,
2290 3551 2407 3607 eam
2447 3551 2712 3607 Eusebius
2752 3551 3044 3607 secundam
3073 3562 3251 3619 vocat,
3277 3563 3338 3608 ut
3372 3554 3559 3610 videre
3587 3562 3671 3609 est

2093 3625 2147 3678 in
2179 3623 2359 3694 capite
2385 3622 2595 3678 decimo
2622 3632 2795 3694 serito,
2816 3632 2880 3694 et
2899 3620 2970 3694 bl.
2991 3622 3213 3677 Aurelio
3243 3624 3519 3694 Antonino
3543 3635 3668 3694 post

2093 3692 2299 3748 obitum
2332 3692 2673 3762 imperatoris
2698 3693 2805 3758 Pii,
2832 3692 3068 3746 oblatam
3100 3708 3220 3747 esse
3244 3693 3378 3749 dicit
3406 3692 3667 3748 aJustino

2096 3764 2146 3817 in
2176 3778 2297 3845 cap.
2334 3764 2483 3845 l6‘et
2627 3763 2740 3834 Ego
2768 3777 2927 3845 vero,
2955 3764 3095 3845 quod
3126 3763 3339 3845 quidem
3358 3773 3596 3845 spectat;
3598 3765 3669 3819 ad

2093 3834 2340 3888 ordinem
2383 3832 2758 3902 Apologiarum
2788 3832 3012 3901 Justini,
3054 3832 3212 3888 facile
3246 3832 3520 3889 assentior
3555 3835 3661 3889 En-

2093 3905 2244 3959 sebio
2279 3911 2373 3957 :et
2399 3903 2541 3956 illam
2581 3918 2701 3973 quae
2741 3905 2806 3958 ad
2849 3913 3095 3958 senatum
3136 3903 3295 3974 vulgo
3325 3904 3663 3968 inscribitur,

2091 3975 2444 4044 posreriorem
2473 3988 2594 4027 esse
2623 3975 2858 4028 concedo
2900 3992 2913 4028 :
2955 3974 3254 4044 praesertim
3282 3990 3407 4029 cum
3453 3975 3664 4030 videam

2095 4042 2233 4100 idem
2263 4044 2534 4115 placuisse
2563 4044 2696 4098 viris
2724 4044 3075 4109 doctissimis,
3105 4042 3456 4115 Bellarmino,
3491 4045 3666 4099 Baro-

2093 4115 2185 4171 nio
2210 4113 2365 4187 et'_iis
2397 4129 2550 4187 quos
2576 4129 2741 4183 supra
2793 4115 3112 4187 memoravi.
3156 4113 3263 4169 Sed
3312 4124 3367 4187 et
3394 4115 3663 4187 Georgius

2094 4185 2380 4257 Syncellus
2396 4182 2448 4239 in
2467 4182 2757 4257 Chronico,
2788 4183 3012 4257 ejusque
3031 4184 3315 4257 interpres
3340 4182 3665 4241 Anastasius

2094 4255 2566 4319 BibliOthecarius,
2598 4256 2663 4309 ad
2691 4270 2890 4325 annum
2916 4255 3115 4310 Christi
3144 4255 3235 4322 46,
3276 4270 3501 4325 prorsus
3534 4271 3659 4309 cum

2093 4326 2325 4381 Eusebio
2346 4327 2714 4395 consentiunt.
2746 4323 2852 4379 Sed
2877 4330 3020 4394 quod
3047 4323 3497 4395 prioreniJustini
3520 4326 3663 4394 Apa-

2092 4397 2372 4468 logeticum
2417 4394 2490 4449 M.
2537 4395 2759 4450 Aurelio
2803 4394 3076 4468 Antonino
3113 4406 3481 4468 nuncupatum
3539 4410 3661 4450 esse

2090 4466 2300 4531 scribit,
2339 4467 2391 4519 in
2425 4480 2490 4520 eo
2526 4480 2633 4519 non
2666 4481 2880 4533 possum
2918 4466 2993 4520 illi
3018 4467 3289 4521 assentiri.
3322 4466 3431 4521 Nec
3469 4466 3661 4533 ignoro

2091 4539 2238 4591 viros
2266 4537 2615 4606 doctissimos
2638 4551 2776 4604 quos
2798 4551 2957 4606 supra
2994 4538 3309 4601 memoravi,
3341 4552 3463 4593 cum
3485 4537 3658 4591 Eusc-

2092 4609 2179 4663 bio
2211 4607 2539 4660 consentire.
2579 4604 2685 4660 Sed
2717 4604 3027 4675 quicunque
3063 4621 3177 4661 rem
3220 4609 3392 4676 ipsam
3432 4621 3661 4661 accura-

2095 4679 2205 4732 tius
2229 4676 2538 4743 expendere
2565 4676 2821 4740 voluerit,
2860 4676 3096 4732 inveniet
3126 4677 3367 4745 profecto
3397 4676 3659 4746 Apologef

411 4747 564 4799 Adde
590 4745 735 4813 quod
772 4746 907 4799 liber
962 4745 1049 4799 ille
1073 4745 1336 4800 Adversus
1366 4745 1576 4800 ercos
1617 4745 1981 4817 conscriptus,
2012 4747 2064 4807 D
2091 4749 2251 4801 ticum
2278 4747 2448 4810 illum,
2469 4761 2576 4817 non
2602 4757 2663 4817 ut
2692 4747 2882 4802 scribit
2921 4747 3189 4802 Eusebius
3206 4747 3277 4803 M.
3301 4745 3542 4813 Aurelio,
3560 4745 3658 4800 sed

411 4817 545 4870 satis
584 4824 813 4870 testatur
848 4826 1123 4870 auctorem
1154 4831 1344 4884 parum
1374 4818 1428 4871 in
1467 4818 1696 4873 dicendo
1718 4820 1986 4873 exercita-

413 4894 526 4957 tum
553 4885 737 4941 fuisse.
768 4887 860 4939 Est
891 4889 1034 4940 cnim
1065 4887 1310 4941 eruditus
1325 4887 1542 4957 quidem
1568 4888 1724 4953 liber,
1752 4891 1846 4943 sed
1865 4890 1984 4944 sine

410 4956 690 5010 ordine-ac
729 4960 979 5026 mellitula
1001 4956 1353 5026 compositus.

482 5026 597 5095 (97)
656 5026 776 5094 Πρό
842 5025 947 5095 τοῦ
1007 5024 1140 5079 κατἱ
1183 5028 1371 5080 αὑτὸν
1429 5024 1672 5095 ἀγῶνος.
1741 5028 1986 5093 Quatuor

414 5096 582 5148 nostri
609 5097 826 5148 codices
856 5094 1018 5157 Mar...
1054 5096 1221 5157 Med,
1260 5111 1382 5150 cum
1418 5094 1554 5151 Fnk.
1585 5111 1640 5151 et
1671 5099 1983 5165 Saviliano,

408 5165 688 5240 scripturn
709 5165 926 5240 habent,
962 5166 1068 5240 πρὸ
1100 5166 1340 5240 τούκεῖ-ε’
1379 5167 1541 5219 αὐτὸν
1571 5168 1893 5240 μαρτυρίου.

482 5235 598 5306 (Elii)
633 5232 728 5306 Ἐν
758 5233 832 5303 τῇ
866 5232 1119 5303 προέέρᾳ
1140 5236 1326 5306 αὑτοῦ
1346 5232 1707 5306 μιηιμοικῖεύει
1748 5232 1984 5292 Ἀπολο-

409 5302 915 5377 QfIquScribcndum
933 5316 1016 5359 est
1041 5308 1097 5356 ἐν
1129 5308 1199 5377 τῇ
1227 5302 1555 5377 δευτέρᾳξιιι
1588 5317 1733 5363 recte
1750 5310 1983 5375 conjecit

411 5375 476 5427 D.
514 5373 760 5428 Petavius
792 5377 843 5429 in
872 5373 1445 5430 Aniniadve‘rsionibus
1480 5380 1547 5430 ad
1578 5380 1824 5432 haeresim
1850 5373 1980 5433 itur

406 5444 719 5518 gpiphanii,
756 5454 809 5500 et
835 5446 897 5518 Ρ.
931 5445 1229 5518 Halloixius
1257 5447 1308 5499 in
1344 5445 1467 5518 Vita
1504 5446 1562 5500 S.
1593 5447 1821 5511 Justini,
1856 5463 1978 5518 cap.

410 5513 500 5569 26.
551 5515 760 5585 Quippe
806 5517 1072 5570 Eusebius
1105 5517 1211 5570 alio
1245 5516 1437 5571 ordine
1473 5519 1754 5587 Apologias
1782 5513 1977 5573 Justini

411 5595 676 5658 recenset,
708 5602 867 5655 quam
919 5601 1035 5658 quo
1066 5601 1207 5641 nunc
1247 5597 1372 5641 sunt
1420 5590 1598 5642 editae.
1645 5589 1779 5642 Eam
1833 5590 1976 5643 enim

412 5671 533 5725 quiB
561 5657 613 5711 in
647 5659 881 5727 vulgatis
912 5656 1240 5712 editionibus
1267 5658 1501 5711 secunda
1539 5659 1874 5719 inscribitur,
1922 5669 1978 5713 et

410 5730 684 5784 Antonino
706 5728 799 5782 l’io
828 5738 1134 5797 nuncupata
1151 5739 1253 5793 est,
1271 5728 1532 5783 Eusebius
1549 5731 1782 5796 priorem
1800 5730 1980 5798 appel-

413 5809 511 5865 lat,
550 5809 605 5852 ut
638 5800 819 5852 videre
847 5810 931 5853 est
961 5800 1011 5851 in
1048 5800 1224 5866 capite
1255 5800 1320 5853 12
1365 5800 1459 5855 lib.
1490 5814 1562 5865 Iv,
1592 5810 1646 5852 et
1674 5800 1726 5852 in
1758 5816 1884 5866 cap.
1912 5800 1977 5853 18

568 5880 607 5913 \

2092 4818 2271 4888 potius
2298 4816 2571 4888 Antonino
2609 4816 2705 4871 Pio
2745 4829 3107 4886 nuncupatum
3141 4832 3283 4873 esse.
3324 4816 3457 4888 Nam
3501 4817 3657 4871 initio

2093 4885 2416 4958 Epologetici
2444 4885 2777 4942 aitJustinus
2793 4885 3071 4943 mulierem
3092 4888 3236 4940 illam
3266 4887 3656 4951 Christianam,

2091 4974 2213 5012 cum
2243 4974 2272 5010 a
2305 4958 2422 5010 viro
2449 4968 2702 5013 accusata
2730 4969 2898 5025 esset,
2922 4958 3134 5012 dedisse
3156 4958 3392 5011 libellum
3419 4958 3658 5025 impera-

2092 5030 2213 5099 tori,
2249 5028 2341 5081 καὶ
2372 5029 2404 5097 ἡ
2448 5027 2545 5097 μὲν
2574 5026 2825 5097 βιϐλίδιον
2851 5045 2931 5081 σοι
2958 5027 3036 5098 τῷ
3061 5028 3420 5099 αὐτοκράτορι
3465 5026 3658 5079 ἀναδέ-

2088 5098 2248 5153 δωκε.
2278 5098 2432 5164 Quod
2459 5099 2504 5152 si
2530 5099 2897 5165 Apologeticus
2933 5100 3022 5153 ille
3061 5098 3468 5153 successoribus
3487 5099 3656 5165 Anio-

2090 5169 2200 5222 nini
2243 5168 2322 5221 Pii
2351 5164 2787 5221 dicatusfuisset
2827 5178 2883 5220 ut
2910 5168 3022 5222 vult
3068 5167 3350 5230 Eusebius,
3390 5178 3533 5221 certe
3557 5164 3653 5218 Ju-

2087 5239 2259 5292 stinus
2284 5242 2337 5292 in
2367 5238 2555 5303 plurali
2583 5251 2810 5308 numero
2838 5239 3064 5293 dixisset
3090 5239 3217 5308 ὑμῖν
3243 5241 3355 5301 τοῖς
3388 5235 3655 5308 αὐτοκρά-

2086 5325 2290 5379 τορσιν.
2340 5308 2569 5379 Marcus,
2598 5307 2751 5379 enim
2780 5316 2861 5379 et_
2883 5308 3052 5363 Verus
3102 5307 3263 5379 ambo
3297 5307 3458 5363 simul
3497 5314 3657 5379 erant

2086 5375 2336 5449 Augusti.
2361 5377 2607 5433 Secundo
2628 5377 2817 5449 scribit
2835 5376 3104 5444 Justinus,
3124 5377 3348 5433 Lucium
3366 5375 3651 5449 quemdam

2087 5445 2209 5503 cum
2256 5449 2605 5503 Ptolemazum
2651 5446 3024 5518 Christianum
3067 5451 3132 5501 ad
3169 5449 3489 5518 supplicium
3530 5445 3651 5518 duri

2085 5520 2314 5582 videret,
2352 5520 2434 5572 Itis
2463 5519 2640 5570 Verbis
2680 5516 2915 5582 judicem
2953 5513 3351 5586 conipellasse:
3407 5516 3481 5570 Οὐ
3514 5513 3653 5586 etpe-

2085 5604 2253 5641 ποντα
2291 5588 2519 5660 Εὐσεϐεῖ
2544 5587 2946 5660 αὐτοκράτορι,
2994 5584 3114 5641 οὐδὲ
3169 5588 3456 5660 φιλοσόφου
3512 5584 3653 5635 Καί-

2087 5675 2274 5730 σαροςᾷ
2313 5657 2479 5712 παιδί.
2540 5658 2594 5711 Id
2638 5657 2764 5730 est:
2810 5657 2930 5730 Non
2983 5662 3093 5712 haec
3147 5657 3337 5730 decent
3376 5659 3653 5730 imperato:

2086 5725 2193 5782 rem
2244 5728 2415 5794 Pium,
2481 5745 2584 5782 non
2628 5727 2932 5796 Philosophi
2983 5730 3206 5783 Ca’saris
3262 5728 3453 5797 ﬁlium.
3499 5725 3649 5797 Apud

2086 5800 2376 5856 Eusebium
2425 5803 2478 5855 in
2532 5814 2651 5868 cap.
2683 5800 2745 5854 l7
2798 5793 2892 5855 lib.
2938 5815 2989 5855 ιγ
3044 5793 3490 5869 ιθοιίιι5ἰρςὶίιιι·
3531 5793 3648 5847 οὐδὲ
