4016 6260
344 348 447 408 3'39

1345 348 1696 405 HISTORIA:
1735 345 2292 405 ECCLESIASTICE
2330 345 2458 402 LIB.
2499 344 2585 400 IV.

3497 341 3598 398 570

351 469 495 523 θέσει
535 468 638 522 καὶ
687 471 860 524 ταῦτα
913 470 1160 543 ἱστορῶν.
1207 469 1416 543 Γράφει
1465 471 1523 524 δέ
1555 464 1691 526 ὧδε⁸
1735 490 1752 522 ‹
1793 471 1923 538 Γυνῆ

2040 472 2180 524 niam
2213 470 2278 524 ad
2308 468 2618 523 institutum
2647 472 2892 518 nostrum
2913 461 3140 527 faciunt,
3175 462 3267 517 hic
3295 476 3597 532 apponam:

346 580 429 626 τις
457 563 708 617 συνεϐίου
751 565 907 637 (Ξινδρῖ⁵
950 565 1419 628 ἀκολασταίνοντι,
1471 565 1929 618 ἀκολασταίνουσα

351 657 444 709 καὶ
470 656 609 728 αὐτὴ
642 658 925 730 πρότερον.
989 658 1205 728 Ἐπειδὴ
1255 657 1310 710 δὲ
1344 659 1412 710 τὰ
1459 657 1552 710 τοῦ
1581 656 1815 730 Χριστοῦ
1856 656 1931 709 δι-

349 748 600 818 δάγματα
634 749 795 820 ἔγνω,
833 749 1236 821 ἐσωφρονίσθη,
1284 752 1375 804 καὶ
1401 751 1492 803 τὸν
1523 751 1690 822 ἄνδρα
1729 751 1928 820 ὁμοίως

353 843 652 911 σωφρονεῖν
704 841 909 894 πείθειν
955 843 1246 914 ἐπειρᾶτο,
1294 842 1361 894 τὰ
1392 842 1692 912 διδάγματα
1727 842 1930 911 ἀναφέ-

349 948 539 1000 ρουσα,
577 932 678 1001 τήν
709 949 768 984 τε
805 931 1099 1002 μέλλουσαν
1122 934 1233 995 τοῖς
1261 932 1321 985 οὐ
1355 934 1644 1003 σωφρόνως
1675 934 1766 987 καὶ
1794 931 1930 1003 μετὰ

349 1019 510 1088 λόγου
541 1019 700 1091 ὀρθοῦ
738 1020 941 1090 βιοῦσιν
969 1021 1185 1074 ἔσεσθαι
1218 1023 1274 1073 ἐν
1299 1022 1502 1094 αἰωνίῳ
1537 1022 1670 1093 πυρὶ
1710 1022 1928 1076 κόλασιν

349 1113 787 1184 ἀπαγγέλλουσα.
829 1115 885 1166 '0
920 1115 976 1166 δὲ
1015 1117 1134 1178 ταῖς
1160 1117 1349 1179 αὐταῖς
1391 1115 1700 1184 ἀσελγείαις
1737 1116 1928 1186 ἐπιμέ-

347 1223 457 1261 νων
475 1245 491 1270 ,
527 1205 812 1278 ἀλλοτρίαν
838 1205 922 1259 διὰ
948 1206 1058 1258 τῶν
1090 1207 1338 1278 πράξεων
1364 1209 1592 1260 ἐποιεῖτο
1632 1205 1728 1276 τὴν
1757 1224 1928 1277 γαμε-

346 1299 472 1368 τήν.
519 1299 738 1362 Ἀσεϐἐς
773 1298 880 1372 γὰρ
909 1299 1184 1370 ἡγουμένη
1216 1300 1276 1352 τὸ
1312 1298 1490 1368 λοιπὸν
1518 1301 1550 1369 ἡ
1585 1299 1756 1370 γυνὴ,
1793 1315 1923 1366 συγ-

345 1387 768 1441 κατακλίνεσθαι
798 1389 951 1457 ἁνδρὶ
981 1389 1134 1459 παρὰ
1161 1389 1251 1442 τὸν
1278 1389 1377 1460 τῆς
1411 1387 1624 1458 φύσεως
1648 1389 1808 1459 νόμον
1833 1390 1926 1442 καὶ

351 1481 505 1551 παρὰ
540 1482 601 1533 τὸ
624 1481 829 1536 δίκαιον
847 1483 1046 1554 πόρους
1073 1481 1266 1554 ἡδονῆς
1293 1483 1358 1534 ἐκ
1376 1481 1574 1544 παντὸς
1603 1482 1926 1552 πειρωμένῳ

349 1574 658 1638 ποιεῖσθαι,
697 1575 796 1645 τῆς
832 1574 1088 1644 συζυγίας
1121 1574 1451 1646 χωρισθῆναι
1494 1574 1775 1646 ἐϐουλήθη.
1817 1575 1926 1628 Καὶ

349 1667 479 1718 ἐπεὶ
521 1665 908 1730 ἐξεδυσωπεῖτο
953 1668 1058 1720 ὑπὸ
1090 1667 1196 1722 τῶν
1241 1666 1442 1737 αὐτῆς,
1479 1665 1559 1718 ἔτι
1600 1666 1925 1738 προσμένειν

351 1759 862 1828 συμϐουλευόντων,
907 1760 982 1824 ὡς
1011 1763 1089 1824 εἰς
1119 1760 1308 1813 ἐλπίδα
1359 1759 1659 1830 μεταϐολῆς
1706 1758 1922 1830 ἥξοντος

349 1865 481 1902 ποτε
504 1850 597 1903 τοῦ
622 1851 832 1924 ἀνδρὸς,
859 1851 1148 1923 βιαζομένη
1170 1854 1366 1925 ἑαυτὴν
1395 1854 1680 1924 ἐπέμενεν.
1713 1854 1926 1926 Ἐπειδὴ

347 1938 407 1993 δὲ
440 1943 468 1994 ὁ
495 1940 698 2013 ταύτης
728 1944 866 2014 ἀνὴρ
907 1945 986 2008 είς
1026 1943 1123 2014 τὴν
1174 1944 1577 2016 Ἀλεξάνδρειαν
1621 1945 1924 2017 πορευθεὶς,

351 2032 709 2106 χαλεπώτερα
733 2037 989 2106 πράττειν
1016 2035 1355 2108 ἀπηγγέλθη,
1385 2038 1534 2101 ὅπως
1569 2039 1644 2111 μὴ
1673 2041 1926 2104 κοινωνὸς

349 2124 460 2177 τῶν
485 2124 837 2195 ἀδικημάτων
865 2125 958 2178 καὶ
995 2125 1356 2197 ἀσεϐημάτων
1394 2126 1644 2197 γένηται,
1689 2128 1924 2197 μένουσα

349 2220 410 2271 ἐν
441 2221 506 2289 τῇ
545 2217 775 2289 συζυγίᾳ
800 2259 815 2283 ,
847 2218 939 2272 καὶ
984 2219 1287 2289 ὁμοδίαιτος
1333 2218 1427 2271 καὶ
1467 2219 1750 2288 ὁμόκοιτος
1780 2237 1923 2288 γινο-

351 2310 510 2380 μένη,
541 2310 916 2380 τὸλεγόμενον
948 2312 1076 2382 παρ’
1101 2313 1232 2381 ἡμῖν
1260 2309 1536 2380 ρεπούδιον
1575 2310 1759 2377 δοῦσα,
1790 2313 1926 2382 ἐχω-

348 2403 531 2473 ρίσθη.
574 2404 632 2456 Ὁ
655 2403 710 2456 δὲ
740 2403 902 2468 καλὸς
933 2403 1174 2473 κάγαθὸς
1212 2404 1412 2475 ταύτης
1450 2404 1588 2476 ἀνὴρ
1615 2445 1629 2468 ,
1661 2405 1776 2459 δέον
1823 2406 1922 2458 αὐ-

346 2495 441 2548 τὸν
469 2496 702 2567 χαίρειν,
724 2497 806 2550 ὅτι
825 2496 860 2550 ἃ
889 2497 1052 2550 πάλαι
1079 2497 1215 2567 μετὰ
1241 2497 1348 2550 τῶν
1379 2498 1667 2568 ὑπηρετῶν
1691 2498 1785 2551 καὶ
1817 2499 1922 2551 τῶν

350 2587 693 2656 μισθοφόρων
723 2587 962 2659 εὐχερῶς
993 2587 1224 2660 ἔπραττε
1248 2630 1262 2652 ,
1304 2589 1492 2660 μέθαις
1525 2589 1789 2661 χαίρουσα
1830 2589 1921 2644 καὶ

347 2677 520 2749 κακία
550 2678 720 2750 πάσῃ,
741 2678 945 2732 τούτων
976 2681 1072 2750 μὲν
1107 2680 1214 2733 τῶν
1248 2680 1497 2751 πράξεων
1526 2680 1794 2745 πέπαυτο,
1828 2681 1922 2734 καὶ

348 2768 514 2821 αὑτὸν
554 2769 623 2821 τὰ
670 2768 807 2823 αὐτὰ
833 2768 1140 2823 παύσασθαι
1184 2771 1487 2840 πράττοντα
1532 2770 1813 2824 ἐϐούλετοο
1847 2770 1920 2842 μὴ

348 2858 671 2932 βουλομένου
692 2862 1094 2934 ἀπαλλαγείσης
1115 2864 1246 2936 (99),
1265 2865 1591 2936 κατηγορίαν
1609 2867 1918 2936 πεποίηται,

352 3024 657 3098 φιλοσόφῳ,
709 3041 870 3098 quam
933 3027 1215 3082 lectionem
1289 3030 1644 3098 manuscripti
1707 3031 1923 3088 codices

353 3096 699 3149 confirmant.
745 3095 901 3166 iQuis
960 3108 1043 3152 est
1119 3099 1286 3166 igitur

350 3167 688 3242 Antoninum
744 3165 899 3222 Pium
926 3169 1042 3242 Jtic
1079 3165 1589 3242 idesignari'iNam
1637 3181 1689 3226 et
1723 3165 1923 3242 cognoé

355 3247 596 3290 mentum
675 3237 852 3305 ipsum
925 3240 1152 3293 Εὐσεϐεῖ
1221 3237 1272 3294 id
1344 3241 1476 3295 satis
1551 3237 1816 3307 indicati
1867 3252 1922 3297 et

246 3367 264 3386 ἱ
353 3309 498 3376 quod
560 3313 804 3386 sequitur
859 3309 927 3364 de
991 3311 1321 3386 Pliilosopho
1383 3312 1729 3386 imperatoris
1769 3313 1920 3386 ﬁlio,

353 3379 680 3431 sententiam
747 3391 992 3435 nostram
1059 3381 1342 3436 manifeste
1400 3379 1710 3436 confirmat.
1749 3379 1923 3438 -Dicet

353 3447 492 3528 forte
525 3447 744 3531 aliquis,
778 3451 994 3530 nomine
1027 3450 1375 3531 imperatoris
1400 3451 1480 3506 Pii
1541 3451 1782 3506 Marcum
1828 3455 1923 3508 de-

353 3521 594 3593 signari,
616 3523 808 3593 quippe
832 3521 920 3590 qui
956 3521 1126 3593 patris
1152 3521 1231 3574 sui
1259 3537 1562 3593 cognomen
1608 3539 1923 3592 assumpse-

355 3588 662 3660 rit.7Sedisi
707 3588 806 3645 hoc
828 3588 1158 3660 conceditur,
1181 3588 1430 3660 quisnam
1461 3593 1566 3646 erit
1611 3593 1700 3647 ille
1737 3588 1922 3649 Philo-

355 3659 816 3734 sophus_Ca:saris
859 3660 1037 3734 filius?
1079 3659 1211 3734 ACur’
1243 3662 1468 3734 Lucium
1511 3663 1708 3734 verum
1742 3664 1926 3734 Augu-

354 3742 497 3802 suim
529 3728 618 3802 hic
646 3731 920 3786 omisisset
953 3730 1217 3798 Justinus,
1247 3748 1370 3786 cum
1407 3733 1457 3785 in
1496 3732 1678 3802 priore
1728 3728 1923 3802 Apolo-

353 3801 518 3866 getico
548 3800 665 3869 ejus
707 3803 1030 3855 mentionem
1065 3802 1278 3856 faciat?
1313 3800 1509 3857 Annon
1573 3803 1690 3858 luce
1724 3800 1925 3860 clarius

357 3881 604 3949 apparet,
640 3871 970 3949 Antoninum
1007 3870 1159 3949 Pium
1194 3873 1599 3949 hic_a_.lt_ts_tino
1631 3875 1920 3949 designari,

356 3940 442 3991 cui
468 3938 861 4013 Apologeticum
884 3957 1039 3996 suum
1068 3944 1380 4013 inscripsit?
1411 3945 1565 3998 Adde
1596 3938 1926 4012 quod‘UrbiL

354 4023 453 4062 cus
485 4009 573 4083 ille
629 4009 936 4080 praefectus,
991 4014 1144 4083 cujus
1204 4009 1397 4068 ibidem
1454 4009 1699 4068 meminit
1753 4015 1923 4068 Justi-

357 4094 482 4144 nus,
517 4080 656 4135 vixit
693 4083 792 4137 sub
818 4080 1092 4137 Antonino
1123 4082 1235 4138 Pio.
1295 4085 1342 4137 Is
1393 4085 1534 4137 enim
1591 4093 1673 4138 est
1725 4085 1924 4141 Lollius

357 4147 615 4223 Urbicus,
638 4154 728 4222 qui
781 4153 987 4221 legatus
1035 4155 1378 4223 imperatoris
1431 4154 1719 4211 Britannos
1777 4171 1925 4210 com-

352 4221 587 4292 pescuit,
633 4233 695 4276 ut
749 4223 916 4275 refert
964 4221 1297 4292 Capitolinus
1350 4226 1401 4277 in
1470 4223 1586 4277 Vita
1647 4227 1921 4281 Antonini.

359 4291 493 4343 lium
522 4293 834 4358 praefectum
863 4292 1025 4348 Urbis
1045 4291 1248 4359 fuisse,
1279 4298 1581 4362 imperante
1617 4295 1731 4358 Pin,
1767 4297 1926 4349 docet

353 4362 615 4434 Apuleius
647 4365 698 4416 in
733 4363 1010 4432 Apologia,
1042 4367 1143 4418 sub
1176 4367 1410 4419 initium.
1469 4364 1601 4418 Nam
1631 4381 1752 4418 cum
1782 4369 1925 4434 Apu.

353 4431 492 4504 leius
522 4448 642 4486 eam
673 4431 971 4488 orationem
1006 4436 1259 4489 habuerit
1283 4436 1382 4489 sub
1413 4435 1506 4488 Pio
1535 4475 1548 4498 ,
1585 4447 1641 4488 ut
1701 4431 1926 4504 ipsmnct

353 4501 406 4554 in
430 4515 492 4574 ea
519 4507 766 4574 oratione
800 4514 1051 4566 testatur,
1108 4505 1334 4559 Lollium
1394 4521 1608 4574 quoque
1666 4501 1922 4560 Urbirum

1360 3100 1684 3192 92‘..."_‘3"_.
1703 3102 1920 3192 V5995,
1955 3134 1996 3192 c

2039 587 2056 619 ι
2087 566 2277 620 Mulier
2305 566 2551 634 quaedam
2571 602 2585 628 ,
2614 561 2819 630 inquit,
2851 561 3025 614 virum
3064 559 3300 614 habebat
3333 561 3599 629 intempo-

2032 667 2264 712 rantem.
2293 658 2412 726 Ipsa
2436 667 2650 724 quoque
2667 651 2815 722 prius
2841 651 3053 719 quidem
3081 649 3285 705 lascive
3311 650 3608 704 admodum

2031 766 2090 804 se
2160 757 2404 818 gesserat
2453 766 2466 800 :
2514 745 2609 800 sed
2678 752 2968 813 postquam
3033 741 3332 796 salutarem
3396 739 3601 795 Christi

2031 842 2338 895 doctrinam
2372 839 2696 906 accepisset,
2731 837 2912 890 statim
2942 835 3238 890 modestior
3274 831 3414 887 facta
3436 873 3451 896 ,
3481 831 3600 887 viro

2029 933 2193 986 etiam
2246 931 2576 1002 persuadere
2637 927 2841 983 studuit
2918 937 2976 982 ut
3043 927 3251 982 castius
3329 925 3536 978 viveret
3580 956 3596 981 ,

2030 1023 2340 1078 Christiana
2372 1031 2642 1094 praecepta
2679 1020 2756 1074 illi
2816 1033 3131 1089 suggerens,
3160 1015 3320 1088 138
3355 1025 3412 1069 et
3460 1013 3600 1084 ignis

2029 1115 2215 1169 aeterni
2245 1114 2568 1183 supplicium
2603 1120 2849 1183 paratum
2898 1111 2962 1166 iis
2998 1109 3086 1179 qui
3126 1107 3359 1165 obscene
3397 1116 3458 1159 etv
3479 1105 3599 1160 sine

2031 1217 2174 1261 recta
2211 1207 2418 1261 ratione
2448 1205 2734 1260 vixissent.
2769 1203 2969 1258 Verum
3013 1201 3104 1255 ille
3139 1200 3190 1253 in
3229 1199 3420 1254 eadem
3457 1210 3601 1251 sem-

2029 1317 2126 1370 per
2150 1300 2372 1356 lascivia
2397 1312 2776 1366 perseverans,
2802 1312 2862 1350 ea
2902 1294 3099 1363 agebat
3125 1307 3247 1362 qua:
3272 1291 3459 1346 uxoris
3484 1289 3600 1342 anl-

2031 1405 2177 1445 tnum
2210 1389 2425 1458 penitus
2441 1388 2509 1442 ab
2541 1387 2660 1456 ipso
2690 1385 3012 1442 alienarent.
3049 1383 3241 1438 Mulier
3272 1383 3414 1436 enim
3449 1378 3599 1434 nefas

2027 1498 2148 1537 esse
2191 1481 2534 1544 existimans,
2577 1494 2699 1533 cum
2743 1492 2808 1533 eo
2860 1478 2978 1531 viro
3025 1478 3118 1546 qui
3153 1484 3338 1530 contra
3390 1480 3601 1527 natum

2029 1576 2172 1644 leges
2211 1583 2515 1642 praeterque
2553 1574 2665 1642 jus,
2707 1569 3069 1638 undecunque
3100 1566 3212 1621 vias
3247 1565 3600 1620 libidinisex-

2027 1668 2291 1736 quireret,
2344 1663 2487 1718 thori
2531 1661 2806 1717 consortio
2843 1659 3019 1730 jungi,
3072 1658 3348 1713 discedere
3403 1655 3471 1710 ab
3504 1653 3598 1710 illo

2028 1756 2332 1810 constituit.
2352 1754 2553 1810 Verum
2574 1753 2895 1824 propinquis
2916 1751 3164 1805 mulieris
3193 1748 3602 1806 consulentibus

2031 1859 2086 1902 ut
2148 1850 2199 1902 in
2259 1847 2508 1918 conjugio
2572 1849 2748 1903 adhuc
2794 1855 3178 1916 permaneret,
3237 1856 3496 1911 Spemque
3547 1841 3602 1895 ei

2031 1941 2356 1995 facientibus
2417 1941 2592 1994 virum
2646 1940 2711 1994 ad
2766 1940 3046 1994 meliorem
3106 1935 3312 2002 frugem
3381 1933 3599 1986 tandem

2029 2045 2411 2096 reversurum,
2451 2033 2698 2086 consiliis
2730 2046 2916 2086 eorum
2949 2031 3332 2097 obtemperans
3383 2020 3596 2086 mulier,

2026 2143 2092 2181 ac
2141 2128 2242 2182 sibi
2278 2127 2395 2195 ipsa
2426 2126 2534 2180 vim
2563 2125 2793 2188 faciens,
2839 2122 3037 2178 mansit
3101 2135 3222 2175 cum
3279 2119 3419 2172 viro.
3490 2114 3600 2170 Sed

2026 2229 2383 2292 posteaquam
2405 2221 2492 2274 vir
2520 2219 2689 2289 ipsius
2719 2213 3104 2270 Alexandriam
3144 2209 3440 2280 profectus,
3474 2221 3601 2278 gra-

2027 2312 2269 2368 vioribus
2322 2312 2502 2366 adhuc
2555 2307 2776 2378 flagitiis
2824 2320 2945 2360 sese
2993 2302 3284 2372 inquinare
3321 2299 3603 2354 nuntiatus

2026 2405 2244 2476 e5t,illa
2278 2404 2451 2459 verita
2495 2417 2563 2456 ne
2597 2402 2860 2455 scelerum
2895 2406 3060 2464 atque
3101 2392 3397 2464 impietatis
3437 2391 3605 2460 parti-

2027 2517 2154 2573 ceps
2193 2501 2366 2562 fieret,
2432 2495 2478 2551 si
2525 2494 2580 2548 in
2631 2489 2882 2560 coniugio
2940 2487 3181 2556 ejusdem
3233 2489 3602 2554 permaneret,

2028 2594 2310 2660 victusque
2335 2598 2388 2644 et
2417 2588 2558 2641 thori
2594 2597 2821 2640 consors
2841 2580 3154 2640 exsisteret,
3174 2577 3342 2631 misso
3369 2575 3420 2630 ei
3438 2587 3604 2640 repo-

2028 2687 2118 2740 dio
2145 2683 2416 2740 discessit.
2463 2682 2534 2734 At
2571 2682 2746 2735 bonus
2773 2675 2859 2729 ille
2885 2675 2992 2738 vir,
3046 2673 3140 2742 qui
3185 2668 3446 2740 gratulari
3495 2666 3604 2722 sibi

2027 2778 2311 2842 debuerat,
2350 2773 2492 2843 quod
2537 2788 2674 2827 uxor
2719 2785 2815 2826 sua
2872 2767 3004 2823 nihil
3032 2767 3143 2836 jam
3180 2779 3365 2820 eorum
3417 2769 3604 2829 ageret

2029 2886 2150 2940 quae
2184 2870 2332 2940 prius
2366 2883 2490 2923 cum
2549 2866 2811 2922 ministris
2839 2877 2903 2918 ac
2930 2861 3281 2917 mercenariis
3323 2858 3376 2912 ir.
3413 2857 3602 2910 vinum

2029 3033 2121 3087 Ait
2155 3033 2306 3094 enim.
2347 3030 2591 3086 Justinus
2626 3046 2740 3084 rem
2797 3043 2918 3084 esse
2970 3027 3216 3098 dignam_
3247 3022 3601 3098 imperatoria

2033 3102 2337 3170 majestate,
2371 3101 2560 3155 audire
2613 3097 2920 3169 huiusmodi
2947 3093 3408 3170 disputationem
3429 3093 3599 3170 Deni-

2033 3165 2139 3242 qué
2173 3174 2225 3226 in
2257 3165 2362 3227 fine
2400 3173 2644 3240 ejusdem
2685 3165 3027 3242 Apologetici,
3051 3165 3116 3242 id
3171 3169 3344 3242 ipsum
3395 3165 3600 3242 indicat

2028 3232 2276 3298 Justinus
2305 3245 2388 3296 his
2426 3232 2606 3296 verbis
2635 3259 2647 3293 :
2679 3232 2790 3295 Καὶ
2836 3232 2981 3310 ὑμᾶς
3014 3232 3124 3294 ὀὖν
3169 3232 3604 3310 ἀξιοῦμεν-ὑπο-

2022 3313 2355 3384 γράψαντας
2368 3314 2429 3366 τὸ
2455 3313 2581 3384 ὑμῖν
2593 3312 2825 3384 -δοκοῦν,
2853 3304 3133 3383 προθεῖναι
3165 3304 3403 3362 τουτίτὺ
3434 3304 3602 3374 βιϐλία

2023 3382 2160 3446 δίον,
2195 3394 2302 3439 etc.
2341 3383 2396 3438 ld
2422 3382 2506 3438 est
2539 3403 2552 3438 :
2593 3382 2692 3437 Vos
2714 3384 2876 3452 igitur
2903 3382 3172 3449 rogamus
3220 3389 3276 3452 ut
3318 3388 3600 3452 postquam

2022 3456 2436 3522 subscripseritis
2464 3446 2804 3524 quodcunque
2847 3446 3001 3506 vobis
3024 3452 3190 3524 uisum
3231 3449 3412 3518 fuerit,
3446 3446 3600 3524 libel-

2023 3527 2130 3579 lum
2171 3518 2308 3578 hunc
2331 3518 2658 3594 proponatis.
2679 3518 2760 3577 A'n
2788 3525 2901 3594 [nec
2930 3521 3094 3576 verba
3126 3522 3280 3594 alteri
3297 3518 3596 3594 convenire

2024 3604 2248 3664 possunt
2277 3589 2437 3662 quani
2466 3593 2818 3663 imperatori?
2848 3591 3034 3664 Neque
3053 3593 3233 3664 enim
3262 3589 3600 3664 a_lius_quam

2026 3659 2343 3734 imperator,
2376 3659 2572 3719 libellis
2597 3679 2818 3732 precum
2856 3659 3232 3734 subscribendi
3264 3660 3371 3734 jus
3409 3659 3595 3712 habet.

2026 3729 2195 3789 Porro
2223 3733 2471 3788 lustinus
2544 3729 2780 3787 libellum
2849 3742 3005 3788 vocat
3055 3729 3364 3800 Apologiam
3420 3743 3596 3793 suam,

2025 3807 2268 3873 petitque
2302 3806 2369 3858 ab
2413 3806 2735 3872 imperatore
2781 3811 2838 3856 ut
2890 3817 3010 3856 eam
3043 3801 3256 3873 publice
3307 3809 3595 3873 p_ropona_t.

2023 3869 2132 3944 quo
2158 3869 2364 3929 veritas
2391 3875 2456 3927 ab
2485 3869 2738 3944 omnibus
2789 3873 3008 3944 agnosci
3044 3869 3257 3937 possit.
3280 3939 3290 3944 _
3316 3869 3387 3944 _Et
3438 3871 3600 3938 paulo

2024 3939 2147 4013 post
2170 3945 2389 4010 subjicit
2420 3959 2432 3994 :
2472 3944 2596 3996 Ἐὰν
2617 3943 2672 3996 δέ
2699 3945 2854 4014 ὑμεῖς
2894 3941 3052 3994 τοῦτο
3083 3939 3462 4014 προγράψητε,
3486 3950 3592 3994 etc.

2025 4011 2079 4071 Id
2107 4026 2208 4081 est,
2241 4015 2393 4080 Quod
2426 4016 2470 4068 si
2503 4017 2598 4067 hoc
2621 4011 2847 4068 edicium
2870 4011 3266 4081 proposueritis.
3293 4012 3423 4077 Quae
3446 4022 3597 4081 certe

2027 4087 2238 4140 nonnisi
2266 4088 2331 4139 de
2359 4085 2684 4153 imperatore
2708 4086 2810 4138 dici
2839 4093 3099 4150 possunt,
3128 4080 3284 4150 cujus
3310 4090 3393 4134 est
3417 4080 3597 4153 edicta

2027 4170 2349 4226 proponere,
2379 4149 2472 4226 aut
2499 4165 2652 4226 certe
2684 4149 2942 4226 mandare
2983 4162 3042 4226 ut
3077 4162 3468 4226 propouanuir.
3499 4149 3596 4226 lar-

2026 4220 2311 4294 rat'igitur
2371 4225 2432 4279 P.
2471 4225 2788 4292 l-lalloixius,
2841 4225 2930 4291 qui
2989 4224 3042 4275 iu
3077 4221 3199 4294 Vita
3253 4220 3312 4275 S.
3369 4221 3594 4294 lumini,

2027 4313 2146 4366 cap.
2169 4289 2269 4360 ‘26,
2303 4306 2356 4350 et
2388 4296 2439 4349 in
2474 4289 2839 4366 notationibus
2861 4289 2937 4346 ad
2978 4308 3110 4366 cap.
3146 4293 3375 4366 9.7negat
3425 4289 3598 4344 Justi-

2029 4362 2157 4420 num
2193 4369 2242 4420 in
2276 4377 2386 4420 toto
2414 4367 2504 4420 illo
2525 4365 2881 4435 Apologetiro,
2907 4364 2988 4417 vel
3011 4362 3176 4417 semel
3207 4365 3594 4435 imperatorem

2028 4438 2248 4505 alloqui.
2280 4435 2442 4491 Vides
2474 4433 2616 4491 enim
2642 4433 2874 4505 quatuor
2899 4435 3015 4488 loca
3059 4449 3125 4487 ex
3159 4449 3223 4487 eo
3257 4433 3394 4486 libro
3420 4447 3450 4505 τι
3509 4445 3596 4486 me

2028 4503 2369 4569 esse’citata,
2401 4509 2451 4559 in
2484 4503 2682 4576 quibus
2714 4503 2956 4567 Justinus
2992 4505 3375 4576 imperatorem
3418 4503 3592 4570 ipsum

351 4571 668 4644 praafectum
723 4573 903 4639 Urbis,
957 4588 986 4626 a
1041 4557 1172 4643 quo
1206 4557 1920 4630 aEiiiiliziuui'udamnatum
1957 4557 3085 4644 Dadituri—(imminuiex,ﬁlt-is‘quredixi
3153 4573 3329 4641 colligi
3392 4557 3592 4644 potest.

351 4641 521 4696 fuisse
552 4646 703 4711 dicit,
743 4647 842 4699 sub
881 4641 1072 4698 eodem
1123 4645 1214 4701 Pio
1263 4648 1427 4699 fuisse
1481 4648 1764 4700 dicendum
1815 4661 1921 4700 εει.

354 4711 432 4765 De
457 4716 648 4769 eodem
705 4715 772 4781 Q.
818 4713 994 4769 Lollio
1027 4716 1220 4770 Urbiro
1260 4717 1515 4785 praefecto
1558 4714 1718 4771 Urbis
1766 4727 1923 4771 vetus

352 4793 532 4857 exstat
574 4785 856 4854 inscriptio
890 4787 1028 4854 apud
1064 4785 1378 4849 Gruterum,
1409 4803 1529 4857 pag.
1566 4787 1654 4842 58.
1685 4786 1777 4841 Ha:
1800 4797 1925 4842 sunt

353 4855 620 4926 rationes,
651 4856 845 4926 quibus
875 4857 1123 4910 inductus
1152 4855 1540 4926 Apologeticuin
1571 4860 1922 4926 posteriorem

351 4918 552 4977 Justini
583 4918 687 4980 πίοὸ
719 4925 788 4980 Μ.
821 4926 1063 4991 Aurelio,
1089 4929 1178 4980 sed
1199 4918 1476 4980 Antonino
1507 4918 1598 4981 Pio
1639 4944 1922 4997 nuncupa-

356 5001 613 5072 tumesse
643 4997 934 5072 contendo.
964 4997 1289 5072 luvnlgatis
1331 5000 1546 5065 quidem
1591 4998 1922 5072 editiouibus

354 5065 402 5139 is
439 5065 813 5139 Apologeticus
859 5068 1180 5121 inscribitur
1206 5070 1270 5121 ad
1304 5077 1550 5121 senatum
1590 5069 1918 5121 Humanum.

357 5129 558 5188 Verum
583 5129 678 5190 aut
705 5137 840 5189 falsa
878 5148 965 5192 est
1023 5139 1136 5192 lizec
1199 5139 1503 5207 inscriptio,
1561 5149 1654 5191 aut
1701 5149 1920 5193 senatus

356 5207 574 5276 nomine
598 5209 714 5274 ipse
755 5222 970 5276 quoque
1025 5209 1321 5276 imperator
1371 5210 1774 5262 subaudiendus
1815 5219 1917 5264 est.

355 5273 487 5347 Nam
508 5273 838 5331 Jusiinusin
867 5273 931 5332 eo
961 5273 1295 5347 Apologetico
1330 5280 1708 5346 imperatorem
1745 5279 1918 5344 ipslllll

357 5345 668 5420 alloquitur,
694 5357 754 5420 _ut
779 5359 925 5420 patet
949 5345 1014 5401 ex
1041 5365 1106 5420 eo
1131 5345 1270 5403 loco
1305 5345 1464 5420 supra
1505 5351 1689 5412 citato,
1731 5349 1826 5402 καὶ
1885 5351 1918 5420 ἡ

359 5415 454 5490 μὲν
479 5417 735 5488 βιϐλίδιόν
763 5435 845 5470 σοι
869 5419 1247 5490 αὐτοκράτορι,
1273 5415 1385 5474 etc:
1420 5417 1522 5473 Sed
1561 5431 1614 5473 et
1677 5435 1797 5488 pag.
1850 5415 1917 5473 47

356 5488 599 5556 ejusdem
633 5489 951 5556 Apologetici
978 5493 1045 5543 de
1067 5488 1356 5544 CreScente
1389 5491 1613 5558 loquens
1645 5493 1787 5544 etde
1813 5492 1923 5544 dis-

356 5559 728 5623 putationibus
750 5574 888 5627 quas
919 5574 1041 5612 cum
1074 5560 1162 5612 illo
1199 5562 1482 5624 habuerat,
1534 5563 1917 5629 imperatorem

354 5631 527 5704 ipsum
557 5631 855 5704 compellat
893 5630 976 5704 his
1020 5633 1199 5704 verbis
1243 5648 1272 5704 εγ.
1315 5632 1378 5684 Εἰ
1431 5631 1504 5704 μὴ
1548 5631 1920 5704 ἀνηνέχθησαν

358 5699 482 5767 ὑμῖν
515 5698 873 5773 αίῌκοινωνίαι
894 5699 1000 5773 τῶν
1023 5701 1215 5767 λόγων,
1251 5698 1466 5770 ἕτοιμος
1493 5698 1602 5773 Ῐκαὶ
1768 5698 1920 5773 ὑμῶν

359 5771 632 5849 κοινωνεῖν
660 5768 789 5849 τῶν“
806 5772 1120 5849 ἐρωτῄσεων
1149 5773 1327 5825 πάλιν.
1359 5768 1639 5827 Βασιλικὸν
1673 5768 1716 5827 δ’
1737 5768 1922 5827 ἀν’καὶ

359 5841 512 5893 τοῦτο
536 5840 698 5909 ἔργον
739 5840 844 5910 εἴη.
863 5840 996 5907 Quid
1029 5843 1110 5898 his
1147 5845 1323 5898 verbis
1349 5845 1547 5900 clarius
1577 5862 1694 5902 esse
1722 5845 1922 5916 t‘ititcst?

2026 4646 2294 4701 Justinum
2333 4650 2432 4700 sub
2453 4647 2725 4700 Antonino
2779 4642 2894 4711 Pio,
2925 4662 3031 4699 non
3069 4654 3249 4697 autem
3279 4644 3378 4696 sub
3410 4642 3596 4695 Marco

2026 4717 2611 4788 fecisseﬂtnartyrium.
2675 4716 2886 4788 Nullam
2948 4713 3311 4788 enim_a|ia_m
3371 4713 3590 4765 causam

2027 4787 2210 4842 habuit
2235 4785 2518 4852 Eusebius,
2548 4804 2646 4841 cur
2673 4787 2868 4842 Justiui
2903 4786 3223 4854 martyrium
3258 4785 3309 4836 in
3350 4792 3591 4849 tempora

2024 4856 2096 4911 M.
2124 4859 2328 4912 Aurelii
2360 4860 2658 4923 conferret,
2686 4860 2786 4911 nisi
2815 4859 2956 4925 quod
3007 4855 3299 4908 secundum
3336 4855 3593 4921 Apologia-

2029 4932 2187 4983 ticum
2221 4928 2400 4984 Marco
2433 4931 2720 4982 dedicavit.
2757 4929 2918 4994 Atqui
2951 4925 3274 4978 certissimis
3307 4937 3594 4990 argumen-

2025 5001 2095 5068 tis
2129 5000 2364 5065 ostendi,
2415 4999 2810 5068 Apologeticum
2865 4999 3026 5068 illuni
3067 4996 3161 5049 Pio
3225 5002 3597 5059 nuncupatum.

2025 5067 2208 5124 fuisse.
2247 5071 2372 5123 Ruit
2397 5066 2522 5140 ergo
2547 5066 2784 5123 funditus
2814 5066 3043 5140 Eusebii?
3081 5068 3220 5140 ratio
3252 5075 3415 5140 atque
3461 5078 3591 5117 sen-

2021 5141 2214 5194 tentia.
2247 5141 2385 5207 Quid
2418 5135 2560 5212 quod
2591 5140 3002 5212 Eusebiusipse
3028 5139 3084 5212 _in
3115 5135 3378 5212 Chronico
3399 5172 3416 5196 ,
3439 5149 3592 5212 eum-

2021 5225 2127 5278 que
2153 5205 2367 5265 secu'tus
2387 5205 2654 5280 Georgius
2676 5205 2985 5282 Syricellus,
3021 5207 3220 5282 Justiui
3267 5205 3589 5282 martyrium

2026 5276 2358 5350 teniporibus
2388 5276 2644 5335 Antonini
2675 5276 2754 5335 Pii
2809 5283 3021 5335 videtur
3044 5276 3372 5350 ascribere?
3411 5277 3592 5344 Atque

2022 5348 2325 5423 itadiserte
2358 5355 2503 5420 ponit
2535 5352 2758 5423 Michael
2787 5353 2987 5423 Glycas
3019 5348 3408 5423 iuAnnaAiibua.

2092 5421 2204 5492 (99)
2233 5421 2329 5489 Μὴ
2347 5417 2726 5490 βουλομένου
2746 5417 3217 5491 ἀπάλλαγείσης.
3237 5417 3594 5492 Duaepriores

2025 5487 2403 5546 voces'desunt
2434 5493 2486 5545 in
2526 5487 2801 5547 Mazat‘ino
2830 5508 2883 5547 et
2917 5487 3100 5559 Hegio.
3147 5490 3253 5542 Sed
3303 5487 3583 5559 sciendum

2025 5572 2108 5615 est
2142 5563 2193 5615 iu
2230 5564 2416 5618 codice
2449 5564 2727 5619 Mazarino
2751 5564 2935 5617 folium
2969 5557 3056 5615 hic
3105 5563 3366 5614 insertum
3395 5557 3586 5618 fuisse,

2022 5634 2166 5702 quod
2198 5633 2359 5703 longe
2395 5636 2696 5688 recentiore
2735 5651 2894 5686 manu
2925 5630 3284 5702 perscriptum
3303 5629 3590 5703 est.Ccrte
3645 5686 3656 5694 _

2027 5699 2108 5756 liae
2130 5699 2603 5767 voces'habentur,
2638 5715 2748 5756 tum
2798 5708 2848 5758 in
2899 5699 3118 5769 reliquis
3140 5699 3348 5754 nostris
3399 5713 3587 5752 exem-
3634 5714 3637 5716 ·

2026 5773 2282 5842 plaribus,
2323 5784 2434 5829 tum
2469 5777 2519 5828 in
2551 5775 2879 5829 editiouibus
2901 5773 3095 5828 Justini
3133 5787 3148 5824 :
3181 5786 3280 5824 nec
3308 5772 3424 5826 sine
3455 5785 3582 5839 gra-

2029 5845 2247 5900 vissimo
2275 5846 2434 5900 totius
2471 5847 2751 5902 sententia:
2775 5846 2966 5898 damno
2992 5847 3179 5899 abesse
3210 5853 3456 5914 possunt.
