  <div class='ocr_page' id='page_1' title='image "/cluster/home/n/w/nwhite01/storage/ocr_20150623/20/mdp.39015008802764/191.png"; bbox 0 0 4016 6260; ppageno 0'>
   <div class='ocr_carea' id='block_1_1' title="bbox 440 367 541 423">
    <p class='ocr_par' dir='ltr' id='par_1_1' title="bbox 440 367 541 423">
     <span class='ocr_line' id='line_1_1' title="bbox 440 367 541 423; baseline 0 0"><span class='ocrx_word' id='word_1_1' title='bbox 440 367 541 423; x_wconf 75' lang='lat'><strong>57!</strong></span> 
     </span>
    </p>
   </div>
   <div class='ocr_carea' id='block_1_2' title="bbox 1147 364 2947 426">
    <p class='ocr_par' dir='ltr' id='par_1_2' title="bbox 1147 364 2947 426">
     <span class='ocr_line' id='line_1_2' title="bbox 1147 364 2947 426; baseline 0.001 -2"><span class='ocrx_word' id='word_1_2' title='bbox 1147 367 1418 425; x_wconf 82' lang='lat' dir='ltr'><strong>EUSEBII</strong></span> <span class='ocrx_word' id='word_1_3' title='bbox 1454 366 1927 425; x_wconf 67' lang='lat' dir='ltr'><strong>CAESARIENSIS</strong></span> <span class='ocrx_word' id='word_1_4' title='bbox 1962 365 2112 425; x_wconf 87' lang='lat' dir='ltr'><strong>OPP.</strong></span> <span class='ocrx_word' id='word_1_5' title='bbox 2152 364 2333 422; x_wconf 78' lang='lat' dir='ltr'><strong>PARS</strong></span> <span class='ocrx_word' id='word_1_6' title='bbox 2368 364 2412 422; x_wconf 87' lang='lat' dir='ltr'><strong>l.</strong></span> <span class='ocrx_word' id='word_1_7' title='bbox 2450 398 2522 413; x_wconf 75' lang='grc' dir='ltr'><strong>..ι</strong></span> <span class='ocrx_word' id='word_1_8' title='bbox 2558 366 2947 426; x_wconf 78' lang='lat' dir='ltr'><strong>HISTORIGA.</strong></span> 
     </span>
    </p>
   </div>
   <div class='ocr_carea' id='block_1_3' title="bbox 3570 379 3679 434">
    <p class='ocr_par' dir='ltr' id='par_1_3' title="bbox 3570 379 3679 434">
     <span class='ocr_line' id='line_1_3' title="bbox 3570 379 3679 434; baseline 0.009 -2"><span class='ocrx_word' id='word_1_9' title='bbox 3570 379 3679 434; x_wconf 73' lang='lat'><strong>372</strong></span> 
     </span>
    </p>
   </div>
   <div class='ocr_carea' id='block_1_4' title="bbox 439 485 1986 567">
    <p class='ocr_par' dir='ltr' id='par_1_4' title="bbox 439 491 1986 566">
     <span class='ocr_line' id='line_1_4' title="bbox 439 491 1986 566; baseline 0.001 -17"><span class='ocrx_word' id='word_1_10' title='bbox 439 505 608 566; x_wconf 79' lang='lat' dir='ltr'><strong>atque</strong></span> <span class='ocrx_word' id='word_1_11' title='bbox 650 507 809 548; x_wconf 90' lang='lat' dir='ltr'><strong>omne</strong></span> <span class='ocrx_word' id='word_1_12' title='bbox 844 491 1100 545; x_wconf 85' lang='lat' dir='ltr'><strong>vitiorum</strong></span> <span class='ocrx_word' id='word_1_13' title='bbox 1138 505 1307 558; x_wconf 72' lang='lat' dir='ltr'><strong>genus</strong></span> <span class='ocrx_word' id='word_1_14' title='bbox 1350 491 1519 547; x_wconf 77' lang='lat' dir='ltr'><strong>effusa</strong></span> <span class='ocrx_word' id='word_1_15' title='bbox 1556 492 1783 551; x_wconf 73' lang='lat' dir='ltr'><strong>licenter</strong></span> <span class='ocrx_word' id='word_1_16' title='bbox 1813 509 1986 566; x_wconf 50' lang='lat' dir='ltr'><strong>perpe&#39;</strong></span> 
     </span>
    </p>
   </div>
   <div class='ocr_carea' id='block_1_5' title="bbox 2084 485 3680 567">
    <p class='ocr_par' dir='ltr' id='par_1_5' title="bbox 2103 485 3680 567">
     <span class='ocr_line' id='line_1_5' title="bbox 2103 485 3680 567; baseline 0.003 -21"><span class='ocrx_word' id='word_1_17' title='bbox 2103 493 2280 564; x_wconf 75' lang='grc' dir='ltr'><strong>λέγων</strong></span> <span class='ocrx_word' id='word_1_18' title='bbox 2307 493 2476 567; x_wconf 77' lang='grc' dir='ltr'><strong>αὐτὴν</strong></span> <span class='ocrx_word' id='word_1_19' title='bbox 2510 490 2839 563; x_wconf 79' lang='grc' dir='ltr'><strong>Χριστιανὴν</strong></span> <span class='ocrx_word' id='word_1_20' title='bbox 2872 485 3028 545; x_wconf 81' lang='grc' dir='ltr'><strong>εἶναι.</strong></span> <span class='ocrx_word' id='word_1_21' title='bbox 3063 491 3176 546; x_wconf 72' lang='grc' dir='ltr'><strong>Καὶ</strong></span> <span class='ocrx_word' id='word_1_22' title='bbox 3209 493 3242 563; x_wconf 78' lang='grc' dir='ltr'><strong>ἡ</strong></span> <span class='ocrx_word' id='word_1_23' title='bbox 3286 492 3383 563; x_wconf 78' lang='grc' dir='ltr'><strong>μὲν</strong></span> <span class='ocrx_word' id='word_1_24' title='bbox 3425 493 3680 562; x_wconf 60' lang='lat' dir='ltr'><strong>saeuam</strong></span> 
     </span>
    </p>
   </div>
   <div class='ocr_carea' id='block_1_6' title="bbox 431 581 2014 653">
    <p class='ocr_par' dir='ltr' id='par_1_6' title="bbox 431 581 2014 653">
     <span class='ocr_line' id='line_1_6' title="bbox 431 581 2014 653; baseline 0.001 -18"><span class='ocrx_word' id='word_1_25' title='bbox 431 586 583 636; x_wconf 90' lang='lat' dir='ltr'><strong>trare</strong></span> <span class='ocrx_word' id='word_1_26' title='bbox 605 589 965 638; x_wconf 76' lang='lat' dir='ltr'><strong>consueverat</strong></span> <span class='ocrx_word' id='word_1_27' title='bbox 987 596 1087 638; x_wconf 91' lang='lat' dir='ltr'><strong>nec</strong></span> <span class='ocrx_word' id='word_1_28' title='bbox 1107 583 1284 637; x_wconf 94' lang='lat' dir='ltr'><strong>solum</strong></span> <span class='ocrx_word' id='word_1_29' title='bbox 1310 581 1446 636; x_wconf 89' lang='lat' dir='ltr'><strong>nihil</strong></span> <span class='ocrx_word' id='word_1_30' title='bbox 1469 596 1658 637; x_wconf 89' lang='lat' dir='ltr'><strong>eorum</strong></span> <span class='ocrx_word' id='word_1_31' title='bbox 1683 593 1886 653; x_wconf 80' lang='lat' dir='ltr'><strong>ageret,</strong></span> <span class='ocrx_word' id='word_1_32' title='bbox 1918 597 2014 637; x_wconf 84' lang='lat' dir='ltr'><strong>ve-</strong></span> 
     </span>
    </p>
   </div>
   <div class='ocr_carea' id='block_1_7' title="bbox 432 671 2016 750">
    <p class='ocr_par' dir='ltr' id='par_1_7' title="bbox 432 671 2016 750">
     <span class='ocr_line' id='line_1_7' title="bbox 432 671 2016 750; baseline 0.003 -25"><span class='ocrx_word' id='word_1_33' title='bbox 432 686 557 725; x_wconf 89' lang='lat' dir='ltr'><strong>rum</strong></span> <span class='ocrx_word' id='word_1_34' title='bbox 587 671 751 727; x_wconf 88' lang='lat' dir='ltr'><strong>etiam</strong></span> <span class='ocrx_word' id='word_1_35' title='bbox 798 674 1050 750; x_wconf 76' lang='lat' dir='ltr'><strong>maritum</strong></span> <span class='ocrx_word' id='word_1_36' title='bbox 1096 675 1164 728; x_wconf 88' lang='lat' dir='ltr'><strong>ab</strong></span> <span class='ocrx_word' id='word_1_37' title='bbox 1197 673 1466 744; x_wconf 80' lang='lat' dir='ltr'><strong>ejusmodi</strong></span> <span class='ocrx_word' id='word_1_38' title='bbox 1504 673 1722 744; x_wconf 76' lang='lat' dir='ltr'><strong>ﬂagitiis</strong></span> <span class='ocrx_word' id='word_1_39' title='bbox 1747 674 2016 730; x_wconf 90' lang='lat' dir='ltr'><strong>abducere</strong></span> 
     </span>
    </p>
   </div>
   <div class='ocr_carea' id='block_1_8' title="bbox 433 766 2013 839">
    <p class='ocr_par' dir='ltr' id='par_1_8' title="bbox 433 766 2013 839">
     <span class='ocr_line' id='line_1_8' title="bbox 433 766 2013 839; baseline 0.001 -18"><span class='ocrx_word' id='word_1_40' title='bbox 433 766 701 829; x_wconf 85' lang='lat' dir='ltr'><strong>studeret,</strong></span> <span class='ocrx_word' id='word_1_41' title='bbox 750 767 1031 823; x_wconf 85' lang='lat' dir='ltr'><strong>mulierem</strong></span> <span class='ocrx_word' id='word_1_42' title='bbox 1062 785 1184 839; x_wconf 69' lang='lat' dir='ltr'><strong>quae</strong></span> <span class='ocrx_word' id='word_1_43' title='bbox 1218 769 1287 823; x_wconf 92' lang='lat' dir='ltr'><strong>ab</strong></span> <span class='ocrx_word' id='word_1_44' title='bbox 1319 781 1386 823; x_wconf 91' lang='lat' dir='ltr'><strong>eo</strong></span> <span class='ocrx_word' id='word_1_45' title='bbox 1430 768 1635 823; x_wconf 88' lang='lat' dir='ltr'><strong>idcirco</strong></span> <span class='ocrx_word' id='word_1_46' title='bbox 1670 768 2013 834; x_wconf 79' lang='lat' dir='ltr'><strong>discesserat,</strong></span> 
     </span>
    </p>
   </div>
   <div class='ocr_carea' id='block_1_9' title="bbox 433 858 2018 930">
    <p class='ocr_par' dir='ltr' id='par_1_9' title="bbox 433 858 2018 930">
     <span class='ocr_line' id='line_1_9' title="bbox 433 858 2018 930; baseline 0.003 -18"><span class='ocrx_word' id='word_1_47' title='bbox 433 858 582 929; x_wconf 92' lang='lat' dir='ltr'><strong>quod</strong></span> <span class='ocrx_word' id='word_1_48' title='bbox 604 866 750 914; x_wconf 91' lang='lat' dir='ltr'><strong>recta</strong></span> <span class='ocrx_word' id='word_1_49' title='bbox 773 860 1021 915; x_wconf 89' lang='lat' dir='ltr'><strong>suadenti</strong></span> <span class='ocrx_word' id='word_1_50' title='bbox 1052 860 1166 930; x_wconf 90' lang='lat' dir='ltr'><strong>ipse</strong></span> <span class='ocrx_word' id='word_1_51' title='bbox 1191 860 1566 928; x_wconf 89' lang='lat' dir='ltr'><strong>obtemperare</strong></span> <span class='ocrx_word' id='word_1_52' title='bbox 1594 861 1779 928; x_wconf 88' lang='lat' dir='ltr'><strong>nollet,</strong></span> <span class='ocrx_word' id='word_1_53' title='bbox 1803 875 2018 917; x_wconf 85' lang='lat' dir='ltr'><strong>accusa-</strong></span> 
     </span>
    </p>
   </div>
   <div class='ocr_carea' id='block_1_10' title="bbox 434 951 2016 1025">
    <p class='ocr_par' dir='ltr' id='par_1_10' title="bbox 434 951 2016 1025">
     <span class='ocr_line' id='line_1_10' title="bbox 434 951 2016 1025; baseline 0.004 -22"><span class='ocrx_word' id='word_1_54' title='bbox 434 951 514 1004; x_wconf 91' lang='lat' dir='ltr'><strong>vit</strong></span> <span class='ocrx_word' id='word_1_55' title='bbox 543 960 596 1005; x_wconf 93' lang='lat' dir='ltr'><strong>et</strong></span> <span class='ocrx_word' id='word_1_56' title='bbox 617 951 984 1007; x_wconf 81' lang='lat' dir='ltr'><strong>Christianam</strong></span> <span class='ocrx_word' id='word_1_57' title='bbox 1010 968 1131 1007; x_wconf 91' lang='lat' dir='ltr'><strong>esse</strong></span> <span class='ocrx_word' id='word_1_58' title='bbox 1151 953 1362 1009; x_wconf 86' lang='lat' dir='ltr'><strong>detulit.</strong></span> <span class='ocrx_word' id='word_1_59' title='bbox 1386 953 1453 1009; x_wconf 89' lang='lat' dir='ltr'><strong>Et</strong></span> <span class='ocrx_word' id='word_1_60' title='bbox 1484 953 1573 1008; x_wconf 90' lang='lat' dir='ltr'><strong>illa</strong></span> <span class='ocrx_word' id='word_1_61' title='bbox 1597 955 1813 1025; x_wconf 88' lang='lat' dir='ltr'><strong>quidem</strong></span> <span class='ocrx_word' id='word_1_62' title='bbox 1836 954 2016 1010; x_wconf 88' lang='lat' dir='ltr'><strong>libello</strong></span> 
     </span>
    </p>
   </div>
   <div class='ocr_carea' id='block_1_11' title="bbox 433 1039 2016 1115">
    <p class='ocr_par' dir='ltr' id='par_1_11' title="bbox 433 1039 2016 1115">
     <span class='ocr_line' id='line_1_11' title="bbox 433 1039 2016 1115; baseline 0.003 -20"><span class='ocrx_word' id='word_1_63' title='bbox 433 1039 535 1095; x_wconf 84' lang='lat' dir='ltr'><strong>tibi</strong></span> <span class='ocrx_word' id='word_1_64' title='bbox 577 1039 793 1106; x_wconf 88' lang='lat' dir='ltr'><strong>oblato,</strong></span> <span class='ocrx_word' id='word_1_65' title='bbox 840 1041 1209 1097; x_wconf 85' lang='lat' dir='ltr'><strong>sacratissime</strong></span> <span class='ocrx_word' id='word_1_66' title='bbox 1257 1043 1584 1114; x_wconf 87' lang='lat' dir='ltr'><strong>imperator,</strong></span> <span class='ocrx_word' id='word_1_67' title='bbox 1618 1044 1912 1115; x_wconf 83' lang='lat' dir='ltr'><strong>postulavit</strong></span> <span class='ocrx_word' id='word_1_68' title='bbox 1952 1053 2016 1100; x_wconf 89' lang='lat' dir='ltr'><strong>ut</strong></span> 
     </span>
    </p>
   </div>
   <div class='ocr_carea' id='block_1_12' title="bbox 433 1129 2015 1203">
    <p class='ocr_par' dir='ltr' id='par_1_12' title="bbox 433 1129 2015 1203">
     <span class='ocr_line' id='line_1_12' title="bbox 433 1129 2015 1203; baseline 0.002 -19"><span class='ocrx_word' id='word_1_69' title='bbox 433 1130 589 1201; x_wconf 87' lang='lat' dir='ltr'><strong>prius</strong></span> <span class='ocrx_word' id='word_1_70' title='bbox 612 1131 687 1185; x_wconf 90' lang='lat' dir='ltr'><strong>rei</strong></span> <span class='ocrx_word' id='word_1_71' title='bbox 712 1129 998 1186; x_wconf 77' lang='lat' dir='ltr'><strong>familiaris</strong></span> <span class='ocrx_word' id='word_1_72' title='bbox 1020 1132 1373 1201; x_wconf 81' lang='lat' dir='ltr'><strong>procurandae</strong></span> <span class='ocrx_word' id='word_1_73' title='bbox 1392 1142 1555 1203; x_wconf 91' lang='lat' dir='ltr'><strong>atque</strong></span> <span class='ocrx_word' id='word_1_74' title='bbox 1574 1132 2015 1188; x_wconf 71' lang='lat' dir='ltr'><strong>administranda:</strong></span> 
     </span>
    </p>
   </div>
   <div class='ocr_carea' id='block_1_13' title="bbox 437 1222 2010 1286">
    <p class='ocr_par' dir='ltr' id='par_1_13' title="bbox 437 1222 2010 1286">
     <span class='ocr_line' id='line_1_13' title="bbox 437 1222 2010 1286; baseline 0.001 -7"><span class='ocrx_word' id='word_1_75' title='bbox 437 1222 541 1279; x_wconf 88' lang='lat' dir='ltr'><strong>sibi</strong></span> <span class='ocrx_word' id='word_1_76' title='bbox 567 1222 798 1278; x_wconf 81' lang='lat' dir='ltr'><strong>facultas</strong></span> <span class='ocrx_word' id='word_1_77' title='bbox 818 1223 1057 1286; x_wconf 89' lang='lat' dir='ltr'><strong>daretur,</strong></span> <span class='ocrx_word' id='word_1_78' title='bbox 1084 1239 1148 1279; x_wconf 90' lang='lat' dir='ltr'><strong>ac</strong></span> <span class='ocrx_word' id='word_1_79' title='bbox 1168 1224 1363 1279; x_wconf 89' lang='lat' dir='ltr'><strong>deinde</strong></span> <span class='ocrx_word' id='word_1_80' title='bbox 1392 1225 1554 1280; x_wconf 88' lang='lat' dir='ltr'><strong>rebus</strong></span> <span class='ocrx_word' id='word_1_81' title='bbox 1579 1225 1896 1281; x_wconf 88' lang='lat' dir='ltr'><strong>domesticis</strong></span> <span class='ocrx_word' id='word_1_82' title='bbox 1925 1242 2010 1281; x_wconf 83' lang='lat' dir='ltr'><strong>re-</strong></span> 
     </span>
    </p>
   </div>
   <div class='ocr_carea' id='block_1_14' title="bbox 436 1314 2015 1388">
    <p class='ocr_par' dir='ltr' id='par_1_14' title="bbox 436 1314 2015 1388">
     <span class='ocr_line' id='line_1_14' title="bbox 436 1314 2015 1388; baseline 0.003 -18"><span class='ocrx_word' id='word_1_83' title='bbox 436 1322 524 1370; x_wconf 89' lang='lat' dir='ltr'><strong>cte</strong></span> <span class='ocrx_word' id='word_1_84' title='bbox 553 1314 882 1379; x_wconf 84' lang='lat' dir='ltr'><strong>constitutis,</strong></span> <span class='ocrx_word' id='word_1_85' title='bbox 913 1316 1249 1371; x_wconf 88' lang='lat' dir='ltr'><strong>accusationi</strong></span> <span class='ocrx_word' id='word_1_86' title='bbox 1281 1332 1635 1388; x_wconf 86' lang='lat' dir='ltr'><strong>reponsuram</strong></span> <span class='ocrx_word' id='word_1_87' title='bbox 1667 1333 1726 1373; x_wconf 92' lang='lat' dir='ltr'><strong>se</strong></span> <span class='ocrx_word' id='word_1_88' title='bbox 1754 1332 1875 1374; x_wconf 88' lang='lat' dir='ltr'><strong>esse</strong></span> <span class='ocrx_word' id='word_1_89' title='bbox 1898 1319 2015 1388; x_wconf 74' lang='lat' dir='ltr'><strong>pol-</strong></span> 
     </span>
    </p>
   </div>
   <div class='ocr_carea' id='block_1_15' title="bbox 441 1405 2010 1481">
    <p class='ocr_par' dir='ltr' id='par_1_15' title="bbox 441 1405 2010 1481">
     <span class='ocr_line' id='line_1_15' title="bbox 441 1405 2010 1481; baseline 0.003 -20"><span class='ocrx_word' id='word_1_90' title='bbox 441 1405 589 1462; x_wconf 87' lang='lat' dir='ltr'><strong>licita</strong></span> <span class='ocrx_word' id='word_1_91' title='bbox 617 1417 720 1462; x_wconf 88' lang='lat' dir='ltr'><strong>est.</strong></span> <span class='ocrx_word' id='word_1_92' title='bbox 746 1407 912 1479; x_wconf 92' lang='lat' dir='ltr'><strong>quue</strong></span> <span class='ocrx_word' id='word_1_93' title='bbox 948 1418 1003 1464; x_wconf 92' lang='lat' dir='ltr'><strong>tu</strong></span> <span class='ocrx_word' id='word_1_94' title='bbox 1046 1410 1260 1465; x_wconf 85' lang='lat' dir='ltr'><strong>mulieri</strong></span> <span class='ocrx_word' id='word_1_95' title='bbox 1306 1410 1624 1481; x_wconf 85' lang='lat' dir='ltr'><strong>permisisti.</strong></span> <span class='ocrx_word' id='word_1_96' title='bbox 1658 1411 1728 1465; x_wconf 87' lang='lat' dir='ltr'><strong>At</strong></span> <span class='ocrx_word' id='word_1_97' title='bbox 1758 1412 2010 1479; x_wconf 87' lang='lat' dir='ltr'><strong>maritus,</strong></span> 
     </span>
    </p>
   </div>
   <div class='ocr_carea' id='block_1_16' title="bbox 437 1500 2008 1575">
    <p class='ocr_par' dir='ltr' id='par_1_16' title="bbox 437 1500 2008 1575">
     <span class='ocr_line' id='line_1_16' title="bbox 437 1500 2008 1575; baseline 0.002 -20"><span class='ocrx_word' id='word_1_98' title='bbox 437 1500 533 1571; x_wconf 85' lang='lat' dir='ltr'><strong>qui</strong></span> <span class='ocrx_word' id='word_1_99' title='bbox 561 1508 672 1555; x_wconf 93' lang='lat' dir='ltr'><strong>tum</strong></span> <span class='ocrx_word' id='word_1_100' title='bbox 700 1502 917 1571; x_wconf 89' lang='lat' dir='ltr'><strong>quidem</strong></span> <span class='ocrx_word' id='word_1_101' title='bbox 947 1501 1081 1556; x_wconf 88' lang='lat' dir='ltr'><strong>nihil</strong></span> <span class='ocrx_word' id='word_1_102' title='bbox 1105 1503 1367 1559; x_wconf 84' lang='lat' dir='ltr'><strong>adversus</strong></span> <span class='ocrx_word' id='word_1_103' title='bbox 1396 1503 1543 1558; x_wconf 88' lang='lat' dir='ltr'><strong>illam</strong></span> <span class='ocrx_word' id='word_1_104' title='bbox 1572 1503 1753 1560; x_wconf 88' lang='lat' dir='ltr'><strong>dicere</strong></span> <span class='ocrx_word' id='word_1_105' title='bbox 1778 1513 2008 1575; x_wconf 86' lang='lat' dir='ltr'><strong>poterat,</strong></span> 
     </span>
    </p>
   </div>
   <div class='ocr_carea' id='block_1_17' title="bbox 432 1590 2011 1665">
    <p class='ocr_par' dir='ltr' id='par_1_17' title="bbox 432 1590 2011 1665">
     <span class='ocr_line' id='line_1_17' title="bbox 432 1590 2011 1665; baseline 0.002 -18"><span class='ocrx_word' id='word_1_106' title='bbox 432 1591 489 1647; x_wconf 92' lang='lat' dir='ltr'><strong>in</strong></span> <span class='ocrx_word' id='word_1_107' title='bbox 522 1590 875 1648; x_wconf 73' lang='lat' dir='ltr'><strong>Ptolemmum</strong></span> <span class='ocrx_word' id='word_1_108' title='bbox 905 1594 1215 1665; x_wconf 81' lang='lat' dir='ltr'><strong>quemdam,</strong></span> <span class='ocrx_word' id='word_1_109' title='bbox 1247 1594 1341 1665; x_wconf 84' lang='lat' dir='ltr'><strong>qui</strong></span> <span class='ocrx_word' id='word_1_110' title='bbox 1378 1595 1661 1650; x_wconf 87' lang='lat' dir='ltr'><strong>mulierem</strong></span> <span class='ocrx_word' id='word_1_111' title='bbox 1689 1593 2011 1650; x_wconf 70' lang='lat' dir='ltr'><strong>Christianae</strong></span> 
     </span>
    </p>
   </div>
   <div class='ocr_carea' id='block_1_18' title="bbox 433 1684 2009 1757">
    <p class='ocr_par' dir='ltr' id='par_1_18' title="bbox 433 1684 2009 1757">
     <span class='ocr_line' id='line_1_18' title="bbox 433 1684 2009 1757; baseline 0.003 -18"><span class='ocrx_word' id='word_1_112' title='bbox 433 1684 716 1752; x_wconf 83' lang='lat' dir='ltr'><strong>religionis</strong></span> <span class='ocrx_word' id='word_1_113' title='bbox 747 1686 1030 1757; x_wconf 73' lang='lat' dir='ltr'><strong>praeceptis</strong></span> <span class='ocrx_word' id='word_1_114' title='bbox 1056 1686 1347 1750; x_wconf 86' lang='lat' dir='ltr'><strong>imbuerat.</strong></span> <span class='ocrx_word' id='word_1_115' title='bbox 1377 1684 1663 1757; x_wconf 81' lang='lat' dir='ltr'><strong>fueratque</strong></span> <span class='ocrx_word' id='word_1_116' title='bbox 1690 1687 1758 1742; x_wconf 87' lang='lat' dir='ltr'><strong>ab</strong></span> <span class='ocrx_word' id='word_1_117' title='bbox 1785 1684 2009 1743; x_wconf 88' lang='lat' dir='ltr'><strong>Urbicio</strong></span> 
     </span>
    </p>
   </div>
   <div class='ocr_carea' id='block_1_19' title="bbox 433 1775 2003 1848">
    <p class='ocr_par' dir='ltr' id='par_1_19' title="bbox 433 1775 2003 1848">
     <span class='ocr_line' id='line_1_19' title="bbox 433 1775 2003 1848; baseline 0.001 -16"><span class='ocrx_word' id='word_1_118' title='bbox 433 1776 700 1847; x_wconf 84' lang='lat' dir='ltr'><strong>supplicio</strong></span> <span class='ocrx_word' id='word_1_119' title='bbox 719 1775 966 1842; x_wconf 77' lang='lat' dir='ltr'><strong>affectus,</strong></span> <span class='ocrx_word' id='word_1_120' title='bbox 995 1778 1256 1848; x_wconf 86' lang='lat' dir='ltr'><strong>impetum</strong></span> <span class='ocrx_word' id='word_1_121' title='bbox 1285 1794 1445 1834; x_wconf 92' lang='lat' dir='ltr'><strong>suum</strong></span> <span class='ocrx_word' id='word_1_122' title='bbox 1478 1780 1638 1835; x_wconf 77' lang='lat' dir='ltr'><strong>vertit</strong></span> <span class='ocrx_word' id='word_1_123' title='bbox 1668 1781 1769 1835; x_wconf 89' lang='lat' dir='ltr'><strong>hoc</strong></span> <span class='ocrx_word' id='word_1_124' title='bbox 1795 1780 1957 1834; x_wconf 93' lang='lat' dir='ltr'><strong>modo</strong></span> <span class='ocrx_word' id='word_1_125' title='bbox 1987 1795 2003 1834; x_wconf 89' lang='lat'><strong>:</strong></span> 
     </span>
    </p>
   </div>
   <div class='ocr_carea' id='block_1_20' title="bbox 2108 583 3681 658">
    <p class='ocr_par' dir='ltr' id='par_1_20' title="bbox 2108 583 3681 658">
     <span class='ocr_line' id='line_1_20' title="bbox 2108 583 3681 658; baseline -0.001 -19"><span class='ocrx_word' id='word_1_126' title='bbox 2108 602 2190 639; x_wconf 91' lang='grc' dir='ltr'><strong>σοι</strong></span> <span class='ocrx_word' id='word_1_127' title='bbox 2223 585 2300 657; x_wconf 82' lang='grc' dir='ltr'><strong>τῷ</strong></span> <span class='ocrx_word' id='word_1_128' title='bbox 2332 585 2695 657; x_wconf 81' lang='grc' dir='ltr'><strong>αὐτοκράτορι</strong></span> <span class='ocrx_word' id='word_1_129' title='bbox 2719 584 2793 653; x_wconf 83' lang='grc'><strong>(1)</strong></span> <span class='ocrx_word' id='word_1_130' title='bbox 2824 583 3144 647; x_wconf 83' lang='grc' dir='ltr'><strong>ἀναδέδωκε,</strong></span> <span class='ocrx_word' id='word_1_131' title='bbox 3177 584 3438 656; x_wconf 88' lang='grc' dir='ltr'><strong>πρότερον</strong></span> <span class='ocrx_word' id='word_1_132' title='bbox 3467 603 3681 658; x_wconf 86' lang='grc' dir='ltr'><strong>συγχω-</strong></span> 
     </span>
    </p>
   </div>
   <div class='ocr_carea' id='block_1_21' title="bbox 2106 673 3677 750">
    <p class='ocr_par' dir='ltr' id='par_1_21' title="bbox 2106 673 3677 750">
     <span class='ocr_line' id='line_1_21' title="bbox 2106 673 3677 750; baseline 0 -19"><span class='ocrx_word' id='word_1_133' title='bbox 2106 678 2338 750; x_wconf 81' lang='grc' dir='ltr'><strong>ρηθῆναι</strong></span> <span class='ocrx_word' id='word_1_134' title='bbox 2366 677 2501 748; x_wconf 79' lang='grc' dir='ltr'><strong>αὐτῇ</strong></span> <span class='ocrx_word' id='word_1_135' title='bbox 2527 674 2986 747; x_wconf 84' lang='grc' dir='ltr'><strong>διοικήσασθαιτὰ</strong></span> <span class='ocrx_word' id='word_1_136' title='bbox 3001 675 3198 746; x_wconf 77' lang='grc' dir='ltr'><strong>ἑαυτῆς</strong></span> <span class='ocrx_word' id='word_1_137' title='bbox 3223 673 3466 740; x_wconf 76' lang='grc' dir='ltr'><strong>ἀξιοῦσα,</strong></span> <span class='ocrx_word' id='word_1_138' title='bbox 3485 677 3677 731; x_wconf 73' lang='grc' dir='ltr'><strong>ἔπειτα</strong></span> 
     </span>
    </p>
   </div>
   <div class='ocr_carea' id='block_1_22' title="bbox 2103 764 3678 840">
    <p class='ocr_par' dir='ltr' id='par_1_22' title="bbox 2103 764 3678 840">
     <span class='ocr_line' id='line_1_22' title="bbox 2103 764 3678 840; baseline -0.003 -17"><span class='ocrx_word' id='word_1_139' title='bbox 2103 767 2541 839; x_wconf 84' lang='grc' dir='ltr'><strong>ἀπολογήσασθαι</strong></span> <span class='ocrx_word' id='word_1_140' title='bbox 2582 767 2710 835; x_wconf 74' lang='grc' dir='ltr'><strong>περὶ</strong></span> <span class='ocrx_word' id='word_1_141' title='bbox 2756 764 2848 819; x_wconf 83' lang='grc' dir='ltr'><strong>τοῦ</strong></span> <span class='ocrx_word' id='word_1_142' title='bbox 2896 768 3346 838; x_wconf 76' lang='grc' dir='ltr'><strong>κατηγορήματος</strong></span> <span class='ocrx_word' id='word_1_143' title='bbox 3398 768 3536 839; x_wconf 89' lang='grc' dir='ltr'><strong>μετά</strong></span> <span class='ocrx_word' id='word_1_144' title='bbox 3576 769 3678 840; x_wconf 82' lang='grc' dir='ltr'><strong>τὴν</strong></span> 
     </span>
    </p>
   </div>
   <div class='ocr_carea' id='block_1_23' title="bbox 2102 856 3676 932">
    <p class='ocr_par' dir='ltr' id='par_1_23' title="bbox 2102 856 3676 932">
     <span class='ocr_line' id='line_1_23' title="bbox 2102 856 3676 932; baseline 0.001 -19"><span class='ocrx_word' id='word_1_145' title='bbox 2102 859 2210 913; x_wconf 84' lang='grc' dir='ltr'><strong>τῶν</strong></span> <span class='ocrx_word' id='word_1_146' title='bbox 2241 860 2577 932; x_wconf 83' lang='grc' dir='ltr'><strong>πραγμάτων</strong></span> <span class='ocrx_word' id='word_1_147' title='bbox 2609 857 2779 929; x_wconf 82' lang='grc' dir='ltr'><strong>αὐτῆς</strong></span> <span class='ocrx_word' id='word_1_148' title='bbox 2816 856 3078 928; x_wconf 80' lang='grc' dir='ltr'><strong>διοίκησιν</strong></span> <span class='ocrx_word' id='word_1_149' title='bbox 3109 858 3373 930; x_wconf 81' lang='grc' dir='ltr'><strong>ὑπέσχετο</strong></span> <span class='ocrx_word' id='word_1_150' title='bbox 3416 860 3514 931; x_wconf 72' lang='grc'><strong>(2).</strong></span> <span class='ocrx_word' id='word_1_151' title='bbox 3562 860 3676 914; x_wconf 73' lang='grc' dir='ltr'><strong>Καὶ</strong></span> 
     </span>
    </p>
   </div>
   <div class='ocr_carea' id='block_1_24' title="bbox 2090 948 3678 1023">
    <p class='ocr_par' dir='ltr' id='par_1_24' title="bbox 2090 948 3678 1023">
     <span class='ocr_line' id='line_1_24' title="bbox 2090 948 3678 1023; baseline 0 -19"><span class='ocrx_word' id='word_1_152' title='bbox 2090 949 2490 1023; x_wconf 66' lang='grc' dir='ltr'><strong>συνεχώρησας</strong></span> <span class='ocrx_word' id='word_1_153' title='bbox 2540 949 2714 1004; x_wconf 82' lang='grc' dir='ltr'><strong>τοῦτο.</strong></span> <span class='ocrx_word' id='word_1_154' title='bbox 2770 949 2829 1002; x_wconf 85' lang='lat'><strong>&#39;0</strong></span> <span class='ocrx_word' id='word_1_155' title='bbox 2859 948 2916 1002; x_wconf 83' lang='grc' dir='ltr'><strong>δὲ</strong></span> <span class='ocrx_word' id='word_1_156' title='bbox 2959 948 3161 1018; x_wconf 79' lang='grc' dir='ltr'><strong>ταύτης</strong></span> <span class='ocrx_word' id='word_1_157' title='bbox 3204 951 3330 1004; x_wconf 85' lang='grc' dir='ltr'><strong>ποτὲ</strong></span> <span class='ocrx_word' id='word_1_158' title='bbox 3366 950 3503 1023; x_wconf 74' lang='grc' dir='ltr'><strong>ἀνὴρ</strong></span> <span class='ocrx_word' id='word_1_159' title='bbox 3537 951 3678 1023; x_wconf 83' lang='grc' dir='ltr'><strong>πρὸς</strong></span> 
     </span>
    </p>
   </div>
   <div class='ocr_carea' id='block_1_25' title="bbox 2103 1041 3678 1115">
    <p class='ocr_par' dir='ltr' id='par_1_25' title="bbox 2103 1041 3678 1115">
     <span class='ocr_line' id='line_1_25' title="bbox 2103 1041 3678 1115; baseline 0.001 -19"><span class='ocrx_word' id='word_1_160' title='bbox 2103 1043 2315 1115; x_wconf 79' lang='grc' dir='ltr'><strong>ἐκείνην</strong></span> <span class='ocrx_word' id='word_1_161' title='bbox 2347 1044 2444 1115; x_wconf 85' lang='grc' dir='ltr'><strong>μὲν</strong></span> <span class='ocrx_word' id='word_1_162' title='bbox 2473 1042 2548 1115; x_wconf 81' lang='grc' dir='ltr'><strong>μὴ</strong></span> <span class='ocrx_word' id='word_1_163' title='bbox 2576 1042 2866 1114; x_wconf 86' lang='grc' dir='ltr'><strong>δυνάμενος</strong></span> <span class='ocrx_word' id='word_1_164' title='bbox 2890 1041 3056 1095; x_wconf 80' lang='grc' dir='ltr'><strong>τανῦν</strong></span> <span class='ocrx_word' id='word_1_165' title='bbox 3086 1042 3166 1096; x_wconf 77' lang='grc' dir='ltr'><strong>ἔτι</strong></span> <span class='ocrx_word' id='word_1_166' title='bbox 3189 1042 3366 1112; x_wconf 80' lang='grc' dir='ltr'><strong>λέγειν</strong></span> <span class='ocrx_word' id='word_1_167' title='bbox 3395 1044 3504 1114; x_wconf 81' lang='grc'><strong>(5),</strong></span> <span class='ocrx_word' id='word_1_168' title='bbox 3536 1044 3678 1115; x_wconf 79' lang='grc' dir='ltr'><strong>πρὸς</strong></span> 
     </span>
    </p>
   </div>
   <div class='ocr_carea' id='block_1_26' title="bbox 2101 1134 3678 1207">
    <p class='ocr_par' dir='ltr' id='par_1_26' title="bbox 2101 1134 3678 1207">
     <span class='ocr_line' id='line_1_26' title="bbox 2101 1134 3678 1207; baseline 0 -17"><span class='ocrx_word' id='word_1_169' title='bbox 2101 1134 2430 1207; x_wconf 84' lang='grc' dir='ltr'><strong>Πτολεμαῖόν</strong></span> <span class='ocrx_word' id='word_1_170' title='bbox 2458 1152 2606 1201; x_wconf 89' lang='grc' dir='ltr'><strong>τινα,</strong></span> <span class='ocrx_word' id='word_1_171' title='bbox 2655 1134 2714 1188; x_wconf 83' lang='grc' dir='ltr'><strong>ὃν</strong></span> <span class='ocrx_word' id='word_1_172' title='bbox 2747 1134 3029 1206; x_wconf 76' lang='grc' dir='ltr'><strong>Οὖρόίκιος</strong></span> <span class='ocrx_word' id='word_1_173' title='bbox 3066 1134 3359 1188; x_wconf 86' lang='grc' dir='ltr'><strong>ὲκολάσατο</strong></span> <span class='ocrx_word' id='word_1_174' title='bbox 3381 1175 3395 1199; x_wconf 90' lang='grc'><strong>,</strong></span> <span class='ocrx_word' id='word_1_175' title='bbox 3424 1134 3678 1190; x_wconf 84' lang='grc' dir='ltr'><strong>διδάσκα-</strong></span> 
     </span>
    </p>
   </div>
   <div class='ocr_carea' id='block_1_27' title="bbox 2099 1226 3673 1299">
    <p class='ocr_par' dir='ltr' id='par_1_27' title="bbox 2099 1226 3673 1299">
     <span class='ocr_line' id='line_1_27' title="bbox 2099 1226 3673 1299; baseline -0.002 -17"><span class='ocrx_word' id='word_1_176' title='bbox 2099 1228 2189 1282; x_wconf 92' lang='grc' dir='ltr'><strong>λον</strong></span> <span class='ocrx_word' id='word_1_177' title='bbox 2218 1227 2433 1299; x_wconf 76' lang='grc' dir='ltr'><strong>ἐκείνης</strong></span> <span class='ocrx_word' id='word_1_178' title='bbox 2464 1227 2572 1280; x_wconf 83' lang='grc' dir='ltr'><strong>τῶν</strong></span> <span class='ocrx_word' id='word_1_179' title='bbox 2615 1228 2952 1299; x_wconf 81' lang='grc' dir='ltr'><strong>Χριστιανῶν</strong></span> <span class='ocrx_word' id='word_1_180' title='bbox 2998 1226 3331 1298; x_wconf 83' lang='grc' dir='ltr'><strong>μαθημάτων</strong></span> <span class='ocrx_word' id='word_1_181' title='bbox 3361 1226 3673 1296; x_wconf 83' lang='grc' dir='ltr'><strong>γενόμενον,</strong></span> 
     </span>
    </p>
   </div>
   <div class='ocr_carea' id='block_1_28' title="bbox 2100 1318 3675 1392">
    <p class='ocr_par' dir='ltr' id='par_1_28' title="bbox 2100 1318 3675 1392">
     <span class='ocr_line' id='line_1_28' title="bbox 2100 1318 3675 1392; baseline -0.001 -19"><span class='ocrx_word' id='word_1_182' title='bbox 2100 1319 2369 1392; x_wconf 79' lang='grc' dir='ltr'><strong>ἐτράπετο</strong></span> <span class='ocrx_word' id='word_1_183' title='bbox 2409 1318 2498 1372; x_wconf 83' lang='grc' dir='ltr'><strong>διὰ</strong></span> <span class='ocrx_word' id='word_1_184' title='bbox 2544 1318 2699 1373; x_wconf 81' lang='grc' dir='ltr'><strong>τοῦδε</strong></span> <span class='ocrx_word' id='word_1_185' title='bbox 2743 1318 2837 1373; x_wconf 76' lang='grc' dir='ltr'><strong>τοῦ</strong></span> <span class='ocrx_word' id='word_1_186' title='bbox 2872 1318 3095 1391; x_wconf 75' lang='grc' dir='ltr'><strong>τρόπου.</strong></span> <span class='ocrx_word' id='word_1_187' title='bbox 3140 1318 3562 1390; x_wconf 86' lang='grc' dir='ltr'><strong>Ἐκατόνταρχον</strong></span> <span class='ocrx_word' id='word_1_188' title='bbox 3590 1320 3675 1384; x_wconf 75' lang='grc' dir='ltr'><strong>εἰς</strong></span> 
     </span>
    </p>
   </div>
   <div class='ocr_carea' id='block_1_29' title="bbox 2098 1410 3676 1483">
    <p class='ocr_par' dir='ltr' id='par_1_29' title="bbox 2098 1410 3676 1483">
     <span class='ocr_line' id='line_1_29' title="bbox 2098 1410 3676 1483; baseline 0.001 -19"><span class='ocrx_word' id='word_1_189' title='bbox 2098 1410 2272 1481; x_wconf 84' lang='grc' dir='ltr'><strong>δεσμὰ</strong></span> <span class='ocrx_word' id='word_1_190' title='bbox 2300 1410 2603 1481; x_wconf 74' lang='grc' dir='ltr'><strong>ἐμϐαλόντα</strong></span> <span class='ocrx_word' id='word_1_191' title='bbox 2631 1410 2724 1464; x_wconf 82' lang='grc' dir='ltr'><strong>τὸν</strong></span> <span class='ocrx_word' id='word_1_192' title='bbox 2753 1411 3114 1482; x_wconf 88' lang='grc' dir='ltr'><strong>Πτολεμαῖον,</strong></span> <span class='ocrx_word' id='word_1_193' title='bbox 3142 1410 3295 1481; x_wconf 77' lang='grc' dir='ltr'><strong>φίλον</strong></span> <span class='ocrx_word' id='word_1_194' title='bbox 3326 1410 3474 1482; x_wconf 81' lang='grc' dir='ltr'><strong>αὐτῷ</strong></span> <span class='ocrx_word' id='word_1_195' title='bbox 3503 1411 3676 1483; x_wconf 83' lang='grc' dir='ltr'><strong>ὑπάρ-</strong></span> 
     </span>
    </p>
   </div>
   <div class='ocr_carea' id='block_1_30' title="bbox 2098 1501 3673 1576">
    <p class='ocr_par' dir='ltr' id='par_1_30' title="bbox 2098 1501 3673 1576">
     <span class='ocr_line' id='line_1_30' title="bbox 2098 1501 3673 1576; baseline 0 -19"><span class='ocrx_word' id='word_1_196' title='bbox 2098 1519 2283 1573; x_wconf 87' lang='grc' dir='ltr'><strong>χοντα.</strong></span> <span class='ocrx_word' id='word_1_197' title='bbox 2311 1501 2496 1555; x_wconf 76' lang='grc' dir='ltr'><strong>ἔπεισε</strong></span> <span class='ocrx_word' id='word_1_198' title='bbox 2518 1501 2774 1557; x_wconf 78' lang='grc' dir='ltr'><strong>λαϐέσθαι</strong></span> <span class='ocrx_word' id='word_1_199' title='bbox 2815 1501 2910 1555; x_wconf 78' lang='grc' dir='ltr'><strong>τοῦ</strong></span> <span class='ocrx_word' id='word_1_200' title='bbox 2948 1501 3282 1573; x_wconf 84' lang='grc' dir='ltr'><strong>Πτολεμαίου</strong></span> <span class='ocrx_word' id='word_1_201' title='bbox 3324 1505 3417 1556; x_wconf 73' lang='grc' dir='ltr'><strong>καὶ</strong></span> <span class='ocrx_word' id='word_1_202' title='bbox 3461 1505 3673 1576; x_wconf 87' lang='grc' dir='ltr'><strong>ἀνερω-</strong></span> 
     </span>
    </p>
   </div>
   <div class='ocr_carea' id='block_1_31' title="bbox 2096 1592 3669 1666">
    <p class='ocr_par' dir='ltr' id='par_1_31' title="bbox 2096 1592 3669 1666">
     <span class='ocr_line' id='line_1_31' title="bbox 2096 1592 3669 1666; baseline 0.004 -20"><span class='ocrx_word' id='word_1_203' title='bbox 2096 1594 2276 1663; x_wconf 86' lang='grc' dir='ltr'><strong>τῆσαι,</strong></span> <span class='ocrx_word' id='word_1_204' title='bbox 2300 1594 2347 1646; x_wconf 86' lang='grc' dir='ltr'><strong>εἰ</strong></span> <span class='ocrx_word' id='word_1_205' title='bbox 2382 1593 2512 1646; x_wconf 80' lang='grc' dir='ltr'><strong>αὐτὸ</strong></span> <span class='ocrx_word' id='word_1_206' title='bbox 2534 1592 2691 1646; x_wconf 81' lang='grc' dir='ltr'><strong>τοῦτο</strong></span> <span class='ocrx_word' id='word_1_207' title='bbox 2721 1594 2881 1665; x_wconf 89' lang='grc' dir='ltr'><strong>μόνον</strong></span> <span class='ocrx_word' id='word_1_208' title='bbox 2908 1594 3231 1666; x_wconf 87' lang='grc' dir='ltr'><strong>Χριστιανός</strong></span> <span class='ocrx_word' id='word_1_209' title='bbox 3255 1599 3391 1650; x_wconf 82' lang='grc' dir='ltr'><strong>ἐστι.</strong></span> <span class='ocrx_word' id='word_1_210' title='bbox 3435 1598 3544 1651; x_wconf 77' lang='grc' dir='ltr'><strong>Καὶ</strong></span> <span class='ocrx_word' id='word_1_211' title='bbox 3574 1597 3669 1653; x_wconf 82' lang='grc' dir='ltr'><strong>τὸν</strong></span> 
     </span>
    </p>
   </div>
   <div class='ocr_carea' id='block_1_32' title="bbox 2096 1683 3667 1759">
    <p class='ocr_par' dir='ltr' id='par_1_32' title="bbox 2096 1683 3667 1759">
     <span class='ocr_line' id='line_1_32' title="bbox 2096 1683 3667 1759; baseline 0.004 -22"><span class='ocrx_word' id='word_1_212' title='bbox 2096 1683 2426 1755; x_wconf 85' lang='grc' dir='ltr'><strong>Πτολεμαῖον</strong></span> <span class='ocrx_word' id='word_1_213' title='bbox 2470 1684 2758 1756; x_wconf 81' lang='grc' dir='ltr'><strong>φιλαλήθη,</strong></span> <span class='ocrx_word' id='word_1_214' title='bbox 2779 1685 2893 1739; x_wconf 74' lang='grc' dir='ltr'><strong>ἀλλ’</strong></span> <span class='ocrx_word' id='word_1_215' title='bbox 2925 1686 3025 1740; x_wconf 82' lang='grc' dir='ltr'><strong>οὐκ</strong></span> <span class='ocrx_word' id='word_1_216' title='bbox 3063 1687 3341 1757; x_wconf 71' lang='grc' dir='ltr'><strong>ἀπατηλὸν</strong></span> <span class='ocrx_word' id='word_1_217' title='bbox 3384 1688 3502 1742; x_wconf 80' lang='grc' dir='ltr'><strong>οὐδὲ</strong></span> <span class='ocrx_word' id='word_1_218' title='bbox 3533 1689 3667 1759; x_wconf 74' lang='grc' dir='ltr'><strong>ψευο</strong></span> 
     </span>
    </p>
   </div>
   <div class='ocr_carea' id='block_1_33' title="bbox 2095 1772 3670 1849">
    <p class='ocr_par' dir='ltr' id='par_1_33' title="bbox 2095 1772 3670 1849">
     <span class='ocr_line' id='line_1_33' title="bbox 2095 1772 3670 1849; baseline 0.005 -22"><span class='ocrx_word' id='word_1_219' title='bbox 2095 1772 2307 1843; x_wconf 89' lang='grc' dir='ltr'><strong>δολὸγον</strong></span> <span class='ocrx_word' id='word_1_220' title='bbox 2326 1775 2426 1845; x_wconf 79' lang='grc' dir='ltr'><strong>τὴν</strong></span> <span class='ocrx_word' id='word_1_221' title='bbox 2456 1775 2679 1847; x_wconf 82' lang='grc' dir='ltr'><strong>γνώμην</strong></span> <span class='ocrx_word' id='word_1_222' title='bbox 2709 1775 2838 1831; x_wconf 76' lang='grc' dir='ltr'><strong>ὄντα</strong></span> <span class='ocrx_word' id='word_1_223' title='bbox 2859 1817 2873 1839; x_wconf 85' lang='grc'><strong>,</strong></span> <span class='ocrx_word' id='word_1_224' title='bbox 2921 1777 3328 1849; x_wconf 78' lang='grc' dir='ltr'><strong>ὁμολογήσαντα</strong></span> <span class='ocrx_word' id='word_1_225' title='bbox 3366 1781 3557 1835; x_wconf 78' lang='grc' dir='ltr'><strong>ἑαυτὸν</strong></span> <span class='ocrx_word' id='word_1_226' title='bbox 3592 1778 3670 1835; x_wconf 81' lang='grc' dir='ltr'><strong>εἷ-</strong></span> 
     </span>
    </p>
   </div>
   <div class='ocr_carea' id='block_1_34' title="bbox 428 1864 1986 1944">
    <p class='ocr_par' dir='ltr' id='par_1_34' title="bbox 428 1869 1986 1943">
     <span class='ocr_line' id='line_1_34' title="bbox 428 1869 1986 1943; baseline 0.002 -19"><span class='ocrx_word' id='word_1_227' title='bbox 428 1869 741 1925; x_wconf 88' lang='lat' dir='ltr'><strong>centurioni</strong></span> <span class='ocrx_word' id='word_1_228' title='bbox 779 1869 995 1926; x_wconf 88' lang='lat' dir='ltr'><strong>cuidam</strong></span> <span class='ocrx_word' id='word_1_229' title='bbox 1036 1871 1213 1927; x_wconf 90' lang='lat' dir='ltr'><strong>amico</strong></span> <span class='ocrx_word' id='word_1_230' title='bbox 1253 1887 1353 1927; x_wconf 93' lang='lat' dir='ltr'><strong>suo</strong></span> <span class='ocrx_word' id='word_1_231' title='bbox 1391 1872 1683 1943; x_wconf 84' lang='lat' dir='ltr'><strong>persuasit,</strong></span> <span class='ocrx_word' id='word_1_232' title='bbox 1726 1881 1785 1927; x_wconf 92' lang='lat' dir='ltr'><strong>ut</strong></span> <span class='ocrx_word' id='word_1_233' title='bbox 1818 1871 1986 1927; x_wconf 88' lang='lat' dir='ltr'><strong>Ptole-</strong></span> 
     </span>
    </p>
   </div>
   <div class='ocr_carea' id='block_1_35' title="bbox 2084 1864 3668 1944">
    <p class='ocr_par' dir='ltr' id='par_1_35' title="bbox 2094 1866 3668 1944">
     <span class='ocr_line' id='line_1_35' title="bbox 2094 1866 3668 1944; baseline 0.006 -25"><span class='ocrx_word' id='word_1_234' title='bbox 2094 1883 2181 1920; x_wconf 88' lang='grc' dir='ltr'><strong>ναι</strong></span> <span class='ocrx_word' id='word_1_235' title='bbox 2206 1867 2561 1936; x_wconf 71' lang='grc' dir='ltr'><strong>Χριστιανὸν,</strong></span> <span class='ocrx_word' id='word_1_236' title='bbox 2596 1868 2654 1921; x_wconf 73' lang='grc' dir='ltr'><strong>ἐν</strong></span> <span class='ocrx_word' id='word_1_237' title='bbox 2686 1866 2903 1939; x_wconf 79' lang='grc' dir='ltr'><strong>δεσμοῖς</strong></span> <span class='ocrx_word' id='word_1_238' title='bbox 2930 1869 3181 1937; x_wconf 78' lang='grc' dir='ltr'><strong>γενέσθαι</strong></span> <span class='ocrx_word' id='word_1_239' title='bbox 3210 1873 3238 1924; x_wconf 85' lang='grc' dir='ltr'>ὁ</span> <span class='ocrx_word' id='word_1_240' title='bbox 3275 1872 3668 1944; x_wconf 78' lang='grc' dir='ltr'><strong>ἑκατόνταρχος</strong></span> 
     </span>
    </p>
   </div>
   <div class='ocr_carea' id='block_1_36' title="bbox 426 1963 2006 2037">
    <p class='ocr_par' dir='ltr' id='par_1_36' title="bbox 426 1963 2006 2037">
     <span class='ocr_line' id='line_1_36' title="bbox 426 1963 2006 2037; baseline 0.003 -19"><span class='ocrx_word' id='word_1_241' title='bbox 426 1977 628 2018; x_wconf 60' lang='lat' dir='ltr'><strong>meeum</strong></span> <span class='ocrx_word' id='word_1_242' title='bbox 662 1963 1164 2033; x_wconf 88' lang='lat' dir='ltr'><strong>comprehenderet,</strong></span> <span class='ocrx_word' id='word_1_243' title='bbox 1205 1979 1441 2035; x_wconf 84' lang='lat' dir='ltr'><strong>eumque</strong></span> <span class='ocrx_word' id='word_1_244' title='bbox 1482 1966 1535 2019; x_wconf 92' lang='lat' dir='ltr'><strong>in</strong></span> <span class='ocrx_word' id='word_1_245' title='bbox 1570 1966 1786 2021; x_wconf 87' lang='lat' dir='ltr'><strong>vincula</strong></span> <span class='ocrx_word' id='word_1_246' title='bbox 1829 1966 2006 2037; x_wconf 91' lang='lat' dir='ltr'><strong>conji-</strong></span> 
     </span>
    </p>
   </div>
   <div class='ocr_carea' id='block_1_37' title="bbox 424 2054 2002 2126">
    <p class='ocr_par' dir='ltr' id='par_1_37' title="bbox 424 2054 2002 2126">
     <span class='ocr_line' id='line_1_37' title="bbox 424 2054 2002 2126; baseline 0.003 -17"><span class='ocrx_word' id='word_1_247' title='bbox 424 2054 599 2121; x_wconf 90' lang='lat' dir='ltr'><strong>ciens,</strong></span> <span class='ocrx_word' id='word_1_248' title='bbox 633 2055 736 2109; x_wconf 92' lang='lat' dir='ltr'><strong>hoc</strong></span> <span class='ocrx_word' id='word_1_249' title='bbox 766 2071 934 2110; x_wconf 91' lang='lat' dir='ltr'><strong>unum</strong></span> <span class='ocrx_word' id='word_1_250' title='bbox 979 2056 1368 2126; x_wconf 83' lang='lat' dir='ltr'><strong>interrogaret,</strong></span> <span class='ocrx_word' id='word_1_251' title='bbox 1400 2067 1615 2113; x_wconf 88' lang='lat' dir='ltr'><strong>essetne</strong></span> <span class='ocrx_word' id='word_1_252' title='bbox 1639 2056 2002 2114; x_wconf 81' lang='lat' dir='ltr'><strong>ChriStianus.</strong></span> 
     </span>
    </p>
   </div>
   <div class='ocr_carea' id='block_1_38' title="bbox 424 2144 2006 2219">
    <p class='ocr_par' dir='ltr' id='par_1_38' title="bbox 424 2144 2006 2219">
     <span class='ocr_line' id='line_1_38' title="bbox 424 2144 2006 2219; baseline 0.003 -18"><span class='ocrx_word' id='word_1_253' title='bbox 424 2144 673 2216; x_wconf 90' lang='lat' dir='ltr'><strong>Cumque</strong></span> <span class='ocrx_word' id='word_1_254' title='bbox 710 2145 1067 2215; x_wconf 73' lang='lat' dir='ltr'><strong>Ptolemaeus,</strong></span> <span class='ocrx_word' id='word_1_255' title='bbox 1117 2157 1300 2219; x_wconf 85' lang='lat' dir='ltr'><strong>utpote</strong></span> <span class='ocrx_word' id='word_1_256' title='bbox 1344 2149 1754 2205; x_wconf 88' lang='lat' dir='ltr'><strong>amantissimus</strong></span> <span class='ocrx_word' id='word_1_257' title='bbox 1799 2150 1912 2205; x_wconf 91' lang='lat' dir='ltr'><strong>veri</strong></span> <span class='ocrx_word' id='word_1_258' title='bbox 1952 2157 2006 2206; x_wconf 89' lang='lat' dir='ltr'><strong>et</strong></span> 
     </span>
    </p>
   </div>
   <div class='ocr_carea' id='block_1_39' title="bbox 427 2237 2003 2307">
    <p class='ocr_par' dir='ltr' id='par_1_39' title="bbox 427 2237 2003 2307">
     <span class='ocr_line' id='line_1_39' title="bbox 427 2237 2003 2307; baseline 0.004 -17"><span class='ocrx_word' id='word_1_259' title='bbox 427 2237 498 2291; x_wconf 85' lang='lat' dir='ltr'><strong>ab</strong></span> <span class='ocrx_word' id='word_1_260' title='bbox 537 2237 685 2291; x_wconf 93' lang='lat' dir='ltr'><strong>omni</strong></span> <span class='ocrx_word' id='word_1_261' title='bbox 722 2237 911 2293; x_wconf 84' lang='lat' dir='ltr'><strong>fraude</strong></span> <span class='ocrx_word' id='word_1_262' title='bbox 941 2246 997 2294; x_wconf 90' lang='lat' dir='ltr'><strong>et</strong></span> <span class='ocrx_word' id='word_1_263' title='bbox 1040 2239 1324 2296; x_wconf 88' lang='lat' dir='ltr'><strong>mendacio</strong></span> <span class='ocrx_word' id='word_1_264' title='bbox 1357 2240 1600 2307; x_wconf 89' lang='lat' dir='ltr'><strong>alienus,</strong></span> <span class='ocrx_word' id='word_1_265' title='bbox 1630 2239 2003 2296; x_wconf 82' lang='lat' dir='ltr'><strong>Christianum</strong></span> 
     </span>
    </p>
   </div>
   <div class='ocr_carea' id='block_1_40' title="bbox 418 2327 2003 2401">
    <p class='ocr_par' dir='ltr' id='par_1_40' title="bbox 418 2327 2003 2401">
     <span class='ocr_line' id='line_1_40' title="bbox 418 2327 2003 2401; baseline 0.004 -19"><span class='ocrx_word' id='word_1_266' title='bbox 418 2341 483 2382; x_wconf 90' lang='lat' dir='ltr'><strong>se</strong></span> <span class='ocrx_word' id='word_1_267' title='bbox 509 2327 792 2382; x_wconf 88' lang='lat' dir='ltr'><strong>confessus</strong></span> <span class='ocrx_word' id='word_1_268' title='bbox 822 2336 983 2395; x_wconf 90' lang='lat' dir='ltr'><strong>esset,</strong></span> <span class='ocrx_word' id='word_1_269' title='bbox 1012 2344 1136 2383; x_wconf 92' lang='lat' dir='ltr'><strong>eum</strong></span> <span class='ocrx_word' id='word_1_270' title='bbox 1167 2330 1414 2385; x_wconf 90' lang='lat' dir='ltr'><strong>centurio</strong></span> <span class='ocrx_word' id='word_1_271' title='bbox 1433 2331 1696 2386; x_wconf 69' lang='lat' dir='ltr'><strong>custodiae</strong></span> <span class='ocrx_word' id='word_1_272' title='bbox 1729 2332 2003 2401; x_wconf 85' lang='lat' dir='ltr'><strong>mancipa-</strong></span> 
     </span>
    </p>
   </div>
   <div class='ocr_carea' id='block_1_41' title="bbox 421 2418 2004 2488">
    <p class='ocr_par' dir='ltr' id='par_1_41' title="bbox 421 2418 2004 2488">
     <span class='ocr_line' id='line_1_41' title="bbox 421 2418 2004 2488; baseline 0.004 -17"><span class='ocrx_word' id='word_1_273' title='bbox 421 2418 522 2485; x_wconf 89' lang='lat' dir='ltr'><strong>vit,</strong></span> <span class='ocrx_word' id='word_1_274' title='bbox 553 2418 756 2488; x_wconf 87' lang='lat' dir='ltr'><strong>diuque</strong></span> <span class='ocrx_word' id='word_1_275' title='bbox 802 2421 854 2473; x_wconf 92' lang='lat' dir='ltr'><strong>in</strong></span> <span class='ocrx_word' id='word_1_276' title='bbox 885 2436 1107 2475; x_wconf 90' lang='lat' dir='ltr'><strong>carcere</strong></span> <span class='ocrx_word' id='word_1_277' title='bbox 1138 2419 1345 2476; x_wconf 74' lang='lat' dir='ltr'><strong>afﬂixit.</strong></span> <span class='ocrx_word' id='word_1_278' title='bbox 1371 2419 1599 2478; x_wconf 88' lang='lat' dir='ltr'><strong>Oblatus</strong></span> <span class='ocrx_word' id='word_1_279' title='bbox 1632 2422 1850 2479; x_wconf 88' lang='lat' dir='ltr'><strong>tandem</strong></span> <span class='ocrx_word' id='word_1_280' title='bbox 1897 2422 2004 2478; x_wconf 89' lang='lat' dir='ltr'><strong>Ur-</strong></span> 
     </span>
    </p>
   </div>
   <div class='ocr_carea' id='block_1_42' title="bbox 422 2510 2003 2581">
    <p class='ocr_par' dir='ltr' id='par_1_42' title="bbox 422 2510 2003 2581">
     <span class='ocr_line' id='line_1_42' title="bbox 422 2510 2003 2581; baseline 0.004 -16"><span class='ocrx_word' id='word_1_281' title='bbox 422 2511 568 2565; x_wconf 90' lang='lat' dir='ltr'><strong>bicio</strong></span> <span class='ocrx_word' id='word_1_282' title='bbox 596 2510 767 2581; x_wconf 90' lang='lat' dir='ltr'><strong>judici</strong></span> <span class='ocrx_word' id='word_1_283' title='bbox 795 2510 1142 2579; x_wconf 67' lang='lat' dir='ltr'><strong>Ptolemaeus,</strong></span> <span class='ocrx_word' id='word_1_284' title='bbox 1178 2512 1230 2567; x_wconf 90' lang='lat' dir='ltr'><strong>id</strong></span> <span class='ocrx_word' id='word_1_285' title='bbox 1266 2529 1433 2568; x_wconf 90' lang='lat' dir='ltr'><strong>unum</strong></span> <span class='ocrx_word' id='word_1_286' title='bbox 1484 2515 1737 2571; x_wconf 90' lang='lat' dir='ltr'><strong>similiter</strong></span> <span class='ocrx_word' id='word_1_287' title='bbox 1769 2518 2003 2572; x_wconf 86' lang='lat' dir='ltr'><strong>interro-</strong></span> 
     </span>
    </p>
   </div>
   <div class='ocr_carea' id='block_1_43' title="bbox 421 2602 1997 2679">
    <p class='ocr_par' dir='ltr' id='par_1_43' title="bbox 421 2602 1997 2679">
     <span class='ocr_line' id='line_1_43' title="bbox 421 2602 1997 2679; baseline 0.006 -26"><span class='ocrx_word' id='word_1_288' title='bbox 421 2611 581 2671; x_wconf 75' lang='lat' dir='ltr'><strong>gatus</strong></span> <span class='ocrx_word' id='word_1_289' title='bbox 620 2612 738 2665; x_wconf 87' lang='lat' dir='ltr'><strong>est,</strong></span> <span class='ocrx_word' id='word_1_290' title='bbox 782 2611 967 2656; x_wconf 89' lang='lat' dir='ltr'><strong>utrum</strong></span> <span class='ocrx_word' id='word_1_291' title='bbox 1011 2611 1159 2659; x_wconf 88' lang='lat' dir='ltr'><strong>esset</strong></span> <span class='ocrx_word' id='word_1_292' title='bbox 1203 2602 1567 2661; x_wconf 89' lang='lat' dir='ltr'><strong>Christianus.</strong></span> <span class='ocrx_word' id='word_1_293' title='bbox 1612 2607 1704 2661; x_wconf 90' lang='lat' dir='ltr'><strong>Ille</strong></span> <span class='ocrx_word' id='word_1_294' title='bbox 1734 2622 1865 2662; x_wconf 87' lang='lat' dir='ltr'><strong>vero</strong></span> <span class='ocrx_word' id='word_1_295' title='bbox 1908 2607 1997 2679; x_wconf 91' lang='lat' dir='ltr'><strong>qui</strong></span> 
     </span>
    </p>
   </div>
   <div class='ocr_carea' id='block_1_44' title="bbox 419 2689 1995 2758">
    <p class='ocr_par' dir='ltr' id='par_1_44' title="bbox 419 2689 1995 2758">
     <span class='ocr_line' id='line_1_44' title="bbox 419 2689 1995 2758; baseline 0.005 -15"><span class='ocrx_word' id='word_1_296' title='bbox 419 2704 517 2758; x_wconf 88' lang='lat' dir='ltr'><strong>per</strong></span> <span class='ocrx_word' id='word_1_297' title='bbox 546 2689 750 2747; x_wconf 87' lang='lat' dir='ltr'><strong>Christi</strong></span> <span class='ocrx_word' id='word_1_298' title='bbox 791 2692 1095 2748; x_wconf 84' lang='lat' dir='ltr'><strong>doc-trinam</strong></span> <span class='ocrx_word' id='word_1_299' title='bbox 1139 2703 1334 2748; x_wconf 88' lang='lat' dir='ltr'><strong>cuncta</strong></span> <span class='ocrx_word' id='word_1_300' title='bbox 1376 2710 1435 2749; x_wconf 92' lang='lat' dir='ltr'><strong>se</strong></span> <span class='ocrx_word' id='word_1_301' title='bbox 1466 2695 1611 2750; x_wconf 87' lang='lat' dir='ltr'><strong>bona</strong></span> <span class='ocrx_word' id='word_1_302' title='bbox 1640 2706 1995 2752; x_wconf 88' lang='lat' dir='ltr'><strong>consecutum</strong></span> 
     </span>
    </p>
   </div>
   <div class='ocr_carea' id='block_1_45' title="bbox 423 2780 1995 2855">
    <p class='ocr_par' dir='ltr' id='par_1_45' title="bbox 423 2780 1995 2855">
     <span class='ocr_line' id='line_1_45' title="bbox 423 2780 1995 2855; baseline 0.004 -20"><span class='ocrx_word' id='word_1_303' title='bbox 423 2780 585 2852; x_wconf 76' lang='lat'><strong>139</strong></span> <span class='ocrx_word' id='word_1_304' title='bbox 613 2797 733 2838; x_wconf 91' lang='lat' dir='ltr'><strong>esse</strong></span> <span class='ocrx_word' id='word_1_305' title='bbox 764 2783 1104 2855; x_wconf 79' lang='lat' dir='ltr'><strong>intelligeret,</strong></span> <span class='ocrx_word' id='word_1_306' title='bbox 1135 2785 1281 2838; x_wconf 91' lang='lat' dir='ltr'><strong>illam</strong></span> <span class='ocrx_word' id='word_1_307' title='bbox 1306 2787 1545 2842; x_wconf 57' lang='lat' dir='ltr'><strong>caelestis</strong></span> <span class='ocrx_word' id='word_1_308' title='bbox 1573 2802 1638 2843; x_wconf 89' lang='lat' dir='ltr'><strong>ac</strong></span> <span class='ocrx_word' id='word_1_309' title='bbox 1662 2787 1858 2843; x_wconf 60' lang='lat' dir='ltr'><strong>divina:</strong></span> <span class='ocrx_word' id='word_1_310' title='bbox 1883 2789 1995 2842; x_wconf 54' lang='lat' dir='ltr'><strong>virv</strong></span> 
     </span>
    </p>
   </div>
   <div class='ocr_carea' id='block_1_46' title="bbox 417 2867 1981 2942">
    <p class='ocr_par' dir='ltr' id='par_1_46' title="bbox 417 2867 1981 2942">
     <span class='ocr_line' id='line_1_46' title="bbox 417 2867 1981 2942; baseline 0.008 -24"><span class='ocrx_word' id='word_1_311' title='bbox 417 2867 551 2920; x_wconf 81' lang='lat' dir='ltr'><strong>tntis</strong></span> <span class='ocrx_word' id='word_1_312' title='bbox 581 2870 975 2925; x_wconf 84' lang='lat' dir='ltr'><strong>institutionem</strong></span> <span class='ocrx_word' id='word_1_313' title='bbox 1028 2874 1224 2929; x_wconf 87' lang='lat' dir='ltr'><strong>iterum</strong></span> <span class='ocrx_word' id='word_1_314' title='bbox 1251 2876 1533 2931; x_wconf 87' lang='lat' dir='ltr'><strong>confessus</strong></span> <span class='ocrx_word' id='word_1_315' title='bbox 1564 2884 1665 2932; x_wconf 91' lang='lat' dir='ltr'><strong>est.</strong></span> <span class='ocrx_word' id='word_1_316' title='bbox 1710 2875 1813 2942; x_wconf 82' lang='lat' dir='ltr'><strong>Qui</strong></span> <span class='ocrx_word' id='word_1_317' title='bbox 1835 2876 1981 2930; x_wconf 80' lang='lat' dir='ltr'><strong>enim</strong></span> 
     </span>
    </p>
   </div>
   <div class='ocr_carea' id='block_1_47' title="bbox 415 2963 1983 3040">
    <p class='ocr_par' dir='ltr' id='par_1_47' title="bbox 415 2963 1983 3040">
     <span class='ocr_line' id='line_1_47' title="bbox 415 2963 1983 3040; baseline 0.009 -29"><span class='ocrx_word' id='word_1_318' title='bbox 415 2968 582 3029; x_wconf 76' lang='lat' dir='ltr'><strong>negat</strong></span> <span class='ocrx_word' id='word_1_319' title='bbox 610 2974 668 3015; x_wconf 88' lang='lat' dir='ltr'><strong>se</strong></span> <span class='ocrx_word' id='word_1_320' title='bbox 689 2975 810 3017; x_wconf 89' lang='lat' dir='ltr'><strong>esse</strong></span> <span class='ocrx_word' id='word_1_321' title='bbox 847 2963 1239 3034; x_wconf 82' lang='lat' dir='ltr'><strong>Christianum,</strong></span> <span class='ocrx_word' id='word_1_322' title='bbox 1289 2968 1369 3023; x_wconf 87' lang='lat' dir='ltr'><strong>vel</strong></span> <span class='ocrx_word' id='word_1_323' title='bbox 1417 2969 1618 3024; x_wconf 90' lang='lat' dir='ltr'><strong>idcirco</strong></span> <span class='ocrx_word' id='word_1_324' title='bbox 1649 2977 1809 3039; x_wconf 82' lang='lat' dir='ltr'><strong>negat</strong></span> <span class='ocrx_word' id='word_1_325' title='bbox 1839 2968 1983 3040; x_wconf 84' lang='lat' dir='ltr'><strong>quod</strong></span> 
     </span>
    </p>
   </div>
   <div class='ocr_carea' id='block_1_48' title="bbox 416 3048 1983 3131">
    <p class='ocr_par' dir='ltr' id='par_1_48' title="bbox 416 3048 1983 3131">
     <span class='ocr_line' id='line_1_48' title="bbox 416 3048 1983 3131; baseline 0.008 -27"><span class='ocrx_word' id='word_1_326' title='bbox 416 3048 730 3121; x_wconf 82' lang='lat' dir='ltr'><strong>religionem</strong></span> <span class='ocrx_word' id='word_1_327' title='bbox 757 3051 902 3108; x_wconf 87' lang='lat' dir='ltr'><strong>illam</strong></span> <span class='ocrx_word' id='word_1_328' title='bbox 935 3055 1224 3126; x_wconf 86' lang='lat' dir='ltr'><strong>improbet,</strong></span> <span class='ocrx_word' id='word_1_329' title='bbox 1248 3058 1332 3114; x_wconf 86' lang='lat' dir='ltr'><strong>vel</strong></span> <span class='ocrx_word' id='word_1_330' title='bbox 1360 3069 1510 3115; x_wconf 90' lang='lat' dir='ltr'><strong>certe</strong></span> <span class='ocrx_word' id='word_1_331' title='bbox 1543 3075 1608 3115; x_wconf 89' lang='lat' dir='ltr'><strong>eo</strong></span> <span class='ocrx_word' id='word_1_332' title='bbox 1635 3061 1779 3131; x_wconf 89' lang='lat' dir='ltr'><strong>quod</strong></span> <span class='ocrx_word' id='word_1_333' title='bbox 1809 3076 1869 3116; x_wconf 91' lang='lat' dir='ltr'><strong>se</strong></span> <span class='ocrx_word' id='word_1_334' title='bbox 1896 3060 1983 3115; x_wconf 88' lang='lat' dir='ltr'><strong>in-</strong></span> 
     </span>
    </p>
   </div>
   <div class='ocr_carea' id='block_1_49' title="bbox 413 3139 1978 3223">
    <p class='ocr_par' dir='ltr' id='par_1_49' title="bbox 413 3139 1978 3223">
     <span class='ocr_line' id='line_1_49' title="bbox 413 3139 1978 3223; baseline 0.009 -30"><span class='ocrx_word' id='word_1_335' title='bbox 413 3139 637 3210; x_wconf 75' lang='lat' dir='ltr'><strong>dignum</strong></span> <span class='ocrx_word' id='word_1_336' title='bbox 663 3151 719 3198; x_wconf 91' lang='lat' dir='ltr'><strong>et</strong></span> <span class='ocrx_word' id='word_1_337' title='bbox 747 3143 981 3201; x_wconf 88' lang='lat' dir='ltr'><strong>alienum</strong></span> <span class='ocrx_word' id='word_1_338' title='bbox 1015 3148 1083 3205; x_wconf 90' lang='lat' dir='ltr'><strong>ab</strong></span> <span class='ocrx_word' id='word_1_339' title='bbox 1113 3150 1228 3219; x_wconf 83' lang='lat' dir='ltr'><strong>ejus</strong></span> <span class='ocrx_word' id='word_1_340' title='bbox 1259 3151 1504 3207; x_wconf 88' lang='lat' dir='ltr'><strong>instituto</strong></span> <span class='ocrx_word' id='word_1_341' title='bbox 1532 3168 1655 3208; x_wconf 85' lang='lat' dir='ltr'><strong>esse</strong></span> <span class='ocrx_word' id='word_1_342' title='bbox 1682 3152 1978 3223; x_wconf 77' lang='lat' dir='ltr'><strong>cognoscit.</strong></span> 
     </span>
    </p>
   </div>
   <div class='ocr_carea' id='block_1_50' title="bbox 2093 1957 3667 2036">
    <p class='ocr_par' dir='ltr' id='par_1_50' title="bbox 2093 1957 3667 2036">
     <span class='ocr_line' id='line_1_50' title="bbox 2093 1957 3667 2036; baseline 0.006 -26"><span class='ocrx_word' id='word_1_343' title='bbox 2093 1957 2381 2027; x_wconf 79' lang='grc' dir='ltr'><strong>πεποίηκε,</strong></span> <span class='ocrx_word' id='word_1_344' title='bbox 2406 1959 2499 2012; x_wconf 75' lang='grc' dir='ltr'><strong>καὶ</strong></span> <span class='ocrx_word' id='word_1_345' title='bbox 2543 1959 2634 2012; x_wconf 76' lang='grc' dir='ltr'><strong>ἐπὶ</strong></span> <span class='ocrx_word' id='word_1_346' title='bbox 2662 1958 2828 2012; x_wconf 85' lang='grc' dir='ltr'><strong>πολὺν</strong></span> <span class='ocrx_word' id='word_1_347' title='bbox 2866 1960 3055 2032; x_wconf 83' lang='grc' dir='ltr'><strong>χρόνον</strong></span> <span class='ocrx_word' id='word_1_348' title='bbox 3098 1961 3156 2014; x_wconf 77' lang='grc' dir='ltr'><strong>ἐν</strong></span> <span class='ocrx_word' id='word_1_349' title='bbox 3199 1961 3277 2032; x_wconf 83' lang='grc' dir='ltr'><strong>τῷ</strong></span> <span class='ocrx_word' id='word_1_350' title='bbox 3307 1963 3667 2036; x_wconf 80' lang='grc' dir='ltr'><strong>δεσμωτηρίῳ</strong></span> 
     </span>
    </p>
   </div>
   <div class='ocr_carea' id='block_1_51' title="bbox 2092 2049 3665 2126">
    <p class='ocr_par' dir='ltr' id='par_1_51' title="bbox 2092 2049 3665 2126">
     <span class='ocr_line' id='line_1_51' title="bbox 2092 2049 3665 2126; baseline 0.007 -26"><span class='ocrx_word' id='word_1_351' title='bbox 2092 2049 2406 2104; x_wconf 80' lang='grc' dir='ltr'><strong>ὲκολάσατο.</strong></span> <span class='ocrx_word' id='word_1_352' title='bbox 2434 2049 2756 2103; x_wconf 87' lang='grc' dir='ltr'><strong>Τελευταῖον</strong></span> <span class='ocrx_word' id='word_1_353' title='bbox 2804 2050 2881 2116; x_wconf 81' lang='grc' dir='ltr'><strong>δὲ,</strong></span> <span class='ocrx_word' id='word_1_354' title='bbox 2904 2051 2993 2104; x_wconf 82' lang='grc' dir='ltr'><strong>ὅτε</strong></span> <span class='ocrx_word' id='word_1_355' title='bbox 3038 2053 3130 2105; x_wconf 72' lang='grc' dir='ltr'><strong>ἐπὶ</strong></span> <span class='ocrx_word' id='word_1_356' title='bbox 3179 2053 3465 2125; x_wconf 78' lang='grc' dir='ltr'><strong>Ούρόίκιον</strong></span> <span class='ocrx_word' id='word_1_357' title='bbox 3499 2050 3665 2126; x_wconf 77' lang='grc' dir='ltr'><strong>ἦλθεν</strong></span> 
     </span>
    </p>
   </div>
   <div class='ocr_carea' id='block_1_52' title="bbox 2091 2139 3662 2221">
    <p class='ocr_par' dir='ltr' id='par_1_52' title="bbox 2091 2139 3662 2221">
     <span class='ocr_line' id='line_1_52' title="bbox 2091 2139 3662 2221; baseline 0.006 -28"><span class='ocrx_word' id='word_1_358' title='bbox 2091 2139 2166 2209; x_wconf 70' lang='grc'><strong>(4)</strong></span> <span class='ocrx_word' id='word_1_359' title='bbox 2199 2142 2228 2194; x_wconf 88' lang='grc' dir='ltr'><strong>ό</strong></span> <span class='ocrx_word' id='word_1_360' title='bbox 2270 2142 2574 2212; x_wconf 81' lang='grc' dir='ltr'><strong>ἄνθρωπος,</strong></span> <span class='ocrx_word' id='word_1_361' title='bbox 2606 2143 2806 2213; x_wconf 76' lang='grc' dir='ltr'><strong>ὁμοίως</strong></span> <span class='ocrx_word' id='word_1_362' title='bbox 2835 2144 2966 2196; x_wconf 78' lang='grc' dir='ltr'><strong>αὐτὸ</strong></span> <span class='ocrx_word' id='word_1_363' title='bbox 2996 2143 3153 2197; x_wconf 79' lang='grc' dir='ltr'><strong>τοῦτο</strong></span> <span class='ocrx_word' id='word_1_364' title='bbox 3182 2145 3341 2215; x_wconf 89' lang='grc' dir='ltr'><strong>μόνον</strong></span> <span class='ocrx_word' id='word_1_365' title='bbox 3366 2145 3662 2221; x_wconf 76' lang='grc' dir='ltr'><strong>ἐξητάσθη,</strong></span> 
     </span>
    </p>
   </div>
   <div class='ocr_carea' id='block_1_53' title="bbox 2089 2231 3666 2309">
    <p class='ocr_par' dir='ltr' id='par_1_53' title="bbox 2089 2231 3666 2309">
     <span class='ocr_line' id='line_1_53' title="bbox 2089 2231 3666 2309; baseline 0.004 -23"><span class='ocrx_word' id='word_1_366' title='bbox 2089 2233 2244 2304; x_wconf 79' lang='grc' dir='ltr'><strong>ειεῖη</strong></span> <span class='ocrx_word' id='word_1_367' title='bbox 2272 2231 2621 2305; x_wconf 86' lang='grc' dir='ltr'><strong>Χριστιανός.</strong></span> <span class='ocrx_word' id='word_1_368' title='bbox 2669 2234 2780 2286; x_wconf 71' lang='grc' dir='ltr'><strong>Καὶ</strong></span> <span class='ocrx_word' id='word_1_369' title='bbox 2811 2234 2972 2287; x_wconf 78' lang='grc' dir='ltr'><strong>πάλιν</strong></span> <span class='ocrx_word' id='word_1_370' title='bbox 3017 2235 3086 2289; x_wconf 83' lang='grc' dir='ltr'><strong>τὰ</strong></span> <span class='ocrx_word' id='word_1_371' title='bbox 3130 2236 3271 2290; x_wconf 88' lang='grc' dir='ltr'><strong>καλά</strong></span> <span class='ocrx_word' id='word_1_372' title='bbox 3320 2237 3493 2309; x_wconf 81' lang='grc' dir='ltr'><strong>ἐαυτῷ</strong></span> <span class='ocrx_word' id='word_1_373' title='bbox 3539 2256 3666 2293; x_wconf 81' lang='grc' dir='ltr'><strong>συν-</strong></span> 
     </span>
    </p>
   </div>
   <div class='ocr_carea' id='block_1_54' title="bbox 2089 2324 3664 2402">
    <p class='ocr_par' dir='ltr' id='par_1_54' title="bbox 2089 2324 3664 2402">
     <span class='ocr_line' id='line_1_54' title="bbox 2089 2324 3664 2402; baseline 0.004 -23"><span class='ocrx_word' id='word_1_374' title='bbox 2089 2324 2449 2396; x_wconf 84' lang='grc' dir='ltr'><strong>επιστάμενος</strong></span> <span class='ocrx_word' id='word_1_375' title='bbox 2475 2325 2562 2379; x_wconf 75' lang='grc' dir='ltr'><strong>διὰ</strong></span> <span class='ocrx_word' id='word_1_376' title='bbox 2594 2324 2691 2396; x_wconf 85' lang='grc' dir='ltr'><strong>τὴν</strong></span> <span class='ocrx_word' id='word_1_377' title='bbox 2719 2326 2827 2381; x_wconf 86' lang='grc' dir='ltr'><strong>ἀπὸ</strong></span> <span class='ocrx_word' id='word_1_378' title='bbox 2845 2325 2937 2380; x_wconf 80' lang='grc' dir='ltr'><strong>τοῦ</strong></span> <span class='ocrx_word' id='word_1_379' title='bbox 2959 2327 3194 2398; x_wconf 81' lang='grc' dir='ltr'><strong>Χριστοῦ</strong></span> <span class='ocrx_word' id='word_1_380' title='bbox 3223 2329 3463 2402; x_wconf 75' lang='grc' dir='ltr'><strong>διδαχὴν,</strong></span> <span class='ocrx_word' id='word_1_381' title='bbox 3490 2332 3551 2385; x_wconf 76' lang='grc' dir='ltr'><strong>τὸ</strong></span> <span class='ocrx_word' id='word_1_382' title='bbox 3584 2331 3664 2385; x_wconf 83' lang='grc' dir='ltr'><strong>δι-</strong></span> 
     </span>
    </p>
   </div>
   <div class='ocr_carea' id='block_1_55' title="bbox 2086 2416 3660 2494">
    <p class='ocr_par' dir='ltr' id='par_1_55' title="bbox 2086 2416 3660 2494">
     <span class='ocr_line' id='line_1_55' title="bbox 2086 2416 3660 2494; baseline 0.003 -23"><span class='ocrx_word' id='word_1_383' title='bbox 2086 2416 2370 2472; x_wconf 85' lang='grc' dir='ltr'><strong>δασκάλιον</strong></span> <span class='ocrx_word' id='word_1_384' title='bbox 2415 2418 2514 2488; x_wconf 84' lang='grc' dir='ltr'><strong>τῆς</strong></span> <span class='ocrx_word' id='word_1_385' title='bbox 2552 2416 2703 2481; x_wconf 81' lang='grc' dir='ltr'><strong>θείας</strong></span> <span class='ocrx_word' id='word_1_386' title='bbox 2748 2418 2948 2490; x_wconf 85' lang='grc' dir='ltr'><strong>ἀρετῆς</strong></span> <span class='ocrx_word' id='word_1_387' title='bbox 2999 2418 3368 2491; x_wconf 79' lang='grc' dir='ltr'><strong>ὡμολόγησεν.</strong></span> <span class='ocrx_word' id='word_1_388' title='bbox 3435 2421 3492 2474; x_wconf 84' lang='grc'><strong>’0</strong></span> <span class='ocrx_word' id='word_1_389' title='bbox 3546 2421 3660 2494; x_wconf 90' lang='grc' dir='ltr'><strong>γὰρ</strong></span> 
     </span>
    </p>
   </div>
   <div class='ocr_carea' id='block_1_56' title="bbox 2085 2508 3661 2583">
    <p class='ocr_par' dir='ltr' id='par_1_56' title="bbox 2085 2508 3661 2583">
     <span class='ocr_line' id='line_1_56' title="bbox 2085 2508 3661 2583; baseline 0.003 -22"><span class='ocrx_word' id='word_1_390' title='bbox 2085 2508 2414 2578; x_wconf 81' lang='grc' dir='ltr'><strong>ἀρνούμενος</strong></span> <span class='ocrx_word' id='word_1_391' title='bbox 2444 2509 2525 2562; x_wconf 82' lang='grc' dir='ltr'><strong>ὅτι</strong></span> <span class='ocrx_word' id='word_1_392' title='bbox 2554 2509 2654 2562; x_wconf 80' lang='grc' dir='ltr'><strong>οὐκ</strong></span> <span class='ocrx_word' id='word_1_393' title='bbox 2687 2509 2793 2579; x_wconf 76' lang='grc' dir='ltr'><strong>εἴη,</strong></span> <span class='ocrx_word' id='word_1_394' title='bbox 2820 2509 2852 2580; x_wconf 84' lang='grc' dir='ltr'>ἢ</span> <span class='ocrx_word' id='word_1_395' title='bbox 2889 2508 3249 2578; x_wconf 84' lang='grc' dir='ltr'><strong>κατεγνωκὼς</strong></span> <span class='ocrx_word' id='word_1_396' title='bbox 3274 2510 3368 2564; x_wconf 83' lang='grc' dir='ltr'><strong>τοῦ</strong></span> <span class='ocrx_word' id='word_1_397' title='bbox 3406 2512 3661 2583; x_wconf 86' lang='grc' dir='ltr'><strong>πράγμα-</strong></span> 
     </span>
    </p>
   </div>
   <div class='ocr_carea' id='block_1_57' title="bbox 2083 2598 3660 2673">
    <p class='ocr_par' dir='ltr' id='par_1_57' title="bbox 2083 2598 3660 2673">
     <span class='ocr_line' id='line_1_57' title="bbox 2083 2598 3660 2673; baseline 0.002 -20"><span class='ocrx_word' id='word_1_398' title='bbox 2083 2616 2176 2663; x_wconf 84' lang='grc' dir='ltr'><strong>τος</strong></span> <span class='ocrx_word' id='word_1_399' title='bbox 2201 2598 2424 2669; x_wconf 73' lang='grc' dir='ltr'><strong>ἔξαρνος</strong></span> <span class='ocrx_word' id='word_1_400' title='bbox 2460 2599 2695 2669; x_wconf 77' lang='grc' dir='ltr'><strong>γίνεται,</strong></span> <span class='ocrx_word' id='word_1_401' title='bbox 2726 2601 2759 2671; x_wconf 85' lang='grc' dir='ltr'>ἦ</span> <span class='ocrx_word' id='word_1_402' title='bbox 2803 2601 2994 2655; x_wconf 72' lang='grc' dir='ltr'><strong>ἑαυτὸν</strong></span> <span class='ocrx_word' id='word_1_403' title='bbox 3032 2601 3248 2666; x_wconf 84' lang='grc' dir='ltr'><strong>ἀνάξιον</strong></span> <span class='ocrx_word' id='word_1_404' title='bbox 3296 2603 3660 2673; x_wconf 80' lang='grc' dir='ltr'><strong>ἐπιστάμενος</strong></span> 
     </span>
    </p>
   </div>
   <div class='ocr_carea' id='block_1_58' title="bbox 2086 2690 3651 2763">
    <p class='ocr_par' dir='ltr' id='par_1_58' title="bbox 2086 2690 3651 2763">
     <span class='ocr_line' id='line_1_58' title="bbox 2086 2690 3651 2763; baseline 0.002 -19"><span class='ocrx_word' id='word_1_405' title='bbox 2086 2691 2180 2744; x_wconf 71' lang='grc' dir='ltr'><strong>καὶ</strong></span> <span class='ocrx_word' id='word_1_406' title='bbox 2209 2690 2484 2762; x_wconf 79' lang='grc' dir='ltr'><strong>ἀλλότριον</strong></span> <span class='ocrx_word' id='word_1_407' title='bbox 2509 2691 2602 2743; x_wconf 76' lang='grc' dir='ltr'><strong>τοῦ</strong></span> <span class='ocrx_word' id='word_1_408' title='bbox 2637 2693 2978 2762; x_wconf 78' lang='grc' dir='ltr'><strong>πράγματος,</strong></span> <span class='ocrx_word' id='word_1_409' title='bbox 3000 2692 3097 2762; x_wconf 81' lang='grc' dir='ltr'><strong>τὴν</strong></span> <span class='ocrx_word' id='word_1_410' title='bbox 3125 2693 3413 2763; x_wconf 70' lang='grc' dir='ltr'><strong>ὁμολογίαν</strong></span> <span class='ocrx_word' id='word_1_411' title='bbox 3438 2694 3651 2763; x_wconf 76' lang='grc' dir='ltr'><strong>φεύγειο</strong></span> 
     </span>
    </p>
   </div>
   <div class='ocr_carea' id='block_1_59' title="bbox 2084 2776 3659 2857">
    <p class='ocr_par' dir='ltr' id='par_1_59' title="bbox 2084 2776 3659 2857">
     <span class='ocr_line' id='line_1_59' title="bbox 2084 2776 3659 2857; baseline 0.004 -23"><span class='ocrx_word' id='word_1_412' title='bbox 2084 2776 2159 2835; x_wconf 84' lang='grc' dir='ltr'><strong>ὧν</strong></span> <span class='ocrx_word' id='word_1_413' title='bbox 2189 2781 2338 2835; x_wconf 83' lang='grc' dir='ltr'><strong>οὐδὲν</strong></span> <span class='ocrx_word' id='word_1_414' title='bbox 2389 2782 2645 2854; x_wconf 78' lang='grc' dir='ltr'><strong>πρόσεστι</strong></span> <span class='ocrx_word' id='word_1_415' title='bbox 2683 2783 2761 2854; x_wconf 83' lang='grc' dir='ltr'><strong>τῷ</strong></span> <span class='ocrx_word' id='word_1_416' title='bbox 2793 2783 3029 2856; x_wconf 81' lang='grc' dir='ltr'><strong>ἀληθινῷ</strong></span> <span class='ocrx_word' id='word_1_417' title='bbox 3058 2785 3386 2857; x_wconf 80' lang='grc' dir='ltr'><strong>Χριστιανῷ.</strong></span> <span class='ocrx_word' id='word_1_418' title='bbox 3423 2786 3533 2840; x_wconf 74' lang='grc' dir='ltr'><strong>Καὶ</strong></span> <span class='ocrx_word' id='word_1_419' title='bbox 3561 2784 3659 2840; x_wconf 79' lang='grc' dir='ltr'><strong>τοῦ</strong></span> 
     </span>
    </p>
   </div>
   <div class='ocr_carea' id='block_1_60' title="bbox 2084 2874 3660 2948">
    <p class='ocr_par' dir='ltr' id='par_1_60' title="bbox 2084 2874 3660 2948">
     <span class='ocr_line' id='line_1_60' title="bbox 2084 2874 3660 2948; baseline 0.002 -20"><span class='ocrx_word' id='word_1_420' title='bbox 2084 2874 2376 2946; x_wconf 77' lang='grc' dir='ltr'><strong>υύρϐικίου</strong></span> <span class='ocrx_word' id='word_1_421' title='bbox 2425 2875 2782 2940; x_wconf 85' lang='grc' dir='ltr'><strong>κελεύσαντος</strong></span> <span class='ocrx_word' id='word_1_422' title='bbox 2832 2877 2991 2931; x_wconf 80' lang='grc' dir='ltr'><strong>αὐτὸν</strong></span> <span class='ocrx_word' id='word_1_423' title='bbox 3041 2877 3387 2948; x_wconf 78' lang='grc' dir='ltr'><strong>ἀπαχθῆναι,</strong></span> <span class='ocrx_word' id='word_1_424' title='bbox 3426 2878 3660 2943; x_wconf 84' lang='grc' dir='ltr'><strong>Λούκιός</strong></span> 
     </span>
    </p>
   </div>
   <div class='ocr_carea' id='block_1_61' title="bbox 2083 2968 3658 3043">
    <p class='ocr_par' dir='ltr' id='par_1_61' title="bbox 2083 2968 3658 3043">
     <span class='ocr_line' id='line_1_61' title="bbox 2083 2968 3658 3043; baseline 0.002 -21"><span class='ocrx_word' id='word_1_425' title='bbox 2083 2985 2187 3033; x_wconf 76' lang='grc' dir='ltr'><strong>τις,</strong></span> <span class='ocrx_word' id='word_1_426' title='bbox 2221 2968 2317 3023; x_wconf 73' lang='grc' dir='ltr'><strong>καὶ</strong></span> <span class='ocrx_word' id='word_1_427' title='bbox 2358 2969 2606 3039; x_wconf 66' lang='grc' dir='ltr'><strong>αύτδςξῶν</strong></span> <span class='ocrx_word' id='word_1_428' title='bbox 2643 2970 2995 3041; x_wconf 81' lang='grc' dir='ltr'><strong>Χριστιανὸς,</strong></span> <span class='ocrx_word' id='word_1_429' title='bbox 3022 2970 3163 3043; x_wconf 84' lang='grc' dir='ltr'><strong>ὁρῶν</strong></span> <span class='ocrx_word' id='word_1_430' title='bbox 3200 2971 3298 3043; x_wconf 81' lang='grc' dir='ltr'><strong>τὴν</strong></span> <span class='ocrx_word' id='word_1_431' title='bbox 3336 2971 3544 3040; x_wconf 86' lang='grc' dir='ltr'><strong>ἀλόγως</strong></span> <span class='ocrx_word' id='word_1_432' title='bbox 3567 2968 3658 3027; x_wconf 67' lang='grc' dir='ltr'><strong>οὔ·</strong></span> 
     </span>
    </p>
   </div>
   <div class='ocr_carea' id='block_1_62' title="bbox 2082 3058 3654 3132">
    <p class='ocr_par' dir='ltr' id='par_1_62' title="bbox 2082 3058 3654 3132">
     <span class='ocr_line' id='line_1_62' title="bbox 2082 3058 3654 3132; baseline 0.002 -21"><span class='ocrx_word' id='word_1_433' title='bbox 2082 3076 2191 3123; x_wconf 88' lang='grc' dir='ltr'><strong>τως</strong></span> <span class='ocrx_word' id='word_1_434' title='bbox 2228 3058 2302 3129; x_wconf 84' lang='lat'><strong>(5)</strong></span> <span class='ocrx_word' id='word_1_435' title='bbox 2325 3060 2620 3131; x_wconf 78' lang='grc' dir='ltr'><strong>γενομένην</strong></span> <span class='ocrx_word' id='word_1_436' title='bbox 2648 3061 2858 3131; x_wconf 76' lang='grc' dir='ltr'><strong>κρίσιν,</strong></span> <span class='ocrx_word' id='word_1_437' title='bbox 2902 3061 3037 3132; x_wconf 82' lang='grc' dir='ltr'><strong>πρὸς</strong></span> <span class='ocrx_word' id='word_1_438' title='bbox 3077 3060 3166 3113; x_wconf 82' lang='grc' dir='ltr'><strong>τὸν</strong></span> <span class='ocrx_word' id='word_1_439' title='bbox 3201 3060 3485 3132; x_wconf 76' lang='grc' dir='ltr'><strong>Ούρόίκιον</strong></span> <span class='ocrx_word' id='word_1_440' title='bbox 3516 3060 3654 3132; x_wconf 72' lang='grc' dir='ltr'><strong>ἔφη’</strong></span> 
     </span>
    </p>
   </div>
   <div class='ocr_carea' id='block_1_63' title="bbox 2084 3149 3654 3224">
    <p class='ocr_par' dir='ltr' id='par_1_63' title="bbox 2084 3149 3654 3224">
     <span class='ocr_line' id='line_1_63' title="bbox 2084 3149 3654 3224; baseline -0.003 -19"><span class='ocrx_word' id='word_1_441' title='bbox 2084 3150 2237 3221; x_wconf 84' lang='grc' dir='ltr'><strong>Τίςή</strong></span> <span class='ocrx_word' id='word_1_442' title='bbox 2266 3150 2411 3203; x_wconf 80' lang='grc' dir='ltr'><strong>αἰτία</strong></span> <span class='ocrx_word' id='word_1_443' title='bbox 2435 3149 2528 3203; x_wconf 75' lang='grc' dir='ltr'><strong>τοῦ</strong></span> <span class='ocrx_word' id='word_1_444' title='bbox 2562 3153 2696 3222; x_wconf 84' lang='grc' dir='ltr'><strong>μήτε</strong></span> <span class='ocrx_word' id='word_1_445' title='bbox 2729 3150 2934 3221; x_wconf 79' lang='grc' dir='ltr'><strong>μοιχὸν,</strong></span> <span class='ocrx_word' id='word_1_446' title='bbox 2968 3153 3103 3222; x_wconf 84' lang='grc' dir='ltr'><strong>μήτε</strong></span> <span class='ocrx_word' id='word_1_447' title='bbox 3132 3152 3349 3224; x_wconf 88' lang='grc' dir='ltr'><strong>πόρνον,</strong></span> <span class='ocrx_word' id='word_1_448' title='bbox 3388 3151 3522 3222; x_wconf 87' lang='grc' dir='ltr'><strong>μήτε</strong></span> <span class='ocrx_word' id='word_1_449' title='bbox 3556 3152 3654 3205; x_wconf 70' lang='grc' dir='ltr'><strong>ἀνι-</strong></span> 
     </span>
    </p>
   </div>
   <div class='ocr_carea' id='block_1_64' title="bbox 413 3222 1986 3316">
    <p class='ocr_par' dir='ltr' id='par_1_64' title="bbox 413 3232 1982 3316">
     <span class='ocr_line' id='line_1_64' title="bbox 413 3232 1982 3316; baseline 0.008 -29"><span class='ocrx_word' id='word_1_450' title='bbox 413 3232 657 3300; x_wconf 85' lang='lat' dir='ltr'><strong>Quorum</strong></span> <span class='ocrx_word' id='word_1_451' title='bbox 710 3248 967 3294; x_wconf 88' lang='lat' dir='ltr'><strong>neutrum</strong></span> <span class='ocrx_word' id='word_1_452' title='bbox 1024 3243 1221 3298; x_wconf 83' lang='lat' dir='ltr'><strong>cadere</strong></span> <span class='ocrx_word' id='word_1_453' title='bbox 1249 3253 1426 3310; x_wconf 90' lang='lat' dir='ltr'><strong>potest</strong></span> <span class='ocrx_word' id='word_1_454' title='bbox 1468 3245 1520 3298; x_wconf 90' lang='lat' dir='ltr'><strong>in</strong></span> <span class='ocrx_word' id='word_1_455' title='bbox 1559 3260 1681 3299; x_wconf 90' lang='lat' dir='ltr'><strong>eum</strong></span> <span class='ocrx_word' id='word_1_456' title='bbox 1731 3246 1982 3316; x_wconf 89' lang='lat' dir='ltr'><strong>quivere</strong></span> 
     </span>
    </p>
   </div>
   <div class='ocr_carea' id='block_1_65' title="bbox 2084 3222 3655 3316">
    <p class='ocr_par' dir='ltr' id='par_1_65' title="bbox 2084 3222 3655 3316">
     <span class='ocr_line' id='line_1_65' title="bbox 2084 3222 3655 3316; baseline 0.001 -22"><span class='ocrx_word' id='word_1_457' title='bbox 2084 3241 2376 3312; x_wconf 79' lang='grc' dir='ltr'><strong>δροφόνον,</strong></span> <span class='ocrx_word' id='word_1_458' title='bbox 2436 3243 2572 3313; x_wconf 87' lang='grc' dir='ltr'><strong>μήτε</strong></span> <span class='ocrx_word' id='word_1_459' title='bbox 2617 3241 2966 3314; x_wconf 83' lang='grc' dir='ltr'><strong>λωποδύτην,</strong></span> <span class='ocrx_word' id='word_1_460' title='bbox 3020 3245 3154 3314; x_wconf 85' lang='grc' dir='ltr'><strong>μήτε</strong></span> <span class='ocrx_word' id='word_1_461' title='bbox 3203 3222 3459 3316; x_wconf 60' lang='grc' dir='ltr'><strong>ἅρπαγα,</strong></span> <span class='ocrx_word' id='word_1_462' title='bbox 3516 3243 3655 3314; x_wconf 71' lang='grc' dir='ltr'><strong>μήτε</strong></span> 
     </span>
    </p>
   </div>
   <div class='ocr_carea' id='block_1_66' title="bbox 410 3322 1979 3391">
    <p class='ocr_par' dir='ltr' id='par_1_66' title="bbox 410 3322 1979 3391">
     <span class='ocr_line' id='line_1_66' title="bbox 410 3322 1979 3391; baseline 0.006 -11"><span class='ocrx_word' id='word_1_463' title='bbox 410 3322 752 3384; x_wconf 85' lang='lat' dir='ltr'><strong>Christianus</strong></span> <span class='ocrx_word' id='word_1_464' title='bbox 780 3329 873 3384; x_wconf 90' lang='lat' dir='ltr'><strong>sit.</strong></span> <span class='ocrx_word' id='word_1_465' title='bbox 904 3330 1040 3387; x_wconf 89' lang='lat' dir='ltr'><strong>Cum</strong></span> <span class='ocrx_word' id='word_1_466' title='bbox 1080 3348 1211 3388; x_wconf 85' lang='lat' dir='ltr'><strong>vero</strong></span> <span class='ocrx_word' id='word_1_467' title='bbox 1240 3333 1490 3391; x_wconf 87' lang='lat' dir='ltr'><strong>Urbicius</strong></span> <span class='ocrx_word' id='word_1_468' title='bbox 1526 3335 1875 3390; x_wconf 63' lang='lat' dir='ltr'><strong>Ptolemaeum</strong></span> <span class='ocrx_word' id='word_1_469' title='bbox 1912 3335 1979 3390; x_wconf 91' lang='lat' dir='ltr'><strong>ad</strong></span> 
     </span>
    </p>
   </div>
   <div class='ocr_carea' id='block_1_67' title="bbox 409 3412 1981 3500">
    <p class='ocr_par' dir='ltr' id='par_1_67' title="bbox 409 3412 1981 3500">
     <span class='ocr_line' id='line_1_67' title="bbox 409 3412 1981 3500; baseline 0.007 -26"><span class='ocrx_word' id='word_1_470' title='bbox 409 3419 734 3489; x_wconf 84' lang='lat' dir='ltr'><strong>supplicium</strong></span> <span class='ocrx_word' id='word_1_471' title='bbox 788 3423 913 3481; x_wconf 88' lang='lat' dir='ltr'><strong>duci</strong></span> <span class='ocrx_word' id='word_1_472' title='bbox 955 3424 1226 3493; x_wconf 88' lang='lat' dir='ltr'><strong>jussisset,</strong></span> <span class='ocrx_word' id='word_1_473' title='bbox 1290 3427 1491 3483; x_wconf 88' lang='lat' dir='ltr'><strong>Lucius</strong></span> <span class='ocrx_word' id='word_1_474' title='bbox 1531 3412 1753 3498; x_wconf 72' lang='lat' dir='ltr'><strong>quidam</strong></span> <span class='ocrx_word' id='word_1_475' title='bbox 1786 3429 1881 3500; x_wconf 88' lang='lat' dir='ltr'><strong>qui</strong></span> <span class='ocrx_word' id='word_1_476' title='bbox 1922 3437 1981 3485; x_wconf 86' lang='lat' dir='ltr'><strong>et</strong></span> 
     </span>
    </p>
   </div>
   <div class='ocr_carea' id='block_1_68' title="bbox 480 3642 1976 3722">
    <p class='ocr_par' dir='ltr' id='par_1_68' title="bbox 480 3642 1976 3722">
     <span class='ocr_line' id='line_1_68' title="bbox 480 3642 1976 3722; baseline 0.003 -21"><span class='ocrx_word' id='word_1_477' title='bbox 480 3642 558 3722; x_wconf 79' lang='lat' dir='ltr'><strong>(_I)</strong></span> <span class='ocrx_word' id='word_1_478' title='bbox 588 3644 652 3701; x_wconf 86' lang='grc' dir='ltr'>Ἡ</span> <span class='ocrx_word' id='word_1_479' title='bbox 672 3645 803 3722; x_wconf 55' lang='grc' dir='ltr'><strong>μὲιί</strong></span> <span class='ocrx_word' id='word_1_480' title='bbox 826 3648 1130 3722; x_wconf 59' lang='grc' dir='ltr'><strong>,ϐιϐλίδιόκ</strong></span> <span class='ocrx_word' id='word_1_481' title='bbox 1157 3664 1256 3703; x_wconf 86' lang='grc' dir='ltr'><strong>σοι</strong></span> <span class='ocrx_word' id='word_1_482' title='bbox 1302 3648 1385 3716; x_wconf 80' lang='grc' dir='ltr'><strong>τῷ</strong></span> <span class='ocrx_word' id='word_1_483' title='bbox 1422 3651 1830 3722; x_wconf 79' lang='grc' dir='ltr'><strong>αὐτοκράτορι.</strong></span> <span class='ocrx_word' id='word_1_484' title='bbox 1880 3650 1976 3706; x_wconf 89' lang='lat' dir='ltr'><strong>Li-</strong></span> 
     </span>
    </p>
   </div>
   <div class='ocr_carea' id='block_1_69' title="bbox 408 3714 1971 3789">
    <p class='ocr_par' dir='ltr' id='par_1_69' title="bbox 408 3714 1971 3789">
     <span class='ocr_line' id='line_1_69' title="bbox 408 3714 1971 3789; baseline 0.005 -21"><span class='ocrx_word' id='word_1_485' title='bbox 408 3714 609 3789; x_wconf 72' lang='lat' dir='ltr'><strong>bellum</strong></span> <span class='ocrx_word' id='word_1_486' title='bbox 633 3714 924 3789; x_wconf 72' lang='lat' dir='ltr'><strong>supplicem</strong></span> <span class='ocrx_word' id='word_1_487' title='bbox 963 3719 1222 3788; x_wconf 72' lang='lat' dir='ltr'><strong>intelligo,</strong></span> <span class='ocrx_word' id='word_1_488' title='bbox 1256 3714 1363 3789; x_wconf 78' lang='lat' dir='ltr'><strong>quo</strong></span> <span class='ocrx_word' id='word_1_489' title='bbox 1412 3714 1620 3779; x_wconf 50' lang='lat' dir='ltr'><strong>mulier&#39;</strong></span> <span class='ocrx_word' id='word_1_490' title='bbox 1659 3714 1971 3777; x_wconf 73' lang='lat' dir='ltr'><strong>dilationem</strong></span> 
     </span>
    </p>
   </div>
   <div class='ocr_carea' id='block_1_70' title="bbox 406 3785 1975 3858">
    <p class='ocr_par' dir='ltr' id='par_1_70' title="bbox 406 3785 1975 3858">
     <span class='ocr_line' id='line_1_70' title="bbox 406 3785 1975 3858; baseline 0.008 -23"><span class='ocrx_word' id='word_1_491' title='bbox 406 3785 591 3853; x_wconf 84' lang='lat' dir='ltr'><strong>jndicii</strong></span> <span class='ocrx_word' id='word_1_492' title='bbox 621 3785 1039 3858; x_wconf 84' lang='lat' dir='ltr'><strong>abimperatore</strong></span> <span class='ocrx_word' id='word_1_493' title='bbox 1077 3785 1459 3858; x_wconf 70' lang='lat' dir='ltr'><strong>postulaverat.</strong></span> <span class='ocrx_word' id='word_1_494' title='bbox 1491 3793 1621 3846; x_wconf 87' lang='lat' dir='ltr'><strong>Nam</strong></span> <span class='ocrx_word' id='word_1_495' title='bbox 1649 3807 1769 3847; x_wconf 89' lang='lat' dir='ltr'><strong>enm</strong></span> <span class='ocrx_word' id='word_1_496' title='bbox 1795 3808 1824 3845; x_wconf 90' lang='lat' dir='ltr'><strong>a</strong></span> <span class='ocrx_word' id='word_1_497' title='bbox 1859 3793 1975 3848; x_wconf 79' lang='lat' dir='ltr'><strong>viro</strong></span> 
     </span>
    </p>
   </div>
   <div class='ocr_carea' id='block_1_71' title="bbox 408 3856 1970 3923">
    <p class='ocr_par' dir='ltr' id='par_1_71' title="bbox 408 3856 1970 3923">
     <span class='ocr_line' id='line_1_71' title="bbox 408 3856 1970 3923; baseline 0.005 -16"><span class='ocrx_word' id='word_1_498' title='bbox 408 3869 638 3920; x_wconf 90' lang='lat' dir='ltr'><strong>quocum</strong></span> <span class='ocrx_word' id='word_1_499' title='bbox 669 3856 956 3911; x_wconf 87' lang='lat' dir='ltr'><strong>divortium</strong></span> <span class='ocrx_word' id='word_1_500' title='bbox 1017 3856 1218 3914; x_wconf 83' lang='lat' dir='ltr'><strong>fecerat</strong></span> <span class='ocrx_word' id='word_1_501' title='bbox 1247 3900 1262 3923; x_wconf 88' lang='lat'><strong>.</strong></span> <span class='ocrx_word' id='word_1_502' title='bbox 1316 3874 1568 3917; x_wconf 84' lang='lat' dir='ltr'><strong>accusata</strong></span> <span class='ocrx_word' id='word_1_503' title='bbox 1621 3862 1813 3918; x_wconf 86' lang='lat' dir='ltr'><strong>fuisset</strong></span> <span class='ocrx_word' id='word_1_504' title='bbox 1854 3873 1970 3915; x_wconf 83' lang='lat' dir='ltr'><strong>tan-</strong></span> 
     </span>
    </p>
   </div>
   <div class='ocr_carea' id='block_1_72' title="bbox 408 3925 1972 3999">
    <p class='ocr_par' dir='ltr' id='par_1_72' title="bbox 408 3925 1972 3999">
     <span class='ocr_line' id='line_1_72' title="bbox 408 3925 1972 3999; baseline 0.007 -23"><span class='ocrx_word' id='word_1_505' title='bbox 408 3939 570 3999; x_wconf 83' lang='lat' dir='ltr'><strong>quam</strong></span> <span class='ocrx_word' id='word_1_506' title='bbox 617 3925 947 3999; x_wconf 86' lang='lat' dir='ltr'><strong>Christiana,</strong></span> <span class='ocrx_word' id='word_1_507' title='bbox 1008 3929 1078 3983; x_wconf 91' lang='lat' dir='ltr'><strong>ab</strong></span> <span class='ocrx_word' id='word_1_508' title='bbox 1130 3932 1459 3999; x_wconf 84' lang='lat' dir='ltr'><strong>imperatore</strong></span> <span class='ocrx_word' id='word_1_509' title='bbox 1510 3934 1822 3988; x_wconf 85' lang='lat' dir='ltr'><strong>dilationem</strong></span> <span class='ocrx_word' id='word_1_510' title='bbox 1869 3932 1972 3987; x_wconf 90' lang='lat' dir='ltr'><strong>sibi</strong></span> 
     </span>
    </p>
   </div>
   <div class='ocr_carea' id='block_1_73' title="bbox 409 3996 1973 4069">
    <p class='ocr_par' dir='ltr' id='par_1_73' title="bbox 409 3996 1973 4069">
     <span class='ocr_line' id='line_1_73' title="bbox 409 3996 1973 4069; baseline 0.005 -21"><span class='ocrx_word' id='word_1_511' title='bbox 409 3996 522 4048; x_wconf 87' lang='lat' dir='ltr'><strong>dari</strong></span> <span class='ocrx_word' id='word_1_512' title='bbox 553 3996 729 4064; x_wconf 88' lang='lat' dir='ltr'><strong>petiit,</strong></span> <span class='ocrx_word' id='word_1_513' title='bbox 753 4007 811 4050; x_wconf 89' lang='lat' dir='ltr'><strong>ut</strong></span> <span class='ocrx_word' id='word_1_514' title='bbox 835 4014 948 4052; x_wconf 90' lang='lat' dir='ltr'><strong>rem</strong></span> <span class='ocrx_word' id='word_1_515' title='bbox 979 3996 1302 4054; x_wconf 75' lang='lat' dir='ltr'><strong>familiarem</strong></span> <span class='ocrx_word' id='word_1_516' title='bbox 1340 4004 1486 4069; x_wconf 88' lang='lat' dir='ltr'><strong>prius</strong></span> <span class='ocrx_word' id='word_1_517' title='bbox 1508 4005 1823 4066; x_wconf 88' lang='lat' dir='ltr'><strong>ordinaret,</strong></span> <span class='ocrx_word' id='word_1_518' title='bbox 1886 4018 1973 4056; x_wconf 86' lang='lat' dir='ltr'><strong>re-</strong></span> 
     </span>
    </p>
   </div>
   <div class='ocr_carea' id='block_1_74' title="bbox 406 4069 1974 4143">
    <p class='ocr_par' dir='ltr' id='par_1_74' title="bbox 406 4069 1974 4143">
     <span class='ocr_line' id='line_1_74' title="bbox 406 4069 1974 4143; baseline 0.006 -25"><span class='ocrx_word' id='word_1_519' title='bbox 406 4080 672 4143; x_wconf 70' lang='lat' dir='ltr'><strong>sponsura</strong></span> <span class='ocrx_word' id='word_1_520' title='bbox 690 4077 815 4143; x_wconf 89' lang='lat' dir='ltr'><strong>po_s_t_</strong></span> <span class='ocrx_word' id='word_1_521' title='bbox 833 4069 946 4143; x_wconf 71' lang='lat' dir='ltr'><strong>haec</strong></span> <span class='ocrx_word' id='word_1_522' title='bbox 970 4072 1326 4143; x_wconf 77' lang='lat' dir='ltr'><strong>accusationi.</strong></span> <span class='ocrx_word' id='word_1_523' title='bbox 1353 4071 1608 4126; x_wconf 86' lang='lat' dir='ltr'><strong>Solebant</strong></span> <span class='ocrx_word' id='word_1_524' title='bbox 1624 4076 1822 4143; x_wconf 82' lang='lat' dir='ltr'><strong>quippe</strong></span> <span class='ocrx_word' id='word_1_525' title='bbox 1834 4074 1974 4141; x_wconf 84' lang='lat' dir='ltr'><strong>apml</strong></span> 
     </span>
    </p>
   </div>
   <div class='ocr_carea' id='block_1_75' title="bbox 411 4135 1972 4210">
    <p class='ocr_par' dir='ltr' id='par_1_75' title="bbox 411 4135 1972 4210">
     <span class='ocr_line' id='line_1_75' title="bbox 411 4135 1972 4210; baseline 0.006 -23"><span class='ocrx_word' id='word_1_526' title='bbox 411 4135 704 4210; x_wconf 71' lang='lat' dir='ltr'><strong>Romanos</strong></span> <span class='ocrx_word' id='word_1_527' title='bbox 744 4138 1038 4192; x_wconf 87' lang='lat' dir='ltr'><strong>dilationes</strong></span> <span class='ocrx_word' id='word_1_528' title='bbox 1090 4141 1313 4195; x_wconf 89' lang='lat' dir='ltr'><strong>concedi</strong></span> <span class='ocrx_word' id='word_1_529' title='bbox 1369 4158 1533 4195; x_wconf 89' lang='lat' dir='ltr'><strong>causa</strong></span> <span class='ocrx_word' id='word_1_530' title='bbox 1572 4135 1820 4210; x_wconf 64' lang='lat' dir='ltr'><strong>cognita,</strong></span> <span class='ocrx_word' id='word_1_531' title='bbox 1866 4135 1972 4196; x_wconf 78' lang='lat' dir='ltr'><strong>tam</strong></span> 
     </span>
    </p>
   </div>
   <div class='ocr_carea' id='block_1_76' title="bbox 407 4208 1976 4282">
    <p class='ocr_par' dir='ltr' id='par_1_76' title="bbox 407 4208 1976 4282">
     <span class='ocr_line' id='line_1_76' title="bbox 407 4208 1976 4282; baseline 0.004 -25"><span class='ocrx_word' id='word_1_532' title='bbox 407 4208 516 4282; x_wconf 83' lang='lat' dir='ltr'><strong>reis</strong></span> <span class='ocrx_word' id='word_1_533' title='bbox 550 4222 732 4282; x_wconf 60' lang='lat' dir='ltr'><strong>quam</strong></span> <span class='ocrx_word' id='word_1_534' title='bbox 756 4211 1213 4282; x_wconf 48' lang='lat' dir='ltr'><strong>accusatoribus,</strong></span> <span class='ocrx_word' id='word_1_535' title='bbox 1238 4222 1315 4282; x_wconf 61' lang='lat' dir='ltr'><strong>ut</strong></span> <span class='ocrx_word' id='word_1_536' title='bbox 1354 4211 1550 4282; x_wconf 84' lang='lat' dir='ltr'><strong>docent</strong></span> <span class='ocrx_word' id='word_1_537' title='bbox 1588 4208 1732 4282; x_wconf 59' lang='lat' dir='ltr'><strong>leges</strong></span> <span class='ocrx_word' id='word_1_538' title='bbox 1773 4208 1823 4266; x_wconf 89' lang='lat' dir='ltr'><strong>in</strong></span> <span class='ocrx_word' id='word_1_539' title='bbox 1871 4215 1976 4266; x_wconf 76' lang='lat' dir='ltr'><strong>Cu-</strong></span> 
     </span>
    </p>
   </div>
   <div class='ocr_carea' id='block_1_77' title="bbox 407 4276 1974 4353">
    <p class='ocr_par' dir='ltr' id='par_1_77' title="bbox 407 4276 1974 4353">
     <span class='ocr_line' id='line_1_77' title="bbox 407 4276 1974 4353; baseline 0.004 -23"><span class='ocrx_word' id='word_1_540' title='bbox 407 4278 526 4353; x_wconf 67' lang='lat' dir='ltr'><strong>dice</strong></span> <span class='ocrx_word' id='word_1_541' title='bbox 549 4276 947 4353; x_wconf 56' lang='lat' dir='ltr'><strong>:l‘lteodosiano.</strong></span> <span class='ocrx_word' id='word_1_542' title='bbox 971 4279 1123 4353; x_wconf 76' lang='lat' dir='ltr'><strong>titulo</strong></span> <span class='ocrx_word' id='word_1_543' title='bbox 1149 4280 1238 4342; x_wconf 81' lang='grc'><strong>56,</strong></span> <span class='ocrx_word' id='word_1_544' title='bbox 1274 4278 1339 4332; x_wconf 87' lang='lat' dir='ltr'><strong>Ut</strong></span> <span class='ocrx_word' id='word_1_545' title='bbox 1370 4281 1515 4353; x_wconf 73' lang='lat' dir='ltr'><strong>intra</strong></span> <span class='ocrx_word' id='word_1_546' title='bbox 1541 4276 1974 4353; x_wconf 40' lang='lat' dir='ltr'><strong>ann&#39;umquazstio</strong></span> 
     </span>
    </p>
   </div>
   <div class='ocr_carea' id='block_1_78' title="bbox 408 4346 1976 4418">
    <p class='ocr_par' dir='ltr' id='par_1_78' title="bbox 408 4346 1976 4418">
     <span class='ocr_line' id='line_1_78' title="bbox 408 4346 1976 4418; baseline 0.006 -21"><span class='ocrx_word' id='word_1_547' title='bbox 408 4346 699 4418; x_wconf 65' lang='lat' dir='ltr'><strong>eriminalis</strong></span> <span class='ocrx_word' id='word_1_548' title='bbox 729 4349 1055 4402; x_wconf 73' lang='lat' dir='ltr'><strong>terminatur.</strong></span> <span class='ocrx_word' id='word_1_549' title='bbox 1089 4349 1194 4403; x_wconf 79' lang='lat' dir='ltr'><strong>Sed</strong></span> <span class='ocrx_word' id='word_1_550' title='bbox 1227 4351 1393 4417; x_wconf 77' lang='lat' dir='ltr'><strong>quaeri</strong></span> <span class='ocrx_word' id='word_1_551' title='bbox 1422 4362 1601 4418; x_wconf 89' lang='lat' dir='ltr'><strong>potest</strong></span> <span class='ocrx_word' id='word_1_552' title='bbox 1643 4368 1744 4407; x_wconf 88' lang='lat' dir='ltr'><strong>cur</strong></span> <span class='ocrx_word' id='word_1_553' title='bbox 1768 4346 1976 4407; x_wconf 47' lang='lat' dir='ltr'><strong>&#39;mulier</strong></span> 
     </span>
    </p>
   </div>
   <div class='ocr_carea' id='block_1_79' title="bbox 407 4416 1972 4487">
    <p class='ocr_par' dir='ltr' id='par_1_79' title="bbox 407 4416 1972 4487">
     <span class='ocr_line' id='line_1_79' title="bbox 407 4416 1972 4487; baseline 0.006 -20"><span class='ocrx_word' id='word_1_554' title='bbox 407 4416 787 4487; x_wconf 80' lang='lat' dir='ltr'><strong>imperatorem</strong></span> <span class='ocrx_word' id='word_1_555' title='bbox 811 4418 1028 4479; x_wconf 86' lang='lat' dir='ltr'><strong>adierit,</strong></span> <span class='ocrx_word' id='word_1_556' title='bbox 1068 4436 1190 4474; x_wconf 86' lang='lat' dir='ltr'><strong>cum</strong></span> <span class='ocrx_word' id='word_1_557' title='bbox 1219 4416 1541 4487; x_wconf 83' lang='lat' dir='ltr'><strong>ajudicibus</strong></span> <span class='ocrx_word' id='word_1_558' title='bbox 1578 4424 1872 4478; x_wconf 89' lang='lat' dir='ltr'><strong>ordinariis</strong></span> <span class='ocrx_word' id='word_1_559' title='bbox 1905 4424 1972 4477; x_wconf 88' lang='lat' dir='ltr'><strong>ad</strong></span> 
     </span>
    </p>
   </div>
   <div class='ocr_carea' id='block_1_80' title="bbox 408 4486 1972 4564">
    <p class='ocr_par' dir='ltr' id='par_1_80' title="bbox 408 4486 1972 4564">
     <span class='ocr_line' id='line_1_80' title="bbox 408 4486 1972 4564; baseline 0.006 -30"><span class='ocrx_word' id='word_1_560' title='bbox 408 4502 545 4552; x_wconf 78' lang='lat' dir='ltr'><strong>quos</strong></span> <span class='ocrx_word' id='word_1_561' title='bbox 572 4486 748 4564; x_wconf 79' lang='lat' dir='ltr'><strong>delata</strong></span> <span class='ocrx_word' id='word_1_562' title='bbox 777 4501 936 4564; x_wconf 67' lang='lat' dir='ltr'><strong>erant</strong></span> <span class='ocrx_word' id='word_1_563' title='bbox 965 4491 1221 4564; x_wconf 85' lang='lat' dir='ltr'><strong>crimina,</strong></span> <span class='ocrx_word' id='word_1_564' title='bbox 1259 4491 1562 4564; x_wconf 86' lang='lat' dir='ltr'><strong>hujusmodi</strong></span> <span class='ocrx_word' id='word_1_565' title='bbox 1613 4496 1842 4548; x_wconf 58' lang='lat' dir='ltr'><strong>induciae</strong></span> <span class='ocrx_word' id='word_1_566' title='bbox 1879 4513 1972 4564; x_wconf 71' lang='lat' dir='ltr'><strong>pe-</strong></span> 
     </span>
    </p>
   </div>
   <div class='ocr_carea' id='block_1_81' title="bbox 2086 3333 3657 3406">
    <p class='ocr_par' dir='ltr' id='par_1_81' title="bbox 2086 3333 3657 3406">
     <span class='ocr_line' id='line_1_81' title="bbox 2086 3333 3657 3406; baseline 0.001 -19"><span class='ocrx_word' id='word_1_567' title='bbox 2086 3333 2272 3396; x_wconf 80' lang='grc' dir='ltr'><strong>ἁπλῶς</strong></span> <span class='ocrx_word' id='word_1_568' title='bbox 2305 3333 2547 3405; x_wconf 83' lang='grc' dir='ltr'><strong>ἀδίκημά</strong></span> <span class='ocrx_word' id='word_1_569' title='bbox 2569 3352 2621 3386; x_wconf 88' lang='grc' dir='ltr'><strong>τι</strong></span> <span class='ocrx_word' id='word_1_570' title='bbox 2656 3335 2937 3405; x_wconf 79' lang='grc' dir='ltr'><strong>πράξαντα</strong></span> <span class='ocrx_word' id='word_1_571' title='bbox 2970 3334 3325 3406; x_wconf 75' lang='grc' dir='ltr'><strong>ἐλεγχόμενον</strong></span> <span class='ocrx_word' id='word_1_572' title='bbox 3345 3375 3360 3398; x_wconf 94' lang='grc'><strong>,</strong></span> <span class='ocrx_word' id='word_1_573' title='bbox 3390 3334 3657 3406; x_wconf 80' lang='grc' dir='ltr'><strong>ὀνόματος</strong></span> 
     </span>
    </p>
   </div>
   <div class='ocr_carea' id='block_1_82' title="bbox 2081 3425 3655 3498">
    <p class='ocr_par' dir='ltr' id='par_1_82' title="bbox 2081 3425 3655 3498">
     <span class='ocr_line' id='line_1_82' title="bbox 2081 3425 3655 3498; baseline -0.001 -17"><span class='ocrx_word' id='word_1_574' title='bbox 2081 3425 2140 3481; x_wconf 81' lang='grc' dir='ltr'><strong>δὲ</strong></span> <span class='ocrx_word' id='word_1_575' title='bbox 2172 3426 2494 3497; x_wconf 86' lang='grc' dir='ltr'><strong>Χριστιανοῦ</strong></span> <span class='ocrx_word' id='word_1_576' title='bbox 2526 3426 2910 3498; x_wconf 77' lang='grc' dir='ltr'><strong>προσωνυμίαν</strong></span> <span class='ocrx_word' id='word_1_577' title='bbox 2935 3426 3298 3497; x_wconf 81' lang='grc' dir='ltr'><strong>ὁμολογοῦντα</strong></span> <span class='ocrx_word' id='word_1_578' title='bbox 3324 3426 3416 3480; x_wconf 72' lang='grc' dir='ltr'><strong>τὸν</strong></span> <span class='ocrx_word' id='word_1_579' title='bbox 3440 3425 3655 3498; x_wconf 79' lang='grc' dir='ltr'><strong>ἄνθρω-</strong></span> 
     </span>
    </p>
   </div>
   <div class='ocr_carea' id='block_1_83' title="bbox 2085 3634 3658 3770">
    <p class='ocr_par' dir='ltr' id='par_1_83' title="bbox 2085 3634 3658 3770">
     <span class='ocr_line' id='line_1_83' title="bbox 2085 3634 3658 3770; baseline 0.003 -71"><span class='ocrx_word' id='word_1_580' title='bbox 2085 3634 2350 3770; x_wconf 61' lang='grc' dir='ltr'><strong>οπὸρότερον</strong></span> <span class='ocrx_word' id='word_1_581' title='bbox 2406 3644 2829 3719; x_wconf 81' lang='grc' dir='ltr'><strong>συγχωρηθῆναι</strong></span> <span class='ocrx_word' id='word_1_582' title='bbox 2887 3645 2955 3699; x_wconf 83' lang='grc' dir='ltr'><strong>τὰ</strong></span> <span class='ocrx_word' id='word_1_583' title='bbox 3004 3649 3125 3700; x_wconf 84' lang='grc' dir='ltr'><strong>κατ’</strong></span> <span class='ocrx_word' id='word_1_584' title='bbox 3161 3647 3331 3720; x_wconf 79' lang='grc' dir='ltr'><strong>αὐτὴν</strong></span> <span class='ocrx_word' id='word_1_585' title='bbox 3382 3646 3658 3721; x_wconf 75' lang='grc' dir='ltr'><strong>διοικήσα-</strong></span> 
     </span>
     <span class='ocr_line' id='line_1_84' title="bbox 2085 3734 2221 3770; baseline 0 0"><span class='ocrx_word' id='word_1_586' title='bbox 2085 3734 2107 3770; x_wconf 76' lang='lat'><strong>:</strong></span> <span class='ocrx_word' id='word_1_587' title='bbox 2144 3734 2221 3770; x_wconf 90' lang='grc' dir='ltr'><strong>αι.</strong></span> 
     </span>
    </p>
   </div>
   <div class='ocr_carea' id='block_1_84' title="bbox 2075 3734 2221 3773">
    <p class='ocr_par' dir='ltr' id='par_1_84' title="bbox 2075 3734 2221 3773">
     <span class='ocr_line' id='line_1_85' title="bbox 2075 3734 2221 3773; baseline 0.021 -3"><span class='ocrx_word' id='word_1_588' title='bbox 2075 3734 2221 3773; x_wconf 81' lang='grc' dir='ltr'><strong>συαι.</strong></span> 
     </span>
    </p>
   </div>
   <div class='ocr_carea' id='block_1_85' title="bbox 2146 3783 3647 3858">
    <p class='ocr_par' dir='ltr' id='par_1_85' title="bbox 2146 3783 3647 3858">
     <span class='ocr_line' id='line_1_86' title="bbox 2146 3783 3647 3858; baseline 0.002 -18"><span class='ocrx_word' id='word_1_589' title='bbox 2146 3789 2222 3858; x_wconf 63' lang='grc' dir='ltr'><strong>(ὅ)</strong></span> <span class='ocrx_word' id='word_1_590' title='bbox 2240 3783 2451 3858; x_wconf 15' lang='grc' dir='ltr'><em>,Τᾳνῦν</em></span> <span class='ocrx_word' id='word_1_591' title='bbox 2478 3784 2569 3858; x_wconf 67' lang='grc' dir='ltr'><strong>ἔτι</strong></span> <span class='ocrx_word' id='word_1_592' title='bbox 2589 3784 2814 3858; x_wconf 59' lang='grc' dir='ltr'><strong>λέγειν.</strong></span> <span class='ocrx_word' id='word_1_593' title='bbox 2840 3785 2893 3838; x_wconf 89' lang='lat' dir='ltr'><strong>ld</strong></span> <span class='ocrx_word' id='word_1_594' title='bbox 2920 3797 3003 3840; x_wconf 91' lang='lat' dir='ltr'><strong>est</strong></span> <span class='ocrx_word' id='word_1_595' title='bbox 3034 3802 3048 3839; x_wconf 90' lang='lat'><strong>:</strong></span> <span class='ocrx_word' id='word_1_596' title='bbox 3109 3786 3317 3841; x_wconf 90' lang='lat' dir='ltr'><strong>Interea</strong></span> <span class='ocrx_word' id='word_1_597' title='bbox 3361 3789 3647 3858; x_wconf 87' lang='lat' dir='ltr'><strong>temporis,</strong></span> 
     </span>
    </p>
   </div>
   <div class='ocr_carea' id='block_1_86' title="bbox 2075 3855 3647 3925">
    <p class='ocr_par' dir='ltr' id='par_1_86' title="bbox 2075 3855 3647 3925">
     <span class='ocr_line' id='line_1_87' title="bbox 2075 3855 3647 3925; baseline 0.003 -17"><span class='ocrx_word' id='word_1_598' title='bbox 2075 3855 2253 3925; x_wconf 82' lang='lat' dir='ltr'><strong>quoad</strong></span> <span class='ocrx_word' id='word_1_599' title='bbox 2276 3855 2465 3925; x_wconf 83' lang='lat' dir='ltr'><strong>dilatio</strong></span> <span class='ocrx_word' id='word_1_600' title='bbox 2497 3855 2565 3908; x_wconf 91' lang='lat' dir='ltr'><strong>ab</strong></span> <span class='ocrx_word' id='word_1_601' title='bbox 2588 3856 2918 3925; x_wconf 86' lang='lat' dir='ltr'><strong>imperatore</strong></span> <span class='ocrx_word' id='word_1_602' title='bbox 2956 3871 3217 3913; x_wconf 87' lang='lat' dir='ltr'><strong>concessa</strong></span> <span class='ocrx_word' id='word_1_603' title='bbox 3269 3858 3432 3912; x_wconf 83' lang='lat' dir='ltr'><strong>tinem</strong></span> <span class='ocrx_word' id='word_1_604' title='bbox 3477 3855 3647 3913; x_wconf 73' lang='lat' dir='ltr'><strong>acce-</strong></span> 
     </span>
    </p>
   </div>
   <div class='ocr_carea' id='block_1_87' title="bbox 2076 3923 3649 3996">
    <p class='ocr_par' dir='ltr' id='par_1_87' title="bbox 2076 3923 3649 3996">
     <span class='ocr_line' id='line_1_88' title="bbox 2076 3923 3649 3996; baseline 0.001 -17"><span class='ocrx_word' id='word_1_605' title='bbox 2076 3923 2269 3996; x_wconf 81' lang='lat' dir='ltr'><strong>pisset.</strong></span> <span class='ocrx_word' id='word_1_606' title='bbox 2298 3923 2490 3996; x_wconf 84' lang='lat' dir='ltr'><strong>Mulier</strong></span> <span class='ocrx_word' id='word_1_607' title='bbox 2512 3923 3001 3980; x_wconf 32' lang='lat' dir='ltr'><strong>euim’dilationem</strong></span> <span class='ocrx_word' id='word_1_608' title='bbox 3031 3943 3060 3980; x_wconf 91' lang='lat' dir='ltr'><strong>a</strong></span> <span class='ocrx_word' id='word_1_609' title='bbox 3094 3928 3341 3996; x_wconf 87' lang='lat' dir='ltr'><strong>principe</strong></span> <span class='ocrx_word' id='word_1_610' title='bbox 3389 3929 3649 3996; x_wconf 81' lang='lat' dir='ltr'><strong>impetra-</strong></span> 
     </span>
    </p>
   </div>
   <div class='ocr_carea' id='block_1_88' title="bbox 2074 3995 3647 4063">
    <p class='ocr_par' dir='ltr' id='par_1_88' title="bbox 2074 3995 3647 4063">
     <span class='ocr_line' id='line_1_89' title="bbox 2074 3995 3647 4063; baseline 0.004 -16"><span class='ocrx_word' id='word_1_611' title='bbox 2074 3995 2247 4059; x_wconf 80' lang='lat' dir='ltr'><strong>verat,</strong></span> <span class='ocrx_word' id='word_1_612' title='bbox 2280 4010 2402 4049; x_wconf 92' lang='lat' dir='ltr'><strong>cum</strong></span> <span class='ocrx_word' id='word_1_613' title='bbox 2427 3995 2573 4063; x_wconf 88' lang='lat' dir='ltr'><strong>justa</strong></span> <span class='ocrx_word' id='word_1_614' title='bbox 2603 4005 2750 4049; x_wconf 86' lang='lat' dir='ltr'><strong>esset</strong></span> <span class='ocrx_word' id='word_1_615' title='bbox 2784 3997 2904 4063; x_wconf 87' lang='lat' dir='ltr'><strong>ejus</strong></span> <span class='ocrx_word' id='word_1_616' title='bbox 2942 3998 3132 4063; x_wconf 85' lang='lat' dir='ltr'><strong>petitio</strong></span> <span class='ocrx_word' id='word_1_617' title='bbox 3162 4015 3176 4052; x_wconf 91' lang='lat'><strong>:</strong></span> <span class='ocrx_word' id='word_1_618' title='bbox 3218 3995 3287 4053; x_wconf 89' lang='lat' dir='ltr'><strong>ne</strong></span> <span class='ocrx_word' id='word_1_619' title='bbox 3321 3995 3533 4052; x_wconf 89' lang='lat' dir='ltr'><strong>scilicet</strong></span> <span class='ocrx_word' id='word_1_620' title='bbox 3576 4012 3647 4053; x_wconf 78' lang='lat' dir='ltr'><strong>ex</strong></span> 
     </span>
    </p>
   </div>
   <div class='ocr_carea' id='block_1_89' title="bbox 2077 4063 3650 4137">
    <p class='ocr_par' dir='ltr' id='par_1_89' title="bbox 2077 4063 3650 4137">
     <span class='ocr_line' id='line_1_90' title="bbox 2077 4063 3650 4137; baseline 0.002 -18"><span class='ocrx_word' id='word_1_621' title='bbox 2077 4065 2346 4137; x_wconf 83' lang='lat' dir='ltr'><strong>calumnia</strong></span> <span class='ocrx_word' id='word_1_622' title='bbox 2381 4065 2481 4118; x_wconf 87' lang='lat' dir='ltr'><strong>viri</strong></span> <span class='ocrx_word' id='word_1_623' title='bbox 2510 4078 2541 4117; x_wconf 90' lang='lat' dir='ltr'><strong>a</strong></span> <span class='ocrx_word' id='word_1_624' title='bbox 2574 4063 2734 4137; x_wconf 78' lang='lat' dir='ltr'><strong>cujus</strong></span> <span class='ocrx_word' id='word_1_625' title='bbox 2762 4067 3038 4137; x_wconf 85' lang='lat' dir='ltr'><strong>consortio</strong></span> <span class='ocrx_word' id='word_1_626' title='bbox 3067 4068 3139 4121; x_wconf 91' lang='lat' dir='ltr'><strong>ob</strong></span> <span class='ocrx_word' id='word_1_627' title='bbox 3190 4066 3485 4137; x_wconf 79' lang='lat' dir='ltr'><strong>legitimam</strong></span> <span class='ocrx_word' id='word_1_628' title='bbox 3511 4082 3650 4122; x_wconf 88' lang='lat' dir='ltr'><strong>cau-</strong></span> 
     </span>
    </p>
   </div>
   <div class='ocr_carea' id='block_1_90' title="bbox 2077 4134 3649 4206">
    <p class='ocr_par' dir='ltr' id='par_1_90' title="bbox 2077 4134 3649 4206">
     <span class='ocr_line' id='line_1_91' title="bbox 2077 4134 3649 4206; baseline 0.004 -21"><span class='ocrx_word' id='word_1_629' title='bbox 2077 4135 2566 4206; x_wconf 71' lang='lat' dir='ltr'><strong>samdiscesserat,</strong></span> <span class='ocrx_word' id='word_1_630' title='bbox 2602 4135 2677 4187; x_wconf 87' lang='lat' dir='ltr'><strong>rei</strong></span> <span class='ocrx_word' id='word_1_631' title='bbox 2712 4134 2997 4206; x_wconf 84' lang='lat' dir='ltr'><strong>familiaris</strong></span> <span class='ocrx_word' id='word_1_632' title='bbox 3043 4134 3381 4206; x_wconf 78' lang='lat' dir='ltr'><strong>dispendium</strong></span> <span class='ocrx_word' id='word_1_633' title='bbox 3428 4148 3649 4206; x_wconf 88' lang='lat' dir='ltr'><strong>patere-</strong></span> 
     </span>
    </p>
   </div>
   <div class='ocr_carea' id='block_1_91' title="bbox 2080 4203 3650 4276">
    <p class='ocr_par' dir='ltr' id='par_1_91' title="bbox 2080 4203 3650 4276">
     <span class='ocr_line' id='line_1_92' title="bbox 2080 4203 3650 4276; baseline 0.003 -19"><span class='ocrx_word' id='word_1_634' title='bbox 2080 4214 2184 4257; x_wconf 89' lang='lat' dir='ltr'><strong>tur.</strong></span> <span class='ocrx_word' id='word_1_635' title='bbox 2211 4203 2334 4259; x_wconf 66' lang='lat' dir='ltr'><strong>Haec</strong></span> <span class='ocrx_word' id='word_1_636' title='bbox 2362 4205 2581 4260; x_wconf 82' lang='lat' dir='ltr'><strong>uberius</strong></span> <span class='ocrx_word' id='word_1_637' title='bbox 2612 4204 2934 4276; x_wconf 73' lang='lat' dir='ltr'><strong>explicanda</strong></span> <span class='ocrx_word' id='word_1_638' title='bbox 2962 4203 3150 4272; x_wconf 74' lang='lat' dir='ltr'><strong>erant,</strong></span> <span class='ocrx_word' id='word_1_639' title='bbox 3200 4212 3327 4275; x_wconf 86' lang='lat' dir='ltr'><strong>quia</strong></span> <span class='ocrx_word' id='word_1_640' title='bbox 3377 4203 3650 4276; x_wconf 70' lang='lat' dir='ltr'><strong>interpre-</strong></span> 
     </span>
    </p>
   </div>
   <div class='ocr_carea' id='block_1_92' title="bbox 2078 4274 3513 4342">
    <p class='ocr_par' dir='ltr' id='par_1_92' title="bbox 2078 4274 3513 4342">
     <span class='ocr_line' id='line_1_93' title="bbox 2078 4274 3513 4342; baseline 0.001 -15"><span class='ocrx_word' id='word_1_641' title='bbox 2078 4282 2158 4329; x_wconf 85' lang='lat' dir='ltr'><strong>tes</strong></span> <span class='ocrx_word' id='word_1_642' title='bbox 2183 4290 2368 4341; x_wconf 89' lang='lat' dir='ltr'><strong>parum</strong></span> <span class='ocrx_word' id='word_1_643' title='bbox 2407 4283 2500 4326; x_wconf 89' lang='lat' dir='ltr'><strong>aut</strong></span> <span class='ocrx_word' id='word_1_644' title='bbox 2529 4274 2706 4342; x_wconf 90' lang='lat' dir='ltr'><strong>potius</strong></span> <span class='ocrx_word' id='word_1_645' title='bbox 2729 4274 2858 4327; x_wconf 85' lang='lat' dir='ltr'><strong>nihil</strong></span> <span class='ocrx_word' id='word_1_646' title='bbox 2877 4277 3104 4342; x_wconf 86' lang='lat' dir='ltr'><strong>omnino</strong></span> <span class='ocrx_word' id='word_1_647' title='bbox 3132 4274 3230 4331; x_wconf 13' lang='lat' dir='ltr'><strong>hic,</strong></span> <span class='ocrx_word' id='word_1_648' title='bbox 3245 4278 3513 4331; x_wconf 84' lang='lat' dir='ltr'><strong>viderunt.</strong></span> 
     </span>
    </p>
   </div>
   <div class='ocr_carea' id='block_1_93' title="bbox 2082 4341 3649 4414">
    <p class='ocr_par' dir='ltr' id='par_1_93' title="bbox 2082 4341 3649 4414">
     <span class='ocr_line' id='line_1_94' title="bbox 2082 4341 3649 4414; baseline 0.003 -17"><span class='ocrx_word' id='word_1_649' title='bbox 2082 4396 2094 4409; x_wconf 79' lang='grc'><strong>,</strong></span> <span class='ocrx_word' id='word_1_650' title='bbox 2148 4343 2222 4414; x_wconf 72' lang='grc'><strong>(4)</strong></span> <span class='ocrx_word' id='word_1_651' title='bbox 2249 4343 2379 4414; x_wconf 61' lang='grc' dir='ltr'><strong>⁷ῘΟτιις</strong></span> <span class='ocrx_word' id='word_1_652' title='bbox 2398 4344 2496 4397; x_wconf 83' lang='grc' dir='ltr'><strong>ἐπὶ</strong></span> <span class='ocrx_word' id='word_1_653' title='bbox 2514 4341 2839 4410; x_wconf 80' lang='grc' dir='ltr'><strong>Ὀὑρϐίκιον</strong></span> <span class='ocrx_word' id='word_1_654' title='bbox 2858 4341 3061 4414; x_wconf 76' lang='grc' dir='ltr'><strong>ἦλθεν.</strong></span> <span class='ocrx_word' id='word_1_655' title='bbox 3092 4347 3144 4399; x_wconf 90' lang='lat' dir='ltr'><strong>In</strong></span> <span class='ocrx_word' id='word_1_656' title='bbox 3178 4349 3363 4401; x_wconf 86' lang='lat' dir='ltr'><strong>codice</strong></span> <span class='ocrx_word' id='word_1_657' title='bbox 3395 4346 3649 4402; x_wconf 74' lang='lat' dir='ltr'><strong>Medicam</strong></span> 
     </span>
    </p>
   </div>
   <div class='ocr_carea' id='block_1_94' title="bbox 2074 4412 3646 4488">
    <p class='ocr_par' dir='ltr' id='par_1_94' title="bbox 2074 4412 3646 4488">
     <span class='ocr_line' id='line_1_95' title="bbox 2074 4412 3646 4488; baseline 0.001 -20"><span class='ocrx_word' id='word_1_658' title='bbox 2074 4412 2784 4488; x_wconf 25' lang='lat' dir='ltr'><strong>et‘Euketiandscrtptum</strong></span> <span class='ocrx_word' id='word_1_659' title='bbox 2821 4412 2942 4488; x_wconf 58' lang='lat' dir='ltr'><strong>est</strong></span> <span class='ocrx_word' id='word_1_660' title='bbox 2993 4417 3085 4469; x_wconf 73' lang='grc' dir='ltr'><strong>ἐπὶ</strong></span> <span class='ocrx_word' id='word_1_661' title='bbox 3139 4416 3429 4488; x_wconf 79' lang='grc' dir='ltr'><strong>Ούρόίκιον</strong></span> <span class='ocrx_word' id='word_1_662' title='bbox 3481 4415 3646 4487; x_wconf 71' lang='grc' dir='ltr'><strong>ἢχθη,</strong></span> 
     </span>
    </p>
   </div>
   <div class='ocr_carea' id='block_1_95' title="bbox 2077 4483 3647 4556">
    <p class='ocr_par' dir='ltr' id='par_1_95' title="bbox 2077 4483 3647 4556">
     <span class='ocr_line' id='line_1_96' title="bbox 2077 4483 3647 4556; baseline 0.001 -18"><span class='ocrx_word' id='word_1_663' title='bbox 2077 4485 2420 4556; x_wconf 65' lang='lat' dir='ltr'><strong>quodmagis</strong></span> <span class='ocrx_word' id='word_1_664' title='bbox 2453 4483 2833 4556; x_wconf 31' lang='lat' dir='ltr'><strong>placetaApud</strong></span> <span class='ocrx_word' id='word_1_665' title='bbox 2863 4483 3231 4556; x_wconf 73' lang='lat' dir='ltr'><strong>Nicephorum</strong></span> <span class='ocrx_word' id='word_1_666' title='bbox 3265 4502 3479 4556; x_wconf 84' lang='lat' dir='ltr'><strong>quoque</strong></span> <span class='ocrx_word' id='word_1_667' title='bbox 3497 4483 3647 4556; x_wconf 9' lang='lat' dir='ltr'><strong>illegi-</strong></span> 
     </span>
    </p>
   </div>
   <div class='ocr_carea' id='block_1_96' title="bbox 407 4552 1986 4630">
    <p class='ocr_par' dir='ltr' id='par_1_96' title="bbox 407 4552 1971 4630">
     <span class='ocr_line' id='line_1_97' title="bbox 407 4552 1971 4630; baseline 0.007 -24"><span class='ocrx_word' id='word_1_668' title='bbox 407 4565 670 4610; x_wconf 88' lang='lat' dir='ltr'><strong>terentur.</strong></span> <span class='ocrx_word' id='word_1_669' title='bbox 694 4556 785 4630; x_wconf 62' lang='lat' dir='ltr'><strong>A_n&#39;</strong></span> <span class='ocrx_word' id='word_1_670' title='bbox 816 4557 1136 4629; x_wconf 83' lang='lat' dir='ltr'><strong>forlejndex</strong></span> <span class='ocrx_word' id='word_1_671' title='bbox 1162 4552 1400 4627; x_wconf 75' lang='lat' dir='ltr'><strong>poscenti</strong></span> <span class='ocrx_word' id='word_1_672' title='bbox 1428 4563 1635 4616; x_wconf 85' lang='lat' dir='ltr'><strong>mulieri</strong></span> <span class='ocrx_word' id='word_1_673' title='bbox 1662 4552 1971 4620; x_wconf 70' lang='lat' dir='ltr'><strong>dilationem</strong></span> 
     </span>
    </p>
   </div>
   <div class='ocr_carea' id='block_1_97' title="bbox 2084 4552 3651 4630">
    <p class='ocr_par' dir='ltr' id='par_1_97' title="bbox 2084 4552 3651 4630">
     <span class='ocr_line' id='line_1_98' title="bbox 2084 4552 3651 4630; baseline 0.003 -24"><span class='ocrx_word' id='word_1_674' title='bbox 2084 4564 2182 4617; x_wconf 91' lang='lat' dir='ltr'><strong>tur,</strong></span> <span class='ocrx_word' id='word_1_675' title='bbox 2207 4552 2312 4630; x_wconf 44' lang='grc' dir='ltr'><strong>ὡς.</strong></span> <span class='ocrx_word' id='word_1_676' title='bbox 2329 4553 2385 4606; x_wconf 86' lang='grc' dir='ltr'><strong>δὲ</strong></span> <span class='ocrx_word' id='word_1_677' title='bbox 2426 4553 2731 4630; x_wconf 69' lang='grc' dir='ltr'><strong>τελευταῖον</strong></span> <span class='ocrx_word' id='word_1_678' title='bbox 2761 4552 3044 4630; x_wconf 43' lang='grc' dir='ltr'><strong>-Ούρϐικίῳ</strong></span> <span class='ocrx_word' id='word_1_679' title='bbox 3095 4552 3410 4630; x_wconf 50' lang='grc' dir='ltr'><strong>προσήχθηί</strong></span> <span class='ocrx_word' id='word_1_680' title='bbox 3437 4555 3516 4630; x_wconf 82' lang='grc' dir='ltr'><strong>τῷ</strong></span> <span class='ocrx_word' id='word_1_681' title='bbox 3536 4552 3651 4630; x_wconf 37' lang='grc' dir='ltr'><strong>’ἀρ-</strong></span> 
     </span>
    </p>
   </div>
   <div class='ocr_carea' id='block_1_98' title="bbox 404 4628 1975 4703">
    <p class='ocr_par' dir='ltr' id='par_1_98' title="bbox 404 4628 1975 4703">
     <span class='ocr_line' id='line_1_99' title="bbox 404 4628 1975 4703; baseline 0.006 -24"><span class='ocrx_word' id='word_1_682' title='bbox 404 4628 747 4703; x_wconf 60' lang='lat' dir='ltr'><strong>negaverat?</strong></span> <span class='ocrx_word' id='word_1_683' title='bbox 796 4630 936 4703; x_wconf 77' lang='lat' dir='ltr'><strong>unde</strong></span> <span class='ocrx_word' id='word_1_684' title='bbox 964 4631 1158 4703; x_wconf 80' lang='lat' dir='ltr'><strong>mulier</strong></span> <span class='ocrx_word' id='word_1_685' title='bbox 1190 4645 1415 4703; x_wconf 75' lang='lat' dir='ltr'><strong>necesse</strong></span> <span class='ocrx_word' id='word_1_686' title='bbox 1450 4633 1716 4687; x_wconf 86' lang='lat' dir='ltr'><strong>habuerat</strong></span> <span class='ocrx_word' id='word_1_687' title='bbox 1741 4636 1975 4703; x_wconf 82' lang='lat' dir='ltr'><strong>impera-</strong></span> 
     </span>
    </p>
   </div>
   <div class='ocr_carea' id='block_1_99' title="bbox 406 4697 1971 4774">
    <p class='ocr_par' dir='ltr' id='par_1_99' title="bbox 406 4697 1971 4774">
     <span class='ocr_line' id='line_1_100' title="bbox 406 4697 1971 4774; baseline 0.007 -26"><span class='ocrx_word' id='word_1_688' title='bbox 406 4699 540 4774; x_wconf 82' lang='lat' dir='ltr'><strong>_toris</strong></span> <span class='ocrx_word' id='word_1_689' title='bbox 568 4697 829 4774; x_wconf 78' lang='lat' dir='ltr'><strong>auxilium</strong></span> <span class='ocrx_word' id='word_1_690' title='bbox 864 4698 1177 4769; x_wconf 87' lang='lat' dir='ltr'><strong>implorare.</strong></span> <span class='ocrx_word' id='word_1_691' title='bbox 1210 4701 1293 4753; x_wconf 83' lang='lat' dir='ltr'><strong>An</strong></span> <span class='ocrx_word' id='word_1_692' title='bbox 1318 4703 1464 4774; x_wconf 59' lang='lat' dir='ltr'><strong>forte</strong></span> <span class='ocrx_word' id='word_1_693' title='bbox 1489 4704 1554 4774; x_wconf 80' lang='lat' dir='ltr'><strong>ad</strong></span> <span class='ocrx_word' id='word_1_694' title='bbox 1585 4697 1971 4774; x_wconf 71' lang='lat' dir='ltr'><strong>imperatorem</strong></span> 
     </span>
    </p>
   </div>
   <div class='ocr_carea' id='block_1_100' title="bbox 400 4764 1975 4839">
    <p class='ocr_par' dir='ltr' id='par_1_100' title="bbox 400 4764 1975 4839">
     <span class='ocr_line' id='line_1_101' title="bbox 400 4764 1975 4839; baseline 0.007 -20"><span class='ocrx_word' id='word_1_695' title='bbox 400 4764 588 4839; x_wconf 71' lang='lat' dir='ltr'><strong>ipsum</strong></span> <span class='ocrx_word' id='word_1_696' title='bbox 604 4769 775 4822; x_wconf 87' lang='lat' dir='ltr'><strong>delata</strong></span> <span class='ocrx_word' id='word_1_697' title='bbox 807 4764 1095 4839; x_wconf 41' lang='lat' dir='ltr'><strong>erat-quod</strong></span> <span class='ocrx_word' id='word_1_698' title='bbox 1128 4781 1273 4826; x_wconf 70' lang='lat' dir='ltr'><strong>esset</strong></span> <span class='ocrx_word' id='word_1_699' title='bbox 1306 4764 1737 4828; x_wconf 61' lang='lat' dir='ltr'><strong>Christiana?&#39;ut</strong></span> <span class='ocrx_word' id='word_1_700' title='bbox 1763 4775 1975 4831; x_wconf 90' lang='lat' dir='ltr'><strong>censuit</strong></span> 
     </span>
    </p>
   </div>
   <div class='ocr_carea' id='block_1_101' title="bbox 402 4834 1974 4914">
    <p class='ocr_par' dir='ltr' id='par_1_101' title="bbox 402 4834 1974 4914">
     <span class='ocr_line' id='line_1_102' title="bbox 402 4834 1974 4914; baseline 0.008 -26"><span class='ocrx_word' id='word_1_701' title='bbox 402 4834 742 4914; x_wconf 70' lang='lat' dir='ltr'><strong>Nicephorus</strong></span> <span class='ocrx_word' id='word_1_702' title='bbox 768 4854 833 4914; x_wconf 78' lang='lat' dir='ltr'><strong>ac</strong></span> <span class='ocrx_word' id='word_1_703' title='bbox 854 4834 1398 4914; x_wconf 75' lang='lat' dir='ltr'><strong>Christophorsmtns.</strong></span> <span class='ocrx_word' id='word_1_704' title='bbox 1432 4842 1628 4897; x_wconf 71' lang='lat' dir='ltr'><strong>Verum</strong></span> <span class='ocrx_word' id='word_1_705' title='bbox 1657 4845 1770 4900; x_wconf 59' lang='lat' dir='ltr'><strong>haec</strong></span> <span class='ocrx_word' id='word_1_706' title='bbox 1793 4857 1974 4914; x_wconf 86' lang='lat' dir='ltr'><strong>poste-</strong></span> 
     </span>
    </p>
   </div>
   <div class='ocr_carea' id='block_1_102' title="bbox 403 4909 1972 4981">
    <p class='ocr_par' dir='ltr' id='par_1_102' title="bbox 403 4909 1972 4981">
     <span class='ocr_line' id='line_1_103' title="bbox 403 4909 1972 4981; baseline 0.007 -22"><span class='ocrx_word' id='word_1_707' title='bbox 403 4909 516 4961; x_wconf 86' lang='lat' dir='ltr'><strong>rior</strong></span> <span class='ocrx_word' id='word_1_708' title='bbox 545 4912 813 4981; x_wconf 83' lang='lat' dir='ltr'><strong>sententia</strong></span> <span class='ocrx_word' id='word_1_709' title='bbox 846 4925 1038 4977; x_wconf 86' lang='lat' dir='ltr'><strong>parum</strong></span> <span class='ocrx_word' id='word_1_710' title='bbox 1072 4913 1363 4981; x_wconf 83' lang='lat' dir='ltr'><strong>probabilis</strong></span> <span class='ocrx_word' id='word_1_711' title='bbox 1400 4914 1530 4968; x_wconf 88' lang='lat' dir='ltr'><strong>mihi</strong></span> <span class='ocrx_word' id='word_1_712' title='bbox 1576 4909 1813 4970; x_wconf 52' lang='lat' dir='ltr'><strong>videtur:</strong></span> <span class='ocrx_word' id='word_1_713' title='bbox 1851 4916 1972 4970; x_wconf 85' lang='lat' dir='ltr'><strong>Pri-</strong></span> 
     </span>
    </p>
   </div>
   <div class='ocr_carea' id='block_1_103' title="bbox 401 4978 1970 5054">
    <p class='ocr_par' dir='ltr' id='par_1_103' title="bbox 401 4978 1970 5054">
     <span class='ocr_line' id='line_1_104' title="bbox 401 4978 1970 5054; baseline 0.01 -29"><span class='ocrx_word' id='word_1_714' title='bbox 401 4993 489 5030; x_wconf 86' lang='lat' dir='ltr'><strong>mo</strong></span> <span class='ocrx_word' id='word_1_715' title='bbox 517 4979 643 5046; x_wconf 90' lang='lat' dir='ltr'><strong>quia</strong></span> <span class='ocrx_word' id='word_1_716' title='bbox 672 4978 923 5054; x_wconf 82' lang='lat' dir='ltr'><strong>Justinus</strong></span> <span class='ocrx_word' id='word_1_717' title='bbox 961 4978 1145 5054; x_wconf 78' lang='lat' dir='ltr'><strong>idnon</strong></span> <span class='ocrx_word' id='word_1_718' title='bbox 1193 4983 1346 5047; x_wconf 89' lang='lat' dir='ltr'><strong>dicit,</strong></span> <span class='ocrx_word' id='word_1_719' title='bbox 1384 4985 1578 5038; x_wconf 89' lang='lat' dir='ltr'><strong>deinde</strong></span> <span class='ocrx_word' id='word_1_720' title='bbox 1629 4988 1753 5054; x_wconf 89' lang='lat' dir='ltr'><strong>quia</strong></span> <span class='ocrx_word' id='word_1_721' title='bbox 1802 4990 1970 5042; x_wconf 89' lang='lat' dir='ltr'><strong>moris</strong></span> 
     </span>
    </p>
   </div>
   <div class='ocr_carea' id='block_1_104' title="bbox 400 5051 1965 5124">
    <p class='ocr_par' dir='ltr' id='par_1_104' title="bbox 400 5051 1965 5124">
     <span class='ocr_line' id='line_1_105' title="bbox 400 5051 1965 5124; baseline 0.007 -25"><span class='ocrx_word' id='word_1_722' title='bbox 400 5061 506 5124; x_wconf 80' lang='lat' dir='ltr'><strong>non</strong></span> <span class='ocrx_word' id='word_1_723' title='bbox 531 5057 651 5102; x_wconf 88' lang='lat' dir='ltr'><strong>erat</strong></span> <span class='ocrx_word' id='word_1_724' title='bbox 676 5058 735 5101; x_wconf 91' lang='lat' dir='ltr'><strong>ut</strong></span> <span class='ocrx_word' id='word_1_725' title='bbox 755 5051 1052 5124; x_wconf 82' lang='lat' dir='ltr'><strong>criminalis</strong></span> <span class='ocrx_word' id='word_1_726' title='bbox 1082 5056 1312 5119; x_wconf 85' lang='lat' dir='ltr'><strong>quaestio</strong></span> <span class='ocrx_word' id='word_1_727' title='bbox 1342 5062 1484 5107; x_wconf 77' lang='lat' dir='ltr'><strong>recta</strong></span> <span class='ocrx_word' id='word_1_728' title='bbox 1539 5056 1605 5110; x_wconf 86' lang='lat' dir='ltr'><strong>ad</strong></span> <span class='ocrx_word' id='word_1_729' title='bbox 1642 5051 1965 5124; x_wconf 78' lang='lat' dir='ltr'><strong>principem,</strong></span> 
     </span>
    </p>
   </div>
   <div class='ocr_carea' id='block_1_105' title="bbox 398 5119 1539 5187">
    <p class='ocr_par' dir='ltr' id='par_1_105' title="bbox 398 5119 1539 5187">
     <span class='ocr_line' id='line_1_106' title="bbox 398 5119 1539 5187; baseline 0.008 -18"><span class='ocrx_word' id='word_1_730' title='bbox 398 5119 773 5187; x_wconf 83' lang='lat' dir='ltr'><strong>omisso,un</strong></span> <span class='ocrx_word' id='word_1_731' title='bbox 810 5120 1186 5187; x_wconf 88' lang='lat' dir='ltr'><strong>aiunt.medio,</strong></span> <span class='ocrx_word' id='word_1_732' title='bbox 1216 5124 1539 5178; x_wconf 82' lang='lat' dir='ltr'><strong>deferretur.</strong></span> 
     </span>
    </p>
   </div>
   <div class='ocr_carea' id='block_1_106' title="bbox 469 5186 1968 5264">
    <p class='ocr_par' dir='ltr' id='par_1_106' title="bbox 469 5186 1968 5264">
     <span class='ocr_line' id='line_1_107' title="bbox 469 5186 1968 5264; baseline 0.005 -27"><span class='ocrx_word' id='word_1_733' title='bbox 469 5187 544 5264; x_wconf 55' lang='grc' dir='ltr'><strong>(ξ)</strong></span> <span class='ocrx_word' id='word_1_734' title='bbox 575 5186 738 5240; x_wconf 84' lang='grc' dir='ltr'><strong>Μετὰ</strong></span> <span class='ocrx_word' id='word_1_735' title='bbox 754 5187 876 5264; x_wconf 61' lang='grc' dir='ltr'><strong>τὴν</strong></span> <span class='ocrx_word' id='word_1_736' title='bbox 908 5188 1025 5264; x_wconf 77' lang='grc' dir='ltr'><strong>τῷν</strong></span> <span class='ocrx_word' id='word_1_737' title='bbox 1047 5192 1406 5264; x_wconf 68' lang='grc' dir='ltr'><strong>,πραγμάτων</strong></span> <span class='ocrx_word' id='word_1_738' title='bbox 1428 5194 1617 5263; x_wconf 81' lang='grc' dir='ltr'><strong>αὐτῆς</strong></span> <span class='ocrx_word' id='word_1_739' title='bbox 1669 5195 1968 5264; x_wconf 73' lang='grc' dir='ltr'><strong>διοίκησιν</strong></span> 
     </span>
    </p>
   </div>
   <div class='ocr_carea' id='block_1_107' title="bbox 397 5255 1968 5330">
    <p class='ocr_par' dir='ltr' id='par_1_107' title="bbox 397 5255 1968 5330">
     <span class='ocr_line' id='line_1_108' title="bbox 397 5255 1968 5330; baseline 0.007 -22"><span class='ocrx_word' id='word_1_740' title='bbox 397 5255 722 5330; x_wconf 60' lang='grc' dir='ltr'><strong>ὑπέσχετο.</strong></span> <span class='ocrx_word' id='word_1_741' title='bbox 751 5259 807 5311; x_wconf 90' lang='lat' dir='ltr'><strong>In</strong></span> <span class='ocrx_word' id='word_1_742' title='bbox 845 5260 1029 5314; x_wconf 89' lang='lat' dir='ltr'><strong>codice</strong></span> <span class='ocrx_word' id='word_1_743' title='bbox 1060 5255 1230 5330; x_wconf 61' lang='lat' dir='ltr'><strong>[legio</strong></span> <span class='ocrx_word' id='word_1_744' title='bbox 1255 5276 1311 5316; x_wconf 90' lang='lat' dir='ltr'><strong>et</strong></span> <span class='ocrx_word' id='word_1_745' title='bbox 1340 5255 1621 5320; x_wconf 78' lang='lat' dir='ltr'><strong>lllazarino</strong></span> <span class='ocrx_word' id='word_1_746' title='bbox 1648 5272 1800 5320; x_wconf 85' lang='lat' dir='ltr'><strong>deest</strong></span> <span class='ocrx_word' id='word_1_747' title='bbox 1846 5255 1968 5319; x_wconf 71' lang='lat' dir='ltr'><strong>vcr-</strong></span> 
     </span>
    </p>
   </div>
   <div class='ocr_carea' id='block_1_108' title="bbox 397 5325 1965 5406">
    <p class='ocr_par' dir='ltr' id='par_1_108' title="bbox 397 5325 1965 5406">
     <span class='ocr_line' id='line_1_109' title="bbox 397 5325 1965 5406; baseline 0.008 -27"><span class='ocrx_word' id='word_1_748' title='bbox 397 5330 525 5406; x_wconf 66' lang='lat' dir='ltr'><strong>lium</strong></span> <span class='ocrx_word' id='word_1_749' title='bbox 564 5325 850 5406; x_wconf 77' lang='grc' dir='ltr'><strong>ὑπέσχετο,</strong></span> <span class='ocrx_word' id='word_1_750' title='bbox 876 5332 1031 5406; x_wconf 62' lang='grc' dir='ltr'><strong>(μιυιιΔ</strong></span> <span class='ocrx_word' id='word_1_751' title='bbox 1051 5325 1497 5406; x_wconf 30' lang='grc' dir='ltr'><strong>(ιυίἷίςιιιλιώυδεο</strong></span> <span class='ocrx_word' id='word_1_752' title='bbox 1534 5348 1712 5406; x_wconf 82' lang='lat' dir='ltr'><strong>potest</strong></span> <span class='ocrx_word' id='word_1_753' title='bbox 1763 5339 1965 5401; x_wconf 83' lang='lat' dir='ltr'><strong>absque</strong></span> 
     </span>
    </p>
   </div>
   <div class='ocr_carea' id='block_1_109' title="bbox 398 5396 1961 5475">
    <p class='ocr_par' dir='ltr' id='par_1_109' title="bbox 398 5396 1961 5475">
     <span class='ocr_line' id='line_1_110' title="bbox 398 5396 1961 5475; baseline 0.01 -27"><span class='ocrx_word' id='word_1_754' title='bbox 398 5396 506 5475; x_wconf 59' lang='lat' dir='ltr'><strong>nilo</strong></span> <span class='ocrx_word' id='word_1_755' title='bbox 528 5396 968 5475; x_wconf 60' lang='lat' dir='ltr'><strong>settsnsilan_nio.</strong></span> <span class='ocrx_word' id='word_1_756' title='bbox 993 5396 1154 5475; x_wconf 64' lang='lat' dir='ltr'><strong>Certe</strong></span> <span class='ocrx_word' id='word_1_757' title='bbox 1181 5401 1412 5459; x_wconf 78' lang='lat' dir='ltr'><strong>Rufinus</strong></span> <span class='ocrx_word' id='word_1_758' title='bbox 1433 5422 1497 5458; x_wconf 87' lang='lat' dir='ltr'><strong>ac</strong></span> <span class='ocrx_word' id='word_1_759' title='bbox 1534 5396 1890 5475; x_wconf 55' lang='lat' dir='ltr'><strong>Nicephorus</strong></span> <span class='ocrx_word' id='word_1_760' title='bbox 1910 5412 1961 5463; x_wconf 89' lang='lat' dir='ltr'><strong>in</strong></span> 
     </span>
    </p>
   </div>
   <div class='ocr_carea' id='block_1_110' title="bbox 395 5465 1963 5541">
    <p class='ocr_par' dir='ltr' id='par_1_110' title="bbox 395 5465 1963 5541">
     <span class='ocr_line' id='line_1_111' title="bbox 395 5465 1963 5541; baseline 0.01 -23"><span class='ocrx_word' id='word_1_761' title='bbox 395 5465 720 5541; x_wconf 76' lang='lat' dir='ltr'><strong>Eosebiauis</strong></span> <span class='ocrx_word' id='word_1_762' title='bbox 751 5470 949 5540; x_wconf 87' lang='lat' dir='ltr'><strong>quibus</strong></span> <span class='ocrx_word' id='word_1_763' title='bbox 981 5472 1063 5526; x_wconf 90' lang='lat' dir='ltr'><strong>usi</strong></span> <span class='ocrx_word' id='word_1_764' title='bbox 1094 5485 1219 5526; x_wconf 87' lang='lat' dir='ltr'><strong>sunt</strong></span> <span class='ocrx_word' id='word_1_765' title='bbox 1257 5465 1789 5541; x_wconf 55' lang='lat' dir='ltr'><strong>exemplaribus&#39;hoc</strong></span> <span class='ocrx_word' id='word_1_766' title='bbox 1842 5494 1963 5533; x_wconf 83' lang='lat' dir='ltr'><strong>ver-</strong></span> 
     </span>
    </p>
   </div>
   <div class='ocr_carea' id='block_1_111' title="bbox 395 5538 1958 5617">
    <p class='ocr_par' dir='ltr' id='par_1_111' title="bbox 395 5538 1958 5617">
     <span class='ocr_line' id='line_1_112' title="bbox 395 5538 1958 5617; baseline 0.009 -28"><span class='ocrx_word' id='word_1_767' title='bbox 395 5538 525 5617; x_wconf 76' lang='lat' dir='ltr'><strong>hum</strong></span> <span class='ocrx_word' id='word_1_768' title='bbox 559 5555 662 5617; x_wconf 81' lang='lat' dir='ltr'><strong>non</strong></span> <span class='ocrx_word' id='word_1_769' title='bbox 692 5538 955 5617; x_wconf 66' lang='lat' dir='ltr'><strong>videntur</strong></span> <span class='ocrx_word' id='word_1_770' title='bbox 974 5542 1283 5617; x_wconf 73' lang='lat' dir='ltr'><strong>repet-iisse.</strong></span> <span class='ocrx_word' id='word_1_771' title='bbox 1320 5538 1454 5598; x_wconf 77' lang='lat' dir='ltr'><strong>Nam</strong></span> <span class='ocrx_word' id='word_1_772' title='bbox 1483 5546 1713 5602; x_wconf 71' lang='lat' dir='ltr'><strong>llnftnus</strong></span> <span class='ocrx_word' id='word_1_773' title='bbox 1741 5550 1958 5617; x_wconf 86' lang='lat' dir='ltr'><strong>quidem</strong></span> 
     </span>
    </p>
   </div>
   <div class='ocr_carea' id='block_1_112' title="bbox 394 5608 1962 5687">
    <p class='ocr_par' dir='ltr' id='par_1_112' title="bbox 394 5608 1962 5687">
     <span class='ocr_line' id='line_1_113' title="bbox 394 5608 1962 5687; baseline 0.009 -28"><span class='ocrx_word' id='word_1_774' title='bbox 394 5608 467 5659; x_wconf 83' lang='lat' dir='ltr'><strong>ita</strong></span> <span class='ocrx_word' id='word_1_775' title='bbox 506 5612 707 5663; x_wconf 84' lang='lat' dir='ltr'><strong>vertit:</strong></span> <span class='ocrx_word' id='word_1_776' title='bbox 738 5612 843 5687; x_wconf 73' lang='lat' dir='ltr'><strong>lllq</strong></span> <span class='ocrx_word' id='word_1_777' title='bbox 865 5608 1074 5681; x_wconf 74' lang='lat' dir='ltr'><strong>quidem</strong></span> <span class='ocrx_word' id='word_1_778' title='bbox 1121 5613 1352 5667; x_wconf 79' lang='lat' dir='ltr'><strong>libellum</strong></span> <span class='ocrx_word' id='word_1_779' title='bbox 1391 5617 1486 5669; x_wconf 83' lang='lat' dir='ltr'><strong>tibi</strong></span> <span class='ocrx_word' id='word_1_780' title='bbox 1539 5608 1962 5687; x_wconf 44' lang='lat' dir='ltr'><strong>obtulit,‘itnj.e-</strong></span> 
     </span>
    </p>
   </div>
   <div class='ocr_carea' id='block_1_113' title="bbox 396 5685 1958 5753">
    <p class='ocr_par' dir='ltr' id='par_1_113' title="bbox 396 5685 1958 5753">
     <span class='ocr_line' id='line_1_114' title="bbox 396 5685 1958 5753; baseline 0.009 -25"><span class='ocrx_word' id='word_1_781' title='bbox 396 5688 576 5753; x_wconf 72' lang='lat' dir='ltr'><strong>tutor,</strong></span> <span class='ocrx_word' id='word_1_782' title='bbox 595 5690 653 5734; x_wconf 81' lang='lat' dir='ltr'><strong>ut</strong></span> <span class='ocrx_word' id='word_1_783' title='bbox 680 5685 1065 5747; x_wconf 71' lang='lat' dir='ltr'><strong>permitteretur</strong></span> <span class='ocrx_word' id='word_1_784' title='bbox 1097 5687 1142 5737; x_wconf 80' lang='lat' dir='ltr'><strong>ei</strong></span> <span class='ocrx_word' id='word_1_785' title='bbox 1175 5702 1281 5737; x_wconf 84' lang='lat' dir='ltr'><strong>rem</strong></span> <span class='ocrx_word' id='word_1_786' title='bbox 1314 5689 1635 5753; x_wconf 76' lang='lat' dir='ltr'><strong>[amiliarem</strong></span> <span class='ocrx_word' id='word_1_787' title='bbox 1665 5685 1911 5742; x_wconf 78' lang='lat' dir='ltr'><strong>ordinare</strong></span> <span class='ocrx_word' id='word_1_788' title='bbox 1937 5703 1958 5742; x_wconf 88' lang='lat'><strong><em>:</em></strong></span> 
     </span>
    </p>
   </div>
   <div class='ocr_carea' id='block_1_114' title="bbox 399 5750 1959 5825">
    <p class='ocr_par' dir='ltr' id='par_1_114' title="bbox 399 5750 1959 5825">
     <span class='ocr_line' id='line_1_115' title="bbox 399 5750 1959 5825; baseline 0.01 -26"><span class='ocrx_word' id='word_1_789' title='bbox 399 5750 729 5825; x_wconf 25' lang='lat' dir='ltr'><strong>tum‘deinde</strong></span> <span class='ocrx_word' id='word_1_790' title='bbox 783 5756 1115 5825; x_wconf 78' lang='lat' dir='ltr'><strong>responderet</strong></span> <span class='ocrx_word' id='word_1_791' title='bbox 1160 5750 1394 5824; x_wconf 73' lang='lat' dir='ltr'><strong>objectis.</strong></span> <span class='ocrx_word' id='word_1_792' title='bbox 1459 5758 1796 5825; x_wconf 59' lang='lat' dir='ltr'><strong>{\icephorus</strong></span> <span class='ocrx_word' id='word_1_793' title='bbox 1831 5774 1959 5814; x_wconf 85' lang='lat' dir='ltr'><strong>vero</strong></span> 
     </span>
    </p>
   </div>
   <div class='ocr_carea' id='block_1_115' title="bbox 397 5817 1956 5902">
    <p class='ocr_par' dir='ltr' id='par_1_115' title="bbox 397 5817 1956 5902">
     <span class='ocr_line' id='line_1_116' title="bbox 397 5817 1956 5902; baseline 0.009 -31"><span class='ocrx_word' id='word_1_794' title='bbox 397 5817 592 5875; x_wconf 71' lang='lat' dir='ltr'><strong>lustini</strong></span> <span class='ocrx_word' id='word_1_795' title='bbox 630 5822 809 5877; x_wconf 87' lang='lat' dir='ltr'><strong>locum</strong></span> <span class='ocrx_word' id='word_1_796' title='bbox 831 5817 904 5877; x_wconf 80' lang='lat' dir='ltr'><strong>ita</strong></span> <span class='ocrx_word' id='word_1_797' title='bbox 933 5817 1245 5893; x_wconf 54' lang='lat' dir='ltr'><strong>expressit}</strong></span> <span class='ocrx_word' id='word_1_798' title='bbox 1280 5826 1491 5883; x_wconf 82' lang='grc' dir='ltr'><strong>Βιϐλίον</strong></span> <span class='ocrx_word' id='word_1_799' title='bbox 1516 5817 1807 5897; x_wconf 78' lang='grc' dir='ltr'><strong>ἀναδοῦσα,</strong></span> <span class='ocrx_word' id='word_1_800' title='bbox 1839 5829 1956 5902; x_wconf 67' lang='grc' dir='ltr'><strong>ᾔτει</strong></span> 
     </span>
    </p>
   </div>
   <div class='ocr_carea' id='block_1_116' title="bbox 2077 4623 3647 4694">
    <p class='ocr_par' dir='ltr' id='par_1_116' title="bbox 2077 4623 3647 4694">
     <span class='ocr_line' id='line_1_117' title="bbox 2077 4623 3647 4694; baseline 0.002 -17"><span class='ocrx_word' id='word_1_801' title='bbox 2077 4640 2244 4694; x_wconf 85' lang='grc' dir='ltr'><strong>χοντι.</strong></span> <span class='ocrx_word' id='word_1_802' title='bbox 2280 4623 2452 4694; x_wconf 86' lang='lat' dir='ltr'><strong>Porro</strong></span> <span class='ocrx_word' id='word_1_803' title='bbox 2483 4625 2568 4676; x_wconf 90' lang='lat' dir='ltr'><strong>hic</strong></span> <span class='ocrx_word' id='word_1_804' title='bbox 2595 4623 2985 4679; x_wconf 39' lang='lat' dir='ltr'><strong>Urbieins&#39;erat</strong></span> <span class='ocrx_word' id='word_1_805' title='bbox 3014 4623 3306 4694; x_wconf 70' lang='lat' dir='ltr'><strong>praefectus</strong></span> <span class='ocrx_word' id='word_1_806' title='bbox 3333 4623 3498 4681; x_wconf 52' lang='lat' dir='ltr'><strong>u&#39;rbis&#39;</strong></span> <span class='ocrx_word' id='word_1_807' title='bbox 3534 4623 3647 4680; x_wconf 77' lang='lat' dir='ltr'><strong>Ro-</strong></span> 
     </span>
    </p>
   </div>
   <div class='ocr_carea' id='block_1_117' title="bbox 2078 4693 3646 4762">
    <p class='ocr_par' dir='ltr' id='par_1_117' title="bbox 2078 4693 3646 4762">
     <span class='ocr_line' id='line_1_118' title="bbox 2078 4693 3646 4762; baseline 0.004 -18"><span class='ocrx_word' id='word_1_808' title='bbox 2078 4710 2215 4762; x_wconf 67' lang='lat' dir='ltr'><strong>nise,</strong></span> <span class='ocrx_word' id='word_1_809' title='bbox 2270 4693 2427 4762; x_wconf 88' lang='lat' dir='ltr'><strong>cujus</strong></span> <span class='ocrx_word' id='word_1_810' title='bbox 2475 4694 2742 4747; x_wconf 87' lang='lat' dir='ltr'><strong>sententia</strong></span> <span class='ocrx_word' id='word_1_811' title='bbox 2794 4695 2845 4748; x_wconf 90' lang='lat' dir='ltr'><strong>in</strong></span> <span class='ocrx_word' id='word_1_812' title='bbox 2909 4693 3255 4751; x_wconf 64' lang='lat' dir='ltr'><strong>Ptolemaeum</strong></span> <span class='ocrx_word' id='word_1_813' title='bbox 3306 4706 3362 4751; x_wconf 89' lang='lat' dir='ltr'><strong>ct</strong></span> <span class='ocrx_word' id='word_1_814' title='bbox 3416 4696 3646 4751; x_wconf 85' lang='lat' dir='ltr'><strong>Lucium</strong></span> 
     </span>
    </p>
   </div>
   <div class='ocr_carea' id='block_1_118' title="bbox 2075 4761 3644 4836">
    <p class='ocr_par' dir='ltr' id='par_1_118' title="bbox 2075 4761 3644 4836">
     <span class='ocr_line' id='line_1_119' title="bbox 2075 4761 3644 4836; baseline 0.003 -20"><span class='ocrx_word' id='word_1_815' title='bbox 2075 4761 2414 4836; x_wconf 74' lang='lat' dir='ltr'><strong>Christianos</strong></span> <span class='ocrx_word' id='word_1_816' title='bbox 2438 4765 2542 4816; x_wconf 89' lang='lat' dir='ltr'><strong>lata</strong></span> <span class='ocrx_word' id='word_1_817' title='bbox 2596 4765 2938 4836; x_wconf 86' lang='lat' dir='ltr'><strong>occasionem</strong></span> <span class='ocrx_word' id='word_1_818' title='bbox 2977 4766 3470 4821; x_wconf 84' lang='lat' dir='ltr'><strong>dedilhuianstiui</strong></span> <span class='ocrx_word' id='word_1_819' title='bbox 3501 4770 3644 4836; x_wconf 81' lang='lat' dir='ltr'><strong>Apo-</strong></span> 
     </span>
    </p>
   </div>
   <div class='ocr_carea' id='block_1_119' title="bbox 2074 4832 3646 4903">
    <p class='ocr_par' dir='ltr' id='par_1_119' title="bbox 2074 4832 3646 4903">
     <span class='ocr_line' id='line_1_120' title="bbox 2074 4832 3646 4903; baseline 0.006 -21"><span class='ocrx_word' id='word_1_820' title='bbox 2074 4832 2318 4903; x_wconf 78' lang='lat' dir='ltr'><strong>logetico.</strong></span> <span class='ocrx_word' id='word_1_821' title='bbox 2347 4834 2635 4888; x_wconf 85' lang='lat' dir='ltr'><strong>Dicebatur</strong></span> <span class='ocrx_word' id='word_1_822' title='bbox 2660 4845 2840 4888; x_wconf 90' lang='lat' dir='ltr'><strong>autem</strong></span> <span class='ocrx_word' id='word_1_823' title='bbox 2901 4835 2967 4902; x_wconf 82' lang='lat' dir='ltr'><strong>Q.</strong></span> <span class='ocrx_word' id='word_1_824' title='bbox 3013 4836 3216 4891; x_wconf 85' lang='lat' dir='ltr'><strong>Lollius</strong></span> <span class='ocrx_word' id='word_1_825' title='bbox 3275 4832 3555 4901; x_wconf 49' lang='lat' dir='ltr'><strong>Urbicus,&#39;</strong></span> <span class='ocrx_word' id='word_1_826' title='bbox 3587 4845 3646 4891; x_wconf 88' lang='lat' dir='ltr'><strong>ut</strong></span> 
     </span>
    </p>
   </div>
   <div class='ocr_carea' id='block_1_120' title="bbox 2075 4903 3644 4975">
    <p class='ocr_par' dir='ltr' id='par_1_120' title="bbox 2075 4903 3644 4975">
     <span class='ocr_line' id='line_1_121' title="bbox 2075 4903 3644 4975; baseline 0.004 -21"><span class='ocrx_word' id='word_1_827' title='bbox 2075 4905 2236 4975; x_wconf 80' lang='lat' dir='ltr'><strong>docet</strong></span> <span class='ocrx_word' id='word_1_828' title='bbox 2265 4914 2418 4975; x_wconf 68' lang='lat' dir='ltr'><strong>vetus</strong></span> <span class='ocrx_word' id='word_1_829' title='bbox 2445 4904 2727 4971; x_wconf 86' lang='lat' dir='ltr'><strong>inscriptio</strong></span> <span class='ocrx_word' id='word_1_830' title='bbox 2755 4903 2940 4960; x_wconf 76' lang='lat' dir='ltr'><strong>Roma:</strong></span> <span class='ocrx_word' id='word_1_831' title='bbox 2967 4909 3140 4975; x_wconf 86' lang='lat' dir='ltr'><strong>posita</strong></span> <span class='ocrx_word' id='word_1_832' title='bbox 3164 4947 3181 4972; x_wconf 83' lang='lat'><strong>,</strong></span> <span class='ocrx_word' id='word_1_833' title='bbox 3208 4918 3264 4961; x_wconf 90' lang='lat' dir='ltr'><strong>et</strong></span> <span class='ocrx_word' id='word_1_834' title='bbox 3295 4908 3558 4975; x_wconf 80' lang='lat' dir='ltr'><strong>Apuleius</strong></span> <span class='ocrx_word' id='word_1_835' title='bbox 3588 4907 3644 4961; x_wconf 89' lang='lat' dir='ltr'><strong>iu</strong></span> 
     </span>
    </p>
   </div>
   <div class='ocr_carea' id='block_1_121' title="bbox 2075 4972 3645 5046">
    <p class='ocr_par' dir='ltr' id='par_1_121' title="bbox 2075 4972 3645 5046">
     <span class='ocr_line' id='line_1_122' title="bbox 2075 4972 3645 5046; baseline 0.003 -20"><span class='ocrx_word' id='word_1_836' title='bbox 2075 4972 2387 5046; x_wconf 65' lang='lat' dir='ltr'><strong>Defensione</strong></span> <span class='ocrx_word' id='word_1_837' title='bbox 2419 4990 2539 5037; x_wconf 88' lang='lat' dir='ltr'><strong>sua,</strong></span> <span class='ocrx_word' id='word_1_838' title='bbox 2573 4975 2714 5027; x_wconf 85' lang='lat' dir='ltr'><strong>haud</strong></span> <span class='ocrx_word' id='word_1_839' title='bbox 2747 4977 2934 5042; x_wconf 85' lang='lat' dir='ltr'><strong>procul</strong></span> <span class='ocrx_word' id='word_1_840' title='bbox 2956 4972 3024 5032; x_wconf 80' lang='lat' dir='ltr'><strong>ab</strong></span> <span class='ocrx_word' id='word_1_841' title='bbox 3052 4978 3245 5042; x_wconf 87' lang='lat' dir='ltr'><strong>initio;</strong></span> <span class='ocrx_word' id='word_1_842' title='bbox 3303 4972 3392 5032; x_wconf 76' lang='lat' dir='ltr'><strong>ubi</strong></span> <span class='ocrx_word' id='word_1_843' title='bbox 3447 4976 3645 5046; x_wconf 61' lang='lat' dir='ltr'><strong>praefe-</strong></span> 
     </span>
    </p>
   </div>
   <div class='ocr_carea' id='block_1_122' title="bbox 2072 5042 3643 5117">
    <p class='ocr_par' dir='ltr' id='par_1_122' title="bbox 2072 5042 3643 5117">
     <span class='ocr_line' id='line_1_123' title="bbox 2072 5042 3643 5117; baseline 0.003 -22"><span class='ocrx_word' id='word_1_844' title='bbox 2072 5054 2244 5098; x_wconf 74' lang='lat' dir='ltr'><strong>cturae</strong></span> <span class='ocrx_word' id='word_1_845' title='bbox 2269 5042 2499 5098; x_wconf 72' lang='lat' dir='ltr'><strong>Urbanse</strong></span> <span class='ocrx_word' id='word_1_846' title='bbox 2514 5059 2683 5117; x_wconf 80' lang='lat' dir='ltr'><strong>quam</strong></span> <span class='ocrx_word' id='word_1_847' title='bbox 2711 5048 2848 5098; x_wconf 89' lang='lat' dir='ltr'><strong>idem</strong></span> <span class='ocrx_word' id='word_1_848' title='bbox 2870 5046 3097 5101; x_wconf 83' lang='lat' dir='ltr'><strong>Urbicus</strong></span> <span class='ocrx_word' id='word_1_849' title='bbox 3121 5049 3308 5117; x_wconf 75' lang='lat' dir='ltr'><strong>gessit,</strong></span> <span class='ocrx_word' id='word_1_850' title='bbox 3327 5064 3432 5102; x_wconf 90' lang='lat' dir='ltr'><strong>non</strong></span> <span class='ocrx_word' id='word_1_851' title='bbox 3449 5042 3643 5100; x_wconf 80' lang='lat' dir='ltr'><strong>obscu-</strong></span> 
     </span>
    </p>
   </div>
   <div class='ocr_carea' id='block_1_123' title="bbox 2073 5114 3638 5173">
    <p class='ocr_par' dir='ltr' id='par_1_123' title="bbox 2073 5114 3638 5173">
     <span class='ocr_line' id='line_1_124' title="bbox 2073 5114 3638 5173; baseline 0.004 -11"><span class='ocrx_word' id='word_1_852' title='bbox 2073 5127 2129 5163; x_wconf 83' lang='lat' dir='ltr'><strong>ra</strong></span> <span class='ocrx_word' id='word_1_853' title='bbox 2161 5116 2221 5165; x_wconf 87' lang='lat' dir='ltr'><strong>lit</strong></span> <span class='ocrx_word' id='word_1_854' title='bbox 2255 5118 2480 5168; x_wconf 88' lang='lat' dir='ltr'><strong>mentio.</strong></span> <span class='ocrx_word' id='word_1_855' title='bbox 2511 5114 2705 5167; x_wconf 78' lang='lat' dir='ltr'><strong>Mirum</strong></span> <span class='ocrx_word' id='word_1_856' title='bbox 2740 5126 2823 5167; x_wconf 84' lang='lat' dir='ltr'><strong>est</strong></span> <span class='ocrx_word' id='word_1_857' title='bbox 2858 5125 3036 5171; x_wconf 88' lang='lat' dir='ltr'><strong>tamen</strong></span> <span class='ocrx_word' id='word_1_858' title='bbox 3075 5114 3405 5173; x_wconf 43' lang='lat' dir='ltr'><strong>iit-omnibus</strong></span> <span class='ocrx_word' id='word_1_859' title='bbox 3437 5117 3638 5170; x_wconf 85' lang='lat' dir='ltr'><strong>nostris</strong></span> 
     </span>
    </p>
   </div>
   <div class='ocr_carea' id='block_1_124' title="bbox 2071 5183 3635 5256">
    <p class='ocr_par' dir='ltr' id='par_1_124' title="bbox 2071 5183 3635 5256">
     <span class='ocr_line' id='line_1_125' title="bbox 2071 5183 3635 5256; baseline 0.002 -21"><span class='ocrx_word' id='word_1_860' title='bbox 2071 5183 2476 5256; x_wconf 70' lang='lat' dir='ltr'><strong>exemplaribus</strong></span> <span class='ocrx_word' id='word_1_861' title='bbox 2499 5200 2621 5238; x_wconf 89' lang='lat' dir='ltr'><strong>eum</strong></span> <span class='ocrx_word' id='word_1_862' title='bbox 2652 5195 2968 5256; x_wconf 78' lang='lat' dir='ltr'><strong>constanter</strong></span> <span class='ocrx_word' id='word_1_863' title='bbox 3028 5186 3309 5243; x_wconf 86' lang='lat' dir='ltr'><strong>Urbicium</strong></span> <span class='ocrx_word' id='word_1_864' title='bbox 3355 5187 3635 5256; x_wconf 86' lang='lat' dir='ltr'><strong>appellari.</strong></span> 
     </span>
    </p>
   </div>
   <div class='ocr_carea' id='block_1_125' title="bbox 2072 5244 3639 5325">
    <p class='ocr_par' dir='ltr' id='par_1_125' title="bbox 2072 5244 3639 5325">
     <span class='ocr_line' id='line_1_126' title="bbox 2072 5244 3639 5325; baseline 0.001 -20"><span class='ocrx_word' id='word_1_865' title='bbox 2072 5244 2252 5306; x_wconf 84' lang='lat' dir='ltr'><strong>Semel</strong></span> <span class='ocrx_word' id='word_1_866' title='bbox 2284 5264 2488 5308; x_wconf 87' lang='lat' dir='ltr'><strong>tantum</strong></span> <span class='ocrx_word' id='word_1_867' title='bbox 2514 5265 2678 5323; x_wconf 87' lang='lat' dir='ltr'><strong>atque</strong></span> <span class='ocrx_word' id='word_1_868' title='bbox 2709 5255 2903 5325; x_wconf 84' lang='lat' dir='ltr'><strong>iterum</strong></span> <span class='ocrx_word' id='word_1_869' title='bbox 2930 5259 3070 5325; x_wconf 88' lang='lat' dir='ltr'><strong>apud</strong></span> <span class='ocrx_word' id='word_1_870' title='bbox 3097 5258 3369 5312; x_wconf 81' lang='lat' dir='ltr'><strong>JnStinutn</strong></span> <span class='ocrx_word' id='word_1_871' title='bbox 3391 5244 3639 5311; x_wconf 61' lang='lat' dir='ltr'><strong>&#39;Urhiens</strong></span> 
     </span>
    </p>
   </div>
   <div class='ocr_carea' id='block_1_126' title="bbox 2072 5324 3639 5398">
    <p class='ocr_par' dir='ltr' id='par_1_126' title="bbox 2072 5324 3639 5398">
     <span class='ocr_line' id='line_1_127' title="bbox 2072 5324 3639 5398; baseline 0.001 -21"><span class='ocrx_word' id='word_1_872' title='bbox 2072 5326 2464 5398; x_wconf 62' lang='lat' dir='ltr'><strong>[cetedicitnn</strong></span> <span class='ocrx_word' id='word_1_873' title='bbox 2484 5325 2657 5398; x_wconf 73' lang='lat' dir='ltr'><strong>initio</strong></span> <span class='ocrx_word' id='word_1_874' title='bbox 2687 5324 2898 5398; x_wconf 73' lang='lat' dir='ltr'><strong>scilicet</strong></span> <span class='ocrx_word' id='word_1_875' title='bbox 2924 5324 3242 5398; x_wconf 66' lang='grc' dir='ltr'><strong>ᾼροιοθειίοὶ</strong></span> <span class='ocrx_word' id='word_1_876' title='bbox 3263 5344 3280 5381; x_wconf 90' lang='lat'><strong><em>:</em></strong></span> <span class='ocrx_word' id='word_1_877' title='bbox 3302 5327 3411 5380; x_wconf 73' lang='grc' dir='ltr'><strong>Καὶ</strong></span> <span class='ocrx_word' id='word_1_878' title='bbox 3425 5328 3493 5379; x_wconf 87' lang='grc' dir='ltr'><strong>τὰ</strong></span> <span class='ocrx_word' id='word_1_879' title='bbox 3511 5325 3639 5398; x_wconf 76' lang='grc' dir='ltr'><strong>χθὲς</strong></span> 
     </span>
    </p>
   </div>
   <div class='ocr_carea' id='block_1_127' title="bbox 2066 5390 3640 5469">
    <p class='ocr_par' dir='ltr' id='par_1_127' title="bbox 2066 5390 3640 5469">
     <span class='ocr_line' id='line_1_128' title="bbox 2066 5390 3640 5469; baseline 0.002 -24"><span class='ocrx_word' id='word_1_880' title='bbox 2066 5391 2122 5445; x_wconf 82' lang='grc' dir='ltr'><strong>δὲ</strong></span> <span class='ocrx_word' id='word_1_881' title='bbox 2149 5395 2241 5447; x_wconf 84' lang='grc' dir='ltr'><strong>καὶ</strong></span> <span class='ocrx_word' id='word_1_882' title='bbox 2265 5393 2457 5469; x_wconf 70' lang='grc' dir='ltr'><strong>πρῴην</strong></span> <span class='ocrx_word' id='word_1_883' title='bbox 2478 5396 2624 5469; x_wconf 32' lang='grc' dir='ltr'><strong>ὲν-τῇ</strong></span> <span class='ocrx_word' id='word_1_884' title='bbox 2655 5390 2990 5469; x_wconf 31' lang='grc' dir='ltr'><strong>πῶειῌὺμῶν</strong></span> <span class='ocrx_word' id='word_1_885' title='bbox 3020 5390 3286 5469; x_wconf 71' lang='grc' dir='ltr'><strong>γενόμενα</strong></span> <span class='ocrx_word' id='word_1_886' title='bbox 3325 5398 3417 5451; x_wconf 76' lang='grc' dir='ltr'><strong>ἐπὶ</strong></span> <span class='ocrx_word' id='word_1_887' title='bbox 3442 5390 3640 5469; x_wconf 63' lang='grc' dir='ltr'><strong>υύρόίς</strong></span> 
     </span>
    </p>
   </div>
   <div class='ocr_carea' id='block_1_128' title="bbox 2066 5464 3636 5539">
    <p class='ocr_par' dir='ltr' id='par_1_128' title="bbox 2066 5464 3636 5539">
     <span class='ocr_line' id='line_1_129' title="bbox 2066 5464 3636 5539; baseline 0.002 -24"><span class='ocrx_word' id='word_1_888' title='bbox 2066 5479 2185 5528; x_wconf 89' lang='grc' dir='ltr'><strong>κου,</strong></span> <span class='ocrx_word' id='word_1_889' title='bbox 2207 5474 2313 5539; x_wconf 80' lang='lat' dir='ltr'><strong>etc.</strong></span> <span class='ocrx_word' id='word_1_890' title='bbox 2348 5464 2421 5518; x_wconf 73' lang='lat' dir='ltr'><strong>Et</strong></span> <span class='ocrx_word' id='word_1_891' title='bbox 2438 5464 2597 5539; x_wconf 78' lang='lat' dir='ltr'><strong>paulo</strong></span> <span class='ocrx_word' id='word_1_892' title='bbox 2616 5464 3004 5539; x_wconf 30' lang='lat' dir='ltr'><strong>&quot;post_:_&#39;Qv:w;</strong></span> <span class='ocrx_word' id='word_1_893' title='bbox 3031 5464 3087 5521; x_wconf 79' lang='grc' dir='ltr'><strong>δὲ</strong></span> <span class='ocrx_word' id='word_1_894' title='bbox 3139 5464 3234 5522; x_wconf 75' lang='grc' dir='ltr'><strong>καὶ</strong></span> <span class='ocrx_word' id='word_1_895' title='bbox 3275 5471 3309 5539; x_wconf 82' lang='grc' dir='ltr'>ὴ</span> <span class='ocrx_word' id='word_1_896' title='bbox 3343 5469 3494 5522; x_wconf 73' lang='grc' dir='ltr'><strong>αἰτία</strong></span> <span class='ocrx_word' id='word_1_897' title='bbox 3526 5464 3636 5519; x_wconf 78' lang='grc' dir='ltr'><strong>’τοῦ</strong></span> 
     </span>
    </p>
   </div>
   <div class='ocr_carea' id='block_1_129' title="bbox 2067 5534 3641 5613">
    <p class='ocr_par' dir='ltr' id='par_1_129' title="bbox 2067 5534 3641 5613">
     <span class='ocr_line' id='line_1_130' title="bbox 2067 5534 3641 5613; baseline 0.001 -26"><span class='ocrx_word' id='word_1_898' title='bbox 2067 5534 2267 5598; x_wconf 86' lang='grc' dir='ltr'><strong>παντὸς</strong></span> <span class='ocrx_word' id='word_1_899' title='bbox 2295 5535 2590 5607; x_wconf 85' lang='grc' dir='ltr'><strong>γενομένου</strong></span> <span class='ocrx_word' id='word_1_900' title='bbox 2616 5535 2709 5588; x_wconf 73' lang='grc' dir='ltr'><strong>ἐπὶ</strong></span> <span class='ocrx_word' id='word_1_901' title='bbox 2741 5534 3011 5608; x_wconf 74' lang='grc' dir='ltr'><strong>Ούρὸίκου</strong></span> <span class='ocrx_word' id='word_1_902' title='bbox 3054 5542 3264 5613; x_wconf 78' lang='grc' dir='ltr'><strong>φανερὰ</strong></span> <span class='ocrx_word' id='word_1_903' title='bbox 3297 5534 3432 5609; x_wconf 75' lang='grc' dir='ltr'><strong>’ὑμῖν</strong></span> <span class='ocrx_word' id='word_1_904' title='bbox 3480 5539 3641 5608; x_wconf 82' lang='grc' dir='ltr'><strong>γένη-</strong></span> 
     </span>
    </p>
   </div>
   <div class='ocr_carea' id='block_1_130' title="bbox 2062 5614 2301 5666">
    <p class='ocr_par' dir='ltr' id='par_1_130' title="bbox 2062 5614 2301 5666">
     <span class='ocr_line' id='line_1_131' title="bbox 2062 5614 2301 5666; baseline 0.008 -9"><span class='ocrx_word' id='word_1_905' title='bbox 2062 5619 2173 5666; x_wconf 83' lang='grc' dir='ltr'><strong>ται,</strong></span> <span class='ocrx_word' id='word_1_906' title='bbox 2197 5614 2301 5659; x_wconf 89' lang='lat' dir='ltr'><strong>etc.</strong></span> 
     </span>
    </p>
   </div>
   <div class='ocr_carea' id='block_1_131' title="bbox 2137 5675 3638 5746">
    <p class='ocr_par' dir='ltr' id='par_1_131' title="bbox 2137 5675 3638 5746">
     <span class='ocr_line' id='line_1_132' title="bbox 2137 5675 3638 5746; baseline 0.005 -19"><span class='ocrx_word' id='word_1_907' title='bbox 2137 5675 2212 5744; x_wconf 75' lang='lat'><strong>(5&#39;)</strong></span> <span class='ocrx_word' id='word_1_908' title='bbox 2266 5676 2514 5743; x_wconf 55' lang='grc' dir='ltr'><strong>Ἀλόπας</strong></span> <span class='ocrx_word' id='word_1_909' title='bbox 2555 5677 2763 5746; x_wconf 85' lang='grc' dir='ltr'><strong>οὕτως.</strong></span> <span class='ocrx_word' id='word_1_910' title='bbox 2811 5679 2867 5733; x_wconf 92' lang='lat' dir='ltr'><strong>In</strong></span> <span class='ocrx_word' id='word_1_911' title='bbox 2915 5680 3088 5735; x_wconf 88' lang='lat' dir='ltr'><strong>tribus</strong></span> <span class='ocrx_word' id='word_1_912' title='bbox 3134 5680 3412 5739; x_wconf 75' lang='lat' dir='ltr'><strong>codicibus</strong></span> <span class='ocrx_word' id='word_1_913' title='bbox 3462 5679 3638 5746; x_wconf 55' lang='lat' dir='ltr'><strong>Mam,</strong></span> 
     </span>
    </p>
   </div>
   <div class='ocr_carea' id='block_1_132' title="bbox 2065 5742 3054 5822">
    <p class='ocr_par' dir='ltr' id='par_1_132' title="bbox 2065 5742 3054 5822">
     <span class='ocr_line' id='line_1_133' title="bbox 2065 5742 3054 5822; baseline 0.005 -23"><span class='ocrx_word' id='word_1_914' title='bbox 2065 5742 2203 5801; x_wconf 81' lang='lat' dir='ltr'><strong>Med.</strong></span> <span class='ocrx_word' id='word_1_915' title='bbox 2239 5758 2292 5801; x_wconf 94' lang='lat' dir='ltr'><strong>ct</strong></span> <span class='ocrx_word' id='word_1_916' title='bbox 2319 5746 2458 5803; x_wconf 75' lang='lat' dir='ltr'><strong>Fuit.</strong></span> <span class='ocrx_word' id='word_1_917' title='bbox 2490 5742 2754 5822; x_wconf 63' lang='lat' dir='ltr'><strong>Scriptum</strong></span> <span class='ocrx_word' id='word_1_918' title='bbox 2779 5760 2861 5806; x_wconf 87' lang='lat' dir='ltr'><strong>est</strong></span> <span class='ocrx_word' id='word_1_919' title='bbox 2893 5749 3054 5806; x_wconf 76' lang='grc' dir='ltr'><strong>οὕτω.</strong></span> 
     </span>
    </p>
   </div>
   <div class='ocr_carea' id='block_1_133' title="bbox 3383 5947 3447 5956">
    <p class='ocr_par' dir='ltr' id='par_1_133' title="bbox 3383 5947 3447 5956">
     <span class='ocr_line' id='line_1_134' title="bbox 3383 5947 3447 5956; baseline 0.031 -2"><span class='ocrx_word' id='word_1_920' title='bbox 3383 5947 3447 5956; x_wconf 63' lang='grc' dir='ltr'><strong>...ιο</strong></span> 
     </span>
    </p>
   </div>
  </div>
