4016 6260
390 353 494 407 5'75

1112 356 1380 413 EUSEBll
1419 354 1896 413 CAESARIENSIS
1932 356 2081 413 OPP.
2116 356 2302 412 PARS
2337 356 2379 411 1.
2416 357 2497 398 -’
2525 352 2911 413 HISTOBICA.

3525 357 3633 413 576

386 473 490 528 niis
526 473 745 528 asserit.
798 475 896 531 Est
943 484 998 530 et
1042 477 1181 533 alius
1234 478 1380 534 liber
1435 481 1521 534 cui
1571 481 1786 536 titulum
1828 481 1948 537 fecit

2065 481 2123 533 ὲν
2163 471 2209 546 ᾧ
2281 478 2570 551 διαφόρους
2610 478 2832 542 πεύσεις
2869 476 3152 550 προτείνας
3192 476 3448 548 περὶτοῦ
3490 476 3634 532 κατά

385 561 622 641 Psaltes.
656 566 808 621 Alius
864 569 990 624 item
1043 581 1425 640 exeerptorum
1456 572 1594 627 liber
1644 572 1718 626 De
1754 575 1953 636 anima,

390 657 444 710 iu
473 671 582 725 quo
629 660 923 727 prapositis
967 663 1136 715 rariis
1190 663 1711 735 interrogationibus
1746 679 1864 735 quae
1889 666 1955 719 ad

384 762 764 820 argumentum
799 753 927 809 illud
977 757 1272 825 pertinent,
1305 758 1583 826 gentilium
1619 757 1959 829 philosopho-

384 857 503 896 rum
555 841 713 899 aii'ert
766 846 1067 901 sententias
1098 866 1110 900 :
1140 849 1334 918 quibus
1379 849 1538 903 etiam
1591 864 1651 905 se
1679 853 1955 907 contradi-

378 944 619 1003 cturum,
651 952 910 1007 suamque
966 940 1032 992 de
1078 940 1163 994 bis
1195 940 1521 995 sententiam
1552 941 1604 995 in
1652 941 1761 996 alio
1792 958 1956 1012 opere

384 1029 721 1096 prolaturum
744 1044 866 1086 esse
891 1032 1189 1100 pollicetur.
1215 1032 1534 1105 Composuit
1575 1036 1739 1089 etiam
1772 1034 1955 1089 Dialo-

382 1136 505 1188 gum
534 1123 781 1177 adversas
806 1122 1046 1189 Judwas,
1081 1141 1238 1195 quem
1292 1127 1430 1194 apud
1467 1127 1735 1196 Ephesum
1767 1128 1955 1184 habuit

383 1229 507 1267 cum
535 1213 852 1284 Tryphone,
898 1217 1138 1271 omnium
1198 1227 1325 1271 tunc
1364 1221 1624 1287 temporis
1646 1219 1952 1275 .ludteorum

382 1304 758 1363 celeberrimo.
809 1304 927 1374 Quo
974 1311 1027 1364 in
1056 1310 1195 1365 libro
1222 1312 1451 1381 ingenue
1481 1320 1728 1378 testatur,
1764 1327 1953 1381 quem-

383 1395 670 1453 admodum
705 1415 801 1468 per
834 1402 1069 1456 divinant
1092 1404 1321 1473 gratiam
1350 1404 1417 1458 ad
1465 1419 1606 1457 verae
1680 1401 1804 1458 ﬁdei
1855 1405 1952 1458 do-

379 1489 612 1544 etrinam
638 1491 898 1562 impulsus
931 1495 1038 1554 sit:
1067 1505 1119 1549 et
1140 1511 1299 1566 quam
1328 1506 1580 1552 contento
1605 1496 1751 1567 prius
1777 1498 1953 1551 studio

382 1579 435 1634 in
468 1582 864 1654 philosophiam
912 1586 1262 1654 incubuisset,
1322 1600 1630 1658 quantoque
1667 1590 1832 1644 animi
1858 1605 1951 1643 ar-

383 1672 516 1727 dore
543 1674 598 1727 in’
625 1676 852 1731 veritate
887 1679 1306 1748 pervestiganda
1364 1680 1738 1735 laboravisset.
1767 1680 1953 1736 Refert

382 1764 544 1816 etiam
596 1763 809 1821 Iudaeos
863 1767 1125 1822 adversus
1178 1768 1380 1824 Christi
1435 1771 1740 1825 doctrinam
1781 1771 1948 1826 multa

381 1854 641 1910 insidiose
702 1871 765 1910 ac
819 1857 1195 1913 fraudulenter
1244 1860 1585 1917 machinatos
1621 1862 1811 1928 fuisse,
1845 1864 1948 1918 hu-

378 1945 614 2012 iusmodi
680 1952 746 2005 ad
798 1952 1144 2023 Tryphonem
1203 1957 1387 2011 verbis
1430 1969 1587 2013 utens
1625 1976 1638 2011 :
1670 1977 1689 2009 ι
1717 1958 1948 2015 Tantum

381 2038 562 2103 :tlteSt,
616 2041 810 2111 inquit,
849 2053 1024 2101 utvos
1052 2061 1239 2102 eorum
1291 2062 1410 2115 qua:
1451 2049 1614 2120 impie
1660 2052 1950 2119 gesseratis

349 2178 352 2182 Α
380 2133 716 2201 paenituerit.
744 2134 880 2202 Quin
914 2138 1023 2193 itno
1053 2140 1317 2209 quosdam
1352 2141 1418 2195 ad
1443 2141 1494 2196 id
1512 2141 1680 2197 lectos
1706 2143 1950 2198 homines

378 2224 433 2277 in
478 2240 665 2281 omnes
719 2228 866 2283 orbis
914 2239 1093 2297 partes
1146 2231 1422 2295 emisistis,
1463 2234 1554 2303 qui
1600 2234 1838 2290 dicerent
1866 2250 1951 2291 se-

334 2298 520 2370 ?‘ctam
546 2318 830 2387 impiarum
859 2319 1287 2378 Christianorum
1329 2334 1570 2380 exortam
1608 2342 1750 2395 esse,
1778 2342 1950 2397 eaque

378 2407 634 2466 adversus
684 2426 782 2466 nos
815 2413 1014 2481 probra
1042 2415 1401 2485 divulgarent,
1464 2433 1585 2489 qua:
1616 2419 1831 2476 ell‘utire
1857 2436 1948 2476 so-

377 2501 492 2557 lent
513 2501 547 2555 ii
579 2503 668 2572 qui
697 2518 785 2558 res
812 2513 1027 2560 nostras
1060 2509 1281 2576 penitus
1306 2509 1579 2578 ignorant.
1635 2511 1786 2566 Adeo
1838 2527 1944 2565 non

375 2593 550 2646 solum
583 2594 732 2648 vobis
758 2595 908 2664 ipsis,
932 2596 1028 2650 sed
1061 2598 1296 2663 cunctis,
1326 2608 1384 2653 ttt
1411 2600 1482 2655 ita
1529 2601 1730 2668 dicam,
1767 2602 1945 2659 homi-

377 2683 534 2739 nibus
564 2686 770 2739 erroris
814 2697 979 2755 atque
1010 2686 1285 2755 iniustitia:
1319 2706 1544 2747 causam
1604 2697 1881 2762 praebetis.
1920 2717 1939 2750 ι

376 2776 486 2832 Sed
511 2787 566 2832 et
599 2779 651 2831 in
678 2778 869 2832 eodem
904 2779 1065 2847 libro,
1089 2783 1383 2852 prophetia:
1434 2792 1574 2840 dona
1608 2787 1785 2842 adhuc
1844 2803 1941 2844 sua

372 2881 538 2929 aetate
570 2874 622 2927 iu
664 2870 909 2927 Ecclesia
952 2877 1184 2942 viguisse
1227 2876 1436 2932 scribit.
1476 2877 1702 2936 Joannis
1723 2896 1943 2952 quoque

373 2964 780 3023 Revelationem
847 2982 1278 3037 commemorat,
1332 2986 1494 3040 quam
1568 2974 1636 3028 ab
1701 2976 1942 3045 apostolo

375 3059 742 3131 conscriptam
772 3076 891 3117 esse
931 3063 1134 3119 diserte
1184 3063 1333 3119 dicit.
1363 3064 1618 3131 Quzedam
1649 3067 1777 3123 item
1810 3085 1940 3140 pro-

2062 571 2161 643 τὴν
2188 571 2444 626 ὑπόθεσιν
2469 572 2850 645 προϐλήματος
2869 613 2884 637 ,
2926 572 3034 625 τῶν
3064 572 3192 644 παρ’
3234 572 3459 643 Ἕλλησι.
3492 570 3634 640 φιλο-

2064 664 2245 733 σόφων
2277 663 2632 736 παρατίθεται
2683 664 2783 728 τὰς
2830 663 3017 733 δόξας,
3069 659 3156 727 αἷς
3196 665 3289 717 καὶ
3338 663 3633 729 ἀντιλέξειν

2064 757 2422 827 ὑπισχνεῖται,
2445 759 2543 828 τήν
2564 774 2623 810 τε
2642 756 2801 821 αὐτὸς
2829 757 2993 810 αὑτοῦ
3011 756 3165 823 δόξαν
3192 758 3248 810 ὲν
3270 756 3439 829 ἑτέρῳ
3460 771 3634 827 παρα-

2060 848 2321 919 θήσεσθαι
2342 849 2751 920 συγγράμματι.
2778 850 2889 902 Καὶ
2908 848 3193 919 Διάλογον
3219 848 3274 901 δὲ
3308 847 3457 915 πρὸς
3486 846 3632 902 Ἰου-

2060 941 2269 1006 δαίους
2301 940 2608 1008 συνέταξεν,
2629 941 2686 994 ὃν
2710 941 2802 995 ἐπὶ
2821 942 2918 1011 τῆς
2957 939 3219 1011 Ἐφεσίων
3248 940 3452 1003 πόλεως
3490 940 3631 1011 πρὸς

2067 1033 2335 1105 Τρύφωνα
2359 1033 2467 1088 τῶν
2507 1034 2627 1087 τότε
2666 1033 2930 1106 Ἑϐραίων
2971 1033 3363 1105 ἐπισημότατον
3400 1034 3632 1103 πεποίη-

2056 1144 2182 1179 ται·
2213 1128 2270 1179 ὲν
2379 1127 2502 1180 τίνα
2532 1127 2731 1196 τρόπον
2758 1129 2791 1197 ἠ
2834 1126 2951 1179 Θεία
2996 1128 3156 1199 χάρις
3199 1126 3359 1179 αὐτὸν
3399 1127 3492 1179 ἐπὶ
3534 1126 3630 1179 τὸν

2057 1221 2155 1286 τῆς
2216 1220 2451 1282 πίστεως
2505 1219 2843 1292 παρώρμησε
2898 1218 3054 1288 λόγον
3098 1218 3283 1289 δηλοῖ,
3325 1216 3514 1271 ὁποίαν
3563 1213 3628 1271 τε

2055 1312 2319 1385 πρότερον
2346 1312 2472 1383 περὶ
2513 1312 2581 1365 τὰ
2610 1312 2872 1382 φιλόσοφα
2933 1313 3228 1384 μαθήματα
3257 1310 3487 1383 σπουδὴν
3515 1312 3631 1364 εἱσ-

2058 1403 2363 1467 ενήνεκται,
2394 1403 2488 1456 καὶ
2514 1403 2644 1473 ὃσην
2668 1403 2958 1474 ἐποιήσατο
2991 1403 3092 1473 τῆς
3119 1401 3373 1471 ἀληθείας
3396 1400 3632 1471 ἐκθυμο-

2059 1495 2232 1566 τάτην
2266 1495 2512 1567 ζήτησιν.
2558 1496 2782 1564 Ἱστορεῖ
2809 1495 2854 1549 δ’
2878 1496 2936 1549 ἐν
2966 1493 3147 1565 ταύτῷ
3169 1494 3297 1565 περὶ
3336 1492 3625 1557 Ἰουδαίων,

2053 1591 2130 1656 ὡς
2176 1589 2316 1643 κατὰ
2368 1589 2467 1659 τῆς
2513 1586 2606 1641 τοῦ
2666 1586 2903 1660 Χριστοῦ
2951 1585 3292 1649 διδασκαλίας
3341 1583 3627 1644 ἐπιϐουλὴν

2057 1680 2582 1750 συσκευασαμένων,
2633 1677 2772 1732 αὐτὰ
2822 1677 2992 1732 ταῦτα
3036 1677 3172 1750 πρὸς
3222 1677 3313 1730 τὸν
3354 1676 3627 1746 Τρύφωνα

2055 1773 2504 1842 ἀποτεινόμενος’
2556 1789 2575 1822 ι
2610 1771 2682 1823 Οὺ
2733 1771 2889 1843 μόνον
2928 1771 2983 1825 δὲ
3031 1773 3092 1825 ού
3140 1774 3498 1844 μετενοήσατε
3537 1773 3626 1842 ἐφ’

2053 1861 2133 1929 οἷς
2163 1864 2432 1937 ἐπράξατε
2451 1864 2635 1928 κακῶς
2666 1864 2762 1936 (9),
2789 1864 2925 1918 ἀλλὰ
2943 1865 3140 1936 ἄνδρας
3158 1865 3445 1929 ἐκλεκτοὺς
3472 1865 3626 1919 ἐκλε-

2058 1958 2277 2030 ξάμενοι
2316 1958 2439 2010 τότε
2473 1956 2581 2010 ἀπὸ
2617 1957 2997 2029 Ἰερουσαλὴμ,
3039 1957 3379 2028 ἐξεπέμψατε
3410 1959 3489 2021 είς
3519 1958 3627 2010 πᾶ-

2055 2066 2153 2103 σαν
2183 2047 2281 2122 τὴν
2306 2049 2408 2120 γῆν
2427 2047 2675 2115 λέγοντες
2692 2087 2707 2111 ,
2742 2049 2950 2118 αἵρεσιν
2976 2047 3131 2101 ἄθεον
3156 2047 3491 2120 Χριστιανῶν
3534 2064 3630 2101 m-

2054 2140 2283 2210 φάνθαι,
2336 2138 2729 2207 καταλέγοντές
2765 2155 2825 2191 τε
2870 2138 3039 2192 ταῦτα
3063 2180 3077 2204 ,
3110 2138 3253 2211 ἀπερ
3290 2138 3412 2193 καθ’
3465 2138 3625 2210 ἡμῶν

2054 2236 2102 2288 οἱ
2137 2233 2453 2302 ἀγνοοῦντες
2479 2234 2626 2304 ἡμᾶς
2649 2230 2889 2294 ἅπαντες
2911 2230 3179 2299 λέγουσιν,
3209 2230 3349 2284 ὥστε
3373 2232 3432 2284 οὐ
3462 2231 3625 2302 μόνον

2050 2329 2262 2391 ἑαυτοῖς
2288 2326 2500 2390 ἀδικίας
2526 2325 2687 2379 αἴτιοι
2710 2325 3000 2397 ὑπάρχετε,
3036 2323 3169 2378 ἀλλά
3193 2326 3418 2389 καὶτοῖς
3441 2324 3627 2388 ἄλλοις

2050 2419 2251 2474 ἅπασιν
2298 2418 2482 2482 ἁπλῶς
2524 2417 2848 2490 ἀνθρώποις.
2893 2436 2912 2469 ι
2951 2417 3156 2491 Γράφει
3193 2418 3251 2473 δὲ
3290 2419 3384 2476 καὶ
3433 2418 3509 2483 ὡς
3539 2418 3625 2473 ὅτι
3692 2459 3695 2461 »

2049 2513 2159 2584 (10)
2186 2511 2345 2583 μέχρι
2378 2512 2472 2565 καὶ
2511 2509 2675 2563 αὐτοῦ
2705 2510 3014 2581 χαρίσματα
3051 2510 3361 2583 προφητικά
3402 2510 3624 2582 διέλαμ-

2048 2624 2148 2658 πεν
2178 2606 2271 2658 ἐπὶ
2294 2605 2390 2676 τῆς
2425 2604 2766 2675 Ἐκκλησίας.
2804 2603 3093 2675 Μέμνηται
3120 2604 3175 2656 δὲ
3202 2604 3414 2675 καὶτῆς
3445 2605 3626 2658 Ἰωάν-

2047 2714 2139 2751 νου
2169 2695 2603 2765 Ἀποκαλύψεως,
2640 2696 2826 2766 σαφῶς
2847 2695 2940 2749 τοῦ
2962 2697 3257 2749 ἀποστόλου
3285 2697 3454 2769 αὐτὴν
3482 2692 3625 2753 εἶναι

2046 2790 2237 2859 λέγων.
2273 2788 2382 2841 Καὶ
2405 2787 2582 2858 ῥητῶν
2608 2788 2663 2841 δέ
2693 2805 2852 2841 τινων
2879 2787 3227 2858 προφητικῶν
3267 2786 3619 2858 μνημονεύει,

2045 2880 2334 2952 διελέγχων
2358 2880 2448 2933 τὸν
2475 2876 2769 2950 Τρύφωνα,
2807 2877 2882 2941 ὡς
2922 2876 2987 2930 ἂν
3026 2876 3438 2948 περικοψάντων
3479 2876 3625 2935 αύτά

2056 2972 2325 3027 Ἰουδαίων
2376 2971 2484 3025 ἀπὸ
2536 2970 2636 3041 τῆς
2684 2971 2924 3042 Γραφῆς.
2976 2968 3206 3022 Πλεῖστα
3249 2967 3303 3020 δὲ
3336 2967 3429 3021 καὶ
3461 2968 3627 3035 ἕτερα

2044 3065 2193 3137 παρά
2230 3064 2444 3127 πολλοῖς
2487 3062 2710 3135 φέρεται
2754 3061 3001 3130 ἀδελφοῖς
3038 3059 3145 3113 τῶν
3204 3058 3368 3114 αὐτοῦ
3424 3059 3620 3114 πόνων.

373 3153 659 3222 pbetartnn
688 3156 990 3210 testimonia
1014 3156 1243 3226 profert,
1275 3173 1397 3227 quae
1418 3160 1678 3216 adversus
1695 3161 1939 3235 Trypho-

2055 3157 2265 3213 Οὑτωσὶ
2295 3156 2352 3210 δὲ
2381 3154 2618 3225 σπουδῆς
2644 3150 2781 3207 εἶναι
2806 3152 2945 3220 ἄξιοι
2975 3154 3068 3206 καὶ
3093 3154 3204 3216 τοῖς
3231 3152 3479 3215 παλαιοῖς
3509 3151 3628 3206 ὲδό⁸

375 3259 497 3298 nem
523 3244 830 3314 disputans,
866 3264 894 3301 ιι
925 3246 1125 3303 ,Ιιιόωῐε
1153 3264 1183 3304 e
1211 3252 1384 3305 sacris
1440 3252 1597 3307 tibris
1635 3254 1804 3309 recisa
1853 3265 1940 3309 at-

374 3352 480 3407 que
508 3349 777 3409 expuncta
829 3354 950 3396 esse
985 3341 1284 3397 convincit.
1331 3343 1559 3398 Exstant
1579 3354 1631 3398 et
1661 3346 1767 3401 alia
1796 3362 1942 3403 com-

374 3431 531 3497 plura
569 3430 809 3500 ejusdem
841 3435 1105 3503 opuscula
1152 3449 1321 3503 penes
1372 3435 1570 3491 multos
1594 3437 1713 3493 ﬁdei
1747 3447 1944 3493 nostrae

374 3522 632 3578 cultores.
672 3524 830 3578 Tanti
888 3525 1043 3597 141
1080 3542 1243 3595 porro
1291 3528 1542 3582 aestimati
1579 3530 1889 3584 suntetiam
1913 3545 1943 3583 a

377 3615 650 3670 veteribus
703 3616 845 3671 illius
903 3617 1048 3682 libri,
1086 3629 1146 3672 ut
1206 3618 1442 3672 [renatus
1467 3618 1582 3688 ejus
1614 3619 1946 3675 testimoniis

378 3707 646 3761 interdum
690 3717 892 3763 utatur.
945 3709 1078 3765 Nam
1146 3719 1201 3765 et
1256 3710 1308 3765 in
1357 3710 1496 3766 libro
1536 3722 1728 3780 quarto
1751 3710 1949 3767 Contra

374 3798 597 3853 lzcereses
641 3799 757 3854 bzrc
811 3799 1016 3857 habet:
1058 3819 1076 3852 ι
1118 3800 1404 3867 Przeclare,
1452 3804 1646 3873 inquit,
1680 3820 1707 3856 a
1737 3803 1948 3859 Justino

376 3890 579 3945 dictum
607 3897 689 3946 est
723 3893 775 3947 in
810 3892 947 3949 libro
977 3894 1235 3950 Adversus
1264 3895 1586 3950 Marcionem
1612 3912 1633 3951 :
1672 3914 1692 3948 ι
1735 3894 1815 3951 Ne
1844 3896 1946 3966 ipsi

382 4001 402 4035 ι
441 3983 654 4054 quidem
704 3986 955 4054 Domino,
1000 3988 1096 4053 ait,
1124 3988 1429 4043 crediturus
1453 3989 1722 4058 essem,-si
1776 3989 1945 4043 alium

380 4094 401 4128 ι
440 4077 607 4132 Deum
640 4080 956 4148 praedicaret
984 4095 1144 4149 quam
1170 4081 1352 4134 mundi
1384 4080 1785 4136 Conditorem.)
1811 4081 1944 4135 Etin

376 4169 566 4236 quinto
598 4170 841 4239 ejusdem
865 4171 1046 4239 operis
1099 4170 1273 4226 libro:
1308 4190 1327 4223 ‹
1388 4172 1576 4235 Recte,
1626 4174 1819 4243 inquit,
1848 4172 1944 4228 Ju-

377 4262 558 4314 stinus
579 4260 738 4324 dixit,
764 4259 1024 4314 Satanam
1077 4271 1206 4315 ante
1235 4262 1527 4316 adventum
1564 4262 1773 4317 Domini
1800 4279 1945 4316 nun-

376 4369 538 4420 quam
586 4368 775 4407 ausum
814 4353 983 4409 fuisse
1035 4354 1197 4424 impie
1239 4353 1389 4423 loqui
1434 4357 1696 4411 adversus
1746 4356 1938 4420 Deum,

2051 3266 2182 3304 κουν
2212 3250 2263 3302 οἱ
2294 3248 2518 3319 τάνδρὸς
2542 3246 2687 3314 λόγοι
2706 3285 2722 3311 ,
2757 3244 2832 3308 ὡς
2856 3243 2945 3298 τὸν
2976 3245 3258 3316 Εἰρηναῖον
3303 3245 3627 3315 ἀπομνημο-

2049 3339 2224 3395 νεύειν
2250 3338 2413 3392 αύτοῦ
2446 3336 2648 3406 φωνὰς,
2676 3335 2833 3389 τοῦτο
2872 3336 2969 3406 μὲν
3001 3337 3056 3387 ὲν
3084 3334 3161 3406 τῷ
3190 3334 3434 3405 τετάρτῳ
3465 3335 3627 3403 Πρὸς

2053 3430 2160 3498 τὰς
2178 3429 2458 3498 αἱρέσεις,
2494 3425 2631 3482 αὐτὰ
2656 3425 2719 3493 δὴ
2749 3425 2919 3480 ταῦτα
2939 3425 3252 3494 ἐπιλέγοντα
3272 3443 3285 3456 ’
3320 3445 3338 3476 ι
3382 3426 3491 3479 Καὶ
3523 3442 3625 3479 και·

2052 3519 2160 3584 λῶς
2195 3522 2475 3581 Teos-tivo;
2519 3519 2575 3571 ὲν
2619 3516 2696 3588 τῷ
2728 3517 2883 3584 Πρὸς
2922 3517 3240 3585 Μειρκίωνα
3286 3515 3626 3587 συντάγματι

2057 3629 2253 3683 φησιν,
2277 3610 2546 3682 ὄτι·Αὐτῷ
2566 3609 2643 3681 τῷ
2672 3610 2860 3682 Κυρίῳ
2900 3610 3006 3664 οὐδ’
3048 3609 3113 3665 ἂν
3144 3609 3401 3682 ἐπείσθην
3420 3650 3436 3674 ,
3464 3608 3625 3663 ἄλλον

2055 3705 2186 3758 Θεὸν
2223 3703 2640 3773 καταγγέλλοντι
2688 3702 2840 3775 παρά
2869 3700 2955 3755 τὸν
2992 3703 3356 3775 Δημιουργόν·
3409 3721 3428 3754 ι
3463 3701 3624 3755 τοῦτο

2054 3797 2110 3852 δὲ
2138 3800 2195 3852 ὲν
2217 3796 2294 3868 τῷ
2326 3797 2558 3868 πέμπτῳ
2588 3795 2688 3866 τῆς
2723 3795 2894 3865 αὐτῆς
2922 3795 3227 3858 ὑποθέσεως
3257 3793 3344 3847 διὰ
3381 3793 3585 3847 τούτων
3604 3813 3618 3824 ·

2059 3908 2078 3939 ι
2119 3889 2229 3947 Καὶ
2266 3886 2443 3950 καλῶς
2473 3889 2501 3940 ὁ
2542 3887 2819 3950 Ἰουστῖνος
2851 3885 2953 3955 ἔφη
2973 3926 2986 3946 ,
3013 3886 3093 3939 δτι
3131 3885 3236 3958 πρὸ
3276 3885 3376 3956 μὲν
3398 3886 3495 3956 τῆς
3522 3884 3619 3945 ταῦ

2051 3980 2258 4053 Κυρίου
2308 3980 2609 4051 παρουσίας
2656 3978 2912 4032 οὐδέποτε
2962 3977 3258 4050 ἐτόλμησεν
3295 3980 3322 4031 ὁ
3376 3979 3619 4042 Σατανᾶς

2054 4073 2442 4149 βλασφημῆσαι
2472 4073 2561 4125 τὸν
2587 4072 2739 4135 Θεὸν,
2770 4070 2863 4124 ἆτε
2898 4070 3119 4143 μηδέπω
3146 4070 3300 4134 εἰδὼς
3327 4068 3492 4124 αὐτοῦ
3519 4068 3621 4141 τὴν

2051 4166 2398 4237 κατάκρισιν.
2460 4184 2477 4216 ι
2531 4165 2643 4218 Καὶ
2685 4163 2860 4217 ταῦτα
2900 4163 2956 4216 δὲ
2992 4164 3303 4233 ἀναγκαίως
3357 4162 3619 4235 εἰρήσθω,

2051 4266 2129 4326 εἰς
2156 4260 2466 4334 προτροπὴν
2488 4260 2581 4313 τοῦ
2615 4259 2751 4330 μετά
2781 4259 3012 4329 σπουδῆς
3039 4260 3164 4323 τοὺς
3189 4257 3623 4330 φιλομαθεῖς.καὶ

2049 4351 2175 4413 τοὺς
2201 4350 2389 4402 τούτου
2416 4347 2696 4420 περιέπειν
2723 4347 2934 4418 λόγους.
2956 4349 3063 4402 Καὶ
3095 4348 3163 4402 τὰ
3191 4349 3287 4421 μὲν
3311 4346 3451 4403 κατά
3471 4348 3623 4402 τόνδε

375 4445 576 4515 quippe
620 4442 713 4512 qui
773 4443 1184 4499 damnationem
1238 4460 1388 4499 suam
1456 4445 1691 4499 nondum
1745 4445 1947 4515 liquido

2055 4441 2274 4497 τοιαῦτα
2300 4436 2388 4512 ἦν.

377 4586 756 4640 nbsctiriorum
782 4580 1145 4652 quaestionum
1181 4582 1247 4634 de
1272 4581 1672 4639 lncaruatione.
1707 4581 1947 4648 Quaestio

375 4658 522 4711 enim
562 4656 678 4725 ipsa
720 4651 870 4725 tituli
908 4651 1022 4706 loco
1052 4652 1418 4725 praemittitur,
1448 4652 1645 4725 deinde
1675 4652 1952 4725 subjungi-

378 4738 468 4779 tur
500 4722 788 4794 expositio.
823 4722 1259 4794 Seuterntiaitem
1307 4737 1401 4794 seu
1445 4724 1639 4792 dogma
1682 4722 1951 4794 interdum

379 4796 497 4850 vice
528 4793 671 4850 tituli
700 4810 794 4849 seu
832 4793 1030 4847 indicis
1062 4793 1360 4861 prmiigitur
1390 4793 1493 4848 hoc
1521 4794 1687 4850 modo
1710 4793 1813 4858 ὅτι,
1846 4805 1949 4847 etc.

381 4866 580 4920 Deinde
604 4864 911 4935 apponitur
932 4863 1326 4935 demonstratio
1354 4904 1368 4926 ,
1420 4872 1477 4916 ut
1527 4864 1729 4935 videre
1776 4872 1859 4918 est
1901 4867 1952 4917 iu

381 4934 697 5005 supradicto
745 4934 1353 5005 CyrilligAle’xaudrini
1410 4934 1569 4988 libro.
1631 4934 1951 5005 Hujusmodi

377 5002 483 5059 fuit
528 5002 720 5065 Justini
770 5002 908 5056 liber
956 5002 1032 5056 De
1070 5004 1251 5055 anima
1304 5019 1322 5056 :
1373 5002 1955 5072 qumstionesvscilicet

378 5090 443 5132 ac
466 5078 755 5128 sententiae.
778 5074 1025 5142 quaedam
1059 5075 1123 5126 de
1154 5083 1345 5143 natura
1379 5087 1431 5126 et
1487 5076 1698 5143 origine
1746 5073 1955 5127 anima-

380 5161 504 5199 rum
545 5146 794 5212 :quibus
818 5144 1101 5209 subjuncta
1126 5152 1247 5213 erat
1300 5142 1499 5197 Justini
1558 5145 1829 5213 expositio
1888 5157 1954 5196 ac

381 5214 800 5268 demonstratio.
852 5214 1078 5283 Ειιειιιιιι.
1125 5212 1287 5266 hodie
1336 5212 1641 5267 Alexandri
1686 5212 1956 5283 Aphrodi—

380 5284 578 5355 siensis
602 5283 723 5337 libri
764 5285 869 5339 duo
900 5281 978 5355 De
1009 5283 1209 5355 animo,
1236 5298 1372 5349 quos
1398 5281 1956 5355 oxéltajnrevocare

382 5354 581 5421 possis.
609 5355 747 5408 Sunt
774 5355 918 5409 enim
961 5354 1014 5405 in
1041 5352 1376 5422 scholiorum
1401 5352 1618 5409 modum
1683 5369 1745 5409 ea
1793 5370 1952 5422 quant

382 5425 494 5479 dixi
521 5425 728 5479 ratione
763 5423 1068 5494 compositi.
1095 5421 1410 5494 Ilujustnodi
1440 5427 1601 5479 etiam
1625 5426 1772 5478 fuere
1799 5421 1957 5477 scho-

383 5495 585 5549 liorunt
617 5496 738 5551 libri
767 5492 984 5551 centum
1020 5492 1326 5565 ab_Ame|io
1374 5495 1698 5565 philosopho
1732 5510 1954 5565 compo-

384 5566 497 5629 siti,
533 5582 762 5633 quorum
803 5565 1049 5619 meminit
1095 5562 1431 5634 Porphyrius
1481 5568 1533 5618 in
1573 5562 1769 5619 Plotini
1814 5563 1952 5616 Vita.

383 5637 640 5701 Eiusdem
675 5636 977 5705 argumenti
1013 5634 1181 5688 fuisse
1217 5635 1467 5688 videntur
1498 5636 1614 5691 libri
1660 5634 1954 5689 ἐπιλέκτων

384 5706 595 5777 σχολῶν
629 5723 658 5759 a
687 5707 921 5777 Diogene
956 5705 1213 5777 Ittt‘sensi
1251 5708 1555 5777 compositi,
1590 5724 1817 5775 quorum
1852 5724 1957 5761 tne-

384 5774 545 5832 niinit
581 5779 830 5831 Laertius
862 5776 914 5829 in
946 5774 1208 5844 Epicuro.
1251 5776 1493 5845 Denique
1536 5774 1779 5832 scholion
1825 5795 1931 5831 non

382 5866 661 5923 nunquam
689 5848 885 5902 dicitur
921 5848 1068 5901 locus
1099 5863 1164 5901 ex
1194 5847 1377 5917 aliquo
1401 5916 1407 5922 ι
1428 5849 1696 5917 scriptore
1742 5863 1931 5905 excer~

2057 4589 2196 4647 ptus.
2214 4577 2305 4631 Sic
2324 4578 2463 4646 apud
2489 4577 2843 4646 Epiphaniam
2864 4579 2916 4633 in
2939 4578 3127 4633 haeresi
3152 4578 3623 4643 Marcionitarum,

2056 4665 2179 4717 pag.
2203 4648 2309 4722 522
2335 4666 2347 4700 :
2377 4648 2522 4722 ᾼύτὴ
2560 4649 2657 4722 μέν
2677 4651 2775 4720 τῆς
2815 4650 3217 4722 προειρημένης
3246 4650 3398 4719 ὑμῶν
3427 4650 3626 4703 ὑποθέ-

2058 4735 2196 4792 σεως
2222 4718 2752 4792 ἠέσχολιοτεοιηθεῖσα
2791 4718 3518 4792 σύντομοςξύπομνηματικὴ
3563 4721 3625 4786 ἐξ

2057 4788 2404 4862 ἀντιγράφων
2424 4788 2518 4842 τοῦ
2542 4788 2863 4862 Μαρκίωνος
2888 4788 3137 4855 σύνταξις
3163 4788 3472 4861 π’ρδςέπος.
3508 4788 3623 4845 ’διλ-

2057 4860 2243 4933 quitur
2272 4872 2461 4933 postea
2473 4860 2698 4933 σκόλιον
2730 4862 2836 4914 ἀπὸ
2874 4862 2966 4915 τοῦ
2993 4860 3308 4930 εὐαγγελίου
3344 4862 3445 4933 τοῦ
3470 4862 3624 4933 παρὰ

2055 4930 2362 5003 Μαρκίωνι.
2421 4930 2520 4987 Ubi
2577 4933 2742 4995 \‘itlcs,
2799 4933 3041 4987 scholion
3102 4933 3247 5003 nihil,
3303 4932 3450 4987 aliud
3502 4930 3626 4987 esse

2059 5002 2220 5066 quam
2246 5002 2421 5056 locum
2446 5012 2760 5071 excerptum
2794 5018 2859 5057 ex
2895 5002 3171 5071 evangelio
3204 5002 3516 5061 Marcionis,
3537 5006 3624 5057 cui

2060 5071 2392 5140 Epiphanius
2454 5072 2834 5125 refutationem
2891 5073 3184 5141 suhjttugit.
3254 5073 3329 5125 Ita
3387 5072 3624 5126 scholion

2062 5142 2312 5194 [ianomii
2338 5141 2539 5195 dicitur
2569 5144 2619 5194 in
2655 5141 3025 5209 Disputatione
3047 5144 3327 5197 orthodoxi
3359 5160 3478 5196 cum
3510 5143 3625 5195 Eu-

2059 5211 2231 5283 nomia
2257 5225 2416 5278 quam
2473 5212 2644 5265 edidit
2684 5212 2934 5267 Canisius
2984 5224 3129 5267 tonio
3160 5212 3222 5267 ι’.
3279 5214 3447 5283 Recte
3494 5228 3624 5283 ergo

2062 5280 2423 5354 Hieronymus
2448 5289 2692 5354 excerpta
2734 5283 3143 5350 interpretatur,
3186 5300 3320 5353 quas
3357 5280 3626 5354 Origenés

2060 5350 2384 5419 σημειώσεις
2409 5366 2501 5421 seu
2527 5351 2712 5419 σχόλια
2745 5356 3127 5421 appellaverat.

2134 5415 2209 5490 (9)
2259 5421 2376 5489 Ἐφ’
2401 5415 2490 5486 οἷς
2517 5415 2827 5489 ἐὲὲράξατέ
2842 5423 3055 5490 κακῶς.
3090 5425 3147 5477 ιιι
3186 5424 3320 5483 Fuk.
3376 5435 3431 5481 et
3493 5425 3619 5479 Sav.

2059 5492 2320 5558 scriptqu
2352 5501 2433 5544 est
2474 5495 2684 5555 κακοῖς,
2715 5507 2820 5545 non
2850 5497 3007 5547 male.

2131 5559 2242 5631 (10)
2275 5560 2496 5630 Γράφει
2524 5560 2593 5614 δὲ
2620 5563 2717 5615 καὶ
2748 5563 2827 5627 ὡς
2849 5564 2956 5617 ὅτι.
2988 5564 3341 5620 Pleonasmus
3367 5575 3472 5629 est,
3500 5581 3619 5619 cum

2060 5631 2325 5704 alterutra
2346 5648 2445 5686 vos
2485 5633 2741 5704 suiliciat.
2762 5632 2873 5687 Nisi
2898 5634 3035 5689 forte
3051 5637 3170 5704 quis
3203 5636 3352 5689 malit
3380 5637 3622 5693 scribere

2060 5702 2136 5765 ὡς
2158 5700 2238 5754 ἔτι
2265 5702 2425 5772 μέχρι
2466 5703 2559 5755 καὶ
2594 5703 2779 5767 αὐτοῦ,
2804 5718 2909 5757 etc.
2945 5705 3049 5758 Sed
3068 5700 3221 5758 —nihi|
3245 5722 3379 5774 opus
3409 5716 3493 5760 est.
3522 5708 3621 5760 hac

2061 5776 2605 5841 etnendatione,eum
2662 5775 3004 5842 pleonasmus
3068 5777 3155 5829 hic
3214 5775 3495 5829 iatniliaris
3548 5778 3620 5831 sit

2061 5844 2311 5897 Eusebio.
2339 5842 2412 5896 Ita
2443 5845 2583 5897 enim
2609 5846 2847 5914 loquitur
2873 5847 2924 5899 in
2952 5862 3068 5917 cap.
3094 5846 3165 5899 ‘22
3215 5847 3370 5915 hujus
3402 5847 3544 5900 libri.
