4016 6260
484 315 591 369 583

1199 310 1465 365 EUSEBII
1504 313 1986 376 CIESARIERSIS
2024 318 2172 375 ΟΡΡ.
2203 317 2391 375 PARS
2433 319 2474 372 I.
2513 351 2583 361 —
2618 317 3007 375 HISTORICA.

3636 316 3744 373 584

484 429 780 484 sciderunt.
827 451 847 484 ι
898 430 1044 488 Idem
1096 440 1359 501 praetcrea
1420 436 1659 503 scriptor
1720 448 1895 494 sectas
1945 440 2033 494 illa

2167 440 2280 492 Καὶ
2312 440 2475 511 ἕτερα
2524 440 2580 493 δέ
2629 440 2858 493 πλεῖστα
2898 440 3118 511 γράφει,
3157 430 3232 492 ὧν
3278 437 3343 492 ἐκ
3392 435 3590 509 μέρους
3638 435 3743 507 ἤδη

482 536 603 587 qua:
638 523 909 589 quondam
935 523 1073 592 apud
1129 522 1342 579 Iudaeos
1385 526 1750 592 invaluerunt,
1806 545 2054 588 recenset

482 612 570 666 his
595 614 810 668 verbis:
857 634 877 667 ‹
917 617 1103 680 Erant,
1148 616 1344 684 inquit,
1398 619 1633 674 diversa:
1691 632 1854 676 sectae
1892 633 2053 695 atque

482 707 763 760 sententiae
817 708 868 761 in
932 711 1370 774 circumcisione,
1405 710 1543 765 inter
1573 711 1708 765 ﬁlios
1740 712 1900 769 Israel
1954 717 2053 770 ad-

481 811 672 857 versus
699 800 895 853 tribum
921 800 1090 867 Judm,
1126 811 1182 857 et
1211 803 1470 856 adversus
1523 801 1798 859 Christum
1836 823 1851 862 :
1879 806 2048 862 Εεεωί

482 889 711 952 scilicet,
736 888 962 955 GaliIa‘i,
1007 891 1512 959 Hemerohaptistaz,
1550 890 1889 960 Masbothmi,
1938 893 2048 949 Sa-

483 980 711 1042 maritre,
769 981 1072 1047 Saddncaci,
1130 983 1411 1037 Pharisaei.
1451 1001 1469 1034 ι
1522 982 1917 1038 Scribitetiam
1944 986 2048 1040 alia

481 1070 891 1138 quamplurima,
939 1089 1060 1141 quae
1103 1073 1332 1139 nosjam
1384 1074 1635 1140 superius
1690 1076 1925 1131 maxima
1981 1094 2048 1133 ex

480 1170 652 1227 parte,
681 1162 789 1216 suis
829 1180 1053 1234 quaeque
1078 1167 1211 1219 locis
1241 1182 1304 1220 ac
1368 1169 1698 1234 temporibus
1743 1170 2057 1225 inserentes‘

482 1254 787 1310 retulimus.
823 1254 1090 1311 Nonnulla
1145 1258 1271 1311 item
1304 1273 1368 1312 ex
1405 1260 1749 1315 Hebraeorum
1807 1261 2049 1333 Evange-

478 1340 551 1395 lio
580 1354 634 1398 et
664 1346 915 1416 Syriaco,
940 1358 993 1402 et
1028 1364 1092 1402 ex
1120 1348 1381 1403 Hebraica
1410 1350 1592 1419 lingua
1619 1350 1825 1413 profert
1852 1353 1902 1405 in
1937 1370 2049 1407 me-

480 1436 649 1501 dimn,
704 1440 838 1493 satis
886 1456 982 1508 per
1005 1442 1118 1495 haec
1159 1450 1342 1509 aperte
1393 1441 1726 1509 signiﬁcans,
1757 1457 1816 1497 se
1848 1458 1912 1497 ex
1947 1443 2048 1498 He-

477 1528 638 1583 braeis
669 1531 733 1583 ad
786 1530 986 1586 Christi
1038 1533 1195 1586 ﬁdem
1241 1534 1543 1587 transiisse.
1585 1534 1703 1586 Alia
1734 1549 1947 1604 quoque
1980 1552 2048 1591 ex

2163 533 2424 603 πρότερον
2460 531 2965 603 ἐμνημονεύσαμεν,
3004 531 3218 593 οἰκείως
3256 531 3367 593 τοῖς
3399 531 3608 599 καιροῖς
3641 526 3744 592 τὰς

2162 623 2403 695 ἱστορίας
2446 623 2833 695 παραθέμενοι.
2888 625 2992 677 Ἕκ
3031 640 3091 676 τε
3136 622 3230 676 τοῦ
3271 621 3391 676 καθ’
3448 618 3745 693 Ἑϐραίους

2158 714 2488 783 Εύαγγελίου
2513 716 2607 768 καὶ
2625 717 2718 768 τοῦ
2733 713 3024 787 Συριακοῦ,
3042 714 3133 767 καὶ
3156 714 3299 777 ἰδίως
3316 715 3380 767 ἐκ
3393 713 3495 783 τῆς
3526 712 3743 783 Ἐϐραῖ-

2157 806 2245 870 δος
2288 806 2566 860 διαλέκτου
2598 806 2719 861 τινὰ
2767 806 2999 879 τίθησιν,
3053 807 3330 878 ἐμφαίνων
3370 805 3428 873 ἐξ
3467 804 3734 877 Ἑϐραίων

2157 899 2348 952 ἑαυτὸν
2384 900 2833 954 πεπιστευκέναι·
2893 902 2986 955 καὶ
3018 899 3148 954 ἄλλα
3176 899 3232 952 δὲ
3256 899 3333 962 ὡς
3366 898 3434 951 ἂν
3474 898 3534 965 ἐξ
3597 899 3732 952 Ἰου-

2153 990 2348 1062 δαϊκῆς
2368 993 2616 1064 ἀγράφου
2645 992 2994 1064 παραδόσεως
3024 990 3368 1063 μνημονεύει·
3401 990 3461 1044 ού
3493 990 3651 1062 μόνος
3673 991 3733 1044 δὲ

2153 1077 2324 1147 οὗτος,
2358 1083 2492 1137 ἀλλά
2534 1083 2627 1136 καὶ
2671 1085 2958 1156 Εἰρηναῖος
3006 1084 3100 1137 καὶ
3131 1085 3158 1136 ὁ
3190 1084 3297 1146 πᾶς
3336 1082 3444 1135 τῶν
3485 1080 3730 1152 ἀρχαίων

2151 1175 2330 1246 χορὸς,
2370 1174 2672 1247 πανάρετον
2723 1176 2919 1245 Σοφίαν
2951 1175 3050 1239 τὰς
3082 1173 3390 1246 Σολομῶνος
3421 1174 3731 1245 Παροιμίας

2152 1266 2379 1321 ἐκάλουν
2404 1265 2537 1338 (26).
2579 1269 2690 1322 Καὶ
2734 1267 2862 1340 περὶ
2898 1267 3006 1321 τῶν
3037 1267 3340 1338 λεγομένων
3385 1266 3442 1321 δέ
3485 1263 3732 1336 ἀποκρύ-

2152 1377 2268 1428 φων
2298 1360 2700 1432 διαλαμϐάνων,
2723 1361 2941 1415 ἐπὶτῶν
2969 1359 3130 1416 αὑτοῦ
3162 1360 3367 1432 χρόνων
3401 1359 3536 1431 πρός
3562 1374 3728 1412 τινων

2151 1449 2439 1521 αἰρετικῶν
2471 1453 2884 1507 ἀναπεπλάσθαι
2915 1453 3037 1507 τινὰ
3063 1452 3265 1507 τούτων
3301 1455 3521 1525 ἱστορεῖ.
3564 1450 3729 1507 Ἀλλὰ

2154 1542 2264 1615 γὰρ
2297 1544 2380 1613 ἐφ’
2412 1545 2602 1617 ἓτερον
2636 1547 2736 1618 ἤδη
2773 1546 3098 1619 μεταϐατὲον
3130 1545 3262 1620 (27).

476 1617 715 1675 Judaicis
767 1623 1150 1678 traditionibus
1196 1626 1397 1695 scripto
1448 1625 1672 1678 minime
1717 1628 2129 1695 comprehensis
2174 1636 2338 1703 petita
2398 1617 2805 1694 commemorat.
2861 1638 2976 1693 Non
3032 1617 3428 1699 solumvaulem
3461 1637 3595 1707 ipse,
3627 1636 3727 1691 sed

477 1713 639 1768 etiam
696 1716 933 1772 Irenaeus
979 1728 1033 1771 et
1083 1734 1273 1773 omnes
1325 1720 1551 1788 antiqui,
1584 1718 1876 1773 Proverbia
1933 1721 2237 1784 Salomonis
2286 1745 2480 1786 vocare
2537 1734 2718 1787 solent
2773 1733 3101 1803 Sapientiam
3163 1735 3406 1788 omnium
3457 1733 3722 1787 virtutum

475 1822 741 1879 praecepta
796 1813 1185 1870 continentem.
1222 1815 1461 1883 Denique
1490 1829 1653 1884 agens
1683 1816 1750 1868 de
1797 1815 1948 1870 libris
1977 1821 2065 1888 qui
2128 1826 2420 1895 apocryphi
2488 1827 2764 1895 dicuntur,
2796 1829 3055 1898 quosdam
3092 1842 3278 1884 eorum
3318 1843 3412 1883 sua
3463 1834 3625 1881 aetate
3651 1836 3721 1891 ab

475 1903 746 1957 nonnullis
797 1904 1064 1959 haereticis
1093 1906 1413 1972 compositos
1463 1919 1584 1959 esse
1625 1905 1832 1960 scribit.
1865 1906 1970 1962 Sed
2004 1910 2113 1977 jam
2161 1914 2229 1970 ad
2265 1914 2401 1971 alios
2442 1927 2796 1974 transeamus,

1036 2069 1263 2125 CAPUT
1296 2069 1485 2127 XXIII.

2653 2082 3048 2137 ΚΕΦΑΛΑΙΟΝ
3078 2083 3206 2138 Kl".

475 2179 554 2239 De
585 2179 856 2252 Dionysio,
894 2180 1286 2266 Corinthiorum
1324 2187 1596 2266 “episcopo,
1640 2196 1686 2240 et
1718 2185 1782 2241 de
1808 2190 2039 2258 epistolis

2145 2193 2282 2262 Περί
2319 2194 2648 2266 ’Διονυσίου
2698 2194 3401 2266 Κορινθίῳ-ἐπισκόπου
3462 2192 3561 2266 καὶ
3625 2187 3717 2249 ὧν

1059 2255 1122 2307 ab
1147 2271 1204 2308 eo
1232 2256 1464 2325 scriptis.
1836 2255 1845 2258 ⁷

2220 2255 2237 2262 ’
2307 2264 2568 2334 ἔγραψεν
2617 2255 2955 2321 ἑπισὲολῶν
2985 2263 3124 2336 (Nic.
3155 2264 3227 2322 II.
3256 2263 3320 2316 E.
3359 2279 3430 2330 tv,
3466 2264 3544 2333 8).

542 2365 621 2418 Ac
658 2364 888 2433 primum
919 2366 1137 2435 quidem
1191 2367 1256 2421 de
1309 2366 1565 2437 Dionysio
1606 2369 1889 2424 dicendum
1939 2380 2042 2436 est,

468 2456 561 2523 qni
598 2454 1006 2511 Corinthiorum
1040 2457 1298 2513 Ecclesiae
1328 2460 1698 2529 episcopatum
1726 2464 1914 2531 gessit,
1948 2478 2045 2517 nec

469 2549 645 2602 solum
678 2549 889 2618 populis
916 2549 1017 2602 sibi
1053 2550 1383 2617 commissis,
1404 2566 1592 2606 verum
1618 2552 1781 2607 etiam
1812 2553 2041 2606 aliarum

470 2643 751 2709 regionum
794 2651 852 2697 et
880 2641 1091 2696 urbium
1142 2642 1355 2709 incolis,
1390 2643 1603 2699 divinos
1651 2644 1869 2701 labores
1915 2661 2044 2700 suos

467 2732 677 2801 prolixe
709 2734 1148 2798 communicavit,
1182 2735 1424 2789 omnium
1455 2737 1753 2791 commodis
1791 2736 2041 2790 utilitati-

465 2841 574 2893 que
614 2825 935 2891 inserviens,
979 2827 1032 2880 in
1067 2828 1351 2884 catholicis
1377 2828 1505 2893 illis,
1530 2844 1664 2898 quas
1704 2830 1770 2884 ad
1797 2830 2042 2886 diversas

469 2915 743 2970 Ecclesias
782 2916 1019 2985 scripsit,
1055 2918 1316 2986 epistolis.
1352 2918 1429 2973 Ex
1461 2920 1656 2988 quibus
1694 2934 1801 2974 una
1823 2921 2039 2989 quidem

463 3017 550 3062 est
574 3008 639 3063 ad
663 3006 1127 3070 Lacedaemonios,
1156 3020 1322 3064 recta:
1342 3011 1464 3065 ﬁdei
1495 3010 1888 3067 institutionem
1913 3025 2044 3065 con-

467 3103 672 3163 tinens,
734 3115 1032 3169 pacemque
1084 3112 1140 3155 et
1189 3102 1450 3163 unitatem
1502 3102 1822 3165 insinuans;
1876 3104 2037 3158 altera

469 3208 604 3249 vero
638 3195 704 3248 ad
735 3194 1100 3249 Athenienses
1136 3195 1338 3264 scripta
1358 3235 1373 3261 ,
1399 3195 1647 3249 excitans
1680 3195 1747 3248 ad
1779 3195 1959 3260 ﬁdem,
1988 3206 2043 3250 et

468 3288 535 3340 ad
569 3288 738 3341 vitam
763 3303 827 3357 ex
854 3297 1127 3357 praecepto
1161 3287 1438 3357 Evangelii
1474 3289 1859 3344 traducendam
1888 3306 1901 3343 :
1935 3305 2040 3358 qua

2214 2376 2323 2429 Καὶ
2355 2376 2570 2449 πρῶτόν
2600 2395 2665 2447 γε
2694 2379 2822 2449 περὶ
2866 2376 3139 2430 Διονυσίου
3173 2376 3390 2447 φατέον,
3422 2377 3502 2429 ὅτι
3525 2391 3585 2430 τε
3614 2375 3714 2447 τῆς

2144 2469 2202 2521 ἐν
2219 2469 2468 2540 Κορίνθῳ
2490 2472 2777 2543 παροικίας
2799 2471 2889 2543 τὸν
2909 2469 3008 2539 τῆς
3025 2471 3324 2541 ἐπισκοπῆς
3344 2469 3714 2541 ἐγκεχείριστο

2144 2539 2348 2632 θρόνον,
2384 2539 2477 2616 καὶ
2509 2539 2586 2627 ὡς
2626 2564 2726 2635 τῆς
2757 2539 2940 2617 ὲνθέου
2969 2539 3290 2636 φιλοπονίας
3323 2563 3381 2616 οὐ
3416 2539 3573 2633 μόνον
3599 2564 3714 2624 τοῖς

2146 2656 2236 2708 ὑπ’
2277 2655 2461 2721 αὑτὸν,
2515 2656 2628 2710 ἀλλ’
2683 2656 2782 2728 ἤδη
2827 2656 2923 2709 καὶ
2971 2658 3085 2719 τοῖς
3128 2655 3220 2707 ἐπ)⁸
3264 2654 3365 2724 τῆς
3410 2650 3712 2721 ἀλλοδαπῆς

2143 2744 2388 2815 ἀφθόνως
2442 2745 2736 2810 ἐκοινώνει,
2791 2744 3204 2817 χρησιμώτατον
3263 2742 3462 2796 ἅπασιν
3521 2736 3714 2792 ἑαυτὸν

2143 2837 2425 2903 καθιστὰς,
2461 2839 2519 2892 ἐν
2567 2832 2656 2901 αἷς
2702 2836 3041 2891 ὑπετυποῦτο
3071 2834 3387 2897 καθολικαῖς
3427 2831 3562 2903 πρὸς
3614 2846 3712 2892 τας

2155 2927 2475 2999 Ἐκκλησίας
2504 2928 2845 2991 ἐπιστολαῖς..
2865 2920 2966 2981 ’Ὧν
3003 2928 3149 2980 ἐστιν
3174 2928 3208 2997 ἡ
3236 2924 3333 2997 μὲν
3363 2922 3500 2993 πρὸς
3536 2922 3715 2974 Λακε-

2140 3019 2469 3091 δαιμονίους,
2519 3018 2827 3091 ὁρθοδοξξας
2864 3013 3353 3091 κατηχητικὴβὶὸ),
3391 3015 3614 3085 εἰρήνης
3652 3030 3715 3065 τε

2141 3113 2238 3168 καὶ
2283 3112 2527 3176 ἐνώσεως
2555 3112 2848 3184 ὑποθετική
2868 3130 2880 3143 ·
2910 3115 2942 3185 ἡ
2973 3112 3031 3165 δέ
3060 3112 3207 3197 πρὸς1
3238 3110 3571 3182 Ἀθηναίους,
3634 3109 3716 3163 δι-

2142 3205 2394 3277 εγερτικὴ
2418 3208 2651 3268 πίστεως
2695 3204 2787 3258 καὶ
2813 3205 2913 3274 τῆς
2939 3203 3080 3258 κατά
3107 3203 3167 3256 τὸ
3199 3200 3524 3272 Εύαγγέλιον
3564 3200 3717 3253 πολι-

2140 3294 2324 3356 τείας⁸
2372 3289 2440 3366 ἧς
2484 3293 2924 3365 ὀλιγωρήσαντας
2978 3292 3220 3363 ἐλέγχει,
3266 3292 3343 3355 ὡς
3390 3290 3455 3345 ἂν
3512 3288 3713 3362 μικρώ

468 3381 526 3436 in
552 3395 611 3433 re
643 3380 1029 3451 negligentiam
1064 3380 1243 3450 arguit
1266 3380 1703 3444 Atheniensium,
1729 3380 1927 3450 quippe
1948 3378 2039 3449 qui

2145 3386 2252 3439 δεῖν
2284 3384 2628 3449 ἀποστάντας
2654 3383 2748 3438 τοῦ
2775 3384 2931 3454 λόγου
2949 3425 2964 3450 ,
2995 3383 3055 3450 ἐξ
3079 3377 3247 3456 οὗπερ
3274 3382 3365 3438 τὸν
3393 3382 3714 3455 προεστῶτα

467 3488 498 3526 a
532 3472 636 3528 ﬁde
665 3473 1056 3542 prepemodum
1082 3472 1460 3538 descivissent,
1490 3488 1556 3526 ex
1584 3488 1691 3541 quo
1722 3472 2042 3541 Publiusip-

470 3578 656 3618 sorum
683 3564 971 3634 episcopus
1017 3564 1071 3617 in
1115 3563 1586 3632 persecutionibus
1625 3573 1754 3620 tunc
1784 3563 2039 3633 temporis

464 3655 727 3711 excitatis
758 3657 1079 3728 martyrium
1115 3656 1380 3710 subierat.
1414 3654 1659 3711 Meminit
1698 3657 1857 3710 etiam
1890 3657 2037 3724 Qua-

470 3747 636 3813 drati,
676 3747 767 3818 qui
815 3757 937 3818 post
975 3749 1294 3820 martyrium
1325 3746 1527 3815 Publii,
1556 3748 1844 3820 episcopus
1871 3750 2040 3804 Athe-

473 3976 502 4013 a
546 3958 748 4015 Iudaeis
799 3959 1069 4025 distinxit,
1096 3970 1150 4014 et
1198 3959 1501 4014 Iudaeorum
1553 3958 1770 4027 quidem
1828 3966 2037 4027 septem

472 4033 708 4085 haereses
754 4031 1025 4084 recensuit
1067 4049 1081 4085 :
1116 4030 1575 4084 Samaritanorum
1612 4043 1741 4082 vero
1784 4039 2038 4097 quatuor.

471 4101 834 4170 Ilegesippum
894 4111 1070 4153 tamen
1124 4102 1294 4170 secuti
1339 4099 1898 4170 snnt_Hieronyt_nus,
1944 4115 2037 4153 seu

470 4166 724 4237 quisquis
764 4178 852 4223 est
906 4178 1093 4222 auctor
1141 4168 1417 4236 lndicuti;
1474 4166 1734 4234 Isidorus,
1765 4166 2038 4224 Honorius

470 4239 975 4309 Augustodunensis
1018 4248 1075 4292 et
1120 4238 1212 4292 alii
1250 4258 1262 4293 :
1293 4241 1383 4308 qui
1431 4240 1733 4294 Samaritas
1766 4239 1908 4293 inter
1940 4239 2039 4293 Ju-

473 4308 710 4364 danrum
741 4309 976 4362 haereses
1005 4309 1328 4375 retulerunt,
1365 4310 1472 4362 late
1521 4308 1725 4363 scilicet
1767 4319 2040 4364 sumentes

473 4395 667 4433 nomen
716 4375 1043 4432 Iudaeorum.
1084 4379 1260 4445 Atque
1297 4381 1367 4432 ita
1410 4380 1647 4433 sensisse
1685 4378 1898 4433 videtur
1929 4380 2035 4433 He-

473 4451 750 4516 gesippus,
800 4462 941 4520 cum_
969 4449 1083 4520 ait:
1124 4444 1304 4520 ’Ἦσαν
1341 4450 1398 4503 δὲ
1428 4449 1643 4520 γνῶμαι
1686 4447 1930 4520 διάφοροι
1982 4452 2039 4504 ἐν

470 4522 534 4592 τῇ
591 4520 878 4591 περιτομῇ.
909 4516 1014 4572 Sed
1041 4519 1183 4588 quod
1211 4520 1428 4592 subjicit
1444 4516 1504 4572 ἐν
1535 4516 1668 4581 υἱοῖς
1706 4516 1945 4592 Ἰσραὴλ,
1991 4522 2044 4575 id

465 4590 575 4660 jam
599 4590 847 4643 exettsart
888 4604 993 4660 non
1020 4599 1216 4660 potest,
1247 4607 1368 4643 cum
1407 4590 1733 4644 Samaritani
1770 4606 2040 4658 nunquam

470 4659 571 4733 pro
597 4661 721 4733 ﬁliis
749 4659 908 4733 Israel
948 4661 1116 4714 habiti
1144 4659 1364 4733 fuerint.

536 4730 648 4802 (26)
689 4730 1032 4800 Πανάρετογ
1087 4732 1316 4800 Σοφίαν
1362 4729 1471 4797 τὰς
1520 4731 1867 4800 Σολομῶνος
1916 4734 2036 4784 11a-

458 4803 696 4872 ροιμίας
741 4802 1023 4857 ἐκάλουν.
1063 4802 1422 4872 Hieronymus
1452 4805 1506 4854 ‘in
1549 4802 1833 4872 _t.hronico,
1861 4804 2033 4871 olym-

469 4869 1020 4941 piadecxxxv1,etin
1067 4869 1387 4941 Prmfatione
1429 4872 1496 4924 ad
1544 4869 1822 4941 Proverbia
1871 4869 2030 4941 δωρ-

468 4940 658 5005 inonis,
711 4945 905 4996 librum
965 4940 1255 5010 Sapientia:
1298 4940 1424 4995 Jesu
1483 4941 1574 4992 lilii
1612 4940 2029 5007 Sirach,:zard-

458 5030 639 5082 petor
665 5012 921 5081 appellari
956 5011 1170 5082 scribit.
1223 5010 1417 5065 Eadem
1450 5025 1611 5079 porro
1660 5013 1866 5082 ratione
1906 5026 2028 5082 pro:

470 5079 654 5135 verbia
695 5079 1251 5149 Salomonisrveteres
1296 5082 1651 5149 appellarunt
1690 5079 2029 5149 πανὰρετοιβ

467 5152 710 5219 Σοφίαν.
739 5151 944 5217 Quippe
972 5148 1108 5203 liber
1133 5150 1245 5219 ille
1274 5148 1578 5219 Sapientiae
1623 5148 1749 5206 Iesu
1801 5148 1896 5205 ﬁlii
1946 5151 2027 5205 Si-

471 5218 623 5282 racb,
660 5221 797 5291 apud
824 5219 1080 5291 IIebI‘tlEOS
1116 5218 1397 5291 Paralion
1440 5218 1773 5291 inscribitur,
1803 5222 2027 5291 perinde

467 5309 529 5343 ac
562 5287 704 5342 liber
730 5288 1145 5360 Proverbiorum
1191 5287 1515 5360 Salomonis.
1572 5290 1636 5343 Et.
1687 5287 2032 5360 quemadmo-

467 5363 592 5415 dum
633 5359 885 5414 Salomon
946 5368 1064 5425 post
1117 5356 1412 5413 Parabolas
1446 5356 1737 5429 scripserat
1765 5361 2035 5415 Ecclesia-

466 5443 601 5482 siem
632 5442 683 5481 et
710 5430 990 5485 Cantiemn
1033 5429 1401 5495 canticorum,
1431 5429 1509 5483 sic
1560 5430 1723 5484 etiam
1766 5430 2034 5485 Siracides

468 5496 740 5550 i‘arabolis
780 5501 893 5554 suis
929 5498 1309 5553 Ecclesiasten)
1351 5511 1406 5552 et
1452 5498 1734 5554 Canticum
1761 5501 2034 5568 exemplo

469 5570 775 5624 Salomonis
829 5569 1047 5638 adjecit.
1080 5568 1375 5636 Utriusque
1426 5569 1591 5632 igitur
1619 5566 1894 5622 Parabolte
1943 5566 2029 5623 ili-

466 5648 563 5691 «τισι
599 5654 724 5695 sunt
748 5642 816 5694 ab
840 5640 1081 5706 antiquis
1110 5639 1410 5709 πανάρετος
1442 5638 1629 5706 Σοφία.
1669 5639 1772 5692 Sed
1813 5650 1866 5694 et
1896 5640 2032 5693 liber

466 5710 560 5763 ille
587 5712 677 5780 qui
706 5710 979 5780 Sapientia
1016 5709 1324 5763 Salomonis
1372 5709 2034 5780 falsoitiscribitttr,rtavét-

468 5777 621 5850 ρετοξ
653 5777 820 5850 Σοφία
849 5782 1047 5836 dicitur
1084 5781 1150 5834 ab
1185 5781 1479 5834 Athanasio
1526 5778 1578 5830 itt
1608 5777 1855 5849 Synopsi,
1884 5792 1936 5835 ct
1967 5783 2033 5835 :ib

2144 3476 2320 3532 αὐτῶν
2359 3477 2625 3530 Πούπλιον
2660 3477 3002 3548 μαρτυρῆσαι
3040 3476 3181 3530 κατά
3211 3476 3334 3539 τοὺς
3360 3475 3481 3529 τότε
3514 3474 3714 3545 συνέϐη

2144 3568 2434 3639 διωγμούς.
2458 3568 2736 3641 Κοδράτου
2763 3567 2819 3621 δὲ
2856 3567 2993 3639 μετά
3014 3568 3104 3621 τὸν
3128 3568 3547 3640 μαρτυρήσαντα
3575 3568 3716 3619 Πού-

2147 3657 2298 3713 πλιον
2332 3659 2700 3722 καταστάντος
2732 3657 2910 3712 αὐτῶν
2941 3658 3237 3711 ἐπισκόπου
3273 3656 3383 3730 (29)
3421 3656 3714 3729 μέμνηται,

2143 3750 2558 3823 ἐπιμαρτυρῶν,
2590 3750 2665 3814 ὡς
2695 3750 2784 3804 διὰ
2823 3749 2924 3820 τῆς
2955 3748 3117 3803 αὑτοῦ
3156 3749 3392 3819 σπουδῆς
3423 3752 3718 3819 ἐπισυναχο

2148 3957 2452 4028 Epiphanio
2485 3956 2538 4010 in
2566 3956 2704 4028 libro
2735 3954 2811 4028 De
2839 3953 3176 4028 ponderibus.
3211 3951 3408 4028 V_erum
3432 3960 3492 4028 ut
3517 3951 3607 4005 hic
3652 3951 3718 4005 li-

2146 4022 2266 4085 bér'
2288 4029 2423 4083 falso
2452 4027 2742 4083 ascribitur
2773 4022 3047 4080 Sa'lomoni
3075 4064 3091 4089 ,
3133 4023 3213 4079 sic
3244 4022 3490 4077 Panareti
3549 4037 3716 4077 voca-

2142 4099 2327 4156 bulum
2357 4098 2495 4154 falso
2519 4107 2758 4166 usurpat.

2214 4191 2548 4265 (‘27)_‘A.U£z
2576 4189 2804 4265 γὰρ-ἐφ’
2823 4188 3028 4265 ἕτερον
3064 4187 3179 4265 ἤδη
3215 4184 3715 4265 μεταϐατέονῄρι)

2140 4253 2233 4319 his
2248 4253 2426 4318 verbis
2457 4253 2618 4330 caput
2638 4253 2709 4313 “23
2739 4253 2927 4330 incipit
2953 4261 3005 4314 in
3043 4253 3230 4312 codice
3267 4256 3564 4319 Mazarino,
3601 4253 3711 4309 Re-

2141 4335 2228 4404 gio
2254 4342 2310 4388 et
2343 4331 2660 4386 Fuketiano.

2218 4424 2341 4498 (28),
2380 4421 2750 4498 Ὀρθοδοξίας
2777 4418 3171 4498 κρζηχητιριή.
3200 4418 3255 4472 Iu
3297 4416 3466 4472 tribus
3510 4416 3713 4470 codici-

2153 4491 2250 4550 bus
2293 4491 2466 4559 Man,
2513 4492 2651 4547 Med.
2696 4504 2750 4546 et
2798 4491 2933 4547 Fuk.
2973 4492 3234 4561 scriptum
3283 4499 3365 4543 est
3412 4505 3712 4561 κατηχητιο

2149 4637 2439 4690 cooﬁrmat
2499 4637 2661 4687 etiam
2704 4637 3055 4702 Νἰοθρὶιοτιιε.
3110 4637 3200 4684 Sic
3233 4637 3374 4683 enim
3418 4637 3507 4681 itte
3568 4637 3713 4681 hunc

2148 4705 2360 4759 Eusebii
2393 4703 2567 4757 locum
2595 4706 2861 4771 expressit
2892 4721 2906 4756 :
2944 4696 3044 4753 Ὧν
3079 4701 3176 4771 μία
3213 4700 3346 4771 πρὸς
3372 4697 3714 4771 Λακεδαιμο-

2068 4786 2112 4841 D
2142 4774 2286 4838 νίους
2321 4774 2455 4839 ἐστὶ,
2491 4768 2791 4843 κατήχὴσιν
2821 4768 3149 4845 περιέχουσα
3180 4768 3501 4841 ὀρθοδοξὶας.

2207 4866 2319 4933 (29)
2354 4863 2650 4934 Κοδρᾶτον
2670 4863 2737 4917 δὲ
2983 4864 3286 4934 Πούπλιον
3304 4858 3713 4934 καταστάντος

2133 4930 2484 4990 ἐπισκόπου.
2516 4933 2668 4989 Hunc
2703 4930 3031 5001 Quadratum
3050 4933 3375 4987 Athenarum
3400 4930 3710 4999 episcopum

2132 5007 2566 5074 distinguendum
2586 5019 2705 5059 esse
2720 5000 2970 5058 existimo
2988 5002 3310 5074 aQuadrato
3328 5000 3415 5074 illo
3435 5001 3710 5068 apostolo-

2131 5094 2248 5131 rum
2270 5071 2549 5144 discipulo,
2572 5076 2725 5145 cujus
2756 5072 3271 5145 meminitEusebins
3300 5071 3453 5145 inlib.
3482 5085 3562 5145 ut,
3587 5086 3705 5145 cap.

2132 5147 2218 5210 57,
2258 5148 2349 5216 qui
2391 5140 2497 5198 una
2528 5140 2652 5216 cum
2675 5143 2905 5216 Philippi
2933 5142 3146 5216 ﬁliabus
3173 5140 3482 5216 prophetico
3500 5142 3711 5216 charis-

2136 5211 2544 5279 mate'ornatus,
2562 5211 2907 5283 Evangelium
2932 5213 3096 5283 variis
3126 5213 3178 5265 in
3206 5212 3349 5283 locis
3374 5211 3707 5279 praedicavit.

2136 5286 2287 5340 Hunc
2316 5285 2458 5339 enim
2493 5280 2802 5354 episcopum
2846 5297 2951 5354 non
3000 5282 3166 5335 fuisse
3205 5280 3374 5354 liquet
3423 5295 3490 5354 es
3518 5294 3710 5354 supra-

2132 5357 2275 5410 dicto
2298 5349 2695 5410 Eusebii'loco:
2721 5352 3030 5418 Quadratus
3055 5362 3234 5405 autem
3265 5349 3355 5404 ille
3388 5350 3478 5419 qui
3514 5350 3713 5416 Apolo-

2129 5428 2348 5504 geticuln
2381 5440 2476 5504 pro
2507 5424 2763 5504 religione
2788 5420 3232 5504 nostra‘édriano
3258 5420 3619 5504 improbtulit,
3645 5421 3711 5474 de

2131 5491 2240 5564 quo
2282 5491 2542 5549 Eusebius
2589 5491 2645 5546 III
2676 5492 2939 5564 principio
2978 5491 3104 5564 libri
3146 5493 3348 5564 quarti,
3385 5491 3429 5542 is
3445 5492 3599 5564 ipse
3625 5502 3710 5564 est

2133 5560 2498 5634 apostolorum
2533 5560 2930 5631 discipulus,‘ut
2958 5563 3161 5617 diserte
3194 5560 3423 5634 alﬁrmat
3444 5560 3712 5634 Eusebius

2132 5630 2184 5689 iu
2203 5634 2480 5689 Chronico.
2506 5635 2611 5690 Sed
2637 5630 2939 5702 Quadratus
2966 5634 3295 5686 Athenarum
3323 5630 3624 5697 episcopus,
3641 5632 3709 5681 ab

2133 5705 2226 5760 illo
2251 5707 2610 5776 apostolorum
2646 5701 2905 5776 discipulo
2928 5716 3145 5776 prorsus
3168 5701 3577 5776 distinguendus
3598 5709 3704 5776 est.

2137 5769 2301 5841 Nam;
2326 5787 2381 5829 ut
2407 5792 2565 5845 supra
2598 5774 2727 5843 dixi,
2760 5769 3066 5842 Quadratus
3092 5771 3178 5825 ille
3217 5769 3577 5847 a‘poStolorum
3626 5769 3709 5823 di-
