4016 6260
247 369 352 423 585

1230 372 1576 429 ΠΙΞΤΟΒΙᾹΞ
1614 373 2171 431 ECCLESIASTICE
2209 370 2338 430 LIB.
2380 374 2469 432 IV.

3417 381 3522 436 336

253 485 451 539 θέντων
487 485 587 538 καὶ
631 485 736 557 τῆς
789 486 1022 551 πίστεως
1067 485 1492 561 ἀναζωπύρησιν
1542 489 1849 562 εἰληχότων.

1964 491 2233 545 niensium
2265 490 2424 564 144.
2457 500 2537 547 est
2569 493 2901 549 constitutus
2933 510 2947 547 :
2978 492 3203 563 ejusque
3252 494 3435 550 labm-e
3470 482 3524 549 εί

260 578 417 649 Δηλοῑ
439 577 483 631 δ’
522 579 620 631 ἐπὶ
652 578 889 644 τούτοις,
919 580 992 644 ὡς
1019 583 1114 634 καὶ
1151 582 1423 646 Διονύσιος
1454 585 1482 635 δ
1529 583 1847 655 Ἀρεοπαγίυ-

261 685 360 741 της
390 667 496 722 ὑπὸ
526 669 627 722 τοῦ
662 669 966 724 ἀποστόλου
1008 671 1220 726 Παύλου
1250 674 1589 745 προτραπεὶς
1620 674 1713 726 ἐπὶ
1747 675 1847 745 τὴν

266 761 447 815 πίστιν
478 761 626 815 κατὰ
672 762 744 816 τὰ
774 764 833 816 ὲν
875 765 995 827 ταῖς
1027 762 1266 834 Πράξεσι
1298 765 1660 837 δεδηλωμένα,
1699 766 1849 838 πρῶ-

265 868 358 915 τος
389 850 491 921 τῆς
544 850 848 922 Ἀθηναίων
879 852 1170 924 παροικίας
1206 853 1307 925 τὴν
1352 853 1654 925 ἐπισκοπὴν
1692 856 1851 923 ἐγκε-

267 944 530 1016 χείριστο.
562 944 733 1015 Ἀλλη
768 944 813 996 δ’
848 943 1100 1015 ἐπιστολή
1134 961 1221 1008 τις
1249 943 1416 998 αὐτοῦ
1444 944 1583 1017 πρὸς
1609 945 1850 1017 Νικομη-

268 1035 395 1099 δὲας
419 1034 671 1107 φέρετάιο
709 1038 767 1089 ὲν
860 1034 956 1107 τὴν
989 1035 1312 1108 Μαρκίωνος
1336 1037 1542 1108 αἵρεσιν
1572 1037 1844 1108 πολεμῶν,

268 1127 347 1199 τῷ
386 1129 487 1200 τῆς
533 1129 793 1200 ἀληθείας
842 1128 1169 1200 παρίσταται
1220 1130 1405 1184 κανόνι
1449 1130 1584 1202 (50).
1632 1131 1744 1184 Καὶ
1778 1133 1844 1202 τῇ

281 1218 585 1292 Ἐκκλησία
630 1218 688 1273 δὲ
731 1222 798 1291 τῇ
839 1219 1176 1293 παροικούσῃ
1226 1220 1502 1294 Γόρτυναν
1570 1221 1688 1293 ἅμα
1727 1224 1848 1286 ταῖς

269 1308 491 1373 λοιπαῖς
535 1309 678 1364 κατὰ
720 1311 942 1382 Κρήτην
974 1311 1287 1383 παροικίαις
1312 1311 1638 1377 ἐπιστείλας,
1662 1312 1849 1366 Φίλιπ-

268 1417 373 1454 πον
400 1400 698 1456 ἐπίσκοπον
724 1401 1272 1474 αὑτῶν’άποδέχεται,
1321 1404 1414 1459 ἆτε
1442 1405 1505 1477 δὴ
1534 1405 1626 1459 ἐπὶ
1659 1406 1844 1460 πλείσε

265 1508 393 1554 ταις
424 1490 535 1563 (51)
574 1492 1021 1565 μαρτυρουμένης
1041 1493 1425 1567 ἀνδραγαθίαις
1446 1495 1545 1565 τῆς
1573 1496 1664 1548 ὑπ’
1687 1496 1846 1551 αὑτὸν

279 1583 633 1654 Ἐκκλησίας,
668 1585 768 1655 τήν
796 1602 857 1638 τε
893 1585 999 1639 τῶν
1030 1585 1319 1657 αἱρετικῶν
1348 1585 1676 1658 διαστροφὴν
1710 1589 1846 1641 ὑπο-

272 1677 573 1747 μιμνήσκει
605 1678 984 1746 φυλάττεσθαι.
1015 1680 1207 1750 Καὶτῇ
1246 1678 1542 1751 Ἐκκλησία
1567 1679 1623 1732 δὲ
1646 1683 1710 1752 τῇ
1739 1698 1847 1737 παο

272 1769 534 1843 ροικούσῃ
564 1773 868 1842 ’Ἄμαστριν
906 1770 1021 1842 ἅμα
1052 1775 1172 1835 ταῖς
1200 1770 1343 1826 κατὰ
1374 1771 1573 1827 Πόντον
1605 1773 1845 1827 ἐπιστεί-

1950 581 2216 636 industria
2256 583 2408 637 cives
2460 584 2637 638 denuo
2668 585 2720 637 in
2750 583 3052 640 Ecclesium
3096 588 3436 653 convenisse,
3468 596 3524 641 et

1950 673 2247 728 redivivum
2279 676 2399 728 fidei
2432 676 2678 731 ardorem
2710 677 2761 731 in
2798 678 2902 731 illis
2960 688 3269 748 reparatum
3299 693 3417 733 esse
3449 688 3525 732 te-

1949 773 2145 820 statur.
2177 765 2368 820 Refert
2429 775 2688 834 praeterea
2748 768 3063 841 Dionysium
3109 752 3544 842 Areopagitanﬁ

1946 858 2035 926 qui
2073 872 2101 911 a
2123 855 2291 911 Paulo
2317 858 2558 927 apostolo
2583 860 2648 913 ad
2685 860 2845 915 fidem
2875 878 3172 917 conversus
3198 873 3300 929 est,
3331 878 3522 932 quem-

1948 950 2232 1006 admodum
2302 952 2533 1005 traditur
2582 951 2635 1005 in
2686 951 2910 1009 Actibus
2958 955 3351 1024 apostolorum,
3407 958 3521 1026 pri-

1949 1058 2093 1097 mum
2146 1044 2385 1098 omnium
2443 1043 2700 1100 Ecclesiae
2752 1047 3101 1102 Atheniensis
3155 1049 3518 1103 sacerdotium

1949 1136 2272 1204 suscepisse.
2301 1134 2407 1191 Sed
2443 1145 2496 1191 et
2531 1135 2636 1189 alia
2666 1136 2780 1205 ejus
2806 1139 3029 1207 epistola
3063 1148 3239 1194 exstat
3267 1140 3332 1194 ad
3356 1139 3518 1193 Nico-

1948 1230 2278 1297 medienses,
2308 1232 2358 1285 in
2394 1245 2498 1300 qua
2549 1229 2840 1288 Marcionis
2873 1234 3121 1287 haeresim
3175 1234 3518 1303 impugnans,

1947 1323 2191 1378 veritatis
2224 1322 2422 1394 regulae
2456 1325 2691 1380 ﬁrmiter
2718 1325 3059 1381 adhaerescit.
3094 1323 3349 1379 Ecclesim
3379 1341 3521 1394 prae-

1950 1423 2095 1469 terea
2147 1413 2593 1486 Gortynensium,
2653 1426 2703 1470 et
2768 1416 2993 1485 reliquis
3051 1415 3211 1469 simul
3263 1415 3523 1470 Ecclesiis

1947 1507 2121 1563 Creta:
2149 1508 2364 1564 litteras
2392 1509 2660 1576 scribens,
2688 1510 2996 1580 episcopum
3034 1510 3270 1579 ipsorum
3320 1508 3522 1575 Philip-

1947 1616 2072 1671 pum
2115 1616 2443 1672 magnopere
2496 1603 2794 1672 prazdicat,
2845 1604 3041 1672 quippe
3086 1601 3241 1671 cujus
3280 1600 3523 1654 Ecclesia

1948 1693 2223 1764 egregiam
2278 1693 2491 1748 laudem
2550 1692 2883 1749 fortitudinis
2935 1703 2989 1749 et
3043 1695 3290 1765 generosi
3335 1694 3522 1760 animi,

1947 1784 2221 1839 communi
2264 1786 2507 1839 omnium
2557 1800 2826 1841 consensu
2879 1785 3198 1840 retulisset:
3233 1793 3523 1853 monetque

267 1860 392 1928 λας,
421 1862 751 1934 Βακχυλίδου
784 1866 880 1935 μὲν
906 1865 1000 1918 καὶ
1035 1864 1336 1929 Ἐλπίστου,
1371 1864 1447 1929 ὡς
1481 1864 1546 1919 ἂν
1571 1865 1732 1920 αὐτὸν
1753 1867 1845 1920 ἐπὶ

1953 1889 2010 1930 ιιι
2042 1877 2109 1932 ab
2134 1876 2514 1931 haereticorum
2552 1877 2743 1930 fraude
2771 1891 2835 1930 ac
2865 1876 3106 1931 versutia
3135 1876 3236 1930 sibi
3269 1885 3522 1930 caveant.

266 1954 331 2007 τὸ
358 1954 567 2026 γράψαι
591 1955 1009 2027 προτρεψάντων
1039 1955 1329 2026 μέμνηται,
1350 1956 1580 2028 Γραφῶν
1604 1975 1665 2011 τε
1688 1958 1846 2013 θείων

269 2045 562 2118 ἐξηγήσεις
594 2045 1005 2119 παρατέθειται,
1055 2047 1353 2102 ἐπίσκοπον
1400 2048 1578 2102 αὐτῶν
1623 2049 1847 2122 ὀνόματι

271 2137 503 2210 Πάλμαν
551 2139 938 2211 ὑποσημαίνων
962 2154 974 2168 ’
1027 2138 1196 2193 πολλά
1241 2139 1299 2192 δὲ
1348 2141 1477 2213 περὶ
1522 2140 1701 2213 γάμου
1756 2143 1850 2196 καὶ

270 2230 499 2299 ἁγνείας
530 2235 640 2297 τοῖς
676 2235 861 2298 αὐτοῖς
908 2237 1181 2306 παραινεῖ.
1229 2236 1340 2289 Καὶ
1370 2238 1497 2300 τοὺς
1546 2237 1607 2301 ἐξ
1648 2236 1767 2302 οἵας
1799 2238 1843 2291 δ’

267 2318 364 2376 οὖν
396 2323 786 2391 άποπτώσεως,
810 2327 917 2380 εἴτε
944 2326 1339 2400 πλημμελείας,
1369 2329 1478 2383 εἴτε
1513 2329 1618 2401 μὴν
1645 2331 1849 2403 αἱρετι-

268 2416 381 2487 κῆς
404 2417 613 2488 πλάνης
645 2420 1103 2491 ἐπιστρέφοντας,
1144 2419 1447 2487 δεξιοῦσθαι
1499 2424 1845 2495 προστάττει.

270 2506 511 2572 Ταύταις
538 2509 672 2580 ἄλλη
702 2509 1110 2579 ὲγκατείλεκται
1129 2511 1265 2582 πρὸς
1290 2513 1603 2576 Κνωσσίους
1633 2514 1851 2567 ἐπιστο-

269 2600 361 2669 λὴ,
396 2603 455 2654 ἐν
551 2602 780 2655 Πινυτὺν
810 2602 911 2674 τῆς
944 2605 1236 2675 παροικίας
1269 2605 1570 2660 ἐπίσκοπον
1600 2622 1851 2677 παρακα-

269 2692 377 2760 λεῖ,
407 2693 483 2767 μὴ
518 2694 655 2766 βαρὺ
685 2694 902 2766 φορτίον
932 2695 1240 2766 ἐπάναγκες
1263 2697 1322 2750 τὸ
1345 2698 1473 2769 περὶ
1499 2697 1720 2767 ἁγνείας
1738 2700 1853 2763 τοῖς

271 2916 843 2992 scipultis,_nunquam
865 2917 1151 2992 episcopus
1181 2917 1313 2972 fuit.‘
1337 2917 1495 2992 Certe
1519 2934 1618 2992 nec
1656 2919 1849 2992 Diony-

272 2990 390 3042 sius
431 2987 839 3057 Corinthiorum
888 2988 1196 3057 episcopus,
1264 3004 1363 3043 nec
1397 2988 1660 3046 Eusebius
1699 2987 1845 3057 Qua-

274 3059 493 3111 dratum
524 3056 856 3111 Athenarum
916 3056 1224 3128 episcopum
1284 3059 1437 3114 aiunt
1485 3059 1652 3115 fuisse
1684 3056 1848 3116 disCi-

272 3128 461 3197 pulum
519 3128 904 3196 apostolorum.
973 3128 1126 3195 Quod
1184 3128 1367 3197 utique
1425 3131 1679 3184 omissuri
1743 3149 1846 3186 non

272 3207 455 3272 erant,
480 3199 522 3251 si
553 3213 643 3272 res
673 3199 756 3272 ita
771 3213 831 3253 se
852 3199 1159 3272 habuisset,
1186 3214 1307 3253 cum
1332 3199 1443 3253 haec
1471 3200 1552 3255 vel
1582 3201 1845 3272 prmciptta

276 3269 395 3322 laus
426 3276 572 3323 esset
607 3268 886 3337 Quadrati.
927 3267 1187 3324 Prmterea
1221 3281 1518 3338 temporum
1548 3267 1686 3324 ratio
1721 3267 1851 3327 satis

275 3339 566 3411 admonet,
622 3348 693 3411 ut_
733 3340 831 3411 bos
900 3341 1034 3394 duos
1082 3339 1384 3411 Quadratus
1435 3341 1846 3411 distinguamus.

275 3408 584 3481 Quadratus
612 3409 753 3463 enim
778 3409 869 3464 ille
895 3411 1257 3481 apostolorum
1280 3410 1569 3480 discipulus
1595 3408 1699 3466 non
1729 3429 1851 3481 pro-

277 3481 444 3534 cessit
473 3479 614 3533 ultra
644 3489 882 3549 tempora
914 3480 1257 3548 imperatoris
1276 3479 1520 3535 Adriani.
1545 3479 1849 3548 Quadratus

276 3564 407 3604 vero
456 3550 787 3605 Athenarum
842 3552 1123 3619 episcopus
1169 3551 1463 3605 Ecclesium
1516 3552 1659 3606 illam
1708 3556 1851 3608 rexit

279 3621 583 3694 principatu
619 3619 781 3694 Marci
809 3622 1086 3694 Antonini,
1106 3631 1172 3694 ut;
1191 3631 1409 3694 constat
1428 3636 1495 3676 ex
1519 3622 1619 3677 hac
1645 3621 1848 3694 Diony—

279 3691 343 3763 s_ii
393 3692 461 3763 ad
489 3691 846 3763 Athenienses
883 3692 1127 3761 epistola.
1160 3692 1289 3745 Nam
1325 3691 1611 3763 Dionysius
1656 3694 1720 3749 de
1749 3691 1848 3750 hoc

280 3760 556 3826 Quadrato
605 3762 843 3831 loquitur
883 3760 1137 3831 tanquam
1186 3764 1249 3813 de
1287 3760 1503 3831 arquali,
1541 3764 1632 3831 qui
1663 3780 1850 3820 recens

278 3832 564 3885 ordinatus
603 3831 789 3887 fuisset
813 3833 1095 3900 episcopus
1123 3833 1477 3886 Athenarum.
1508 3832 1720 3887 Floruit
1750 3851 1848 3887 au-

282 3913 384 3954 tem
418 3900 705 3973 Dionysius
733 3901 1135 3957 Corinthiorum
1168 3903 1452 3972 episcopus
1490 3914 1749 3972 regnante
1773 3904 1845 3961 Μ.

281 3972 575 4045 Antonino.
609 3972 789 4045 Quare
823 3973 1075 4045 assentiri
1116 3988 1222 4028 non
1246 3973 1556 4045 possumuB.
1588 3973 1849 4045 Hierony-

282 4057 387 4106 mo,
422 4044 515 4111 qui
559 4042 656 4097 hos
693 4044 826 4097 duos
856 4042 1159 4109 Quadratos
1194 4045 1413 4098 minime
1449 4043 1711 4098 distinxit.
1758 4042 1848 4099 Sic

277 4114 422 4166 enim
471 4113 666 4167 scribit
696 4113 748 4166 in
784 4113 919 4167 libro
957 4112 1032 4166 De
1058 4115 1396 4182 scriptoribus
1441 4115 1847 4169 ecclesiasticis:

280 4182 591 4247 Quadratus
610 4184 967 4249 apostolorum
985 4184 1289 4247 discipulus,
1320 4182 1506 4236 Publio
1528 4183 1848 4239 Athenarum

277 4254 521 4323 episcopo
549 4254 608 4306 ob
630 4252 825 4307 Christi
850 4253 1007 4323 [idem
1028 4257 1283 4323 martyrio
1299 4261 1571 4316 coronato,
1601 4254 1655 4307 in
1679 4256 1848 4308 locum

276 4325 390 4392 ejus
415 4325 775 4385 substituitur,
806 4333 855 4377 et
886 4322 1183 4377 Ecclesium
1206 4324 1395 4393 grandi
1425 4336 1619 4377 terrore
1649 4327 1851 4394 disper-

276 4411 415 4460 sam,
446 4396 554 4463 fide
590 4403 639 4447 et
673 4394 1059 4465 industriasua
1086 4405 1387 4465 congregat,
1412 4395 1683 4465 etc._ldetn
1716 4397 1850 4448 scri-

279 4466 356 4517 bit
412 4466 467 4520 in
520 4465 742 4534 epistola
798 4467 863 4521 ad
911 4463 1157 4532 Magnum
1192 4463 1474 4519 Oratorem
1520 4463 1846 4519 Romanum.

278 4536 384 4589 Sed
413 4546 469 4589 et
502 4535 557 4587 in
588 4535 896 4590 Graecorum
937 4534 1252 4605 Menologio,
1287 4535 1594 4601 Quadratus
1631 4546 1849 4605 aposto-

1947 1964 2004 2020 ln
2028 1966 2252 2037 epistola
2267 1982 2396 2021 vero
2412 1983 2574 2036 quam
2602 1969 2789 2021 scribit
2812 1968 2878 2021 ad
2900 1968 3196 2023 Ecclesiam
3222 1967 3527 2021 Amastria-

1950 2072 2143 2112 norum
2203 2067 2258 2113 et
2296 2068 2520 2113 caueras
2574 2058 2733 2113 simul
2787 2058 3061 2114 Ecclesias
3105 2060 3284 2125 Ponti,
3315 2075 3373 2114 se
3403 2060 3525 2128 qui-
3562 2098 3569 2105 .

1950 2148 2073 2205 dem
2102 2166 2131 2204 a
2161 2149 2493 2222 Bacchylide
2526 2159 2581 2205 et
2612 2148 2819 2220 Elpisto
2852 2151 2918 2205 ad
2949 2152 3293 2207 scribendum
3325 2153 3526 2222 impul-

1954 2254 2072 2296 sum
2103 2253 2222 2294 esse
2250 2250 2662 2295 commemorat.
2719 2242 3039 2311 Episcopum
3077 2249 3254 2296 autem
3284 2242 3524 2312 ipsorum

1952 2331 2192 2388 Palmam
2222 2333 2540 2387 nominatim
2567 2334 2868 2403 appellans,
2902 2349 3177 2389 sacrarum
3213 2332 3525 2403 Scriptura-

1954 2441 2075 2481 rum
2111 2425 2503 2494 expositionem
2538 2424 2721 2480 aﬂ‘ert.
2767 2424 2930 2479 Multa
2963 2440 3178 2498 quoque
3214 2426 3283 2481 de
3324 2427 3527 2496 nuptiis

1955 2517 2099 2572 etde
2124 2517 2377 2571 castitate
2406 2517 2486 2572 eis
2509 2517 2756 2587 praecipit
2786 2534 2800 2570 :
2831 2525 2886 2570 et
2914 2530 3137 2573 cunctos
3163 2520 3253 2587 qui
3280 2534 3307 2572 a
3337 2519 3527 2588 quovis

1957 2607 2128 2678 lapsu,
2158 2610 2273 2662 sive
2299 2606 2519 2673 delicto,
2546 2609 2658 2662 sive
2678 2608 2843 2662 etiam
2875 2611 2942 2664 ab
2970 2610 3224 2665 haeretica
3256 2612 3529 2680 pravitate

1959 2698 2231 2764 resiliunt,
2261 2697 2492 2766 benigne
2519 2698 2721 2768 suscipi
2748 2698 2925 2769 jubet.
2946 2698 3002 2751 In
3029 2700 3220 2754 eodem
3252 2701 3529 2755 volumine

1954 2933 2142 2975 omnes
2172 2925 2406 2974 constat.
2454 2917 2563 2972 Nec
2594 2918 2872 2986 probabile
2895 2927 2977 2973 est
3002 2918 3149 2972 illum
3182 2918 3346 2972 vitam
3388 2921 3527 2975 ulte-

1955 2991 2069 3045 rius
2090 2990 2432 3058 produxisse,
2457 2991 2656 3057 quippe
2687 2988 2775 3058 qui
2802 2989 2913 3057 jam
2940 2990 3259 3058 grandtevus
3287 2994 3350 3042 ad
3369 2990 3526 3045 Chri-

1955 3062 2022 3115 sti
2053 3060 2206 3113 fidem
2238 3074 2530 3113 conversus
2562 3062 2650 3113 sit.
2685 3059 2909 3113 Athenis
2941 3060 3083 3112 enim
3122 3075 3229 3114 non
3259 3059 3357 3113 nisi
3394 3077 3523 3129 pro—

1955 3138 2107 3185 vecta
2136 3130 2249 3200 jam
2291 3131 2638 3200 :etAatercives
2674 3130 2727 3183 in
2752 3130 3092 3200 Areopagum
3133 3136 3527 3199 promoveban-

1959 3209 2063 3254 tur.
2090 3198 2241 3266 Quod
2273 3201 2316 3255 si
2350 3198 2595 3252 Publium
2633 3200 2679 3254 ei
2713 3198 2960 3267 proxime
2978 3198 3326 3255 successisse
3371 3203 3523 3256 dica-

1958 3286 2116 3343 mus,
2144 3285 2263 3343 cum
2318 3269 2402 3323 hic
2453 3271 2755 3339 principatu
2784 3269 2869 3343 _M.
2904 3271 3157 3323 Antonini
3203 3275 3522 3343 martyrium

1959 3340 2165 3401 fecerit,
2192 3340 2309 3408 plus
2335 3356 2496 3408 quam
2532 3356 2634 3395 Lxx
2668 3341 2826 3394 annis
2859 3344 2910 3393 in
2942 3343 3251 3408 episcopatu
3286 3340 3406 3395 eum
3436 3346 3521 3397 vi-

1958 3412 2103 3465 xisse
2126 3412 2408 3465 dicendum
2440 3421 2541 3464 est.
2572 3409 2742 3465 Porro
2762 3410 3008 3464 Publium
3047 3421 3305 3478 regnante
3346 3412 3527 3468 Marco

1957 3481 2184 3535 subiisse
2218 3480 2552 3551 martyrium,
2609 3496 2693 3551 ex,
2717 3482 2819 3535 hac
2848 3481 3085 3550 Dionysii
3133 3482 3198 3534 ad
3226 3482 3524 3538 Athenien-

1958 3566 2043 3605 ses
2077 3550 2301 3620 epistola
2342 3550 2631 3620 Colligitur.
2675 3550 2903 3621 Scripsit
2946 3553 3088 3605 enim
3138 3552 3278 3606 hanc
3324 3554 3526 3621 episto-

1956 3621 2062 3674 lam
2120 3622 2405 3691 Dionysius
2463 3621 2530 3674 ad
2592 3622 2970 3685 Athenienses,
3019 3632 3075 3675 ut
3133 3636 3318 3675 eorum
3363 3625 3523 3677 fidem

1957 3692 2267 3755 Suscitaret,
2301 3706 2420 3758 quae
2464 3701 2586 3759 post
2638 3703 2862 3746 mortem
2911 3691 3106 3757 Publii,
3163 3692 3417 3759 dissipata
3454 3696 3525 3748 ob

1958 3762 2222 3815 fervorem
2249 3762 2640 3831 persecutionis
2668 3762 2930 3821 Ecclesia,
2964 3762 3187 3831 multum
3219 3762 3393 3817 fuerat
3419 3768 3523 3816 im-

1958 3832 2164 3885 ntinuta
2203 3847 2217 3886 :
2253 3830 2352 3884 nisi
2386 3831 2527 3896 quod
2559 3832 2863 3897 Quadratus
2912 3833 3000 3899 qni
3052 3834 3100 3883 in
3133 3830 3305 3884 locum
3345 3833 3520 3887 Pttblii

1957 3917 2147 3956 recens
2180 3902 2506 3971 substitutus
2538 3901 2734 3965 fuerat,
2770 3915 2888 3953 eam
2937 3902 3146 3971 erigere
3180 3911 3341 3971 atque
3378 3908 3523 3956 exci-

1959 3982 2072 4026 tare
2102 3981 2362 4045 cmperat.
2414 3969 2577 4037 Cujus
2615 3980 2866 4024 conatum
2914 3969 3279 4045 ut__:u|j.ivat°ei
3304 3974 3523 4045 Diony-

1956 4045 2090 4108 sius,
2127 4059 2248 4096 cum
2278 4042 2343 4095 ad
2361 4055 2481 4095 eum
2503 4051 2685 4110 utpote
2720 4042 3114 4109 metropolitem
3146 4042 3363 4096 Achaia:
3392 4042 3520 4098 cura

1957 4114 2071 4167 haec
2093 4112 2409 4181 pertineret,
2445 4112 2583 4165 hanc
2626 4112 2692 4164 ad
2736 4112 3096 4166 Atheuienses
3134 4112 3279 4164 dedit
3317 4114 3519 4180 episto-

1956 4183 2060 4236 lam
2081 4226 2095 4248 ,
2128 4192 2182 4237 et
2200 4182 2415 4252 quidem
2444 4183 2542 4236 sub
2572 4181 2726 4235 initio
2752 4182 3094 4252 episcopatus
3122 4182 3227 4236 sui.
3251 4183 3415 4238 Orsus
3437 4195 3521 4237 est

1958 4265 2136 4306 autem
2162 4251 2528 4320 episcopatum
2564 4253 2892 4320 temporibus
2918 4251 3121 4306 Soteris
3152 4268 3319 4320 papa»,
3351 4264 3409 4307 ut
3438 4272 3523 4307 su-

1956 4339 2048 4389 pra
2084 4325 2212 4381 diri.
2235 4335 2354 4390 post
2384 4323 2588 4377 obitum
2618 4321 2807 4389 Primi,
2839 4322 3242 4377 Corinthiorum
3261 4326 3517 4392 episeopi,

1957 4409 2111 4461 quem
2138 4394 2238 4445 sub
2252 4393 2475 4463 Aniceto
2495 4394 2698 4463 sedisse
2717 4393 2872 4447 testis
2887 4407 2968 4447 εει
2993 4393 3291 4463 llvgesippu
3314 4428 3345 4448 -.
3369 4398 3519 4460 Quod

1957 4464 2001 4516 si
2042 4463 2263 4518 Publius
2300 4463 2400 4516 sub
2427 4461 2660 4529 Traiano
2687 4477 2877 4532 passus
2905 4461 3114 4528 fuisset,
3149 4475 3206 4516 ut
3258 4472 3369 4517 vult
3399 4468 3516 4517 Sir--

1958 4535 2208 4599 moudus,
2253 4533 2385 4588 nihil
2409 4532 2522 4600 jam
2559 4550 2736 4587 causa:
2764 4543 2882 4587 erat
2920 4549 3015 4587 cur
3059 4535 3342 4604 Dionysius
3373 4547 3521 4588 tanto

279 4607 364 4660 lus
395 4606 751 4660 confunditur
778 4621 897 4659 cum
919 4595 1193 4673 Quadrat'o
1216 4595 1550 4675 Athenarum
1575 4595 1845 4675 episcopo.
1881 4595 1924 4649 1)
1955 4612 2074 4672 post
2127 4595 2838 4675 temporeAtheniensibus
2862 4604 3127 4675 scriberet
3163 4595 3521 4675 aIlsuscitnu-

283 4677 484 4730 Verum
522 4677 575 4729 in
612 4675 804 4745 Τυρίου
829 4675 1141 4731 monasterii
1173 4675 1231 4729 S.
1257 4674 1411 4730 Sabae
1453 4674 1541 4728 hic
1564 4674 1719 4730 error
1746 4694 1851 4730 non

279 4747 537 4801 habetur.
559 4747 645 4799 Sic
661 4747 805 4799 enim
821 4746 876 4799 in
893 4761 957 4800 eo
975 4747 1168 4814 legitur
1186 4746 1272 4814 die
1287 4746 1351 4798 ‘21
1385 4745 1737 4812 Septembris,
1759 4747 1852 4800 τοῦ

278 4818 439 4884 ἁγίου
483 4816 793 4888 ἀποστόλου
813 4813 1089 4888 Κοδρᾶτου
1123 4813 1216 4869 τοῦ
1252 4818 1308 4869 ἐν
1337 4817 1403 4887 τῇ
1432 4815 1746 4888 Μαγνησίᾳ.
1788 4817 1856 4871 Et

282 4890 398 4943 haec
428 4890 647 4956 quidem
677 4889 742 4941 de
764 4886 1037 4953 Quadi-ato
1062 4886 1394 4941 Athenarum
1419 4886 1669 4953 episcopo
1698 4886 1727 4938 ἐι
1758 4905 1854 4941 no-

281 4962 365 5013 bis
393 4959 684 5011 observata
721 4960 855 5012 sint.
901 4956 1050 5023 Quod
1089 4973 1216 5012 vero
1253 4967 1459 5025 spectat
1504 4958 1570 5009 ad
1606 4956 1852 5012 Publium

282 5030 629 5082 decessorcm
683 5027 966 5093 Quadrati,
1012 5027 1294 5096 plerosque
1341 5029 1410 5079 ita
1439 5026 1641 5079 sentire
1677 5030 1850 5094 video,

282 5099 533 5152 Publium
556 5100 701 5169 hunc
730 5100 981 5169 Dionysio
1011 5099 1352 5169 Areopagitae
1374 5097 1616 5169 proxime
1640 5112 1854 5169 succes-

282 5170 439 5225 sisse.
478 5169 553 5220 Ita
586 5167 949 5223 Baronius‘iu
1007 5167 1382 5222 Notation‘tbus
1437 5169 1503 5220 ad
1536 5167 1854 5236 Martyrolo-

282 5243 428 5309 gium
455 5237 783 5306 Hortianum,
808 5239 1127 5293 Sirmondus
1154 5240 1205 5291 in
1232 5237 1612 5291 dissertatione
1635 5237 1710 5289 lle
1724 5238 1853 5291 duo-

283 5319 377 5363 bus
406 5310 695 5379 Dionysiis,
718 5309 1035 5379 Blondellus
1057 5309 1106 5361 in
1138 5309 1450 5378 praefatione
1466 5322 1635 5379 quam
1666 5310 1855 5375 Apolo-

283 5384 385 5450 gite
423 5378 675 5449 surepro
701 5381 964 5435 sententia
997 5378 1307 5449 Hieronymi
1340 5378 1591 5450 praeﬁxit,
1638 5389 1695 5450 et
1726 5389 1854 5433 ante

286 5449 408 5505 illos
444 5450 744 5515 Usuardus,
782 5450 937 5518 cujus
993 5451 1108 5504 haec
1155 5459 1281 5504 sunt
1319 5451 1482 5502 verba
1526 5449 1591 5500 ad
1616 5449 1756 5500 diem
1783 5450 1847 5503 21

285 5520 567 5575 Januarii:
603 5519 817 5574 Natalis
854 5520 924 5574 Β.
969 5518 1147 5573 Publii
1178 5519 1427 5587 episwpi,
1468 5519 1556 5588 qui
1580 5521 1851 5588 secundus

282 5603 397 5660 post
414 5590 730 5663 Dionysium
751 5590 1138 5663 Areopagitam,
1159 5589 1546 5663 Atheniensium
1564 5587 1852 5663 Ecclesium

285 5667 444 5717 rexit.
482 5660 679 5717 Verum
699 5678 823 5716 cum
858 5676 958 5716 nec
981 5660 1242 5715 Eusebius
1272 5675 1372 5714 nec
1401 5660 1684 5728 Dionysius
1714 5660 1763 5711 id
1785 5664 1852 5713 de

286 5733 478 5788 Publio
519 5734 782 5796 dixerint,
811 5732 954 5786 haud
986 5730 1146 5785 facile
1186 5731 1507 5786 crediderim
1546 5729 1691 5783 illum
1723 5730 1849 5782 Dio-

289 5806 441 5874 nysio
462 5806 712 5874 proxime
738 5801 1085 5874 successisse.
1105 5802 1274 5874 Certe
1305 5799 1594 5872 Dionysius
1614 5804 1852 5874 Areopa-

289 5871 423 5945 gitcs
463 5871 781 5945 principatu
827 5872 1120 5930 Domitiani
1161 5872 1293 5929 abiit
1339 5871 1547 5947 evita,
1601 5880 1659 5927 ut
1710 5871 1851 5927 inter

1954 4677 2076 4727 dam
2107 4689 2293 4727 eorum
2329 4674 2519 4739 tidem,
2555 4673 2805 4743 cumjam
2839 4690 2867 4727 a
2897 4673 3170 4739 Quadrato
3199 4674 3251 4727 id
3279 4681 3520 4729 cunmla—

1956 4753 2008 4798 te
2043 4744 2337 4808 praestitum
2366 4744 2574 4798 fuisset.

2025 4814 2134 4884 (50)
2190 4813 2340 4884 Vulg.
2407 4812 2488 4879 τῷ
2559 4812 2669 4882 τῆς
2738 4813 3102 4884 ,Ἐκκλησίας
3168 4815 3522 4883 παρίσταται

1953 4883 2180 4939 κανόνι.
2249 4883 2582 4954 Nicepliorus
2638 4890 2688 4937 in
2734 4883 2824 4941 lib.
2874 4898 2947 4954 tv,
3007 4897 3126 4952 cap.
3178 4885 3243 4954 8.,
3291 4900 3387 4953 pro
3438 4897 3463 4936 ιι
3493 4905 3518 4937 s

1956 4957 2134 5009 verbis
2209 4955 2321 5009 hanc
2380 4952 2604 5024 posuit,
2686 4953 2762 5025 τῷ
2827 4952 3257 5025 ἐκκλησιαστικῴ
3300 4952 3303 4953 ⁷
3339 4955 3521 5007 κανόνι

1955 5028 2171 5095 ποιχεῖ,
2214 5025 2267 5079 id
2319 5037 2404 5080 est
2434 5025 3023 5095 ecclesiasticwgregulte
3078 5025 3290 5078 insistit.
3329 5027 3380 5077 In
3412 5042 3518 5092 quo

1958 5093 2177 5149 sensum
2220 5096 2438 5164 quidem
2469 5097 2731 5164 expressit
2780 5093 3021 5159 Eusebii,
3080 5096 3173 5149 sed
3227 5097 3335 5148 vim
3370 5097 3517 5148 verni

1953 5166 2281 5238 παρίσταται
2337 5182 2442 5238 non
2482 5176 2564 5238 est
2621 5175 2917 5238 assecutus.
2951 5165 3076 5238 Vox»
3106 5174 3189 5218 est
3239 5165 3522 5238 familiaris

1953 5234 2185 5290 Eusebio
2232 5234 2617 5306 παρίστασθαι,
2652 5251 2771 5303 qua:
2813 5236 2951 5289 idem
2998 5236 3138 5306 valet
3167 5251 3230 5290 ac
3277 5235 3516 5306 probare,

1952 5318 2205 5369 astruere,
2235 5304 2548 5373 conﬁrmare
2577 5322 2640 5360 ac
2666 5305 2964 5374 defendere,
2988 5316 3044 5359 ut
3072 5305 3160 5359 hic
3182 5308 3346 5360 vertit
3368 5304 3520 5358 Ruti-

1954 5377 2217 5457 nus.“Sic_
2242 5376 2505 5457 Eusebius
2539 5376 2677 5430 infra
2709 5376 2763 5457 in
2792 5377 2965 5457 capite
2994 5377 3182 5457 ultimo
3211 5376 3373 5444 hujus
3397 5376 3517 5429 libri

1953 5448 2021 5502 de
2078 5446 2415 5517 Bardessune
2449 5445 2915 5515 Ιοιιιιειιεείκανῶς
2954 5445 3032 5517 τῷ
3075 5445 3520 5517 λόγῳίπαριστα-

1956 5518 2120 5587 μένῳ·
2137 5532 2299 5586 quem
2332 5515 2506 5587 locum
2543 5532 2646 5587 non
2680 5517 2949 5587 intellexit
2970 5515 3512 5587 Cltt'isluphorwttus.

2023 5584 2306 5659 (SD—"Are
2338 5584 2433 5659 337‘]
2479 5585 2576 5639 ἐπὶ
2630 5585 2961 5659 πλείσταις.
3013 5586 3085 5640 Ita
3112 5587 3316 5659 legitur
3328 5587 3515 5659 _in_co-

1951 5654 2073 5714 dice
2101 5654 2294 5728 Regio.
2334 5654 2439 5711 Sed
2484 5668 2593 5712 tres
2613 5657 2830 5728 reliqui,
2878 5658 3016 5711 Maz.
3048 5654 3272 5728 scilicet,
3299 5654 3436 5708 Med.
3467 5664 3522 5728 et

1953 5729 2110 5794 Fuk.,
2143 5726 2397 5798 scriptum
2446 5728 2644 5784 habent
2698 5726 2773 5791 ὼς
2809 5728 2872 5783 ἂν
2911 5728 3002 5781 ἐπὶ
3041 5726 3339 5792 πλείσταις,
3376 5726 3519 5795 quod

1955 5801 2092 5856 idem
2114 5811 2216 5856 est.
