4016 6260
477 332 585 391 387

1186 332 1454 391 EUSEBII
1492 334 1971 396 CESARIENSIS
2010 336 2160 396 OPP.
2199 340 2377 399 PARS
2417 343 2458 398 l.
2498 376 2567 386 —
2607 344 2999 403 HISTORICA.

3629 352 3738 410 388

474 452 787 508 continetur
809 451 972 508 etiam
1003 452 1230 525 epistola
1259 455 1327 510 ad
1349 452 1633 521 Gnossios,
1667 455 1720 510 in
1750 472 1856 527 qua
1886 458 2034 530 Piny.

2153 461 2398 531 ἀδελφοῖς
2431 461 2752 528 ἐπιτιθέναι,
2787 464 2887 536 τῆς
2927 463 2984 518 δὲ
3015 464 3124 520 τῶν
3161 465 3371 520 πολλῶν
3394 470 3739 539 καταστοχά-

473 551 589 599 tum
615 543 875 600 Ecclesia:
905 544 1050 600 illius
1072 547 1390 615 episcopum
1420 557 1623 611 mouet,
1647 564 1717 604 ne
1731 566 1894 621 grave
1915 567 2054 609 onus

471 638 748 692 castitatis
787 635 1026 691 fratrum
1060 640 1365 695 cervicibus
1389 649 1642 710 tanquam
1685 646 2052 699 necessarium

477 729 742 797 imponat,
770 729 862 783 sed
897 729 1013 794 ejus
1039 744 1160 798 qum
1196 730 1248 784 in
1274 731 1548 801 plerisque
1574 732 1884 789 hominibus
1912 736 2056 791 inest

471 820 809 877 infirmitatis
856 821 1123 874 rationem
1156 821 1372 877 habeat.
1414 821 1511 878 Cui
1551 824 1796 893 epistola:
1822 841 2053 897 respon-

472 916 609 970 deus
641 926 826 984 postea
861 913 1108 987 Pinylus,
1133 916 1499 972 admiratione
1527 919 1743 986 quidem
1779 935 1841 975 ac
1873 920 2053 976 laudi-

470 1004 573 1060 bus
599 1006 758 1062 effert
788 1008 1053 1078 imprimis
1076 1009 1393 1080 Dionysium
1420 1029 1432 1065 :
1459 1010 1553 1065 sed
1581 1021 1759 1067 tamen
1783 1014 2051 1080 hortatur,

470 1108 532 1153 ut
553 1099 863 1155 solidiorem
886 1101 1066 1154 cibum
1095 1103 1314 1155 tandem
1344 1102 1648 1171 impertiat,
1676 1112 1733 1158 et
1765 1104 2053 1159 transmis-

473 1194 548 1248 sis
579 1193 778 1262 iterum
810 1194 1153 1262 perfectioris
1188 1196 1448 1250 doctrina:
1473 1195 1674 1251 litteris
1701 1196 1913 1264 plebem
1944 1198 2049 1254 sibi

472 1287 821 1340 commissam
851 1286 996 1340 alere
1025 1288 1191 1342 velit:
1218 1303 1285 1343 ne
1322 1287 1463 1344 forte
1493 1288 1687 1345 lacteis
1711 1292 2051 1347 sermonibus

471 1388 733 1448 perpetuo
763 1378 1013 1435 innutriti
1052 1380 1321 1444 homines,
1344 1382 1395 1435 in
1422 1381 1655 1436 iufantili
1686 1383 1918 1451 quadam
1944 1383 2051 1437 dis~

470 1467 666 1536 cipliua
718 1470 979 1535 paulatim
1044 1483 1461 1526 consenescant.
1502 1471 1632 1539 Qua:
1677 1473 1893 1540 quidem
1936 1474 2053 1541 epi-

468 1560 605 1615 stola
639 1571 694 1616 et
743 1573 946 1617 rectam
983 1562 1158 1635 Pinyti
1197 1562 1380 1630 fidem,
1432 1573 1484 1616 et
1530 1564 1946 1620 sollicitudinem
1985 1567 2052 1620 de

468 1655 714 1723 profectu
744 1656 918 1725 plebis
947 1657 1044 1728 ipsi
1072 1657 1396 1723 commissae,
1421 1658 1791 1727 eloquentiam
1834 1673 2049 1729 quoque

466 1756 523 1804 et
555 1750 805 1819 peritiam
832 1766 1013 1804 rerum
1039 1750 1374 1810 divinarum.
1401 1751 1548 1806 velut
1584 1749 1778 1805 tabella
1804 1753 2042 1819 quadam

2155 551 2341 617 ζεσθαι
2388 552 2691 619 ἀσθενείας.
2736 555 2879 627 Πρὸς
2911 556 2978 628 ἢν
3017 555 3047 609 ὁ
3086 556 3314 622 Πινυτὸς
3354 558 3734 631 ἀντιγράφων,

2155 643 2421 716 θαυμάζει
2463 646 2561 717 μὲν
2595 647 2690 701 καὶ
2724 646 3046 717 ἀποδέχεται
3069 649 3160 703 τὸν
3188 649 3478 717 Διονύσιον,
3505 654 3743 708 ἀντιπα-

2156 737 2383 809 ρακαλεῖ
2402 737 2457 791 δὲ
2482 738 2843 811 στερροτέρας
2862 739 2964 810 ἤδη
2990 740 3121 794 ποτὲ
3143 743 3481 813 μεταδιδόναι
3500 744 3737 817 τροφῆς,

2152 829 2504 901 τελειοτέροις
2528 832 2851 903 γράμμασιν
2893 831 3135 898 εἰσαῦθις
3174 834 3265 889 τὸν
3294 835 3386 889 ὑπ’
3412 835 3562 907 αὐτῷ
3607 835 3738 890 λαὸν

2153 920 2553 993 ὑποθρέψαντα,
2604 920 2679 983 ὡς
2731 920 2805 992 μὴ
2847 920 3120 985 διατέλους
3162 925 3276 987 τοῖς
3325 922 3737 992 γαλακτώδεσιν

2152 1011 2577 1085 ἐνδιατρίϐοντες
2622 1014 2821 1082 λόγοις,
2861 1017 2928 1086 τῇ
2975 1014 3232 1086 ventilas:
3278 1016 3467 1086 ἀγωγῇ
3515 1015 3733 1071 λάθοιεν

2152 1105 2651 1177 καταγηράσαντες.
2689 1106 2767 1160 Δι’
2794 1102 2863 1180 ἦς
2892 1106 3176 1177 ἐπιστολῆς
3198 1107 3343 1178 καὶὴ
3376 1106 3470 1159 τοῦ
3496 1105 3733 1162 Πινυτοῦ

2151 1196 2280 1268 περὶ
2319 1196 2417 1268 τὴν
2452 1196 2633 1251 πίστιν
2673 1196 2951 1271 ὀρθοδοξία
2980 1215 3040 1251 τε
3069 1198 3165 1251 καὶ
3203 1197 3425 1269 φροντὶς
3471 1198 3731 1270 τῆς.τῶν

2152 1290 2407 1362 ὑπηκόων
2433 1291 2718 1362 ὠφελείας,
2741 1294 2800 1348 τό
2819 1311 2877 1349 τε
2904 1291 3081 1360 λόγιον
3123 1291 3215 1345 καὶ
3244 1291 3277 1362 ὴ
3324 1276 3452 1364 περὶ
3495 1291 3565 1345 τὰ
3607 1291 3732 1347 θεῖα

2152 1381 2386 1447 σύνεσις,
2418 1382 2494 1445 ὼς
2537 1381 2605 1435 δι’
2639 1381 3040 1454 ἀκριϐεστάτης
3083 1380 3460 1436 ἀναδείκνυται
3494 1382 3728 1445 εἰκόνος.

2154 1473 2276 1525 Ἔτι
2319 1471 2413 1525 τοῦ
2462 1471 2735 1525 Διονυσίου
2782 1473 2876 1526 καὶ
2924 1471 3062 1543 πρὸς
3125 1469 3425 1541 Ῥωμαίους
3467 1470 3732 1543 ἐπιστολὴ

2151 1564 2395 1636 φέρεται,
2438 1564 2720 1635 ἐπισκόπῳ
2759 1564 2836 1636 τῷ
2886 1563 3006 1617 τότε
3049 1562 3261 1633 Σωτῆρι
3309 1561 3726 1634 προσςωνοῦσα.

2162 1658 2252 1723 Ἐξ
2273 1654 2339 1729 ἧς
2369 1658 2520 1712 οὐδὲν
2551 1652 2662 1712 οἷον
2690 1657 2750 1711 τὸ
2783 1658 2877 1711 καί⁵
2909 1655 3251 1729 παραθέσθαι
3283 1654 3458 1721 λέξεις
3487 1655 3623 1723 (52),
3654 1655 3728 1711 δι’

2148 1741 2226 1801 ὧν
2256 1747 2317 1801 τὸ
2347 1747 2507 1819 μέχρι
2543 1745 2638 1799 τοῦ
2668 1747 2790 1800 καθ’
2816 1747 2966 1817 ἡμᾶς
2997 1744 3239 1816 διωγμοῦ
3279 1743 3549 1816 φυλαχθὲν
3590 1747 3729 1799 Ῥω-

464 1840 609 1908 picta
644 1840 861 1910 egregie
906 1849 1320 1895 commonstrat.
1361 1839 1552 1896 Eas-tat
1602 1842 1768 1896 etiam
1809 1842 2034 1909 epistola

2146 1840 2322 1911 μαίων
2354 1839 2472 1903 ἔθος
2504 1838 2615 1910 (53)
2645 1836 3263 1910 ἀποδεχόμενος,’ταῦτα
3291 1838 3521 1909 γράψει’
3564 1856 3583 1890 ι
3633 1837 3729 1906 Ἐξ

465 1928 708 1997 ejusdem
742 1931 984 2003 Dionysii
1018 1932 1083 1984 :td
1114 1930 1605 1995 Romanos,Soteri
1638 1935 2043 2004 tunctemporis

465 2025 720 2094 episcopo
744 2024 933 2080 Roma:
951 2026 1099 2080 urbis
1128 2037 1457 2098 nuncupata,
1476 2041 1539 2081 ex
1566 2042 1670 2095 qua
1696 2042 1865 2096 pauca
1895 2042 2045 2097 qum-

465 2117 593 2171 dam
619 2117 707 2173 hie
736 2118 978 2173 inserere
1019 2134 1123 2173 non
1168 2120 1464 2174 absurdum
1500 2119 1682 2186 fuerit,
1707 2118 1795 2173 tibi
1834 2119 2042 2174 scilicet

463 2211 556 2267 ille
607 2227 812 2266 morem
868 2212 1287 2282 institutumque
1340 2213 1726 2281 Romanorum,
1773 2212 1929 2285 145
1972 2214 2039 2266 ad

461 2305 891 2372 persecutionem
921 2318 1090 2373 usque
1121 2314 1310 2359 nostra
1342 2313 1503 2359 artate
1547 2304 1744 2361 factam
1777 2314 2040 2376 perpetuo

401 2424 408 2437 ο
461 2395 793 2449 custoditum
850 2411 1178 2467 magnopere
1221 2398 1637 2460 commendans,
1679 2400 1752 2454 ita
1801 2398 2035 2454 scribit:

463 2505 486 2543 ι
522 2486 649 2542 Bato
681 2490 851 2552 enim,
882 2489 1078 2557 inquit,
1112 2491 1267 2547 vobis
1297 2490 1635 2547 consuetudo
1666 2499 1748 2545 est
1770 2490 1882 2559 jam
1914 2490 2041 2544 inde

460 2580 533 2635 ab
570 2582 687 2650 ipso
727 2581 1009 2648 religionis
1042 2582 1290 2648 exordio,
1338 2593 1396 2637 ut
1431 2581 1631 2637 fratres
1661 2597 1854 2637 omnes
1886 2581 2039 2635 vario

458 2670 847 2728 beneficiorum
919 2687 1118 2742 genere
1159 2673 1426 2737 aﬂieiatis,
1477 2683 1531 2727 et
1567 2672 1826 2727 Ecclesiis
1847 2687 2035 2742 quam-

457 2761 728 2834 piurimis,
755 2780 878 2832 quae
909 2765 962 2819 in
999 2765 1228 2833 singulis
1269 2764 1497 2819 ttrhibus
1532 2767 1839 2820 conatitutze
1889 2774 2036 2830 sunt,

459 2858 768 2910 necessaria
800 2859 923 2911 vita:
954 2859 1195 2914 subsidia
1250 2858 1672 2925 trausmittatis;
1712 2867 1767 2912 et
1798 2859 1900 2912 hac
1948 2874 2033 2912 ra-

461 2943 607 2998 tione
636 2957 745 2999 tum
775 2947 1047 3017 egentium
1077 2949 1314 3018 inopiam
1344 2948 1662 3011 sublevatis,
1701 2957 1811 3001 tum
1845 2946 2035 3003 fratri-

458 3034 560 3091 ints
582 3038 672 3107 qui
717 3040 768 3093 in
813 3039 1044 3093 metallis
1068 3056 1202 3108 opus
1230 3039 1454 3103 faciunt,
1492 3041 1800 3095 uecessnria
1839 3054 2038 3111 suppe-

459 3129 683 3184 ditatis:
715 3147 810 3199 per
845 3133 958 3186 haec
986 3148 1104 3200 quae
1126 3136 1193 3186 ab
1224 3132 1380 3187 initio
1401 3134 1777 3189 transmittere
1805 3148 2036 3187 consue-

457 3222 615 3277 vistis
646 3239 894 3290 munera,
920 3239 1128 3280 morem
1163 3226 1578 3296 institutumque
1608 3224 1976 3281 Romanorum
2004 3239 2033 3277 a

458 3314 756 3380 majoribus
792 3316 988 3372 vestris
1010 3328 1295 3387 acceptmn
1329 3317 1558 3373 Romani
1598 3317 1913 3373 retinentes.
1942 3320 2037 3372 At-

451 3420 573 3477 que-
596 3407 738 3462 hunc
764 3423 969 3462 morem
992 3409 1184 3465 beatus
1208 3411 1500 3479 episcopus
1524 3420 1710 3465 vester
1737 3408 1899 3464 Soter
1924 3426 2029 3463 non

454 3498 696 3553 servavit
725 3498 929 3564 solum,
962 3514 1152 3554 verum
1172 3500 1334 3555 etiam
1367 3499 1629 3555 adauxit:
1666 3509 1775 3553 tum
1802 3515 2027 3554 munera

453 3590 662 3645 sanctis
687 3591 956 3646 destinata
980 3592 1201 3660 copiose
1225 3592 1672 3660 subministratis,
1698 3600 1810 3646 tum
1834 3592 2036 3648 fratres

453 3696 681 3754 peregre
731 3684 1108 3747 advenientes.
1159 3697 1417 3757 tanquam
1455 3685 1658 3741 liberos
1705 3699 1834 3740 suos
1878 3694 2037 3754 pater

454 3775 871 3832 amantissimus
914 3776 1092 3831 beatis
1138 3778 1481 3833 sermonibus
1524 3774 1880 3833 consolando.
1915 3773 2027 3829 »1η

453 3862 558 3919 hac
580 3864 692 3933 ipsa
727 3867 891 3921 etiam
929 3867 1157 3930 epistola
1194 3869 1437 3924 meminit
1466 3867 1763 3923 Clementis
1792 3866 2033 3938 epistola:

451 3959 521 4011 ad
561 3956 877 4014 Corinthios
929 3962 1175 4031 scripta,
1208 3977 1371 4032 quam
1425 3976 1488 4015 ex
1525 3961 1699 4031 prisca
1736 3968 2031 4015 consuetu-

525 4108 747 4181 (δεγεε
766 4108 842 4177 ἧς
860 4107 1179 4165 οὐδὲνοῖον
1191 4112 1261 4165 τό
1282 4112 1403 4173 καί,
1422 4108 1591 4181 etc.l_u
1624 4111 1810 4165 codice
1832 4109 2021 4180 Regio,

449 4175 625 4250 quem
649 4175 867 4233 secutus
904 4192 988 4234 est
1026 4183 1354 4251 Stephanus,
1389 4175 1624 4251 ωηο-οἶον
1649 4181 1714 4251 τό
1760 4175 2024 4236 scribitur

451 4249 676 4305 ἄτοπον.
748 4251 855 4303 Sed
936 4249 1138 4318 reliqui
1196 4252 1427 4311 codices,
1478 4249 1640 4315 Maz,
1687 4249 1850 4318 Med”
1898 4266 2019 4306 cum

454 4319 589 4374 Fuk.
614 4330 669 4390 et
700 4321 972 4375 Saviliano
994 4316 1255 4390 scriptum
1288 4324 1486 4375 habent
1510 4320 1662 4375 οὐδὲν
1684 4316 1795 4375 οἷον
1833 4320 1895 4374 τὸ
1930 4321 2024 4374 καὶ

451 4389 795 4462 παραθέσθαι
830 4390 1020 4458 λέξεις.
1057 4389 1209 4458 Quod
1245 4391 1488 4461 profecto
1512 4393 1670 4461 longe
1693 4402 1776 4446 est
1804 4391 2021 4458 elegan-

454 4463 580 4515 tius.
612 4461 831 4516 Phrasis
867 4473 949 4516 est
992 4463 1274 4516 familiaris
1316 4462 1564 4526 Eusebio,
1593 4476 1754 4529 quam
1783 4476 1880 4513 nos
1904 4476 2025 4512 ver-

2144 1934 2318 2005 ἀρχῆς
2343 1932 2451 2004 γὰρ
2499 1933 2630 2003 ὑμῖν
2670 1931 2789 1996 ἔθος
2835 1932 2954 1985 ἐστὶ
2984 1930 3163 1995 τοῦτο,
3200 1931 3405 1994 πάντας
3438 1932 3536 2002 μὲν
3565 1931 3726 1986 ἀδελ-

2144 2028 2280 2095 φοὺς
2297 2025 2551 2089 ποικίλως
2567 2025 2890 2095 εὐεργετεῖν,
2909 2022 3256 2094 Ἐκκλησίαις
3276 2040 3336 2076 τε
3359 2022 3579 2088 πολλαῖς
3600 2025 3727 2087 ταῖς

2142 2119 2283 2175 κατά
2313 2120 2490 2173 πᾶσαν
2520 2117 2673 2172 πόλιν
2700 2117 2889 2187 ἐφόδια
2918 2117 3177 2189 πέμπειν,
3210 2110 3311 2170 ὧδε
3350 2115 3450 2188 μὲν
3480 2116 3580 2186 τὴν
3612 2114 3724 2169 τῶν

2140 2212 2408 2283 δεομένων
2434 2210 2625 2264 πενίαν
2656 2208 3047 2280 ἀναψύχοντάς,
3078 2210 3136 2263 ἐν
3172 2208 3452 2281 μετάλλοις
3477 2209 3535 2262 δέ
3564 2208 3724 2263 ἀδελ-

2142 2309 2263 2375 φοῖς
2309 2304 2644 2376 ὑπάρχουσιν
2687 2302 3178 2375 ὲπιχορηγοῦνταςο
3227 2303 3296 2357 δι’
3351 2294 3427 2357 ὧν
3471 2302 3723 2373 πέμπετε

2140 2398 2376 2471 ἀρχῆθεν
2423 2396 2670 2466 ἐφοδίων,
2720 2395 3199 2468 πατροπαράδοτον
3248 2394 3369 2459 ἔθος
3432 2396 3722 2467 Ῥωμαίων

2153 2492 2408 2562 Ῥωμαῖοι
2437 2489 2901 2560 διαφυλάττοντες,
2940 2488 2969 2542 ὃ
2997 2488 3058 2541 οὐ
3091 2487 3250 2558 μόνον
3274 2487 3665 2560 διατετήρηκεν
3690 2491 3721 2544 ό

2143 2585 2412 2656 μακάριος
2437 2582 2590 2654 ὑμῶν
2615 2582 2907 2645 ἐπίσκοπος
2935 2581 3146 2653 Σωτὴρ,
3176 2580 3311 2635 ἀλλά
3347 2581 3443 2635 καὶ
3476 2580 3720 2653 ἐπηύξηο

2140 2694 2255 2743 κεν,
2307 2675 2648 2749 ἐπιχορηγῶν
2691 2676 2788 2747 μὲν
2820 2676 2919 2748 τὴν
2963 2675 3409 2746 διαπεμπομένην
3437 2674 3719 2745 δαψίλειαν

2138 2771 2237 2842 τὴν
2261 2772 2340 2833 είς
2371 2772 2493 2832 τοὺς
2527 2768 2734 2837 ἁγίους,
2765 2767 2943 2836 λόγοις
2969 2767 3024 2821 δέ
3066 2768 3356 2840 μακαρίοις
3381 2770 3508 2833 τοὺς
3539 2768 3718 2826 ἀνιόνο

2139 2879 2238 2926 τας
2263 2861 2524 2931 ἀδελφοὺς
2551 2860 2684 2932 (54),
2712 2859 2787 2923 ὡς
2810 2859 2977 2912 τέκνα
3006 2861 3150 2933 πατὴ
3160 2878 3189 2932 ρ
3218 2860 3586 2933 φιλόστοργος,
3607 2880 3715 2917 πα..

2142 2954 2452 3028 ρακαλῶν..
2498 2955 2587 3007 Ἐν
2630 2954 2766 3024 αὐτῇ
2812 2950 2869 3005 δὲ
2908 2951 3079 3026 ταύτῃ
3124 2954 3217 3007 καὶ
3256 2953 3357 3023 τῆς
3399 2954 3715 3025 Κλήμεντος

2142 3047 2277 3120 πρὸς
2300 3046 2619 3119 Κορινθίους
2643 3046 2914 3120 μέμνηται
2937 3045 3245 3117 ἐπιστολῆς,
3261 3046 3435 3119 δηλῶν
3453 3046 3716 3103 ἀνέκαθεν

2140 3140 2200 3207 ἐξ
2226 3142 2454 3213 ἀρχαίου
2487 3139 2639 3205 ἔθους
2674 3142 2765 3194 ἐπὶ
2792 3142 2890 3213 τῆς
2930 3138 3252 3210 Ἐκκλησίας
3278 3139 3376 3211 τὴν
3405 3140 3713 3208 ἀνάγνωσιν

2138 3234 2307 3304 αὐτῆς
2336 3234 2622 3287 ποιεῖσθαι.
2655 3235 2817 3303 Λέγει
2846 3233 2977 3303 γοῦν
2996 3251 3040 3285 ·‹
3077 3234 3186 3304 Τὴν
3214 3235 3451 3305 σήμερον
3482 3228 3574 3286 οὖν
3601 3234 3717 3287 Ko-

2138 3327 2334 3400 ριακὴν
2373 3326 2533 3394 ἁγίαν
2568 3325 2777 3398 ἡμέραν
2824 3325 3174 3398 διηγάγομεν,
3226 3319 3347 3398 ἐνῇ
3403 3322 3716 3394 ἀνεγνώκα-

2138 3417 2372 3490 μεν
2404 3417 2557 3488 ὑμῶν
2588 3418 2688 3489 τὴν
2738 3417 3060 3489 ἐπιστολήνο
3109 3418 3177 3489 ῆν
3213 3417 3409 3488 ἕξομεν
3449 3415 3536 3470 ἀεί
3578 3431 3712 3469 ποτε

2133 3510 2596 3580 ἀναγινώσκοντες
2651 3511 3034 3573 νουθετεῖσθαι,
3072 3510 3148 3575 ὡς
3192 3510 3287 3564 καὶ
3315 3508 3413 3581 τὴν
3440 3507 3713 3582 προτέραν

2131 3608 2265 3678 ἡμῖν
2291 3605 2401 3660 διὰ
2436 3605 2753 3676 Κλήμεντος
2787 3606 3110 3677 γραφεῖσαν.
3144 3621 3163 3655 ι
3218 3602 3339 3655 "Est
3377 3601 3433 3655 δὲ
3455 3604 3502 3655 ,ὁ
3547 3600 3714 3665 αὐτὸς

2132 3701 2228 3754 καὶ
2260 3699 2388 3773 περὶ
2417 3698 2525 3753 τῶν
2559 3698 2702 3753 ἰδίων
2737 3696 3055 3761 ἐπιστολῶν,
3086 3696 3162 3761 ὡς
3196 3691 3711 3767 ρᾳδιουργηθεισῶν,

2130 3790 2306 3847 ταῦτά
2336 3809 2500 3863 φησιν
2520 3810 2534 3823 ³
2556 3811 2575 3844 ι
2625 3789 2943 3853 Ἐπιστολάς
2984 3787 3113 3859 γάρ,
3136 3785 3376 3855 ἀδελφῶν
3392 3783 3501 3857 ('56)
3539 3782 3710 3850 ἀξιω-

2135 3886 2342 3942 σάντων
2371 3903 2438 3958 με
2461 3883 2688 3957 γράψαι,
2718 3882 2951 3955 ἔγραψα.
2981 3881 3091 3934 Καὶ
3110 3882 3311 3945 ταύτας
3335 3882 3385 3934 oi.
3408 3877 3501 3934 τοῦ
3528 3876 3712 3935 διαϐό-

2132 3978 2226 4035 λου
2261 3977 2547 4033 ἀπόστολοι
2582 3974 2833 4043 ζιζανίων
2862 3973 3186 4047 γεγέμικαν,
3217 3972 3254 4029 ἃ
3297 3974 3395 4045 μὲν
3413 3970 3710 4045 ,ἐξαιροῦν-

2128 4115 2245 4170 sius
2290 4111 2689 4168 Alexandrinus
2721 4111 3007 4175 episcopus
3037 4108 3089 4161 in
3122 4105 3346 4176 epistola
3375 4105 3442 4161 ad
3472 4105 3710 4175 Stepha-

2130 4201 2257 4239 num
2287 4198 2504 4252 papam.
2525 4196 2686 4252 quam
2704 4177 3236 4252 refertiEusebiusin
3263 4177 3358 4252 lib.
3383 4193 3476 4252 vit.
3502 4178 3702 4252 cap._4:

2128 4256 2196 4309 At
2237 4242 2416 4327 μέντοι
2453 4242 2656 4327 Συρίαε
2673 4248 2797 4327 ὅλαι
2812 4250 2965 4327 καλή
3002 4246 3246 4327 Ἀραϐία,
3278 4242 3361 4327 οἷς
3416 4242 3706 4327 ἐπαρχείτε

2129 4315 2409 4387 ἑκάστοτε,
2470 4315 2566 4377 καὶ
2600 4317 2682 4385 οἷς
2735 4319 2831 4373 νῦν
2884 4315 3250 4372 ἐπεστείλατε.
3303 4316 3356 4371 Id
3395 4328 3497 4383 est,
3526 4315 3707 4385 δάν-ὁτι

2130 4412 2307 4450 omnes
2370 4403 2421 4448 ct
2481 4391 2698 4453 Arabia,
2744 4391 2932 4459 quibus
2980 4390 3226 4459 pecunias
3262 4388 3544 4441 identidem
3574 4390 3705 4441 sub-

2130 4465 2512 4519 ministratis...
2533 4462 2703 4531 Quem
2731 4463 2906 4515 locum
2954 4460 3092 4514 male
3120 4469 3403 4513 verterunt
3436 4459 3705 4530 interpre-

452 4533 650 4585 naculo
678 4548 928 4585 sermoae
963 4532 1194 4587 feliciter
1236 4535 1613 4600 exprimimus.
1652 4531 1743 4585 Sic
1778 4532 2022 4600 supraiiu
2057 4533 2101 4588 Ι)
2132 4544 2230 4589 tes.

451 4616 695 4673 cap._.\'ttt
742 4604 862 4656 libri
896 4605 1055 4673 primi
1090 4605 1153 4658 de
1187 4599 1400 4671 Aligaro
1432 4602 1663 4673 loquens
1690 4602 1768 4673 ait
1800 4617 1814 4655 :
1856 4599 2023 4654 Οὐδὲν

446 4667 648 4726 δέὀῖον
682 4675 775 4728 καὶ
805 4667 984 4729 αὐτῶν
1006 4667 1308 4729 ἐπακοῦσαι
1338 4673 1445 4726 τῶν
1466 4667 1779 4726 ἐπιστολῶν.

522 4743 633 4816 (55)
668 4746 984 4814 Φυλαχθὲν
1025 4746 1317 4814 Ῥωμαίων
1338 4744 1494 4816 ξθος.
1528 4743 1826 4816 Notandum
1855 4751 1938 4816 est
1961 4740 2024 4816 il«_-

450 4812 622 4887 lus‘tre'
654 4812 1021 4871 testiininiium
1057 4812 1301 4887 Dionysii
1338 4813 1744 4887 Corinthiorum
1785 4813 2021 4887 episcopi

450 4885 518 4939 de
541 4885 779 4941 Ronmta
819 4887 1080 4952 Ecclesia,
1113 4883 1233 4955 quae
1256 4902 1379 4940 cum
1404 4894 1568 4955 esset
1588 4883 2022 4955 opulentissima,

451 4956 679 5010 aliarum
699 4956 1067 5012 Ecclesiarutn
1094 4953 1331 5027 inopiam
1365 4953 1688 5027 liberalitate
1711 4969 1806 5027 sua
1838 4953 2025 5027 suble-

449 5027 648 5089 vabat,
685 5037 739 5079 et
770 5028 1030 5083 fratribus
1086 5029 1156 5083 ad
1189 5022 1466 5082 metallum
1509 5025 1779 5079 damnatis
1822 5032 1915 5075 attt
1966 5022 2020 5076 itt

450 5097 701 5149 exsilium
743 5096 944 5161 missis,
1001 5098 1253 5152 alimenta
1309 5107 1357 5151 et
1419 5110 1643 5149 munera
1699 5094 2023 5147 submittere

450 5175 832 5219 consueverat.
885 5167 945 5221 lu
977 5168 1120 5222 hunc
1146 5184 1300 5223 usum
1330 5167 1535 5221 ﬂebant
1559 5164 1802 5219 collectae
1841 5165 1893 5216 in
1920 5163 2024 5216 Ee-

450 5234 616 5288 eIi-sia
643 5233 883 5291 Romana
916 5238 1108 5292 diebus
1139 5238 1451 5303 Dominicis,
1481 5236 1547 5290 de
1570 5236 1768 5303 quibus
1805 5241 2040 5303 exstant-

450 5305 656 5373 aliquot
686 5305 740 5359 S.
773 5305 972 5362 Leonis
1009 5324 1158 5377 papae
1202 5323 1500 5363 sermones.
1555 5302 1686 5373 Quae
1734 5302 2023 5377 laudabilis

451 5376 786 5448 consuetudo
811 5377 926 5447 jam
960 5373 1134 5432 indea
1160 5380 1348 5448 primis
1368 5373 2021 5448 apostolorumtemppri-

451 5444 552 5499 bus
576 5443 843 5509 instituta,
877 5450 928 5501 in
963 5443 1233 5517 postrema
1269 5443 1432 5502 etiam
1477 5445 1860 5517 persecutione
1894 5443 2021 5497 Dio-

452 5517 673 5571 cletiani
701 5529 915 5574 servata
948 5515 1049 5582 est,
1083 5533 1140 5573 ut
1174 5520 1265 5575 hic
1305 5529 1539 5572 testatur
1568 5515 1832 5570 Eusebius
1868 5528 1881 5566 :
1912 5529 2023 5581 quo

454 5596 695 5657 tempore
745 5590 985 5645 Ecclesia
1032 5589 1274 5644 Romana
1323 5589 1647 5643 Christianis
1695 5588 1762 5640 ad
1804 5584 2018 5638 metalla

450 5655 752 5732 Palaestina;
776 5671 833 5715 et
855 5676 948 5732 per
983 5659 1275 5732 A‘ngptum
1306 5657 1894 5732 datnnaticholleetas
1928 5669 2023 5721 pe-

451 5728 644 5782 cunias
676 5726 952 5785 misitCDe
978 5726 1268 5787 hoé't'nore
1304 5730 1565 5784 Romana:
1604 5726 1861 5782 Ecclesia:
1883 5740 2021 5794 pra:-

451 5807 535 5854 ter
568 5799 881 5872 Dionysium
927 5801 1328 5859 Corinthiorum
1359 5799 1597 5871 loquitur
1621 5798 1786 5858 etiam
1821 5795 2018 5870 Diony-

2200 4603 2313 4675 (54)
2354 4601 2511 4675 Τοὺς-
2547 4602 2828 4667 ἀνιόντας
2869 4599 3223 4675 ἁδεέφρύς.-
3240 4596 3376 4675 Male
3407 4597 3623 4675 Longus
3646 4608 3699 4653 et

2127 4668 2397 4730 Masculus
2420 4673 2690 4725 redeuntes
2713 4683 2943 4726 vertere.
2976 4668 3162 4724 Melius
3191 4668 3414 4724 Rufinus
3437 4668 3508 4723 ita
3533 4671 3705 4723 inter-

2125 4754 2390 4815 pretatur,
2420 4744 2751 4796 advenientes
2788 4742 2978 4815 fratres
3012 4741 3248 4815 clementi
3269 4742 3409 4815 satis
3439 4748 3487 4815 et
3524 4740 3700 4815 mitis-

2123 4809 2254 4870 simo
2276 4818 2478 4868 solatur
2507 4815 2758 4882 alloquio.
2806 4811 3054 4881 Intelligit
3090 4812 3232 4865 enim
3254 4809 3551 4882 _Dimtysius
3585 4810 3698 4882 fra-

2126 4900 2237 4941 tres
2288 4887 2380 4954 qni
2433 4901 2499 4939 ex
2552 4880 2857 4952 longinquis
2915 4880 3220 4954 regionibus
3253 4880 3479 4954 Romani
3509 4880 3697 4954 venire

2125 4949 2536 5017 consueverant,
2553 4949 2772 5021 penuria
2794 4952 2931 5021 apud
2946 4968 3003 5006 se
3020 4952 3384 5006 laborantibus
3399 4949 3701 5004 subsidium

2125 5028 2340 5095 aliquod
2381 5042 2408 5079 a
2435 5025 2694 5095 Romanis
2732 5023 2974 5095 relaturi.

2196 5086 2306 5169 (35)
2350 5088 2524 5169 'Igrﬁ
2543 5091 2981 5169 ἀνεγνώκαμεν.
3016 5090 3193 5169 Nostri
3217 5091 3433 5169 codices
3464 5086 3699 5169 Natam,

2125 5160 2266 5223 Me‘d.
2289 5160 2347 5221 ὀι
2381 5160 2517 5220 Ευιξζ
2549 5160 2806 5229 scriptum
2843 5160 3327 5233 habentévapzv,
3357 5160 3699 5227 Nieephorus

2123 5254 2250 5293 vero
2283 5235 3077 5307 a‘tvéyvmusv.Cancrum‘eum
3112 5235 3212 5287 hoc
3246 5236 3546 5307 fragmento
3576 5233 3695 5294 cpi-

2122 5311 2276 5365 stolae
2304 5301 2543 5378 Dionysii
2576 5306 2642 5378 ad
2676 5304 2882 5378 clerum
2921 5302 3259 5378 Bomanuzn,
3278 5301 3587 5378 iungendus
3616 5311 3700 5378 est

2123 5381 2260 5435 alter
2291 5370 2710 5447 loeus'ejusdem
2744 5375 2986 5447 epistola:
3020 5388 3181 5447 quem
3213 5373 3401 5447 citavit
3428 5370 3699 5447 Eusebius

2124 5452 2176 5505 in
2207 5465 2324 5520 cap.
2356 5440 2559 5517 penult.
2584 5445 2676 5500 lib.
2700 5440 2792 5520 _n.'
2809 5446 2932 5499 llaec
2952 5440 3096 5520 enim
3121 5445 3226 5520 duo
3266 5443 3566 5512 fragmenta
3590 5440 3695 5495 sibi

2122 5515 2748 5576 invicem—connectenda
2775 5529 2897 5570 esse
2924 5530 3028 5568 non
3056 5515 3382 5569 dubitamus.

2193 5586 2757 5661 (36)"Ematolt‘rc...
2789 5583 3087 5661 ἀδελφῶν.
3106 5586 3285 5639 Codex
3297 5583 3533 5661 plagam,
3551 5578 3690 5661 Hegi.

2121 5649 2241 5715 cum
2285 5649 2429 5714 'Fuk.
2476 5649 2681 5714 voceur
2726 5649 3001 5712 interserit
3053 5657 3154 5709 hoc
3185 5656 3366 5718 modo,
3406 5649 3697 5714 ἐπιστολὰς

2121 5730 2228 5803 γὰρ
2253 5729 2519 5800 ἀδελφῶν,
2538 5739 2665 5796 etc.;
2703 5738 2865 5799 atque
2884 5726 2955 5781 ita
2979 5723 3314 5794 Nicephorus
3338 5733 3395 5780 et
3435 5722 3693 5778 Rufinus.
