4016 6260
329 322 436 380 389

1303 325 1648 385 HISTORIA?)
1687 327 2243 388 ECCLESIASTICIE
2278 331 2408 388 LIB.
2449 331 2539 388 lV.

3495 338 3603 393 590

332 465 446 510 τες,
492 445 528 501 ὃ.
567 445 626 500 δὲ
658 449 1074 519 προστιθέντες.
1105 446 1201 513 Οἷς
1231 449 1291 504 τδ
1322 451 1442 503 οὐαὶ
1475 454 1667 505 κεῖται.
1697 452 1769 503 Οὐ
1807 452 1892 504 Οαι

1997 482 2008 516 ι
2039 453 2163 507 dine
2204 455 2254 506 in
2303 454 2528 508 ecclesia
2563 454 2664 525 legi
2696 454 2909 509 solitam
2955 470 3076 512 esse
3103 466 3334 511 testatur
3362 457 3448 513 his
3483 475 3607 514 ver-

341 547 540 612 μαστὸν
567 540 674 611 ἄρα
701 543 751 594 εἰ
776 543 876 596 καὶ
904 543 1013 596 τῶν
1046 542 1335 614 Κυριακῶν
1369 544 1752 616 ρᾳδιουργῆσαί
1787 562 1929 608 τινες

339 631 725 702 ἐπιϐέϐληνται
770 633 1030 706 Γραφῶν,
1077 634 1238 687 ὁπότε
1271 635 1364 688 καὶ
1393 638 1511 698 ταῖς
1547 636 1608 688 οὐ
1643 635 1924 698 τοιαύταις

338 723 753 796 ἐπιϐεϐλήκασι.
769 745 788 775 ι
815 728 929 780 Καὶ
951 727 1081 797 ἄλλη
1102 727 1160 780 δέ
1181 744 1264 790 τις
1279 726 1430 798 παρά
1449 727 1650 790 ταύτας
1667 726 1922 798 ἐπιστολὴ

336 819 436 873 τοῦ
469 819 741 872 Διονυσίου
774 821 1020 892 φέρεται,
1041 821 1367 892 Χρυσοφόρᾳ
1391 820 1684 891 πιστοτάτῃ
1717 820 1918 892 ἀδελφῇ

336 912 761 975 ἐπιστείλαντος,
863 911 932 965 τὰ
963 911 1270 983 κατάλληλα
1304 913 1548 984 γράφων,
1596 913 1694 983 τῆς
1754 929 1922 983 προσ-

335 1004 583 1076 ηκούσης
612 1007 705 1058 καὶ
734 1007 872 1076 αὐτῇ
909 1005 1178 1077 μετεδίδου
1211 1006 1431 1076 λογικῆς
1456 1005 1681 1077 τροφῆς.
1708 1005 1817 1058 Καὶ
1851 1003 1920 1057 τά

341 1098 442 1168 μὲν
480 1097 574 1151 τοῦ
609 1099 884 1152 Διονυσίου
914 1098 1171 1153 τοσαῦτα.

2036 546 2116 599 bis
2139 564 2152 596 :
2174 565 2190 596 σ
2220 545 2407 610 Hodie,
2431 547 2854 616 inquit,sacrum
2877 549 3020 604 diem
3055 550 3387 604 Dominicum
3425 561 3606 608 trans-

2032 637 2263 706 egimus.
2301 640 2356 692 In
2389 655 2494 707 quo
2536 640 2819 708 epistolam
2873 651 3108 696 vestram
3148 641 3400 711 legimus,
3433 659 3598 712 quam

2031 731 2247 798 quidem
2278 741 2538 800 perpetuo
2560 733 2814 802 deinceps
2837 732 3093 803 legentes.
3115 735 3336 801 perinde
3361 750 3425 788 ac
3454 739 3600 803 prio-

2037 838 2149 876 rem
2187 822 2330 876 illam
2395 825 2549 877 nobis
2595 840 2624 878 a
2669 823 2950 880 Clemente
2988 828 3244 896 scriptam
3292 828 3598 895 epistolam,

2027 916 2248 984 optimis
2299 917 2586 985 pra-ceptis
2633 933 2695 970 ac
2729 917 3068 974 documentis
3114 919 3530 974 abnndabimns.
3570 938 3592 974 ο

2027 1006 2172 1060 Idem
2213 1018 2472 1076 prmterea
2518 1010 2751 1078 scriptor
2807 1010 3061 1079 epistolas
3109 1026 3234 1065 snas
3279 1026 3307 1063 a
3361 1011 3598 1065 falsariis

2028 1111 2307 1167 corruptas
2346 1115 2466 1155 esse
2497 1101 2775 1165 admonet,
2817 1101 2890 1155 ita
2931 1103 3215 1158 scribens:
3256 1122 3274 1154 ι
3306 1103 3593 1172 Epistolas,

339 1195 757 1263 inquit,scripsi
804 1195 1378 1264 rogatusafratribus.
1424 1195 1527 1249 Sed
1575 1193 1695 1248 illas
1744 1193 1982 1248 ministri
2019 1194 2238 1263 quidam
2293 1195 2528 1260 diaboli,
2571 1196 2796 1250 zizauiis
2840 1197 3290 1266 compleverunt:
3347 1201 3592 1268 quaedam

332 1305 404 1344 ex
437 1289 546 1343 illis
573 1301 966 1358 expungentes,
1002 1291 1245 1359 quaedam
1291 1292 1629 1360 adjicientes.
1671 1292 1815 1355 Quos
1850 1299 1998 1344 certe
2025 1298 2209 1352 manet
2234 1288 2421 1343 feralis
2456 1291 2544 1344 illa
2582 1291 2892 1345 sententia:
2927 1292 3016 1346 Vat:
3045 1294 3216 1347 vobis.
3251 1291 3370 1346 Non
3397 1295 3593 1348 mirum

336 1380 514 1447 igitur
566 1383 732 1435 videri
785 1382 962 1447 debet,
1012 1383 1054 1437 si
1093 1394 1440 1437 sacrosancta
1501 1382 1709 1437 Domini
1740 1383 1938 1450 scripta
1981 1383 2199 1452 quidam
2241 1383 2552 1438 adulterare
2578 1385 2816 1454 aggressi
2846 1395 2992 1449 sunt,
3026 1386 3241 1453 quando
3262 1387 3477 1456 quidem
3535 1388 3590 1442 in

335 1477 503 1548 longe
551 1477 898 1532 inferioribus
955 1479 1172 1548 scriptis
1223 1479 1362 1532 idem
1405 1479 1518 1533 ausi
1566 1478 1730 1533 fuisse
1784 1477 2327 1546 deprehenduntur.»
2358 1478 2878 1548 llaheturprmterea
2927 1480 3030 1533 alia
3078 1480 3318 1555 ejusdem
3366 1481 3589 1551 epistola

337 1575 408 1627 ad
459 1572 901 1644 Chrysoplioram
952 1575 1324 1630 ﬁdelissimam
1375 1590 1643 1639 sororem,
1691 1576 1774 1628 cui
1807 1572 2194 1628 convenientia
2248 1574 2516 1640 scribens,
2551 1575 2818 1646 spiritale,
2849 1585 2904 1629 ut
2937 1575 3138 1639 decuit,
3173 1573 3424 1644 pabulum
3463 1575 3588 1629 sub-

334 1667 633 1722 ministrat.
681 1667 856 1736 Atque
905 1669 1020 1722 haec
1066 1669 1130 1721 de
1173 1667 1412 1738 Dionysii
1443 1667 1660 1735 scriptis
1695 1683 1722 1720 a
1758 1667 1911 1722 nobis
1950 1665 2094 1722 dicta
2119 1668 2248 1724 sint.

844 1808 1236 1861 ΚΕΦΑΛΑΙΟΝ
1268 1809 1391 1860 KA'.

429 1899 569 1967 Περὶ
601 1899 890 1967 Θεοφίλου
941 1897 1057 1951 τῶν
1103 1900 1442 1966 Ἀντιοχέων
1469 1900 1805 1955 ἐπισκόπου

840 1969 980 2038 (Νιρ.
1019 1968 1086 2022 Η.
1129 1969 1191 2024 Ε.
1227 1987 1300 2032 tv,
1328 1973 1404 2039 9).

2569 1806 2797 1864 CAPUT
2838 1807 3030 1864 XXIV.

2187 1900 2264 1954 De
2297 1898 2578 1958 Theophila
2606 1942 2622 1968 ,
2653 1902 3112 1956 Anthiochensium
3142 1902 3406 1970 episcOpO.

402 2059 511 2113 Τοῦ
535 2060 591 2113 δὲ
623 2060 880 2130 Θεοφίλου
900 2060 957 2112 ὃν
986 2061 1083 2130 τῆς
1100 2061 1408 2131 Ἀντιοχέων
1445 2061 1768 2133 Ἐκκλησίας
1792 2062 1892 2115 ἐπι-

2078 2062 2360 2130 Theophili
2397 2077 2547 2128 vero,
2577 2078 2734 2130 quem
2763 2062 3113 2116 Antiochente
3143 2059 3403 2116 Ecclesia:
3463 2060 3582 2130 epi-

332 2167 532 2206 σιιοπον
551 2152 951 2224 δεδηλώκαμεν,
968 2151 1092 2224 τρία
1119 2153 1185 2206 τά
1215 2153 1372 2221 Πρὸς
1391 2153 1739 2208 Αὐτόλυκον
1768 2171 1909 2207 στοι-

327 2245 524 2318 χειώδη
546 2246 767 2318 φέρεται
787 2247 1208 2318 συγγράμματα.
1235 2246 1343 2300 Καὶ
1365 2247 1490 2301 ἄλλο
1511 2247 1666 2314 Πρὸς
1691 2246 1804 2315 τὴν
1817 2248 1907 2300 αῖ-

318 2356 500 2408 ρεσιν
529 2339 924 2409 Ἑρμογένους
942 2339 1054 2409 (57)
1073 2338 1169 2410 τὴν
1184 2336 1492 2409 ἐπιγραφὴν
1521 2337 1660 2407 έχον,
1690 2339 1746 2390 ἐν
1773 2329 1816 2404 ᾧ
1841 2338 1906 2390 ἐκ

323 2435 425 2504 τῆς
480 2431 896 2500 Ἀποκαλύψεως
943 2429 1187 2484 Ἰωάννου
1232 2429 1497 2501 κέχρηται
1547 2427 1901 2500 μαρτυρίαις·

323 2525 419 2578 καὶ
452 2525 615 2595 ἔτερα
642 2523 698 2576 δέ
734 2540 854 2577 τινα
877 2521 1217 2593 κατηχητικά
1251 2520 1414 2576 αὐτοῦ
1447 2520 1643 2591 βιϐλία.
1694 2520 1812 2573 Τῶν
1840 2537 1904 2589 γε

324 2617 435 2688 μὴν
461 2616 750 2684 αἱρετικῶν
782 2615 933 2668 οὐδὲν
963 2618 1140 2687 χεῖρον
1166 2615 1259 2668 καὶ
1279 2615 1421 2678 τότε,
1441 2614 1694 2680 ζιζανίων
1723 2613 1900 2684 δίκην,

322 2710 735 2782 λυμαινομένων
779 2709 867 2763 τὸν
910 2709 1172 2780 εἰλικρινῆ
1208 2708 1308 2778 τῆς
1349 2709 1706 2780 ἀποστολικῆς
1751 2707 1900 2762 διδα-

320 2804 550 2867 σκαλίας
585 2803 806 2874 σπόρον,
839 2805 886 2854 οἱ
917 2801 1221 2872 πανταχόσε
1257 2801 1364 2856 τῶν
1411 2800 1745 2873 Ἐκκλησιῶν
1780 2817 1900 2853 ποι-

321 2896 504 2968 μένες,
545 2894 731 2967 ὧσπερ
765 2893 915 2957 τινὰς
940 2893 1110 2967 θῆρας
1143 2893 1366 2965 ἀγρίους
1399 2893 1505 2946 τῶν
1530 2892 1625 2946 τοῦ
1663 2889 1896 2964 Χριστοῦ

317 2989 608 3060 προϐάτων
647 2987 1038 3050 ἀποσοϐοῦντες
1068 2987 1270 3051 ,αὐτοὺς
1301 2989 1572 3058 ἀνεῖργον,
1621 2985 1741 3039 τοτὲ
1777 2985 1894 3056 μὲν,

315 3084 442 3145 ταῖς
464 3081 600 3151 πρὸς
629 3081 753 3144 τοὺς
780 3081 1038 3149 ἀδελφοὺς
1070 3079 1371 3142 νουθεσίαις
1391 3079 1484 3132 καὶ
1523 3077 1892 3150 παραινέσεσι,

314 3173 440 3226 τοτὲ
465 3174 544 3237 δὲ,
574 3173 709 3242 πρὸς
736 3173 932 3236 αὐτοὺς
965 3173 1292 3243 γυμνότερον
1324 3169 1698 3240 ἀποδυόμενοι,
1725 3167 1896 3240 ἀγρά-

317 3282 443 3334 φοις
474 3283 532 3318 τε
572 3267 652 3329 εἰς
680 3265 968 3336 πρόσωπον
1002 3267 1256 3336 ζητήσεσι
1282 3263 1374 3316 καὶ
1401 3262 1756 3332 ἀνατροπαῖς,
1791 3259 1890 3333 ἥδη

313 3355 372 3410 δὲ
398 3357 495 3409 καὶ
526 3354 592 3407 δι’
625 3356 916 3426 ἐγγράφων
951 3354 1354 3424 ὑπομνημάτων
1388 3351 1484 3416 τάς
1525 3351 1680 3417 δόξας
1713 3349 1894 3404 αὐτῶν

2009 2171 2231 2224 scopum
2258 2155 2424 2208 fuisse.
2455 2154 2704 2223 superius
2730 2153 3033 2212 retulimus.
3053 2165 3162 2207 tres
3194 2150 3582 2219 supersuntAd

2007 2247 2322 2318 Autolycum
2369 2245 2540 2314 libri,
2587 2245 2978 2299 institutionem
3031 2244 3153 2299 lidei
3215 2243 3577 2298 continentes.

2003 2338 2155 2392 Alius
2173 2337 2335 2391 etiam
2365 2345 2547 2392 exstat
2572 2337 2729 2402 liber,
2757 2351 2917 2403 quem
2945 2335 3143 2390 Contra
3166 2333 3326 2406 146
3351 2333 3576 2388 Hermo-

2002 2430 2152 2498 genis
2184 2428 2422 2482 hreresim
2455 2427 2753 2496 inscripsit,
2794 2427 2846 2482 in
2875 2443 2983 2496 quo
3031 2428 3354 2481 testimoniis
3402 2428 3582 2480 utitur

2002 2535 2066 2574 ex
2094 2520 2316 2575 Joannis
2367 2519 2715 2573 ltevelatione
2756 2518 3078 2588 desumptis.
3123 2517 3351 2572 Exstant
3397 2526 3450 2572 et
3479 2517 3572 2570 alii

2001 2613 2238 2680 ejusdem
2275 2613 2419 2677 libri,
2452 2614 2505 2667 in
2537 2612 2737 2681 quibus
2765 2611 3030 2665 elementa
3063 2612 3184 2665 ﬁdei
3223 2620 3422 2665 nostra:
3463 2621 3574 2665 tra-

2000 2705 2220 2762 duntur.
2278 2703 2450 2759 Porro
2512 2718 2632 2756 eum
2677 2701 3030 2756 nihilominus
3088 2703 3189 2756 hac
3236 2703 3398 2756 etiam
3435 2712 3574 2756 teni-

1993 2791 2205 2867 'pestate
2235 2795 2472 2850 literetici
2500 2794 2834 2849 zizaniorum
2863 2793 3037 2847 instar
3065 2793 3331 2847 sinceram
3357 2804 3575 2860 aposto-

2001 2889 2116 2942 licae
2145 2888 2402 2943 doctrinae
2430 2895 2724 2942 sementem
2747 2885 3162 2950 labefactarent,
3196 2885 3575 2939 Ecelesiarum

2004 2988 2119 3034 toto
2153 2980 2284 3035 orbe
2315 2988 2585 3049 pastores,
2609 2993 2700 3032 eos
2739 2988 2992 3046 tanquam
3025 2976 3168 3031 feras
3195 2986 3356 3045 atque
3383 2977 3572 3030 imma-

1997 3088 2096 3128 nes
2152 3073 2356 3127 belluas
2410 3071 2477 3125 ab
2525 3070 2652 3125 ovili
2701 3069 2901 3123 Christi
2941 3068 3124 3137 fugare
3176 3076 3339 3136 atque
3383 3084 3574 3122 arcere

1998 3165 2359 3234 properabant
2395 3181 2409 3218 :
2441 3163 2636 3230 partim
2662 3161 2931 3216 hortando
2949 3169 3004 3214 et
3033 3161 3433 3214 commonendo
3457 3162 3569 3213 fra-

1996 3266 2126 3319 tres,
2176 3256 2372 3326 partim
2407 3257 2666 3310 adversus
2705 3255 2848 3323 ipsos
2884 3252 3170 3307 haereticos
3200 3251 3418 3306 fortiter
3457 3251 3572 3307 col-

1996 3352 2248 3405 luctamlo
2277 3369 2290 3404 :
2320 3364 2456 3419 quos
2484 3348 2564 3401 vel
2590 3349 2881 3418 propositis
2905 3348 3154 3402 cominus
3183 3347 3567 3417 interrogatio-

312 3446 728 3518 ἀκριϐεστάτοις
752 3445 990 3516 ἐλέγχοις
1023 3443 1406 3508 διευθύνοντες.
1443 3443 1510 3495 Ὅ
1545 3441 1609 3510 γέ
1641 3458 1724 3494 τοι
1761 3440 1892 3495 Θεό-

1997 3443 2155 3496 nibus
2198 3452 2253 3498 et
2299 3439 2760 3497 confutationibus
2810 3441 2926 3494 viva
2962 3440 3224 3494 duntaxat
3263 3454 3430 3504 voce,
3481 3437 3567 3492 vel

309 3535 470 3606 φιλος
504 3536 602 3588 σὺν
636 3538 745 3598 τοῖς
777 3534 955 3598 ἄλλοις
996 3534 1136 3588 κατά
1173 3533 1376 3588 τούτων
1425 3533 1894 3604 στρατευσάμενος

308 3626 473 3697 δῆλός
509 3629 674 3690 ἐστιν,
713 3627 818 3680 ἀπό
846 3643 988 3688 τινος
1013 3629 1111 3680 οὐκ
1132 3625 1368 3695 ἀγεννῶς
1393 3624 1538 3695 αὐτῷ
1568 3624 1707 3678 κατά
1738 3625 1895 3695 Μαρ-

306 3721 513 3784 κίωνος
557 3719 935 3790 πεπονημένου
983 3719 1159 3788 λόγου.
1197 3721 1291 3783 ⁸⁸ος
1347 3719 1440 3773 καὶ
1468 3717 1628 3784 αὐτὸς
1669 3715 1785 3788 μεθ’
1815 3710 1890 3771 ὧν

301 3810 490 3866 ἄλλων
548 3812 869 3882 εἰρήκαμεν,
917 3810 1081 3863 εἰσέτι
1125 3808 1220 3862 νῦν
1257 3807 1633 3862 διασέσωσται.
1690 3806 1890 3860 Τοῦτον

303 3902 414 3972 μὲν
448 3897 544 3956 οῦν
565 3901 790 3972 ἕϐδομος
823 3901 931 3955 ἀπὸ
963 3901 1070 3954 τῶν
1103 3899 1413 3956 ἀποστόλων
1440 3900 1539 3972 τῆς
1573 3898 1888 3970 Ἀντιοχέων

311 3994 653 4067 Ἐκκλησίας
687 3995 985 4065 διαδέχεται
1012 3993 1333 4066 Μαξιμῖνος.

1997 3533 2152 3588 libris
2172 3533 2589 3588 accuratissime
2614 3532 2940 3600 conscriptis
2962 3531 3242 3599 opiniones
3265 3546 3453 3585 eorum
3479 3544 3566 3584 re-

1999 3624 2267 3689 fellentes,
2299 3624 2669 3679 confutabant.
2714 3624 3045 3693 Theophilus
3086 3625 3251 3694 igitur
3295 3639 3396 3676 tina
3437 3638 3562 3677 cum

1995 3715 2206 3771 caneris
2232 3717 2492 3772 adversus
2521 3715 2644 3769 illos
2679 3716 2960 3770 haereticos
2984 3715 3402 3784 depugnavit,ut
3432 3729 3566 3767 con-

1990 3816 2100 3862 stat
2125 3823 2191 3862 ex
2213 3809 2446 3875 quodam
2474 3807 2617 3861 illius
2641 3806 2778 3860 libro
2798 3807 3210 3877 haudquaquam
3235 3806 3560 3875 spernendo,

1990 3917 2150 3972 quem
2180 3909 2363 3954 contra
2409 3899 2732 3955 Marcionem
2766 3899 3064 3953 elaboravit
3101 3917 3118 3953 :
3151 3901 3242 3968 qui
3280 3899 3414 3951 liber
3452 3914 3561 3952 una

1989 4006 2111 4047 cum
2143 3989 2264 4045 aliis
2294 4004 2432 4058 quos
2469 3988 2652 4052 retuli,
2683 3989 2980 4042 etiamnum
3010 3995 3206 4043 exstat.
3241 3987 3374 4042 lluic
3397 4002 3566 4058 porro

296 4088 616 4159 Theophila
642 4091 694 4143 in
719 4093 1029 4158 episcopatu
1053 4089 1438 4143 Antiochensis
1470 4087 1726 4145 Ecclesia:
1752 4089 2023 4159 septimus
2047 4088 2117 4143 ab
2145 4086 2402 4158 apostolis
2435 4083 2706 4141 successit
2736 4083 3089 4138 Maximinus.

829 4203 1122 4257 ΚΕΦΑΛΑΙ
1130 4201 1218 4255 ΟΝ
1250 4203 1378 4256 ΚΕ’.

289 4293 446 4362 Περὶ
486 4295 788 4348 Φιλίππω)
824 4294 921 4347 καὶ
961 4293 1269 4348 Μοδέστου
1313 4291 1456 4363 (Nic.
1488 4291 1559 4348 11.
1589 4290 1658 4347 Ε.
1697 4308 1771 4354 tv,
1801 4292 1882 4362 9).

373 4383 646 4448 Φΰιιππός
685 4401 748 4453 γε
786 4385 891 4456 μὴν
923 4384 980 4437 ὃν
1016 4385 1078 4436 ὲκ
1117 4383 1223 4436 τῶν
1255 4383 1527 4437 Διονυσίου
1561 4381 1753 4453 φωνῶν
1782 4383 1885 4454 τῆς

288 4479 360 4532 ὲν
393 4477 637 4550 Γορτύνῃ
679 4479 965 4550 παροικίας
1002 4478 1295 4531 ἐπίσκοπον
1340 4475 1604 4547 ἔγνωμεν,
1639 4475 1779 4528 πάνυ
1818 4490 1882 4542 γε

291 4570 728 4625 σπουδαιότατον
768 4570 1054 4641 πεποίηται
1084 4571 1178 4624 καὶ
1203 4570 1364 4634 αὐτὸς
1395 4568 1534 4622 κατὰ
1558 4567 1881 4639 Μαρκίωνος

290 4662 486 4731 λόγον·
516 4661 803 4734 Εἰρηναῖός
834 4678 892 4713 τε
929 4660 1187 4726 ὡσαύτως
1228 4662 1321 4715 καὶ
1355 4660 1643 4724 Μόδεστος,
1688 4658 1746 4722 ὃς
1789 4659 1883 4711 καὶ

2567 4175 2793 4230 CAPUT
2828 4175 2991 4230 XXV.

2404 4271 2480 4326 De
2511 4268 2752 4340 Philippo
2787 4280 2835 4323 et
2880 4267 3138 4324 Machina.

2059 4366 2165 4422 Sed
2209 4373 2264 4420 et
2310 4363 2613 4434 Philippus,
2639 4378 2800 4434 quem
2843 4378 2909 4418 ex
2943 4363 3120 4416 verbis
3155 4360 3394 4433 Dionysii
3430 4377 3557 4430 pro-

1987 4460 2133 4514 xime
2163 4457 2344 4513 citatis
2365 4455 2725 4527 Gortynensis
2756 4454 3013 4510 Ecclesiae
3045 4453 3360 4523 episcopum
3390 4452 3561 4511 fuisse

1985 4553 2355 4624 cognovimus,
2399 4550 2515 4616 ipse
2548 4563 2764 4618 quoque
2813 4545 3301 4602 luculentissimmn
3356 4547 3553 4601 librmn

1983 4643 2249 4697 Adversus
2277 4639 2602 4693 Marciorum
2633 4639 2962 4708 composuit.
2991 4637 3226 4692 lt'enazns
3241 4637 3368 4705 quin
3387 4639 3558 4692 etiam

290 4728 671 4825 διαφερόντως
695 4751 846 4825 παρά
869 4754 992 4817 τοὺς
1017 4753 1206 4815 ἄλλους
1229 4753 1325 4824 τὴν
1350 4752 1443 4806 τοῦ
1463 4750 1882 4823 ἀνδρὸςέκδηλον

1997 4744 2038 4788 at
2058 4735 2351 4790 Modestus.
2378 4731 2577 4788 Verum
2603 4731 2694 4787 hic
2717 4745 2828 4800 prae
2853 4729 3066 4786 cretei-is
3088 4728 3311 4800 egregie
3334 4744 3555 4783 errores

291 4847 415 4908 τοῖς
447 4847 584 4898 πᾶσι
610 4845 963 4917 κατεφώρασε
990 4845 1195 4916 πλάνην
1214 4863 1227 4876 ·
1253 4846 1348 4900 καὶ
1376 4845 1522 4899 ἄλλοι
1553 4843 1608 4896 δὲ
1641 4843 1878 4907 πλείους,

296 4929 379 4988 ὧν
410 4936 566 5007 παρά
592 4936 863 4999 πλείστοις
889 4937 997 4991 τῶν
1022 4937 1263 5008 ἀδελφῶν
1293 4935 1457 4991 εἰσέτι
1485 4935 1578 4991 νῦν
1605 4936 1754 4988 πόνοι
1775 4934 1884 4988 δια-

303 5027 682 5095 φυλάττονται.

377 5277 487 5347 (57)
516 5276 675 5345 Πρὸς
704 5275 822 5342 τὴν
849 5273 1508 5347 αἵρεσιν-Ἑρμογένους.
1545 5272 1619 5325 De
1639 5272 1867 5347 Ile:er-

311 5341 434 5419 gene
465 5341 695 5418 ejusque
720 5341 918 5401 hicresi
937 5348 1054 5398 vide
1081 5341 1368 5419 Daronimn
1397 5345 1461 5396 ad
1496 5359 1692 5419 annum
1718 5341 1870 5419 Chri:

309 5413 362 5477 in
390 5413 510 5477 170'.
545 5413 649 5474 cui
677 5427 856 5470 tamen
887 5415 1143 5470 assentiri
1173 5429 1276 5468 non
1305 5428 1516 5480 pessum
1547 5414 1598 5465 in
1635 5427 1698 5466 eo
1723 5413 1866 5480 quod

305 5492 856 5557 dicitﬂermogenen}
894 5485 1234 5557 docuisse__in
1271 5484 1474 5557 Africa,
1516 5483 1656 5551 quod
1686 5485 1870 5557 nescio

299 5549 558 5624 undenam
611 5549 808 5614 hausit
832 5555 1107 5610 Baronius.
1135 5553 1266 5618 Nam
1293 5555 1341 5608 si
1378 5568 1443 5607 ex
1468 5549 1696 5624 eo‘quod
1735 5549 1869 5624 Ter-

291 5621 541 5699 tullianus
570 5629 851 5685 adversus
883 5624 1299 5699 illumscripsit,
1335 5637 1454 5699 eum
1491 5623 1542 5676 in
1575 5621 1754 5674 Africa
1784 5621 1866 5674 vi-

284 5692 769 5782 {iisin-landum
808 5692 1864 5782 εεεεε..ιιθτί.]μειέεεξιηξὲιτξιξηςεεξτ

280 5764 478 5850 iéiibé,
538 5787 624 5832 eo
673 5768 825 5839 quod
877 5767 1203 5836 Theophilus
1246 5765 1609 5820 Autioclienus
1649 5764 1703 5816 in
1743 5775 1865 5819 eum

1983 4825 2125 4880 illius
2151 4839 2215 4879 ac
2245 4823 2401 4879 dolos
2429 4825 2710 4895 detegens,
2741 4821 2996 4876 omnibus
3037 4819 3362 4890 spectandos
3391 4820 3550 4874 exhi-

1984 4917 2118 4970 buit.
2149 4915 2504 4986 Scripserunt
2533 4915 2698 4970 etiam
2731 4913 2824 4968 alii
2859 4913 3184 4982 complures,
3220 4927 3454 4984 quorum
3486 4913 3548 4964 li-

1986 5005 2068 5061 bri
2105 5005 2242 5074 apud
2265 5005 2537 5074 plurimos
2557 5018 2624 5061 ex
2653 5003 2916 5060 fratribus
2947 5005 3121 5060 adhuc
3148 5005 3396 5060 studiose
3431 5019 3550 5060 ser-

1985 5107 2198 5152 vantur.

1971 5273 2207 5344 scripsit.
2263 5271 2337 5327 De
2385 5276 2572 5329 eodem
2628 5275 2963 5344 Hermogene
3014 5273 3254 5342 loquitur
3280 5273 3542 5344 Clemens

1969 5343 2364 5416 Alexandrinus
2394 5348 2445 5398 in
2471 5346 2564 5399 lib.
2597 5343 3020 5416 Ilypotypeseon,
3047 5350 3160 5398 sive
3190 5346 3240 5397 in
3267 5343 3541 5411 [ἐπει-μήθ

1977 5411 2250 5472 Theodoti,
2279 5415 2365 5466 ubi
2397 5411 2816 5482 exponens-haec
2841 5415 3060 5469 Davidis
3085 5417 3242 5468 verba
3280 5431 3294 5467 :
3335 5416 3396 5466 In
3425 5416 3535 5468 sole

1969 5486 2140 5551 posuit
2188 5487 2578 5538 tabernaculum
2623 5502 2774 5539 suum
2810 5500 2830 5539 :
2861 5485 3114 5551 Quidam,
3162 5485 3351 5552 inquit,
3389 5487 3538 5536 aiunt

1970 5553 2232 5606 Christum
2259 5555 2312 5607 in
2339 5555 2446 5608 sole
2477 5571 2664 5622 corpus
2693 5573 2845 5609 suum
2876 5556 3276 5624 deposuisseLut
3314 5553 3538 5607 Hermo-

1970 5639 2141 5692 genes.
2165 5625 2306 5678 Idem
2329 5638 2478 5682 certe
2504 5621 2575 5682 de
2589 5625 2924 5696 Hermogene
2940 5621 3160 5680 tradunt
3181 5621 3538 5680 Theodoritus

1971 5703 2026 5748 et
2045 5693 2384 5748 Philastrins.

1971 5703 2026 5750 et
2045 5695 2384 5750 Philastrins.
