4012 6256
346 339 449 393 5υό

1274 321 1656 394 'ms'roane
1696 331 2246 393 ECCLESIASTICIE
2286 330 2410 387 LIB.
2455 328 2541 387 tv.

3499 338 3605 388 395

359 453 448 503 Ἐν
484 450 579 520 μὲν
619 447 711 505 οὖν
735 454 847 515 τοῖς
874 456 1013 521 Περὶ
1031 453 1133 506 τοῦ
1149 452 1385 521 Πάσχα,
1412 454 1504 507 τὸν
1524 452 1710 523 χρόνον
1739 450 1858 505 καθ’
1880 450 1937 501 ὃν

2062 448 2304 504 laeterum
2350 453 2405 505 in
2453 450 2589 504 libro
2625 451 2698 504 De
2750 451 2981 516 Pascha,
3024 459 3233 519 tempus
3281 449 3453 517 ipsum
3499 466 3603 518 quo

348 541 694 604 συνέταττεν,
710 543 1012 613 ἀρχόμενος
1032 544 1281 613 σημαίνει
1315 545 1372 596 ἐν
1396 543 1621 606 τούτοις·
1642 561 1660 591 ι
1698 542 1818 595 Ἐπὶ
1844 542 1939 592 Σε-

350 634 592 704 ρουιλίου
638 635 854 686 Παύλου
888 635 1195 687 ἀνθυπάτου
1247 636 1344 705 τῆς
1394 634 1598 709 ξΑσίας,
1632 625 1675 701 ᾧ
1704 633 1937 704 Σάγαρις

348 720 527 791 καιρῷ
566 722 970 793 ἐμαρτύρησεν,
1002 724 1216 791 ἐγένετο
1239 723 1460 793 ζήτησις
1481 722 1650 792 πολλὴ
1668 726 1723 775 ἐν
1752 722 1939 775 Λαοδι-

349 813 477 883 κείᾳ
523 815 652 884 περὶ
710 814 806 866 τοῦ
853 815 1066 884 Πάσχα,
1108 815 1440 885 ἐμπεσόντος
1475 814 1614 867 κατὰ
1646 814 1834 883 καιρὸν
1880 815 1937 863 ἐν

354 903 594 966 ἐκείναις
620 906 739 966 ταῖς
773 904 1026 974 ἡμέραις,
1073 904 1167 956 καὶ
1198 905 1411 974 ἐγράφη
1444 902 1637 956 ταῦτα.
1674 922 1691 952 ι
1737 901 1937 953 Τούτου

353 993 413 1044 δὲ
433 992 526 1045 τοῦ
548 992 707 1060 λόγου
742 993 1012 1063 μέμνηται
1032 992 1262 1063 Κλήμης
1290 994 1318 1044 ὁ
1335 991 1715 1062 Ἀλεξανδρεὺς
1742 991 1798 1042 ἐν
1826 989 1938 1059 ἰδίῳ

353 1087 496 1153 Περὶ
520 1086 626 1138 τοῦ
642 1084 858 1153 Πάσχα
880 1084 1042 1154 λόγῳ,
1068 1084 1125 1136 ὃν
1160 1084 1219 1149 ἐξ
1247 1084 1423 1146 αἰτίας
1455 1085 1552 1153 τῆς
1582 1082 1675 1135 τοῦ
1700 1082 1940 1135 Μελίτω-

355 1191 445 1235 νος
488 1176 706 1245 γραφῆς
741 1190 906 1243 φησιν
936 1173 1125 1227 ἐαυτὸν
1157 1172 1433 1236 συντάξαι.
1478 1174 1564 1225 Ἐν
1600 1172 1657 1224 δὲ
1689 1172 1765 1241 τῷ
1805 1171 1939 1241 πρὸς

354 1266 447 1317 τὸν
498 1265 881 1336 αὐτοκράτορα
935 1264 1145 1335 βιϐλίῳ,
1194 1264 1423 1317 τοιαῦτά
1476 1281 1596 1316 τινα
1632 1263 1752 1316 καθ’
1785 1263 1940 1333 ἡμῶν

356 1359 444 1409 ἐπ’
480 1357 646 1410 αὑτοῦ
675 1359 955 1426 γεγονέναι
990 1360 1229 1429 ἱστορεῖ·
1274 1377 1291 1409 ι
1324 1358 1396 1410 Τὸ
1425 1356 1533 1429 γὰρ
1566 1357 1684 1409 ούδέ
1722 1355 1939 1409 πώποτε

356 1450 670 1518 γενόμενον,
705 1449 800 1512 νῦν
826 1450 1075 1502 διώκεται
1097 1449 1158 1511 τὸ
1178 1448 1285 1501 τῶν
1314 1447 1581 1500 Θεοσεϐῶν
1608 1447 1781 1515 γένος,
1818 1464 1939 1499 και-

355 1545 469 1604 νοῖς
496 1540 853 1609 ἐλαυνόμενον
877 1540 1106 1610 δόγμασι
1128 1538 1266 1592 κατὰ
1284 1539 1383 1607 τὴν
1408 1538 1608 1591 Ἀσίαν.
1629 1539 1691 1589 Οἰ
1719 1536 1826 1608 γὰρ
1853 1539 1944 1589 ἁν-

361 1635 531 1696 αιδεῖς
557 1634 886 1701 συκοφάνται
917 1634 1008 1685 καὶ
1030 1631 1136 1683 τῶν
1165 1630 1457 1701 ἀλλοτρίων
1483 1629 1728 1699 ἐρασταὶ,
1753 1628 1850 1698 τὴν
1880 1629 1944 1680 ἐκ

361 1726 470 1779 τῶν
503 1725 885 1793 διαταγμάτων
915 1723 1126 1793 ἔχοντες
1148 1721 1421 1793 ἀφορμὴν,
1454 1718 1699 1788 φανερῶς
1721 1716 1944 1788 λῃστεύ-

2041 543 2331 605 scribebat,
2366 543 2417 595 in
2460 543 2731 611 principio
2772 543 2953 611 operis
2979 542 3059 594 sui
3092 541 3340 608 designat
3368 542 3452 595 his
3486 556 3601 595 ver-

2041 632 2122 685 bis
2162 651 2173 685 :
2214 651 2230 681 ι
2261 630 2492 686 Servilio
2521 632 2711 695 Paulo,
2738 633 2935 699 inquit,
2960 633 3104 685 Asiae
3128 631 3470 701 proconsule,
3499 647 3606 700 quo

2042 728 2283 788 tempore
2330 721 2555 790 Sagaris
2591 724 2909 791 martyrium
2958 737 3245 791 perpessus
3277 731 3383 786 est,
3413 738 3604 792 magna

2040 812 2407 866 controversia
2468 812 2747 867 Laodicea:
2775 816 3007 868 excitata
3034 822 3119 866 est
3153 815 3219 866 de
3266 813 3607 868 solemnitate

2041 901 2316 967 paschali,
2372 918 2491 970 qua:
2540 905 2857 972 tempestive
2910 905 2959 956 in
3004 903 3121 957 illos
3163 905 3277 957 dies
3321 904 3605 957 inciderat.

2041 991 2248 1057 Quibus
2282 994 2444 1047 etiam
2478 994 2665 1049 diebus
2704 996 2817 1049 hrec
2847 1012 2876 1047 a
2904 995 3060 1048 nobis
3091 996 3393 1064 perscripta
3421 1006 3603 1049 sunta

2043 1082 2210 1150 Hujus
2246 1094 2426 1138 autem
2475 1086 2600 1140 libri
2638 1088 2968 1142 mentionem
3006 1088 3133 1142 facit
3185 1088 3436 1143 Clemens
3482 1090 3608 1142 Alco

2043 1175 2343 1229 xandrinus
2380 1176 2432 1229 in
2475 1193 2640 1247 opere
2672 1194 2770 1233 suo
2817 1179 2891 1232 De
2932 1180 3161 1236 Pascha.
3194 1180 3348 1247 Quod
3388 1182 3608 1250 quidem

2044 1276 2104 1319 ut
2136 1268 2526 1330 conscriberet,
2559 1268 2832 1324 Melitonis
2864 1272 3061 1325 librum
3092 1288 3311 1326 causam
3342 1273 3443 1327 sibi
3470 1288 3609 1341 pra:-

2042 1354 2226 1411 buisse
2258 1365 2507 1410 testatur.
2540 1360 2659 1413 Jam
2693 1376 2820 1414 vero
2844 1362 2894 1414 iu
2927 1377 2991 1415 eo
3027 1362 3164 1416 libro
3189 1377 3347 1433 quem
3378 1364 3612 1432 impera-

2046 1446 2149 1501 tori
2195 1450 2554 1518 nuncupavit,
2589 1450 2703 1504 ιιωο
2732 1451 2823 1505 illo
2862 1463 3120 1521 regnante
3162 1453 3425 1507 adversus
3454 1452 3614 1507 Chri-

2045 1537 2251 1593 stianos
2276 1549 2424 1608 gesta
2455 1555 2576 1595 esse
2607 1541 2804 1598 refert:
2830 1560 2849 1594 ι
2881 1544 3034 1610 Quod
3056 1545 3227 1609 enim,
3258 1545 3451 1614 inquit,
3478 1562 3613 1599 nun-

2047 1644 2208 1697 quam
2238 1643 2397 1686 antea
2430 1631 2633 1687 t‘actum
2662 1634 2860 1702 fuerat,
2893 1637 3321 1705 persecutionem
3346 1653 3489 1693 nunc
3512 1653 3613 1706 pa-

2052 1719 2186 1773 titur
2213 1720 2424 1787 piorum
2461 1723 2740 1777 hominum
2766 1742 2955 1795 genus,
2987 1728 3144 1782 novis
3176 1743 3271 1795 per
3306 1728 3488 1783 Asiam
3517 1728 3613 1781 de-

358 1832 501 1879 ουσι,
538 1814 756 1885 νύκτωρ
788 1814 883 1867 καὶ
912 1812 1232 1883 μεθημέραν
1258 1811 1648 1881 διαρπάζοντες
1680 1810 1807 1871 τοὺς
1844 1826 1947 1878 μη-

2062 1810 2217 1865 :retis
2249 1813 2607 1880 exagitatum.
2645 1815 3097 1884 lmpudeutissimi
3130 1832 3363 1888 namque
3402 1818 3613 1872 delato-

358 1907 447 1960 δέν
467 1905 811 1968 ἀδικοῦντας.
845 1925 863 1956 ι
890 1905 1000 1957 Καὶ
1031 1903 1148 1974 μεθ’
1176 1904 1339 1973 ἕτερά
1370 1917 1533 1971 φησι’
1572 1920 1590 1951 ι
1626 1900 1735 1952 Καὶ
1765 1901 1813 1952 εί
1850 1898 1947 1969 μὲν

306 2050 309 2053 .
362 2000 458 2053 σοῦ
496 2000 855 2060 κελεύσαντος
885 1997 1057 2050 ταῦτα
1103 1995 1420 2067 πράττεται,
1456 1992 1597 2045 ἔστω
1637 1990 1817 2053 καλῶς
1863 2007 1950 2058 γι-

360 2090 608 2160 νόμενον.
646 2089 864 2149 Δίκαιος
891 2087 999 2157 γάρ
1034 2084 1289 2155 βασιλεὺς
1320 2084 1435 2135 ὀὐκ
1475 2082 1541 2136 ἂν
1583 2081 1782 2144 ἀδίκως
1825 2081 1949 2150 βου-

359 2181 615 2235 λεύσαιτο
663 2178 902 2231 πώποτε.
959 2177 1067 2230 Καὶ
1119 2178 1282 2246 ἡμεῖς
1334 2174 1508 2244 ἡδέως
1560 2172 1796 2242 φέρομεν
1856 2170 1949 2223 τοῦ

360 2273 605 2328 τοιούτου
666 2271 899 2325 Θανάτου
956 2268 1015 2322 τὸ
1063 2268 1251 2337 γέρας.
1301 2265 1518 2335 Ταύτην
1562 2263 1618 2315 δέ
1666 2280 1748 2315 σοι
1786 2263 1951 2333 μόνην

362 2367 751 2437 προσφέρομεν
803 2364 1008 2430 δέησιν,
1044 2361 1131 2413 ἵνα
1184 2358 1346 2422 αὐτὸς
1389 2357 1652 2427 πρότερον
1698 2356 1951 2421 ἐπιγνοὺς

361 2460 487 2520 τοὺς
528 2458 628 2528 τῆς
651 2456 906 2525 τοιαύτης
942 2453 1272 2523 φιλονεικίας
1302 2452 1538 2521 ἐργάτας
1572 2448 1704 2519 (45),
1730 2447 1953 2509 δικαίως

364 2550 608 2622 κρίνειας
633 2550 683 2600 εἰ
721 2547 860 2613 ἄξιοι
901 2545 1131 2598 θανάτου
1169 2542 1587 2620 καὶ-τιμωρίας,
1621 2540 1653 2609 ἢ
1682 2536 1953 2607 σωτηρίας

366 2643 460 2695 καί
479 2641 707 2711 ἡσυχίας
730 2680 744 2702 ,
770 2639 926 2692 εἰσίν.
956 2639 1018 2691 Ei
1051 2637 1107 2690 δὲ
1138 2637 1231 2689 καὶ
1255 2634 1407 2705 παρά
1433 2631 1524 2685 σοῦ
1546 2632 1622 2703 μὴ
1653 2632 1736 2701 εἴη
1769 2632 1802 2699 ἡ
1835 2628 1956 2699 βου-

365 2732 432 2804 λὴ
461 2731 599 2803 αὕτη
630 2732 724 2785 καὶ
756 2731 817 2783 τὸ
850 2731 1030 2782 καινὸν
1056 2728 1213 2781 τοῦτο
1240 2727 1535 2796 διάταγμα,
1579 2723 1607 2776 ὃ
1649 2723 1783 2793 μηδέ
1812 2722 1955 2774 κατὰ

370 2825 665 2895 βαρϐάρων
719 2823 919 2892 πρέπει
978 2819 1272 2890 πολεμίων,
1323 2818 1456 2870 πολὺ
1490 2814 1688 2887 μᾶλλον
1724 2812 1957 2882 δεόμεθά

371 2933 487 2979 σου,
535 2915 610 2985 μὴ
637 2914 894 2984 περιιδεῖν
927 2914 1073 2983 ἡμᾶς
1121 2913 1178 2965 ἐν
1226 2909 1444 2979 τοιαύτῃ
1476 2906 1711 2977 δημώδει
1760 2904 1953 2975 λεηλα-

371 3010 484 3079 σία.
515 3028 533 3059 ι
569 3007 790 3071 Τούτοις
816 3003 972 3068 αὖθις
1001 3005 1252 3077 ἐπιφέρει
1288 3003 1493 3071 λέγων’
1531 3019 1549 3051 ι
1597 3000 1661 3052 Ἠ
1692 2997 1803 3068 γάρ
1838 2995 1956 3049 καθ’

2050 1917 2136 1955 res
2162 1914 2219 1955 et
2251 1903 2551 1958 alienarum
2579 1921 2740 1975 opum
2765 1909 2967 1976 cupidi,
3000 1924 3065 1963 ex
3092 1909 3476 1977 imperialibus
3504 1910 3587 1963 ed.’

2049 1993 2154 2047 etis
2182 1994 2526 2049 occasionem
2553 2000 2719 2063 nacti,
2740 1999 2916 2069 palam
2939 2001 3030 2054 diu
3059 2011 3334 2070 noctuque
3359 2016 3617 2070 grassan-

2052 2093 2140 2137 tur
2168 2084 2515 2154 spoliantque
2543 2089 2790 2143 homines
2816 2091 3093 2147 innoxios.
3127 2111 3146 2145 ι
3178 2094 3242 2146 Ει
3270 2093 3431 2162 paulo
3457 2102 3617 2161 post:

2056 2193 2074 2223 ι
2113 2173 2266 2240 Quod
2291 2177 2359 2241 si,
2386 2177 2580 2247 inquit,
2616 2181 2730 2234 haec
2761 2190 2853 2237 tuo
2873 2182 3033 2251 jussu
3083 2183 3237 2246 ﬂant,
3271 2193 3416 2240 recte
3456 2195 3621 2255 atque

2051 2266 2241 2321 ordine
2276 2266 2415 2322 facta
2447 2280 2628 2325 sunto.
2670 2270 2854 2342 Neque
2884 2274 3028 2327 enim
3055 2275 3171 2329 fieri
3203 2285 3399 2345 potest,
3456 2286 3516 2330 ut
3536 2277 3625 2346 ju-

2056 2370 2174 2413 stus
2210 2359 2463 2429 princeps
2487 2362 2691 2432 aliquid
2716 2378 2949 2431 unquam
2981 2364 3177 2431 injuste
3210 2369 3541 2421 constituat:
3567 2377 3625 2423 et

2056 2466 2151 2504 nos
2166 2451 2351 2506 libenti
2373 2453 2554 2507 animo
2569 2454 2835 2522 ejusmodi
2856 2457 3045 2513 mortis
3061 2459 3345 2527 praemium
3367 2458 3622 2514 ferimus.

2057 2537 2232 2593 Unum
2264 2541 2394 2595 illud
2426 2559 2453 2594 a
2490 2554 2540 2597 te
2570 2546 2821 2611 petimus,
2853 2555 2912 2600 ut
2958 2561 3082 2601 cum
3120 2546 3425 2616 hujusmodi
3458 2548 3626 2615 perti-

2057 2631 2208 2684 nacia
2242 2632 2482 2699 perditos
2523 2634 2774 2690 homines
2805 2651 2903 2705 per
2943 2646 2996 2692 te
3024 2638 3139 2707 ipse
3173 2642 3322 2708 prius
3348 2640 3625 2694 examina-

2058 2725 2223 2786 veris,
2257 2732 2369 2777 tum
2399 2724 2594 2780 deinde
2623 2742 2722 2794 pro
2760 2737 2849 2781 tua
2877 2731 3137 2798 aequitate
3176 2740 3409 2797 statuas,
3442 2742 3625 2785 utrum

2057 2814 2323 2885 supplicio
2353 2830 2417 2871 ac
2442 2827 2617 2870 morte
2643 2816 2804 2884 allici,
2834 2834 2901 2872 an
2934 2820 3068 2874 salvi
3101 2832 3157 2875 et
3205 2822 3386 2876 securi
3431 2822 3631 2891 degere

2059 2917 2395 2962 mereantur.
2427 2909 2521 2964 Sin
2553 2924 2680 2966 vero
2711 2911 3161 2983 illud-consilium
3200 2924 3363 2984 atque
3393 2916 3628 2970 edictum

2060 2997 2219 3067 plane
2266 2999 2592 3069 inanditutn,
2646 3006 2792 3072 quod
2840 3021 3015 3076 neque
3056 3006 3321 3061 adversus
3367 3007 3632 3062 barbaros

372 3102 520 3171 ἡμᾶς
555 3099 840 3167 φιλοσοφία
873 3097 1133 3169 πρότερον
1189 3096 1286 3167 μὲν
1336 3098 1393 3149 ἐν
1442 3093 1734 3166 βαρϐάροις
1780 3092 1957 3161 ἠκμα-

2063 3089 2245 3144 hostes
2277 3093 2481 3146 sanciri
2533 3095 2810 3162 decuerat,
2840 3113 3117 3166 nunquam
3163 3115 3192 3151 a
3229 3109 3278 3154 te
3324 3096 3629 3168 profectum

376 3210 468 3247 σεν
494 3192 630 3262 (46)’
666 3190 1018 3260 ἐπανθήσασα
1067 3189 1125 3241 δὲ
1164 3190 1277 3250 τοῖς
1315 3188 1426 3249 σοῖς
1464 3184 1640 3238 ἔθνεσι
1687 3181 1829 3235 κατά
1858 3182 1956 3252 τὴν

373 3285 686 3353 Αὐγούστου
713 3281 807 3335 τοῦ
833 3280 924 3334 σοῦ
947 3280 1213 3350 προγόνου
1246 3277 1485 3349 μεγάλην
1507 3276 1701 3346 ἀρχὴν,
1725 3272 1957 3343 ἐγενήθη

380 3377 615 3447 μάλιστα
640 3379 705 3445 τῇ
740 3377 807 3444 σῇ
846 3372 1094 3443 βασιλείᾳ
1127 3371 1301 3424 αἴσιον
1334 3368 1556 3437 ἀγαθόν.
1599 3368 1823 3419 Ἔκτοτε
1854 3362 1961 3433 γὰρ

381 3472 457 3532 είς
496 3469 639 3538 μέγα
668 3468 763 3520 καλ¹
793 3464 1044 3535 λαμπρὸν
1071 3463 1133 3515 τὸ
1168 3461 1452 3532 Ῥωμαίων
1485 3457 1695 3527 ἠυξήθη
1730 3454 1929 3526 κράτος
1946 3472 1959 3484 ⁶

379 3555 439 3615 οὗ
471 3562 535 3613 σὺ
560 3558 803 3627 διάδοχος
822 3557 1073 3617 εὐκταίος
1103 3552 1332 3620 γέγονάς
1358 3568 1418 3602 τε
1447 3550 1541 3603 καὶ
1566 3547 1663 3617 ἐστι
1698 3545 1835 3616 μετὰ
1866 3542 1961 3594 τοῦ

382 3651 570 3714 παιδὸς
600 3650 732 3720 (47).
764 3648 1054 3717 φυλάσσων
1088 3646 1188 3715 τῆς
1229 3642 1506 3714 βασιλείας
1541 3639 1638 3711 τὴν
1669 3637 1964 3705 σύντροφον

387 3806 511 3876 ὑμῖν
539 3802 758 3876 δοκοῦνἱ
777 3798 1239 3876 προθεῖναι-’τουτὶ
1264 3797 1537 3876 βιϐλίδιον.
1570 3791 1963 3876 ϐετιιξρτιλιὶο-

390 3863 508 3929 nem
536 3874 681 3925 illam
713 3863 987 3925 Melitonis
1014 3869 1148 3923 nihil
1175 3863 1316 3941 aliud
1341 3868 1507 3922 fuisse
1533 3881 1692 3941 quam
1722 3863 1961 3941 libellum

388 3960 606 4013 precum
634 3943 875 4013 oblatum
907 3940 1217 4013 imperatori
1254 3946 1401 4013 patet
1440 3953 1504 3991 ex
1539 3931 1841 4013 fragmento
1874 3931 1963 4013 illo

390 3999 530 4081 quod
563 4012 770 4079 profert
802 3999 1086 4073 Eusebius,
1111 3999 1315 4077 ταύτην
1341 4006 1396 4059 δέ
1423 4023 1503 4059 σοι
1535 3999 1701 4075 μόνην
1726 3999 1965 4075 προσφέ-

393 4082 904 4161 ρομῖεὲ.δῖτισιν’⁰¹⁰ῖ
1126 4151 1144 4161 -
1325 4148 1334 4161 ,
1438 4147 1450 4161 .
1554 4145 1564 4161 .
1721 4139 1900 4161 ..-.-ε

460 4142 571 4219 μδ)
610 4142 722 4219 Τῆς
738 4150 1018 4216 τοιαύτης
1042 4148 1409 4216 φιλονεικίας
1427 4145 1697 4215 ἐργάτας.
1721 4142 1855 4196 Male
1888 4142 1964 4219 in-

395 4212 1068 4293 terpretes"oniiies__htec
1096 4218 1378 4293 Mclitonis
1411 4212 1578 4293 verba
1608 4226 1869 4293 accepere
1902 4212 1969 4290 de

394 4282 880 4346 calumniatoribus
905 4288 1364 4350 Christianorum,
1392 4301 1514 4339 cum
1548 4286 1614 4338 de
1645 4282 1969 4350 Christianis

397 4360 623 4425 intelligi
662 4361 916 4430 debeant,
950 4372 1085 4430 quos
1123 4349 1508 4430 Melitovocat
1536 4354 1773 4430 ἐργάτας
1821 4349 1969 4430 φιλο-

403 4421 625 4491 νεικίας,
655 4428 706 4481 id
732 4439 813 4481 est
842 4421 1102 4496 ἀσκητάς.
1123 4425 1525 4496 Proﬂtebantur
1544 4421 1684 4478 enim
1712 4421 1969 4496 Christia-

2060 3191 2167 3244 est,
2194 3181 2549 3244 obsecramus
2580 3195 2631 3239 te
2660 3186 2826 3241 multo
2855 3188 3054 3259 magis,
3085 3205 3151 3244 ne
3184 3206 3282 3245 nos
3320 3192 3630 3260 hujusmodi

2064 3271 2278 3339 publico
2302 3275 2595 3329 latrocinio
2620 3277 2825 3333 diutius
2850 3280 3035 3333 vexari
3067 3282 3404 3348 permittas.»
3434 3279 3634 3337 Paucis

2063 3356 2257 3412 deinde
2300 3358 2601 3429 interjectis
2634 3364 2748 3418 haec
2791 3366 3068 3437 subjungit
3098 3386 3111 3421 :
3152 3388 3170 3420 ι
3207 3369 3331 3425 Haec
3357 3371 3523 3437 enim,
3550 3372 3634 3425 in-

2064 3451 2197 3517 quit,
2234 3452 2594 3523 philosophia:
2618 3466 2768 3510 secta
2792 3472 2951 3526 quam
2983 3461 3326 3527 profitemur,
3347 3462 3497 3530 prius
3513 3464 3634 3532 qui-

2064 3543 2184 3596 dem
2218 3545 2385 3613 viguit
2414 3547 2553 3617 apud
2593 3547 2753 3619 148
2784 3550 3065 3606 barbaros.
3100 3551 3292 3606 Postea
3343 3568 3469 3609 vero
3512 3569 3634 3608 cum

2065 3636 2359 3702 provinciis
2390 3638 2605 3709 imperii
2639 3642 2717 3696 tui
2772 3641 3056 3708 illuxisset,
3104 3646 3409 3716 principatu
3457 3648 3636 3717 magni

2066 3808 2187 3876 nent
2215 3792 2352 3876 haue
2373 3797 2687 3876 scripsisset
2704 3799 2910 3876 Melito,
2931 3802 3258 3859 mentionem
3277 3803 3637 3876 illiusprocul

2065 3862 2226 3943 dubio
2252 3862 2505 3943 ~fecisset
2560 3870 2669 3943 hoc
2716 3871 2868 3943 loco;
2896 3862 2977 3924 ὀι
3010 3887 3130 3943 pro
3176 3874 3356 3943 verbis
3407 3862 3512 3943 illis
3541 3892 3636 3943 μει-

2064 3932 2292 4011 $1-109
2349 3935 2585 4011 παιδός,Δ
2618 3940 2844 4011 dixisset
2876 3932 3107 4011 omnino
3159 3940 3295 4010 μετὰ
3338 3941 3432 3994 τοῦ
3490 3932 3644 3996 ἀδελ-

2066 4004 2188 4078 φοῦ.
2225 4004 2382 4078 _Na_m
2444 4005 2505 4058 L.
2560 4007 2814 4078 Aurelius
2864 4010 3030 4062 frater
3085 4004 3186 4063 fuit
3238 4011 3523 4078 adoptivus
3572 4016 3634 4067 Ι).

2074 4071 2261 4146 Marci.
2306 4072 2440 4129 Cum
2491 4079 2655 4146 igitur
2711 4077 2882 4132 solum
2930 4078 3098 4133 Marci
3150 4071 3407 4133 Antoni-ni
3444 4082 3635 4141 lilium.

2072 4142 2422 4197 Commodum
2478 4142 2759 4209 videlicet,
2826 4149 2915 4203 hic
2971 4159 3359 4203 commemoret
3421 4150 3636 4215 Melito,

2074 4221 2330 4288 pptetque
2388 4225 2630 4288 utchm
2694 4217 2787 4272 illo
2841 4232 3024 4288 quam
3061 4218 3361 4273 diutissime
3413 4219 3636 4288 imperet

2078 4280 2309 4345 Machs,
2336 4287 2677 4357 manifestum
2701 4297 2804 4357 est,
2833 4280 2892 4340 u't
2918 4287 3049 4348 dixi,
3082 4288 3224 4341 hunc
3252 4280 3637 4357 Apoloqeiicum

2078 4360 2197 4418 post
2232 4361 2455 4407 mortem
2486 4355 2545 4409 L.
2581 4354 2705 4409 Veri
2732 4356 2914 4409 Marco
2929 4358 3167 4411 oblatum
3189 4354 3375 4414 fuisse.
3407 4358 3640 4413 Proinde

2078 4421 2129 4471 in
2160 4421 2370 4475 Eusebii
2410 4424 2665 4479 Chronico
2703 4437 2846 4481 recte
2878 4427 2930 4480 id
2968 4424 3205 4480 refertur
3238 4444 3381 4483 anno
3410 4444 3439 4481 ι
3471 4427 3636 4482 Marci

400 4504 451 4554 ni
506 4490 862 4566 pertinaciam
927 4490 984 4549 et
1036 4495 1422 4549 constantiam
1458 4496 1511 4566 in
1580 4490 1861 4566 tormentis
1917 4497 1969 4566 et
2000 4497 2045 4550 ι)
2075 4491 2354 4566 Antonini,
2386 4510 2529 4566 anno
2564 4495 2771 4566 scilicet
2793 4506 2911 4562 post
2945 4506 3166 4549 mortem
3199 4497 3260 4549 L.
3292 4498 3435 4553 γετί,
3477 4497 3642 4550 Amo-

399 4559 686 4624 calumniis
718 4566 1069 4634 perferendis.
1115 4566 1275 4619 Certe
1310 4579 1415 4616 non
1449 4564 1517 4618 de
1553 4562 1675 4616 aliis
1714 4576 1874 4629 quam
1905 4559 1970 4611 de

401 4640 731 4709 Christianis
760 4638 887 4704 ipsis
918 4636 1032 4709 haec
1055 4634 1593 4709 verbaintelligenda
1617 4644 1971 4709 essetesse-

404 4708 691 4777 quentibus
712 4697 955 4773 apparet.
988 4704 1131 4757 Petit
1158 4705 1300 4757 enini
1325 4706 1394 4777 ab
1420 4697 1744 4777 imperatore
1770 4697 1971 4777 Melita,

405 4769 459 4831 tit
506 4769 937 4831 Christianorum
997 4789 1213 4827 causam
1274 4773 1422 4839 prius
1456 4769 1571 4841 ipse
1608 4786 1704 4838 per
1730 4784 1789 4823 se
1811 4769 1975 4834 dispi-

405 4862 527 4901 cere
572 4854 735 4911 atque
793 4845 1105 4897 examinare
1149 4841 1311 4905 velit;
1356 4851 1463 4895 tum
1517 4841 1711 4895 deinde
1751 4845 1970 4899 statuat,

408 4928 584 4969 utrtttn
645 4914 912 4984 supplicio
961 4912 1223 4967 alliciendi
1278 4912 1407 4973 sint,
1445 4928 1510 4965 an
1540 4912 1718 4980 potius
1756 4921 1975 4963 conser-

410 4987 587 5038 validi.

479 5054 591 5124 (46)
629 5054 725 5105 Ἐν
766 5052 1094 5122 βαρϐάροις
1148 5050 1441 5119 ἤκμασεν.
1478 5048 1570 5124 Sic
1614 5048 1853 5124 nominat
1886 5044 1978 5124 Ju-

412 5117 582 5185 dae'os;
610 5126 749 5190 apud
773 5117 911 5191 quos
937 5117 1378 5191 p'ritnumeiturta
1406 5128 1486 5171 est
1513 5118 1817 5191 Christiana
1852 5117 1978 5191 reli-

412 5196 517 5265 gio.
542 5187 718 5265 Atque
740 5187 819 5265 ita
836 5187 1248 5265 loquitur_etiam
1265 5187 1510 5265 Justinus
1534 5188 1588 5241 in
1618 5187 1975 5265 Apologetico,

415 5257 465 5316 in
494 5262 673 5323 fallor,
695 5274 749 5315 et
783 5257 1035 5317 Clemens
1064 5261 1337 5313 Romanus
1359 5260 1411 5310 iu
1436 5258 1612 5310 libror
1650 5257 1980 5322 Recognilio-

416 5350 555 5385 nunt.
610 5330 746 5383 "IIIC
816 5342 898 5385 est
956 5332 1096 5398 quod
1159 5328 1517 5398 Porphyrius
1546 5328 1977 5398 Christianorum

415 5414 615 5455 sectam
641 5402 872 5471 appellat
894 5394 1175 5471 Βάρϐαρον
1201 5394 1473 5468 τόλμημα.
1498 5396 1669 5471 Locus
1698 5394 1979 5471 Porphyrii

416 5472 613 5525 citatur
636 5465 952 5523 abEnsebio
977 5465 1033 5523 in
1067 5465 1201 5521 libro
1227 5483 1276 5519 γι
1299 5465 1462 5530 hujus
1488 5470 1687 5533 operis,
1712 5482 1832 5533 pag.
1855 5465 1979 5518 220.

486 5541 597 5613 (47)
629 5538 895 5609 Γέγονάς
932 5538 1124 5613 τες-καὶ
1164 5538 1282 5604 ἐσῃ
1322 5536 1473 5613 μετὰ
1514 5535 1619 5588 τοῦ
1648 5534 1981 5613 παιδός-.-ΗΧ

416 5606 520 5666 hoc
554 5606 670 5665 loco
702 5606 927 5678 apparet
967 5608 1275 5663 Melitonetn
1320 5608 1628 5674 episcopum
1676 5606 1981 5678 Apologiani

418 5697 567 5734 suam
600 5674 859 5734 obtulisse
893 5678 963 5733 M.
1012 5678 1292 5730 Antonino
1339 5686 1458 5742 post
1502 5686 1728 5727 tuorlcni
1778 5674 1981 5727 Aurelii

424 5749 567 5806 \‘eri.
596 5750 729 5804 Nam
761 5749 806 5801 si
838 5748 1131 5816 superstite
1158 5746 1331 5800 adhuc
1354 5745 1577 5801 Aurelio
1611 5743 1746 5798 Vero
1777 5746 1982 5799 oratio-

743 5840 1015 5900 ΡΑΤιιοι.
1060 5838 1106 5898 G
1120 5854 1178 5900 ιι.
1230 5839 1368 5900 XX.

2073 4559 2445 4633 nino,inquit,
2469 4564 2595 4631 imp.
2627 4559 2805 4618 Melite
2840 4567 3066 4618 Asianus
3101 4566 3402 4619 Surdiemis
3436 4568 3641 4633 episco-

2072 4644 2170 4701 pus
2217 4632 2620 4701 Apologeticnm
2674 4651 2767 4701 pro
2816 4634 3132 4688 Christianis
3199 4632 3471 4689 tradidit.
3508 4638 3641 4691 Cum

2077 4698 2291 4753 Eusebii
2321 4698 2580 4755 Chronico
2609 4698 2875 4757 consentit
2909 4713 3101 4757 auctor
3132 4702 3377 4757 Chronici
3406 4707 3643 4759 Alexan-

2075 4767 2235 4844 drini,
2276 4773 2363 4844 qui
2395 4773 2557 4826 etiaut
2583 4775 2684 4827 hoc
2714 4774 2878 4844 addit,
2905 4772 3142 4827 Marcum
3178 4777 3509 4829 Antoninum
3532 4777 3645 4830 Me-

2078 4836 2621 4915 litnnisaliorumque
2651 4843 3080 4915 Christianorum
3112 4845 3414 4915 antistitum
3439 4846 3649 4915 suppli-

2078 4908 2384 4981 cationibus
2415 4908 2736 4978 periiiolum,
2775 4913 3059 4981 scripsisse
3086 4914 3367 4980 epistolam
3399 4916 3465 4968 ad
3494 4908 3649 4969 C6...-

2080 4979 2476 5052 niune_Asia:,
2538 4996 2640 5045 qua
2696 4979 2909 5035 vetabat
2978 4996 3044 5035 ne
3102 4979 3224 5051 quis
3290 4984 3646 5052 imposterum

2078 5047 2417 5102 Christianus
2482 5052 2756 5117 religionis
2803 5068 2913 5105 suae
2972 5047 3134 5105 causa
3191 5047 3645 5108 calum'niaretur.

2080 5118 2272 5192 Exstat
2303 5120 2665 5192 haecepistola
2701 5137 2860 5192 supra
2913 5122 2969 5174 in
3003 5136 3127 5190 Cap.
3171 5122 3237 5176 15
3289 5125 3447 5192 hujus
3500 5124 3645 5177 libri.

2079 5188 2167 5258 Ac,
2212 5188 2510 5243 laudandus
2555 5201 2637 5241 est
2673 5191 2889 5258 quidem
2934 5188 3125 5244 auctor
3181 5193 3325 5247 illius
3359 5188 3647 5256 'Cltronici,

2081 5256 2280 5327 quippe
2330 5260 2441 5329 qui;
2475 5270 2620 5312 recte
2665 5256 3132 5323 animadverterit,
3176 5262 3461 5329 epistolam
3503 5261 3646 5315 illam

2082 5342 2189 5379 non
2243 5327 2516 5381 Antonino
2563 5328 2679 5392 l’io,
2738 5342 2795 5383 ut
2848 5330 3111 5384 Eusebius
3152 5327 3490 5389 crediderat.
3555 5336 3647 5386 scd

2083 5395 2261 5451 Marco
2290 5398 2468 5465 potius
2493 5413 2614 5452 esse
2644 5400 3004 5453 tribuendam.
3035 5402 3090 5452 In
3112 5417 3176 5453 eo
3210 5411 3386 5454 tamen
3420 5400 3645 5463 fallitur,

2082 5468 2221 5539 gitod
2252 5466 2497 5539 eamdem
2535 5469 2812 5535 epistolam
2859 5485 3001 5522 anno
3047 5471 3256 5523 decimo
3309 5471 3649 5539 principatus

2082 5535 2165 5609 Μ.
2196 5536 2455 5589 Antonini
2497 5540 2751 5609 scriptam
2785 5554 2903 5593 esse
2929 5540 3276 5593 existimavit.
3310 5535 3530 5609 Scripta
3566 5555 3649 5595 est

2083 5607 2224 5659 enim
2252 5620 2406 5679 anno
2430 5608 2604 5672 primo
2633 5606 2748 5673 ejus
2772 5609 3011 5679 imperii,
3044 5621 3098 5661 ut
3126 5610 3390 5679 colligitur
3419 5606 3486 5663 ex
3510 5628 3650 5663 anno

2085 5689 2151 5727 xv
2200 5676 2489 5730 tt'ibttltilttB
2532 5677 2817 5747 potestatis
2852 5678 2907 5732 in
2942 5679 3128 5734 eadem
3165 5676 3395 5752 epistola
3441 5695 3650 5749 praeno-

2087 5754 2221 5798 tato.

3267 5844 3336 5899 l3
