2006 3128
162 130 217 157 409

686 132 860 161 HISTORIA!)
880 133 1157 164 ECCLESIASTICJE
1179 137 1241 165 LIB.
1262 137 1292 164 V.

1744 141 1797 168 MO

163 186 298 224 Χριστοῦ,
316 187 375 219 τοῖς
392 188 464 215 κατὰ
475 187 525 224 τὴν
544 188 637 215 Ἀσίαν
651 188 698 215 καὶ
715 190 835 225 Φρυγίαν
853 190 901 225 τὴν
915 191 958 216 αὑ-

1015 192 1173 227 Lugdunum
1189 193 1284 220 Galliae
1299 193 1400 228 degunt
1414 214 1422 225 ,
1444 192 1574 221 fratribus
1597 201 1643 228 per
1656 195 1747 222 Asiam
1770 202 1797 223 et

162 234 214 269 τὴν
229 234 279 269 τῆς
290 234 509 270 ἀπολυτρώσεως
524 236 589 270 ἡμῖν
604 235 695 262 πίστιν
712 237 760 263 καὶ
778 237 873 264 ἐλπίδα
885 237 962 272 ἔχου-

164 287 210 305 σιν
228 278 365 313 ἀδελφοῖς,
391 280 484 315 είρήνη
510 279 557 305 καὶ
577 279 656 314 χάρις
676 281 723 307 καὶ
737 280 800 314 δόξα
819 281 874 307 ἀπὸ
894 282 961 308 Θεοῦ

164 324 275 360 Πατρδς
286 325 335 351 καὶ
349 325 468 360 Χριστοῦ
488 324 575 360 Ἰησοῦ
588 324 634 351 τοῦ
648 326 749 360 Κυρίου
764 327 779 362 ἡ
785 327 852 361 μῶν.
868 337 877 352 ι
896 325 961 353 Εἶτα

165 368 274 401 τούτοις
286 369 361 405 ἑξῆς,
381 369 464 405 ἕτερα
479 371 734 406 προοιμιασάμενοι,
750 372 800 406 τὴν
819 371 866 398 τοῦ
881 372 960 406 λόγου

167 416 312 452 καταρχὴν
329 416 468 443 ποιοῦνται
489 417 518 442 ὲν
531 416 651 448 τούτοις·
672 427 681 442 ‹
703 418 740 444 Τὸ
766 418 815 453 μὲν
838 417 885 445 οὖν
911 419 960 453 μὲ-

167 461 250 495 γεθος
267 462 317 497 τῆς
341 462 435 488 ἐνθάδε
459 462 586 497 θλίψεως,
612 463 658 489 καὶ
677 463 727 498 τὴν
750 464 884 499 τοσαύτην
908 464 961 491 τῶν

167 506 256 533 δθνῶν
276 508 317 539 εἰς
338 509 402 539 τοὺς
418 508 513 542 ἁγίους
528 508 623 543 ὀργὴν,
643 509 690 535 καὶ
703 510 753 535 ὅσα
768 509 915 545 ὑπέμειναν
936 511 961 536 οἱ

170 553 303 589 μακάριοι
327 554 475 589 μάρτυρες,
493 554 537 580 ἐπ’
558 554 672 590 ἀκριϐὲς
693 554 750 581 οὔθ’
774 556 854 590 ἡμεῖς
875 556 961 582 εἰπεῖν

168 599 269 630 ἱκανοὶ,
285 598 347 625 οὔτε
365 599 419 634 μὴν
431 601 522 635 γραφῇ
533 600 734 636 περιληφθῆναι
744 600 865 627 δυνατόν.
877 601 961 627 Παντὶ

168 644 226 680 γὰρ
252 644 340 671 σθένει
361 644 509 680 ἐνέσκηψεν
528 647 543 672 ὀ
562 646 760 680 ἀντικείμενος,
786 646 962 682 προοιμιαζό-

170 698 255 725 μενος
271 691 322 725 ἤδη
339 691 389 726 τὴν
410 691 496 722 ἀδεῶς
515 692 664 726 μέλλουσαν
682 691 791 718 ἔσεσθαι
812 692 961 728 παρουσίαν

168 735 269 761 αὐτοῦ·
287 736 334 762 καὶ
349 735 392 762 διὰ
407 736 516 763 πάντων
532 737 648 772 διῆλθεν,
669 737 765 769 ἐθίζων
785 738 847 769 τοὺς
865 737 960 764 ἑαυτοῦ

168 782 218 807 καὶ
234 782 435 817 προγυμνάζων
454 783 524 809 κατὰ
538 783 593 809 τῶν
610 783 711 810 δούλων
726 784 773 810 τοῦ
791 783 869 813 Θεοῦ.
891 784 961 811 ὥστε

169 827 209 862 μὴ
226 828 307 862 μόνον
322 829 414 855 οἰκιῶν
430 828 484 864 (76)
499 829 545 855 καὶ
564 829 710 864 βαλανείων
726 830 772 856 καὶ
785 830 888 866 ἀγορᾶς
905 830 961 865 εἷρ-

167 873 277 907 γεσθαι,
298 874 365 900 ἀλλὰ
380 874 428 901 καὶ
452 875 482 912 τρ
496 875 610 902 καθόλου
636 875 777 910 φαίνεσθαι
800 876 877 911 ἡμῶν
900 885 960 902 τινα

167 919 261 950 αὐτοῖς
289 920 456 956 ἀπειρῆσθαι
479 922 507 947 ὲν
538 922 622 956 ὁποίῳ
645 922 744 957 δήποτε
768 922 853 957 τόπῳ.
883 923 959 949 Ἀντ-

167 966 334 1000 εστρατήγει
355 966 383 992 δὲ
398 968 414 1001 ή
431 967 510 1002 χάρις
524 967 570 993 τοῦ
587 967 665 998 Θεοῦ,
680 968 728 993 καὶ
741 968 804 999 τοὺς
822 968 869 1002 μὲν
880 967 959 994 ἀσθε-

168 1009 223 1040 νεῖς
246 1009 370 1045 ἐρρύετο,
395 1011 612 1046 ἀντιπαρέτασσε
632 1011 659 1038 δὲ
686 1012 797 1044 στύλους
826 1012 959 1048 ἑδραίους,

168 1055 338 1090 δυναμένους
356 1055 400 1082 διὰ
415 1056 464 1091 τῆς
480 1057 619 1092 ὑπομονῆς
637 1058 727 1084 πᾶσαν
743 1058 792 1093 τὴν
811 1057 897 1093 ὁρμὴν
912 1057 960 1084 τοῦ

169 1102 289 1138 πονηροῦ
310 1103 349 1134 είς
362 1103 475 1135 ἑαυτοὺς
490 1102 619 1129 ἑλκύσαι·
638 1104 662 1129 οἳ
679 1104 726 1130 καὶ
743 1103 825 1138 ὁμόσε
842 1103 960 1139 ἐχώρουν

166 1148 253 1183 αὐτῷ,
268 1149 322 1175 πᾶν
335 1145 404 1181 εἶδος
415 1148 567 1184 ὀνειδισμοΰ
583 1149 630 1175 καὶ
642 1149 779 1182 κολάσεως
791 1150 958 1184 ἀνεχόμενοι,

168 1194 195 1220 οἳ
216 1194 265 1220 καὶ
288 1194 322 1221 τὰ
345 1194 430 1221 πολλὰ
453 1194 531 1228 ὀλίγα
554 1194 712 1230 ἡγούμενοι,
737 1195 866 1222 ἔσπευδον
891 1196 959 1230 πρὸς

169 1240 297 1275 Χριστὸν,
313 1241 397 1272 ὅντως
413 1240 628 1276 ἐπιδεικνύμενοι
644 1241 710 1277 (77),
728 1242 768 1268 ὅτι
785 1242 834 1268 οὐκ
849 1242 910 1275 ἄξια
925 1242 959 1269 τὰ

169 1286 320 1321 παθήματα
334 1285 380 1313 τοῦ
394 1286 441 1313 νῦν
457 1287 564 1322 καιροῦ,
578 1287 646 1322 πρὸς
656 1287 705 1322 τὴν
721 1287 866 1322 μέλλουσαν
880 1288 959 1321 δόξαν

167 1333 394 1367 ἀποκαλυφθῆναι
411 1334 451 1364 εἰς
469 1334 553 1368 ἡμᾶς.
572 1333 628 1359 Καὶ
654 1333 761 1368 πρῶτον
788 1334 837 1368 μὲν
854 1333 888 1360 τὰ
905 1334 958 1361 ἀπὸ

166 1377 214 1404 τοῦ
229 1378 308 1413 ὄχλου
328 1378 462 1413 πανδημεὶ¹
481 1378 600 1414 σωρηδὸν
614 1379 810 1414 ἐπιφερόμενα,
827 1378 959 1413 γενναίως

169 1424 314 1459 ὑπέμενον,
330 1424 496 1460 ἐπιϐοήσεις.
512 1425 558 1451 καὶ
574 1425 691 1460 πληγὰς,
704 1425 751 1451 καὶ
767 1426 898 1460 συρμοὺς,
913 1426 959 1452 καὶ

167 1469 332 1505 διαρπαγὰς,
357 1470 402 1496 καὶ
420 1469 501 1496 λίθων
521 1470 613 1504 βολὰς,
637 1471 683 1497 καὶ
704 1471 874 1506 συγκλείσεις
889 1472 956 1507 (78),

166 1515 215 1541 καὶ
232 1514 311 1540 πάνθ’
334 1515 384 1540 ὅσα
398 1514 563 1549 ἠγριωμένῳ
586 1515 683 1550 πλήθει
700 1515 737 1547 ὡς
755 1516 823 1551 πρὸς
844 1516 958 1552 ἐχθροὺς

166 1560 215 1586 καὶ
233 1559 377 1594 πολεμίους
391 1559 462 1594 φιλεῖ
472 1559 605 1593 γίνεσθαι.
622 1561 677 1587 Καὶ
693 1561 725 1596 δὴ
739 1561 901 1596 ἀναχθέντες
918 1563 958 1594 είς

167 1605 216 1641 τὴν
231 1605 334 1639 ἀγορὰν
349 1605 400 1631 ὖπὸ
417 1614 446 1631 τε
462 1605 509 1631 τοῦ
528 1605 669 1641 χιλιάρχου
691 1607 738 1633 καὶ
756 1607 810 1633 τῶν
825 1616 958 1643 προεστη-

167 1653 255 1679 κότων
281 1652 330 1687 τῆς
355 1651 457 1683 πόλεως
483 1651 612 1685 ἐξουσιῶν
628 1652 697 1687 (79),
719 1653 765 1680 ἐπὶ
792 1652 893 1684 παντὸς
910 1652 956 1679 τοῦ

167 1698 287 1734 πλήθους
305 1697 495 1733 ἀνακριθέντες
512 1698 559 1724 καὶ
573 1698 798 1733 ὁμολογήσαντες,
822 1698 958 1725 συνεκλεί-

169 1768 243 1790 runt.
257 1763 299 1790 Ad
310 1763 368 1790 haec
389 1766 502 1797 utraque
517 1763 655 1797 provincia
678 1764 727 1790 sub
744 1764 822 1790 unius
837 1764 958 1797 prmsidis

165 1798 442 1833 jurisdictione.tunc
456 1798 564 1831 quidem
588 1799 716 1831 temporis
731 1799 835 1825 videtur
862 1800 955 1829 luisse;

169 1839 236 1860 utex
249 1841 282 1860 eo
294 1833 451 1866 conjicitur.
465 1833 536 1867 quod
551 1838 602 1859 tam
614 1833 781 1859 Viennenses
793 1841 872 1867 quam
889 1834 955 1867 Lug—

169 1869 316 1899 dunenses,
337 1868 372 1893 ob
394 1867 471 1893 fidem
492 1867 591 1894 Chriin
610 1875 622 1892 a
640 1868 751 1901 praeside
767 1868 954 1900 comprehensi

170 1908 195 1930 et
212 1902 333 1929 damnati
353 1909 413 1928 esse
430 1902 558 1928 dicuntur
571 1903 596 1928 in
613 1903 663 1928 hac
680 1903 801 1935 cpistola.
818 1903 861 1929 lla:
875 1904 957 1935 igitur

170 1945 260 1964 causa:
283 1942 348 1963 sunt
369 1945 418 1963 cur
432 1937 593 1969 conjunctim
612 1938 772 1969 scripserint
789 1938 957 1964 Viennenses

170 1976 197 1999 et
218 1972 424 2006 Lugdunenses.
444 1971 509 1998 Nam
524 1972 741 2007 quodsuspicati
763 1973 958 2007 suntquitlam.

170 2015 252 2034 unum
259 2011 324 2033 tunc
332 2007 414 2032 fuisse
422 2006 695 2041 episcopumViennm
706 2012 787 2040 atque
795 2007 926 2041 Lugduni,
935 2006 961 2033 id

169 2050 200 2069 ex
209 2043 259 2069 hac
267 2042 323 2075 ipsa
332 2042 444 2074 epistola
456 2041 535 2067 facile
542 2040 683 2072 refellitur,
692 2049 751 2075 qua:
759 2040 899 2069 Pothinum
908 2042 961 2075 epi-

169 2084 282 2110 scopum
295 2075 416 2110 Lugduni
426 2076 508 2102 fuisse
517 2076 593 2106 dicit,
604 2084 656 2102 non
668 2076 731 2102 item
748 2075 866 2104 Viennae.
877 2076 961 2103 Porro

168 2111 362 2145 Lugdunenses
374 2111 569 2137 houoriscausa
584 2111 882 2145 Viennensiumjnomen
894 2118 961 2144 pra--

169 2151 353 2180 ponunt,cum
369 2151 459 2172 tamen
469 2146 519 2179 ipsi
537 2145 728 2179 Lugdunensés
737 2146 878 2178 epistolam
892 2146 962 2172 scri-

168 2182 233 2208 bant
246 2181 321 2208 deiis
332 2187 390 2213 quae
403 2180 523 2214 Lugduni
541 2187 615 2213 gesta
624 2181 740 2209 fuerant.
749 2181 881 2207 Vctuslati
894 2188 961 2215 quo-

1013 237 1157 272 Phrygiam
1178 238 1345 269 constitutis,
1360 238 1405 271 qui
1421 238 1543 265 eamdem
1560 239 1700 267 uobiscum
1718 241 1795 267 [idem

1013 291 1044 309 ac
1058 291 1132 317 spem
1145 283 1246 310 habent
1260 284 1467 318 redemptionis,
1488 291 1542 318 pax
1556 290 1582 312 et
1598 286 1684 319 gratia
1699 291 1726 313 et
1741 286 1797 321 glo-

1014 327 1052 352 ria
1067 334 1082 352 a
1101 325 1155 353 Deo
1180 326 1260 354 Patre
1273 332 1300 354 et
1321 327 1433 355 Christo
1447 328 1511 355 Jesu
1527 329 1639 356 Domino
1660 335 1764 358 nostro.
1785 340 1794 356 ι

1013 372 1074 400 Post
1092 373 1149 399 haec
1169 372 1265 400 deinde
1281 373 1403 407 quzedam
1421 374 1473 400 alia
1484 373 1601 408 praefati,
1613 375 1795 402 narrationem

1014 418 1096 452 ipsam
1114 418 1309 445 ordiunturltis
1323 419 1413 446 verbis
1427 428 1433 446 :
1450 429 1459 444 ‹
1474 419 1506 446 Ει
1517 419 1675 454 gravitatem
1688 421 1796 455 quidem
1831 414 1833 418 ⁴

1013 464 1097 497 ipsam
1107 471 1299 496 :erumnarum,
1310 469 1338 490 et
1348 464 1487 498 gentilium
1499 466 1627 493 adversus
1637 471 1748 494 sanctos
1757 467 1797 493 fu-

1014 517 1101 536 rorem
1119 516 1150 536 ac
1166 510 1278 542 rabiem,
1294 518 1406 544 qumque
1418 515 1445 537 et
1458 517 1557 545 quanta
1577 512 1648 540 beati
1664 517 1797 549 martyres

1012 555 1132 589 perpessi
1146 555 1224 590 155
1240 560 1311 588 sunt,
1321 564 1370 583 nec
1384 564 1432 583 nos
1443 557 1593 592 exprimere
1609 558 1731 589 dicendo,
1747 567 1797 586 nec

1013 602 1155 635 quisquam
1167 596 1309 628 scribendo
1322 602 1464 636 complecti
1477 607 1605 630 accurate
1615 605 1709 638 possit.
1718 604 1796 631 Omui

1013 648 1145 679 siquidem
1159 647 1254 674 virium
1271 647 1370 681 impetu
1393 649 1418 674 in
1441 655 1489 675 nos
1514 649 1594 676 irruit
1610 650 1794 683 adversarius,

1013 692 1145 719 adventus
1162 693 1202 719 sui
1219 693 1244 719 in
1259 701 1313 727 quo
1328 701 1389 720 cum
1404 694 1477 721 omni
1496 694 1605 722 licentia
1624 699 1797 730 grassalurus

1012 743 1064 770 est,
1090 738 1146 772 jam
1163 743 1217 764 ttun
1235 739 1313 766 nobis
1339 739 1414 766 initia
1430 748 1461 766 ac
1486 740 1634 774 primordia
1654 741 1795 768 exhibens.

1013 783 1084 810 Nihil
1105 783 1205 818 quippe
1232 784 1394 812 intentatum
1423 785 1543 820 reliquit,
1569 786 1630 812 dum
1657 786 1797 813 ministros

1014 835 1077 856 suos
1091 829 1248 861 assuefacil,
1263 833 1289 856 et
1306 830 1467 863 quibusdam
1487 831 1563 865 quasi
1581 831 1709 865 proludiis
1718 839 1797 858 excr-

1013 878 1056 901 cct
1069 874 1197 901 adversus
1210 882 1303 901 servos
1315 875 1372 901 Dei.
1385 875 1459 902 Adeo
1470 880 1499 902 ut
1513 883 1564 902 non
1579 876 1665 903 solum
1681 877 1715 903 ab
1732 878 1797 903 tedi-

1013 918 1071 948 bus.
1091 927 1104 945 a
1120 919 1234 952 balneis,
1249 927 1263 945 a
1277 919 1337 946 foro
1349 927 1507 947 arceremur
1523 928 1634 947 :verum
1656 922 1737 948 etiam
1753 922 1796 948 in-

1012 964 1156 991 terdictum
1188 964 1269 992 fuerit
1310 972 1344 992 ne
1385 965 1445 1000 quis
1484 972 1606 994 nostrum
1637 975 1797 1002 quocunque

1007 1006 1119 1043 demum
1139 1010 1164 1036 in
1180 1010 1240 1037 loco
1257 1015 1408 1046 appareret.
1427 1010 1479 1039 Sed
1492 1013 1576 1047 gratia
1593 1013 1639 1040 Dei
1660 1020 1707 1048 pro
1718 1013 1797 1040 nobis

1012 1056 1142 1082 adversus
1153 1056 1290 1083 diabolum
1303 1058 1467 1092 depugnavit
1483 1068 1490 1085 :
1506 1063 1532 1085 et
1557 1058 1722 1087 infirmiores
1734 1060 1794 1093 qui-

1012 1100 1073 1127 dem
1087 1101 1216 1133 servavit,
1230 1103 1304 1129 viros
1319 1107 1408 1130 autem
1421 1103 1457 1130 illi
1469 1104 1594 1138 opposuit
1609 1104 1794 1132 columnarum

1012 1146 1099 1173 instar
1116 1147 1210 1174 lirmos
1225 1155 1255 1174 ac
1273 1149 1397 1181 stabiles,
1424 1149 1470 1183 qui
1489 1148 1647 1176 fortitudine
1672 1157 1718 1176 sua
1737 1151 1796 1176 uui-

1011 1201 1120 1220 versum
1138 1194 1268 1221 datmonis
1281 1195 1410 1230 impetum
1424 1195 1450 1222 in
1469 1195 1627 1229 semetipsos
1639 1195 1796 1229 pertrahere

1011 1239 1145 1265 valerent.
1164 1238 1197 1265 Hi
1220 1247 1285 1273 ergo
1297 1240 1421 1266 cominus
1444 1240 1595 1274 congressi,
1613 1247 1692 1266 omne
1711 1247 1796 1274 genus

1009 1284 1148 1318 opprobrii
1174 1285 1360 1311 sustinuerunt
1384 1293 1391 1311 :
1418 1289 1445 1311 et
1470 1292 1530 1318 quze
1549 1285 1594 1311 alii
1622 1285 1748 1311 diuturna
1769 1289 1796 1312 et

1010 1330 1101 1364 gravia
1114 1329 1289 1362 existimant,
1304 1330 1352 1364 ipsi
1372 1329 1440 1357 levia
1457 1330 1595 1362 ducentes,
1611 1330 1643 1356 ad
1657 1330 1793 1357 Christum

1011 1376 1051 1403 ire
1075 1376 1282 1411 properabant;
1310 1377 1435 1411 exemplo
1460 1384 1509 1403 suo
1527 1377 1709 1407 ostendentes,
1741 1384 1793 1403 non

1010 1429 1071 1449 esse
1085 1422 1179 1457 dignas
1195 1422 1334 1456 passiones
1357 1422 1435 1456 hujus
1453 1421 1544 1448 saeculi
1566 1429 1626 1455 qua:
1649 1421 1795 1449 conferan-

1011 1473 1055 1494 tur
1070 1474 1130 1493 eum
1148 1466 1233 1500 gloria
1247 1474 1307 1501 qua:
1325 1467 1351 1493 in
1367 1467 1444 1493 nobis
1457 1466 1602 1493 revelanda
1618 1471 1670 1493 est.
1687 1467 1725 1494 Ac
1742 1467 1795 1501 pri-

1012 1521 1083 1540 mum
1104 1513 1213 1548 quidem
1234 1520 1401 1548 quaecunque
1426 1521 1440 1539 a
1464 1513 1561 1547 populo
1579 1513 1706 1540 universo
1720 1521 1796 1539 acer—

1012 1559 1094 1585 vatim
1125 1558 1330 1593 ingerebantur,
1366 1559 1588 1586 constantissime
1621 1559 1793 1586 tolerarunt:

1012 1603 1223 1630 acclamationes
1245 1602 1360 1634 scilicet,
1377 1603 1479 1637 plagas,
1498 1604 1674 1638 raptatioues,
1694 1602 1796 1637 spolia-

1012 1649 1100 1676 tiones
1114 1650 1258 1680 bonorum,
1273 1648 1391 1682 lapidum
1414 1648 1515 1682 jactus,
1536 1656 1673 1680 carceres,
1697 1653 1794 1676 cuncta

1012 1694 1129 1729 denique
1140 1702 1201 1729 qua:
1214 1694 1310 1730 vulgus
1322 1695 1415 1723 lurore
1429 1699 1456 1722 et
1468 1695 1542 1722 rabie
1560 1695 1736 1727 concitatum,
1749 1694 1797 1720 ad~

1012 1763 1061 1790 bus
1083 1767 1137 1790 tum
1159 1763 1324 1790 arcebantur
1347 1761 1550 1795 Christiani,'id
1576 1767 1616 1790 est
1640 1762 1673 1789 ab
1694 1762 1795 1789 :edibus

1010 1797 1172 1825 amicorum.
1199 1799 1423 1832 propinquorum,
1449 1798 1588 1832 opilicum.
1606 1796 1700 1831 Neque
1722 1798 1794 1824 enim

1010 1832 1143 1858 assentior
1162 1832 1268 1863 Rulino,
1285 1833 1329 1866 qui
1347 1832 1516 1859 Christianos
1544 1833 1570 1859 in
1596 1833 1652 1859 suis
1675 1833 1795 1866 ipsorum

1009 1867 1131 1901 domibus
1145 1866 1269 1893 habitare
1283 1867 1430 1901 prohibitos
1445 1867 1617 1894 existimavit.

1044 1901 1101 1935 (77)
1119 1896 1381 1935 Ἐπιδεικνῦμενοι.
1412 1902 1500 1928 Codex
1527 1901 1669 1928 Medicteus
1696 1901 1795 1929 adver—

1012 1936 1085 1962 bium
1102 1936 1177 1962 addit
1191 1936 1242 1971 hoc
1260 1937 1353 1971 modo,
1366 1936 1449 1966 ὅντως
1464 1935 1688 1970 ἐπιδεικνύμενοι.
1703 1936 1795 1971 Neque

1013 1971 1093 1997 aliter
1110 1971 1194 1997 codex
1208 1970 1288 2001 lilaz.,
1307 1970 1374 1998 Fuk.
1391 1976 1417 1997 ct
1433 1971 1596 1997 Saviliauus.

1051 2005 1104 2040 (78)
1120 2006 1322 2039 Συγκλείσεις.
1336 2005 1392 2032 Non
1407 2013 1515 2039 possum
1529 2005 1645 2039 probare
1661 2005 1794 2039 interpre-

1015 2040 1145 2066 tationem
1162 2040 1244 2074 Laugi
1258 2045 1284 2067 et
1297 2041 1546 2073 Christophorsoui,
1563 2040 1607 2074 qui
1625 2040 1795 2074 συγκλείσεις

1016 2082 1133 2101 carceres
1148 2080 1267 2103 vertunt.
1285 2074 1335 2102 llic
1352 2075 1423 2101 enim
1442 2075 1529 2108 primo
1545 2075 1603 2101 loco
1620 2080 1795 2102 recensentur

1016 2108 1123 2142 injuria:
1142 2114 1169 2136 et
1182 2110 1262 2142 mala,
1276 2117 1335 2144 qur.
1347 2117 1361 2136 ιι
1380 2110 1501 2144 conferta
1517 2109 1606 2144 populi
1622 2110 1793 2136 multitudine

1016 2144 1202 2170 inferebantur
1226 2145 1398 2179 Christianis.
1421 2143 1448 2170 ln
1475 2143 1575 2179 quibus
1600 2152 1693 2171 carcer
1706 2145 1793 2171 locum

1017 2179 1117 2205 habere
1136 2187 1188 2206 non
1219 2184 1318 2213 potest.
1344 2178 1600 2214 Judicumrquippe,
1622 2188 1674 2206 non
1705 2180 1792 2214 populi

168 2224 222 2250 que
234 2221 262 2242 et
272 2210 408 2241 nobilitati
420 2210 532 2242 colonia:
542 2210 738 2242 'Viennensium
748 2216 773 2242 id
784 2210 912 2241 tributum
923 2215 963 2241 vi-
979 2210 999 2237 D
1014 2218 1083 2250 erat,
1098 2221 1160 2241 reos
1173 2210 1282 2250 carceri
1295 2214 1459 2250 mancipare.
1478 2210 1667 2250 Rectius-ergo
1681 2210 1793 2250 Ruﬁnus

168 2251 225 2278 deri
238 2251 422 2284 potesI.Quod
435 2251 537 2276 veroad
549 2251 696 2276 secundum
711 2251 886 2284 qumstiouem
899 2250 959 2277 atti-

170 2290 226 2316 net,
236 2294 267 2311 ex
279 2286 337 2319 ipsa
348 2285 459 2318 epistola
473 2286 600 2312 discimus
611 2285 741 2318 plurimos
752 2285 834 2312 fuisse
849 2285 957 2312 Grzecos

170 2321 195 2346 in
214 2321 336 2347 Ecclesia
358 2319 543 2353 Lugdunensi,
559 2320 708 2353 cuiusmodi
728 2320 779 2347 fuit
803 2321 909 2347 Attalus
930 2326 958 2347 et

169 2355 324 2381 Alexander
340 2354 470 2389 Phryges,
483 2360 508 2380 ct
528 2355 681 2381 Alcibiades
702 2355 834 2381 oriundus
847 2357 909 2382 item
924 2363 957 2382 ex

169 2389 298 2424 Phrygia.
315 2394 344 2415 ut
358 2397 456 2423 optuor
471 2398 477 2416 :
493 2389 610 2424 lreurfeus
626 2397 734 2424 quoque
752 2391 882 2417 oriundus
899 2395 957 2416 erat

169 2432 201 2451 ex
223 2423 299 2456 Asia,
315 2429 340 2461 et
357 2424 536 2458 Polycarpum
553 2423 676 2461 Smyrnae
689 2423 813 2461 audierat
828 2433 879 2461 una
895 2432 955 2461 cum

171 2461 281 2487 Floriuo
305 2460 450 2485 admodum
467 2467 547 2493 puer,
569 2464 597 2486 ut
621 2460 676 2493 ipse
698 2459 822 2486 testatur.
849 2459 955 2486 Pothini

170 2502 279 2529 quoque
299 2494 475 2529 episcopiﬁvel
494 2501 592 2521 nomen
618 2494 715 2528 ipsum.
737 2494 858 2521 Grmcam
875 2495 957 2528 origi-

171 2528 231 2556 nem
254 2530 391 2562 designat.
414 2528 532 2555 Proinde
551 2537 603 2555 non
626 2530 723 2555 mirum
751 2535 803 2560 est,
821 2529 843 2555 si
861 2530 905 2563 qui
923 2537 957 2555 ex

170 2566 233 2592 Asia
248 2565 274 2590 in
288 2564 390 2591 Gallias
403 2568 542 2596 venerant,
559 2564 688 2590 fratribus
704 2564 760 2590 suis
772 2565 797 2590 in
810 2564 873 2590 Asia
890 2571 955 2590 con-

145 2602 148 2606 '
170 2599 275 2626 stitutis
288 2600 320 2625 de
342 2600 422 2625 rebus
436 2599 494 2625 suis
504 2599 644 2625 scribant:
661 2606 674 2624 a
694 2600 803 2632 quibus,
825 2603 854 2625 ut
869 2599 955 2625 credi-

170 2635 223 2661 bile
233 2639 285 2665 est,
303 2633 444 2667 epistolam
470 2633 541 2659 illam
565 2634 598 2660 de
627 2636 756 2668 martyrio
775 2634 914 2667 Polycarpi
929 2638 956 2659 et

172 2671 297 2701 aliorum,
320 2670 394 2703 prius
412 2669 593 2702 accepissent.
612 2668 695 2701 Hujus
719 2674 809 2695 autem
833 2668 955 2702 epistola:

171 2709 309 2732 auctorem
335 2704 418 2730 fuisse
444 2704 564 2730 arbitror
577 2703 722 2736 lreumum;
739 2704 784 2738 qui
801 2704 908 2737 quidem
923 2711 955 2731 eo

173 2745 293 2773 tempore
311 2739 440 2765 Ecclesim
454 2739 641 2772 Lugdunensis
652 2744 708 2765 erat
724 2739 878 2773 presbyter.

206 2774 264 2809 (76)
279 2773 328 2807 Μὴ
339 2774 436 2808 μόνον
451 2773 561 2800 οίκιῶν.
580 2773 846 2806 Chrismphorsonus
870 2773 955 2807 wdi/i-

173 2809 212 2835 cia
236 2810 341 2843 publica
367 2809 575 2843 interpretatur,
595 2809 667 2842 quod
692 2816 744 2834 non
761 2809 854 2842 probo,
874 2809 955 2835 οἰκίαι

172 2845 242 2872 enim
258 2844 368 2871 nonnisi
385 2845 417 2870 de
436 2844 549 2878 privatis
572 2844 696 2870 domibus
713 2843 847 2876 dicuntur,
864 2852 878 2871 a
896 2852 952 2881 qut~

1011 2249 1103 2279 vertit,
1119 2248 1250 2275 concludi.
1266 2249 1318 2276 Sed
1334 2254 1358 2275 et
1371 2249 1512 2279 verberari,
1527 2249 1623 2282 inquit.
1642 2256 1669 2274 se
1685 2249 1716 2274 ab
1727 2248 1792 2282 illis,

1009 2291 1039 2309 ac
1055 2283 1181 2316 lapidari,
1197 2289 1220 2309 ρι
1238 2284 1373 2315 concludi,
1386 2284 1515 2316 patienter
1530 2281 1704 2317 accipiebant.
1720 2281 1793 2308 Geu-

1010 2317 1070 2344 tiles
1082 2319 1153 2344 enim
1173 2317 1344 2353 Christianos
1369 2319 1437 2344 intra
1454 2319 1548 2344 domos
1571 2326 1635 2345 suas
1650 2317 1794 2353 conclude-

1008 2352 1083 2384 bant,
1103 2354 1165 2379 dum
1182 2360 1195 2379 a
1215 2353 1272 2379 l'oro
1295 2359 1323 2379 et
1345 2353 1449 2379 balneis
1477 2360 1523 2379 eos
1548 2357 1683 2383 arcerent,
1702 2359 1751 2378 nec
1767 2352 1793 2378 in

1008 2388 1145 2419 pubhcum
1167 2389 1275 2422 prodire
1296 2387 1434 2419 ’sinereut,
1454 2391 1484 2412 ut
1510 2395 1592 2421 supra
1613 2387 1713 2413 dictum
1741 2392 1792 2413 est.

1008 2422 1079 2448 infra
1096 2427 1182 2449 tamen
1199 2423 1369 2456 συγκλείσεις
1386 2430 1434 2455 pro
1449 2430 1552 2448 carcere
1567 2427 1720 2456 sumuntur.

1044 2457 1099 2491 (19)
1117 2455 1349 2491 Προεστὴκότων
1363 2457 1418 2490 τῆς
1434 2458 1553 2489 πόλεως
1565 2455 1722 2488 ἐξουσιῶν.
1738 2455 1793 2482 Me-

1009 2492 1140 2527 gistratus
1164 2494 1343 2526 municipales
1363 2493 1501 2526 intelligit,
1518 2494 1562 2525 qui
1586 2492 1668 2518 etiam
1696 2491 1792 2517 duum-

1009 2527 1058 2553 viri
1076 2527 1243 2553 dicebztntur.
1261 2528 1392 2561 Quamvis
1403 2533 1494 2553 autem
1509 2527 1632 2560 ἐξουσίας
1648 2533 1694 2552 seu
1717 2531 1793 2561 pote:

1008 2563 1088 2589 statis
1104 2563 1276 2595 vocabulum,
1297 2563 1354 2589 lere
1368 2562 1401 2588 de
1427 2561 1574 2595 majoribus
1587 2561 1725 2596 judicibus
1740 2560 1792 2587 dici

1008 2597 1088 2629 solet,
1104 2599 1149 2631 qui
1166 2598 1264 2624 habent
1277 2597 1321 2631 jus
1338 2597 1433 2631 gladii,
1456 2601 1484 2623 ut
1510 2597 1589 2623 docet
1615 2596 1745 2631 Ulpinnus
1766 2596 1792 2621 in

1009 2632 1087 2658 titulo
1104 2630 1351 2666 Dejurisdictione,
1366 2636 1391 2657 et
1410 2631 1448 2657 De
1463 2632 1602 2658 verborum
1618 2630 1794 2666 signiﬁcatio-

1008 2666 1096 2698 nibus,
1110 2664 1197 2693 tatuen
1210 2668 1243 2693 de
1262 2666 1465 2700 magistratibus
1489 2667 1570 2693 etiam
1588 2664 1795 2698 municipalibus

1008 2707 1167 2735 usurpatur,
1183 2702 1228 2735 qui
1246 2701 1382 2727 habebunt
1395 2701 1527 2727 modicum
1541 2701 1794 2735 coercitioncut,_ut

1008 2733 1155 2771 loquuntur
1178 2733 1387 2771 jitrisctutsullu
1399 2736 1445 2762 Sic
1461 2737 1530 2770 apud
1546 2734 1700 2771 Juycnﬁaletn
1718 2741 1725 2759 :
1741 2733 1792 2771 (ξα-

1007 2767 1160 2804 bidrumque
1174 2767 1229 2797 esse
1239 2775 1363 2804 potestas.
1381 2770 1453 2797 Infra
1473 2767 1516 2798 ubi
1531 2771 1563 2803 de
1577 2770 1703 2801 Pothino,
1721 2767 1796 2796 πολι-ι

1008 2806 1082 2832 τικαὶ
1098 2805 1217 2839 ἐξουσίαι
1235 2806 1370 2833 dicuntur.
