4012 6256
273 3395 278 3398 .
356 3355 474 3408 τότε

358 322 468 375 U3

1399 323 1754 380 HISTORUE
1795 323 2360 380 ECCLESIASTICIE
2395 321 2521 376 LIB.
2566 322 2627 378 ν.

3513 323 3618 378 414

361 433 462 501 τῆς
492 431 603 484 τῶν
641 431 896 501 ἀδελφῶν
938 433 1234 502 ἀπολογίας
1275 434 1369 487 καὶ
1411 437 1509 506 τὴν
1555 436 1746 489 ἑαυτοῦ
1781 435 1942 489 θεῖναι

2056 436 2444 491 Christianus:
2477 434 2568 489 ille
2614 433 2982 489 Christianum
3030 445 3089 488 se
3139 445 3259 487 esse
3313 431 3616 486 clarissima

358 525 560 595 ψυχήν.
593 519 705 576 ’Ἦν
742 524 853 594 γὰρ
884 525 979 576 καὶ
1010 524 1124 578 ἐστι
1153 527 1373 596 γνήσιος
1409 527 1645 596 Χριστοῦ
1680 527 1944 598 μαθητὴς,

362 613 675 668 ἀκολουθῶν
702 615 780 684 τῷ
815 616 988 686 ἀρνίῳ
1017 617 1152 669 ὅπου
1196 617 1262 670 ἂν
1301 618 1507 691 ὑπάγῃ.
1568 619 1842 674 Ἐντεῦθεν
1882 622 1945 692 δὴ

358 707 700 777 διεκρίνοντο
731 706 843 776 (85)
887 709 935 760 οἱ
969 708 1164 771 λοιποὶ,
1209 709 1304 762 κα)⁵
1341 711 1562 781 φανεροὶ
1605 713 1699 765 καὶ
1741 713 1946 784 ἕτοιμοι

363 798 604 865 ἐγίνοντο
645 799 1136 869 πρωτομάρτυρες.
1179 800 1241 853 Οἳ
1278 802 1374 854 καὶ
1412 801 1552 871 μετά
1599 803 1780 874 πάσης
1825 823 1948 874 προ-

363 885 568 958 θυμίας
611 889 954 958 ἀνεπλήρουν
1001 890 1099 959 τὴν
1141 889 1432 958 ὁμολογίαν
1475 891 1575 961 τῆς
1620 894 1942 963 μαρτυρίας.

377 980 694 1048 Ἐφαίνοντο
720 981 778 1034 δὲ
815 981 909 1035 καὶ
946 983 994 1034 oi
1025 980 1298 1052 ἀνέτοιμοι
1337 985 1430 1035 καὶ
1461 983 1817 1054 ἀγύμναστοι,
1853 987 1946 1039 καὶ

365 1070 449 1124 ἔτι
476 1072 742 1136 ἀσθενεῖς,
789 1073 999 1142 ἀγῶνος
1035 1073 1268 1142 μεγάλου
1296 1075 1446 1128 τόνον
1481 1077 1723 1145 ἐνεγκεῖν
1757 1079 1828 1148 μὴ
1859 1079 1949 1130 δυ-

365 1164 613 1233 νάμενοι.
644 1159 743 1218 Ὧν
771 1167 865 1219 καὶ
887 1166 1140 1232 ἐξέπεσον
1170 1166 1281 1237 (86)
1322 1168 1397 1230 ὡς
1420 1168 1553 1220 δέκα
1579 1169 1669 1221 τὸν
1691 1169 1944 1240 ἀριθμόν·

361 1256 418 1307 οἳ
445 1256 538 1307 καὶ
568 1257 811 1326 μεγάλην
833 1257 1008 1329 λύπην
1029 1258 1124 1310 καὶ
1148 1258 1344 1322 πένθος
1366 1260 1676 1332 ἀμέτρητον
1699 1262 1945 1332 ὲνεποίη·

362 1360 467 1396 σαν
495 1347 648 1415 ἡμῖν,
697 1349 790 1400 καὶ
832 1347 928 1418 τὴν
979 1348 1285 1420 προθυμίαν
1325 1351 1434 1404 τῶν
1476 1351 1681 1405 λοιπῶν
1716 1353 1822 1406 τῶν
1874 1354 1946 1424 μὴ

363 1438 813 1509 συνειλημμένων
855 1442 1137 1511 ὲνέκοψαν,
1171 1444 1221 1496 οἳ
1261 1444 1464 1514 καίπερ
1493 1443 1669 1498 πάντα
1703 1446 1770 1498 τὰ
1803 1446 1948 1501 δεινὰ

363 1526 691 1597 πάσχοντες,
720 1531 868 1598 ὅμως
905 1532 1272 1602 συμπαρῆσαν
1304 1535 1416 1595 τοῖς
1446 1534 1680 1605 μάρτυσι
1720 1537 1811 1588 καὶ
1849 1537 1948 1589 οὐκ

363 1617 726 1671 ἀπελείποντο
777 1620 976 1672 αὐτῶν.
1042 1622 1174 1675 Τότε
1228 1623 1292 1693 δὴ
1346 1627 1395 1677 oi
1445 1629 1646 1689 πάντες
1698 1627 1948 1697 μεγάλως

362 1710 738 1780 ὲπτοήθημεν,
779 1711 868 1764 διὰ
911 1713 972 1764 τὸ
1011 1713 1204 1785 ἄδηλον
1248 1716 1348 1784 τῆς
1397 1717 1705 1787 ὁμολογίας,
1748 1720 1808 1770 οὐ
1850 1718 1947 1782 τὰς

362 1802 771 1873 ἐπιφερομένας
821 1803 1072 1867 κολάσεις
1121 1805 1468 1876 φοϐούμενοι,
1516 1807 1650 1862 ἀλλὰ
1691 1810 1752 1862 τὸ
1795 1809 1946 1873 τέλος

363 1893 703 1964 ἀφορῶντες,
750 1897 843 1947 καὶ
887 1895 948 1947 τὺ
1011 1897 1313 1950 ἀποπεσεῖν
1356 1916 1476 1952 τινα
1523 1899 1770 1964 δεδιότες.
1816 1902 1946 1954 Συν-

364 1984 735 2055 ελαμϐάνοντο
780 1986 964 2057 μέντοι
1013 1986 1137 2040 καθ’
1182 1989 1418 2059 ἑκάστην
1468 1991 1680 2062 ἡμέραν
1718 1993 1766 2043 ot
1785 1991 1944 2055 ἄξιοι,

361 2075 457 2127 τὸν
507 2077 728 2129 ἐκείνων
777 2078 1220 2150 ἀναπληροῦντες
1266 2081 1518 2152 ἀριθμὸν,
1575 2082 1711 2148 ὥστε
1759 2083 1945 2136 συλλε-

361 2165 531 2235 γῆναι
560 2169 625 2220 ἐκ
655 2168 761 2220 τῶν
783 2169 876 2222 δύο
912 2170 1244 2240 Ἐκκλησιῶν
1273 2172 1384 2241 (87)
1403 2174 1606 2235 πάντας
1633 2175 1758 2236 τοὺς
1788 2191 1951 2228 σπου-

359 2259 564 2320 δαίους,
608 2259 700 2312 καὶ¹
733 2261 801 2313 δι’
835 2254 911 2313 ὧν
958 2262 1193 2332 μάλιστα
1241 2265 1580 2334 συνειστήκει
1629 2264 1696 2316 τὰ
1739 2265 1943 2319 ἐνθάδε.

360 2349 840 2424 Συνελαμϐάνοντο
883 2351 939 2404 δὲ
985 2353 1078 2404 κα).
1129 2354 1333 2406 ἐθνικοί
1376 2372 1520 2418 τινες
1572 2355 1782 2408 οἰκέται
1838 2356 1946 2410 τῶν

356 2440 667 2510 ἡμετέρων,
695 2443 818 2494 ἐπεὶ
843 2442 1077 2514 δημοσίᾳ
1109 2445 1394 2498 ἐκέλευσεν
1427 2449 1456 2500 ό
1489 2447 1711 2518 ἡγεμὼν
1742 2448 1945 2519 ἀναζη-

358 2529 572 2582 τεῖσθαι
604 2530 809 2596 πάντας
841 2535 1015 2601 ἡμᾶς·
1063 2535 1112 2588 οἳ
1145 2536 1237 2587 καὶ
1276 2535 1394 2588 κατ’
1438 2537 1662 2608 ἐνέδραν
1706 2537 1796 2590 τοῦ
1842 2539 1946 2592 Σα-

357 2624 520 2685 τανᾶ,
586 2623 915 2692 φοϐηθέντες
969 2625 1070 2690 τὰς
1131 2626 1396 2696 βασάνους
1453 2628 1523 2690 ἃς
1582 2629 1706 2692 τοὺς
1761 2631 1946 2696 ἁγίους

359 2712 592 2766 ἔϐλεπον
625 2716 951 2786 πάσχοντας,
1002 2719 1108 2771 τῶν
1133 2718 1478 2789 στρατιωτῶν
1508 2719 1599 2772 ἐπὶ
1628 2720 1787 2773 τοῦτο
1806 2737 1948 2792 παρ-

354 2806 655 2874 ορμώντων
709 2808 925 2870 αὐτοὺς,
991 2809 1394 2878 κατεψεύσαντο
1476 2811 1634 2881 ἡμῶν
1685 2812 1946 2868 Θυέστεια

357 2896 570 2957 δεῖπνα,
601 2899 698 2951 καὶ
732 2897 1096 2964 Οἰδιποδείους
1119 2901 1313 2970 μίξεις,
1339 2903 1432 2956 καὶ
1463 2904 1561 2956 ὅσα
1590 2905 1729 2974 μήτε
1767 2904 1945 2958 λαλεῖν

359 2991 498 3058 μήτε
513 2992 651 3042 νοεῖν
669 2990 826 3061 Θέμις
844 2993 1136 3062 ἡμῖν,ἀλλὰ
1158 2995 1293 3066 μηδὲ
1313 2995 1589 3048 πιστεύειν
1603 2997 1719 3050 εἴτι
1738 2999 1946 3053 τοιοῦτο

357 3078 581 3132 πώποτε
616 3083 767 3152 παρὰ
799 3083 1106 3154 ἀνθρώποις
1139 3087 1375 3152 ἐγένετο.
1426 3087 1642 3140 Τούτων
1685 3088 1743 3140 δὲ
1775 3107 1943 3158 φημι-

359 3173 600 3227 σθέντων
629 3178 829 3239 πάντες
870 3177 1333 3250 ἀπεθηριώθησαν
1371 3181 1450 3244 είς
1471 3182 1640 3252 ἡμᾶς,
1671 3181 1811 3234 ὥστε
1846 3182 1941 3236 καὶ

357 3266 411 3317 εἴ
432 3282 582 3328 τινες
619 3265 681 3318 τὸ
713 3267 978 3339 πρότερον
1011 3269 1077 3321 δι’
1107 3271 1418 3341 οἰκειότητα
1443 3271 1552 3342 (88)
1596 3273 1936 3344 ἐμετρίαζον,

562 3357 812 3426 μεγάλως
872 3359 1228 3428 ἐχαλέπαινον
1284 3364 1378 3434 καὶ
1449 3364 1754 3433 διεπρίοντο
1817 3364 1938 3418 καθ’

360 3442 516 3512 ἡμῶν
547 3445 682 3514 (89).
738 3445 1071 3516 Ἑπληροῦτο
1112 3449 1166 3501 δὲ
1199 3449 1258 3502 τὸ
1288 3451 1392 3502 ὑπὸ
1421 3450 1513 3504 τοῦ
1547 3452 1753 3521 Κυρίου
1781 3453 1939 3523 ἡμῶν

356 3533 670 3602 εἰρημένον,
693 3535 773 3587 ὅτι
796 3554 814 3585 ι
840 3535 1116 3590 ἐλεύσεται
1133 3539 1321 3610 καιρὸς
1345 3543 1403 3594 ὲν
1434 3537 1478 3609 ᾧ
1499 3544 1606 3607 πᾶς
1637 3545 1664 3595 ὁ
1693 3545 1941 3597 ἀποκτεί-

356 3641 452 3688 νας
490 3627 657 3696 ὑμᾶς,
693 3627 833 3694 δόξει
864 3629 1118 3699 λατρείαν
1146 3633 1476 3704 προσφέρειν
1500 3635 1576 3706 τῷ
1597 3635 1734 3706 Θεῷ.
1763 3655 1781 3686 ι
1826 3638 1940 3690 Ἐν·-

356 3715 534 3771 ταῦθα
575 3719 760 3771 λοιπὸν
797 3720 1050 3790 ὑπεράνω
1090 3725 1266 3796 πάσης
1309 3716 1621 3796 ἐξηγήσεως
1669 3727 1938 3797 ὑπέμενον

357 3808 611 3872 κολάσεις
633 3811 683 3861 οἱ
722 3810 866 3878 ἆγιοι
902 3814 1194 3886 μάρτυρες,
1225 3818 1677 3888 φιλοτιμουμένου
1703 3820 1797 3873 τοῦ
1831 3821 1933 3873 Σα-

357 3898 494 3950 τανᾶ
517 3899 614 3950 καὶ
635 3899 702 3952 δι’
724 3901 948 3956 ἐκείνων
979 3905 1206 3975 ῥηθῆναί
1230 3924 1281 3958 τι
1303 3909 1411 3961 τῶν
1436 3908 1772 3981 βλασφήμων
1800 3911 1930 3983 (90).

601 4055 1001 4136 Διεκρίνοτγο.
1057 4057 1364 4127 Metaphora
1423 4062 1638 4116 videtur
1685 4080 1804 4117 esse
1872 4066 1940 4120 ab

359 4127 601 4187 athletis,
629 4127 722 4190 qui
751 4136 1044 4194 antequam
1085 4140 1358 4183 certamen
1387 4133 1606 4193 inirent,
1632 4135 1936 4188 examinari

357 4197 608 4268 solebant
634 4208 697 4248 ac
731 4197 999 4268 probariL
1030 4209 1209 4251 tttrttm
1264 4201 1503 4268 ingenui,
1559 4211 1740 4255 tttrum
1769 4206 1940 4258 :ctatis

361 4266 636 4320 athletieze
695 4273 897 4318 essent.
962 4266 1027 4320 Et
1082 4268 1115 4320 ii
1170 4266 1384 4333 quidem
1441 4269 1530 4335 qui
1561 4271 1626 4322 ad
1663 4281 1936 4325 certamen

361 4335 817 4409 admittebantur,
838 4335 1174 4409 dicebantur
1201 4338 1588 4409 εἰσκρίνεσθαι.
1622 4339 1725 4405 Qui
1755 4351 1934 4395 autem

2051 543 2181 583 voce
2208 529 2508 596 professus,
2546 529 2598 581 in
2625 535 2925 595 martyrum
2954 538 3241 580 numerum
3275 523 3476 578 relatus
3502 532 3612 576 est:

2053 619 2351 672 advocatus
2371 616 2592 685 quidem
2624 615 3062 670 Christianorum
3083 613 3282 683 jndicis
3303 613 3482 681 elogio
3519 628 3614 682 ap-

2051 709 2303 779 pellatus,
2331 709 2541 763 habens
2569 719 2752 762 autem
2797 708 2848 761 in
2882 708 3064 775 seipso
3087 707 3406 760 advocatum
3441 704 3617 775 Spiri-

2051 813 2162 854 tum
2197 811 2444 854 sanctum
2479 800 2653 854 multo
2716 799 3082 852 abundantius
3110 812 3266 866 quam
3298 796 3614 850 Zacharias.

2049 890 2219 956 Quem
2264 890 2477 959 quidem
2528 889 2820 943 eharitatis
2879 887 3234 942 exuberantia
3301 885 3613 950 declaravit,

2049 984 2246 1050 quippe
2272 983 2362 1051 qui
2393 981 2718 1035 sustinuerit
2751 995 2846 1048 pro
2873 977 3098 1031 fratrum
3126 977 3436 1031 defensione
3458 979 3616 1031 morti

2049 1082 2225 1126 semet
2255 1070 2510 1138 ohjicere.
2569 1069 2695 1123 Fuit
2726 1070 2869 1122 enim
2898 1078 2952 1122 et
2990 1076 3070 1121 est
3102 1081 3392 1136 germanus
3415 1066 3614 1119 Christi

2049 1164 2368 1232 discipulus,
2400 1177 2633 1233 sequens
2661 1163 2873 1231 Agnum
2903 1174 3222 1229 quocunque
3254 1157 3618 1213 ierit.Exinde

2048 1256 2213 1309 etiam
2255 1255 2444 1323 reliqui
2504 1255 2747 1322 dignosci
2816 1267 2880 1306 ac
2935 1251 3200 1319 distingui
3269 1263 3501 1314 coepere.
3555 1249 3619 1301 Et

2049 1347 2284 1415 prompti
2315 1344 2532 1414 quidem
2565 1359 2628 1398 ac
2663 1342 2836 1412 parati
2867 1350 3022 1394 erant
3057 1349 3497 1411 protomartyrcs,
3526 1339 3614 1407 qui

2049 1451 2263 1492 summa
2295 1437 2599 1490 animorum
2638 1435 2926 1489 alacritate
2958 1432 3254 1486 solemnem
3297 1430 3440 1484 illam
3476 1446 3620 1483 mar-

2052 1538 2228 1598 tyrum
2262 1526 2660 1582 confessionem
2714 1526 3019 1579 ediderunt.
3057 1523 3157 1590 Qui
3185 1539 3314 1578 vero
3364 1522 3612 1591 imparati

2049 1629 2101 1672 et
2139 1616 2505 1682 inexercitati,
2543 1631 2642 1670 nec
2673 1614 2848 1669 firmis
2896 1616 3073 1670 adhuc
3121 1623 3278 1668 erant
3316 1614 3522 1667 viribus
3549 1612 3616 1665 ad

2052 1709 2309 1774 impetum
2351 1709 2482 1761 tanti
2512 1707 2834 1760 certaminis
2879 1706 3280 1768 sustinendum,
3341 1713 3468 1757 tunc
3503 1717 3619 1757 ma-

1985 1784 2248 1856 Bnifeste
2284 1807 2594 1869 patuerunt.
2650 1797 2728 1850 Ex
2779 1799 2976 1865 quibus
3025 1800 3207 1851 decem
3256 1797 3472 1850 circiter
3505 1794 3619 1851 col-

2025 1892 2209 1960 .lapsi,
2268 1891 2563 1943 maximum
2626 1889 2789 1944 nobis
2851 1888 3088 1942 dolorem
3143 1898 3200 1940 et
3247 1886 3617 1941 incredibilem

2051 1982 2252 2036 luctum
2319 1981 2664 2045 attulerunt;
2709 1989 2764 2034 et
2829 1980 3055 2034 aliorum
3114 1978 3452 2032 alacritatem
3510 1977 3620 2032 fre-

2048 2081 2264 2141 gerunt,
2303 2073 2393 2140 qui
2424 2072 2661 2125 nondum
2697 2070 3100 2139 comprehensi,
3137 2069 3267 2124 licet
3299 2068 3616 2138 gravissima

2049 2173 2367 2233 paterentur
2421 2163 2785 2227 incommoda,
2832 2173 3006 2217 tamen
3044 2163 3379 2232 martyribus
3423 2169 3622 2229 praesto

2049 2258 2297 2322 aderant,
2312 2270 2413 2309 nec
2428 2257 2496 2310 ab
2515 2269 2702 2309 eorum
2718 2264 3008 2322 conspectu
3033 2253 3402 2308 discedebant.
3419 2251 3621 2306 Omnes

2051 2358 2178 2402 tunc
2208 2347 2465 2417 temporis
2489 2345 2808 2413 gravissimo
2833 2354 2977 2398 metu
3001 2343 3233 2413 perculsi
3255 2342 3618 2406 haerebamus,

2047 2441 2119 2498 ob
2165 2442 2428 2497 incertum
2463 2440 2824 2496 confessionis
2849 2450 3144 2494 eventum:
3178 2453 3284 2492 non
3324 2437 3465 2507 quod
3503 2447 3618 2492 tor-

2049 2545 2225 2590 menta
2255 2551 2374 2605 quae
2398 2534 2799 2597 inferebantur,
2830 2546 3150 2601 magnopere
3177 2530 3507 2592 timeremus,
3525 2529 3618 2584 sed

2049 2625 2303 2696 quoniam
2335 2625 2538 2678 exitum
2572 2625 2647 2678 rei
2693 2625 2874 2678 animo
2929 2621 3342 2691 prospicientes,
3399 2635 3465 2674 ne
3496 2619 3622 2688 quis

2047 2726 2327 2770 corruerat
2365 2716 2708 2770 verebamur.
2739 2713 3354 2784 Comprehendebantur
3377 2711 3621 2781 quotidie

2049 2811 2141 2879 qui
2178 2807 2329 2875 digni
2363 2816 2524 2861 erant
2562 2816 2621 2860 ιιι
2669 2820 2952 2860 numerum
2995 2806 3207 2860 illorum
3255 2803 3565 2873 supplerent
3601 2818 3616 2853 :

2048 2905 2183 2957 adeo
2218 2913 2275 2957 ut
2299 2919 2362 2957 ex
2397 2911 2629 2969 utraque
2659 2899 2900 2953 Ecclesia
2934 2895 3367 2966 praestantissimi
3395 2894 3617 2962 quique,

2047 3005 2100 3047 et
2123 3008 2350 3062 quorum
2391 2992 2625 3046 maxime
2669 2989 2856 3045 labore.
2896 2998 3060 3057 atque
3110 2985 3374 3040 industria
3412 2999 3496 3037 res
3530 2983 3620 3038 hic

2048 3083 2359 3138 constituta:
2397 3081 2632 3144 fuerant,
2673 3080 2834 3133 simul
2862 3092 3054 3134 omnes
3087 3083 3422 3130 tenerentur.
3463 3072 3617 3140 Capti

2048 3185 2173 3229 sunt
2224 3174 2385 3228 etiam
2415 3174 2632 3243 quidam
2689 3181 2996 3227 nostrorum
3059 3168 3196 3222 servi
3251 3166 3341 3236 qui
3389 3165 3619 3236 gentiles

2047 3275 2230 3329 erant,
2279 3265 2720 3334 quandoquidem
2774 3276 2978 3332 prmses
3024 3275 3122 3314 nos
3179 3272 3368 3314 omnes
3417 3257 3617 3326 requiri

2045 3359 2224 3428 palam
2277 3356 2538 3424 iusserat.
2596 3354 2696 3421 Qui
2746 3353 3011 3408 daemonis
3055 3351 3314 3420 impulsu,
3361 3365 3482 3405 cum
3511 3359 3620 3402 tor—

2047 3464 2228 3508 menta
2265 3453 2680 3508 reformidarent
2713 3465 2834 3520 quae
2864 3457 3083 3504 sanctos
3101 3447 3306 3516 perpeti
3341 3444 3615 3507 videbant,

2049 3547 2312 3601 militibus
2354 3545 2421 3598 ad
2459 3545 2564 3598 hoc
2594 3543 2766 3612 ipsum
2790 3556 2884 3594 eos
2916 3539 3290 3601 incitantibus,
3319 3535 3618 3606 Thyesteas

2046 3637 2308 3705 quasdam
2350 3649 2538 3690 ccenas
2572 3644 2624 3688 et
2663 3634 2902 3686 incestos
2942 3629 3134 3695 OEdipi
3177 3628 3522 3689 concubitus,
3561 3633 3614 3678 et

2047 3729 2150 3781 alia
2189 3743 2308 3795 qua:
2343 3741 2445 3780 nec.
2483 3723 2727 3794 proloqui
2783 3721 2941 3775 nobis
2972 3733 3074 3772 nec
3107 3717 3342 3785 cogitare
3391 3714 3474 3769 fas
3509 3722 3616 3778 est,

2045 3833 2106 3872 ac
2160 3834 2226 3872 ne
2283 3815 2510 3870 credere
2539 3815 2758 3883 quidem
2813 3811 3141 3864 sustinemus
3178 3805 3317 3874 apud
3367 3806 3618 3859 homines

2044 3924 2278 3978 unquam
2323 3915 2470 3978 gesta
2517 3903 2702 3967 fuisse,
2746 3901 3004 3954 adversus
3038 3911 3137 3952 nos
3177 3895 3422 3950 ementiti
3459 3893 3616 3966 157

2049 4076 2152 4128 tur,
2186 4063 2286 4117 nisi
2321 4061 2538 4124 matrix,
2569 4073 2728 4125 quam
2764 4053 3126 4128 catltetlralem
3173 4065 3450 4106 vocamus.
3499 4049 3617 4128 Ado

2048 4119 2376 4186 Viennensis
2429 4132 2480 4184 in
2527 4119 2829 4187 'Cl'trom'co,
2912 4122 3122 4177 Justutn
3177 4132 3305 4175 tunc
3360 4119 3616 4184 temporis

2048 4203 2403 4256 Viennensem
2459 4200 2767 4267 episcopum
2818 4195 2998 4267 fuisse
3044 4193 3208 4255 dicit,
3259 4189 3621 4267 eumdetnque

2045 4273 2302 4325 diuturno
2341 4259 2531 4323 exsilio
2561 4259 2887 4320 maceratum
2918 4263 3147 4330 palmam
3184 4259 3427 4328 martyrii
3463 4270 3617 4311 retu-

2047 4343 2194 4394 lisse.
2248 4341 2416 4392 Porro
2458 4339 2681 4391 verbum
2731 4333 3050 4402 συλλεγῆναι
3089 4331 3621 4402 Christephorsonus

361 4407 808 4485 reptttliabantttr,
834 4404 1200 4485 ἐκκρίνεσθαι.
1257 4397 1512 4485 ίὲιιίιιιιιτιιΔ
1541 4397 1718 4485 autEm
1771 4411 1942 4479 ipsum
1977 4413 2252 4485 Dvertit:
2311 4397 2963 4485 eximerenturuLangn's,
3025 4403 3396 4485 deligarentur.
3445 4397 3618 4449 Meta-

360 4472 963 4540 ιὀςοιιοιιιτδιάκρισις,
984 4485 1039 4529 ιιι
1057 4491 1118 4528 ex
1142 4478 1241 4530 hoc
1258 4480 1376 4531 loco
1394 4479 1773 4545 colligo.Plena
1790 4472 1939 4534 certe

360 4552 442 4595 est
473 4546 593 4598 haec
624 4546 854 4611 epistola
886 4545 1166 4598 vocabulis
1194 4562 1220 4598 a
1256 4562 1313 4601 re
1343 4548 1594 4600 athletica
1640 4550 1934 4604 translatis.

362 4612 516 4677 Quod
547 4624 598 4666 et
627 4617 726 4668 loci
773 4612 933 4682 hujus
964 4614 1120 4669 lectio
1147 4617 1263 4684 ipsa
1298 4619 1520 4680 indicat,
1577 4627 1634 4671 et
1670 4634 1766 4673 nos
1801 4621 1937 4672 infra

362 4684 714 4737 ostendemus
753 4686 1010 4746 apertius.

432 4751 547 4825 (86)
578 4750 691 4808 Ὧν
719 4750 816 4805 καί
850 4753 1163 4818 ἐξέπεσον.
1198 4756 1251 4808 1η
1288 4756 1470 4809 codice
1512 4757 1679 4824 Regio
1724 4758 1940 4825 legitur,

362 4823 456 4896 καὶ
483 4823 810 4896 ὲξέτρωσαν,
848 4827 988 4890 quod
1033 4829 1254 4877 verbum
1307 4827 1435 4877 mihi
1481 4823 1817 4894 nequaquam
1849 4845 1943 4880 ne—

364 4893 674 4962 gligendtim
712 4898 942 4950 videtur.
970 4896 1102 4947 Cum
1132 4898 1276 4946 enim
1313 4896 1488 4947 rarius
1530 4893 1597 4948 sit
1636 4893 1688 4948 et
1718 4897 1945 4950 inusita-

367 4965 667 5034 tinsquam
693 4965 973 5030 ἐξέπεσον,
1007 4965 1214 5017 facilius
1247 4964 1306 5016 τὸ
1339 4962 1644 5034 ἐξέτρωσαν
1679 4977 1939 5034 mutatum

363 5043 446 5084 est
481 5033 534 5086 in
581 5034 643 5086 τὸ
674 5035 949 5099 ἐξέπεσον,
981 5049 1140 5101 quam
1183 5034 1368 5087 hocin
1420 5033 1562 5104 illud.
1612 5033 1944 5104 Ἑξέτρωσαν

367 5105 530 5169 igitur
576 5107 660 5158 hic
713 5107 928 5172 passive
976 5100 1210 5156 sumitur
1263 5119 1359 5171 pro
1389 5100 1836 5174 ἐξημδλώθησαν,
1893 5107 1941 5156 id

363 5181 464 5245 est,
525 5175 749 5228 abortivi
809 5175 938 5245 [acti
997 5184 1154 5245 sunt,
1216 5175 1419 5225 excussi
1474 5185 1630 5237 sunt,
1685 5175 1942 5244 ἕκτρωμα

364 5244 629 5310 ἐγένοντο.
665 5244 816 5312 Qnre
849 5244 1165 5310 metaphora
1200 5245 1391 5296 iterum
1439 5254 1730 5312 usurpatur
1777 5246 1940 5312 inira,

363 5319 448 5366 ubi
486 5317 670 5381 agitur
696 5317 763 5368 de
803 5316 987 5382 lapsis.

433 5380 544 5456 (87)
573 5387 759 5441 ’Ὠστε
785 5380 1160 5456 συλλεγῆναι
1179 5382 1246 5436 ἐκ
1270 5380 1514 5456 τῶν-δύο
1548 5383 1940 5456 Ἐκκλησιῷν.

358 5457 433 5512 Ex
462 5452 712 5510 Ecclesia
753 5457 964 5511 scilicet
998 5454 1283 5507 Viennensi
1312 5463 1367 5506 et
1397 5452 1768 5521 Lugdunensi.
1823 5455 1944 5509 lla‘c

355 5538 533 5582 autem
586 5527 758 5581 verba
827 5524 1094 5592 imprimis
1155 5524 1581 5592 notanda_sunl.
1631 5538 1692 5576 ex
1750 5524 1944 5591 quibus

354 5597 648 5653 manifeste
695 5590 926 5664 apparet
955 5590 1319 5648 Viennensem
1377 5590 1677 5664 Ecclesium
1724 5590 1943 5662 perinde

346 5684 409 5723 ac
438 5663 899 5729 Lugdunensem,
947 5679 1099 5716 suum
1161 5673 1286 5717 tunc
1321 5663 1630 5729 episcopum
1665 5663 1938 5716 habuisse.

343 5727 554 5813 Quippe
591 5737 846 5791 Ecclesia
888 5727 952 5787 ab
988 5735 1226 5805 antiquis
1258 5727 1614 5801 scriptoribus
1669 5748 1774 5787 non
1808 5734 1941 5786 dici-

2046 4481 2212 4549 phora
2250 4480 2461 4549 videtur
2485 4490 2602 4549 esse
2630 4491 2656 4526 a
2687 4471 2948 4549 fructibus
2971 4473 3062 4539 qni
3094 4472 3478 4549 decerpantur.

2119 4549 2228 4619 (88)
2260 4548 2339 4601 Δι’
2371 4545 2724 4619 οἰκειότητα.
2774 4540 2898 4596 Ηιιξο
2932 4534 3033 4619 vox
3063 4555 3164 4619 non
3195 4534 3376 4616 solum
3389 4534 3616 4619 propin:

2043 4605 2303 4681 anitatem
2339 4617 2562 4684 generis
2583 4605 2849 4678 designat,
2873 4613 2980 4684 sed
3021 4611 3184 4684 etiam
3216 4605 3513 4684 amicitiam
3549 4617 3616 4656 ac

2045 4675 2497 4743 benevolentiam.
2547 4675 2819 4748 Interpres
2872 4677 3157 4747 Nicephori
3201 4675 3389 4752 etiam"
3423 4675 3612 4752 huma-

2046 4763 2265 4811 nitatem
2312 4757 2540 4817 addidit,
2595 4744 2708 4806 non
2739 4744 3028 4804 conuentus
3069 4744 3482 4801 necessitudinis
3521 4758 3616 4794 vo~

2045 4829 2254 4879 cabnlo.

2121 4897 2229 4967 (89)
2282 4894 2623 4962 Διεπρίοντο
2673 4889 2800 4943 καθ’
2841 4887 3026 4958 ἡμῶν.
3064 4886 3239 4940 Codex
3273 4881 3490 4951 Regius,
3525 4881 3612 4948 ἐφ’

2045 4970 2075 5020 ἢ
2087 4970 2172 5020 μῖν
2181 5008 2192 5020 .

2067 5007 2228 5104 Μίόθ)
2271 5038 2327 5088 Tt
2356 5033 2473 5086 τῶν
2492 5029 2895 5098 ,ϐλασφήμωικ
2921 5027 3085 5104 Recte
3117 5019 3600 5104 fluiinusohlasphe.

2047 5088 2507 5159 miam’advcrsus'
2527 5088 2961 5154 Christianorum
2992 5096 3304 5162 religionem
3339 5088 3606 5162 intelligit.

2045 5176 2196 5241 Quod
2229 5177 2387 5243 plane
2417 5169 2976 5243 confirmaturjerbis
3004 5161 3252 5243 proxime
3279 5161 3609 5243 auteceden-

2049 5230 2191 5300 tibus
2228 5230 2319 5298 καὶ
2359 5243 2428 5295 δι’
2472 5241 2712 5295 ἐκείνων.
2759 5237 2892 5293 Cum
2930 5230 3077 5309 enim
3109 5232 3257 5309 servi
3276 5230 3609 5309 Christianof

2047 5331 2202 5379 rum,
2245 5324 2383 5366 metu
2427 5306 3118 5380 cruciatuumperterriti,
3174 5301 3507 5380 infanticidia
3555 5307 3612 5380 et

2048 5370 2282 5438 incestos
2308 5382 2632 5435 concubitus
2664 5382 2728 5432 de
2769 5370 3097 5448 Christianis
3130 5370 3362 5448 confessi
3399 5375 3606 5448 essent,
3690 5437 3691 5440 η

2047 5454 2296 5507 studebat
2357 5452 2607 5516 Satanas,
2649 5459 2706 5501 ut
2739 5446 3032 5502 Christiani
3087 5445 3175 5516 qui
3233 5438 3606 5516 comprehensi

2048 5525 2261 5577 fuerant
2287 5520 2546 5590 ejusmodi
2595 5514 2895 5590 calumnias
2920 5517 2968 5590 in
3023 5514 3335 5581 religionem
3369 5515 3607 5559 nostram

2041 5585 2331 5661 iactarent:
2357 5590 2562 5658 Quippe
2585 5589 2795 5656 judices
2819 5585 2968 5661 qunti
2995 5590 3382 5661 tormentorum
3410 5589 3608 5646 genere

2048 5650 2696 5728 Christianos-urgebant,
2733 5667 2790 5712 ιιι
2819 5656 3114 5727 Thyesteas
3140 5650 3398 5728 quasdam
3426 5659 3606 5728 cautas

2047 5743 2100 5787 et
2150 5734 2382 5785 incestos
2428 5717 2744 5784 concubitus
2794 5717 2933 5798 apud
2967 5739 3024 5778 se
3070 5717 3252 5794 peragi
3285 5717 3605 5773 faterentur.
