4012 6256
264 383 366 441 Η]

1365 377 1713 434 HISTORIA
1755 379 2316 436 ECCI.ESIASTICA3
2356 378 2482 434 LIB.
2525 378 2591 435 ι’.

3441 386 3546 442 “8

273 503 583 572 ἀνενδοτος,
626 503 862 577 στερρὸς
891 503 1026 575 πρὸς
1057 504 1156 574 τὴν
1181 503 1495 574 ὁμολογίαν,
1525 505 1628 556 ὑπὸ
1650 505 1747 574 τῆς
1777 506 1870 557 οὑ-

1989 507 2086 558 vim
2129 514 2184 558 et
2233 505 2658 574 magnitudinem
2690 505 3028 560 cruciatuum
3061 522 3076 560 :
3108 516 3258 562 tanta
3290 507 3550 564 llrmitate

286 596 466 669 ρανὶου
503 597 701 668 πηγῆς
741 596 835 649 τοῦ
873 595 1061 658 ὓδατος
1089 596 1186 665 τῆς
1219 595 1363 666 ζωῆς
1401 595 1492 647 τοῦ
1529 595 1759 659 ἐξιόντος
1812 597 1876 650 ὲκ

282 687 382 757 τῆς
409 685 614 756 νηδύος
641 687 758 756 (95)
807 685 900 739 τοῦ
933 685 1168 756 Χριστοῦ
1195 683 1576 756 δροσιζόμενος
1601 688 1695 739 καὶ
1727 686 1876 738 ὲνδυ-

285 782 651 852 ναμοὺμενος.
691 782 764 835 Τὸ
793 783 848 834 δὲ
886 781 1155 851 σωμάτιον
1190 780 1399 850 μάρτυς
1434 774 1500 849 ἦν
1534 779 1641 830 τῶν
1677 778 1876 849 συμϐε-

287 867 555 937 ϐηκότων,
592 868 714 922 ὅλον
739 869 958 940 τραῦμα
992 870 1087 922 καὶ
1117 867 1337 939 μώλωψ,
1381 869 1474 920 καὶ
1504 869 1877 938 συνεσπασμέ-

287 972 377 1008 νον
416 956 550 1026 (96),
600 957 696 1009 καὶ
739 957 1114 1028 ἁποϐεϐληκὺς
1165 958 1264 1026 τὴν
1299 956 1636 1026 ἀνθρώπειον
1682 955 1876 1020 ἔξωθεν

289 1048 527 1117 μορφήν.
572 1048 662 1099 Ἐν
710 1040 754 1112 ᾧ
811 1046 1035 1116 πάσχων
1073 1047 1307 1116 Χριστὸς
1357 1045 1597 1116 μεγάλας
1635 1046 1877 1097 ἐπετέλει

285 1137 466 1204 δόξας,
506 1136 797 1208 καταργῶν
825 1137 914 1189 τὸν
959 1137 1353 1206 ἀντικείμενον,
1387 1137 1480 1190 καὶ
1513 1138 1594 1200 είς
1624 1136 1724 1205 τὴν
1767 1134 1876 1188 τῶν

283 1230 492 1283 λοιπῶν
517 1230 865 1284 ὑποτύπωσιν
903 1227 1286 1290 ὑποδεικνύων,
1319 1227 1402 1280 ὅτι
1455 1227 1620 1298 μηδὲν
1649 1226 1877 1297 φοϐερὸν

283 1320 424 1372 ὅπου
478 1321 690 1391 Πατρὸς
745 1318 953 1388 ἀγάπη,
1010 1318 1145 1389 μηδὲ
1192 1317 1436 1385 ἀλγεινὸν
1479 1319 1613 1370 ὅπου
1641 1316 1876 1388 Χριστοῦ

283 1415 436 1481 δόξα.
466 1415 586 1466 Τῶν
610 1415 715 1486 γὰρ
738 1415 952 1485 ἀνόμων
990 1411 1106 1483 μεθ’
1138 1411 1349 1481 ἡμέρας
1380 1409 1539 1462 πάλιν
1562 1408 1880 1478 στρεϐλοῦν-

283 1523 396 1558 των
409 1506 500 1560 τὸν
534 1506 804 1577 μάρτυρα,
838 1505 932 1558 καὶ
957 1503 1302 1573 νομιζόντων,
1335 1501 1438 1568 ὅτι,
1476 1501 1754 1557 οἰδούντων
1785 1500 1879 1553 καὶ

285 1598 735 1667 φλεγμαινόντων
768 1597 875 1651 τῶν
908 1596 1174 1673 σωμάτων
1199 1594 1332 1663 (97),
1370 1595 1418 1645 εί
1445 1592 1513 1644 τά
1537 1591 1676 1645 αὑτά
1706 1608 1877 1662 προσ-

285 1690 567 1756 ενέγκοιεν
596 1688 949 1758 κολαστήρια.
981 1687 1317 1758 περιέσοιντο
1345 1683 1532 1746 αὑτοῦ,
1567 1683 1728 1736 ὁπότε
1760 1681 1878 1734 οὑδὲ

285 1781 391 1851 τὴν
417 1780 526 1832 ἀπὸ
559 1778 666 1831 τῶν
705 1777 904 1849 χειρῶν
945 1778 1089 1846 ἁφὴν
1129 1776 1394 1844 ἠνείχετο·
1437 1773 1470 1844 ἣ
1501 1775 1582 1826 ὅτι.
1609 1772 1878 1825 ἐναποθα-

1975 599 2054 652 eis
2090 597 2307 661 restitit,
2341 605 2398 651 ut
2430 612 2531 650 nec
2553 611 2732 662 suum,
2765 612 2864 652 nec
2887 599 3064 666 gentis
3089 609 3180 653 aut
3201 601 3446 655 civitatis
3475 615 3546 654 ex

1975 703 2079 758 qua
2117 697 2260 742 esset
2288 689 2550 742 oriundus
2587 702 2804 754 nomen,
2835 704 2932 742 nec
2967 699 3150 744 utrum
3187 707 3378 747 servus
3407 701 3552 746 esset

1978 794 2044 832 an
2076 780 2368 847 ingenuus,
2394 778 2709 848 prolocutus
2735 781 2806 834 sit
2839 799 2852 835 :
2883 781 2976 835 sed
3002 783 3070 835 ad
3093 797 3280 837 omnes
3315 783 3551 837 interro-

1977 873 2222 941 gationes
2243 872 2483 926 Romana
2516 872 2694 941 lingua
2731 875 3073 943 responderit
3102 892 3116 928 :
3157 857 3175 925 ι
3202 875 3548 932 Christianus

1979 974 2118 1013 sum.
2150 980 2169 1013 ι
2206 960 2318 1015 Hoc
2349 962 2448 1015 sibi
2477 979 2696 1027 nomen,
2725 966 2982 1033 patriam,
3027 980 3217 1034 genus,
3245 967 3424 1019 omnia
3451 967 3549 1020 de-

1979 1052 2143 1119 nique
2173 1067 2292 1106 esse
2321 1053 2547 1106 subinde
2584 1054 2976 1122 proﬁtebatur;
3011 1073 3186 1124 neque
3237 1057 3398 1110 aliam
3455 1073 3552 1110 vo-

1978 1159 2094 1198 Cem
2114 1144 2181 1196 ab
2198 1160 2262 1197 eo
2281 1144 2508 1214 gentiles
2529 1147 3176 1214 extorquerevaluerunt.
3198 1148 3369 1215 Quam
3387 1151 3548 1204 etiam

1977 1236 2046 1290 ob
2088 1251 2310 1290 causam
2365 1238 2598 1290 maxima
2632 1239 2887 1292 adversus
2922 1240 3074 1293 illum
3120 1252 3174 1294 et
3207 1241 3451 1310 przrsidis
3495 1251 3550 1295 et

1981 1335 2246 1380 tortorum
2303 1328 2604 1394 pertinacia
2655 1327 2859 1384 furoris
2907 1333 3133 1386 exarsit.
3160 1333 3310 1386 Adeo
3345 1343 3402 1386 ut
3426 1348 3549 1386 cum

1981 1416 2117 1469 nihil
2174 1417 2408 1484 amplius
2444 1419 2573 1486 ipsis
2626 1431 2939 1489 superesset
3000 1437 3108 1490 quo
3149 1423 3299 1476 illum
3333 1433 3551 1491 torque-

1982 1518 2120 1570 rent,
2149 1510 2445 1562 candentes
2475 1511 2599 1564 aeris
2624 1511 2849 1566 laminas
2873 1513 3209 1568 mollioribus
3238 1515 3354 1583 ejus
3382 1530 3554 1568 mem-

1980 1597 2094 1652 bris
2129 1597 2428 1668 aiiigereut.
2468 1599 2534 1652 Et
2587 1602 2831 1656 membra
2874 1604 3090 1672 quidem
3139 1605 3548 1658 adurebantur:

1982 1690 2097 1757 ipse
2129 1704 2254 1744 vero
2290 1701 2470 1745 rectus
2498 1699 2660 1761 atque
2691 1679 3072 1757 inconcussus,
3118 1694 3288 1750 firmis
3311 1697 3554 1765 vestigiis

1981 1781 2035 1833 in
2068 1781 2415 1836 confessione
2446 1784 2703 1851 perstitit,
2741 1795 2925 1853 utpote
2958 1786 3164 1840 caelesti
3198 1786 3350 1841 fonte
3393 1803 3548 1856 aqua)

285 1867 396 1921 νὼν
421 1871 542 1930 ταῖς
577 1867 850 1936 βασάνοις,
882 1864 1042 1934 φόϐον
1074 1863 1388 1933 ὲμποιήσειε
1421 1863 1532 1921 τοῖς
1562 1859 1789 1920 λοιποῖς,
1817 1858 1875 1909 οὑ

1989 1872 2120 1925 viva:
2167 1887 2286 1940 quae
2315 1889 2379 1926 ex
2413 1885 2598 1928 ventre
2634 1874 2838 1930 Christi
2884 1875 3126 1944 proﬂuit,
3178 1879 3429 1945 perfusus
3457 1878 3552 1930 iir-

293 1959 455 2030 μόνον
505 1958 662 2014 οὐδὲν
717 1957 846 2028 περὶ
899 1955 1059 2007 αὑτὸν
1098 1953 1306 2005 τοιοῦτο
1347 1951 1566 2020 συνέϐη,
1603 1948 1740 2002 ἀλλὰ
1786 1948 1880 2001 καὶ

293 2050 445 2120 παρά
471 2051 648 2102 πᾶσαν
673 2047 829 2110 δόξαν
859 2043 1162 2114 ἀνθρώπων
1193 2041 1426 2110 ἀνέκυψε
1451 2040 1559 2109 (98)
1589 2039 1682 2092 καὶ
1707 2040 1882 2108 ἀνωρ-

291 2138 441 2208 θώθη
476 2138 536 2190 τὸ
572 2138 844 2206 σωμάτιον
883 2136 942 2188 ὲν
974 2137 1095 2196 ταῖς
1129 2131 1420 2203 μετέπειτα
1457 2129 1730 2199 βασάνοις,
1789 2128 1882 2180 καὶ

290 2229 394 2300 τὴν
428 2229 572 2281 ίδέαν
613 2227 852 2281 ἀπέλαϐε
878 2227 976 2296 τὴν
1000 2225 1272 2296 προτέραν
1306 2222 1399 2276 καὶ
1427 2221 1525 2291 τὴν
1555 2221 1749 2290 χρῆσιν
1775 2219 1882 2271 τῶν

295 2321 497 2392 μελῶν,
534 2321 676 2373 ὥστε
705 2321 780 2390 μὴ
818 2321 1058 2383 κόλασιν,
1089 2317 1202 2371 ἀλλ’
1235 2317 1378 2368 ίασιν
1413 2314 1499 2367 διὰ
1537 2314 1636 2383 τῆς
1662 2313 1884 2382 χάριτος

291 2413 390 2466 τοῦ
438 2412 702 2483 Χριστοῦ,
752 2413 850 2481 τὴν
879 2411 1134 2481 δευτέραν
1175 2407 1504 2478 στρέϐλωσιν
1544 2403 1691 2474 αὑτῷ
1728 2402 1883 2472 γενέ-

296 2501 444 2553 σθαι.
476 2501 585 2552 Καὶ
617 2499 878 2552 Βιϐλιάδα
907 2499 965 2552 δέ
993 2515 1116 2551 τινα
1140 2497 1266 2567 μίαν
1301 2495 1409 2548 τῶν
1437 2496 1575 2564 ὴρνη
1587 2493 1759 2562 μένων
1783 2492 1880 2562 ἤδη

293 2590 466 2642 δοκῶν
501 2589 744 2652 διάϐολος
787 2587 1266 2649 καταπεπωκέναι,
1314 2585 1543 2654 θελήσας
1575 2585 1631 2636 δὲ
1659 2583 1754 2636 καὶ
1797 2581 1886 2635 διὰ

298 2677 648 2747 βλασφημίας
675 2677 783 2746 (99)
819 2680 1162 2747 κατακρῖναι,
1182 2671 1316 2745 ἦγεν
1350 2675 1451 2726 ἐπὶ.
1464 2673 1702 2737 κόλασιν,
1727 2674 1888 2738 ἀναγ-

293 2769 479 2832 κάζων
510 2771 682 2822 εἰπεῖν
712 2767 782 2820 τά
809 2768 942 2821 ἄθεα
975 2768 1100 2838 περὶ
1128 2765 1306 2836 ήμῶν,
1333 2766 1408 2828 ὡς
1432 2764 1760 2835 εὔθραυστον
1785 2763 1884 2834 ἤδη

294 2858 393 2910 καὶ
427 2858 706 2928 ἄνανδρον.
763 2859 826 2909 Ἣ
857 2858 913 2909 δὲ
947 2859 1003 2909 έν
1043 2858 1106 2926 τῇ
1145 2854 1474 2924 στρεϐλώσει
1508 2854 1762 2924 ἀνένηψε,
1791 2853 1886 2906 καὶ

293 2949 373 3012 ὡς
397 2948 463 3002 ἂν
494 2951 689 3012 εἰπεῖν,
731 2949 794 3000 ὲκ
832 2947 1021 3018 βαθέος
1053 2945 1223 2998 ὕπνου
1251 2945 1712 3016 ἀνεγρηγόρησεν,
1748 2945 1883 2996 Dm-

299 3039 606 3111 μνησθεῖσα
648 3039 736 3092 διὰ
755 3039 855 3108 τῆς
880 3038 1215 3109 προσκαίρου
1255 3038 1527 3108 τιμωρίας
1545 3037 1642 3106 τὴν
1670 3035 1885 3090 αἰώνιον

295 3130 354 3181 ὲν
388 3129 584 3201 γεέννῃ
600 3128 843 3191 κόλασιν,
871 3126 964 3180 καὶ
989 3125 1050 3190 ἐξ
1075 3125 1322 3187 ἐναντίας
1349 3125 1569 3178 ἀντεῖπε
1595 3128 1708 3188 τοῖς
1732 3124 1888 3194 βλασ-

297 3221 504 3290 φήμοις
524 3220 600 3287 (1)
627 3221 865 3290 φήσασα·
891 3237 908 3269 ι
938 3217 1062 3279 Πῶς
1080 3215 1144 3269 ἂν
1167 3215 1348 3268 παιδία
1381 3216 1602 3284 φάγοιεν
1634 3219 1685 3268 οί
1716 3215 1887 3268 τοιοῦο

294 3329 400 3374 τοι,
430 3306 515 3374 οἷς
543 3312 678 3383 μηδὲ
713 3311 920 3380 ἀλόγων
954 3309 1107 3374 ζώων
1133 3306 1270 3380 αἷμα
1307 3311 1498 3377 φαγεῖν
1532 3308 1684 3374 ὲξόν;
1725 3329 1741 3359 ι
1774 3311 1884 3363 Καὶ

297 3402 411 3456 ἀπὸ
439 3401 596 3454 τοῦδε
618 3402 950 3472 Χριστιανὴν
974 3400 1171 3472 ἑαυτὴν
1201 3400 1486 3470 ὡμολόγει,
1520 3401 1614 3468 καὶ
1641 3399 1718 3469 τῷ
1751 3400 1883 3471 κλή-

303 3506 383 3561 ρῳ
409 3489 517 3541 τῶν
543 3489 833 3561 μαρτύρων
861 3488 1181 3560 προσετέθη.
1213 3489 1679 3560 Καταργηθέντων
1699 3490 1755 3542 δὲ
1781 3489 1887 3542 τῶν

298 3580 638 3650 τυραννικῶν
683 3578 1056 3650 κολαστηρίων
1106 3579 1210 3632 ὑπὸ
1243 3579 1337 3632 τοῦ
1375 3579 1609 3651 Χριστοῦ
1658 3581 1744 3634 διὰ
1790 3581 1889 3650 τῆς

297 3671 409 3728 τῶν
442 3669 728 3740 μακαρίων
760 3670 1059 3740 ὑπομονῆς,
1093 3670 1286 3740 ἑτέρας
1324 3669 1570 3739 μηχανὰς
1597 3673 1624 3723 ὁ
1648 3671 1890 3735 διάϐολος

299 3761 535 3820 ἐπενόει,
554 3759 808 3823 τάςκατά
821 3760 917 3831 τὴν
933 3761 1154 3831 εἱρκτὴν
1175 3763 1230 3813 ὲν
1250 3760 1325 3830 τῷ
1338 3761 1516 3814 σκότει
1532 3761 1714 3832 καὶτῴ
1733 3763 1892 3832 χαλε-

299 3855 538 3922 πωτάτῳ
548 3852 731 3923 χωρίῳ
745 3851 1195 3921 συγκλείσειςοκαὶ
1207 3854 1303 3914 τὰς
1315 3854 1370 3905 ὲν
1381 3853 1458 3923 τῷ
1473 3853 1613 3924 ξύλῳ
1627 3854 1898 3917 διατάσεις

297 3943 410 3996 τῶν
443 3944 622 3998 ποδῶν
644 3945 739 4016 (2),
773 3945 865 3998 ἐπὶ
897 3943 1142 4015 πέμπτον
1170 3944 1580 4015 διατεινομένων
1606 3939 1890 4016 τρύπημα,

383 4125 498 4195 (95)
562 4123 666 4195 Ἐκ
719 4122 830 4195 τῆς
889 4121 1131 4195 νηδύος.
1185 4121 1388 4195 Alludit
1439 4118 1786 4195 adﬂeapavn
1823 4137 1886 4195 ex

300 4187 534 4249 Joannis
589 4187 898 4258 Evangelio.
955 4187 1006 4244 in
1061 4187 1168 4259 quo
1229 4191 1468 4261 legitur:
1513 4187 1768 4241 Flumina
1825 4191 1890 4242 de

305 4274 483 4317 ventre
506 4262 620 4330 ejus
655 4263 818 4330 ﬂuent
841 4277 992 4330 aane
1017 4262 1160 4330 vivat,

381 4332 497 4402 (96)
527 4325 1466 4402 ’Συιλεσπασμένονηϐοηιταειιιηι
1521 4336 1570 4402 ες
1617 4325 1888 4402 incurvum

305 4393 497 4455 malini
544 4411 781 4466 vertere,
835 4393 995 4460 quam
1057 4400 1372 4450 distractum
1428 4405 1477 4449 et
1513 4393 1794 4466 diuulsunt,
1830 4405 1886 4446 ιιι

307 4473 468 4525 initio
497 4462 792 4524 verteram.
827 4468 937 4521 Hoc
969 4470 1110 4520 enim
1133 4480 1277 4520 esset
1304 4462 1718 4533 διεσπασμένον.
1747 4463 1888 4516 Con-

311 4550 550 4593 tractum
579 4551 758 4591 autem
787 4537 1026 4604 intelligo
1052 4552 1160 4604 pra!
1190 4535 1556 4603 magnitudine
1590 4541 1888 4604 tormento-

310 4626 456 4662 rum.
494 4609 626 4661 Nam
671 4609 846 4676 quiin
897 4601 1127 4675 equul'eo
1175 4601 1892 4676 torquebanturvehemen-

313 4680 441 4738 tius,
496 4686 660 4744 caput
688 4671 998 4730 incurvare
1027 4676 1432 4744 (cogebantura
1459 4679 1517 4722 ut
1565 4673 1725 4744 docet
1766 4671 1887 4722 Am.

310 4739 684 4818 Marcellinus,
712 4761 833 4798 cum
858 4745 983 4818 ait:
1025 4739 1258 4818 Vel'sub_
1277 4740 1494 4818 equuieo
1516 4749 1684 4818 _caput
1708 4739 1889 4818 incur-

313 4834 424 4879 vos,
451 4826 550 4870 ant
586 4808 691 4868 ictu
719 4815 985 4880 carnificis
1015 4814 1145 4887 torvi
1175 4808 1479 4862 substravit.
1516 4808 1698 4887 Inepte
1733 4808 1892 4860 Chri-

313 4889 713 4954 stophorsouus
735 4892 1062 4937 contractum
1088 4884 1141 4933 in
1173 4896 1330 4948 rugas
1356 4893 1542 4945 corpus
1575 4884 1892 4944 interpreta-

318 4967 405 5008 tus
444 4966 548 5008 est.

389 5024 501 5092 (97)
542 5022 1034 5092 Φλεγμαιγόγτων
1057 5015 1507 5092 τῶνςωμάτων.
1541 5013 1892 5070 Scribendum

322 5087 534 5147 videtur
560 5087 910 5162 τραυμάτων,
945 5101 1003 5142 ιιι
1027 5090 1152 5162 legit
1187 5087 1434 5162 Rutilius.

391 5163 503 5229 (98)
546 5148 850 5228 Ἀὶλέκύψε.
899 5148 1292 5229 είοίιιινοοιιιω
1337 5153 1588 5229 Medicam
1637 5164 1692 5208 et
1731 5148 1902 5215 Maz.,

324 5225 457 5286 Ριιιί.
487 5225 544 5284 et
568 5229 695 5283 Sav.
727 5225 781 5282 et
808 5230 945 5298 apud
973 5228 1332 5298 Nicephorum
1362 5225 1573 5292 legitur,
1597 5237 1726 5298 quae
1768 5235 1896 5298 pro-

323 5304 410 5356 cul
451 5302 620 5353 dubio
660 5315 784 5352 vera
819 5290 973 5363 hujus
997 5290 1556 5361 loci‘scriplura—est.
1591 5290 1894 5363 Opponitur

321 5373 466 5425 enim
495 5370 732 5438 ἀνέκυψε
763 5369 857 5420 καὶ
885 5360 1181 5438 ἀνωρθώθη
1214 5360 1317 5438 illis
1342 5378 1458 5428 quae
1499 5375 1662 5425 supra
1689 5360 1898 5436 dixerat

325 5444 390 5494 de
424 5452 536 5493 toto
565 5437 795 5505 corpore
823 5437 1013 5490 Sancti
1047 5437 1257 5488 diaconi
1281 5441 1581 5506 contracto
1611 5438 1775 5506 atque
1817 5443 1897 5477 tn-

324 5521 570 5562 curvato.
597 5503 785 5575 Itaque
807 5508 1082 5582 hicnlocus
1112 5503 1451 5582 superiorem
1495 5503 1896 5582 expositionem

323 5593 562 5634 nostram
600 5565 761 5647 plaite
786 5577 1088 5647 conﬁrmat.
1121 5565 1259 5647 [illiti
1289 5579 1468 5647 antea,
1499 5565 1824 5647 ἀνεκάλυψε..

390 5650 502 5722 (99)
529 5635 637 5722 At}?
663 5645 1081 5722 βΜσφημόᾳς.
1110 5635 1896 5722 Christophorsonushlasphe:

318 5705 498 5775 nnEim'
565 5705 1158 5770 adversits'Chi-is—tum
1236 5705 1519 5763 intellexit.
1577 5705 1895 5775 Videndum

314 5774 498 5846 tamen
539 5801 647 5856 est,
703 5800 770 5840 ue
801 5785 887 5839 hic
916 5798 1129 5853 quoque
1160 5777 1493 5846 blasphemia
1522 5774 1781 5829 adversus
1815 5787 1896 5826 re-

1985 1973 2287 2032 matusque.
2340 1964 2512 2020 Porro
2543 1982 2736 2035 corpus
2772 1969 2949 2036 ipsum
3003 1970 3218 2022 abunde
3257 1969 3557 2022 testabatur

1983 2068 2045 2108 ea
2071 2069 2193 2122 qua:
2223 2056 2568 2120 acciderant,
2629 2059 2828 2125 quippe
2861 2059 3003 2126 quod
3042 2059 3178 2113 nihil
3218 2059 3363 2114 aliud
3411 2069 3556 2114 esset

1985 2151 2182 2212 praeter
2227 2143 2450 2197 vulnera
2505 2154 2670 2214 atque
2715 2148 2920 2201 vibices
2963 2158 3182 2201 :totum
3214 2160 3555 2203 contractum

1987 2242 2145 2300 atque
2173 2243 2509 2297 contortum,
2540 2252 2644 2290 nec
2678 2237 2790 2302 jam
2839 2247 3118 2290 externam
3168 2239 3402 2293 hominis
3435 2253 3558 2305 spe-

1985 2324 2121 2377 ciem
2170 2325 2452 2379 retinens.-
2484 2325 2540 2379 In
2598 2341 2706 2394 quo
2751 2324 3003 2381 Christus
3054 2327 3170 2394 ipse
3224 2329 3554 2396 perpetiens,

1987 2427 2180 2478 magna
2235 2413 2495 2466 miracula
2550 2417 2821 2482 patrabat,
2873 2416 3245 2470 adversarium
3306 2416 3553 2472 funditus

1986 2504 2195 2566 delens,
2223 2515 2277 2559 et
2311 2506 2507 2558 illustri
2547 2506 2794 2574 exemplo
2826 2506 3035 2560 caeteris
3077 2507 3388 2574 ostendens,
3416 2509 3555 2564 nihil

1986 2609 2107 2648 esse
2137 2596 2486 2649 metuendum
2515 2597 2604 2650 ubi
2631 2598 2865 2652 charitas
2914 2596 3092 2652 Patris
3115 2599 3251 2653 adsit
3281 2617 3296 2664 ;
3352 2601 3554 2655 nullum

1988 2684 2251 2748 dolorem,
2285 2687 2373 2740 ubi
2428 2689 2597 2754 gloria
2646 2689 2876 2742 vertitur
2915 2689 3142 2744 Christi.
3195 2690 3406 2760 Quippe
3431 2708 3556 2747 cum

1989 2775 2134 2843 impii
2169 2775 2246 2828 illi
2279 2776 2469 2844 paucis
2502 2787 2624 2845 post
2649 2777 2843 2831 diebus
2895 2779 3090 2833 iterum
3132 2791 3384 2849 torquere
3409 2798 3558 2836 mar-

1990 2876 2163 2936 tyrem
2205 2867 2522 2934 cepissent,
2571 2869 2967 2937 crederentque
3019 2870 3062 2923 si
3119 2874 3558 2940 turgescentibus

1994 2956 2173 3009 adhuc
2198 2964 2252 3010 et
2293 2955 2640 3012 inﬂammatis
2692 2958 3007 3012 vulneribus
3049 2963 3236 3014 eadem
3289 2971 3555 3017 tormenta

1989 3047 2054 3100 de
2090 3048 2302 3116 integro
2326 3048 2666 3114 adhiberent,
2702 3048 2818 3103 fore
2865 3059 2922 3102 ut
2964 3050 3056 3104 illo
3082 3055 3394 3118 superiores
3423 3069 3553 3107 eva-

1990 3137 2204 3202 derent,
2230 3139 2430 3205 quippe
2463 3139 2553 3206 qui
2598 3154 2669 3192 ne
2717 3154 2974 3192 manuum
3003 3141 3220 3206 quidem
3254 3151 3562 3197 contrecta-

1993 3225 2192 3277 tionem
2235 3237 2422 3293 posset
2467 3227 2740 3282 sustinere
2784 3247 2796 3281 :
2834 3228 2916 3281 vel
2949 3229 2997 3281 id
3032 3239 3183 3283 certe
3215 3239 3560 3298 eventurum,

1993 3323 2049 3366 ut
2077 3313 2167 3368 ille
2197 3315 2479 3369 tormentis
2508 3316 2854 3382 imumrtuus,
2891 3326 3152 3371 terrorem
3192 3318 3438 3388 injiceret
3472 3335 3560 3374 re-

1993 3403 2154 3472 liquis
2192 3421 2206 3456 :
2236 3421 2343 3461 non
2393 3407 2554 3460 modo
2601 3406 2736 3461 nihil
2765 3408 3032 3475 ejusmodi
3062 3408 3136 3463 illi
3181 3410 3432 3479 contigit,
3466 3411 3561 3465 sed

1995 3503 2196 3560 praeter
2219 3496 2460 3549 onmium
2509 3497 2844 3566 opinionem,
2884 3515 3077 3567 corpus
3107 3502 3225 3569 ejus
3267 3502 3446 3555 subito
3475 3517 3565 3554 re-

1995 3583 2232 3637 levatum
2291 3595 2644 3654 erectumque
2677 3589 2924 3642 constitit
2961 3589 3011 3641 in
3042 3591 3324 3646 tormentis
3379 3600 3563 3660 poste-

1997 3676 2253 3742 rioribus,
2281 3685 2334 3730 et
2369 3678 2650 3745 pristinam
2680 3680 2939 3746 speciem,
2983 3695 3248 3750 usumque
3291 3682 3564 3738 membro-

1997 3781 2114 3818 rum
2145 3767 2502 3834 reCuperavit.
2547 3767 2781 3822 Prorsus
2814 3779 2873 3821 ut
2917 3773 3152 3824 secunda
3178 3771 3267 3824 illa
3306 3771 3564 3825 excarni-

1997 3856 2202 3920 Iieatio,
2253 3855 2431 3910 divina
2467 3857 2772 3924 opitulante
2822 3859 3020 3926 gratia,
3083 3859 3343 3915 medelam
3387 3861 3564 3929 potius

1997 3963 2160 4018 quam
2188 3963 2402 4018 poenam
2436 3950 2485 4004 ei
2529 3950 2775 4006 attulisse
2808 3951 3105 4006 videretur.
3141 3952 3246 4008 Sed
3273 3960 3324 4008 et
3356 3952 3564 4008 Biblia-

1993 4125 2244 4194 ligionem
2301 4127 2731 4184 Christianorum
2793 4128 3160 4198 intelligatur.
3216 4128 3378 4184 Certe
3432 4145 3560 4198 quae

1997 4207 2299 4268 sequuntur
2326 4201 2486 4250 verba
2519 4199 2568 4252 id
2594 4201 2806 4268 penitus
2835 4197 3400 4268 eviueunt.VSequitur
3419 4197 3562 4253 enim

1995 4264 2315 4348 ἀναγκάζων
2366 4269 2537 4348 εἰπεῖν
2575 4264 2643 4322 τὰ
2676 4269 2822 4348 ἄθεα.
2843 4269 2998 4348 περὶ
3015 4267 3190 4348 ημῶν.
3230 4264 3407 4348 ξομ-το
3449 4269 3565 4322 Itmc

1998 4335 2189 4408 i_n_n_l_ier
2228 4338 2280 4408 i_n
2329 4353 2431 4390 ms.
2480 4337 2616 4391 Maz.
2658 4353 2720 4392 ac
2776 4335 3178 4408 ΜυάμΒιϐλιάς
3220 4339 3433 4408 dicitur,
3456 4351 3563 4392 non

1996 4403 2198 4466 Βίϐλις.
2223 4405 2313 4458 Sic
2340 4408 2501 4458 etiam
2529 4419 2754 4461 vocatur
2785 4409 2836 4460 in
2866 4406 2994 4460 Fuk.
3024 4407 3251 4462 Rutilius
3283 4403 3564 4463 hauc'ctttn

1922 4486 1964 4539 ι)
1997 4473 2255 4544 Blandina
2284 4476 2495 4544 videtur
2520 4478 2851 4538 εοιιῐιιιίίεεο,
2881 4479 3027 4544 gravi
3057 4491 3264 4530 errOre.

2064 4542 2170 4618 (ιλ
2224 4543 2478 4618 ᾉντεῒπε
2523 4546 2648 4618 τοῖς
2696 4542 3105 4618 βλασρήμοις.
3175 4546 3345 4611 Editi,
3396 4548 3567 4618 βασα-

1993 4614 2218 4674 νισταῖς.
2256 4613 2439 4682 Longe
2494 4617 2685 4669 melior
2731 4627 2815 4669 est
2863 4613 3022 4667 lectio
3078 4630 3238 4681 quam
3299 4613 3474 4680 reperi
3513 4620 3564 4670 in

1993 4682 2363 4757 codice__Maz.
2411 4694 2465 4738 et
2489 4683 2650 4747 Med.,
2686 4684 2837 4757 ξυις.
2877 4694 2931 4737 et
2959 4683 3126 4757 Savil.
3166 4687 3278 4748 τοῖς
3322 4685 3560 4757 βλασφή-

1999 4768 2138 4822 μοις.
2188 4751 2279 4806 Sic
2311 4763 2572 4806 vocantur
2616 4771 2644 4806 a
2692 4753 3145 4823 Lugdunensibus
3191 4751 3441 4822 gentiles,
3470 4751 3560 4822 qui

1995 4822 2358 4890 Christianam
2395 4823 2706 4890 religionem
2749 4822 3222 4876 calumniabautnr
3255 4841 3268 4875 :
3309 4825 3392 4876 vel
3420 4836 3568 4878 certe

1998 4889 2155 4958 lapsi,
2190 4893 2278 4960 qui
2312 4906 2420 4959 pra:
2448 4889 2786 4946 cruciatuum
2829 4892 3082 4945 violentia
3117 4892 3455 4947 infanticidia
3513 4905 3568 4947 et

1998 4961 2240 5013 incestus
2267 4975 2296 5012 a
2326 4961 2653 5014 Christianis
2689 4962 2896 5014 admitti
2933 4961 3060 5013 fassi
3095 4971 3271 5014 erant.

2067 5029 2143 5096 (2)
2171 5030 2279 5083 Καὶ
2314 5031 2420 5096 τὰς
2459 5031 2528 5084 ἐν
2551 5029 2632 5094 τῷ
2658 5030 2820 5096 ξύλῳ
2858 5029 3158 5095 διατάσεις
3189 5028 3307 5084 τῶν
3347 5030 3565 5085 ποδῶν.

1999 5097 2291 5166 Superiore
2320 5099 2456 5153 libro
2494 5101 2581 5152 ubi
2620 5102 2684 5153 de
2713 5100 2908 5152 Justini
2943 5102 3203 5168 martyrio
3234 5102 3433 5156 dictum
3462 5114 3568 5161 est.

1998 5168 2408 5223 observavimus
2461 5168 2616 5235 ξύλον
2670 5185 2697 5221 a
2752 5168 2954 5222 Grtecis
2998 5170 3124 5230 dici,
3182 5186 3341 5237 quem
3394 5169 3567 5222 Latini

1999 5237 2271 5304 appellant
2316 5255 2547 5291 nervum.
2597 5239 2652 5290 Id
2705 5240 2864 5306 plane
2892 5238 3179 5291 conﬁrmat
3215 5240 3439 5292 Rulinus
3477 5242 3568 5306 qui

2000 5309 2144 5359 hunc
2190 5309 2360 5360 locum
2421 5309 2492 5360 ita
2540 5309 2934 5374 interpretatur
2972 5326 2984 5359 :
3017 5309 3091 5359 Ac
3123 5309 3358 5374 septimo,
3392 5320 3445 5359 ιιι
3491 5311 3572 5360 di-

1999 5387 2142 5439 cunt,
2179 5386 2369 5444 puncto
2401 5379 2454 5429 in
2485 5393 2638 5430 nervo
2677 5379 2850 5445 pedes,
2896 5385 3079 5428 contra
3109 5392 3265 5437 quam
3297 5378 3440 5428 credi
3487 5376 3571 5443 fas

1998 5457 2094 5507 εει,
2120 5447 2355 5507 distenti,
2383 5447 2437 5497 in
2464 5447 2646 5496 intimo
2678 5461 2949 5512 ρωιιιιιίιιιι
2975 5450 3088 5497 loco
3129 5447 3441 5511 deperirent.
3466 5447 3573 5498 llas

1997 5516 2268 5580 διατάσεις
2294 5514 2402 5567 τῶν
2437 5513 2611 5567 ποδῶν
2635 5518 2835 5581 Optime
2871 5515 3141 5581 expressit
3167 5513 3494 5570 Prudentius
3520 5517 3572 5568 in

2002 5589 2250 5640 versibus
2285 5600 2422 5654 quos
2461 5599 2621 5652 supra
2659 5583 2986 5639 citavimus:

2218 5699 2484 5767 Lignoque
2507 5695 2716 5762 plantas
2746 5695 2958 5759 inserit,

2214 5768 2532 5822 Divaricnlis
2571 5767 2832 5819 cruribus.
