4012 6256
360 363 459 418 4‘31

1363 449 1366 452 Α
1431 366 1781 422 HISTORIA!
1821 367 2382 426 ECCLESIASTIC/E
2423 369 2550 423 LlB.
2595 370 2660 425 ν.

3532 378 3637 431 422

363 479 622 550 σύλληψιν
662 479 882 552 ἔξαρνοι
923 483 1229 554 γενόμενοι,
1286 486 1653 539 συνεκλείοντο
1681 489 1773 540 καὶ
1804 489 1950 540 αὐτο)

2067 497 2368 552 nectutem,
2396 491 2598 559 partim
2628 490 2678 543 vi
2708 488 2878 544 morbi
2902 490 3120 558 penitus
3144 491 3412 546 exhausto
3452 506 3513 545 ac
3550 507 3636 545 St)-

363 573 462 626 καὶ
486 574 732 642 μετεῖχον
759 574 870 626 τῶν
903 575 1112 628 δεινῶν.
1144 577 1279 630 Ούδὲ
1311 579 1416 649 γὰρ
1444 581 1500 631 ὲν
1528 577 1606 650 τῷ
1635 579 1811 650 καιρῷ
1833 580 1958 633 τού-

364 682 448 734 τῳ
475 663 661 733 ὄφελός
681 681 734 717 τι
781 667 964 730 αὐτοῖς
1003 668 1344 739 ήὲξάρνησις
1384 671 1608 738 ἐγίνετο·
1639 671 1754 724 ἀλλ’
1783 673 1830 723 οἱ
1863 672 1958 740 μὲν

366 757 760 828 ὁμολογοῦντες
799 758 827 810 ὃ
865 760 959 812 καὶ
995 758 1154 832 ἦσαν,
1189 763 1558 816 συνεκλείοντο
1596 763 1672 826 ὡς
1697 765 1960 834 Χριστια-

370 853 473 914 νοὶ,
513 851 781 922 μηδεμιᾶς
815 853 980 922 ἄλλης
1011 856 1187 917 αἰτίας
1215 856 1397 918 αὐτοῖς
1427 856 1848 927 ἐπιφερομένης,
1871 849 1960 908 οὖ-

366 960 455 996 τοι
484 943 540 995 δὲ
585 942 770 996 λοιπὸν
811 945 886 1006 ὡς
920 945 1234 1016 ἀνδροφόνοι
1271 948 1364 1000 καὶ
1397 948 1584 1016 μιαροὶ
1617 948 1955 1016 κατείχοντο,

369 1033 689 1104 διπλότερον
720 1035 872 1106 παρὰ
893 1037 1022 1098 τοὺς
1037 1035 1256 1101 λοιποὺς
1283 1037 1651 1108 κολαζόμενοι.
1690 1038 1958 1102 Ἐκείνους

372 1125 473 1194 μὲν
507 1126 615 1194 γὰρ
654 1124 1067 1197 ὲπεκούφιζενὴ
1105 1129 1247 1199 χαρά
1300 1130 1398 1199 τῆς
1431 1130 1756 1201 μαρτυρίας,
1799 1131 1893 1184 καὶ
1923 1132 1956 1201 ἡ

370 1215 529 1279 ἐλπὶς
569 1216 676 1272 τῶν
722 1219 1166 1288 ἐπηγγελμένων,
1216 1222 1308 1274 καὶ
1349 1223 1380 1292 ἡ
1422 1222 1558 1292 πρὸς
1606 1223 1696 1276 τὺν
1725 1224 1957 1293 Χριστὸν

368 1307 584 1375 ἀγάπτῂ,
623 1309 717 1361 καὶ
752 1309 812 1360 τὸ
853 1311 1077 1380 Πνεῦμα
1103 1312 1164 1364 τὸ
1209 1313 1493 1380 πατρικόνο
1527 1313 1747 1376 τούτους
1788 1315 1846 1367 δὲ
1896 1315 1958 1368 τὸ

369 1399 612 1461 συνειδὸς
659 1401 910 1468 μεγάλως
945 1404 1285 1475 ἐτιμωρεῖτο,
1342 1403 1483 1458 ὥστε
1528 1406 1622 1457 καὶ
1657 1407 1807 1476 ποιρά
1845 1409 1957 1470 τοῖς

366 1490 578 1555 λοιποῖς
625 1493 793 1546 ἅπασι
842 1496 982 1548 κατά
1026 1495 1124 1570 τὰς
1175 1496 1463 1567 παρόδους,
1523 1499 1804 1570 διαδήλους
1857 1501 1957 1564 τὰς

365 1579 524 1649 ὄψεις
559 1583 738 1636 αὐτῶν
769 1580 928 1638 εἶναι.
958 1587 1021 1638 Ol
1066 1587 1164 1656 μὲν
1197 1587 1305 1658 γάρ
1353 1588 1526 1659 ἱλαροὶ
1554 1590 1827 1661 προῄεσαν
1859 1591 1954 1661 (6),

363 1672 531 1743 δόξης
563 1675 656 1726 καὶ
682 1676 902 1746 χάριτος
955 1678 1154 1748 πολλῆς
1183 1683 1305 1743 ταῖς
1325 1681 1510 1748 ὕψεσιν
1550 1682 1726 1735 αὐτῶν
1759 1700 1956 1750 συγκε-

366 1766 676 1836 κραμένης,
707 1766 846 1820 ὥστε
883 1768 976 1820 καὶ
997 1769 1064 1820 τὰ
1091 1769 1265 1840 δεσμά
1293 1772 1495 1842 κόσμον
1522 1774 1772 1844 εύπρεπῆ
1803 1791 1958 1846 περι-

367 1856 587 1909 κεῖσθαι
614 1857 819 1921 αὐτοῖς,
865 1858 941 1921 ὡς
973 1858 1156 1933 νύμφῃ
1193 1861 1580 1934 κεκοσμημένῃ
1615 1865 1671 1915 ὲν
1712 1882 1956 1936 κροσσω-

364 1951 481 2010 τοῖς
532 1952 755 2017 χρυσοῖς
811 1952 1386 2021 περιπεποικιλμένοις
1448 1953 1546 2022 (7),
1595 1954 1692 2025 τὴν
1726 1956 1953 2008 εὐωδίαν

365 2039 627 2102 ὀδωδότες
657 2040 772 2110 ἅμα
801 2043 902 2113 τὴν
933 2043 1170 2112 Χριστοῦ
1195 2043 1293 2113 (8),
1325 2043 1466 2096 ὥστε
1495 2046 1669 2109 ἐνίους
1689 2047 1836 2113 δόξαι
1861 2048 1955 2102 καὶ

369 2130 532 2200 μύρῳ
561 2132 811 2202 κοσμικῷ
838 2134 1122 2204 κεχρίσθαι
1157 2136 1372 2199 αὐτούς⁸
1399 2137 1451 2190 δι
1470 2137 1546 2200 δὲ,
1571 2142 1836 2207 κατηφεῖς
1863 2139 1955 2192 καὶ

365 2225 614 2276 ταπεινοὶ
643 2226 736 2277 καὶ
773 2225 1050 2288 δυσειδεῖς,
1079 2227 1173 2280 καὶ
1202 2228 1382 2296 πάσης
1408 2228 1794 2298 ἀσχημοσύνης
1827 2230 1950 2283 ἀνά-

370 2314 546 2378 πλεοι,
605 2316 828 2386 προσέτι
867 2317 923 2369 δὲ
965 2317 1069 2369 ὑπὸ
1099 2318 1207 2370 τῶν
1245 2318 1414 2371 ἐθνῶν
1441 2319 1819 2389 ὀνειδιζόμενοι
1880 2321 1955 2384 ὡς

366 2404 617 2471 ἀγεννεῖς
641 2406 736 2457 καὶ
756 2406 1029 2478 ἄνανδροι,
1061 2407 1400 2477 ἀνδροφόνων
1421 2409 1518 2478 μὲν
1540 2408 1706 2480 ἔγκλη
1716 2427 1790 2478 μα
1808 2409 1957 2479 ἔχον-

365 2509 480 2553 τες,
521 2493 927 2557 ἀπολωλεκότες
969 2494 1024 2548 δὲ
1055 2494 1151 2565 τὴν
1178 2497 1440 2565 πάντιμον
1474 2497 1565 2548 καὶ
1603 2497 1810 2563 ἔνδοξον
1860 2497 1954 2550 καὶ

367 2581 635 2658 ζωοποιδν
667 2585 1060 2655 προσηγορίαν.
1111 2585 1296 2639 Ταῦτα
1317 2586 1374 2638 δὲ
1401 2589 1450 2638 οἱ
1477 2586 1655 2640 λοιποὶ
1687 2587 1956 2657 θεωροῦν-

365 2688 480 2734 τες,
508 2673 931 2745 ἐστηρίχθησαν,
966 2676 1059 2727 καὶ
1099 2677 1148 2727 οἰ
1199 2675 1698 2746 συλλαμϐανόμενοι
1741 2677 1958 2730 estm-

365 2777 512 2824 κτως
551 2760 883 2832 ὡμολόγουν,
919 2765 1052 2833 μηδὲ
1072 2763 1278 2817 ἔννοιαν
1301 2765 1509 2835 ἔχοντες
1536 2765 1838 2820 διαϐολικοῦ
1872 2765 1956 2821 λο-

363 2850 591 2920 γισμοῦ.
624 2870 643 2902 ι
672 2853 894 2916 Τούτοις
925 2854 1128 2923 μεταξύ
1157 2873 1280 2910 τινα
1295 2858 1632 2920 ἐπειπόν-εες,
1661 2853 1816 2921 αὖθις
1838 2860 1956 2910 ἐπι-

365 2943 620 3012 φέρουσιο
663 2963 680 2994 ‹
723 2945 878 2997 Μετὰ
899 2939 1078 2998 ’ταῦτα
1106 2947 1172 3015 δὴ
1202 2947 1385 3000 λοιπὸν
1431 2951 1510 3010 εἰς
1544 2949 1652 3000 πᾶν
1678 2944 1815 3012 εἶδος
1841 2949 1956 3019 διῃ-

368 3040 519 3108 ρεῖτο
539 3036 606 3090 τὰ
647 3036 922 3108 μαρτύρια
944 3039 1044 3108 τῆς
1078 3040 1262 3106 ἐξόδου
1295 3041 1367 3111 (9)
1409 3040 1605 3094 αὐτῶν.
1657 3043 1751 3094 Ἐκ
1772 3041 1957 3109 διαφό-

368 3145 483 3199 ρων
505 3129 614 3199 γάρ
636 3129 940 3200 χρωμάτων
976 3133 1068 3184 καὶ
1099 3133 1366 3186 παντοίων
1395 3132 1569 3187 ἀνθῶν
1603 3135 1697 3187 ἕνα
1729 3133 1955 3197 πλέξαν-

359 3237 461 3283 τες
496 3222 779 3289 στέφανον,
816 3225 1194 3294 προσήνεγκαν
1239 3223 1317 3294 τῷ
1348 3225 1540 3295 Πατρί.
1596 3226 1791 3295 Ἐχρῆν
1823 3225 1951 3294 γοῦν

360 3313 496 3374 τοὺς
533 3313 810 3380 γενναίους
834 3313 1094 3385 ἀθλητὰς,
1126 3315 1368 3369 ποικίλον
1391 3316 1790 3385 ὑπομείναντας
1813 3317 1952 3383 ἀγῶ-

361 3418 438 3456 να
471 3402 567 3454 καὶ
620 3402 870 3472 μεγάλως
912 3406 1262 3473 νικήσαντας,
1319 3405 1612 3459 ἀπολαϐεῖν
1645 3407 1734 3458 τὸν
1777 3408 1948 3477 μέγαν

362 3494 468 3562 τῆς
493 3492 802 3564 ἀφθαρσίας
839 3495 1123 3564 στέφανον.
1155 3498 1214 3550 Ὀ
1245 3498 1343 3566 μὲν
1373 3493 1464 3550 οὖν
1497 3499 1780 3568 Μάτουρος
1803 3501 1896 3550 καὶ
1923 3501 1951 3551 ό

363 3584 610 3652 Σάγκτος
643 3586 736 3638 καὶ
757 3588 790 3656 ἡ
824 3585 1084 3640 Βλανδίνα
1105 3589 1199 3640 καὶ
1225 3588 1484 3651 ’Ἄτταλος
1516 3589 1711 3661 ἤγοντο
1737 3589 1828 3642 ἐπὶ
1881 3589 1950 3642 τὰ

363 3675 534 3745 θηρία
579 3676 660 3738 είς
701 3675 763 3728 τὸ
813 3676 1070 3746 δημόσιον
1115 3677 1246 3748 (10),
1297 3680 1488 3742 misi;
1513 3680 1574 3731 τὺ
1621 3680 1798 3732 κοινὸν
1840 3679 1948 3732 τῶν

362 3765 542 3820 ἐθνῶν
589 3767 689 3836 τῆς
735 3767 1129 3840 ἀπανθρωπίας
1179 3769 1376 3840 θέαμα,
1425 3771 1675 3841 ἐπίτηδες
1712 3771 1811 3840 τῆς
1842 3771 1952 3824 τῶν

363 3857 748 3928 θηριομαχιῶν
797 3858 1010 3929 ἡμέρας
1059 3859 1146 3913 διὰ
1205 3861 1331 3923 τοὺς
1384 3861 1685 3930 ἡμετέρους
1742 3860 1952 3930 διδομέ-

359 3963 466 4016 νης
498 3947 627 4017 (ll).
685 3949 794 4000 Καὶ
822 3949 850 3999 ὁ
880 3947 977 4016 μὲν
997 3949 1279 4020 Μάτουρος
1313 3950 1407 4002 καὶ
1444 3951 1472 4000 ὁ
1507 3951 1750 4018 Σάγκτος
1796 3945 1952 4012 αὖθις

441 4100 517 4171 (6)
550 4097 703 4171 Vulg.
739 4100 1114 4169 προσῄεσαν.
1161 4099 1218 4154 ln
1259 4102 1449 4156 codice
1490 4101 1626 4156 Maz.
1681 4111 1734 4156 et
1776 4101 1939 4168 Fuk.,

362 4169 542 4226 Savil.
571 4180 625 4222 et
650 4169 928 4242 Medicam,
962 4173 1157 4242 legitur
1185 4171 1481 4242 προῄεσαν,
1511 4189 1670 4239 quam
1689 4174 1942 4242 scriptu-

363 4256 512 4310 ram,
539 4247 761 4310 secutus
804 4241 1018 4310 videtur
1042 4240 1620 4310 Christophorsonus.
1686 4241 1798 4295 lloc
1822 4240 1830 4241 ί
1857 4251 1940 4296 est

365 4309 516 4379 quod
561 4320 684 4362 ante
715 4309 880 4380 dixit,
925 4309 1066 4363 κατά
1105 4309 1203 4373 τὰς
1240 4309 1526 4380 παρόδους,
1565 4313 1690 4364 dum
1728 4311 1937 4365 scilicet

363 4398 402 4435 θ
435 4394 659 4449 carcere
687 4379 987 4446 procedunt
1022 4395 1196 4449 usque
1223 4381 1289 4431 ad
1322 4379 1581 4432 tribunal.

443 4448 521 4518 (7)
567 4449 669 4500 Ἐν
707 4449 1072 4515 κροσσωτοῖς
1111 4448 1376 4518 χρυσοῖς
1425 4451 1940 4519 περιπεποικιλμέ-

363 4536 522 4582 νοις.
559 4519 762 4570 ΛΗιιιΙίι
791 4521 856 4569 ad
897 4519 1072 4572 locum
1119 4522 1208 4587 qui
1243 4525 1400 4572 estin
1456 4523 1660 4585 psalmo
1715 4537 1836 4574 λων
1889 4532 1942 4574 et

368 4588 534 4660 paulo
563 4587 717 4660 aliter
741 4588 898 4640 hodie
927 4589 1139 4654 legitur,
1171 4588 1693 4660 περιπεποικιλμένη
1712 4591 1938 4655 scilicet,

367 4656 685 4728 scdmelius
709 4666 790 4728 est
823 4656 1408 4728 περιπεποικιλμένοις.
1465 4656 1578 4712 Mos
1631 4656 1772 4713 enim
1803 4671 1938 4726 erat,

374 4727 684 4796 tunicarum
734 4725 973 4796 fimbrias
1022 4725 1322 4796 vat-iegare,
1375 4739 1430 4780 ut
1489 4739 1718 4782 testatur
1756 4725 1938 4782 Amm.

375 4794 720 4847 Marcellinus
752 4795 800 4847 in
838 4796 930 4847 lib.
963 4812 1071 4858 xw,
1103 4811 1155 4849 ut
1177 4794 1459 4865 Vangiones
1489 4799 1709 4863 ﬁmbria:
1751 4801 1943 4851 tunica:

371 4867 644 4935 perspicue
691 4868 934 4935 luceant,
996 4870 1246 4919 varietate
1296 4869 1536 4919 liciorum
1591 4869 1827 4935 efﬁgiata:
1888 4873 1941 4920 tu

371 4934 569 5005 species
620 4934 1347 5005 auinialium_multiformes.
1430 4937 1587 4989 Certe
1621 4934 1695 4988 Win
1753 4938 1941 4990 codice

570 5014 622 5055 et
671 5001 803 5053 Μία.
857 5001 1626 5076 εει-ί1›ἱιιιι·’πεποικιλμένοις,
1661 5022 1758 5059 nec
1789 5007 1944 5059 aliter

425 5091 453 5124 υ
479 5087 513 5123 ’.

425 5087 513 5124 υκ.

448 5142 524 5208 (8)
554 5139 826 5213 Εὺωδίαν
851 5140 1202 5209 ὀδωδότες...
1232 5143 1338 5197 τοῦ
1355 5144 1630 5213 Χριστοῦ.
1651 5144 1853 5198 Allndit
1877 5145 1943 5198 ad

377 5213 537 5266 verba
571 5211 718 5261 Pauli
755 5213 1003 5276 apostoli,
1044 5214 1239 5265 Christi
1277 5211 1440 5266 (tomis
1471 5219 1602 5267 odor
1634 5232 1832 5269 minus.

447 5280 522 5350 (9)
555 5279 630 5332 Τὰ
663 5281 954 5356 μαρτύρια
1000 5283 1108 5356 τῆς
1139 5283 1378 5356 ἐξόδου.
1413 5283 1586 5336 Verba
1637 5286 1725 5336 hic
1757 5285 1944 5356 viden-

375 5361 459 5422 tur
511 5366 636 5422 esse
691 5354 1037 5422 transposita,
1072 5354 1218 5422 ‘qu:e
1277 5355 1356 5405 sic
1406 5366 1683 5413 construe,
1727 5355 1805 5416 είς
1837 5354 1942 5405 πᾶν

368 5417 506 5484 εἶδος
544 5415 900 5494 δι-ῃρεῖτο-τῇς
926 5415 1502 5494 ἐξόδουπάἑμαρτύρια
1533 5423 1729 5474 αὐτῶν.

437 5494 554 5561 (10)
583 5491 688 5552 Εἰς
735 5486 804 5561 τό
833 5486 1143 5556 δημόσιον.
1185 5486 1322 5545 ΙΙὺ‹;’
1348 5486 1563 5545 nomine
1601 5492 1943 5559 amphithea-

368 5558 508 5616 trum
545 5562 764 5610 videtur
792 5558 1040 5628 intelligi.
1075 5561 1259 5630 Neque
1282 5564 1424 5615 enim
1459 5562 1645 5615 referri
1677 5558 1851 5630 potest
1875 5562 1942 5615 ad

360 5634 784 5702 Oéapa,_priiiio
810 5636 931 5693 quia
961 5633 1224 5699 repetitur
1250 5633 1559 5699 prtepositio
1585 5633 1663 5693 εἰς
1688 5631 1748 5683 τὸ
1771 5631 1943 5702 δημό-

357 5695 475 5758 σιον
500 5695 608 5769 καὶ(
627 5697 712 5758 εἰς
736 5695 809 5769 τὲ
827 5695 1152 5769 xputem—etc.
1180 5695 1426 5754 Ita—enim
1457 5701 1651 5769 legitur
1676 5703 1727 5754 in
1755 5695 1942 5756 codice

352 5775 523 5838 Morb,
562 5768 736 5831 Μυκη
771 5764 904 5823 Fuk.
945 5779 997 5823 et
1032 5771 1198 5826 Savil.
1229 5771 1382 5836 Quod
1410 5771 1454 5827 si
1485 5764 1743 5842 δῆμόσιον
1769 5770 1940 5828 reler-

2062 581 2487 634 luto:animam
2543 595 2670 636 vero
2722 582 2901 636 adhuc
2955 582 3217 645 retinens,
3271 592 3330 636 ut
3382 598 3477 650 per
3514 597 3631 636 eam

2059 673 2311 727 Christus
2358 672 2744 739 triumpharet.
2800 671 3053 726 Pet-latus
3110 673 3276 742 igitur
3305 689 3334 726 a
3375 672 3636 726 militibus

2060 764 2126 816 ad
2187 765 2446 829 tribunal,
2496 766 2953 832 prosequentibus
2990 766 3160 832 ipsum
3219 767 3635 834 magistratibus

2061 854 2321 918 civitatis,
2357 864 2411 908 et
2443 855 2697 909 universa
2747 855 2899 922 plebe
2935 860 3100 909 Variis
3131 871 3254 910 eum
3287 839 3636 911 acclamatio—

2062 942 2222 996 nibus
2289 943 2585 1012 impetente
2669 953 2920 1011 tanquam
3005 944 3118 1012 ipse
3158 945 3408 1000 Christus
3461 957 3635 1012 esset,

2059 1035 2340 1102 egregium
2391 1034 2563 1088 edidit
2613 1035 3006 1086 testimonium.
3047 1034 3416 1102 Interrogatus
3449 1053 3634 1092 veroa

2060 1125 2288 1191 praeside
2340 1126 2590 1194 quisnam
2642 1135 2784 1178 esset
2841 1126 3286 1181 Christianorum
3343 1130 3506 1194 Deus,
3557 1146 3637 1184 re-

2058 1217 2318 1285 spondit:
2345 1235 2363 1268 ‹
2399 1218 2455 1270 Si
2484 1217 2676 1281 dignus
2709 1217 2866 1286 160
2887 1215 3077 1282 fueris,
3099 1234 3422 1287 cognosces.
3458 1240 3476 1270 ι
3507 1220 3635 1274 Post

2062 1307 2177 1364 hinc
2233 1307 2440 1375 absque
2491 1307 2600 1361 ullo
2653 1308 3013 1362 humanitatis
3068 1320 3317 1378 respectu
3364 1321 3630 1380 raptatus,

2059 1409 2220 1470 atque
2257 1401 2556 1452 innumeris
2591 1399 2764 1467 plagis
2798 1398 3025 1454 allectus
3058 1411 3157 1468 cst,
3189 1419 3310 1456 cum
3344 1404 3377 1456 ii
3414 1403 3631 1472 quidem

2057 1490 2149 1557 qui
2193 1487 2416 1556 prepius
2467 1489 2739 1553 astabant,
2793 1490 3040 1544 calcibus
3093 1501 3147 1544 et
3219 1492 3410 1558 pugnis
3482 1491 3630 1544 illum

2059 1579 2450 1633 contumeliose
2478 1587 2820 1646 appeterent,
2849 1594 2946 1633 nec
2966 1580 3128 1632 ullam
3157 1581 3272 1647 ejus
3294 1581 3440 1635 aetati
3475 1597 3624 1636 reve-

2059 1671 2295 1725 rentiam
2352 1670 2712 1735 exhiberem;
2752 1672 2841 1739 qui
2890 1686 3020 1724 vero
3074 1673 3286 1741 longius
3334 1675 3632 1740 distabant,

2059 1762 2317 1830 quidquid
2367 1762 2435 1815 ad
2495 1778 2712 1815 manum
2763 1773 2903 1826 erat,
2935 1763 2988 1816 in
3037 1763 3212 1830 ipsum
3260 1765 3630 1834 conjicerent:

1988 1837 2027 1890 Β
2057 1869 2247 1908 omnes
2274 1855 2506 1923 denique
2533 1855 2841 1923 gravissimi
2881 1857 3062 1910 delicti
3099 1872 3158 1911 ac
3194 1857 3386 1924 piaculi
3424 1874 3544 1911 reos
3573 1873 3634 1911 se

2057 1945 2452 2007 existimarent,
2490 1945 2596 1998 nisi
2645 1961 2743 2012 pro
2779 1962 2875 1999 sua
2925 1949 3155 2016 quisque
3191 1957 3344 2015 parte
3383 1947 3431 2000 ci
3482 1957 3636 2014 petit-

2058 2033 2238 2087 lanter
2271 2034 2537 2088 insultare
2578 2037 2940 2091 Studuissent.
2987 2037 3193 2106 Quippe
3229 2038 3330 2090 hoc
3366 2038 3523 2091 modo
3553 2037 3628 2090 iu-

2052 2123 2257 2193 juriam
2295 2125 2518 2178 deorum
2563 2140 2787 2179 suorum
2833 2127 3040 2181 ulturos
3092 2143 3152 2182 se
3198 2128 3629 2182 arbitrabantur.

2057 2215 2264 2270 Exinde
2298 2216 2386 2268 vix
2435 2217 2613 2271 adhuc
2661 2220 2878 2282 spirans
2921 2220 2974 2273 in
3030 2235 3307 2272 carcerem
3357 2220 3634 2289 projectus

2058 2317 2163 2368 est,
2214 2305 2547 2374 tandemque
2596 2317 2718 2374 post
2764 2307 2986 2360 biduum
3037 2311 3277 2362 animam
3331 2310 3626 2364 exhalavit.
3695 2327 3700 2330 '

2056 2398 2155 2453 Hic
2185 2413 2314 2453 vero
2337 2401 2633 2469 singularis
2659 2403 2902 2469 quaedam
2937 2404 3029 2456 Dei
3064 2403 3419 2472 dispensatio,
3446 2413 3500 2458 et
3529 2404 3629 2457 iiii-

2057 2506 2244 2546 mcnsa
2300 2490 2426 2546 Jesu
2484 2493 2690 2548 Christi
2746 2494 3117 2549 misericordia
3171 2497 3463 2564 apparuit:
3501 2511 3631 2551 raro

2055 2583 2271 2651 quidem
2327 2585 2471 2639 inter
2514 2585 2710 2639 fratres
2768 2587 3041 2653 exemplo,
3073 2589 3166 2640 sed
3221 2603 3252 2640 a
3305 2589 3631 2643 dexteritate

2057 2677 2379 2744 ingenioque
2423 2674 2552 2730 Jesu
2589 2677 2787 2732 Christi
2825 2678 3048 2732 minime
3079 2679 3279 2734 alieno.
3313 2678 3515 2734 Omnes
3553 2681 3631 2734 si-

2057 2760 2275 2834 quidem
2308 2767 2398 2835 qui
2441 2783 2468 2821 a
2521 2769 2695 2838 prima
2727 2771 2908 2824 statim
2940 2771 3433 2839 comprehensione
3469 2772 3630 2826 [idem

2056 2872 2406 2932 negaverant,
2472 2864 2574 2930 ipsi
2639 2880 2858 2933 quoque
2921 2865 2972 2918 in
3029 2880 3306 2920 carcerem
3371 2867 3632 2935 conjecti,

2056 2953 2243 3007 eadem
2294 2967 2413 3021 quae
2473 2953 2657 3007 caeteri
2707 2965 2972 3024 martyres
3025 2956 3391 3024 perferebant.
3441 2956 3630 3025 Neque

2057 3044 2201 3097 enim
2239 3042 2346 3096 illis
2374 3044 2669 3113 quidquam
2705 3054 2834 3099 tunc
2866 3046 3065 3114 profuit
3093 3045 3217 3100 lidei
3250 3063 3361 3101 suae
3389 3048 3629 3119 negatio.

1979 3175 2022 3230 ε
2059 3135 2257 3191 Verum
2293 3136 2365 3190 iiii
2400 3139 2618 3204 quidem
2667 3140 2756 3206 qui
2793 3153 2916 3193 sese
2947 3139 2995 3191 id
3032 3139 3176 3206 quod
3225 3153 3414 3193 revera
3446 3148 3628 3200 erant.

2059 3241 2180 3282 esse
2225 3227 2643 3296 proﬁtebantur,
2700 3239 2959 3295 tanquam
3013 3227 3310 3282 Christiani
3377 3229 3632 3296 conjicie-

2059 3317 2258 3370 bantur
2289 3316 2342 3368 in
2368 3316 2606 3377 vincula,
2643 3315 2788 3368 nullo
2819 3315 2927 3368 alio
2950 3314 3184 3368 crimine
3219 3315 3351 3381 ipsis
3387 3315 3627 3380 objecta.

2061 3405 2122 3459 lli
2159 3420 2286 3460 vero
2319 3406 2547 3474 perinde
2595 3420 2659 3459 ac
2702 3405 2984 3459 homicidae
3011 3415 3066 3458 et
3100 3404 3349 3459 scelerati
3381 3405 3630 3460 homines

2058 3496 2318 3564 deinceps
2345 3495 2756 3557 detinebantur,
2792 3493 2954 3561 duplo
2985 3494 3203 3564 gravius
3237 3507 3399 3560 quam
3432 3492 3626 3561 reliqui

2058 3587 2382 3656 supplicium
2414 3585 2774 3656 perferentes.
2806 3585 2930 3638 Illos
2964 3585 3107 3638 enim
3137 3585 3392 3653 gaudium
3422 3594 3627 3654 marty‘

2058 3679 2144 3742 rii,
2176 3691 2410 3746 spesque
2430 3676 2707 3744 promissa:
2751 3673 3126 3738 beatitudinis,
3152 3685 3206 3727 et
3231 3674 3470 3730 charitas
3498 3688 3627 3742 erga

2056 3766 2354 3833 Christum,
2389 3777 2444 3820 et
2501 3766 2592 3820 Dei
2638 3766 2818 3821 Patris
2861 3766 3100 3834 Spiritus
3157 3766 3460 3819 recreabat.
3515 3765 3628 3822 llos

2057 3873 2184 3912 vero
2229 3857 2470 3925 graviter
2520 3857 2808 3923 torquebat
2857 3854 3238 3908 conscientia:
3271 3854 3343 3907 ita
3393 3863 3454 3907 ut
3495 3856 3625 3911 dum

2057 3949 2502 4010 traducerentur,
2535 3948 2654 4017 ipso
2680 3946 2826 4000 vultu
2858 3957 3020 4014 atque
3056 3955 3277 4015 aspectu
3315 3945 3477 4000 facile
3510 3947 3623 4004 dis-

2051 4112 2199 4156 retur
2227 4101 2291 4156 ad
2326 4117 2512 4155 vocem
2538 4101 2738 4170 θέαμα,
2767 4101 3029 4154 dixissent
3055 4101 3133 4162 είς
3159 4100 3219 4152 τὸ
3247 4099 3503 4170 δημόσιον
3530 4105 3624 4158 καὶ

2050 4172 2246 4233 κοινόν,
2285 4182 2388 4225 etc.
2428 4170 2596 4225 Porro
2625 4174 2899 4240 eleganter
2926 4171 3379 4238 amphitheatrale
3405 4187 3620 4234 munus,

2049 4242 2101 4294 in
2133 4243 2236 4295 hac
2267 4241 2496 4307 epistola
2541 4239 2767 4293 vocatur
2811 4239 3086 4308 publicum
3142 4240 3424 4309 gentiliqu
3468 4242 3622 4293 inhu-

2050 4310 2325 4364 manitatis
2352 4309 2739 4375 spectaculum.
2769 4310 2823 4363 lti
2853 4325 2917 4364 eo
2952 4309 3216 4376 siquidem
3251 4309 3367 4362 loco
3392 4311 3626 4378 gentiles

2049 4396 2202 4433 suam
2243 4389 2351 4432 tum
2390 4381 2440 4431 in
2495 4378 2859 4442 Christianos,
2893 4390 3006 4431 tum
3052 4379 3104 4431 in
3154 4378 3393 4446 reliquos
3424 4380 3622 4433 bestia-

2050 4453 2177 4509 rios,
2216 4448 2503 4502 bclluinam
2531 4448 2795 4502 swvitiam
2827 4449 3042 4516 publice
3075 4449 3430 4517 spectandam
3461 4449 3622 4502 exhi-

2047 4520 2266 4573 behant.
2951 4518 2964 4526 ’

2121 4588 2167 4656 (l
2186 4592 2230 4649 l)
2258 4587 2379 4639 Τῶν
2395 4585 2790 4655 θηριομαχιῶν
2803 4585 3067 4654 ἡμέρας..
3079 4585 3435 4656 διδομένης.
3451 4585 3621 4656 Hujus

2050 4655 2151 4709 loci
2181 4673 2400 4710 sensum
2442 4675 2544 4710 non
2589 4659 2818 4710 assecuti
2860 4667 2983 4710 sunt
3016 4660 3358 4722 interpretes.
3414 4655 3619 4710 Sensus

2049 4739 2231 4779 autem
2257 4737 2361 4790 est,
2382 4727 2661 4793 przesidem
2688 4743 2782 4778 seu
2823 4727 3057 4794 legatum
3085 4726 3378 4791 provincia:
3403 4725 3618 4793 Lugdu-

2051 4799 2258 4856 nensis,
2290 4797 2654 4862 spectaculum
2688 4796 2922 4848 ferarum
2953 4807 3103 4847 extra
3146 4795 3390 4846 ordinem
3421 4797 3617 4862 populo

2050 4865 2363 4934 praebuisse,
2396 4866 2686 4917 constituta
2722 4867 2785 4916 ad
2817 4865 2867 4916 id
2893 4864 2998 4923 die,
3030 4874 3247 4932 propter
3277 4864 3615 4918 Christianos

2049 4949 2186 5001 quos
2215 4936 2279 4988 ad
2309 4935 2509 4988 bestias
2557 4938 2925 4986 damnaverat.
2961 4935 3125 4985 Erant
3159 4934 3298 4987 enim
3333 4935 3472 4999 apud
3508 4935 3617 4986 lto-

2051 5020 2241 5057 manus
2269 5005 2526 5056 ordinarii
2558 5021 2620 5057 ac
2647 5004 2917 5057 solemnes
2953 5018 3232 5054 munerum
3267 5003 3400 5063 dies,
3440 5003 3530 5070 qui
3560 5004 3610 5054 in

2051 5089 2290 5126 mensem
2322 5076 2668 5127 Decembrem
2705 5073 3038 5135 incidebant,
3081 5083 3137 5124 ut
3167 5083 3249 5123 est
3281 5071 3330 5122 iu
3363 5072 3618 5123 calenda-

2051 5143 2132 5194 rio
2157 5141 2482 5196 Heruvartii.
2518 5144 2677 5193 Extra
2705 5143 2801 5195 hos
2852 5143 2968 5195 dies
3003 5160 3105 5195 non
3137 5141 3330 5193 licebat
3365 5157 3620 5192 munera-

2053 5212 2149 5265 riis
2177 5228 2240 5264 ac
2270 5213 2570 5265 duumviris
2595 5213 2791 5279 quibus
2821 5211 3122 5278 hujustttodi
3153 5212 3448 5263 editionum
3477 5225 3615 5262 onus

2050 5291 2168 5334 erat
2217 5283 2548 5348 impositum,
2608 5281 2912 5349 spectacula
2943 5280 3181 5332 ferarum
3231 5279 3425 5347 popqu
3455 5280 3613 5331 exhi-

2050 5350 2197 5414 bere,
2253 5363 2310 5403 ut
2368 5351 2521 5403 docet
2570 5351 2795 5415 cpistola
2854 5350 3108 5403 Ecclesia:
3170 5350 3512 5418 Smyrnensis
3547 5350 3616 5418 de

2051 5419 2649 5490 martyrioPolyCarpi,
2699 5436 2818 5490 qua:
2867 5421 3124 5490 superius
3145 5417 3324 5490 relatu
3357 5424 3440 5490 est
3469 5417 3520 5468 in
3550 5417 3614 5490 lig

2051 5491 2151 5543 bro
2181 5486 2254 5544 i'v.
2293 5486 2487 5542 Verum
2531 5486 2762 5552 majores
2791 5489 3004 5556 judices
3038 5489 3128 5555 qui
3159 5487 3247 5554 jus
3277 5486 3444 5556 gladii
3468 5497 3521 5556 et
3546 5486 3614 5537 ad

2051 5560 2252 5612 bestias
2291 5559 2576 5610 damnandi
2611 5554 2899 5622 habebant,
2957 5554 3259 5624 hujusuiodi
3319 5554 3614 5607 meridiana

2051 5629 2382 5696 spectacula,
2427 5627 2639 5694 quoties
2675 5627 2803 5693 ipsis
2836 5627 3047 5680 libitum
3088 5625 3614 5696 erat,rexhiliebaut,

2051 5693 2109 5751 ut
2145 5714 2266 5751 cum
2299 5693 2476 5767 populi
2519 5697 2789 5764 voluptate
2835 5697 3022 5750 noxios
3060 5711 3091 5749 e
3138 5695 3312 5767 medio
3341 5693 3614 5747 tollerent.

2051 5767 2214 5838 Cujus
2245 5765 2322 5822 rei
2366 5765 2669 5835 exemplum
2701 5767 2906 5822 illustre
2936 5778 3016 5821 est
3051 5767 3102 5820 in
3147 5765 3290 5818 Artis
3319 5773 3612 5833 martyrum
