4012 6256
446 368 555 427 825

1156 352 1425 418 ΕυεΕΒιι
1462 360 1942 418 CIESARIENSIS
1977 360 2129 417 OPP.
2170 357 2350 417 PARS
2388 358 2429 417 ὶ.
2468 391 2539 406 --
2574 354 2971 419 HISTORICA.

3612 366 3727 419 εει

446 490 806 540 cernerentur
836 495 865 534 a
894 479 1127 534 czeteris.
1158 478 1368 548 Quippe
1417 477 1494 532 illi
1520 524 1526 528 .
1548 477 1767 548 quidem
1824 478 2025 533 hilares

2129 477 2346 549 διῄεσαν
2380 480 2438 532 ὲν
2458 477 2537 549 τῷ
2573 478 2934 551 ἀμφιθεάτρῳ
2960 476 3047 531 διὰ
3090 476 3272 547 πάσης
3306 476 3602 543 κολάσεως,
3640 480 3728 543 ὡς

449 577 806 637 accedebam,
852 572 1194 641 majestatem
1225 571 1513 640 quamdam
1546 571 1819 625 venustati
1861 571 2021 626 inter-

448 667 667 722 mistam
699 662 940 717 vultibus
974 660 1363 731 praeferentes;
1396 659 1534 714 adeo
1559 669 1617 713 ut
1648 659 1859 713 vincula
1884 674 2023 729 prte-

446 761 667 829 cipuum
712 756 845 825 ipsis
870 766 1126 808 ornatum
1166 751 1442 806 addidisse
1479 751 1820 817 viderentur,
1851 752 2026 806 instar

448 861 664 917 sponsa:
717 844 946 899 liinbriis
991 843 1173 897 aureis
1193 843 1489 911 variegatis
1535 854 1743 897 ornatae
1771 859 1785 895 :
1813 843 1880 897 ad
1911 845 2024 898 haec

447 952 670 992 suavem
722 935 924 990 Christi
978 935 1203 989 odorem
1245 933 1539 1003 spirantes,
1569 935 1644 988 ita
1674 943 1735 987 ut
1786 933 2021 988 nonnulli

449 1040 668 1083 terreno
715 1043 809 1082 eos
853 1037 1132 1093 unguento
1183 1025 1455 1081 delibatos
1496 1034 1769 1095 putarent.
1803 1024 1865 1079 lii
1896 1040 2024 1080 vero

446 1116 689 1174 demisso
710 1117 883 1183 vultu,
920 1114 1116 1183 abjecti
1148 1124 1204 1169 et
1236 1116 1465 1185 squalidi
1509 1130 1572 1169 ac
1600 1114 1824 1178 sordidi,
1851 1116 2025 1169 omni-

446 1224 553 1280 que
601 1208 966 1263 deformitatis
1015 1221 1215 1278 genere
1278 1207 1566 1274 cooperti:
1599 1207 1673 1259 ab
1726 1206 1856 1275 ipsis
1894 1206 2023 1275 quin

444 1300 611 1355 etiam
642 1298 937 1368 gentilibus
986 1297 1189 1367 probro
1222 1295 1400 1350 aﬂ'ecti
1428 1305 1614 1365 utpote
1645 1294 1823 1364 ignavi
1864 1304 2026 1364 atque

446 1390 713 1455 imbelles,
736 1389 829 1459 qui
859 1388 1253 1441 homicidarum
1283 1388 1499 1457 quidem
1530 1388 1634 1443 sibi
1668 1388 1795 1456 ipsis
1817 1388 2023 1441 crimen

445 1481 855 1550 imposuissent,
888 1478 1328 1533 Christianorum
1356 1489 1538 1532 autem
1573 1476 1941 1533 venerandum
1971 1485 2025 1529 et

445 1573 739 1644 gloriosum
781 1588 845 1624 ac
874 1571 1113 1625 salutare
1146 1583 1342 1623 nomen
1375 1568 1704 1623 amisissent.
1742 1568 1872 1635 Qua:
1903 1582 2023 1622 cum

445 1667 631 1719 caeteri
672 1664 958 1726 viderent,
1025 1677 1353 1731 magnopere
1410 1660 1898 1716 conﬁrmabantur.
1960 1659 2027 1712 Et

444 1760 489 1815 si
529 1773 690 1828 quem
730 1768 913 1825 postea
954 1754 1346 1822 comprehendi
1403 1754 1730 1822 contigerat,
1769 1752 1814 1807 is
1840 1752 2024 1807 statim

446 1850 658 1917 absque
690 1848 794 1901 ulla
818 1848 1172 1901 cunctatione
1191 1846 1578 1913 contitehatur,
1605 1861 1673 1900 ne
1696 1841 2024 1912 cegitatione
2055 1823 2096 1876 Β

446 1940 664 2008 quidem
722 1945 882 1991 tenus
931 1936 1218 1991 consilium
1285 1937 1437 2007 161
1496 1952 1561 1991 ac
1622 1935 2022 2006 suggestionem

446 2029 712 2083 dasmonis
775 2029 1092 2082 admittens.
1131 2046 1150 2079 ι
1195 2028 1391 2083 Paucis
1437 2028 1637 2083 deinde
1696 2027 2021 2095 interjectis,

446 2118 643 2173 iterum
689 2118 806 2171 hare
861 2118 1195 2186 subjiciunt:
1227 2138 1246 2170 ι
1284 2120 1379 2173 llis
1409 2120 1479 2172 ita
1516 2122 1704 2189 gestis,
1748 2120 2020 2192 inquiunt,

443 2208 705 2277 deinceps
735 2208 972 2276 ipsorum
1011 2206 1273 2278 martyria
1308 2210 1360 2263 in
1390 2210 1568 2265 varias
1602 2213 1792 2267 mortis
1815 2216 2026 2283 species

446 2297 619 2351 divisa
661 2307 811 2351 sunt.
849 2298 924 2351 Ex
960 2300 1108 2353 omni
1139 2301 1343 2370 quippe
1385 2299 1579 2355 ﬂorum
1622 2316 1821 2370 genere
1848 2305 2026 2359 diverr

446 2394 632 2462 sisque
663 2392 943 2447 coloribus
1002 2393 1218 2447 unicam
1253 2403 1501 2449 texentes
1531 2411 1787 2450 coronam
1820 2398 2025 2453 beatis-
2080 2396 2087 2399 ’

445 2485 569 2539 simi
599 2493 887 2556 martyres,
919 2485 1030 2540 Deo
1056 2483 1203 2540 Patri
1239 2486 1579 2541 obtulerunt.
1612 2486 1851 2557 Equum
1896 2504 2027 2544 sane

443 2584 649 2630 eratut
682 2575 969 2631 fortissimi
1010 2574 1251 2642 athleta,
1287 2577 1382 2645 qui
1425 2578 1704 2647 multiplex
1748 2590 2025 2635 certamen

447 2668 759 2735 subierant,
811 2677 977 2735 atque
1040 2668 1312 2737 insignem
1362 2671 1650 2724 victoriam
1702 2671 2024 2735 retulerant,

448 2761 719 2827 insignem
756 2758 1190 2813 immortalitatis
1225 2775 1487 2814 coronam
1534 2761 1868 2830 acciperent.
1913 2762 2029 2816 Ma-

449 2860 604 2905 turus
650 2852 813 2920 igitur
859 2862 916 2905 et
962 2850 1197 2907 Sanctus
1254 2868 1376 2907 cum
1429 2851 1692 2907 Blandina
1743 2863 1799 2909 et
1845 2856 2027 2909 Attalo

446 2942 594 2996 ducti
634 2952 760 2996 sunt
790 2944 857 2997 ad
898 2945 1101 2999 bestias
1131 2944 1184 2997 in
1231 2944 1720 3011 amphitheatrum,
1757 2946 1824 2999 ad
1852 2944 2026 3015 publi-

444 3050 572 3090 cum
600 3033 970 3101 spectaculum
1007 3033 1425 3088 inbumanitatis
1448 3034 1732 3104 gentilium
1760 3052 1778 3093 :
1802 3037 2024 3106 praebito

2127 570 2295 639 μηδὲν
2323 570 2459 633 ὅλως
2494 571 2954 642 προπεπονθότες,
2992 569 3191 641 μᾶλλον
3212 569 3271 622 δὲ
3305 568 3382 633 ὼς
3407 569 3498 623 διὰ
3530 570 3730 625 πλειό-

2124 678 2229 715 νων
2245 662 2343 733 ’ήδη
2370 663 2588 735 κλήρων
2616 663 2729 734 (12)
2751 662 3140 727 ἐκϐεϐιακότες
3162 663 3253 717 τὸν
3283 663 3598 729 ἀντίπαλον,
3623 667 3731 719 καὶ

2125 753 2375 823 περὶτοῦ
2409 756 2672 823 στεφάνου
2727 755 2890 808 αυτοῦ
2937 755 3030 808 τὸν
3066 754 3254 823 ἀγῶνα
3311 755 3547 825 ἔχοντες,
3607 759 3727 809 ὑπ-

2124 848 2319 919 έφερον
2346 847 2507 900 πάλιν
2546 847 2648 910 τὰς
2680 846 2946 911 διεξόδους
2991 847 3099 901 τῶν
3136 847 3413 918 μαστίγων
3450 847 3564 919 (15)
3615 851 3727 909 τὰς

2123 936 2304 989 ἐκεῖσε
2348 934 2684 1005 εἰθισμένας,
2726 937 2820 989 καὶ
2865 936 2994 999 τοὺς
3035 936 3146 990 ἀπὸ
3176 936 3285 991 τῶν
3321 935 3525 1007 θηρίων
3561 938 3731 1011 ἑλκη-

2125 1027 2316 1097 θμοὺς,
2338 1026 2432 1079 καὶ
2463 1026 2621 1080 πάνθ’
2644 1029 2744 1080 ὅσα
2775 1027 3098 1099 μαινόμενος
3122 1029 3151 1081 ό
3177 1028 3347 1100 δῆμος
3377 1031 3525 1084 ἄλλοι
3546 1031 3730 1085 ἀλλα-

2124 1118 2280 1189 χόθεν
2333 1118 2573 1171 ἐπεϐόων
2598 1121 2694 1172 καὶ
2739 1119 3147 1184 ἐπεκελεύοντο,
3185 1122 3281 1175 καὶ
3310 1123 3403 1176 ἐπὶ
3438 1119 3578 1176 πᾶσι
3612 1123 3732 1194 τὴν

2126 1210 2351 1281 σιδηρᾶν
2403 1209 2691 1282 καθέδραν,
2753 1213 2839 1281 ἐφ’
2886 1207 2954 1283 ἧς
3008 1212 3412 1285 τηγανιζόμενα
3468 1214 3571 1269 τάν
3606 1212 3727 1268 σώ-

2129 1323 2294 1375 ματα,
2354 1304 2582 1375 κνίσσης
2621 1305 2818 1368 αὐτοὺς
2859 1304 3125 1375 ἐνεφόρει.
3173 1306 3236 1359 Οἱ
3287 1304 3332 1358 δ’
3377 1298 3499 1359 οὐδ”
3542 1303 3723 1368 οὕτως

2125 1396 2339 1466 ἔληγον,
2393 1396 2508 1449 ἀλλ’
2571 1395 2652 1448 ἔτι
2699 1396 2795 1449 καὶ
2866 1395 3065 1466 μᾶλλον
3115 1395 3481 1467 ἐξεμαίνοντο,
3530 1396 3715 1467 βουλόο

2129 1505 2280 1559 μενοι
2329 1488 2552 1558 νικῆσαι
2582 1488 2680 1560 τὴν
2712 1488 2934 1542 ἐκείνων
2980 1489 3276 1559 ὑπομονήν.
3327 1488 3438 1541 Καὶ⁵
3481 1488 3592 1541 οὐδ’
3638 1488 3719 1550 ὡς

2127 1578 2279 1651 παρὰ
2337 1578 2580 1648 Σάγκτου
2620 1580 2806 1651 ἕτερόν
2858 1597 2911 1634 τι
2960 1582 3219 1651 ἥκουσαν,
3265 1582 3394 1651 παρ’
3428 1579 3495 1649 ἦν
3534 1579 3705 1648 ἀπαρ

2126 1671 2229 1742 χῆς
2290 1669 2494 1724 εἴθιστο
2552 1670 2731 1739 λέγειν
2782 1671 2884 1742 τῆς
2936 1671 3226 1742 ὁμολογίας
3286 1672 3491 1742 φωνήν,
3553 1666 3716 1724 οὗτοι

2130 1762 2228 1832 μὲν
2293 1758 2387 1814 οὖν
2447 1762 2512 1815 δι’
2569 1762 2779 1830 ἀγῶνος
2849 1762 3087 1833 μεγάλου
3161 1763 3391 1817 ἐπιπολὺ
3457 1776 3707 1835 παραμεο

2126 1853 2322 1926 νούσης
2350 1854 2530 1908 αὐτῶν
2568 1856 2669 1926 τῆς
2704 1855 2918 1926 ψυχῆς,
2961 1854 3254 1925 τοῦσχατον
3292 1853 3591 1927 ἐτύθησαν,
3625 1853 3716 1908 διὰ

2124 1949 2224 2020 τῆς
2252 1949 2463 2020 ἡμέρας
2507 1949 2753 2019 ἐκείνης,
2791 1949 2912 2001 ἀντὶ
2948 1949 3130 2019 πάσης
3165 1947 3267 2017 τῆς
3305 1950 3365 2001 ὲν
3405 1949 3517 2010 τοῖς
3557 1962 3715 2017 μονο-

2128 2040 2341 2111 μαχίοις
2390 2039 2500 2111 (id)
2552 2037 2859 2102 ποικιλίας,
2912 2038 3066 2091 αὐτοὶ
3106 2037 3284 2108 θέαμα
3313 2037 3593 2108 γενόμενοι
3633 2033 3717 2106 τῷ

2125 2131 2333 2201 κόσμῳ.
2376 2130 2440 2182 Ἣ
2466 2128 2524 2181 δὲ
2547 2122 2807 2182 Βλοὶνδίνα
2832 2128 2924 2181 ἐπὶ
2948 2128 3103 2193 ξύλου
3126 2145 3225 2200 κρε
3235 2127 3520 2199 μασθεῖσα,
3544 2125 3724 2197 προῦο

2125 2236 2274 2273 κειτο
2320 2218 2453 2290 βορά
2499 2217 2610 2271 τῶν
2643 2217 3075 2288 είσϐαλλομένων
3117 2216 3358 2287 θηρίων·
3404 2216 3439 2288 ἢ
3487 2217 3582 2270 καὶ⁵
3625 2215 3715 2268 διὰ

2122 2308 2217 2362 τοῦ
2255 2308 2545 2378 βλέπεσθαι
2576 2307 2809 2379 σταυροῦ
2846 2310 3083 2378 σχήματι
3116 2306 3462 2378 κρεμαμένη,
3495 2305 3585 2358 διὰ
3613 2304 3714 2375 τῆς

2125 2399 2341 2453 εὐτόνου
2374 2399 2717 2471 προσευχῆς,
2754 2398 2954 2469 πολλὴν
2987 2396 3297 2469 προθυμίαν
3339 2396 3573 2450 ἐνεποίει
3599 2398 3713 2458 τοῖς

2124 2489 2547 2561 ἀγωνιζομένοις
2567 2528 2582 2553 ,
2619 2489 2922 2560 βλεπόντων
2966 2489 3146 2543 αὐτῶν
3175 2491 3232 2541 ὲν
3262 2488 3339 2559 τῷ
3373 2487 3547 2556 ἀγῶνι
3567 2526 3582 2551 ,
3619 2487 3715 2541 καὶ

2124 2585 2237 2645 τοῖς
2275 2581 2475 2648 ἔξωθεν
2528 2580 2827 2651 ὀφθαλμοῖς
2868 2577 2956 2632 διὰ
3001 2580 3103 2651 τῆς
3137 2578 3397 2650 ἀδελφῆς,
3431 2578 3524 2630 τὸν
3571 2577 3716 2649 ὑπὲρ

2125 2672 2305 2727 αὐτῶν
2338 2672 2769 2743 ἐσταυρωμένον,
2801 2672 2888 2725 ἴνα
2917 2671 3078 2742 πείσῃ
3102 2672 3227 2734 τοὺς
3257 2668 3609 2731 πιστεύοντας
3632 2670 3716 2734 εἰς

2125 2759 2322 2826 αὑτὸν,
2361 2760 2443 2813 ὅτι
2477 2761 2583 2822 πᾶς
2633 2761 2662 2812 ό
2714 2760 2859 2831 ὑπὲρ
2890 2758 2990 2829 τῆς
3018 2759 3254 2831 Χριστοῦ
3298 2757 3457 2828 δόξης
3503 2755 3712 2821 παθὼν,

2122 2852 2223 2922 τὴν
2256 2850 2541 2904 κοινωνίαν
2580 2851 2667 2904 ἀεὶ
2712 2850 2825 2921 ἔχει
2870 2850 3008 2922 μετά
3037 2850 3132 2904 τοῦ
3174 2849 3376 2916 ζῶντος
3406 2847 3565 2904 Θεοῦ.
3604 2849 3717 2902 Καὶ

2129 2942 2355 3014 μηδενὸς
2388 2942 2666 3013 ἁψαμένου
2702 2943 2822 2996 τότε
2855 2942 2963 2995 τῶν
2996 2944 3198 3013 θηρίων
3231 2943 3421 3014 αὐτῆς,
3452 2941 3715 3016 καθαιρε-

2128 3033 2282 3087 θεῖσα
2325 3034 2433 3087 ἀπὸ
2466 3034 2560 3087 τοῦ
2593 3034 2781 3100 ξύλου,
2826 3034 3100 3105 ἀνελήφθη
3134 3035 3296 3089 πάλιν
3336 3035 3417 3099 είς
3461 3035 3563 3106 τὴν
3602 3035 3715 3107 εἱρ-

448 3126 518 3181 de
556 3127 823 3180 industria
855 3140 1142 3180 munerum
1171 3124 1258 3178 die
1287 3135 1511 3195 propter
1550 3137 1790 3183 nostros.
1819 3130 1885 3184 Et
1922 3130 2025 3183 Ma-

2129 3127 2285 3199 κτὴν,
2313 3129 2394 3189 είς
2421 3126 2577 3179 ἄλλον
2604 3126 2791 3193 ἀγῶνα
2822 3127 3133 3197 τηρουμένη
3156 3167 3170 3189 ,
3206 3127 3294 3179 ἵνα
3329 3123 3421 3179 διὰ
3452 3123 3715 3178 πλειόνων

450 3224 608 3270 turus
637 3214 855 3284 quidem
885 3228 949 3267 ac
981 3212 1218 3268 Sanctus
1283 3228 1475 3268 rursus
1502 3216 1685 3270 omnia
1724 3225 2025 3272 tormento-

448 3322 572 3361 rum
603 3320 806 3376 genera
839 3307 891 3360 in
919 3303 1325 3374 amphitheatro
1368 3306 1672 3374 subierunt,
1701 3309 1854 3376 quasi
1890 3308 2025 3361 nihil

449 3408 610 3453 antea
662 3400 903 3469 perpessi
960 3410 1166 3456 essent.
1218 3401 1326 3454 Aut
1370 3400 1550 3469 potius
1597 3400 1753 3468 quasi
1807 3400 2025 3455 athleta:

447 3492 540 3562 qui
566 3492 753 3546 multis
784 3490 896 3558 jam
926 3491 1139 3547 vicibus
1170 3490 1541 3547 adversarium
1572 3500 1942 3558 superassent,
1968 3502 2025 3545 et

447 3584 515 3636 de
540 3597 744 3637 corona
787 3582 904 3651 ipsa
942 3579 1056 3649 jam
1114 3580 1483 3646 decertarent,
1528 3594 1719 3633 rursus
1764 3593 2023 3635 consueta

447 3673 563 3728 illic
606 3674 904 3741 ﬂagrorum
960 3672 1188 3726 verbera
1224 3670 1589 3741 pertulerunt,
1625 3680 1681 3725 et
1724 3671 2024 3727 bestiarum

447 3764 596 3840 ipsos
625 3762 957 3819 trahentium
1013 3776 1255 3831 morsus,
1289 3772 1346 3818 et
1378 3774 1726 3834 quaecunque
1759 3762 1866 3819 alia
1901 3765 2023 3820 vul-

446 3967 708 4032 Tarachi,
759 3967 920 4022 Probi
953 3966 1361 4022 etAndronici.
1394 3966 1529 4021 Nam
1573 3981 1695 4021 eum
1735 3963 2024 4032 Maximus,

444 4036 739 4113 procon_sul
771 4038 992 4113 Ciliciae,
1035 4052 1130 4090 eos
1167 4039 1233 4091 ad
1251 4037 1465 4113 bestias
1495 4036 1827 4113 damnasset,
1860 4036 2041 4113 advo;

448 4104 581 4165 cans
626 4106 1013 4161 Terentianum
1068 4105 1466 4160 sacerdotalem
1510 4105 1743 4168 Cilicize,
1785 4104 1947 4172 jussit
1975 4105 2026 4158 ei

447 4177 700 4248 sequenti
746 4177 836 4229 die
869 4190 1088 4248 numera
1127 4176 1334 4235 edenda
1381 4189 1598 4241 curare,
1646 4185 1703 4228 ut
1750 4174 1945 4245 legitur
1972 4174 2029 4229 in

448 4245 572 4318 cap.
594 4246 665 4318 710
688 4247 1002 4318 eornntdem
1039 4245 1323 4318 Actorum.

521 4312 633 4400 (12)
662 4316 765 4368 Διά
1126 4313 1241 4400 ﬁeri
1561 4312 2035 4400 iarmdsupria‘rno-

452 4384 673 4442 nuimus
704 4384 906 4438 multas
934 4385 1021 4437 hic
1051 4384 1441 4437 translationes
1468 4398 1590 4437 esse
1616 4399 1645 4434 a
1674 4397 1732 4437 re
1753 4384 2029 4437 athletica.

447 4458 596 4512 Inter
629 4456 728 4509 has
758 4455 1094 4524 numeranda
1123 4463 1206 4506 est
1229 4453 1564 4524 νοχκλῆροι.
1598 4452 1860 4524 Solebant
1884 4453 2029 4507 enim

450 4526 672 4581 athletae
712 4525 803 4593 qui
832 4523 888 4577 in
919 4522 1058 4593 ludis
1090 4523 1353 4577 certaturi
1388 4522 1566 4593 erant,
1610 4522 1808 4593 sortito
1841 4524 2021 4593 educi.

449 4597 603 4664 Quod
645 4589 916 4665 quomodo
961 4592 1133 4655 lieret,
1159 4592 1319 4646 docet
1349 4608 1445 4647 nos
1493 4592 1766 4665 Lucianus
1790 4592 1844 4645 in
1874 4589 2022 4665 ΔΗιενο

447 4662 687 4721 ιὶιοιίηιοῖ
723 4664 947 4718 Cistella
996 4670 1118 4715 erat
1166 4671 1447 4729 argentea,
1508 4662 1610 4715 deo
1659 4662 2020 4716 certaminum

447 4735 663 4806 prtesidi
716 4749 892 4806 sacra,
935 4733 991 4806 in
1037 4747 1199 4806 quam
1235 4732 1666 4806 conﬁciebantur
1709 4741 1888 4806 sortes
1926 4745 2023 4806 seu

450 4800 673 4861 tessera:
719 4804 931 4857 breves.
977 4801 1034 4855 In
1056 4800 1279 4855 duabus
1307 4802 1561 4869 inscripta
1586 4810 1706 4853 erat
1744 4801 1919 4855 littera
1953 4800 2018 4860 Α,

449 4878 504 4931 in
534 4875 656 4930 aliis
708 4874 920 4928 duabus
945 4872 1010 4935 B,
1044 4871 1098 4925 in
1152 4870 1272 4923 aliis
1316 4870 1442 4924 item
1488 4870 1697 4925 duabus
1741 4871 1804 4934 Γ,
1853 4880 1906 4922 et
1942 4872 2022 4923 sic

448 4948 722 5014 deinceps.
778 4942 916 5014 Tum
969 4942 1414 5014 athleta:__sortes
1460 4955 1493 4993 e
1531 4940 1665 4992 cista
1695 4939 2019 5014 educebant.

449 5009 661 5081 Quibus
710 5014 756 5065 Α
804 5012 1135 5081 obvenisset,
1162 5010 1224 5081 _ii
1283 5010 1429 5081 inter
1453 5024 1515 5062 se
1536 5009 2024 5081 committebanttur

450 5076 627 5152 primo
654 5081 775 5135 loco
805 5076 1127 5152 pugnaturi.
1156 5079 1508 5152 Eratquelnc
1534 5076 1751 5148 πρῶτος
1797 5076 2018 5152 κλῆρος.

451 5147 717 5208 Similiter
757 5150 848 5217 qui
886 5147 1133 5203 litteram
1163 5147 1205 5200 Β
1255 5147 1591 5212 eduxissent,
1624 5150 1864 5201 secundo
1902 5151 2021 5217 loco

450 5223 594 5275 inter
645 5233 705 5273 se
750 5216 1058 5273 certabant.
1087 5219 1164 5271 ita
1198 5232 1317 5271 sors
1344 5228 1397 5268 et
1444 5233 1577 5269 urna
1631 5231 1787 5271 suum
1827 5216 2022 5284 cuique

449 5289 821 5344 adversarium
866 5287 1202 5356 assignabat.
1247 5285 1296 5356 lis
1323 5287 1415 5353 qui
1442 5286 1816 5356 adversarium
1849 5300 2019 5356 suum

449 5362 675 5424 vicerat,
713 5376 816 5412 non
846 5353 1030 5412 statim
1058 5355 1442 5410 coronabatur.
1489 5353 1595 5410 Sed
1619 5372 1739 5409 cum
1768 5354 1891 5408 aliis
1924 5355 2019 5422 qui

449 5430 786 5482 adversarios
816 5429 944 5482 item
992 5441 1118 5480 suos
1142 5426 1407 5491 vicerant,
1455 5427 1648 5479 iterum
1687 5433 2022 5494 pugnaturus

433 5501 895 5566 ,componebatur,
950 5498 1121 5550 donec
1165 5511 1300 5549 unus
1343 5497 1586 5549 omnium
1629 5496 1803 5547 victor
1826 5508 2022 5566 supcr-

448 5565 611 5622 esset.
649 5569 820 5632 Quam
869 5567 919 5620 in
955 5582 1066 5620 rem
1102 5566 1349 5634 pluribus
1398 5580 1534 5633 Opus
1566 5576 1684 5618 erat
1715 5565 2021 5618 sortitioni-

449 5642 568 5690 bus.
628 5637 764 5690 Hine
814 5647 900 5706 est
944 5638 1086 5706 quod
1143 5636 1193 5688 in
1245 5634 2016 5706 inscriptione_Farnesiana,

449 5721 608 5773 quant
641 5703 1089 5760 rel’ertGruterus
1113 5719 1233 5773 pag.
1266 5705 1393 5769 ⁵514,
1429 5704 1775 5772 Asclepiades
1798 5703 2018 5772 quidam

446 5775 830 5846 pancratiasta,
876 5776 933 5833 iu
958 5775 1146 5832 multis
1175 5774 1570 5832 certaminibus
1617 5774 1904 5830 victoriam
1931 5788 2019 5830 re-

2130 3214 2536 3289 γυμνασμάτων
2564 3217 2851 3288 νικήσασα,
2879 3217 2956 3288 τῷ
2986 3220 3082 3288 μὲν
3104 3216 3302 3289 σκολιῷ
3323 3217 3447 3287 ὄφει
3471 3217 3713 3289 ἀπαραί-

2128 3326 2291 3379 τητον
2321 3312 2523 3382 ποιήσῃ
2554 3309 2651 3379 τὴν
2697 3309 3027 3380 καταδίκην,
3071 3307 3445 3380 προτρέψηται
3486 3307 3546 3361 δὲ
3588 3308 3715 3371 τοὺς

2132 3400 2391 3469 ἀδελφοὺς
2420 3402 2452 3471 ἠ
2496 3400 2668 3471 μικρὰ
2700 3402 2792 3454 καὶ
2823 3401 3056 3471 ἀσθενὴς
3089 3403 3182 3455 καὶ
3215 3399 3713 3471 εὐκαταφρόνητος,

2135 3492 2308 3563 μέγαν
2346 3492 2441 3545 καὶ
2477 3492 2915 3559 ἀκαταγώνιστον
2955 3492 3194 3563 ἀθλητὴν
3226 3490 3460 3563 Χριστὸν
3500 3488 3715 3543 ἐνδεδυ-

2137 3584 2294 3655 μένη,
2324 3584 2412 3636 διὰ
2444 3583 2653 3636 πολλῶν
2685 3583 2903 3655 κλήρων
2941 3582 3277 3637 ὲκϐιὸάσασα
3308 3581 3419 3653 (15)
3455 3580 3549 3635 τὸν
3565 3579 3714 3633 ἀντι-

2132 3674 2385 3745 κείμενον
2405 3714 2419 3739 ,
2454 3675 2548 3728 καὶ
2579 3674 2645 3727 δι’
2669 3674 2881 3742 ἀγῶνος
2912 3674 3003 3727 τὸν
3043 3674 3142 3745 τῆς
3180 3671 3488 3743 ἀφθαρσίας
3511 3670 3713 3741 στεψα-

2136 3767 2271 3838 μένη
2308 3767 2590 3835 στέφανον.
2635 3766 2694 3819 Ὀ
2725 3766 2783 3819 δὲ
2814 3766 3075 3830 Ἀτταλος
3120 3766 3212 3820 καὶ
3256 3765 3417 3830 αὐτὸς
3461 3764 3714 3836 μεγάλως

2137 3965 2324 4042 tulisse
2362 3965 2586 4042 dicitur1
2612 3967 2674 4018 τὸ
2702 3965 2951 4042 δεύτερον
2986 3965 3081 4042 καὶἶ
3108 3967 3291 4042 τρίτον
3327 3965 3465 4042 μετά
3494 3965 3714 4042 πρῶτον

2135 4035 2451 4107 ἢδεύτερον
2490 4034 2690 4107 κλῆρον
2742 4034 2948 4106 στήσας
3005 4034 3601 4105 τοὺς’ἁνταγωνιστᾶς.
3655 4036 3713 4092 Id

2135 4117 2239 4169 est,
2287 4116 2405 4172 post
2461 4108 2686 4173 primunt
2739 4116 2827 4157 aut
2872 4115 2987 4173 post
3038 4107 3323 4158 secundum
3358 4108 3710 4172 sortitionem,

2138 4176 2364 4228 sectmdo
2391 4176 2467 4228 vel
2489 4176 2643 4228 tertio
2671 4176 2931 4243 superatis
2962 4176 3296 4229 aduersariis.
3345 4175 3397 4227 Iul
3439 4176 3585 4229 enim
3610 4191 3714 4231 usu

2140 4246 2423 4307 veniebat,
2474 4245 2543 4297 ob
2584 4260 2702 4298 eam
2759 4246 3025 4315 rationein
3082 4258 3245 4315 quam
3306 4244 3443 4306 dixi,
3498 4247 3715 4315 quoties

2141 4315 2292 4382 plura
2323 4323 2481 4367 erant
2506 4315 2653 4380 paria
2682 4314 3036 4368 athletarum.
3076 4313 3284 4382 Quippe
3309 4315 3541 4367 victores
3568 4314 3715 4370 inter

2140 4400 2201 4437 se
2227 4384 2712 4451 componebantur,
2741 4393 2795 4436 et
2821 4385 3056 4437 secunda
3095 4386 3238 4437 inter
3283 4398 3377 4437 eos
3405 4384 3567 4437 liebat
3590 4399 3714 4438 sor-

2143 4454 2281 4516 titio,
2311 4469 2374 4506 ac
2406 4469 2594 4506 rursus
2630 4455 2811 4515 tertia,
2862 4454 3034 4506 donec
3078 4454 3303 4507 vietoria
3331 4453 3398 4506 ad
3429 4468 3594 4505 unum
3623 4467 3713 4506 re-

2063 4506 2107 4560 Ῐ)
2130 4506 2340 4575 diisset.
2380 4522 2448 4575 Et
2478 4524 2579 4576 hoc
2623 4534 2706 4576 est
2734 4506 2878 4590 quod
2910 4524 2961 4574 in
2988 4524 3091 4576 hac
3119 4506 3347 4590 epiStola
3391 4522 3592 4575 dicitur
3619 4522 3713 4577 διὰ

2126 4592 2387 4645 πλειόνων
2418 4591 2657 4662 κλήρων.
2696 4592 2777 4645 Ad
2811 4593 2954 4646 hanc
3001 4592 3324 4646 athletarum
3371 4602 3576 4662 sortem
3632 4607 3715 4647 re-

2127 4663 2350 4715 ferenda
2370 4660 2595 4716 suntea
2629 4677 2751 4729 quae
2785 4663 2955 4714 habes
2990 4662 3042 4714 in
3088 4662 3361 4729 principio
3410 4660 3571 4723 hujus
3592 4662 3713 4729 epi-

2126 4732 2281 4784 stolae
2301 4732 2375 4803 de
2406 4732 2707 4803 Epagatho,
2735 4730 3011 4802 ἀνελήφθη
3035 4732 3129 4784 καὶ
3156 4730 3319 4793 αὐτὸς
3347 4732 3428 4793 εἰς
3461 4730 3554 4784 τὸν
3578 4730 3712 4803 κλῆ-

2128 4817 2221 4871 ρον
2257 4800 2373 4871 τῶν
2408 4801 2720 4871 μαρτύρων.

2197 4870 2307 4941 (l5)
2333 4868 2447 4935 Τάξ
2472 4868 2780 4936 διεξόδους
2801 4869 2920 4924 τῶν
2939 4870 3267 4940 μαστίγων.
3297 4868 3565 4923 Masculus
3580 4885 3708 4941 ver-

2128 4939 2501 4994 tit‘ve'rberum
2558 4941 2859 5003 iliationes,‘
2922 4939 3470 5006 Christophorsonns.
3539 4939 3708 5004 traje-

2126 5013 2349 5062 ctiones.
2401 5010 2611 5062 Dictum
2663 5012 2879 5063 videtur
2937 5025 3033 5076 pro
3068 5008 3167 5072 τὰς
3196 5011 3254 5061 ἐν
3297 5011 3418 5072 ταῖς
3450 5007 3713 5073 διεξόδοις

2128 5078 2423 5148 μάστιγας,
2463 5080 2513 5132 id
2534 5088 2635 5144 est,
2666 5081 2875 5135 verbera
2898 5080 3048 5132 illata
3071 5083 3197 5132 dum
3229 5082 3632 5132 traducerentur
3654 5079 3709 5131 iu

2160 5166 2336 5212 ompu.

2122 5167 2434 5289 Ἷοῖίῖίῗ.Ἐν
2459 5218 2584 5284 τοῖς
2602 5218 3012 5289 μονομαχίας.
3057 5216 3236 5272 Codex
3268 5216 3436 5284 Maz.,
3468 5216 3605 5273 Med.
3654 5228 3712 5271 et

2124 5286 2503 5359 Fnk.__ihabcnt
2536 5286 2949 5359 μονομαχίμξοις.

2194 5356 2308 5426 (15)
2339 5356 2443 5426 Διὰ
2475 5354 2723 5411 πολλῶν
2744 5354 2983 5425 κλήρων
3025 5354 3420 5412 ἐκϐιϐάσασα.
3452 5355 3712 5412 Scriben-

2124 5424 2247 5481 dutn
2277 5424 2385 5481 est'
2407 5426 2734 5487 ὲκόιάσασα,
2770 5436 2826 5480 ut
2860 5424 3049 5495 supra.
3082 5431 3258 5495 Atque
3294 5426 3370 5479 ita
3404 5427 3627 5495 legitur,
3653 5429 3709 5480 in

2123 5497 2612 5566 codiceMedicaeo
2659 5510 2713 5550 et
2768 5494 3351 5566 apud’Nicephorum.
3404 5494 3540 5551 Vide
3606 5494 3711 5551 Pe-

2125 5574 2269 5639 trum
2308 5565 2543 5639 Fabrum
2584 5567 2638 5621 in
2688 5565 3054 5639 libro_prim_o
3095 5565 3407 5636 Agonistici,
3463 5579 3585 5635 cap.
3614 5566 3709 5639 24.

2121 5634 2295 5689 Porro
2341 5638 2632 5689 notandum
2694 5646 2780 5689 est
2837 5634 3177 5701 Blandinam',
3232 5646 3419 5704 utpote
3464 5634 3711 5700 servam,

2122 5705 2269 5759 cruci
2327 5705 2542 5761 almam
2593 5707 2782 5773 fuisse,
2837 5706 2979 5776 quod
3039 5714 3158 5761 erat
3207 5704 3531 5776 supplicium
3588 5720 3686 5763 ser

2122 5788 2339 5829 νοῐυιιι.
