4012 6256
285 250 388 304 4·Ξῦ

1365 242 1712 302 HISTORIA:
1751 233 2312 299 ECCLESIASTICAE
2349 233 2479 290 LIB.
2525 235 2586 290 τ.

3465 245 3570 301 426

291 377 593 449 ἐξαιτηθεὶς
641 375 753 430 ὕπο
796 372 892 429 τοῦ
937 373 1118 446 ὄχλου,
1165 372 1258 426 καὶ
1299 370 1407 442 γὰρ
1451 365 1519 441 ἦν
1567 365 1881 438 ὀνομαστὸς,

1993 376 2091 434 gus
2116 362 2363 415 insanum
2399 373 2496 427 pro
2532 370 2632 411 suo
2663 355 2892 426 quisque
2921 359 3153 415 arbitrio
3180 361 3347 418 variis
3381 365 3563 420 accla-

291 475 506 542 ἒτοιμος
559 468 813 539 εἰσῆλθεν
868 465 1174 536 ἀγωνιστὴς
1232 463 1321 517 διὰ
1382 462 1443 514 τὺ
1489 459 1884 529 εὑσυνεῐδητον,

295 563 480 634 ἐπειδὴ
511 561 755 632 γνησίως
799 561 857 613 ἐν
895 562 959 630 τῇ
993 559 1293 630 Χριστιανῇ
1339 553 1584 620 συντάξει
1614 561 1889 621 γεγυμνα-

296 655 493 725 σμένος
523 648 593 723 ἧν
612 694 627 714 ,
671 652 769 704 καὶ
803 651 888 704 ἀεὶ
937 650 1147 721 μάρτυς
1175 646 1416 715 ἐγεγόνει
1444 645 1573 714 παρ’
1598 645 1730 712 ἡμῖν
1759 641 1889 710 ἁλη-

295 745 468 806 θείας.
502 743 613 797 Καὶ
642 741 960 814 περιαχθεὶς
986 739 1169 808 κύκλῳ
1211 736 1303 790 τοῦ
1344 734 1718 806 ἀμφιθεάτρου
1754 730 1886 802 (l6),

295 835 530 899 πίνακος
565 834 730 886 αὐτὸν
773 831 1107 903 προάγοντος
1152 831 1210 882 ὲν
1245 820 1288 894 ᾧ
1335 825 1715 894 ἐπεγέγραπτο
1758 823 1889 875 Ῥω-

299 929 492 999 μαῖστὶ
516 946 529 958 ⁸
565 922 734 990 Οὗτός
761 928 907 978 ἐστιν
939 922 1198 983 Ἄτταλος
1223 922 1251 973 ὁ
1276 917 1598 991 Χριστιανός
1623 931 1636 944 ’
1671 918 1762 969 καὶ
1794 913 1887 967 τοῦ

293 1021 470 1092 δήμου
505 1019 708 1090 σφόδρα
753 1015 1090 1088 σφριγῶντας
1137 1013 1220 1064 ἐπ’
1251 1008 1398 1079 αὐτῷ
1418 1049 1431 1072 ,
1485 1005 1670 1078 μαθὼν
1703 1010 1730 1060 ὁ
1761 1008 1890 1078 ἠγε-

299 1109 422 1181 μὼν
455 1112 536 1163 ὅτι
571 1108 839 1179 Ῥωμαῖός
872 1109 1038 1168 ἐστιν,
1070 1101 1354 1155 ἐκέλευσεν
1384 1099 1544 1187 αύτὺν
1574 1097 1890 1167 ἀναληφθῆ-

296 1221 394 1257 ναι
430 1203 568 1271 μετὰ
601 1202 694 1254 καὶ
730 1199 837 1252 τῶν
880 1197 1082 1251 λοιπῶν
1115 1194 1226 1248 τῶν
1268 1197 1336 1247 ὲνι
1365 1197 1430 1264 τῇ
1471 1194 1661 1264 εἱρκτῇ
1697 1192 1886 1255 ὄντων,

293 1294 432 1364 περὶ
466 1286 540 1344 ὧν
574 1285 853 1344 ἐπέστειλε
894 1287 972 1358 τῷ
1016 1287 1294 1357 Καίσαρι,
1342 1285 1434 1338 καὶ
1469 1283 1757 1353 περιέμενε
1790 1283 1889 1352 τὴν

293 1381 578 1450 ἀπόφασιν
607 1379 701 1450 τὴν
726 1379 818 1431 ἀπ’
839 1378 1068 1430 ἐκείνου.
1099 1376 1158 1428 '0
1185 1376 1242 1428 δὲ
1266 1373 1354 1428 διὰ
1374 1374 1541 1446 μέσου
1571 1373 1760 1444 καιρὸς
1790 1373 1890 1426 οὐκ

293 1475 473 1544 ἀργὸς
521 1474 703 1535 αὐτοῖς
742 1472 863 1523 οὐδὲ
906 1470 1152 1541 ἄκαρπος
1194 1469 1402 1537 ἐγίνετο
1427 1507 1440 1530 ,
1486 1465 1623 1520 ἀλλὰ
1665 1466 1751 1518 διὰ
1789 1465 1888 1536 τῆς

295 1566 584 1637 ὑπομονῆς
603 1564 800 1628 αὐτῶν,
834 1564 894 1618 τὸ
915 1562 1220 1633 ἀμέτρητον
1250 1561 1400 1623 ἕλεος
1420 1557 1737 1628 ἀνεφαίνετο
1757 1558 1890 1629 Χρι-

296 1657 454 1712 στοῦ.
503 1657 600 1709 Διὰ
637 1655 751 1724 γὰρ
788 1655 894 1708 τῶν
926 1653 1140 1719 ζώντων
1169 1652 1558 1717 ὲζωοποιοῦντο
1590 1653 1656 1706 τὰ
1697 1651 1885 1723 νεκρὰ,

293 1751 398 1803 καὶ
428 1748 704 1821 μάρτυρες
730 1748 840 1809 τοῖς
868 1747 941 1816 μὴ
976 1746 1241 1817 μάρτυσιν
1269 1743 1582 1815 ἐχαρίζοντο
1609 1743 1741 1814 (l7).
1776 1743 1886 1796 Καὶ

296 1838 575 1907 ὲνεγξνετο
624 1838 792 1908 πολλὴ
836 1837 984 1909 χαρὰ
1030 1839 1095 1907 τῇ
1137 1835 1403 1906 παρθένῳ·
1437 1835 1633 1904 μητρὶ,
1679 1832 1770 1896 οὓς
1813 1833 1887 1896 ὡς

298 1931 531 2004 νεκροὺς
565 1928 864 2001 ἐξέτρωσε,
903 1927 1125 1989 τούτους
1156 1925 1363 1990 ζῶντας
1403 1923 1883 1996 ἀπολαμϐανούσῃ.

299 2023 380 2075 Δι’
411 2022 632 2075 ἐκείνων
682 2021 790 2092 γὰρ
843 2025 889 2075 οἱ
935 2019 1151 2082 πλείους
1179 2017 1286 2070 τῶν
1317 2017 1639 2088 ὴρνημένων
1678 2019 1886 2088 ἁνεμη-

297 2111 528 2182 τροῦντο
566 2111 677 2181 (18)
715 2111 806 2162 καὶ
837 2110 1256 2174 ἁνεκυῖσκοντο,
1289 2111 1380 2162 καὶ
1415 2108 1884 2180 ἁνεζωπυροῦντο,

297 2203 400 2256 καὶ
430 2201 736 2273 ἐμάνθανον
770 2201 1072 2271 ὁμολογεῖν,
1107 2199 1200 2252 καὶ
1234 2199 1434 2264 ζῶντες
1465 2199 1564 2270 ἤδη
1601 2199 1696 2251 καὶ
1735 2216 1884 2252 τετο-

296 2293 552 2362 νωμένοι,
588 2291 896 2362 προσῄεσαν
929 2288 1007 2358 τῷ
1036 2288 1258 2358 βήματι,
1293 2287 1739 2356 ὲγγλυκαενοντος
1774 2287 1884 2358 (l9)

295 2382 396 2435 τοῦ
427 2383 518 2434 τὺν
554 2382 650 2452 μὲν
687 2381 928 2450 Θάνατον
949 2379 1042 2432 τοῦ
1079 2378 1402 2451 ἁμαρτωλοῦ
1435 2378 1509 2449 μὴ
1541 2377 1884 2448 βουλομένου,

295 2473 397 2526 ἐπὶ
438 2472 494 2526 δὲ
541 2473 639 2542 τὴν
687 2473 975 2543 μετάνοιαν
1018 2470 1456 2541 χρηστευομένου
1485 2469 1641 2532 Θεοῦ,
1679 2470 1764 2522 ἵνα
1795 2470 1888 2523 καὶ

299 2561 468 2614 πάλιν
533 2561 953 2632 ὲπερωτηθῶσιν
999 2560 1103 2613 ὑπὸ
1155 2559 1248 2613 τοῦ
1301 2561 1564 2631 ἡγεμόνος
1597 2577 1608 2590 ·
1652 2560 1888 2612 ἐπιστεί-

295 2652 491 2715 λαντος
519 2652 624 2723 γὰρ
659 2652 750 2706 τοῦ
775 2653 1074 2724 Καίσαρος,
1110 2653 1236 2715 τοὺς
1272 2652 1370 2722 μὲν
1403 2652 1888 2722 ἀποτυμπανισθῆ-

293 2757 388 2796 ναι
419 2738 528 2811 (20)
549 2780 564 2803 ,
599 2742 648 2792 εἰ
691 2740 747 2792 δέ
776 2756 918 2802 τινες
958 2741 1231 2811 ἀρνοῖντο,
1264 2740 1484 2804 τούτους
1524 2740 1884 2812 ἀπολυθῆναι,

292 2834 400 2902 τῆς
438 2831 624 2885 ἐνθάδε
659 2829 1019 2901 πανηγύρεως
1053 2829 1189 2901 (ἔστι
1215 2829 1270 2883 δὲ
1299 2829 1435 2902 αὕτη
1468 2830 1886 2906 πολυάνθρωπος

292 2924 366 2976 ἐκ
399 2924 615 2977 πάντων
657 2922 764 2976 τῶν
795 2921 964 2974 ὲθνῶν
1001 2921 1408 2994 συνερχομένων
1438 2924 1516 2985 εἰς
1544 2921 1748 2992 αὐτὴν)
1782 2922 1884 2995 ἀρ-

291 3016 540 3090 χομένης
575 3017 893 3070 συνεστάναι
937 3016 1080 3086 (21),
1116 3018 1315 3086 ἀνῆγεν
1347 3015 1439 3068 ἐπὶ
1471 3015 1530 3067 τὸ
1566 3015 1719 3086 βῆμα.
1760 3015 1886 3070 θεα-

290 3106 500 3179 τρξζων
525 3110 649 3172 τοὺς
678 3108 999 3179 μακαρίους,
1029 3107 1122 3160 καὶ
1148 3107 1520 3178 ὲμπομπεύων
1550 3111 1658 3171 τοῖς
1685 3108 1883 3178 ὄχλοις.

293 3200 396 3255 Διὸ
429 3203 522 3255 καὶ
556 3201 714 3255 πάλιν
743 3199 978 3272 ἀνήτοιζε
1001 3241 1014 3263 ,
1065 3201 1157 3252 καὶ
1189 3201 1303 3253 ὅσοι
1347 3200 1443 3270 μὲν
1477 3200 1695 3253 ἐδόκουν
1730 3200 1882 3254 πολι-

288 3295 451 3348 τείαν
495 3293 781 3363 Ῥωμαίων
830 3293 1160 3363 ἐσχηκέναι,
1209 3292 1413 3345 τούτων
1466 3293 1727 3362 ἀνέτεμνε
1783 3294 1883 3358 τὰς

291 3385 574 3455 κεφαλὰς,
604 3386 730 3448 τοὺς
761 3384 818 3436 δὲ
867 3383 1086 3447 λοιποὺς
1118 3383 1362 3454 ἔπεμπεν
1392 3385 1471 3446 εἰς
1512 3383 1693 3455 θηρία.
1745 3384 1884 3436 Ἐδο-

293 3479 494 3546 ξὰζετο
544 3477 600 3530 δὲ
664 3477 913 3548 μεγάλως
965 3479 993 3530 ὁ
1034 3477 1265 3549 Χριστὸς
1317 3477 1409 3529 ἐπὶ
1464 3480 1574 3540 τοῖς
1622 3477 1883 3549 πρότερον

289 3569 697 3641 ἀρνησαμένοις
724 3609 738 3632 ,
784 3569 904 3621 τότε
954 3568 1104 3640 παρὰ
1139 3569 1234 3640 τὴν
1281 3569 1387 3621 τῶν
1428 3569 1596 3620 ἐθνῶν
1628 3570 1882 3622 ὑπόνοιαν

287 3662 639 3732 ὁμολογοῦσι.
667 3663 776 3716 Καὶ
810 3663 913 3734 γὰρ
951 3662 1054 3734 ἰδίᾳ
1080 3654 1224 3715 οὗτοι
1248 3661 1595 3732 ἀνητάζοντο,
1623 3662 1698 3724 ὡς
1723 3662 1881 3733 δῆθεν

285 3753 783 3825 ἀπολυθησόμενοι.
816 3753 925 3805 Καὶ
950 3751 1358 3822 ὁμολογοῦντες,
1397 3753 1779 3822 προσετίθεντο
1803 3751 1880 3822 τῷ

370 3925 484 3996 (l6)
516 3924 634 3996 Kal,
666 3925 1004 3994 περιαχθεὶς
1048 3925 1254 3989 κύκλῳ
1307 3926 1414 3981 τοῦ
1454 3925 1871 3996 ἀμφιθεάτρου.

289 3995 563 4053 Solebant
585 3995 709 4050 olim
735 3997 1059 4064 gladiatores
1083 4005 1138 4049 et
1166 3995 1428 4060 bestiarii,
1454 3995 1738 4066 antequam
1766 4012 1878 4062 cer-

285 4081 485 4121 tamen
517 4066 748 4127 obirent,
792 4081 889 4133 per
917 4081 1010 4118 ora
1043 4067 1220 4134 populi
1255 4067 1613 4120 circumduci.
1658 4069 1730 4120 De
1769 4082 1874 4135 qua

285 4151 494 4207 pompa
527 4135 764 4207 loquitur
796 4135 1066 4207 Lucianus
1091 4135 1397 4207 infamari,
1433 4147 1488 4187 ιιι
1525 4139 1734 4190 notavit
1757 4136 1876 4190 Sal-

286 4204 506 4276 inasius
543 4205 593 4257 in
630 4204 785 4258 Notis
808 4204 1108 4276 adjulium
1137 4204 1520 4276 Capitolinum,
1560 4221 1679 4276 pag.
1713 4207 1801 4268 9|,
1827 4214 1881 4259 et

284 4275 836 4345 Casaubonusrpost
882 4273 1118 4345 Lipsium
1157 4273 1218 4327 in
1242 4273 1652 4340 Saturnalibus;
1676 4279 1764 4345 qui
1798 4275 1880 4327 lo-

285 4362 422 4401 cum
483 4343 796 4417 Quintiliani
859 4360 924 4417 ex
975 4342 1373 4417 Declantatt’one
1427 4362 1566 4417 nona
1634 4342 1707 4400 ed
1749 4359 1873 4414 spe-

285 4423 534 4469 ctantem
575 4414 779 4480 primus
826 4415 1069 4467 adduxit.
1114 4413 1166 4466 id
1209 4425 1388 4468 autem
1422 4413 1580 4468 liebat
1629 4432 1732 4471 non
1782 4413 1873 4470 rso-

287 4485 406 4538 lum
441 4484 495 4535 in
529 4484 595 4534 iis
624 4485 713 4550 qui
751 4483 958 4549 seipsos
985 4485 1052 4536 ad
1083 4484 1268 4537 ludum
1303 4494 1739 4549 auetoraverant,
1779 4487 1872 4539 sed

288 4557 350 4608 in
385 4553 494 4605 rcis
526 4554 618 4620 qui
666 4552 733 4606 ad
775 4553 976 4606 ferrum
1022 4562 1116 4606 aut
1168 4555 1365 4608 bestias
1413 4557 1648 4609 damnati
1696 4566 1870 4610 erant.

289 4623 601 4678 Martialis:

307 4751 310 4756 ,
393 4691 674 4761 r'l'raducm
700 4701 772 4745 est
806 4693 971 4761 gyris,
1004 4707 1094 4744 nec
1127 4693 1262 4754 cepit
1289 4709 1448 4746 arena
1471 4703 1728 4748 nocentes.

377 4760 488 4832 (17)
508 4762 620 4813 Καὶ
635 4760 1001 4830 μάρτυρες...
1018 4761 1380 4831 ἐχαρίζοντο.
1402 4763 1454 4816 Id
1493 4775 1597 4826 est,
1620 4767 1865 4818 dextram

291 4830 465 4900 lapsis
493 4843 874 4899 porrexerunt,
895 4830 1280 4885 etutcdicinatu
1302 4835 1682 4899 adhibuerunt,
1707 4844 1753 4887 et
1775 4851 1873 4902 pro

290 4905 366 4974 iis
389 4903 829 4974 intercesserunt.
864 4904 916 4956 ld
945 4903 1087 4956 enim
1111 4903 1359 4957 solebant
1393 4916 1680 4974 martyres,
1712 4913 1769 4957 ut
1801 4919 1868 4958 ex

288 4972 566 5043 Cypriauo
599 4973 905 5043 didicimus.

369 5041 479 5112 (ιε)
506 5040 984 5109 Ἀνεμητροῦντο.
1019 5041 1224 5095 Dudum
1253 5040 1592 5110 conieceram
1629 5043 1702 5097 ita
1735 5043 1874 5097 serio

289 5112 530 5167 bernium
560 5126 702 5183 esse.
749 5113 940 5183 Postea
980 5127 1109 5165 vero
1149 5114 1200 5164 in
1253 5116 1438 5183 codice
1472 5112 1640 5183 Regio
1681 5128 1872 5182 super-

290 5183 557 5250 scriptum
591 5181 768 5232 inveni
805 5183 995 5235 eadem
1037 5196 1219 5235 manu.
1261 5181 1575 5248 Quinetiam
1623 5185 1870 5237 Christo-

288 5255 628 5323 phorsonum
655 5254 726 5303 ita
753 5251 946 5323 legisse
972 5262 1212 5323 apparet.

363 5321 474 5391 (19)
505 5320 1058 5388 Ἐτγλυκαίνοντος.
1097 5321 1212 5376 lloc
1263 5322 1486 5391 verbum
1544 5329 1652 5374 tam
1695 5325 1874 5379 active

287 5390 454 5461 quam
502 5391 899 5462 passivesuini
952 5402 1148 5459 potest.
1185 5392 1249 5444 Et
1286 5390 1620 5462 Nicephorus
1655 5396 1872 5462 quidem

291 5457 466 5514 active
499 5457 705 5513 dictum
732 5457 1014 5512 intellexit.
1051 5462 1142 5514 Sic
1165 5462 1304 5514 enim
1331 5457 1472 5515 hunc
1505 5457 1874 5517 locunfinter-

289 5532 512 5602 pulavit,
571 5531 669 5602 καὶ
694 5529 1072 5597 ὲγλυκαίνοντο
1111 5531 1215 5583 ὑπὸ
1257 5531 1350 5583 τού
1381 5533 1456 5602 μὴ
1499 5532 1742 5597 θέλοντος
1782 5535 1872 5586 τὸν

287 5601 540 5656 θάνατον.
574 5600 885 5672 Metaphora
911 5612 992 5653 est
1025 5602 1093 5653 ab
1115 5600 1487 5672 oleastro,'qni
1523 5603 1715 5656 insitus
1748 5606 1871 5657 dul-

286 5674 470 5735 cescit,
499 5672 570 5726 de
604 5688 716 5738 quo
745 5670 938 5725 Paulus
966 5673 1256 5739 aposmlus.
1288 5671 1390 5727 Sed
1417 5670 1465 5728 et
1493 5673 1703 5742 passive
1730 5675 1870 5729 sumi

611 5762 888 5824 Ριτιιοι.
930 5764 1040 5825 Gn.
1093 5765 1230 5826 XX.

1996 450 2323 506 mationibus
2361 449 2661 518 imperabat
2705 461 2716 493 τ
2771 447 2945 516 ipsam
2997 460 3273 520 postremo
3331 454 3565 511 ferream

1989 544 2352 607 cathedram,
2420 541 2506 596 cui
2561 543 2902 612 superposita
2962 557 3260 614 martyrum
3325 548 3566 603 membra

1990 648 2112 687 cum
2141 640 2502 698 torrerentur,
2531 631 2745 686 illorum
2774 646 2934 686 nares
2967 634 3385 692 molestissimus
3412 640 3568 696 nido:-

1991 722 2269 792 implebat.
2312 724 2507 778 Verum
2534 723 2610 775 illi
2648 737 2716 776 ne
2745 723 2826 778 sic
2857 723 3074 793 quidem
3112 727 3273 782 tinem
3309 732 3564 788 szevicndi

1992 815 2257 870 fecerunt.
2286 816 2391 870 Sed
2422 827 2632 883 contra,
2661 833 2726 872 eo
2760 817 3134 874 vehementius
3173 825 3569 880 accendebatur

1991 922 2177 962 eorum
2213 909 2388 974 furor,
2430 923 2560 962 cum
2603 925 2914 982 expugnare
2964 920 3268 982 martyrum
3313 926 3571 970 constan-

1992 999 2119 1052 tiam
2154 1001 2569 1056 contenderent.
2609 986 2820 1058 Nullam
2861 1013 3040 1060 tameu
3091 1008 3158 1060 ab
3214 1008 3331 1075 ipso
3374 1017 3571 1066 sancto

1990 1105 2178 1145 vocem
2237 1092 2438 1146 elicere
2473 1101 2791 1163 potuerunt,
2825 1109 3026 1166 praeter
3084 1099 3234 1153 illam
3292 1114 3452 1168 quam
3501 1101 3568 1155 ab

1993 1178 2145 1234 initio
2169 1181 2416 1249 proferre
2433 1192 2797 1238 consueverat
2831 1187 3194 1242 confessionis
3224 1206 3333 1242 suae
3355 1205 3564 1245 vocem.

1992 1267 2056 1321 l-li
2082 1283 2210 1338 ergo
2251 1271 2491 1326 maximo
2525 1273 2825 1328 certamine
2862 1277 3153 1344 perfuncti,
3185 1295 3308 1333 Clltll
3343 1281 3565 1336 vitalem

1995 1360 2252 1428 spiritum
2287 1362 2378 1415 diu
2429 1365 2849 1432 protraxissent,
2884 1371 3100 1422 tandem
3129 1371 3356 1440 jugulati
3391 1383 3518 1427 sunt
3547 1390 3563 1427 :

1989 1469 2053 1508 eo
2087 1455 2173 1510 die
2205 1457 2577 1526 spectaculum
2630 1458 2757 1512 facti
2820 1463 3040 1528 mundo,
3099 1463 3218 1520 loco
3255 1466 3567 1537 multiplicis

1993 1546 2137 1601 illius
2165 1549 2450 1604 varietatis
2473 1565 2594 1618 qua:
2620 1554 2675 1606 in
2699 1551 3055 1619 gladiatorum
3088 1559 3418 1622 spectaculis
3447 1574 3568 1614 cer-

1992 1638 2159 1695 nitur.
2196 1640 2460 1696 Blandina
2491 1658 2622 1698 vero
2685 1646 2751 1698 ad
2807 1647 2989 1713 palum
3051 1665 3339 1717 suspensa,
3377 1652 3568 1707 bestiis

1992 1734 2203 1804 objecta
2235 1745 2338 1790 est.
2377 1736 2507 1803 Quae
2546 1753 2667 1792 cum
2719 1739 2771 1792 in
2808 1741 2988 1794 crucis
3037 1743 3270 1811 speciem
3305 1759 3566 1814 suspensa

1991 1836 2328 1892 cerneretur,
2349 1827 2568 1898 Deoquc
2590 1832 3000 1887 contentissime
3022 1834 3370 1904 supplicaret,
3397 1839 3568 1892 maxi-

1990 1932 2130 1969 mam
2162 1916 2500 1972 alacritatem
2533 1922 2770 1978 addebat
2820 1925 3189 1992 certantibus;
3250 1928 3449 1997 quippe
3478 1930 3568 1999 qui

1989 2008 2040 2062 in
2097 2008 2213 2078 ipso
2268 2012 2594 2076 certamine,
2628 2014 2730 2068 sub
2768 2016 2976 2070 sororis
3020 2031 3253 2084 persona
3290 2020 3569 2089 corporeis

1987 2099 2161 2154 oculis
2219 2112 2515 2157 cernerent
2555 2103 2709 2158 illum
2739 2146 2754 2168 ,
2793 2107 2884 2174 qui
2937 2122 3053 2180 pro
3093 2108 3336 2176 ipsorum
3391 2111 3568 2167 salute

1988 2190 2284 2250 cruciﬁxus
2314 2192 2434 2246 ideo
2453 2193 2652 2259 fuerat,
2684 2205 2742 2248 ut
2774 2197 3123 2253 credentibus
3149 2191 3212 2252 in'
3238 2199 3413 2268 ipsum
3450 2216 3571 2270 per-

1989 2283 2266 2347 suaderet,
2301 2285 2615 2353 quicunque
2663 2300 2763 2354 pro
2801 2287 3001 2341 Christi
3044 2288 3222 2359 gloria
3256 2300 3560 2359 pateretur,

1990 2376 2136 2431 hunc
2191 2377 2282 2432 Dei
2339 2379 2575 2433 viventis
2629 2391 2942 2435 consortem
3003 2382 3272 2438 futurum.
3323 2384 3569 2455 Cumque

1990 2469 2131 2521 nulla
2168 2479 2296 2522 tunc
2333 2469 2500 2524 bestia
2536 2485 2733 2544 corpus
2785 2473 2928 2527 illius
2974 2474 3272 2544 attigisset,
3321 2477 3567 2546 deposita

1988 2572 2056 2612 ex
2105 2557 2310 2627 stipite,
2338 2574 2527 2613 rursus
2555 2559 2607 2612 in
2647 2561 2805 2631 162
2835 2577 3116 2617 carcerem
3167 2566 3482 2635 conjicitur,
3514 2571 3566 2622 in

1989 2647 2134 2700 aliud
2181 2659 2457 2702 certamen
2508 2663 2788 2706 reservata
2823 2673 2834 2706 :
2868 2664 2925 2706 ut
2973 2655 3215 2723 pluribus
3249 2657 3574 2725 prolusioni-

1989 2738 2088 2792 bus
2111 2738 2428 2795 adversario
2463 2751 2744 2810 superato,
2781 2747 3010 2799 tortuosi
3056 2747 3272 2815 quidem
3343 2764 3566 2818 serpen-

1993 2828 2060 2882 tis
2120 2830 2639 2886 condemnationem
2700 2845 2904 2888 certam
2986 2847 3150 2906 atque
3199 2840 3566 2894 inevitabilem

1992 2920 2265 2985 redderet,
2315 2921 2513 2978 fratres
2565 2938 2698 2982 vero
2750 2927 3000 2995 excxuplo
3053 2944 3151 2983 suo
3196 2931 3561 2987 accenderet:

1911 3041 1960 3104 α
1991 3011 2194 3083 quippe
2221 3029 2342 3084 quae
2387 3018 2601 3072 tametsi
2637 3019 2827 3088 pusilla
2885 3019 3211 3093 inﬁrmaque
3248 3035 3304 3081 et
3330 3033 3569 3082 contem-

1988 3113 2108 3175 pta,
2141 3103 2349 3160 Christi
2378 3115 2582 3171 tamen,
2607 3108 2787 3176 magni
2817 3108 2960 3164 illius
3000 3110 3298 3182 invictique
3322 3116 3565 3184 athletae,

1991 3196 2188 3252 rubore
2235 3197 2447 3261 induta,
2491 3210 2547 3252 et
2593 3200 2966 3255 adversarium
3009 3204 3195 3258 multis
3227 3205 3438 3261 vicibus
3474 3223 3571 3264 su-

1989 3297 2257 3358 perasset,
2289 3299 2346 3344 et
2384 3289 2623 3359 glorioso
2647 3293 2954 3349 certamine
2984 3310 3247 3352 coronam
3291 3301 3568 3356 immorta-

1988 3380 2162 3435 litatis
2205 3389 2556 3450 reportasset.
2608 3384 2821 3438 Attalus
2883 3402 3102 3457 quoque
3149 3389 3503 3446 vehementer
3535 3410 3564 3446 a

1991 3475 2191 3542 pepulo
2237 3475 2543 3544 postulatus
2596 3478 3051 3556 adsupplicium,
3081 3490 3268 3551 utpote
3301 3485 3383 3538 vir
3412 3486 3566 3541 valde

1991 3565 2242 3634 celebris,
2273 3576 2498 3638 paratus
2527 3570 2594 3623 ad
2625 3579 2905 3626 certamen
2941 3575 3196 3638 accessit,
3227 3574 3401 3632 fretus
3433 3594 3566 3632 con-

1989 3657 2218 3712 scientia
2261 3669 2410 3715 recte
2458 3661 2744 3717 factorum.
2781 3664 2989 3734 Quippe
3031 3667 3084 3720 in
3117 3667 3560 3726 Christianorum

1987 3750 2271 3820 disciplina
2320 3750 2494 3806 solide
2551 3740 3230 3828 exercitatusptestisqne
3283 3763 3424 3831 apud
3465 3781 3564 3820 nos

1977 3935 2176 3998 potest.
2231 3936 2288 3981 ct
2343 3927 2568 3998 quidem
2605 3929 2907 3993 commode,
2953 3939 3011 3983 ut
3061 3929 3192 3984 mihi
3243 3934 3470 3990 videtur.
3510 3937 3564 3991 ld

1972 3997 2116 4071 enim
2140 3998 2239 4051 sibi
2271 3997 2855 4071 voluntLugdnnenses
2885 4019 2898 4052 :
2929 4014 3123 4053 nomen
3153 4002 3378 4070 Christi,
3401 4020 3560 4071 quem

1973 4067 2110 4134 lapsi
2145 4079 2498 4138 negaverant.
2526 4069 2681 4121 dulce
2708 4070 2776 4120 de
2795 4079 2990 4124 cmtero
3017 4071 3151 4138 ipsis
3177 4067 3373 4129 fuisse.
3397 4067 3565 4134 Paulo

1975 4147 2094 4204 post
2127 4153 2222 4206 pro
2243 4136 2598 4207 νέρωτηθῶσι,
2629 4138 2812 4192 Codex
2851 4136 3142 4194 Medicinus
3165 4152 3219 4196 et
3255 4145 3564 4203 Mazarinus

1975 4206 2366 4277 ὲπερωτηθῶσι
2403 4210 2622 4263 habent.
2663 4209 2754 4263 Sic
2782 4211 2948 4263 etiam
2988 4213 3154 4265 codex
3200 4213 3334 4268 Fuk.
3376 4227 3432 4270 et
3464 4217 3566 4272 Sa-

1978 4279 2112 4330 vili't.

1908 4380 1952 4434 Β
2053 4346 2164 4415 (‘20)
2190 4346 2834 4428 Ἀποτυμπανισθῆνας.
2871 4338 3023 4404 ἠιιιιε
3052 4365 3236 4406 vocem
3273 4369 3374 4408 non
3409 4357 3564 4409 intel-

1983 4415 2112 4468 lexit
2146 4417 2692 4468 Christouhorsonus.
2723 4435 2811 4468 tllll
2835 4423 3098 4468 (nmtmm's
3131 4428 3534 4468 mrmmn'vm-tii

2003 4431 2030 4468 Θ

2036 4419 2120 4490 xit
2146 4417 2692 4490 Christophorsonus,
2723 4420 2811 4490 qui
2835 4423 3098 4487 tympanis
3131 4428 3362 4490 torqueri
3381 4431 3559 4480 vertit.

1981 4485 2123 4558 Quid
2190 4488 2293 4540 hoc
2357 4489 2580 4558 verbum
2636 4485 3315 4558 signiticet,jampridem
3379 4497 3563 4552 docuit

1981 4554 2328 4610 Villiomarus
2360 4559 2410 4610 in
2437 4557 2592 4611 libris
2615 4554 2872 4610 Adversus
2894 4554 3174 4613 Roberlnm
3200 4560 3415 4618 Titium.

2050 4626 2161 4702 (2t)
2191 4627 2312 4702 Τῆς.
2334 4624 2544 4702 ένβᾴδε
2563 4629 3017 4702 πανηγύρεως...
3050 4630 3396 4702 ἀρχομένης
3413 4651 3564 4690 συν-

1979 4693 2514 4751 εστάναιζιὲυιθιπίε
2533 4711 2596 4750 ex
2623 4693 2766 4751 omni
2795 4693 3279 4755 Calliaconienius
3317 4693 3562 4761 ludorum

1980 4781 2144 4838 causa
2181 4768 2342 4820 [iebat
2390 4767 2655 4838 Lugduni.
2694 4769 2759 4819 ad
2806 4770 3236 4838 araquugusto
3265 4787 3560 4830 sacratam.

1981 4837 2166 4890 Dicata
2193 4845 2372 4891 autem
2414 4835 2728 4890 fuerathazc
2765 4836 3023 4893 araJulio
3039 4835 3278 4894 Antonio
3311 4852 3358 4896 et
3395 4843 3563 4900 Fabio

1979 4904 2241 4960 Africano
2283 4922 2453 4970 coss.,
2484 4906 2739 4960 Kalendis
2768 4906 3016 4972 Augusti,
3053 4920 3110 4962 ut
3141 4912 3331 4966 scribit
3362 4914 3562 4968 Sueto-

1984 4978 2110 5030 nius
2156 4979 2208 5030 in
2253 4976 2497 5030 Claudio.
2537 4977 2640 5030 Eos
2679 4976 2833 5030 ludos
2872 4979 3049 5032 adhuc
3083 4995 3174 5032 sua
3212 4993 3370 5036 aetate
3413 4999 3564 5038 man-

1980 5046 2122 5100 sisse
2150 5046 2340 5100 scribit
2373 5048 2488 5123 Dio.
2519 5045 2590 5099 Ex
2620 5047 2704 5100 his
2737 5046 3009 5114 colligitur
3040 5063 3312 5123 martyres
3344 5052 3563 5123 Lugd“-

1980 5131 2381 5192 pensesmense
2406 5115 2650 5192 Augusto
2675 5130 3021 5192 passosesse.
3039 5115 3392 5186 Quod'autem
3418 5115 3563 5192 Ᾰιιο,

1980 5185 2281 5263 Usuardus,
2312 5187 2476 5248 Beda,
2515 5185 2784 5263 Notkerus
2823 5187 3042 5263 aliique
3066 5185 3295 5244 natalem
3343 5185 3563 5263 Lllgt'ﬂ;

1980 5257 2556 5328 nensi_untmartyrum
2591 5256 2882 5328 conferunt
2906 5259 2956 5310 in
2989 5260 3133 5314 diem
3170 5256 3558 5328 quartum'No-

1982 5340 2082 5378 nas
2111 5325 2279 5389 Junii,
2337 5325 2468 5398 nihil
2501 5341 2588 5380 me
2627 5336 2828 5398 movet.
2860 5326 2958 5380 Diu
3015 5331 3160 5382 enim
3187 5325 3313 5398 post
3342 5335 3560 5388 illormn

1981 5410 2193 5456 necem,
2219 5410 2339 5466 cum
2373 5395 2584 5466 illorum
2623 5397 2861 5465 reliquias
2901 5399 3130 5453 inventa:
3169 5395 3414 5466 fuissent,
3474 5404 3565 5458 hic

1980 5466 2096 5518 dies
2122 5465 2460 5532 potissimum
2487 5465 2694 5520 electus
2726 5478 2831 5530 est,
2863 5482 2971 5535 quo
2997 5469 3234 5522 ornnium
3269 5465 3426 5525 simul
3455 5489 3563 5527 tuc-

1981 5537 2154 5588 moria
2209 5536 2598 5601 celebraretur,
2645 5552 2768 5589 cmn
2817 5549 2993 5592 tanton
3037 5555 3141 5594 non
3188 5555 3307 5595 uno-
3344 5544 3564 5597 eodem-

1979 5620 2086 5672 que
2113 5605 2196 5658 die
2225 5621 2413 5672 omnes
2442 5609 2585 5674 passi
2633 5607 2758 5672 sint,
2813 5622 2873 5661 ut
2925 5624 2988 5663 ex
3043 5611 3144 5663 hac
3179 5613 3406 5682 epistola
3432 5625 3564 5668 cou-

1981 5686 2111 5729 Slﬂi.

3179 5774 3249 5832 iit
