4012 6256
342 270 449 327 ἇὲθ

1418 266 1767 324 HISTORUE
1807 265 2368 322 ECCLESIASTICE
2410 265 2535 323 LIB.
2580 265 2641 320 Υ.

3511 273 3618 328 ιεο

345 385 463 441 δίνα
512 383 668 436 πάλιν
714 384 1092 456 εἰσεκομίζετο
1134 384 1273 456 μετὰ
1316 387 1407 438 καὶ
1449 386 1710 440 Ποντικοῦ
1749 387 1928 440 παιδα-

2044 386 2173 455 liqui
2200 385 2378 439 traditi
2409 395 2535 439 sunt
2568 382 2774 437 bestiis.
2813 382 3076 437 Caeterum
3112 384 3300 454 ingens
3329 386 3496 456 gloria
3527 403 3617 443 ac-

349 477 468 549 ρίου
501 476 574 540 ὼς
601 476 1002 530 πεντεκαίδεκα
1033 477 1188 529 ἐτῶν.
1227 477 1288 528 Οἳ
1319 478 1412 530 καὶ
1456 478 1774 549 καθημέραν
1826 481 1938 530 εἰσ-

348 569 548 638 ήγοντο
573 566 709 637 πρὸς
735 567 795 619 τὸ
827 567 1044 636 βλέπειν
1081 566 1178 636 τὴν
1202 567 1308 620 τῶν
1338 567 1539 620 λοιπῶν
1569 569 1806 631 κόλασιν,
1843 570 1938 622 καὶ

348 657 722 727 ἠναγκάζοντο
749 659 977 728 ὀμνύναι
1010 661 1150 712 κατά
1179 659 1284 712 τῶν
1325 658 1786 728 είδώλωνγαύτῶν.
1830 663 1940 714 Καὶ

347 749 438 803 διὰ
488 752 548 803 τὸ
591 751 849 822 ἐμμένειν
889 751 1188 816 εὐσταθῶς,
1223 752 1315 803 καὶ
1373 750 1672 817 ἐξουθενεῖν
1718 753 1936 816 αὐτοὺς,

348 843 600 914 ἡγριὼθη
648 844 784 914 πρὸς
822 846 1020 907 αὐτοὺς
1061 844 1122 896 τὸ
1153 844 1386 915 πλῆθος,
1422 845 1496 907 ὡς
1526 846 1659 914 μήτε
1690 844 1787 914 τὴν
1820 844 1938 914 ἠλι-

348 937 478 990 κίαν
502 935 595 988 τοῦ
625 935 812 998 παιδὸς
841 938 1104 1008 οἰκτεῖραι
1125 977 1139 1000 ,
1173 937 1308 1006 μήτε
1341 937 1400 989 τὸ
1431 935 1649 1004 γύναιον
1693 937 1941 1008 αἰδεσθῆ-

351 1047 461 1081 ναι.
489 1028 631 1099 Πρὸς
663 1028 840 1081 πάντα
871 1027 929 1080 δὲ
952 1027 1022 1080 τὰ
1053 1026 1202 1079 δεινά
1229 1027 1568 1098 παρέϐαλλον
1601 1028 1816 1090 αὐτοὺς,
1849 1027 1940 1079 καὶ

349 1120 440 1173 διά
490 1120 670 1189 πάσης
711 1119 768 1170 ἐν
814 1117 996 1188 κύκλῳ
1046 1119 1230 1189 διῆγον
1272 1118 1579 1182 κολάσεως,
1626 1118 1942 1190 ἐπαλλήλως

351 1210 754 1278 ἀναγκάζοντες
785 1210 998 1280 ὀμόσαι,
1028 1209 1164 1263 ἀλλὰ
1207 1209 1280 1280 μὴ
1305 1209 1592 1280 δυνάμενοι
1619 1209 1775 1262 τοῦτο
1803 1215 1940 1282 πρᾶ-

353 1301 442 1366 ξαι
461 1319 474 1330 ·
496 1302 635 1372 ὁμὲν
662 1302 769 1372 γὰρ
796 1303 1078 1368 Ποντικὸς,
1111 1303 1216 1355 ὑπὸ
1241 1305 1340 1373 τῆς
1365 1302 1598 1374 ἀδελφῆς
1630 1320 1940 1374 παρωρμη-

353 1394 535 1464 μένος,
571 1393 646 1457 ὡς
693 1397 787 1447 καὶ
832 1393 899 1446 τά
940 1395 1064 1466 ἔθνη
1105 1394 1322 1465 βλέπειν
1356 1396 1438 1448 ὅτι
1472 1396 1652 1467 εκείνη
1696 1393 1762 1466 ἦν
1806 1413 1942 1467 προ-

348 1485 663 1556 τρεπομένη
713 1489 807 1538 καὶ
855 1486 1186 1556 στηρίζουσα
1233 1487 1432 1550 αὐτὸν,
1489 1489 1668 1540 πᾶσαν
1721 1487 1942 1542 κόλασιν

349 1576 612 1643 γενναίως
647 1575 964 1646 ὑπομείνας,
1000 1577 1249 1630 ἀπέδωκε
1283 1577 1343 1630 τὸ
1379 1576 1614 1647 πνεῦμα.
1658 1578 1719 1629 Ἦ
1750 1577 1805 1629 δὲ
1834 1595 1940 1648 μα-

349 1666 521 1737 καρία
569 1667 829 1719 Βλανδίνα
883 1667 1098 1720 πάντων
1154 1668 1390 1737 ἐσχάτη,
1452 1667 1704 1739 καθάπερ
1759 1669 1942 1740 μήτηρ

349 1758 578 1828 εὐγενὴς
610 1759 1014 1831 παρορμήσασα
1043 1759 1109 1812 τὰ
1136 1759 1302 1813 τέκνα
1333 1760 1426 1814 καὶ
1455 1762 1780 1833 νικηφόρους
1809 1778 1941 1831 προ-

349 1847 618 1917 πέμψασα
650 1849 785 1918 πρὸς
811 1848 901 1901 τὸν
919 1848 1170 1912 Βασιλέα,
1203 1850 1651 1923 ἀναμετρουμένη
1683 1853 1774 1903 καὶ
1799 1850 1936 1922 αὑτὴ

347 1942 528 1994 πάντα
575 1938 646 1992 τὰ
697 1939 804 1992 τῶν
851 1939 1056 1992 παίδων
1095 1941 1484 2012 ἀγωνίσματα,
1532 1941 1756 1994 ἔσπευδε
1803 1942 1938 2011 πρὸς

349 2033 548 2095 αὐτοὺς
575 2031 840 2103 χαίρουσα
872 2033 965 2084 καὶ
997 2032 1376 2106 ἀγαλλιωμένη
1409 2037 1500 2087 ἐπὶ
1530 2035 1596 2103 τῇ
1622 2033 1784 2102 ἐξόδῳ
1809 2075 1821 2097 ,
1863 2035 1938 2098 ὡς

347 2129 430 2187 εις
453 2124 721 2193 νυμφικὸν
742 2124 954 2176 δεῖπνον
982 2123 1312 2196 κεκλημένη,
1339 2126 1473 2178 ἀλλὰ
1503 2126 1575 2197 μὴ
1608 2127 1742 2196 πρὸς
1773 2126 1937 2197 θηρία

349 2215 679 2287 βεσλημένη.
723 2217 832 2270 Καὶ
869 2218 1005 2289 μετὰ
1036 2217 1134 2280 τὰς
1169 2219 1457 2287 μάστιγας,
1493 2217 1629 2286 μετᾶ
1657 2217 1722 2269 τὰ
1750 2216 1934 2286 θηρία,

349 2306 488 2375 μετὰ
518 2307 578 2358 τὸ
605 2309 836 2377 τήγανον
874 2307 983 2378 (28)
1005 2348 1019 2371 ,
1065 2307 1355 2376 τοῦσχατον
1385 2310 1463 2371 είς
1494 2306 1766 2377 γύργαθον
1809 2306 1936 2377 βλη-

348 2397 523 2463 θεῖσα,
543 2399 728 2469 ταύρῳ
745 2397 1081 2470 παρεὸλήθη·
1108 2401 1200 2451 καὶ
1226 2397 1424 2461 ἱκανῶς
1441 2397 1802 2467 ἁναϐληθεῖσα
1824 2396 1934 2467 (29)

351 2489 486 2560 πρὸς
509 2489 604 2541 τοῦ
635 2488 795 2552 ζώου,
833 2489 966 2559 μηδὲ
1004 2489 1254 2560 αἴσθησιν
1281 2488 1360 2544 ἔτι
1392 2490 1498 2540 τῶν
1532 2489 1934 2558 συμϐαινόντων

349 2579 549 2648 ἔχουσα
573 2581 659 2633 διὰ
697 2587 795 2644 τὴν
825 2582 1013 2634 ἐλπίδα
1057 2582 1149 2634 καὶ
1185 2580 1385 2650 ἐποχὴν
1420 2579 1527 2632 τῶν
1573 2579 1937 2648 πεπιστευμέ-

349 2688 456 2722 νων
487 2672 578 2722 καὶ
616 2671 832 2742 ὁμιλίαν
861 2675 994 2744 πρὸς
1021 2672 1276 2746 Χριστὸν,
1313 2671 1487 2742 ἐτύθη
1513 2671 1606 2724 καὶ
1647 2670 1801 2740 αὐτὴ,
1841 2671 1936 2722 καὶ

347 2762 526 2815 αὐτῶν
559 2763 961 2832 ὁμολογούντων
1000 2762 1104 2816 τῶν
1153 2761 1356 2826 ἐθνῶν,
1405 2763 1486 2814 ὃτι
1538 2761 1671 2832 μηδὲ
1717 2760 1933 2814 πώποτε

348 2854 478 2924 παρ’
504 2856 684 2918 αὐτοῖς
713 2857 849 2928 γυνὴ
879 2855 1100 2909 τοιαῦτα
1131 2857 1223 2910 καὶ
1261 2854 1500 2908 τοσαῦτα
1533 2853 1751 2906 ἔπαθεν.
1795 2853 1933 2905 Ἀλλ’

345 2948 455 2999 οὖδ⁵
486 2947 659 3010 οὕτως
697 2949 856 3022 κόρον
905 2949 1208 3020 ἐλάμϐανεν
1245 2947 1422 3001 αὐτῶν
1544 2945 1729 3015 μανία,
1764 2946 1856 2997 καὶ
1897 2947 1928 3016 ἡ

347 3039 486 3106 πρὸς
523 3041 648 3102 τοὺς
687 3040 874 3107 ἁγίους
919 3040 1169 3111 ὡμότης-
1236 3040 1339 3092 ὑπὸ
1379 3039 1486 3110 γὰρ
1533 3037 1724 3108 ἀγρίου
1770 3036 1934 3106 θηρὸς

2043 478 2206 530 cessit
2229 476 2447 531 Christo
2475 492 2570 545 per
2602 492 2696 531 eos
2729 477 2816 543 qui
2855 477 3003 544 prius
3026 477 3242 544 quidem
3270 491 3616 548 negaverant,

2047 579 2172 623 tunc
2216 583 2345 622 vero
2377 570 2779 623 confitebantur
2811 567 2970 621 ﬁdem
3004 568 3206 622 Christi
3245 581 3439 638 praeter
3468 586 3618 640 spem

2043 668 2204 728 atque
2235 661 2689 729 exspectationem
2725 659 3024 729 gentilium.
3069 659 3132 713 lli
3169 662 3430 729 siquidem
3466 677 3621 715 scor»

2048 770 2166 807 sum
2226 754 2542 823 interrogati
2595 765 2722 808 sunt
2771 753 2926 821 quasi
2965 767 3086 805 mox
3140 753 3476 808 absolvendi.
3518 754 3620 822 Qui

2043 861 2164 898 cum
2220 860 2279 897 se
2324 845 2668 900 Christianos
2718 846 2949 899 confessi
3001 855 3224 906 eSscnt,
3285 846 3619 913 reliquorum

2055 947 2354 1007 martyrum
2415 952 2637 991 numero
2711 937 2933 1006 ascripti
2996 947 3139 992 sunt.
3219 937 3376 991 Foris
3439 946 3618 990 autem

2048 1038 2362 1081 manserunt
2395 1029 2430 1081 ii
2458 1069 2471 1090 ,
2509 1045 2740 1099 quorum
2775 1030 2972 1082 animis
3009 1046 3105 1083 nec
3134 1029 3419 1098 vestigium
3453 1030 3619 1083 ullum

2047 1117 2170 1170 ﬁdei
2199 1158 2212 1180 ,
2268 1135 2365 1172 nec
2401 1120 2705 1174 reverentia
2740 1122 2906 1175 vestis
2942 1121 3200 1189 nuptialis
3223 1160 3237 1183 ,
3299 1135 3396 1174 nec
3432 1136 3622 1177 sensus

2049 1210 2256 1262 timoris
2291 1209 2380 1262 Dei
2427 1210 2728 1278 impressus
2761 1229 2998 1281 unquam
3037 1212 3342 1276 insederat;
3385 1213 3473 1266 ﬁlii
3517 1214 3622 1266 sci-

2047 1297 2172 1352 licet
2213 1301 2569 1367 perditionis,
2632 1302 2723 1368 qui
2783 1318 2877 1355 sua
2930 1303 3168 1370 ipsorum
3211 1303 3644 1356 conversatione-

2047 1389 2367 1459 religionem
2410 1406 2575 1459 quam
2619 1392 3012 1461 proﬁtebantur
3046 1393 3469 1448 infamaverant.
3517 1392 3622 1447 Ve,

2045 1495 2166 1532 rum
2195 1481 2377 1534 caeteri
2404 1497 2592 1536 omnes
2623 1485 2896 1553 aggregati
2935 1493 3060 1538 sunt
3089 1483 3367 1540 Ecclesiae.
3407 1485 3480 1537 De
3509 1487 3622 1556 qui-

2046 1571 2144 1625 bus
2191 1587 2313 1625 cum
2357 1573 2587 1641 quaestio
2635 1573 2968 1640 haberetur,
3025 1576 3327 1631 Alexander
3359 1578 3620 1646 quidam,

2046 1663 2266 1719 natione
2305 1664 2523 1736 Phryx,
2574 1666 2916 1734 professione
2967 1667 3249 1732 medicus,
3307 1669 3396 1738 qui
3439 1667 3620 1737 plures

1973 1750 2013 1803 Β
2038 1754 2151 1822 jam
2192 1771 2364 1810 annos
2400 1769 2648 1812 moratus
2688 1757 2866 1812 fuerat
2902 1759 2953 1811 in
2991 1756 3212 1825 Galliis,
3250 1760 3334 1813 vir
3366 1761 3621 1815 omnibus

2046 1847 2363 1902 notissimus
2418 1850 2487 1904 ob
2526 1864 2765 1905 amorem
2817 1850 2909 1904 Dei
2951 1860 3004 1904 et
3043 1851 3298 1905 eximiam
3339 1855 3390 1906 in
3426 1853 3623 1921 praedio

2045 1941 2216 1995 cauda
2276 1940 2380 1995 fide
2437 1943 2744 1998 libertatem
2806 1944 3025 2013 (quippe
3073 1944 3380 2012 apostolica:
3435 1945 3622 2012 gratia:

2047 2033 2268 2086 minime
2298 2048 2495 2101 expers
2517 2032 2686 2104 erat),
2733 2035 2989 2088 tribunali
3027 2037 3319 2099 assistens,
3353 2050 3476 2089 cum
3507 2035 3624 2088 illos

2045 2124 2112 2178 ad
2145 2125 2266 2179 ﬁdei
2307 2126 2708 2181 confessionem
2747 2127 2971 2182 nutibus
3007 2128 3318 2182 hortaretur
3342 2168 3355 2192 ,
3412 2129 3624 2182 cunctis

2044 2218 2135 2286 qui
2189 2218 2424 2270 tribunal
2480 2217 2937 2285 circumdabant,
3000 2230 3258 2288 tanquam
3315 2223 3623 2288 parturiens

2046 2307 2346 2362 videbatur.
2380 2311 2447 2362 At
2476 2311 2665 2380 vulgus
2697 2310 2925 2366 moleste
2960 2310 3142 2366 ferens
3171 2313 3313 2380 quod
3344 2313 3432 2380 qui
3461 2322 3621 2366 antea

2045 2400 2204 2456 ﬁdem
2240 2412 2574 2473 negaverant
2599 2443 2612 2468 ,
2654 2405 2904 2458 eannlem
2940 2405 3005 2458 de
3055 2405 3266 2474 integro
3300 2404 3623 2459 conﬁteren-

2047 2503 2134 2547 tur
2155 2534 2168 2557 ,
2207 2495 2467 2550 adversus
2493 2495 2857 2549 Alexandrum
2890 2507 3144 2565 tanquam
3178 2494 3335 2563 hujus
3363 2496 3621 2550 facinoris

2045 2593 2328 2638 auctorem
2365 2585 2708 2642 conclamare
2741 2587 2927 2654 cmpit.
2970 2587 3179 2641 instans
3215 2587 3360 2641 illico
3388 2601 3618 2654 prazses,

2045 2679 2398 2748 interrogavit
2422 2679 2690 2734 hominem
2719 2682 2966 2749 quisnam
2992 2691 3158 2736 esset.
3193 2681 3292 2747 Qui
3321 2697 3443 2735 cum
3467 2681 3618 2736 Chri-

2043 2769 2278 2823 stianum
2315 2786 2374 2825 sc
2407 2785 2525 2826 esse
2557 2773 2821 2837 dixisset,
2875 2772 3041 2826 iratus
3076 2772 3239 2838 iudex
3275 2788 3395 2826 eum
3432 2773 3495 2826 ad
3530 2773 3621 2826 be-

2043 2862 2176 2916 stias
2210 2863 2508 2919 damnavit.
2543 2863 2810 2918 Postridie
2845 2865 3009 2933 igitur
3043 2880 3148 2916 una
3179 2879 3298 2917 cum
3330 2864 3505 2916 Attalo
3542 2865 3618 2916 in-

2042 2968 2260 3022 gressus
2299 2966 2402 3007 est.
2461 2955 2592 3008 Nam
2629 2965 2682 3009 et
2723 2957 2865 3009 hunc
2899 2971 3100 3024 prmses
3126 2996 3140 3018 ,
3193 2956 3488 3024 gratificari
3525 2971 3606 3024 po-

2043 3042 2170 3111 pulo
2201 3044 2424 3098 studens
2446 3085 2458 3108 ,
2500 3043 2690 3098 bestiis
2723 3061 2936 3099 rursum
2969 3045 3284 3099 tradiderat.
3321 3043 3493 3098 Ambo
3520 3047 3600 3098 ita

345 3131 456 3200 (30)
488 3129 656 3202 ἄγρια
697 3131 788 3187 καὶ
823 3131 1069 3203 βάρϐαρα
1110 3130 1251 3199 φῦλα
1279 3127 1653 3202 ταραχθέντα,
1694 3127 1928 3181 δυσπαύ-

2040 3147 2143 3202 que
2177 3151 2298 3189 cum
2335 3136 2516 3190 omnia
2548 3146 2942 3190 tormentorum
2976 3152 3177 3206 genera
3211 3152 3332 3206 quae
3360 3136 3618 3190 adversus

346 3239 484 3286 στως
527 3220 668 3297 εἶχε.
706 3215 820 3275 Καϊ
853 3223 1018 3293 ἄλλην
1049 3223 1182 3275 ἰδίαν
1219 3221 1390 3293 ἀρχὴν
1419 3220 1512 3271 ἐπὶ
1540 3223 1652 3282 τοῖς
1688 3219 1934 3290 σώμασιν

344 3314 649 3384 ἐλάμδανεν
673 3318 705 3386 ἡ
739 3315 895 3385 ὕϐρις
922 3313 1123 3366 αὐτῶν.
1161 3313 1232 3366 Τὸ
1257 3313 1365 3383 γὰρ
1391 3310 1705 3383 νενικῆσθαι
1737 3312 1933 3374 αὐτοὺς

342 3409 444 3461 οὐκ
477 3407 777 3469 ἐδυσώπει,
826 3408 912 3460 διὰ
958 3407 1017 3460 τό
1065 3407 1137 3477 μὴ
1183 3406 1325 3477 ἔχειν
1371 3404 1708 3476 ἀνθρώπινον
1748 3403 1927 3456 ἐπιλο-

343 3500 573 3568 γισμὺν,
623 3499 822 3570 μᾶλλον
873 3499 926 3551 δὲ
975 3500 1068 3552 καὶ
1108 3498 1329 3570 ἐξέκᾳεν
1376 3496 1555 3550 αὐτῶν
1599 3496 1695 3566 τὴν
1740 3497 1928 3566 ὀργὴν,

344 3591 597 3668 καθάπερ
634 3591 824 3662 θηρίου
872 3592 967 3644 καὶ
1015 3591 1106 3642 τοῦ
1155 3590 1418 3660 ἡγεμόνος
1465 3591 1558 3643 καὶ
1604 3587 1698 3640 τοῦ
1735 3588 1928 3657 δήμου,

343 3684 403 3736 τὸ
425 3683 606 3754 ὅμοιον
629 3686 707 3746 είς
735 3685 880 3756 ἡμᾶς
907 3682 1103 3745 ἀδίκως
1125 3683 1579 3754 ἐπιδεικνυμένων
1613 3685 1764 3754 μῖσος
1794 3681 1923 3750 (51)·

345 3903 506 3957 supra
543 3888 682 3942 dixit
717 3889 783 3942 de
806 3889 1018 3944 Maturo
1054 3898 1108 3942 et
1150 3889 1354 3944 Sancto
1384 3908 1396 3941 :
1444 3889 1588 3941 ’Avt‘t
1619 3888 1797 3957 πάσης
1827 3887 1925 3955 τῆς

342 3961 406 4030 ἐν
431 3963 543 4022 τοῖς
567 3961 912 4030 μονομαχίας
943 3960 1214 4022 ποικιλίας
1249 3961 1411 4030 αὐτοὶ,
1444 3959 1621 4027 θέαμα
1647 3959 1926 4028 γενόμενοι

339 4029 418 4099 τῷ
441 4031 652 4099 κόσμῳ.
699 4029 901 4084 Praeter
943 4031 1059 4082 ba-c
1104 4045 1328 4083 munera
1365 4029 1702 4098 gladiatoria.
1766 4034 1925 4080 datus

343 4113 601 4167 przeterea
627 4101 805 4152 fuerat
847 4115 874 4153 a
915 4100 1143 4168 praeside
1185 4101 1301 4154 dies
1335 4100 1634 4168 spectaculi
1682 4100 1916 4151 ferarum

343 4182 565 4240 prapter
599 4169 959 4240 ChriStianos,
1009 4179 1064 4221 ut
1109 4171 1429 4240 nominatim
1481 4168 1674 4240 dicitur
1701 4170 1761 4240 in
1795 4169 1919 4240 hic

343 4235 590 4310 epistola,
613 4240 731 4310 si};
751 4240 859 4291 τῶν
885 4237 1257 4310 θηριομαχιῶν
1281 4238 1493 4310 ἡμέρας
1520 4235 1607 4291 διὰ
1634 4239 1758 4300 τοὺς
1783 4238 1919 4306 ἡμε-

341 4303 531 4380 τέρους
552 4303 855 4378 διδομένης.
887 4303 1068 4376 usque
1100 4303 1242 4362 enim
1279 4303 1566 4380 Inlac'inter
1591 4322 1649 4361 se
1687 4303 1917 4380 coniun-

342 4377 513 4468 danda
545 4377 677 4434 esse
723 4377 994 4468 existimp,
1018 4379 1374 4468 ,μονομαχίας
1413 4378 1622 4458 scilicet
1654 4387 1706 4431 et
1736 4377 1916 4468 θηριρ-
1954 4415 1995 4468 D

343 4449 566 4520 μαχίας,
617 4451 866 4516 quamvis
937 4447 1114 4503 Latini
1175 4447 1288 4502 uno
1343 4450 1584 4520 muneris
1655 4447 1916 4520 vocabulo

342 4516 634 4585 utrumque
697 4519 1066 4585 spectaculum
1141 4519 1625 4587 comprehendant.
1681 4516 1736 4570 Si
1794 4517 1916 4584 quis

339 4596 519 4643 tamen
542 4589 874 4658 μονομαχίας
896 4599 952 4642 et
969 4589 1329 4660 θηριομαχίας
1366 4587 1452 4641 hic
1482 4603 1577 4654 pro
1610 4589 1798 4642 eodem
1820 4603 1913 4660 su-

339 4660 410 4712 mi
443 4656 1038 4728 conternlat,equidem
1084 4656 1188 4710 non
1209 4656 1537 4728 magnopere
1582 4656 1910 4725 repugnabo.

338 4729 502 4783 Certe
531 4730 583 4781 itt
623 4727 800 4783 Gestis
842 4727 1223 4796 prwsidialibus
1271 4727 1581 4782 sanctorum
1615 4738 1912 4796 martyrum

341 4797 598 4860 Tarachi,
625 4798 782 4853 Probi
821 4811 872 4852 et
904 4798 1226 4860 Andronici,
1259 4798 1582 4864 gladiatores
1627 4804 1914 4864 sumuntur

338 4884 435 4936 pro
457 4870 748 4922 bestiariis.
775 4869 1035 4922 Sicenim
1069 4863 1326 4923 scribitur
1357 4882 1474 4934 cap.
1510 4867 1574 4919 10
1610 4883 1621 4916 :
1649 4863 1715 4917 In
1745 4867 1914 4931 prima

339 4936 568 4990 muneris
615 4940 860 5001 editione,
896 4955 1013 4990 cum
1061 4938 1237 4991 multa:
1270 4937 1396 5006 fera:
1445 4938 1690 4989 immissa?
1725 4947 1910 4998 essent,

339 5009 624 5060 multorum
653 5009 1012 5076 gladiatorum
1049 5023 1266 5074 corpora
1297 5008 1382 5076 qui
1418 5008 1592 5059 multis
1624 5007 1766 5058 horis
1794 5020 1911 5055 cum

341 5078 515 5129 bestiis
532 5091 910 5144 pugnaverant,
937 5082 1185 5131 devorata
1215 5089 1358 5129 sunt.
1385 5076 1548 5128 Paulo
1583 5084 1701 5144 post
1733 5085 1909 5127 tamen

340 5147 702 5214 gladiatorum
727 5163 921 5201 munus
939 5163 967 5198 ιι
993 5162 1214 5200 munere
1241 5148 1472 5199 lerarutn
1499 5146 1695 5198 ibidem
1722 5145 1914 5214 distin-

337 5213 520 5284 guitur
545 5217 627 5269 his
653 5219 831 5270 verbis
869 5234 882 5268 :
923 5215 1188 5270 Maximus
1223 5216 1502 5282 proconsul
1527 5217 1806 5282 indignans
1821 5213 1913 5280 ju-

338 5293 414 5337 bet
450 5287 535 5337 edi
567 5287 919 5356 gladiatorum
953 5303 1163 5351 munus,
1203 5287 1388 5356 quibus
1438 5288 1782 5356 mandaretur
1808 5285 1910 5356 im-

333 5358 521 5422 primis
552 5352 886 5408 Cltristianos
935 5369 1188 5424 martyres
1215 5352 1418 5425 'qludiis
1457 5354 1693 5425 confodit
1730 5354 1834 5406 Sed
1859 5361 1910 5404 et

335 5425 572 5495 Cyrillus
592 5423 1118 5493 Hierosolymitanus
1139 5442 1190 5477 tn
1229 5423 1400 5493 prima
1426 5423 1695 5476 Cutechesi
1723 5431 1912 5492 mysta-

334 5495 539 5563 gogica,
570 5500 896 5564 μονομαχεῖν
929 5496 1058 5550 dicit
1089 5499 1154 5548 dc
1193 5496 1478 5554 bestiariis,
1515 5508 1566 5547 et
1591 5495 1912 5564 Chrysostu-

334 5582 452 5635 mus
469 5567 521 5616 itt
543 5563 764 5618 liont'tlia
784 5563 844 5617 de
859 5565 1019 5630 Jona,
1043 5565 1300 5635 pagblil,‘
1323 5566 1370 5617 οἱ
1393 5564 1601 5633 θηρίοις
1623 5563 1910 5635 πυκτεύειν

334 5633 643 5718 μέλλοντες.
689 5637 841 5700 Quod
878 5636 1015 5691 idem
1045 5633 1131 5691 est
1152 5652 1213 5690 ac
1247 5637 1291 5690 si
1319 5634 1544 5688 dixisset
1583 5633 1788 5708 θηρίοις
1817 5648 1911 5707 μο-

331 5721 611 5776 νομαχειν.
893 5735 900 5744 ι

2037 3226 2185 3296 ipsos
2209 3230 2516 3297 excogitata
2547 3227 2788 3293 fuerant,
2822 3230 2874 3282 in
2901 3229 3306 3296 amphitheatro
3332 3243 3616 3297 percucur-

2037 3317 2254 3383 rissent,
2298 3320 2639 3388 maximoque
2678 3319 2974 3374 certamine
2995 3319 3260 3387 perfuncti
3283 3331 3615 3386 essent,tan-

2037 3408 2156 3462 dem
2183 3409 2360 3478 gladio
2388 3405 2798 3478 percussi’sunt.
2839 3410 2904 3463 Et
2927 3409 3239 3464 Alexander
3265 3411 3486 3478 quidem
3517 3425 3616 3466 nec

2038 3500 2298 3570 ingemuit
2341 3517 2576 3569 unquam
2599 3541 2612 3564 ,
2649 3515 2751 3555 nec
2787 3516 2974 3556 vocem
3012 3501 3174 3554 ullam
3211 3501 3470 3569 protulit,
3520 3501 3614 3555 sed

2042 3590 2272 3644 interius
2320 3603 2502 3645 mente
2559 3592 2609 3644 in
2662 3609 2719 3646 se
2753 3591 2978 3646 collecta
3032 3589 3442 3659 colloquebatur
3491 3606 3612 3644 cum

2043 3683 2168 3736 Deo.
2211 3681 2424 3738 Attalus
2459 3697 2588 3737 vero
2620 3697 2739 3738 cum
2777 3684 2828 3736 in
2872 3680 3046 3736 ferrea
3094 3681 3352 3735 cathedra
3385 3681 3612 3735 collocav

2105 3884 2216 3955 (28)
2241 3884 2402 3938 Μετὰ
2428 3883 2491 3937 τὸ
2521 3883 2800 3954 τήγανον.
2826 3883 3154 3955 Craticulam
3176 3885 3333 3938 vertit
3365 3885 3610 3941 Ruﬁnus.

2030 3953 2174 4010 Idem
2201 3956 2357 4023 plane
2399 3964 2481 4007 est
2525 3957 2664 4020 quod
2716 3969 2876 4021 supra
2911 3953 3125 4007 vocavit
3159 3955 3390 4008 ferream
3420 3957 3610 4011 cathe-

2030 4025 2204 4086 dram,
2233 4025 2319 4079 cui
2360 4025 2596 4092 impositi
2635 4033 2925 4093 martyres,
2967 4032 3218 4092 tanquam
3254 4025 3304 4075 in
3334 4027 3608 4093 sartagine

2034 4095 2407 4148 torrebantur.
2445 4095 2537 4147 Sic
2567 4093 2708 4147 enim
2743 4094 3110 4161 supradictum
3147 4094 3324 4161 est_de
3357 4095 3562 4147 Maturo
3589 4115 3605 4150 :

2040 4164 2161 4217 Ἐπὶ
2211 4165 2364 4236 πᾶσι.
2389 4162 2486 4234 τὴν
2518 4163 2768 4236 σιδηρᾶν-
2792 4159 3078 4234 καθέδραν,
3115 4159 3609 4236 éfp'ﬁc»?1]f{a‘_ltC6_-

2029 4250 2165 4303 μενα
2197 4235 2265 4286 τα
2301 4231 2552 4304 σώματα,
2579 4231 2685 4288 eic.
2721 4231 2834 4288 Mos
2861 4231 3004 4304 enim
3040 4231 3180 4304 erat,
3211 4231 3602 4304 utChristiani,

2028 4301 2317 4372 antequam
2361 4301 2544 4358 bestiis
2571 4305 2957 4371 objicerentur,
2990 4303 3040 4356 in
3074 4301 3381 4372 hujusmodi
3411 4301 3602 4358 cathe-l

2026 4375 2119 4425 dra
2159 4371 2454 4442 suppositis
2483 4377 2672 4442 prunis
2699 4373 3016 4427 ardentibus
3046 4371 3318 4437 sederent,
3349 4382 3403 4425 ut
3446 4376 3605 4442 paulo

2029 4453 2154 4496 ante
2181 4444 2373 4512 legitur
2399 4443 2464 4512 de
2488 4443 2687 4496 Attalo.
2832 4511 2837 4512 γ
2943 4472 2949 4479 -

2098 4513 2210 4582 (29)
2241 4511 2487 4576 Ἶκίινῶς
2521 4511 2945 4578 ἀναϐληθεῖσα.
2984 4511 3128 4564 Inter
3158 4511 3460 4582 voluptates
3487 4527 3604 4566 am-

2023 4581 2403 4651 phitheatralis
2423 4585 2714 4651 spectaculi
2737 4588 2846 4634 haec
2863 4593 3002 4646 erat,
3025 4591 3080 4632 ut
3100 4591 3281 4634 taurus
3302 4581 3352 4632 in
3379 4596 3602 4637 arenam

2025 4652 2440 4715 produceretur,
2473 4653 2558 4706 cui
2593 4653 2644 4705 in
2677 4654 2916 4705 furorem
2963 4651 3238 4705 concitato
3267 4652 3458 4705 noxios
3500 4653 3602 4705 ho-

2025 4723 2198 4776 mines
2232 4723 2459 4777 rcticulo
2489 4723 2724 4776 inclusos
2753 4722 3080 4787 objiciebant
3102 4759 3117 4781 ,
3157 4735 3292 4790 quos
3334 4721 3422 4774 illc
3459 4723 3602 4775 velut

2023 4792 2162 4859 pilas
2209 4793 2259 4845 in
2311 4793 2478 4846 altum
2507 4792 2770 4859 iactabat.
2813 4790 3093 4846 Notissimi
3146 4800 3270 4844 sunt
3314 4791 3413 4845 hac
3441 4792 3506 4845 de
3545 4808 3601 4846 re

2022 4861 2288 4915 Martialis
2321 4877 2544 4916 versus:
3549 4886 3554 4890 ·

2132 4931 2341 4984 Taurus
2371 4941 2424 4984 ut
2457 4931 2726 4998 impositas
2749 4931 2923 4997 jaclat
2951 4933 3020 4982 aa'
3049 4939 3192 4983 astra
3227 4929 3382 4998 pilas.

2091 4999 2360 5074 (30)_'I':td
2381 5005 2490 5070 γὰρ
2511 5000 2722 5074 ἀγρίου
2745 5002 2945 5074 θηρόςι
2976 5001 3268 5074 Antiqnum
3291 5008 3596 5074 serpentem

2021 5071 2183 5126 vertit
2211 5071 2456 5134 Rufinus,
2491 5073 2789 5126 daemonem
2824 5071 3032 5124 scilicet
3069 5071 3266 5124 rectius
3305 5071 3406 5124 hoc
3439 5075 3600 5124 modo

2021 5142 2292 5210 designari
2337 5141 2678 5210 existimans.
2705 5140 2864 5210 Certe
2915 5139 3102 5194 Graeca
3155 5155 3258 5193 vox
3298 5141 3460 5193 etiam
3488 5157 3599 5193 εει·-

2017 5209 2221 5277 pcntém
2244 5211 2534 5280 signiﬁcat.
2577 5209 2727 5265 Unde
2747 5220 2800 5263 et
2824 5209 3050 5263 theriace
3083 5213 3298 5264 dicitur.
3330 5210 3421 5262 Sic
3439 5210 3600 5277 paulo

2022 5281 2158 5333 infra
2181 5282 2208 5331 ὁ
2238 5279 2343 5352 θήρ
2372 5297 2470 5350 pro
2496 5280 2707 5335 diabolo
2741 5281 2994 5344 sumitur,
3019 5282 3108 5334 ubi
3143 5280 3417 5334 Musculus
3457 5283 3600 5346 cipe.

2022 5366 2134 5401 ram
2173 5361 2356 5403 vertit.

2091 5421 2202 5487 lEii)
2241 5420 2308 5472 Τὸ
2336 5419 2539 5486 ὅμοιον
2565 5422 2651 5485 είς
2679 5419 2834 5489 ἡμᾶς
2858 5419 3070 5483 ἀδίκως
3090 5418 3597 5489 ἐπιδεικνυμένων

2013 5491 2222 5556 μῖσος..
2249 5489 2474 5543 Recnus
2507 5491 2557 5541 in
2603 5488 2785 5544 codice
2823 5489 2984 5551 Maz.,
3038 5489 3289 5543 Medicam
3322 5499 3376 5542 et
3419 5488 3595 5543 Fuke-

2023 5559 2169 5612 tiano
2196 5557 2453 5612 scribitur
2481 5558 2686 5622 ἄδικον,
2718 5561 2859 5628 quod
2909 5560 3156 5627 equidem
3189 5559 3365 5628 valde,
3394 5562 3591 5625 probo,

2022 5630 2120 5700 nisi
2151 5631 2269 5700 quis
2295 5629 2442 5680 malit
2469 5629 2644 5695 legere
2666 5627 2936 5682 τὸίᾶδικον
2971 5631 3049 5692 είς
3076 5630 3220 5700 ἡμᾶς
3248 5627 3444 5697 ὁμοίως
3471 5629 3594 5700 επις

2017 5698 2376 5768 δεικνυμένων
2408 5700 2581 5770 μῖσος.
2632 5700 2703 5754 De
2735 5701 2928 5769 injusto
2959 5697 3180 5769 erga'so
3205 5702 3440 5769 gentium
3467 5697 3593 5756 odia
