4012 6256
2120 270 2181 279 ...ενι

432 382 537 439 ιεε
1133 374 1402 435 EUSEBII
1438 375 1916 448 CJESARIENSIS
1949 363 2001 433 α

2145 373 2324 429 rans
2422 375 2505 446 ε-
2542 372 2930 433 ιιιδτοιιιω.
3568 372 3671 430 ssc

432 504 632 575 crymis
663 500 1025 558 obsecrabant
1065 499 1291 562 fratres,
1333 508 1393 553 ut
1435 499 1703 554 continuas
1740 498 1805 552 ad
1836 498 2000 554 Deum

2109 497 2449 568 τελειωθῆναι
2475 497 2690 561 αὐτούς.
2725 497 2837 551 Καὶ
2868 495 2964 568 τὴν
3008 494 3106 575 μὲν
3143 493 3371 567 δύναμιν
3408 494 3508 566 τῆς
3537 512 3678 568 μαρ-

433 611 625 665 preces
674 594 902 660 fierent,
951 608 1058 663 quo
1105 593 1318 646 tandem
1367 593 1463 662 ipsi
1512 592 1807 662 perfectum
1842 591 2001 646 linem

2109 589 2293 659 τυρίας
2327 590 2474 661 ἔργῳ
2507 589 2901 655 ἐπεδείκνυντο,
2947 588 3146 660 πολλὴν
3175 586 3485 659 παρρησίαν
3519 586 3680 657 ἀγον-

433 686 654 756 οιίίρίεεί
709 693 1071 741 mererentur.
1124 684 1203 738 Ac
1255 684 1433 752 rcipsa
1484 683 1700 752 quidem
1746 684 2000 738 virtutem

432 785 731 847 martyrum
788 774 1147 838 exhibebant,
1206 787 1328 827 cum
1387 773 1589 843 ingenti
1641 772 1890 827 libertate
1939 787 2004 828 ac

434 866 630 919 ﬁducia
660 864 952 933 gentilibus
990 863 1412 932 respondentes:
1453 872 1507 916 et
1536 863 1807 932 egregiam
1839 863 1999 918 animi

434 952 667 1008 indolem
716 953 914 1022 partim
949 952 1264 1016 tolerantia,
1312 952 1507 1021 partim
1549 953 1691 1021 quod
1723 962 1896 1006 metus
1939 967 2003 1006 ac

430 1047 647 1116 pavoris
702 1055 953 1115 expertes
1008 1054 1233 1111 essent,
1298 1044 1584 1114 perspicue
1642 1046 1997 1100 testabantur.

430 1132 606 1207 Ipsam
632 1151 762 1191 vero
789 1148 1086 1207 martyrum
1119 1136 1531 1205 appellationem
1562 1151 1589 1190 a
1616 1134 1871 1190 fratribus
1898 1136 2000 1190 sibi

427 1230 662 1284 oblatam
681 1268 696 1293 ,
730 1238 913 1301 utpote
942 1230 1135 1283 timore
1165 1229 1254 1283 Dei
1285 1228 1565 1283 constricti
1595 1227 1947 1298 refugiebant.
1976 1248 1994 1280 ο

426 1319 494 1375 Ει
541 1319 702 1390 paulo
749 1329 900 1390 post:
958 1339 977 1373 ι
1007 1319 1387 1388 Deprimebant
1422 1334 1518 1384 se,
1577 1320 1866 1388 inquiunt,
1900 1320 1999 1372 sub

427 1428 588 1466 manu
630 1412 871 1482 potenti;
912 1428 940 1466 a
975 1428 1080 1483 qua
1130 1430 1275 1467 nunc
1309 1413 1597 1469 sublimius
1623 1412 1818 1467 elevati
1849 1419 1996 1467 sunt.

427 1502 582 1559 Tunc
615 1520 747 1559 vero
780 1506 1022 1560 omnium
1066 1505 1433 1561 defensionem
1464 1504 1865 1573 suscipiebant,
1908 1519 2004 1557 ne-

425 1597 627 1653 minem
664 1597 990 1651 accusabant
1010 1636 1026 1659 ,
1059 1603 1284 1651 cunctos
1312 1594 1695 1658 absolvebaut,
1718 1593 1875 1665 167
1908 1609 2001 1649 ne-

428 1688 626 1741 minem
659 1686 917 1757 ligabant.
947 1687 1259 1753 Quinetiam
1307 1701 1406 1755 pro
1438 1685 1544 1739 illis
1572 1700 1600 1738 a
1625 1684 1818 1754 quibus
1848 1699 1999 1739 acer-

427 1780 655 1835 bissime
751 1781 977 1835 cruciati
1043 1778 1298 1843 fuerant,
1387 1778 1636 1849 exemplo
1717 1778 1997 1848 perfectis-

426 1873 550 1943 simi
583 1873 836 1943 martyris
871 1871 1154 1941 Stephani,
1191 1871 1358 1925 Deum
1381 1870 1748 1941 precabantur
1777 1888 1790 1924 :
1833 1889 1853 1922 ι
1896 1868 2002 1923 Do-
2035 1850 2077 1904 Β

414 1966 453 2018 ἐ
489 1965 649 2031 tuine,
690 1979 755 2019 ne
785 1964 1016 2033 imputes
1040 1963 1148 2018 illis
1180 1963 1279 2017 hoc
1304 1971 1604 2031 peccatum.
1635 1958 1822 2026 »ρηοιί
1846 1958 1890 2014 si
1917 1958 2004 2014 ille

426 2070 525 2123 pro
557 2055 926 2124 lapidautibus
959 2056 1174 2119 orabat,
1206 2063 1412 2125 quanto
1449 2052 1622 2123 magis
1664 2066 1765 2123 pro
1810 2051 1998 2105 fratriv

425 2146 528 2201 bus
563 2162 685 2202 eum
736 2161 921 2201 orasse
966 2147 1229 2202 credibile
1258 2154 1361 2201 est.
1403 2166 1422 2199 ο
1479 2143 1592 2201 Nec
1641 2144 1812 2200 multo
1858 2154 1998 2214 post,

428 2237 544 2290 hare
574 2237 816 2291 addunt:
861 2254 880 2287 ι
916 2236 1028 2291 lloc
1056 2236 1200 2290 enim
1234 2236 1531 2289 maximum
1582 2245 1859 2291 certamen
1896 2235 2001 2289 illis

427 2326 529 2380 fuit
559 2325 829 2382 adversus
879 2325 1175 2387 diabolum,
1227 2326 1295 2381 ob
1346 2326 1619 2382 sinceram
1670 2341 1733 2381 ac
1779 2326 2002 2382 minime

428 2419 663 2474 fucatam
691 2419 1045 2483 charitatem,
1080 2428 1137 2473 ut
1170 2435 1305 2488 quos
1337 2419 1427 2475 ille
1461 2420 1727 2491 malignus
1774 2437 2001 2492 serpens

423 2511 576 2566 vivos
604 2511 716 2579 jam
754 2526 815 2565 se
847 2511 1137 2567 devorasse
1167 2513 1497 2577 crediderat,
1548 2515 1698 2569 elisis
1748 2513 2000 2568 faucibus

424 2617 678 2661 evomere
743 2611 1048 2673 cogeretur.
1076 2602 1261 2674 Neque
1286 2605 1430 2658 enim
1468 2604 1609 2659 fastu
1638 2618 1692 2659 et
1733 2620 2001 2676 arrogan-

428 2692 498 2747 tia
559 2692 936 2748 intumuerunt
988 2694 1249 2764 adversus
1301 2694 1501 2763 lapsos,
1550 2694 1642 2749 sed
1687 2708 1749 2749 ea
1806 2695 2000 2763 quibus

426 2782 775 2838 abundabant
815 2786 976 2848 bona,
1028 2783 1397 2853 indigentibus
1441 2784 1747 2839 liberaliter
1796 2785 2003 2840 submi-

428 2872 757 2936 nistrabant,
789 2881 1032 2927 materna
1062 2873 1315 2941 quasdam
1356 2873 1749 2929 misericordia:
1786 2876 1998 2930 viscera

425 2974 722 3034 gestantes,
761 2979 1122 3035 magnamque
1164 2962 1272 3016 vim
1312 2964 1675 3034 iacrymarum
1731 2979 1829 3034 pro
1882 2966 2001 3019 illo-

429 3071 546 3110 rum
578 3055 751 3110 salute
781 3070 966 3110 coram
1001 3054 1109 3110 Deo
1142 3054 1302 3109 Patre
1345 3054 1663 3109 fundentes.
1702 3056 1877 3111 Vitam
1914 3072 2001 3126 pe-

425 3149 655 3212 tierunt,
689 3160 743 3203 et
773 3147 999 3219 largitus
1020 3158 1117 3203 est.
1131 3150 1209 3203 eis
1236 3147 1374 3201 Deus
1410 3147 1455 3179 ³⁸
1498 3166 1510 3200 :
1540 3162 1699 3218 quam
1730 3148 1893 3204 etiam
1925 3150 2003 3203 illi

423 3235 690 3310 proiintis
725 3240 839 3295 suis
872 3240 1370 3304 communiearunt,
1419 3239 1621 3307 ubique
1667 3240 1906 3295 victores
1936 3243 2000 3296 ad

428 3332 596 3387 Deum
631 3330 883 3401 profecti.
921 3331 1165 3400 Cumque
1198 3345 1383 3399 pacem
1414 3330 1755 3393 dilexissem.
1811 3347 1999 3401 pacem

423 3425 586 3479 nobis
621 3426 1117 3486 commendassem,
1154 3423 1252 3491 ipsi
1287 3438 1408 3476 cum
1441 3437 1576 3492 pace
1629 3424 2002 3493 migraverunt

424 3515 489 3568 ad
522 3515 690 3569 Deum
717 3532 732 3569 :
765 3530 869 3569 non
899 3513 1142 3568 dolorem
1172 3513 1353 3577 matri,
1383 3529 1491 3567 non
1529 3514 1800 3570 fratribus
1833 3517 1999 3571 (Ιίευί-

2101 698 2193 744 τες
2218 681 2354 751 πρὸς
2377 681 2555 734 πάντα
2582 679 2651 733 τά
2679 679 2828 751 ἔθνη,
2872 680 2963 733 καὶ
3005 680 3104 751 τὴν
3147 679 3427 748 εὐγένειαν
3464 677 3552 732 διὰ
3580 677 3681 749 τῆς

2105 772 2379 842 ὑπομονῆς
2402 774 2493 826 καὶ
2513 772 2738 840 ἀφοϐίας
2776 772 2869 824 καὶ
2892 771 3157 840 ἀτρομίας
3181 768 3421 840 φανερὰν
3441 767 3681 832 ἐποίουν.

2103 863 2199 934 τὴν
2224 863 2280 915 δὲ
2313 863 2449 933 πρὸς
2477 864 2603 925 τοὺς
2636 862 2897 930 ἀδελφοὺς
2934 861 3043 914 τῶν
3080 861 3371 933 μαρτύρων
3403 876 3680 931 προσηγο-

2106 956 2226 1026 ρίαν
2260 954 2618 1027 παρῃτοῦντο,
2647 953 3093 1025 ἐμπεπλησμένοι
3125 953 3290 1021 φόϐου
3332 952 3489 1006 Θεοῦ.
3524 971 3543 1003 ι
3574 952 3682 1006 Καὶ

2103 1044 2258 1111 αὖθις
2311 1047 2447 1117 μετά
2484 1046 2690 1117 βραχέα
2743 1046 2933 1115 φασίν⁹
2988 1063 3006 1096 ι
3064 1044 3412 1099 Ἐταπείνουν
3456 1045 3683 1108 ἑαυτοὺς

2104 1138 2210 1190 ὑπὸ
2251 1138 2349 1208 τὴν
2390 1136 2657 1206 κραταιάν
2694 1139 2869 1206 χεῖρα,
2917 1137 3005 1205 ὑφ’
3050 1131 3119 1208 ἦς
3162 1136 3362 1199 ἱκανῶς
3409 1135 3502 1189 νῦν
3546 1137 3685 1188 εἰσιν

2106 1229 2398 1300 ὑψωμένοι.
2436 1227 2569 1281 Τότε
2591 1228 2647 1281 δὲ
2675 1230 2806 1281 πᾶσι
2857 1229 2955 1299 μὲν
2983 1227 3342 1297 ἀπελογοῦντο
3363 1229 3494 1299 ('57),
3549 1246 3682 1282 κατ-

2103 1320 2335 1391 ηγόρουν
2379 1319 2436 1372 δὲ
2467 1319 2714 1383 οὐδενόςο
2738 1318 2891 1372 ἔλυον
2935 1319 3033 1389 μὲν
3083 1317 3345 1384 ἅπαντας,
3395 1319 3685 1391 ἐδέσμευον

2102 1411 2160 1464 δὲ
2185 1411 2395 1475 οὐδένα,
2446 1412 2540 1466 καὶ
2580 1410 2720 1482 ὑπὲρ
2755 1410 2863 1463 τῶν
2897 1410 2977 1463 τάι
3007 1409 3154 1464 δεινά
3193 1410 3539 1464 διατιθέντων
3585 1409 3687 1483 ηὖ-

2103 1522 2276 1574 χοντο,
2309 1504 2560 1576 καθάπερ
2599 1503 2869 1572 Στέφανος
2900 1506 2929 1558 ὁ
2959 1504 3160 1567 τέλειος
3223 1503 3465 1575 μάρτυς·
3512 1523 3531 1555 r
3567 1503 3685 1558 Κύ-

2109 1612 2129 1645 σ
2162 1610 2263 1665 ριε,
2295 1592 2370 1664 μὴ
2401 1594 2604 1666 στήσῃς
2625 1592 2806 1656 αὐτοῖς
2838 1592 2935 1664 τὴν
2954 1593 3225 1664 ἁμαρτίαν
3273 1591 3530 1663 ταύτην.)
3553 1594 3615 1647 Ei
3637 1593 3687 1646 δ’

2103 1687 2244 1758 ὑπὲρ
2276 1685 2384 1738 τῶν
2414 1684 2740 1749 λιθαζόντων
2768 1684 2963 1748 ἐδέετο,
2991 1684 3142 1755 πόσῳ
3177 1685 3374 1755 μᾶλλον
3409 1686 3550 1756 ὑπὲρ
3574 1687 3683 1739 τῶν

2104 1776 2383 1846 ἀδελφῶν;
2436 1796 2453 1827 ι
2512 1776 2623 1829 Καὶ
2670 1771 2826 1840 αὖθίς
2875 1794 3004 1845 φασι
3053 1776 3170 1846 μεθ’
3212 1776 3407 1849 ἕτερα·
3459 1795 3478 1827 ι
3517 1770 3686 1842 Οὗτος

2108 1868 2215 1941 γάρ
2254 1870 2348 1922 καὶ
2389 1867 2644 1939 μέγιστος
2673 1869 2856 1933 αὐτοῖς
2891 1869 3027 1939 πρὸς
3061 1868 3223 1922 αὐτὸν
3250 1871 3278 1922 ό
3304 1869 3538 1939 πόλεμος
3566 1870 3688 1939 ὲγέ-

2107 1978 2248 2024 νετο,
2278 1959 2368 2015 διὰ
2396 1960 2457 2012 τὸ
2481 1961 2702 2031 γνήσιον
2735 1959 2835 2030 τῆς
2859 1958 3104 2030 ἀγάπης,
3137 1959 3224 2013 ἴνα
3258 1958 3616 2030 ἀποπνιχθεὶς
3656 1962 3691 2031 ό.

2109 2054 2232 2127 θὴρ,
2260 2054 2353 2118 οὓς
2377 2055 2635 2126 πρότερον
2659 2054 2794 2124 ᾤετο
2826 2053 3287 2108 καταπεπωκέναι
3306 2052 3536 2117 ζῶντας,
3557 2054 3677 2119 εξε-

2111 2146 2254 2219 μέσῃ
2277 2148 2435 2218 (57⁸).
2467 2148 2540 2201 Οὐ
2564 2147 2672 2218 γὰρ
2699 2145 2889 2201 ἔλαϐον
2910 2145 3170 2216 καύχημα
3186 2158 3327 2200 κατα
3343 2146 3447 2199 τῶν
3465 2164 3689 2201 πεπτω-

2108 2237 2302 2302 κότων,
2336 2239 2448 2292 ἀλλ’
2493 2240 2551 2292 ὲν
2582 2234 2663 2301 οἷς
2705 2237 3027 2302 ἐπλεόναζον
3047 2238 3220 2301 αὐτοὶ,
3265 2238 3423 2291 τοῦτο
3455 2240 3571 2301 τοῖς
3604 2240 3691 2291 ὲν-

2107 2331 2405 2402 δεεοτέροις
2454 2334 2752 2404 ἐπήρκουν,
2806 2332 3049 2403 μητρικά
3104 2332 3388 2402 σπλάγχνα
3438 2328 3687 2402 ἔχοντες,

2107 2425 2202 2478 καὶ
2237 2423 2402 2477 πολλά
2441 2426 2566 2495 περί
2599 2423 2775 2477 αὐτῶν
2811 2424 3091 2494 ἐκχέοντες
3141 2425 3355 2495 δάκρυα
3408 2424 3546 2495 πρὸς
3596 2424 3689 2476 τὸν

2108 2515 2346 2587 Πατέρα.
2376 2515 2530 2586 Ζωὴν
2560 2517 2851 2587 ⁴ᾐτήσαντο,
2891 2515 2986 2568 καὶ
3014 2509 3211 2568 ἔδωκεν
3240 2515 3451 2577 αὐτοῖς·
3487 2515 3554 2583 ἢν
3596 2515 3689 2567 καὶ

2109 2609 2532 2680 συνεμερίσαντο
2573 2611 2684 2670 τοῖς
2724 2606 2969 2678 πλησίον.
3012 2605 3168 2659 Κατά
3215 2606 3431 2660 πάντων
3466 2606 3690 2675 νικηφό-

2109 2718 2192 2771 ροι
2218 2700 2329 2771 (58)
2360 2700 2498 2770 πρὸς
2529 2699 2660 2753 Θεὸν
2712 2698 3062 2762 ἀπελθόντες,
3107 2699 3328 2769 εἰρήνην
3366 2698 3689 2767 ἀγαπήσαν-

2107 2808 2196 2855 τες
2221 2792 2326 2856 ἀεὶ,
2369 2792 2462 2845 καὶ
2493 2792 2711 2863 εἰρήνην
2737 2790 2825 2844 ἀεὶ
2848 2792 3351 2862 παρεγγυήσαντες,
3392 2790 3507 2860 μετ’
3543 2787 3691 2861 εἰρή-

2107 2900 2204 2952 νης
2249 2881 2533 2953 ἐχώρησαν
2581 2885 2719 2955 πρὸς
2763 2882 2915 2946 Θεὸν,
2971 2884 3045 2954 μὴ
3096 2883 3483 2945 καταλιπόντες
3528 2882 3688 2935 πόνον

2107 2977 2171 3045 τῇ
2212 2976 2401 3046 μητρὶ,
2444 2976 2577 3046 μηδὲ
2625 2976 2814 3029 στάσιν
2862 2977 2955 3029 καὶ
3001 2975 3235 3045 πόλεμον
3274 2976 3388 3038 τοῖς
3419 2973 3688 3042 ἀδελφοῖς,

2108 3066 2242 3121 ἀλλά
2267 3066 2441 3137 χαρὰν
2466 3067 2560 3120 καὶ
2580 3069 2821 3139 εἰρήνην,
2841 3069 2934 3122 καὶ
2967 3067 3240 3138 ὁμόνοιαν,
3269 3066 3364 3120 καὶ
3385 3065 3629 3135 ἀγάπην.
3662 3082 3682 3115 ι

2107 3158 2290 3213 Ταῦτα
2317 3158 2410 3212 καὶ
2432 3160 2559 3231 περὶ
2588 3160 2686 3230 τῆς
2710 3159 2818 3212 τῶν
2842 3160 3129 3231 μακαρίων
3152 3158 3381 3213 ἐκείνων
3407 3157 3543 3228 πρὸς
3563 3156 3689 3217 τοὺς

2112 3249 2619 3320 παραπεπτωκότας
2659 3249 2767 3302 τῶν
2813 3248 3055 3318 ἀδελφῶν
3094 3249 3352 3319 στοργῆς,
3396 3246 3691 3317 ὠφελίμως

2112 3340 2473 3411 προσκείσθω,
2503 3340 2603 3411 τῆς
2630 3339 2996 3411 ἀπανθρώπου
3025 3358 3085 3394 τε
3117 3340 3210 3393 καὶ
3239 3337 3502 3410 ἀνηλεοῦς
3522 3339 3689 3390 ἕνεκα

2107 3430 2419 3496 διαθέσεως,
2456 3433 2561 3486 τῶν
2609 3432 2743 3503 μετά
2771 3432 2942 3486 ταῦτα
2981 3430 3217 3501 ἀφειδῶς
3260 3430 3371 3502 ('59)
3406 3431 3517 3493 τοῖς
3550 3426 3688 3499 Χρι-

2110 3524 2235 3577 στοῦ
2265 3524 2448 3595 μέλεσι
2484 3524 3025 3596 προσενηνεγμένων.

425 3606 571 3660 dium
605 3621 670 3660 ac
695 3606 919 3670 bellum,
957 3604 1050 3660 sed
1081 3604 1336 3673 gaudium
1378 3613 1431 3658 et
1496 3620 1686 3672 pacem
1719 3617 1773 3661 et
1800 3611 2148 3667 cuneordiam
2217 3617 2654 3685 cbaritatemque
2713 3615 2970 3670 omnibus
3035 3612 3421 3684 relinquentes.
3459 3634 3477 3664 ι
3513 3612 3691 3679 Atque

422 3703 542 3756 inec
575 3703 642 3755 de
673 3702 953 3755 beatorum
998 3699 1216 3753 illorum
1266 3697 1461 3754 affectu
1490 3714 1620 3770 erga
1651 3715 1746 3755 eos
1792 3700 1993 3760 fratres
2032 3709 2123 3775 qui
2183 3708 2318 3779 lapsi
2384 3709 2617 3776 fuerant,
2670 3710 2738 3764 ad
2790 3709 3082 3780 legentium
3138 3709 3427 3763 utilitatem
3472 3706 3563 3761 hic
3594 3720 3692 3774 po-

424 3792 527 3847 sita
559 3792 688 3857 sint,
741 3798 964 3861 propter
1010 3803 1110 3844 eos
1154 3789 1248 3859 qui
1296 3789 1591 3846 inhumano
1639 3792 1873 3861 quodam
1930 3810 1994 3850 ac
2034 3798 2171 3853 truci
2234 3799 2415 3853 animo
2479 3800 2716 3870 prediti,
2776 3799 3129 3856 inclementer
3172 3799 3436 3855 adversus
3482 3794 3688 3852 Christi

424 3890 669 3945 membra
695 3888 1038 3956 postmodum
1081 3888 1401 3942 smvierunt.

1041 3978 1271 4035 CAPUT
1308 3979 1399 4036 ill.

426 4073 741 4146 Cttjurmodi
785 4075 919 4127 uisio
963 4072 1188 4152 martyri
1222 4071 1485 4155 Attaloin
1517 4075 1717 4128 somnis
1756 4077 2005 4132 divinitus

985 4151 1147 4193 missa
1176 4151 1447 4208 apparuit.

493 4236 667 4289 Porro
699 4233 752 4285 in
784 4233 973 4287 eadem
1000 4232 1225 4300 epistola
1260 4247 1380 4300 qua!
1415 4248 1501 4288 res
1530 4249 1693 4303 supra
1729 4253 1999 4292 memora-

2636 3987 3031 4042 ΚΕΦΑΛΑΙΟΝ
3078 3984 3151 4043 Γ.

2120 4080 2320 4133 Ὀποιά
2347 4079 2425 4146 τῷ
2451 4079 2708 4148 μάρτυρι
2762 4079 3012 4143 Ἀττάλῳ
3051 4079 3125 4132 δι’
3167 4077 3404 4145 ὀνείρου
3444 4077 3686 4146 γέγονεν

2423 4149 2734 4218 ἐπιφάνεια
2767 4149 2902 4221 (Nic.
2952 4148 3031 4203 Η,
3060 4149 3125 4202 Ε.
3156 4164 3227 4215 tv,
3262 4149 3339 4217 ts).

2191 4241 2313 4310 Ἦ,δ’
2329 4241 2465 4312 αὐτὴ
2482 4241 2833 4312 τῶν’προειρη
2843 4240 3020 4311 μένων
3044 4239 3335 4311 μαρτύρων
3362 4237 3570 4309 γραφὴ,
3596 4255 3693 4291 και

428 4338 509 4382 tas
541 4324 944 4391 complectitur,
976 4325 1079 4379 alia
1116 4325 1281 4378 etiam
1307 4324 1541 4379 habetur
1573 4330 1814 4383 narratio
1838 4347 1999 4399 pror-

2109 4332 2272 4405 ἄλλην
2284 4333 2404 4386 τινὰ
2427 4336 2644 4405 μνήμης
2670 4332 2825 4398 ἀξίαν
2843 4333 3081 4403 ἱστορίαν
3103 4331 3368 4405 περιέχει,
3388 4331 3454 4401 ἣν
3473 4329 3568 4383 καὶ
3600 4329 3692 4381 οῦ-

426 4433 517 4473 sus
571 4417 830 4470 memoria
881 4416 1224 4487 dignissima,
1282 4430 1444 4483 quam
1479 4419 1696 4487 quidem
1740 4421 1873 4474 nihil
1909 4438 2004 4477 ve-

422 4516 539 4573 tat,
596 4506 892 4576 quominus
940 4508 1041 4560 boc
1093 4506 1212 4559 loco
1260 4504 1559 4561 lectoribus
1610 4523 1999 4577 proponamus.

424 4600 519 4654 Sic
548 4608 735 4653 autem
778 4597 936 4653 habet
976 4615 988 4651 :
1033 4615 1049 4647 ι
1088 4596 1400 4651 Alcibiades
1458 4597 1703 4671 quidam,
1758 4614 1897 4654 unus
1932 4617 1998 4655 ex

420 4691 640 4746 illorum
684 4700 987 4761 martyrum
1039 4703 1291 4753 numero,
1338 4687 1529 4742 durum
1580 4698 1637 4743 et
1685 4688 1998 4758 squalidum

492 4810 537 4842 ³⁸
564 4808 704 4863 Ρεξιί.
744 4825 837 4863 xx.

490 4907 604 4978 (ὅῖ)
622 4904 777 4960 Πᾶσι
797 4905 917 4978 μὲν
942 4903 1371 4978 ἀπελογοῦντο.
1391 4902 1622 4978 Rufinus
1654 4903 1796 4957 hunc
1821 4902 2004 4978 locum-

418 4974 733 5032 ita‘vertit:
790 4974 1083 5028 Placabant
1116 4991 1312 5037 omnes,
1347 4974 1602 5026 neminem
1652 4975 1995 5026 acettsabtmt.

419 5046 951 5113 Citristopitorsouus
970 5060 1032 5113 v‘e.
1044 5060 1102 5098 ro
1121 5053 1175 5098 et
1193 5053 1318 5097 ante
1335 5043 1484 5096 illum
1505 5042 1720 5110 Laugus
1736 5044 1811 5096 sic
1830 5045 1999 5095 inter-

420 5107 874 5186 pretarip'malnit,
916 5107 1192 5186 defendere
1222 5128 1419 5186 omnes,
1449 5107 1700 5163 nemini—2m
1724 5127 1995 5186 accusare.

423 5180 602 5251 'Quam
632 5182 1127 5249 interpretationem
1160 5182 1390 5249 probare
1420 5196 1524 5233 non
1549 5194 1789 5251 possunt.
1814 5180 2000 5251 Neque

423 5249 568 5308 enim
589 5254 640 5305 in
658 5252 847 5323 Grajro
865 5252 1086 5314 dicitur,
1102 5252 1242 5323 ὑπὲρ
1264 5251 1482 5323 πάντων
1504 5249 1887 5323 ἀπελογοῦντο,
1905 5250 1998 5323 sed

424 5324 591 5375 πᾶσιν
624 5324 704 5375 ἀπ
752 5321 856 5375 Sed
891 5335 1065 5389 neque
1089 5320 1355 5389 martyres
1385 5320 1459 5373 illi
1497 5320 1864 5389 cunctossiue
1886 5320 1998 5373 dis-

424 5394 652 5447 crimine
705 5388 1087 5452 defendebant,
1117 5388 1405 5443 haereticos
1441 5390 1675 5449 scilicet.
1705 5388 1920 5443 Jutlaeos
1945 5397 2001 5442 et

424 5463 674 5530 gentiles.
735 5460 955 5514 Rectius
1003 5460 1184 5530 itaque
1220 5458 1509 5530 Musonius
1544 5461 1725 5530 vertit,
1763 5459 1999 5513 omnibus

427 5528 683 5585 rationem
714 5531 838 5599 ﬁdei
864 5547 975 5584 sua!
1029 5528 1331 5599 reddebant.
1364 5528 1545 5582 Possis
1587 5529 1749 5599 etiam
1786 5536 2002 5599 vertere

426 5603 668 5655 omnibus
692 5596 744 5652 ac
767 5601 1107 5654 excusabant.
1140 5597 1195 5650 l‘l
1244 5600 1387 5651 enim
1432 5598 1646 5666 proprie
1681 5607 1759 5651 est
1800 5596 1997 5649 ἀπολο-

425 5671 657 5738 γεῖσθαι.
694 5670 843 5724 L'ude
876 5670 1140 5738 Apologia:
1168 5670 1518 5732 sacerdotum,
1549 5669 1614 5721 de
1650 5668 1842 5736 quibus
1864 5667 2001 5722 Gre-

426 5744 611 5811 gorius
644 5739 861 5804 Magnus
891 5741 941 5792 in
972 5738 1421 5792 Sacratttcnlnrt‘o.

2110 4423 2220 4487 δεὶς
2245 4423 2310 4478 ἂν
2338 4422 2546 4493 γένοιτο
2574 4425 2785 4493 φθόνος,
2826 4424 2899 4495 μὴ
2916 4424 3036 4493 οὐχὶ
3054 4422 3163 4476 τῶν
3193 4418 3592 4491 ἐντευξομένων
3610 4420 3691 4481 είς

2044 4578 2057 4581 _
2111 4512 2311 4581 γνῶσιν
2344 4514 2676 4585 προσθεῖναι.
2710 4514 2863 4584 Ἔχει
2887 4514 2943 4566 δὲ
2963 4512 3152 4576 οῦτωςσ
3175 4530 3193 4563 ι
3219 4507 3551 4565 ⁴Αλκιϐιόιδου
3582 4508 3693 4579 γάρ

2110 4620 2254 4666 τινος
2295 4603 2356 4668 ἐξ
2381 4603 2583 4666 αὐτῶν,
2616 4605 2757 4658 πάνυ
2801 4603 3083 4675 αὐχμηρὸν
3122 4600 3364 4673 βιοῦντος
3414 4600 3549 4670 βίον,
3594 4597 3692 4652 καὶ

2112 4690 2338 4764 μηδενὸς
2376 4695 2511 4759 ὅλως
2538 4696 2599 4748 τὸ
2630 4695 2893 4767 πρότερον
2936 4692 3465 4765 μεταλαμϐάνοντος,
3501 4689 3618 4744 ἀλλ’
3654 4688 3687 4757 ἢ

2162 4903 2319 4973 (57⁸)-
2345 4906 2564 4969 Ἵνα...,
2607 4904 2781 4970 οὓς...
2830 4903 2977 4968 ᾤετο
3014 4901 3503 4959 καταπεπωκέναι
3549 4897 3690 4960 ζῶν-

2101 4991 2231 5043 τας,
2268 4973 2550 5043 ἐξεμέσῃ.
2596 4976 2737 5030 Sunt
2773 4975 2969 5042 quibus
2993 4973 3536 5043 placeret.virgttlatn
3561 4982 3687 5021 ante

2099 5042 2760 5114 ζῷνταςιιλιιηερυηρηιίο,
2795 5045 3102 5101 scribere...
3139 5042 3300 5107 οὒς...
3356 5055 3687 5094 καταπεπο-

2102 5113 2279 5175 κέναι,
2307 5113 2514 5178 ζῶντας
2539 5113 2794 5204 ἐξεμέση.
2836 5114 2989 5168 Eutr.

2177 5184 2283 5204 μη..
2316 5182 2453 5204 “ne
2503 5188 2569 5204 ..Α
2598 5202 2618 5204 η
2707 5200 2736 5204 μ
2862 5202 2885 5204 _

2173 5182 2473 5256 (58)_Vulg.
2494 5182 2658 5256 Κατὰ
2692 5182 2887 5239 mima
2911 5186 3249 5256 νικηφόροι.
3293 5185 3389 5256 Sic
3414 5199 3477 5238 ex
3499 5187 3688 5241 codice

2104 5255 2275 5324 Regio
2291 5256 2458 5324 edidit
2480 5255 2806 5323 Stephanus.
2827 5255 3037 5323 Reliqui
3069 5265 3245 5307 tamen
3276 5255 3489 5309 codices
3520 5256 3682 5319 Μαι,

2104 5322 2251 5396 Med.
2279 5334 2334 5396 et
2369 5322 2783 5396 Fuk.scriptum
2810 5322 3005 5396 habent
3034 5324 3176 5396 κοιτά
3201 5326 3415 5378 πάντων
3462 5327 3685 5396 νικηφό-

2171 5411 2209 5448 ι.
2235 5393 2289 5446 Id
2315 5402 2416 5457 est,
2451 5396 2516 5448 de
2564 5394 2802 5446 omnibus
2831 5394 3067 5450 victores.
3100 5393 3437 5459 Nirepltortts
3465 5393 3683 5450 veroila

2171 5412 2209 5448 ι.
2235 5412 2289 5446 lt]
2315 5412 2416 5457 εει,
2451 5412 2516 5448 ac
2564 5412 2802 5446 omnwus
2831 5412 3067 5450 viatores.
3100 5412 3437 5459 utrepnortts
3465 5412 3613 5450 VCI‘OI

2104 5412 2448 5549 multiﬁdos.th
2483 5464 2728 5549 reﬂut‘xit.
2758 5463 2872 5546 _xai
2917 5463 3128 5549 ’πάντες
3169 5466 3472 5549 νικηφόροι,
3497 5474 3613 5547 εις..

2324 5534 2449 5615 Τῶις
2478 5534 2629 5602 μετὰ
2675 5535 2861 5590 ταῦτα
2897 5534 3177 5615 ἀφειδῶς.
3237 5534 3569 5615 Neratiauos
3602 5536 3683 5588 in-

2106 5604 2173 5657 tel
2205 5613 2321 5675 tgtt.
2348 5619 2439 5672 qut
2483 5605 2643 5672 lapsis
2679 5621 2893 5659 onmem
2932 5619 3080 5673 spem
3126 5605 3469 5675 indulgentia:
3494 5613 3682 5675 postea

2102 5673 2512 5741 przrcluserunt.
2892 5716 2895 5719 .
