4012 6256
392 297 496 353 4'39

1102 298 1368 356 EUSEBll
1404 269 1881 357 CaESARlENSlS
1918 300 1979 358 οι

2110 301 2290 358 rans
2328 305 2369 357 ι.
2410 335 2480 345 --
2518 273 2911 359 nis'rontca.

3542 304 3662 361 “0

396 396 757 485 poris'atihnc
790 396 1077 488 presbyter
1109 409 1492 484 Lugdunensis
1521 428 1640 474 erat
1684 420 1962 488 Ecclesiae,

2085 422 2436 494 ’πρεσϐύτερον
2461 423 2569 477 τότ’
2608 423 2735 477 ὄντα
2760 424 2858 494 τῆς
2883 426 2938 477 ὲν
2975 422 3287 492 Λουγδούνῳ
3330 422 3656 494 παροικίας,

395 507 706 577 supradicto
732 506 1024 564 Eleuthero
1075 523 1171 578 per
1222 507 1430 564 litteras
1480 511 1962 579 commendarunt,

394 614 517 654 eum
582 600 890 656 testimonio
938 616 1035 657 suo
1090 615 1194 655 non
1253 601 1601 657 mediocriter
1668 613 1965 672 ornantes,

398 690 538 747 sicut
608 691 847 759 ipsorum
881 693 1042 747 verba
1072 694 1351 749 declarant
1372 708 1491 763 qua:
1516 695 1598 750 sic
1633 710 1692 749 se
1724 694 1925 750 habent
1951 715 1964 751 :

403 800 423 836 ι
460 783 538 839 Te
570 798 664 853 per
689 784 869 838 omnia
899 800 963 838 ac
981 797 1240 854 perpetuo
1267 794 1517 857 optamus
1545 787 1597 840 in
1628 786 1737 841 Deo
1761 786 1968 854 valere,

397 884 556 941 pater
595 874 906 929 Eleuthere.
959 874 1067 931 llas
1103 876 1318 931 litteras
1364 886 1423 930 ut
1458 877 1525 931 ad
1581 886 1632 931 te
1674 877 1964 946 perferret,

396 961 621 1022 fratrem
649 970 703 1018 et
742 962 1000 1033 collegam
1033 975 1277 1021 nostrum
1308 964 1569 1020 lremeum
1613 967 1821 1021 hortati
1879 983 1971 1020 su-

396 1069 533 1107 mus.
571 1053 740 1120 Quem
774 1053 992 1123 quidem
1047 1064 1103 1109 ut
1155 1059 1602 1112 commendatum
1636 1058 1837 1112 habeas
1880 1072 1966 1111 ro-

396 1160 611 1213 gamus,
675 1155 863 1214 utpote
932 1146 1307 1202 aemulatorem
1361 1146 1698 1203 Testameuti
1742 1146 1966 1201 Christi.

396 1234 548 1302 Quod
598 1236 645 1290 si
691 1236 845 1291 nobis
890 1246 1229 1307 compertum
1264 1247 1433 1302 esset,
1481 1237 1659 1293 locum
1717 1237 1969 1307 cuiquam

397 1326 960 1397 conferrejustitiam,
995 1344 1117 1384 eum
1148 1339 1408 1398 tanquam
1450 1328 1822 1399 presbyterum
1864 1327 1984 1382 Ec-‘

398 1422 577 1478 clesiae
635 1421 800 1492 (hunc
834 1422 978 1476 enim
1025 1423 1253 1492 gradum
1299 1422 1529 1493 obtinet)
1562 1421 1657 1476 tibi
1700 1421 1970 1490 imprimis

396 1517 960 1571 commendassemus.
996 1535 1013 1567 ι
1069 1515 1333 1572 Cancrum
1384 1518 1515 1588 quid
1559 1532 1693 1587 opus
1744 1526 1828 1572 est
1877 1533 1971 1573 ex-

396 1621 647 1675 pressum
677 1607 729 1660 in
764 1607 1077 1676 supradicta
1124 1606 1351 1674 epistola
1394 1607 1702 1677 catalogum
1761 1619 1971 1679 marty-

397 1715 517 1754 rum
553 1699 643 1754 hic
695 1713 1001 1760 recensere,
1048 1713 1285 1769 quorum
1337 1698 1429 1753 alii
1472 1700 1651 1755 securi
1696 1700 1968 1770 percussi,

399 1791 487 1845 alii
523 1789 654 1845 feris
676 1790 893 1860 objecti,
941 1790 1028 1844 alii
1070 1792 1122 1844 in
1172 1805 1390 1847 carcere
1455 1791 1751 1845 exanimati
1804 1792 1977 1847 sunt?

401 1881 542 1947 Quid
567 1881 706 1958 item
731 1894 869 1949 opus
917 1891 1004 1935 est
1051 1880 1255 1935 referre
1283 1894 1570 1935 nmuerum
1602 1880 1973 1939 confessorum

400 1972 493 2041 qui
563 1979 751 2039 postea
813 1971 1246 2040 superfuerunt?
1293 1972 1417 2027 Hazc
1473 1972 1618 2026 enim
1668 1972 1977 2043 quicunque

404 2060 658 2126 voluerit,
689 2069 883 2115 cuncta
921 2061 1124 2130 poterit
1162 2061 1474 2131 plenissime
1532 2074 1868 2132 cognoscere
1906 2077 1974 2117 ex

400 2151 578 2220 ipsius
599 2149 840 2221 epistola)
864 2148 1119 2217 lectione,
1150 2166 1312 2221 quam
1342 2150 1558 2221 quidem
1586 2166 1707 2217 nos,
1737 2160 1796 2207 ut
1816 2152 1976 2225 169

401 2256 562 2308 supra
592 2243 920 2309 monuimus,
950 2244 1002 2298 in
1040 2241 1391 2297 Passionibus
1431 2254 1726 2315 martyrum
1760 2260 1789 2299 a
1818 2244 1975 2300 nobis

2068 513 2147 582 τῷ
2194 513 2485 583 δηλωθέντι
2545 514 2688 567 κατὰ
2757 513 2974 584 Ῥώμην
3031 512 3313 582 ὲπισκόπῳ
3360 513 3654 578 συνίστων,

2071 604 2297 658 πλεῖστα
2324 604 2402 675 τῷ
2441 604 2593 675 ἀνδρὶ
2626 603 3047 676 μαρτυροῦντες,
3081 604 3155 667 ὡς
3193 605 3249 658 αἱ
3280 603 3467 658 τοῦτον
3493 604 3660 675 ἐχου-

2073 711 2160 747 σαι
2187 693 2279 747 τὸν
2313 694 2514 765 τρόπον
2541 693 2763 766 δηλοῦσι
2786 693 2991 762 φωναί·
3033 712 3051 745 ι
3090 694 3316 764 Χαίρειν
3350 694 3408 747 ὲν
3434 693 3556 764 Θεῷ
3584 710 3657 748 σε

2071 785 2128 837 ὲν
2167 786 2332 837 πᾶσιν
2365 784 2636 855 εὐχόμεθα
2668 784 2763 837 καὶ
2801 783 2909 847 ἀεὶ,
2951 783 3125 855 πάτερ
3176 783 3480 855 Ἐλευθέριε
3510 782 3654 852 (45).

2070 875 2257 931 Ταῦτά
2287 893 2367 928 σοι
2394 874 2462 928 τὰ
2489 875 2794 946 γράμματα
2821 873 3277 946 προετρεψάμεθα
3309 874 3401 928 τὸν
3422 873 3657 943 ἀδελφὺν

2070 968 2227 1037 ἡμῶν
2252 968 2345 1022 καὶ
2374 966 2629 1021 κοινωνὸν
2659 968 2945 1039 Εἱρηναῖον
2979 966 3314 1037 διακομίσαι,
3340 967 3436 1020 καὶ
3466 983 3655 1038 παρα-

2071 1057 2343 1128 καλοῦμεν
2396 1056 2541 1127 ἔχειν
2589 1073 2649 1109 σε
2696 1056 2856 1110 αὐτὸν
2919 1057 2976 1109 ἐν
3028 1057 3349 1127 παραθέσει,
3403 1055 3657 1128 ζηλωτὴν

2071 1151 2202 1204 ὄντα
2228 1150 2326 1220 τῆς
2363 1148 2638 1219 Διαθὴκης
2657 1147 2750 1200 τοῦ
2790 1146 3048 1219 Χριστοῦ.
3078 1148 3140 1200 Εἰ
3167 1148 3279 1221 γὰρ
3305 1148 3528 1219 ᾔδειμεν
3566 1146 3656 1202 τό-

2072 1256 2172 1292 πον
2210 1239 2316 1292 τινὶ
2340 1236 2683 1308 δικαιοσύνην
2717 1235 3134 1308 περιποιεῖσθαι,
3169 1237 3246 1300 ὡς
3284 1237 3657 1309 πρεσϐύτερον
3744 1253 3755 1261 ·

2085 1331 2409 1403 Ἐκκλησίας
2429 1331 2588 1400 (ὅπερ
2613 1331 2761 1382 ἐστὶν
2800 1331 2888 1381 ἐπ’
2907 1327 3077 1399 αὐτῷ)
3098 1330 3156 1382 ὲν
3171 1328 3404 1398 πρώτοις
3420 1327 3485 1382 ἂν
3516 1345 3657 1398 παρ-

2073 1421 2325 1493 εθέμεθα.
2363 1439 2381 1472 ι
2425 1422 2490 1473 Τί
2523 1420 2604 1474 δεῖ
2657 1421 2978 1489 καταλέγειν
3038 1420 3128 1473 τὸν
3155 1421 3212 1473 ὲν
3249 1421 3315 1491 τῇ
3356 1419 3657 1491 δηλωθεισῃ

2072 1516 2256 1586 γραφῇ
2313 1512 2421 1565 τῶν
2497 1511 2792 1583 μαρτύρων
2849 1511 3183 1589 κατάλογον,
3229 1511 3334 1577 ἰδία
3393 1511 3490 1581 μὲν
3549 1509 3657 1564 τῶν

2074 1606 2380 1676 ἀποτμήσει
2410 1604 2651 1674 κεφαλῆς
2672 1603 3128 1674 τετελειωμένων,
3161 1604 3268 1674 ἰδίᾳ
3293 1604 3347 1657 δὲ
3372 1604 3479 1657 τῶν
3514 1602 3659 1673 Θηρ-

2077 1699 2161 1750 σὶν
2188 1699 2269 1760 εἰς
2297 1695 2461 1766 βορὰν
2499 1694 3024 1767 παραϐεϐλημένων,
3073 1695 3169 1748 καὶ
3212 1690 3366 1757 αὖθις
3405 1693 3514 1746 τῶν
3566 1694 3659 1747 ἐπὶ

2082 1790 2181 1861 τῆς
2230 1788 2453 1859 εἱρκτῆς
2510 1787 2949 1858 κεκοιμημένων,
3012 1784 3103 1838 τόν
3164 1802 3223 1838 τε
3273 1784 3503 1856 ἀριθμὸν
3551 1785 3660 1837 τῶν

2082 1880 2247 1934 εἰσέτι
2280 1879 2401 1933 τότε
2436 1879 2730 1950 περιόντων
2758 1875 3133 1949 ὀμολογητῶν;
3164 1877 3310 1948 ’Ὅτῳ
3344 1876 3455 1949 γὰρ
3486 1874 3659 1945 φίλον,

2082 1969 2368 2024 καὶταῦτα
2395 1970 2572 2041 ῥᾴδιον
2598 1969 2947 2041 πληρέστατα
2972 1962 3287 2038 διᾶγνῶναι,
3314 1967 3451 2040 μετὰ
3473 1970 3665 2039 χεῖρας

2077 2061 2396 2117 ἀναλαϐόντι
2418 2060 2479 2115 τὸ
2510 2062 2869 2134 σύγγραμμα,
2907 2059 2936 2114 ὃ
2973 2061 3066 2115 καὶ
3093 2060 3223 2114 αὐτὸ
3251 2061 3316 2131 τῇ
3359 2059 3484 2114 Τῶν
3513 2074 3659 2129 μαρ-

2079 2154 2297 2222 τυρίων
2328 2154 2621 2224 συναγωγῇ
2662 2152 2798 2224 πρὸς
2842 2154 2875 2223 ἡ
2886 2150 3001 2222 μῶν
3024 2194 3038 2212 ,
3062 2150 3139 2215 ὡς
3176 2150 3306 2220 γοῦν
3335 2148 3491 2220 ἔφην,
3527 2165 3663 2203 κοιτ-

2083 2245 2340 2300 ειλεκται..
2386 2243 2549 2298 Ἀλλὰ
2578 2242 2648 2297 τὰ
2677 2243 2774 2316 μὲν
2810 2244 2896 2296 ἐπ’
2937 2241 3252 2298 ’Δντωνίνου
3275 2240 3520 2296 τοιαῦτα.

400 2335 647 2392 collectis
700 2337 967 2409 integram
1018 2339 1378 2394 inseruimus.
1449 2340 1627 2409 Atque
1675 2339 1792 2396 htec
1824 2347 1952 2395 sunt
1993 2354 2115 2410 quae
2136 2337 2393 2395 Antonini
2427 2337 2734 2408 principatu
2768 2337 3130 2408 contigerunt.

400 2494 574 2549 sancti
624 2495 853 2563 gratiam
892 2495 1067 2549 futura
1111 2510 1171 2551 se
1221 2496 1520 2564 praedicere
1564 2495 1863 2563 iactabant.
1902 2495 1979 2550 De

403 2565 488 2636 his
512 2564 696 2636 figitur
735 2564 1120 2632 Lugdunenses
1158 2580 1221 2618 ac
1259 2564 1587 2636 Viennenses
1643 2566 1973 2636 presbyteri,
2013 2615 2017 2625 ,

402 2634 470 2687 ad
502 2634 731 2687 Asianos
767 2637 1089 2688 sententiam
1133 2650 1282 2687 suam
1333 2635 1775 2703 perscripserunt
1813 2634 1978 2703 pecu-

403 2703 528 2756 liari
556 2703 817 2772 epistula;
847 2718 1010 2771 quam
1049 2705 1257 2757 utinam
1306 2704 1396 2758 hic
1441 2718 1658 2772 quoque
1695 2703 1980 2772 apposuis~

405 2781 487 2826 set
512 2772 792 2843 Eusebius.
820 2772 1089 2843 Epistolas
1112 2787 1325 2843 quoque
1365 2785 1666 2843 martyrum
1717 2789 1778 2825 ea
1819 2774 1883 2826 de
1921 2788 1980 2829 re

404 2843 472 2895 ad
493 2840 738 2913 Asianos
764 2842 1016 2907 scriptas,
1041 2843 1155 2896 suis
1181 2842 1375 2913 litteris
1398 2840 1710 2910 adjécerant
1739 2843 1975 2913 presby-

407 2910 506 2964 teri
545 2909 956 2979 Lugdunenses,
999 2922 1055 2964 ut
1098 2911 1422 2966 sententiam
1464 2909 1616 2966 Suam
1648 2909 1976 2967 auctoritate

404 2991 702 3051 martyrum
745 2980 1177 3051 conﬁrmarent.
1216 2981 1369 3046 Quod
1412 2981 1457 3035 si
1498 2981 1769 3051 conjicere
1826 2980 1975 3045 licet,

404 3049 523 3121 hinc
555 3048 785 3121 ’_illo_rum
841 3049 1072 3121 videtur,
1108 3050 1275 3103 fuisse
1317 3048 1626 3121 sententia,
1681 3052 1974 3121 prophetas

318 3170 331 3174 -
405 3118 526 3173 illos
555 3117 783 3186 benigne
830 3119 1143 3173 tractandos
1178 3133 1320 3182 esse,
1374 3129 1427 3173 ct
1481 3120 1546 3173 ad
1601 3117 1974 3189 paenitentiam

310 3198 314 3202 '
405 3190 780 3258 provocandos
820 3205 833 3241 :
872 3201 935 3241 ac
959 3189 1021 3258 isi
1067 3188 1287 3256 quidem
1330 3188 1733 3258 resipiscerent,
1767 3191 1831 3244 ad
1869 3190 1973 3245 Ec-

404 3256 625 3329 clesiam
663 3257 1201 3329 admittendosesse,
1232 3267 1288 3329 ut
1318 3273 1421 3329 pax
1442 3256 1595 3315 inter
1628 3258 1827 3313 fratres
1874 3275 1963 3315 so-

404 3327 622 3381 lidetur.
653 3325 711 3382 Si
742 3342 869 3382 vero
914 3327 1224 3395 pertinaces
1246 3327 1299 3382 in
1319 3325 1520 3385 errore
1554 3345 1652 3384 suo
1677 3344 1964 3399 permane-

406 3483 610 3537 Verum
636 3496 762 3551 ego
810 3496 917 3536 non
958 3481 1146 3536 dubito
1175 3483 1305 3551 quin
1341 3481 1573 3538 lrenteus
1634 3481 1861 3537 Romam
1895 3482 1974 3537 di-

406 3561 589 3606 rectus
625 3550 785 3607 fuerit
816 3551 884 3605 ab
905 3552 1052 3605 onmi
1078 3550 1220 3606 clero
1255 3550 1639 3621 Lugdunensis
1693 3553 1971 3609 Ecclesiae.

407 3621 853 3692 Proﬁciscentem
885 3636 1018 3675 vero
1049 3632 1315 3692 martyres
1337 3622 1784 3692 commendarunt
1814 3622 1971 3677 Eleu-

409 3693 592 3760 thero.
620 3691 959 3760 Astipulatur
1002 3693 1160 3746 nobis
1193 3690 1366 3746 etiam
1409 3690 1802 3747 Feuardentius
1826 3730 1841 3754 ,
1882 3692 1974 3760 qui

408 3760 464 3830 in
500 3758 618 3813 Vita
654 3758 981 3830 Bait-enati,
1039 3776 1200 3830 quam
1242 3761 1499 3829 operibus
1549 3761 1667 3830 ejus
1719 3758 1975 3830 praefixit,

406 3828 669 3902 lrenaeum
706 3829 998 3902 a__Pothino
1033 3828 1089 3885 et
1126 3828 1349 3900 reliquis
1391 3828 1740 3902 martyribus—7
1764 3830 1982 3898 Lugdu-

408 3898 667 3954 nensibns
690 3900 867 3954 adhuc
904 3901 956 3953 in
995 3914 1218 3955 carcere
1241 3898 1576 3966 constitutis,
1619 3901 1685 3953 ad
1731 3901 1987 3964 Eleuthe-

408 3984 529 4023 rum
565 3983 754 4037 papam
784 3978 838 4022 et
868 3970 920 4022 in
952 3971 1137 4024 Asiam
1167 3971 1393 4025 missum
1421 3984 1544 4024 esse
1577 3970 1791 4037 scribit.
1818 3969 1983 4023 Certe

408 4039 508 4093 has
541 4036 837 4108 martyrum
868 4040 1210 4108 epistolasde
1239 4042 1439 4107 quibus
1479 4040 1570 4094 hic
1616 4036 1856 4108 loquitur
1886 4040 1985 4093 En-

406 4108 613 4169 sebius,
645 4107 862 4176 vivente
906 4109 1082 4163 adhuc
1128 4107 1362 4164 Pothino
1405 4110 1640 4176 scriptas
1694 4110 1862 4162 fuisse
1888 4124 1986 4175 pro

409 4177 785 4246 certo_hahco.—
822 4175 1007 4244 Neque
1038 4180 1182 4233 enim
1220 4177 1479 4234 credibile
1522 4175 1630 4238 est.
1679 4189 1796 4246 post
1843 4194 1988 4232 mor-

409 4257 518 4301 tem
555 4244 771 4316 Pothini
804 4250 1067 4315 episcopi,
1103 4247 1356 4302 destituta
1386 4262 1485 4301 suo
1517 4244 1735 4316 pastore
1767 4246 1987 4316 Lllgtiih

410 4316 672 4386 nensinm
727 4314 1003 4381 Ecclesia,
1038 4316 1380 4386 confessores
1425 4314 1544 4370 illos
1597 4327 1652 4372 et
1724 4314 1993 4386 martyres

408 4383 918 4457 Christiirenteum
958 4385 1356 4457 presbyterum
1385 4394 1513 4457 tam
1565 4386 1751 4456 procul
1807 4383 1993 4447 amau-

408 4456 595 4524 dasse,
630 4454 791 4519 idque
846 4455 898 4508 in
957 4455 1073 4520 ipso
1130 4454 1524 4524 persecutionis
1567 4454 1801 4515 ardore.
1866 4457 1995 4511 Erat

409 4523 820 4596 enimlrenzeus
844 4527 1173 4596 praecipuum
1203 4524 1383 4596 lumen
1434 4533 1491 4580 et
1555 4526 1724 4581 decus
1776 4526 1994 4596 Lugdu-

408 4592 903 4666 nensisEcclcsiaz,
935 4592 1388 4664 quemadmodum
1428 4610 1495 4666 ex
1537 4596 1763 4666 epistola
1795 4592 1997 4666 marty-

407 4678 532 4719 tum
566 4665 848 4729 discimus,
912 4675 968 4719 et
1012 4678 1121 4730 quo
1165 4680 1271 4720 uno
1306 4665 1548 4720 maxime
1594 4665 1845 4720 universa
1887 4665 1994 4721 loci

409 4733 571 4801 hujus
606 4733 849 4805 Ecclesia
902 4735 1333 4805 sustentabatur.
1365 4734 1574 4805 Quare
1621 4750 1725 4789 non
1774 4750 1993 4805 possum

412 4804 668 4858 assentiri
733 4803 968 4872 Baronio
1014 4817 1115 4859 nec
1169 4803 1532 4859 Feuardentio
1583 4820 1597 4858 :
1641 4803 1872 4872 quorum
1905 4806 1993 4862 hic

410 4873 630 4942 quidem
672 4874 865 4928 asserit
914 4869 1176 4928 [renatum
1232 4873 1463 4928 Romam
1518 4875 1587 4929 ad
1640 4869 1990 4930 Eleutherum

406 4941 626 5010 papam,
673 4954 833 5011 atque
868 4942 992 5015 inde
1030 4944 1082 4997 in
1113 4944 1305 5015 Asiam
1339 4958 1403 5000 ac
1444 4941 1736 5015 Phrygiam
1787 4945 1993 5015 litteras

405 5023 712 5081 martyrum
743 5011 1031 5080 pertulisse
1065 5031 1079 5069 :
1110 5013 1375 5068 Baronius
1416 5011 1689 5069 vero’s'ola
1729 5015 1796 5069 ad
1837 5014 1991 5069 Eleu-

406 5081 627 5152 therum
664 5096 856 5146 papam
898 5082 1169 5152 legatione
1225 5082 1568 5152 perfunctum
1604 5098 1725 5139 esse
1765 5095 1991 5138 conten-

401 5148 797 5223 dit._liogatus_
840 5149 1065 5223 quidem
1095 5148 1276 5223 fuerat
1305 5152 1540 5223 [renisus
1576 5169 1605 5206 a
1661 5154 1991 5223 martyribus

401 5225 456 5270 et
486 5216 899 5288 abomniciero
922 5216 1298 5287 Lugdunensis
1352 5221 1630 5288 Ecclesiae,
1674 5234 1735 5277 ut
1777 5216 1990 5278 litteras

402 5288 649 5355 ipsorum
680 5287 744 5340 ad
777 5285 1124 5363 Eleutherum
1149 5289 1382 5345 deferret
1417 5306 1431 5345 :
1460 5285 1625 5363 idque
1646 5294 1759 5363 ipse
1788 5306 1846 5347 se
1876 5294 1964 5348 fac

402 5367 588 5436 turum
619 5360 958 5436 promiserat,
1001 5370 1065 5436 ιιι
1108 5369 1340 5436 testatur
1391 5355 1619 5436 epistola
1666 5355 1996 5436 'mat'tyrum'

401 5426 497 5479 hic
539 5426 606 5480 ab
648 5426 886 5482 Eusebio
936 5428 1130 5483 relata.
1172 5428 1367 5484 Verum
1412 5426 1534 5485 cum
1577 5431 1795 5488 Pothini
1830 5426 1986 5489 inors

410 5495 697 5571 subsecuta
733 5508 903 5571 esset,
936 5497 1169 5571 lrenmus
1216 5499 1268 5552 id
1312 5510 1573 5571 praestare
1633 5517 1737 5556 non
1788 5504 1983 5571 potuit.

412 5568 701 5640 Auctorem
729 5567 891 5640 hujus
921 5570 1206 5640 sententia:
1242 5567 1761 5640 ac‘subscriptorem
1789 5567 1985 5628 'habeo

410 5632 701 5709 Eusebium
728 5632 923 5709 ipsum.
956 5639 1004 5693 ls
1044 5641 1190 5709 enim
1237 5640 1451 5705 scribit,
1502 5632 1687 5695 statim
1725 5652 1845 5709 post
1883 5640 1986 5697 Po-

414 5704 550 5763 thini
598 5704 784 5764 necem
834 5706 1097 5765 Irenaeum
1139 5707 1193 5765 in
1242 5704 1577 5779 ejus'ldcum
1629 5704 1983 5783 subrogatum

2083 2505 2225 2556 rent.
2272 2508 2371 2550 nec
2422 2504 2543 2562 post
2584 2491 2898 2562 frequentes
2949 2489 3344 2562 admonitiones
3383 2489 3665 2559 obtempe-

2083 2581 2207 2619 rare
2266 2560 2639 2620 sacerdotibus
2688 2560 2916 2626 'vellent,
2993 2562 3062 2613 ab
3125 2560 3380 2614 Ecclesiae
3431 2573 3667 2626 corpore

2085 2634 2507 2688 abscindendos.
2586 2632 2755 2685 Porro
2814 2633 2880 2685 ab
2960 2630 3151 2684 iisdem
3216 2627 3665 2696 Lugdunensibus

2084 2704 2421 2774 presbyteris
2447 2703 2684 2756 lrenaeus
2725 2699 2954 2774 Romam
3001 2699 3243 2753 directus
3277 2707 3361 2751 est
3397 2700 3463 2750 ad
3505 2698 3664 2753 Eleu-

2086 2770 2300 2828 ihernin
2332 2787 2546 2841 papam.
2578 2787 2700 2825 cum
2729 2770 2989 2841 epistoli_s_
3012 2778 3123 2841 tam
3169 2774 3469 2841 martyrum
3500 2783 3663 2837 quam

2085 2837 2467 2911 Lugdunensis
2496 2841 2648 2905 cleri,
2681 2849 2740 2911 ut
2777 2855 2898 2892 cmn
2933 2838 3225 2911 Eleuthero
3249 2837 3539 2911 de__iisdem
3579 2851 3665 2911 re-

2071 2905 2196 2966 bus
2211 2912 2662 2966 communicaret.
2702 2909 2835 2963 Cmn
2889 2909 3032 2963 enim
3086 2908 3138 2960 in
3182 2905 3434 2960 omnibus
3491 2907 3665 2960 eccle-

2085 2982 2325 3037 siasticis
2356 2981 2586 3047 negotiis
2615 2979 2800 3048 prima:
2840 2987 3020 3031 essent
3065 2983 3245 3043 partes
3274 2975 3513 3048 episcopi
3548 2974 3654 3029 Ro-

2086 3053 2253 3114 mani,
2277 3046 2475 3104 merito
2503 3046 2891 3117 Lugdunenses
2940 3048 3082 3100 hanc
3134 3046 3563 3117 controversiam
3597 3046 3661 3099 ad

2089 3135 2210 3173 eum
2238 3119 2548 3173 detulerunt
2579 3114 2604 3171 ε’
2632 3117 2687 3171 id
2725 3126 2950 3184 agentes
2975 3127 3027 3169 et
3063 3114 3317 3168 omnibus
3349 3115 3523 3168 modis
3549 3125 3664 3168 stu-

2087 3192 2296 3251 dentes,
2328 3198 2385 3242 ut
2416 3189 2662 3257 episcopi
2687 3186 2917 3257 Romani
2944 3185 3266 3257 auctoritate
3290 3196 3410 3251 quae
3446 3198 3663 3257 semper

2075 3274 2283 3313 summa
2311 3257 2411 3311 fuit
2440 3252 2492 3311 in
2516 3252 2780 3320 Ecclesia,
2819 3256 2934 3309 hare
2957 3253 3092 3321 apud
3112 3252 3292 3306 Asiam
3318 3262 3434 3306 orta
3458 3253 3667 3308 dissen-

2074 3329 2154 3385 sio
2188 3329 2494 3392 sedaretur,
2531 3337 2585 3381 et
2607 3341 2708 3397 pax
2734 3326 2786 3381 in
2817 3324 3058 3380 Ecclesia
3087 3323 3483 3382 restitueretur.

2082 3482 2268 3538 fuisse.
2309 3481 2488 3538 Verba
2528 3480 2745 3538 Eusebii
2776 3488 2903 3536 sunt
2935 3498 2950 3535 :
2985 3476 3238 3533 Ποθεινοῦ
3293 3478 3352 3532 δὲ
3408 3478 3507 3532 σὺν
3553 3482 3667 3543 τοῖς

2082 3553 2176 3626 ἐπὶ
2229 3553 2470 3626 Γαλλίας
2508 3554 2889 3626 μαρτυρήσαει
2916 3548 3330 3626 ,τελειωθέντοῇ
3381 3548 3666 3626 Εἰρηναῖος

2082 3569 2176 3606 επι
2229 3569 2460 3617 ιἀλλιας
2508 3570 2684 3626 μαρτν
2726 3569 2889 3623 ησασι
2932 3569 3330 3614 τελειωειεντος,
3381 3569 3666 3620 ιιιρηναιος

2081 3624 2182 3695 τῆς
2217 3626 2273 3678 ὲν
2307 3623 2644 3695 Λουγδούνῳ,
2670 3569 2754 3695 Δἧς
2782 3624 2810 3674 ὁ
2833 3619 3083 3695 Ποθεινὸς
3123 3621 3332 3690 ἠγεῖτο,
3365 3619 3666 3695 παροικίας

2083 3688 2182 3764 τῆν
2209 3688 2511 3764 ἐπισκοπὴν
2536 3688 2877 3764 aestimat;
2890 3690 3069 3764 Quare
3102 3688 3206 3743 neu
3230 3688 3407 3764 potuit
3432 3690 3666 3743 lrenaans

2089 3756 2387 3834 martyrum
2449 3756 2663 3834 litteras
2687 3756 2782 3815 "ad
2838 3760 3189 3834 Eleutherum
3232 3756 3496 3834 'perl'erre
3542 3768 3666 3826 post

2089 3827 2295 3886 obitu'm
2328 3833 2561 3886 Pothini.
2594 3833 2745 3887 Tunc
2770 3830 2914 3884 enim
2944 3827 3180 3882 lreuazus
3221 3835 3340 3880 erat
3381 3827 3668 3895 episcopus

2089 3917 2214 3956 cum
2260 3913 2529 3972 martyres
2581 3902 2633 3972 in
2680 3902 2794 3955 suis
2831 3900 2941 3972 illis
2969 3899 3037 3951 ad
3067 3897 3419 3972 Eleutherum
3468 3897 3667 3972 litteris

2089 3987 2224 4039 quas
2260 3967 2463 4025 lremi-o
2494 3971 2850 4029 tradiderant.
2889 3967 3040 4039 illum
3073 3968 3341 4039 duntaxat
3366 3967 3655 4036 presbyte-

2093 4035 2210 4094 rum
2269 4042 2562 4109 appellent.
2627 4040 2777 4094 Dicet
2831 4039 2919 4092 hic
2972 4037 3167 4109 aliquis
3227 4035 3485 4109 Irenaeum
3537 4035 3665 4109 alite

2091 4102 2563 4164 mortem-Pothini
2599 4125 2691 4165 eas
2723 4110 2929 4163 litteras
2972 4102 3273 4174 pertulisse.
3313 4102 3518 4174 Yerum
3560 4105 3667 4159 Ett-

2095 4180 2273 4237 sebius
2303 4182 2441 4234 hanc
2463 4181 2769 4247 opinionem
2803 4173 3027 4246 prorsus
3058 4173 3445 4247 refellit._Nam
3476 4174 3529 4228 in
3561 4176 3669 4229 line

2097 4250 2398 4317 superioris
2458 4242 2651 4317 capitis
2697 4242 2897 4317 diserte
2948 4253 3239 4317 testatur,_
3279 4242 3666 4317 Lugdunenses

2098 4306 2341 4385 epistolae
2373 4334 2483 4374 suae
2522 4306 2682 4386 quam
2726 4318 2791 4371 ad
2835 4316 3108 4371 Ecclesias
3150 4306 3387 4386 Asiteei
3423 4306 3669 4385 Phrygia:

2100 4383 2169 4440 de
2199 4398 2497 4459 martyrum
2540 4383 2765 4459 suorum
2814 4386 3052 4459 glorioso
3093 4383 3668 4459 certamine-consui-

2102 4453 2358 4525 pseraut,'
2377 4458 2675 4528 subjecisse
2700 4453 2837 4511 alias
2858 4453 3140 4528 cpiStolas,
3173 4468 3307 4522 quas
3342 4454 3669 4528 iideni_tn_ar-

2102 4522 2268 4597 iyres,
2298 4522 2814 4597 adhuclincarccre
2854 4522 3161 4597 constituti,
3193 4523 3411 4597 partim
3460 4522 3527 4576 ad
3560 4522 3666 4578 Ec-

2097 4593 2290 4651 clesias
2313 4596 2455 4650 Asiae
2491 4606 2545 4651 et
2571 4596 2841 4667 Phrygiae,
2870 4595 3066 4664 partim
3099 4595 3165 4648 ad
3191 4593 3666 4667 Eleutherumpa-

2135 4680 2219 4719 am
2303 4662 2886 4721 exaraverantI—Has
2960 4674 3142 4718 autem
3224 4662 3666 4731 Lugdunensium

2119 4738 2308 4789 itteras
2341 4738 2488 4791 [inita
2533 4737 2750 4791 demum
2796 4732 3170 4803 persecutione
3215 4734 3471 4803 scriptas
3500 4732 3667 4803 fuisse

2095 4806 2461 4861 certissimum
2494 4817 2596 4861 est.
2625 4799 2827 4862 Contra
2864 4819 2995 4858 vero
3033 4799 3339 4873 martyrum
3375 4801 3568 4855 litterae
3599 4799 3665 4854 ad

2096 4874 2447 4946 Elemherum
2480 4892 2670 4946 papam
2699 4875 3105 4946 ctadAsiauos
3148 4874 3208 4946 in
3250 4873 3366 4939 ipso
3405 4885 3664 4941 persecu-

2096 4943 2257 5000 tionis
2289 4959 2423 5000 tcstu
2455 4940 2510 5000 εἰ
2552 4940 2607 5000 in
2654 4945 2894 4999 carceris
2939 4940 3192 4997 claustris
3237 4940 3474 4995 exarata:
3516 4949 3665 5007 sunt,

2094 5024 2154 5070 ut
2200 5025 2429 5070 testatur
2464 5016 2748 5070 Eusebius.
2792 5015 2936 5082 Quas
2965 5012 3357 5081 Lugdunenses
3393 5026 3515 5064 cum
3565 5011 3666 5064 ali-

2092 5093 2294 5156 quanto
2341 5086 2598 5156 temporis
2648 5086 2822 5153 spatio
2864 5084 3242 5156 retinuissent,
3304 5092 3663 5156 opportunum

2092 5151 2343 5210 uidelicet
2372 5151 2580 5226 tempus
2620 5151 2691 5208 ad
2741 5169 2860 5226 eam
2913 5153 3237 5221 legationem
3261 5151 3663 5226 __oppcrieutes,

2092 5226 2314 5280 tandem
2341 5221 2523 5280 sedata
2560 5224 2938 5291 persecutione
2981 5233 3037 5276 et
3088 5237 3221 5290 pare
3258 5221 3514 5291 Ecclesia:
3554 5234 3666 5274 suae

2092 5295 2365 5360 restituta,
2422 5296 2488 5349 ad
2538 5290 2882 5350 Eleutherum
2942 5307 3136 5361 papam
3198 5300 3252 5345 ct
3301 5292 3369 5343 ad
3432 5290 3666 5361 Asianos

2091 5364 2340 5431 adjuncta
2364 5365 2710 5439 epist_ola_s_ua
2730 5359 3069 5439 direxerant.
3098 5361 3175 5415 Ex
3202 5376 3309 5430 quo
3334 5359 3663 5439 apparet‘diu

2046 5468 2052 5473 -
2088 5428 2209 5503 post
2237 5428 2465 5489 mortem
2493 5434 2709 5488 Pothini
2753 5432 2872 5485 illas
2919 5428 3233 5503 martyrith
3264 5428 3524 5500 epismlas
3559 5428 3666 5481 liu-

2088 5501 2233 5557 inam
2275 5514 2438 5571 atque
2473 5505 2525 5557 in
2557 5505 2742 5556 Asiam
2768 5503 3003 5571 perlatas
3036 5501 3224 5571 fuisse:

2182 5572 2272 5642 45)
2314 5568 2507 5642 Πάτερ
2578 5568 2921 5640 Ἐλευθέριε.
2972 5571 3153 5626 Codex
3202 5569 3359 5642 Reg.,
3398 5568 3575 5642 ‘liiaz.
3615 5575 3669 5620 et

2092 5638 2224 5698 Fuit.
2254 5638 2481 5698 'ltabent'
2517 5638 2821 5714 Ἑλεύθερε,
2856 5642 3053 5713 quibus
3091 5638 3359 5714 consentit
3397 5638 3664 5714 Nicepln-

2090 5729 2182 5770 rus
2233 5722 2305 5788 et_
2339 5715 2589 5771 Ruﬁnus.
2646 5709 2782 5771 Sunt
2826 5709 3003 5769 tamen
3039 5713 3129 5785 qui
3169 5712 3311 5766 hunc
3352 5709 3664 5783 pontiticetu
