4012 6256
273 317 373 371 ΗΞ

1329 329 1679 388 HISTORIA:
1721 331 2286 394 ECCLESIASTICE
2323 334 2452 390 LIB.
2495 334 2560 390 ν.

3457 336 3562 393 ΗΒ

269 449 390 495 νως
418 431 557 504 ἡμῖν
601 434 954 505 ἐξετάζεται,
985 443 1058 506 ὡς
1087 443 1152 497 ἂν
1192 443 1254 515 δὴ
1296 448 1414 498 κατ’
1457 448 1618 500 αὐτὸν
1652 448 1883 502 σπουδα-

1996 465 2200 503 manam
2241 449 2540 506 Eeclesiam
2575 453 2912 521 gubernante
2942 469 3082 525 opus
3119 455 3253 510 illud
3295 455 3559 514 elabora—

269 519 508 594 ζομένης
551 527 720 599 αὐτῷ
768 532 868 602 τῆς
906 533 1143 604 γραφῆς,
1191 533 1282 587 τὸν
1322 535 1627 604 κατάλογον
1680 537 1882 608 ἵστησι,

268 614 499 684 γράφων
529 610 640 671 ὧδε
651 659 666 672 .

833 717 1228 772 ΚΕΦΑΛΑΙΟΝ
1259 721 1348 786 σν.

277 797 397 852 Τῶν
438 800 544 854 ἐπὶ
595 802 1477 883 Ῥώμης--ἐπισκοπευσιίκτων
1552 809 1885 883 κατάλογος

800 877 939 946 (Nic.
968 878 1038 931 ιι.
1070 877 1137 933 ις.
1167 895 1241 946 ιν,
1280 882 1392 952 is).

344 981 361 1012 ι
399 960 876 1032 Θεμελιὼσαντες
900 964 991 1021 οὖν
1024 971 1119 1022 καὶ
1149 971 1604 1042 οἰκοδομήσαντες
1624 975 1672 1026 οἱ
1707 973 1885 1043 μακά-

275 1069 375 1124 ριοι
409 1055 726 1112 ἀπόστολοι
770 1060 867 1130 τὴν
910 1061 1258 1132 Ἐκκλησίαν,
1295 1059 1440 1133 Λίνῳ
1480 1065 1578 1136 τὴν
1623 1065 1721 1135 τῆς
1767 1067 1886 1116 ἐπι-

275 1145 488 1215 σκοπῆς
522 1147 892 1221 λειτουργίαν
933 1154 1293 1226 ἐνεχείρισαν.
1341 1156 1543 1208 Τούτου
1586 1156 1681 1209 τοῦ
1724 1156 1883 1210 Λίνου

272 1235 485 1301 Παῦλος
514 1241 578 1291 ἐν
615 1245 752 1306 ταῖς
778 1244 914 1314 apo;
942 1246 1203 1314 Τιμόθεον
1237 1247 1550 1310 ἐπιστολαῖς
1584 1247 1880 1318 μέμνηται⁸

274 1328 600 1398 Διαδέχεται
641 1332 706 1384 δὲ
760 1334 922 1388 αὐτὸν
982 1333 1353 1406 Ἀνέγκλητος.
1409 1338 1563 1390 Μετά
1609 1337 1797 1391 τοῦτον
1830 1339 1886 1390 δὲ

270 1419 440 1492 τρίτῳ
470 1421 635 1492 τόπῳ
662 1425 780 1476 ἀπὸ
804 1425 911 1478 τῶν
945 1429 1258 1481 ἀποστόλων
1283 1429 1382 1499 τὴν
1421 1428 1726 1499 ἐπισκοπὴν
1755 1429 1886 1499 κλη-

275 1511 466 1580 ροῦται
490 1514 774 1586 Κλήμης,
805 1519 834 1568 ὁ
861 1518 955 1570 καὶ
985 1519 1246 1590 ἑωρακὼς
1267 1521 1390 1583 τοὺς
1418 1521 1719 1592 μακαρίους
1749 1523 1887 1573 ἀπο-

278 1603 520 1668 στόλους,
567 1607 674 1659 καὶ
721 1609 1117 1680 συμϐεϐληκὼς
1169 1612 1374 1676 αὐτοῖς,
1411 1613 1506 1664 καὶ
1547 1612 1626 1664 ἑτι
1668 1611 1888 1665 ἔναυλον

275 1696 335 1749 τὸ
366 1699 650 1770 κήρυγμα
691 1702 806 1755 τῶν
839 1703 1150 1756 ἀποστόλων
1181 1706 1273 1757 καὶ
1303 1705 1402 1776 τὴν
1440 1704 1738 1774 παράδοσιν
1783 1703 1890 1774 πρὸ

277 1789 578 1860 ὀφθαλμῶν
613 1792 767 1863 ἔχων
791 1811 804 1825 °
835 1796 894 1848 οὐ
927 1795 1086 1866 μόνος
1106 1813 1118 1825 ’
1170 1796 1249 1848 ἔτι
1283 1796 1390 1868 γὰρ
1444 1796 1626 1848 πολλοὶ
1677 1795 1890 1849 ὑπελεί-

281 1895 440 1933 ποντο
479 1883 607 1935 τότε
663 1885 778 1938 ὑπὸ
821 1886 930 1938 τῶν
971 1887 1286 1940 ἀποστόλων
1327 1887 1717 1957 δεδιδαγμένοι.
1763 1887 1886 1940 Ἐπὶ

280 1972 468 2025 τούτου
507 1971 608 2028 οὖν
638 1977 744 2030 τοῦ
783 1979 1096 2048 Κλήμεντος
1139 1980 1381 2044 στάσεως
1412 1980 1510 2032 οὐκ
1549 1979 1735 2048 ὀλίγης
1775 1981 1886 2041 τοῖς

285 2065 339 2117 ἐν
382 2067 648 2140 Κορίνθῳ
710 2071 1010 2141 γενομένης
1056 2071 1334 2140 ἀδελφοῖς,
1395 2071 1707 2124 ἐπέστειλεν
1748 2073 1778 2140 ἡ
1829 2071 1886 2125 ἐν

296 2156 481 2233 Ῥώμῃ
545 2161 856 2233 Ἐκκλησία
900 2164 1238 2234 ἱκανωτάτην
1275 2165 1491 2235 γραφὴν
1539 2167 1890 2236 τοῖς’Κοριν-·

286 2244 439 2313 θίοις,
480 2253 564 2314 είς
614 2255 850 2324 εἰρήνην
902 2253 1311 2323 συμϐιϐάζουσα
1355 2253 1581 2318 αὐτοὺς,
1627 2256 1721 2308 κα).
1765 2257 1890 2308 ἀνα-

288 2336 481 2390 νεοῦσα
515 2340 621 2410 τὴν
661 2341 847 2394 πίστιν
890 2342 1088 2403 αὐτῶν,
1129 2344 1224 2396 καὶ
1272 2345 1336 2414 ἣν
1387 2344 1580 2396 νεωστὶ
1629 2344 1736 2397 ἀπὸ
1779 2344 1886 2397 τῶν

289 2431 607 2485 ἀποστόλων
657 2434 962 2503 παράδοσιν
1014 2434 1245 2505 εἰλήφει.
1288 2453 1305 2485 ι
1346 2436 1455 2488 Καὶ
1495 2436 1630 2506 μετά
1685 2437 1888 2507 βραχέα

290 2522 452 2590 φησί’
485 2541 503 2572 ι
536 2525 651 2576 Τὸν
696 2524 752 2576 δὲ
788 2524 1080 2594 Κλήμεντά
1120 2525 1308 2577 τοῦτον
1347 2525 1647 2596 διαδέχεται
1685 2528 1891 2599 Εὐάρε-

291 2628 427 2676 στος,
481 2617 580 2667 καὶ
641 2615 734 2668 τόν
779 2616 1083 2686 Εὐάρεστον
1127 2615 1493 2686 Ἀλέξανδρος.
1553 2614 1667 2671 Εἶθ’
1716 2618 1888 2683 οὕτως

289 2702 438 2764 ἕκτος
466 2705 576 2757 ἀπὸ
623 2706 729 2757 τῶν
758 2705 1069 2758 ἀποστόλων
1111 2707 1433 2761 καθίσταται
1472 2707 1694 2772 Ξύστος.
1737 2710 1889 2762 Μετά

291 2795 344 2849 δὲ
373 2795 566 2850 τοῦτον
591 2797 962 2868 τελεσφόρος,
998 2799 1056 2861 ὃς
1086 2800 1180 2852 καὶ
1210 2799 1434 2865 ἐνδόξως
1474 2799 1852 2872 ἐμαρτύρησεν
1872 2818 1884 2830 ’

294 2888 477 2940 ἔπειτα
529 2890 782 2958 ’Υγῖνος,
821 2883 940 2942 εἶτα
977 2890 1124 2954 Πίος,
1171 2891 1286 2960 μεθ’
1323 2891 1381 2945 ὃν
1433 2893 1728 2962 Ἀνίκητος.
1765 2895 1892 2944 Δια-

295 2979 595 3050 δεξαμένου
649 2982 742 3034 τὸν
799 2982 1079 3054 ’Λνίκητον
1132 2983 1406 3054 Σωτῆρος,
1467 2984 1559 3036 νῦν
1604 2983 1890 3053 δωδεκάτῳ

297 3072 441 3141 τόπῳ
466 3071 559 3124 τὸν
587 3075 692 3142 τῆς
725 3073 1027 3143 ἐπισκοπῆς
1049 3073 1155 3125 ἀπὸ
1179 3072 1286 3125 τῶν
1331 3073 1639 3126 ἀποστόλων
1673 3075 1891 3142 κατέχει

1986 553 2084 597 ret.
2121 543 2212 598 Sic
2248 544 2391 596 enim
2426 545 2635 601 scribit.

2596 727 2824 784 CAPUT
2859 730 2945 785 Vl.

2190 812 2538 870 Enumeratio
2563 820 2926 889 episcoporum
2958 821 3100 876 urbis
3145 819 3350 878 Romae:

2065 993 2082 1025 ι
2117 973 2359 1027 Fundata
2383 974 2498 1043 jam
2519 985 2574 1028 et
2625 976 2887 1030 :edificata
2956 978 3198 1032 Ecclesia
3258 977 3560 1035 beatissimi

1987 1065 2218 1134 apostoli
2255 1066 2602 1135 episcopatus
2632 1066 2862 1121 ofﬁcium
2897 1067 3034 1124 Lino
3060 1070 3423 1124 tradiderunt.
3449 1070 3563 1124 Hu-

1982 1159 2072 1226 jus
2129 1157 2250 1211 Lini
2309 1159 2642 1213 mentionem
2704 1158 2837 1214 facit
2889 1159 3088 1215 Paulus
3133 1161 3185 1215 in
3241 1161 3442 1216 litteris
3495 1163 3562 1217 ad

1988 1249 2355 1304 Timotheum.
2391 1249 2526 1304 Iluic
2561 1253 2822 1306 successit
2845 1251 3199 1307 Anencletus.
3237 1252 3365 1308 Post.
3393 1269 3555 1324 quem

1991 1341 2146 1395 tertio
2180 1340 2246 1393 ab
2291 1341 2557 1409 apostolis
2597 1342 2718 1396 loco
2766 1343 3140 1411 pontificatum
3193 1345 3419 1399 sortitus
3477 1357 3562 1402 est

1987 1431 2260 1491 Clemens.
2292 1430 2382 1499 qui
2411 1430 2625 1500 quidem
2663 1433 3006 1487 beatissimos
3029 1433 3304 1501 apostolos
3326 1435 3561 1499 viderat,

1989 1530 2042 1574 et
2063 1535 2184 1574 cum
2216 1519 2404 1576 iisdem
2437 1520 2781 1576 familiariter
2807 1533 3060 1578 versatus
3102 1523 3275 1578 fuerat
3305 1541 3324 1578 τ
3349 1535 3402 1578 et
3426 1539 3565 1593 pree—

1991 1611 2317 1666 dicationem
2347 1611 2716 1680 apostolorum
2761 1614 2938 1668 adhuc
2991 1614 3218 1668 auribus
3255 1615 3368 1668 suis
3411 1615 3563 1668 inso-

1991 1712 2238 1767 nantem,
2275 1701 2732 1772 tradilionemque
2783 1718 2894 1767 prae
2934 1705 3109 1757 oculis
3165 1705 3418 1760 habebat.
3451 1705 3564 1761 Nec

1923 1831 1964 1884 η
1990 1810 2121 1850 vero
2150 1798 2264 1863 ipse
2292 1794 2442 1848 solus
2469 1811 2482 1847 :
2513 1796 2607 1848 sed
2635 1805 2687 1849 et
2707 1795 2793 1848 alii
2814 1793 3027 1860 plurimi
3056 1793 3218 1848 etiam
3243 1803 3355 1848 tum
3375 1811 3563 1864 snper-

1989 1895 2146 1940 erant
2190 1885 2258 1940 ab
2300 1886 2560 1954 apostolis
2591 1887 2844 1940 instituti.
2885 1886 3053 1954 Hujus
3106 1887 3405 1942 Clementis
3433 1898 3563 1942 tem-

1986 1976 2212 2046 poribus
2242 1993 2364 2030 cum
2396 1978 2719 2046 gravissima
2771 1979 3038 2032 dissensio
3081 1976 3327 2032 Corinthi
3376 1985 3568 2031 exorta

1988 2077 2131 2124 esset
2167 2069 2308 2123 inter
2347 2071 2568 2132 fratres,
2615 2069 2856 2122 Ecclesia
2910 2068 3156 2122 Romana
3191 2067 3565 2123 luculentissi-

1991 2176 2133 2214 mam
2168 2160 2458 2227 epistolam
2487 2159 2788 2214 Corinthiis
2823 2160 3066 2227 scripsit,
3100 2175 3208 2227 qua
3251 2173 3348 2214 eos
3374 2159 3438 2214 ad
3469 2174 3568 2229 pa-

1989 2264 2104 2305 cem
2131 2250 2587 2318 concordiamque
2622 2260 2924 2314 revocaret,
2956 2258 3010 2303 et
3039 2247 3198 2303 fidem
3226 2249 3466 2312 illorum,
3511 2259 3566 2304 et

1990 2355 2150 2408 quam
2193 2353 2384 2393 recens
2412 2339 2479 2392 ab
2513 2338 2778 2407 apostolis
2805 2347 3159 2408 susceperant
3214 2338 3563 2392 traditionem

1992 2441 2302 2486 renovaret.
2339 2450 2358 2482 ι
2396 2429 2564 2484 Paulo
2596 2440 2720 2498 post
2747 2429 2930 2484 subdit
2959 2448 2972 2483 :
3021 2446 3038 2480 ι
3085 2429 3222 2483 lluic
3249 2444 3412 2497 porro
3443 2429 3567 2484 Cle-

1993 2523 2159 2576 menti
2222 2523 2496 2577 successit
2549 2519 2868 2586 Evarestus,
2923 2521 3182 2574 Evaresto
3232 2521 3570 2576 Alexander.-

1992 2617 2194 2672 Sextus
2229 2618 2422 2672 deinde
2456 2626 2577 2684 post
2605 2616 2880 2684 apostolos
2918 2617 3072 2686 171
3121 2617 3452 2672 constitutus
3481 2627 3566 2672 est

1991 2707 2217 2779 Xystus.
2248 2708 2420 2774 Quem
2471 2709 2730 2778 deinceps
2767 2708 2986 2776 excepit
3036 2707 3426 2777 Telesphorus,
3474 2711 3565 2778 qui

1991 2799 2156 2852 etiam
2214 2797 2408 2851 illustri
2463 2799 2726 2868 martyrio
2779 2796 3068 2852 defunctus
3113 2809 3219 2852 est.
3269 2798 3398 2852 Post
3423 2799 3568 2852 hunc

1993 2888 2260 2960 Hyginus,
2297 2904 2359 2942 ac
2391 2888 2583 2942 deinde
2613 2888 2762 2942 Pius.
2797 2887 2926 2942 Post
2956 2888 3108 2942 Pium
3152 2890 3432 2944 Anicetus.
3469 2888 3566 2942 Cui

1993 2999 2113 3038 cum
2173 2981 2529 3037 successisset
2601 2979 2787 3048 Suter,
2851 2981 3174 3036 duodecimo
3231 2983 3445 3036 demum
3501 2981 3571 3035 ab

1994 3075 2254 3144 apostolis
2302 3074 2420 3128 loco
2469 3073 2846 3142 episcopatum
2885 3087 3028 3126 nunc
3071 3073 3282 3126 obtinet
3313 3072 3569 3125 Eleuthe-

299 3161 491 3233 κλῆρον
526 3163 874 3235 Ἐλεύθερος.
909 3163 986 3234 Τῇ
1020 3164 1156 3233 αὐτῇ
1187 3163 1336 3229 τάξει
1388 3165 1480 3216 καὶ
1527 3167 1592 3233 τῇ
1646 3164 1781 3235 αὐτῇ
1813 3163 1889 3216 δι-

1999 3182 2109 3221 rus.
2145 3166 2257 3220 llac
2283 3167 2425 3220 serie
2458 3175 2510 3218 et
2547 3179 2736 3219 succes
2751 3165 2920 3227 sione,
2950 3173 3059 3217 tum
3093 3163 3313 3218 traditio
3345 3173 3569 3233 aposto-

301 3253 429 3324 δσχῇ
455 3255 568 3326 (54)
611 3256 645 3325 ἦ
681 3273 738 3331 τε
766 3257 875 3308 ἀπὸ
913 3255 1023 3308 τῶν
1057 3256 1371 3309 ἀποστόλων
1395 3258 1451 3307 ἐν
1483 3259 1548 3327 τῇ
1591 3256 1888 3327 Ἐκκλησία

303 3346 625 3418 παράδοσις.
651 3348 743 3402 καὶ
788 3348 848 3400 τὸ
888 3349 986 3419 τῆς
1029 3347 1283 3418 ἀληθείας
1329 3350 1587 3420 κήρυγμα
1623 3352 1890 3421 κατήντη-

193 3428 222 3471 ‘
304 3452 393 3489 κεν
418 3439 494 3501 είς
526 3440 702 3509 ἡμᾶς.
742 3459 758 3489 ι

843 3533 1239 3586 ΚΕΦΑΛΑΙΟΝ
1274 3535 1346 3586 Z'.

319 3623 406 3688 Ὠς
433 3626 527 3681 καὶ
573 3623 752 3694 μέχρι
793 3623 924 3694 τῶν
947 3625 1081 3678 τότε
1118 3625 1338 3694 καιρῶν
1367 3622 1462 3677 διὰ
1497 3624 1613 3678 τῶν
1661 3627 1894 3680 πιστῶν

367 3693 1048 3820 ιξὲἶράμειςὲνηργοῦντο
1074 3693 1399 3763 παράδοξοι
1432 3694 1573 3753 (Νἱι).
1607 3695 1680 3750 Η.
1721 3697 1783 3750 Ε.
1819 3712 1890 3764 tv,

441 3805 480 3835 Ι.

376 3856 562 3911 Ταῦτα
585 3857 612 3911 ό
626 3857 932 3928 Εἰρηναῖος,
945 3855 1287 3921 ἀκουλούθως
1302 3859 1422 3921 ταῖς
1437 3856 1894 3928 προδιεξοδευθεί-

318 3965 426 4012 σαις
446 3953 588 4020 ἡμῖν
612 3949 936 4020 ὑπογράψας
964 3950 1227 4021 ἱστορίαις
1249 3949 1382 4020 (55),
1401 3953 1458 4002 ἐν
1486 3944 1566 4012 οἷς
1587 3949 1891 4022 ἐπέγραψε,

314 4041 462 4100 πέντε
491 4039 616 4097 οὖσι
635 4045 727 4096 τὸν
759 4043 1010 4115 ἀριθμὸν,
1031 4043 1311 4112 Ὲλέγχου
1337 4042 1474 4110 (55⁸)
1510 4043 1606 4095 καὶ
1642 4021 1894 4112 ἀνατρο-

317 4133 426 4202 πῆς
451 4135 570 4203 τῆς
584 4135 984 4203 ψευδωνύμου
1007 4133 1304 4204 γνώσεως,
1337 4136 1392 4187 ἐν
1415 4133 1650 4205 δευτέρῳ
1673 4134 1774 4204 τῆς
1799 4137 1896 4189 αὑ-

315 4227 404 4296 τῆς
424 4228 759 4293 ὑποθέσεως,
790 4230 872 4282 ὅτι
897 4229 960 4296 δὴ
993 4230 1085 4281 κα).
1108 4230 1187 4291 είς
1204 4228 1367 4282 αὑτὸν
1403 4228 1774 4298 ὑποδείγματα
1792 4229 1892 4298 τῆς

319 4317 454 4392 θείας
495 4320 596 4374 κα)Ι
639 4319 944 4391 παραδόξου
981 4321 1262 4391 δυνάμεως
1291 4322 1351 4373 ἐν
1387 4319 1894 4390 Ἐκκλησίαιςτισὶν

319 4407 683 4474 ὑπολέλειπτο,
715 4409 802 4462 διὰ
824 4409 1026 4462 τούτων
1059 4407 1481 4478 ἐπισημαίνεται
1512 4407 1713 4474 λέγων·
1749 4426 1766 4456 ι
1793 4407 1894 4458 Το-

323 4501 500 4558 σοῦτον
531 4503 589 4555 δὲ
622 4502 907 4555 ἀποδέουσι
934 4500 1029 4554 τοῦ
1053 4499 1244 4571 νεκρὸν
1266 4501 1496 4569 ἐγεῖραι,
1522 4500 1700 4562 καθὼς
1721 4502 1748 4552 ὀ
1778 4498 1889 4550 Κύ-

2001 4495 2334 4564 snperfuisse
2375 4501 2609 4546 testatur
2647 4490 2731 4543 bis
2765 4488 2948 4542 verbis
2989 4505 3001 4540 :

1993 3260 2167 3314 lorum
2201 3260 2253 3311 in
2287 3258 2555 3324 Ecclesia,
2605 3267 2714 3312 tum
2745 3257 2992 3312 veritatis
3029 3258 3344 3328 prwdicatio
3374 3257 3439 3311 ad
3472 3272 3594 3312 nos

1993 3368 2161 3422 usque
2189 3352 2452 3420 pervenit.
2487 3371 2506 3403 ι

2593 3533 2821 3588 CAPUT
2867 3531 2973 3586 νη.

1996 3631 2148 3696 Quod
2200 3631 2270 3683 ad
2313 3629 2406 3683 illa
2457 3643 2616 3696 usque
2668 3636 2899 3744 temlpora
2950 3639 3040 3689 per
3086 3623 3268 3691 fideles
3313 3621 3571 3676 miracula

2601 3707 2750 3744 natr'u
2773 3705 2950 3744 mntur

2601 3705 2950 3764 patr-abutitur

2071 3855 2193 3910 llzee
2227 3855 2460 3908 lrenmus
2496 3850 2740 3905 breviter
2781 3850 3099 3918 perstrinxit
3131 3865 3193 3902 ac
3235 3848 3400 3902 veluti
3445 3849 3573 3902 deli-

1999 3950 2180 4004 neavit
2203 3948 2254 4000 in
2279 3945 2384 4011 illis
2416 3943 2655 4014 quinque
2689 3942 3018 4011 libris,quos
3046 3940 3119 3995 De
3150 3940 3302 4008 falsa:
3319 3940 3575 3994 doctrina

1998 4037 2319 4108 refutatione
2375 4050 2439 4087 ac
2491 4033 2757 4086 eversione
2809 4029 3128 4098 inscripsit,
3187 4044 3306 4096 qua:
3355 4029 3572 4096 quidem

1996 4132 2155 4201 plane
2213 4126 2559 4183 consentiunt
2603 4139 2723 4179 cum
2784 4125 2849 4178 iis
2901 4139 3021 4193 qua:
3093 4123 3146 4176 in
3201 4121 3575 4191 superioribus

1998 4221 2238 4275 historiae
2265 4217 2632 4274 nostraalibris
2657 4215 3006 4269 tradidimus.
3034 4215 3090 4268 lu
3117 4215 3361 4269 secundo
3391 4221 3572 4265 autem

1997 4312 2236 4382 ejusdem
2265 4310 2444 4379 operis
2479 4307 2646 4370 libro,
2673 4305 2866 4360 divinae
2895 4305 3336 4372 admirariqutie
3363 4302 3578 4355 virtutis

1998 4403 2296 4473 speeimina
2332 4399 2507 4452 adhuc
2534 4411 2628 4450 sua
2673 4405 2832 4450 aetate
2868 4397 2919 4448 in
2955 4394 3278 4464 quibusdam
3313 4392 3576 4447 Eeclesiis

3042 4505 3061 4537 ι
3113 4486 3342 4540 Tantum
3383 4488 3537 4539 abest
3559 4528 3574 4549 ,

325 4613 424 4666 ριος
451 4598 644 4668 ἤγειρε
689 4596 782 4648 καὶ
827 4597 875 4648 οἱ
911 4593 1199 4647 ἀπόστολοι
1233 4591 1318 4644 διὰ
1353 4591 1692 4662 προσευχῆς,
1720 4591 1813 4643 καὶ
1865 4593 1889 4642 ἐ

1996 4589 2189 4657 inquit,
2217 4598 2274 4640 ut
2305 4594 2576 4638 mortuum
2595 4584 2832 4637 excitent
2852 4597 2946 4650 per
2967 4581 3293 4644 orationem,
3314 4579 3574 4648 quemad-

321 4691 381 4759 τῇ
415 4689 737 4760 ἀδελφότητι
782 4687 1038 4748 πολλάκις
1075 4685 1184 4756 (56)
1210 4726 1224 4751 ,
1255 4684 1342 4738 διὰ
1376 4687 1435 4736 τὸ
1481 4685 1773 4752 ἀναγκαῖον
1799 4683 1898 4750 τῆς

326 4803 464 4857 furor
509 4801 902 4869 deferbuisset,
947 4811 1000 4856 et
1055 4802 1317 4862 lrenaeus,
1338 4801 1426 4869 qui
1462 4799 1686 4852 Romam
1729 4816 1756 4852 a
1785 4800 1889 4852 Po-

327 4875 550 4927 ιιιὶηοοει
581 4889 608 4924 a
640 4868 983 4942 Lugdunensi
1017 4871 1279 4942 Ecclesia
1316 4868 1514 4924 missus
1549 4870 1753 4942 fuerat,
1797 4873 1893 4942 do-

328 4958 458 4996 mum
505 4939 761 4996 reversus
801 4952 966 4995 esset.
1008 4941 1114 4994 Sed
1159 4955 1257 4993 nos
1294 4956 1452 5008 supra
1507 4955 1616 4991 non
1665 4939 1894 4992 infirmis

329 5014 615 5067 rationibus
672 5013 1201 5070 demonstravimus.
1253 5012 1511 5063 Irenaeum
1568 5009 1890 5076 legationem

329 5081 459 5136 illam
493 5098 598 5136 non
631 5082 850 5136 obiisse.
895 5080 1084 5148 Itaque
1122 5079 1252 5132 nihil
1277 5077 1390 5145 jam
1420 5087 1566 5131 vetat
1607 5080 1894 5143 quominus

326 5148 502 5206 lrenaai
545 5152 821 5204 ordinatio
854 5153 903 5204 in
946 5150 1194 5204 euindem
1237 5165 1437 5202 annum
1484 5163 1589 5216 quo
1631 5148 1892 5203 Pothinus

327 5231 398 5274 est
428 5229 692 5283 mortuus,
722 5221 1058 5274 conferatur.

389 5292 493 5362 (54)
535 5288 822 5362 -Τῇ-αὺτῇ
863 5289 1121 5362 διδαχῇ.)
1151 5289 1240 5344 Sic
1278 5288 1681 5362 habenteliam
1721 5289 1890 5362 nostri

328 5358 547 5415 codices.
595 5359 774 5413 Malim
813 5371 988 5413 tamen
1022 5361 1260 5413 scribere
1289 5359 1539 5428 διαδοχῇ,
1585 5374 1706 5411 cum
1737 5358 1895 5411 Chri-

327 5433 677 5551 itopborsono
723 5439 780 5484 et
830 5431 1054 5496 Savilio,
1085 5440 1139 5484 et
1188 5445 1312 5484 cum
1366 5429 1532 5483 veteri
1595 5428 1893 5495 interprete

349 5517 516 5551 rerum.

349 5517 516 5556 rerum.

389 5572 497 5639 (55)
555 5569 944 5639 ’ΥποπῬάψας
970 5569 1278 5637 Ιστοριίιις.
1315 5567 1480 5635 llujns
1522 5568 1669 5621 verbi
1698 5567 1804 5618 vim
1829 5581 1894 5620 ac

327 5643 701 5709 preprietatem
772 5655 876 5692 non
922 5640 1054 5693 satis
1108 5649 1489 5707 expresserunt
1542 5639 1887 5709 interpretes.

327 5707 585 5765 Masculus
612 5710 758 5764 enim
809 5709 970 5762 vertit
1019 5710 1261 5776 subjecit,
1310 5709 1448 5773 quod
1488 5717 1574 5761 est
1621 5708 1897 5774 ineptissi-

327 5791 490 5842 mum:
525 5779 1046 5848 Clll‘lSlOpllOl‘SOtttls
1069 5793 1165 5838 pro
1203 5777 1432 5848 simplzci
1473 5778 1895 5850 verboaccepit.

2011 4678 2226 4732 modum
2283 4675 2542 4728 Dominus
2596 4682 2649 4728 et
2710 4672 2935 4742 apostoli
2989 4670 3258 4726 fecerunt.
3325 4671 3431 4724 Sed
3519 4679 3575 4724 et

2001 4797 2200 4850 \‘ernm
2223 4788 2784 4864 ὑπογράφειντιιίῳιίά
2813 4787 3040 4864 amplius
3064 4786 3356 4864 significat,
3384 4802 3576 4864 nempe

1997 4866 2261 4918 defiueore
2302 4857 2734 4916 et'adumbrare,
2779 4857 3093 4924 metaphora
3138 4857 3297 4908 (lucta
3333 4872 3359 4907 ιι
3405 4857 3577 4923 picto-

1998 4937 2166 4988 ribus.
2207 4934 2388 4988 Possis
2432 4933 2591 4985 etiam
2646 4928 2985 4996 interpretari
3036 4926 3382 4990 subscribere,
3433 4927 3576 4994 quod

2001 5006 2138 5059 idem
2167 5014 2248 5057 est
2283 5021 2342 5053 ac
2373 5001 2664 5054 consentire
2689 5009 2738 5051 et
2771 4998 3077 5065 sti/fragori.

2071 5074 2205 5142 (55⁸)
2240 5074 2560 5140 Ἑλέγχου.
2603 5063 2858 5137 Intelligo?
2879 5063 3034 5136 quasi
3075 5063 3335 5133 scriptum
3391 5076 3576 5133 esset,

1990 5148 2054 5200 τὰ
2081 5141 2186 5197 (τοῦ
2218 5144 2459 5212 ἐλέγχου.
2497 5141 2658 5212 EDIT_.

2070 5214 2188 5285 (56)
2239 5202 2576 5285 Ποίὶξί-ιίκις.Δ
2614 5208 2817 5285 Textus
2871 5207 3155 5285 vulgatus,
3189 5202 3392 5285 fonto!
3444 5205 3575 5258 πολ-

1996 5273 2183 5346 λάκις.’
2211 5286 2360 5350 Apud
2396 5273 2757 5346 Niceplmrum
2790 5280 2838 5330 in
2877 5273 3073 5350 libflv,
3113 5291 3161 5328 c.
3184 5273 3269 5350 13},
3300 5277 3447 5328 deest
3471 5293 3573 5350 vox

1996 5345 2197 5418 πολλοί,
2233 5345 2392 5420 quam
2426 5345 2537 5420 nec
2575 5359 2726 5402 vetus
2761 5350 3023 5420 interpres
3061 5345 3276 5408 Irenaei,
3327 5361 3426 5397 nec
3471 5346 3578 5397 llu-

1999 5427 2138 5476 Iinns
2170 5418 2432 5492 agnoscit.
2481 5418 2662 5492 Itaque
2692 5418 3062 5492 exii-augenda
3093 5424 3206 5492 est,
3241 5423 3444 5492 utpole_
3459 5432 3580 5492 qum

1998 5484 2231 5548 sensum'
2278 5492 2474 5543 turbet.
2522 5484 2684 5541 Paulo
2731 5484 2892 5555 post,
2921 5486 3006 5538 ubi
3051 5484 3330 5550 legebatur
3365 5500 3383 5555 _:
3425 5485 3581 5555 Μετά

1997 5564 2250 5634 νηστείας
2282 5559 2479 5630 πολλῆς
2526 5559 2615 5610 καὶ
2651 5552 2894 5634 ἁγνείας,
2934 5555 3264 5633 restituimus
3293 5553 3388 5606 καὶ
3426 5552 3575 5608 λιτα-

2001 5623 2168 5696 νέίας,
2209 5623 2266 5684 ut
2311 5623 2504 5697 legitur
2539 5631 2676 5696 apud
2702 5623 3112 5697 Nicephorum;
3158 5633 3216 5697 et
3251 5623 3300 5675 in
3350 5634 3583 5697 quatuor

2004 5692 2209 5757 uasti-Vis
2263 5692 2538 5755 codicibus
2576 5692 2782 5759 'Maz.,
2842 5695 3020 5752 Med..
3075 5692 3211 5747 Fuk.
3264 5702 3318 5747 et
3376 5693 3580 5759 Savil.,

2006 5776 2202 5844 quibus
2228 5770 2527 5829 subscribit
2540 5778 2689 5824 vetus
2714 5769 2977 5836 interpres
3003 5765 3186 5820 lrcnzei
3212 5773 3265 5819 et
3288 5762 3537 5818 Rufinus.
3585 5809 3592 5816 .
