4012 6256
380 337 485 394 467

1081 322 1353 381 EUSEBII
1389 312 1865 378 CASSABIENSIS
1901 311 2052 371 OPP.
2089 311 2268 373 PARS
2306 314 2347 373 Ι.
2388 341 2458 357 -
2494 314 2883 373 HISTORICA.

3520 321 3643 377 448

384 464 756 525 saepenumero
808 448 950 503 inter
993 444 1224 509 fratres,
1273 447 1384 496 tota
1432 437 1599 495 simul
1645 437 1803 491 unius
1846 434 1950 489 loci

2065 436 2193 490 κατὰ
2241 435 2404 489 τόπον
2459 434 2782 508 Ἐκκλησίας
2820 434 3006 525 ,πάσης
3068 437 3440 511 αἰτησαμένης
3468 442 3645 512 μετὰ

386 546 631 605 Ecclesia
657 543 724 598 ob
752 539 986 609 aliquam
1021 535 1401 590 necessitatem
1441 531 1492 585 id
1525 529 1802 599 ﬂagitante
1827 541 1948 581 cum

382 640 600 713 jejuuiis
625 634 808 691 multis
841 642 897 687 ct
931 627 1291 690 orationibus,
1327 636 1544 679 reversa
1563 630 1647 675 est
1674 621 1725 675 in
1757 632 1953 688 corpus

387 710 569 789 anima
599 724 859 786 defuncti,
878 730 933 778 et
956 730 1269 775 sanctorum
1292 717 1539 786 precibus
1568 714 1809 770 hominis
1836 710 1944 765 vita

387 827 584 878 donata
615 828 716 874 est.
755 837 775 870 ι
841 815 907 870 Et
937 813 1218 881 aliquanto
1264 820 1411 880 post:
1436 826 1454 860 ι
1490 806 1643 874 Quod
1669 805 1950 875 si,inquit,

387 911 733 969 simulatione
783 906 1019 977 quadam
1073 919 1136 959 ac
1183 900 1478 972 praestigiis
1520 901 1642 955 haec
1669 901 1952 954 Dominum

389 1004 583 1060 fecisse
614 998 811 1054 dicturi
860 1005 1018 1062 sunt,
1068 995 1134 1050 ad
1184 996 1574 1063 prophetarum
1613 982 1831 1046 oracula
1862 1004 1956 1045 eos

388 1094 753 1153 deducentes,
809 1103 875 1142 ex
938 1087 1042 1141 illis
1097 1087 1597 1140 demonstrabimus
1645 1091 1839 1139 cuncta
1892 1083 1955 1135 de

390 1185 507 1253 ipso
533 1183 607 1235 ita
640 1179 899 1249 praedicta
932 1185 986 1232 et
1016 1185 1166 1247 gesta
1193 1190 1314 1230 esse
1343 1174 1652 1229 certissime
1673 1211 1686 1237 ,
1719 1185 1952 1240 cumque

389 1272 562 1326 solum
588 1284 708 1324 esse
739 1266 931 1321 Filium
963 1266 1078 1322 Dei.
1113 1265 1263 1321 Unde
1291 1265 1451 1319 etiam
1478 1265 1529 1318 in
1564 1263 1679 1332 ejus
1715 1263 1951 1327 nomine,

389 1370 656 1433 quotquot
703 1359 816 1414 veri
858 1367 985 1413 sunt
1039 1356 1157 1426 ejus
1202 1355 1491 1425 discipuli,
1535 1364 1754 1422 accepta
1782 1355 1850 1409 ab
1890 1370 1955 1409 eo

389 1455 563 1525 gratia
629 1453 694 1507 ad
748 1451 978 1507 salutem
1048 1460 1211 1518 atque
1277 1448 1568 1501 utilitatem
1627 1446 1953 1514 reliquorum

390 1545 630 1599 omnium
679 1558 741 1597 ea
789 1540 1033 1604 faciunt,
1082 1550 1243 1608 prout
1292 1538 1660 1606 unusquisque
1716 1537 1953 1605 ipsorum

391 1641 458 1694 ab
487 1653 550 1692 eo
579 1652 775 1692 munus
808 1633 1098 1702 acceperit.
1140 1631 1242 1684 Alii
1270 1630 1412 1684 enim
1454 1630 1726 1683 daemonas
1768 1626 1954 1694 expel-

394 1729 513 1784 lunt
538 1727 843 1784 certissime
874 1740 937 1779 ac
962 1723 1281 1789 verissime;
1317 1721 1450 1775 adeo
1480 1723 1648 1790 utqui
1692 1718 1953 1789 ejusmodi

395 1820 552 1874 tnalis
589 1817 866 1887 spiritibus
892 1813 1106 1870 liberati
1125 1821 1427 1880 sunt,sarpe
1453 1810 1610 1864 ﬁdem
1634 1809 1959 1879 amplectan-

398 1920 515 1973 tur,
544 1919 599 1963 ct
633 1908 688 1961 in
725 1907 960 1961 Ecclesia
996 1912 1370 1973 permaneant.
1419 1901 1520 1955 Alii
1563 1901 1956 1970 prwseientiam

394 2001 699 2055 futurorum
744 2008 800 2053 et
832 1998 1069 2072 visiones
1106 1996 1282 2052 sortiti
1324 2005 1454 2050 sunt
1478 2033 1494 2059 ,
1524 2004 1577 2050 et
1616 1992 1958 2063 propheticus

395 2091 794 2160 praedictiones.
841 2089 944 2143 Alii
997 2089 1242 2142 inlirntos
1284 2103 1380 2157 per
1410 2086 1803 2155 impositionem
1846 2098 1960 2137 ma-

401 2197 564 2235 nuum
604 2189 831 2244 curant,
858 2194 923 2234 ac
966 2179 1213 2248 pristinzn
1242 2178 1461 2233 sanitati
1492 2178 1814 2232 restituunt.
1852 2172 1958 2228 Sed

400 2283 452 2328 et
482 2272 677 2327 mortui
698 2272 1006 2342 aliquoties,
1032 2278 1088 2325 ut
1113 2285 1275 2339 supra
1297 2270 1552 2334 diximus,
1578 2266 1957 2331 excitatisunt,

398 2378 453 2421 et
481 2366 724 2435 pluribus
756 2366 1008 2433 deinceps
1043 2364 1200 2418 annis
1236 2364 1518 2420 nobiscum
1559 2367 1956 2417 remanserunt.

402 2458 560 2528 172
590 2456 726 2524 Quid
751 2454 943 2525 plura?
966 2454 1083 2509 Non
1119 2462 1296 2522 potest
1340 2467 1596 2507 numerus
1635 2450 1760 2505 iniri
1789 2450 1960 2504 dono~

397 2565 549 2612 rum,
584 2562 702 2618 quae
754 2562 850 2615 per
896 2545 1204 2599 universum
1260 2542 1450 2596 orbem
1484 2539 1725 2595 Ecclesia
1775 2552 1806 2591 a
1855 2539 1961 2593 Deo

395 2641 706 2709 accipiens,
756 2639 810 2692 in
865 2637 1085 2690 nomine
1133 2634 1253 2705 ejus
1305 2635 1395 2699 qui
1449 2634 1548 2688 sub
1577 2632 1768 2687 Pontio
1789 2631 1961 2687 Pilato

396 2730 685 2786 cruciﬁxus
724 2735 810 2783 est
845 2724 970 2782 Jesu
994 2724 1233 2791 Christi,
1259 2723 1504 2791 quotidie
1544 2723 1610 2777 ad
1641 2723 1958 2794 opitulatio-

396 2835 521 2875 nem
551 2820 788 2887 gentium
818 2825 1096 2886 operatur;
1134 2830 1234 2869 nec
1261 2814 1450 2869 fallens
1477 2827 1802 2884 quemquam
1824 2856 1839 2882 ,
1865 2832 1962 2870 nec

395 2911 680 2981 pecuniam
709 2908 1025 2962 corradens.
1054 2904 1124 2961 Ut
1154 2906 1297 2960 enim
1323 2907 1491 2976 gratis
1519 2906 1729 2975 accepit
1761 2922 1792 2961 a
1829 2909 1957 2973 Deo,

399 3002 478 3053 sic
508 3000 670 3054 etiam
706 2998 878 3067 gratis
925 2997 1214 3050 ministrat.
1252 3016 1269 3048 ι
1294 2997 1439 3050 ldem
1487 2997 1538 3050 in
1580 2996 1685 3051 alio
1738 2998 1856 3051 loco
1889 2998 1961 3053 ita

2052 530 2304 599 νηστείας
2336 529 2425 582 καὶ
2452 527 2720 592 λιτανείας
2746 524 2964 599 πολλῆς,
2995 529 3293 603 ἐπέστρεψε
3316 533 3377 587 τὺ
3406 532 3642 607 πνεῦμα

2052 621 2144 673 τοῦ
2186 620 2658 691 τετελευτηκότος,
2696 621 2790 674 καὶ
2830 620 3089 693 ἐχαρίσθη
3134 625 3163 676 6
3190 624 3475 695 ἄνθρωπος
3507 629 3641 691 ταῖς

2054 714 2236 781 aﬂuat;
2263 710 2370 764 τῶν
2399 712 2588 779 ἁγίων.
2618 728 2637 763 ι
2670 710 2779 764 Kal.
2804 706 2957 776 αὖθίς
2984 729 3116 782 φησι
3140 714 3258 785 μεθ’
3282 717 3445 787 ἕτερα
3463 734 3477 747 ο
3508 736 3528 769 ι
3560 718 3637 771 ΕΞ

2053 803 2109 858 δὲ
2141 805 2233 859 καὶ
2265 803 2353 858 τὸν
2384 803 2589 885 Κύριον
2622 803 3004 872 φαντασιωδῶς
3030 805 3098 859 τὰ
3133 808 3352 862 τοιαῦτα
3391 825 3635 881 πεποιη-

2054 900 2206 954 κέναι
2233 901 2511 972 φήσουσιν,
2537 903 2630 956 ὲπὶ
2661 903 2728 959 τὰ
2756 903 3067 976 προφητικὰ
3091 903 3381 973 ἀνάγοντες
3403 907 3633 970 αὐτοὺς,

2055 992 2113 1059 eg
2146 993 2322 1047 αὐτῶν
2369 993 2700 1065 ἐπιδείξομεν
2744 996 2921 1050 πάντα
2948 995 3122 1060 οὕτως
3165 999 3294 1069 περὶ
3333 996 3497 1051 αὐτοῦ
3530 1000 3634 1052 καὶ

2056 1085 2410 1156 προειρῆσθαι
2437 1086 2529 1139 καί
2556 1088 2835 1154 γεγονέναι
2864 1087 3094 1157 βεϐαίως
3111 1128 3125 1153 ,
3162 1089 3255 1143 καὶ
3276 1089 3436 1143 αὑτὸν
3467 1090 3634 1159 μόνον

2056 1175 2192 1231 εἶναι
2222 1178 2311 1232 τὸν
2342 1178 2468 1231 Υἰὸν
2500 1178 2591 1232 τοῦ
2618 1180 2773 1234 Θεοῦ.
2804 1181 2894 1234 Διὸ
2939 1183 3034 1236 καὶ
3074 1185 3132 1236 ὲν
3163 1182 3241 1253 τῷ
3271 1182 3479 1236 ἐκείνου
3506 1182 3633 1235 όνόο

2059 1285 2186 1338 ματι
2218 1269 2267 1320 οἱ
2300 1267 2512 1338 ἀληθῶς
2538 1268 2701 1322 αὐτοῦ
2733 1270 2991 1341 μαθηταὶ,
3023 1272 3151 1342 παρ’
3179 1270 3344 1326 αὐτοῦ
3370 1271 3633 1334 λαϐόντες

2054 1360 2152 1428 τὴν
2187 1359 2366 1430 χάριν,
2397 1359 2732 1414 ἐπιτελοῦσιν
2760 1361 2844 1414 ἐπ’
2874 1362 3160 1433 εὐεργεσίᾳ
3189 1365 3256 1433 τῇ
3287 1361 3396 1416 τῶν
3425 1360 3634 1417 λοιπῶν

2055 1451 2375 1523 ἀνθρώπων,
2408 1450 2586 1515 καθὼς
2615 1447 2694 1515 εἷς
2718 1453 2944 1516 ἕκαστος
2972 1453 3150 1507 αὐτῶν
3178 1454 3276 1523 τὴν
3312 1453 3522 1523 δωρεὰν
3539 1452 3633 1507 ἐί-

2055 1542 2193 1613 ληφε
2226 1545 2353 1614 παρ’
2386 1540 2572 1595 αὐτοῦ.
2620 1542 2684 1595 Οἱ
2732 1542 2829 1611 μὲν
2884 1543 2991 1614 γὰρ
3039 1543 3298 1614 δαίμονας
3344 1543 3630 1597 ἐλαύνουσι

2059 1630 2287 1700 βεϐαίως
2314 1626 2406 1684 καὶ
2442 1630 2691 1702 ἀληθῶς,
2731 1631 2871 1685 ὥστε
2912 1632 3167 1697 πολλάκις
3211 1635 3303 1687 καὶ
3354 1632 3633 1689 πιστεύειν

2057 1725 2250 1787 αὐτοὺς
2294 1723 2533 1786 ἐκείνους
2582 1724 2708 1787 τοὺς
2746 1722 3175 1794 καθαρισθέντας
3221 1724 3329 1794 (57)
3368 1724 3476 1777 ἀπὸ
3519 1724 3631 1778 τῶν

2064 1812 2312 1884 πονηρῶν
2341 1812 2684 1883 πνευμάτων,
2724 1815 2816 1867 καὶ
2861 1810 2999 1868 εἶναι
3033 1814 3091 1866 ὲν
3119 1817 3183 1884 τῇ
3224 1814 3550 1886 Ἐκκλησία⁸
3581 1818 3637 1869 oi“

2063 1905 2118 1958 δὲ
2138 1905 2229 1958 καὶ
2249 1904 2553 1975 πρόγνωσιν
2569 1904 2749 1975 ἔχουσι
2763 1904 2870 1957 τῶν
2892 1903 3209 1974 μελλόντων,
3231 1905 3325 1958 καὶ
3345 1904 3629 1969 ὀπτασίας,

2064 1998 2158 2052 καὶ
2188 1998 2373 2069 ῥήσεις
2400 1995 2757 2067 προφητικὰς’
2785 1995 2933 2051 ἄλλοι
2960 1996 3016 2048 δὲ
3047 1997 3172 2059 τοὺς
3215 1996 3517 2067 κάμνοντας
3544 1995 3635 2053 διὰ

2063 2091 2160 2161 τῆς
2183 2088 2286 2142 τῶν
2299 2089 2493 2161 χειρῶν
2517 2088 2812 2152 ἐπιθέσεως
2840 2089 3043 2155 ἰῶνται,
3066 2091 3159 2143 καὶ
3186 2077 3360 2158 ὑγιεῖὲ
3384 2086 3633 2141 ἀποκαθ-

2067 2184 2295 2236 ιστᾶσιν.
2364 2182 2501 2251 Ἤδη
2534 2180 2611 2244 δὲ,
2653 2179 2834 2244 καθὼς
2874 2182 3103 2252 ἔφαμεν,
3130 2183 3223 2235 καί⁵
3248 2180 3431 2252 νεκροὶ
3458 2181 3633 2252 ἠγέρ-

2066 2273 2255 2343 Θησαν,
2281 2275 2375 2327 καὶ
2409 2275 2746 2345 παρέμειναν
2780 2273 2876 2326 σὺν
2906 2275 3037 2343 ἡμῖν
3065 2272 3176 2341 (58)
3212 2274 3412 2335 ἱκανοῖς
3463 2270 3633 2325 ἔτεσι.

2065 2367 2175 2420 Καὶ
2203 2366 2256 2418 τί
2288 2363 2430 2435 γάρ;
2463 2365 2561 2419 οὐκ
2588 2361 2734 2415 ἔστιν
2772 2361 3001 2433 ἀριθμὸν
3029 2364 3200 2414 εἰπεῖν
3226 2359 3334 2415 τῶν
3364 2360 3639 2430 χαρισμά-

2065 2475 2192 2521 των,
2219 2450 2294 2511 ὧν
2324 2456 2464 2510 κατὰ
2491 2454 2688 2518 παντὸς
2718 2455 2812 2508 τοῦ
2847 2455 3051 2524 κόσμου
3086 2454 3118 2523 ἡ
3147 2450 3442 2523 Ἐκκλησία
3483 2451 3640 2523 παρὰ

2066 2550 2198 2603 Θεοῦ
2245 2548 2515 2613 λαϐοῦσα,
2550 2550 2608 2602 ὲν
2656 2548 2734 2618 τῷ
2771 2545 2995 2617 ὀνόματι
3047 2543 3218 2614 Ἰησοῦ
3264 2541 3499 2611 Χριστοῦ
3539 2541 3636 2595 τοῦ

2070 2640 2466 2711 σταυρωθέντος
2497 2640 2585 2692 ἐπὶ
2615 2638 2840 2693 Ποντίου
2869 2635 3120 2696 Πιλάτου,
3155 2631 3637 2704 ἑκάστης-ἡμέρας

2068 2731 2152 2783 ἐπ’
2182 2730 2466 2802 εὐεργεσίᾳ
2488 2732 2553 2801 τῇ
2589 2729 2697 2782 τῶν
2737 2724 3203 2787 ὲθνῶν.ὲπιτελεῖ,
3260 2725 3397 2793 μήτε
3430 2719 3640 2786 ἐξαπατ-

2066 2821 2218 2874 τῶσά
2252 2839 2419 2887 τινας,
2466 2823 2603 2893 μήτε
2645 2816 3107 2891 ὲξαργυριζομένη
3127 2833 3140 2847 ⁸
3168 2816 3242 2880 ὡς
3275 2814 3382 2886 γὰρ
3428 2811 3638 2885 δωρεὰν

2068 2912 2255 2984 εἴληφε
2293 2914 2442 2984 παρὰ
2477 2912 2637 2975 Θεοῦ,
2672 2909 2882 2982 δωρεὰν
2928 2910 3023 2963 καὶ
3075 2908 3326 2961 διακονεῖ.
3378 2924 3397 2957 ›
3437 2905 3548 2959 Kal.
3580 2904 3639 2956 ὲν

2068 3005 2237 3076 ἑτέρῳ
2257 3005 2314 3058 δὲ
2333 3006 2481 3075 τόπῳ
2505 3006 2533 3058 6
2560 3004 2719 3066 αὐτὸς
2742 3001 2940 3073 γράφει
2960 3017 2972 3030 ⁸
3021 3019 3039 3051 ι
3067 2997 3262 3061 Καθὼς
3300 2996 3395 3051 καὶ
3429 2994 3647 3050 πολλῶν.

399 3091 593 3147 scribit
639 3109 652 3145 :
692 3109 710 3141 ι
749 3089 920 3144 Sicuti
974 3089 1168 3143 multos
1218 3104 1283 3142 ex
1339 3088 1599 3144 fratribus
1627 3091 1878 3146 audimus
1909 3093 1960 3145 in

2068 3097 2336 3167 ἀκούομεν
2373 3093 2616 3165 ἀδελφῶν
2663 3095 2719 3146 ὲν
2757 3095 2825 3165 τῇ
2864 3090 3156 3162 Ἐκκλησία
3197 3087 3510 3161 προφητικὰ
3538 3104 3637 3160 χα-

400 3183 679 3246 Ecclesia,
729 3183 820 3252 qui
866 3181 1164 3250 prephetiae
1214 3182 1350 3235 dona
1403 3184 1681 3237 consecuti
1725 3193 1966 3252 sunt,et

399 3276 545 3329 omni
600 3275 902 3342 linguarum
940 3286 1139 3339 genere
1181 3287 1277 3341 per
1331 3272 1594 3341 Spiritum
1646 3275 1962 3345 loquuntur,

401 3377 453 3422 et
471 3366 533 3421 ad
555 3365 829 3419 hominum
848 3363 1156 3426 utilitatem,
1170 3362 1382 3417 occulta
1403 3364 1453 3416 in
1472 3362 1642 3418 lucem
1662 3366 1963 3433 proferunt,

402 3467 562 3524 atque
588 3470 785 3508 arcana
820 3454 910 3508 Dei
945 3453 1199 3524 mysteria
1222 3461 1551 3522 exponunta
1574 3453 1652 3507 Ex
1684 3455 1766 3509 his
1799 3454 1966 3524 igitur

405 3553 664 3611 apparet,
697 3541 1048 3609 multiplicem
1087 3540 1349 3594 donorum
1388 3540 1709 3608 spiritalium
1738 3545 1969 3598 varieta-

408 3642 516 3687 tem
542 3636 606 3687 ad
632 3633 719 3687 illa
739 3649 909 3701 usque
930 3645 1171 3701 tempora
1198 3644 1362 3701 penes
1386 3647 1480 3687 eos
1505 3636 1594 3704 qui
1618 3636 1763 3708 digiti
1789 3648 1968 3694 essent

405 3726 789 3793 permansisse.
1374 3776 1377 3777 ν

990 3819 1216 3875 CAPUT
1259 3820 1383 3878 Vlll.

410 3930 655 3997 Qualiter
690 3932 715 3987 1
725 3948 927 3987 rentzus
956 3934 1252 4005 divinarum
1280 3938 1509 3991 meminit
1553 3936 1966 4009 Scripturarum.

475 4067 580 4124 Sed
601 4071 854 4136 quoniam
879 4069 931 4123 in
961 4069 1077 4137 ipso
1108 4070 1269 4137 hujus
1296 4073 1475 4141 operis
1498 4075 1721 4129 exordio
1743 4076 1969 4146 polliciti

404 4174 627 4222 sumus,
667 4167 911 4213 veterum
966 4173 1066 4213 nos
1105 4160 1362 4215 Ecclesia:
1423 4161 1860 4233 presbyterorum
1908 4180 1973 4220 ac

407 4250 731 4315 scriptorum
761 4249 926 4302 verba
979 4264 1077 4303 suo
1120 4249 1240 4304 loco
1285 4250 1639 4317 adducturos,
1682 4253 1880 4324 quibus
1908 4270 1970 4308 ea

407 4354 527 4408 qua:
554 4355 581 4391 a
614 4338 911 4407 majoribus
936 4337 1037 4392 sibi
1074 4339 1265 4393 tradita
1296 4341 1657 4410 accepissent,
1691 4343 1758 4399 de
1796 4345 1971 4400 sacris

2069 3188 2303 3265 ρίσματα
2326 3187 2578 3259 ἐχόντων,
2601 3186 2694 3240 καὶ
2721 3182 3083 3246 παντοδαπαῖς
3101 3181 3399 3235 λαλούντων
3425 3180 3512 3235 διὰ
3540 3179 3642 3235 τοῦ,

2066 3282 2378 3353 Πνεύματος
2416 3278 2704 3348 γλώσσαις,
2739 3277 2832 3331 καὶ
2859 3274 2930 3329 τὰ
2970 3273 3177 3346 κρύφια
3200 3273 3309 3326 τῶν
3341 3272 3641 3343 ἀνθρώπων

2066 3374 2146 3437 εἰς
2162 3372 2391 3443 φανερὸν
2406 3369 2646 3439 ἀγόντων
2666 3370 2760 3422 ἐπὶ
2780 3367 2856 3438 τῷ
2874 3367 3221 3437 συμφέροντι,
3234 3366 3329 3419 καὶ¹
3350 3363 3420 3417 τὰ
3438 3363 3642 3434 μυστή-

2069 3481 2162 3536 ρια
2191 3463 2284 3517 τοῦ
2324 3462 2458 3516 Θεοῦ
2487 3459 2939 3532 ὲκδιηγουμένων.
2980 3477 3001 3512 ι
3045 3458 3228 3511 Ταῦτα
3260 3458 3353 3510 καὶ
3382 3457 3510 3526 περὶ
3545 3453 3640 3508 τοῦ

2066 3554 2328 3626 διαφορὰς
2373 3553 2726 3626 χαρισμάτων
2787 3553 2950 3624 μέχρι
2996 3552 3091 3605 καὶ
3131 3548 3239 3603 τῶν
3305 3544 3653 3620 δηλουμένων

2068 3647 2273 3720 χρόνων
2306 3645 2456 3717 παρὰ
2482 3647 2592 3707 τοῖς
2618 3643 2788 3709 ἀξίοις
2811 3643 3104 3713 διαμεῖναι.
3449 3626 3456 3633 ’

2594 3822 2991 3879 ΚΕΦΑΛΑΙΟΝ
3026 3822 3110 3876 H'.

2178 3921 2366 3985 Ὅπως
2399 3919 2433 3971 ὁ
2468 3910 2785 3985 Εἰρηναῖος
2814 3912 2934 3985 adi?
2970 3911 3147 3985 θείων

2414 3980 2670 4055 Γρᾱερῶν
2698 3983 2836 4054 (Nic.
2870 3982 2943 4037 Η.
2997 3980 3058 4035 Ε.
3093 3996 3166 4045 tv,
3190 3980 3297 4051 14).

2154 4081 2304 4135 Ἐπεὶ
2348 4079 2406 4133 δὲ
2446 4076 2735 4149 ἀρχόμενοι
2780 4074 2878 4145 τῆς
2926 4072 3308 4144 πραγματείας
3353 4071 3646 4142 ὑπόσχεσιν

2071 4167 2432 4240 πεποιήμεθα,
2460 4161 2871 4235 παραθήσεσθαι
2894 4161 3035 4215 κατὰ
3055 4160 3243 4232 καιρὸν
3271 4159 3513 4224 εἰπόντες
3545 4158 3647 4240 τὰς

2069 4265 2178 4318 τῶν
2214 4233 2454 4334 ἀρχαίων
2496 4233 2962 4326 ὲκκληνσιαστικῶν
3012 4250 3399 4324 πρεσϐυτέρων
3435 4268 3516 4305 .τε
3551 4233 3649 4305 καὶ

2075 4350 2428 4423 συγγραφέων
2458 4344 2661 4417 φωνὰς,
2688 4346 2747 4398 ὲν
2774 4337 2861 4408 αἷς
2886 4342 2986 4406 τὰς
3017 4344 3144 4414 περί¹
3175 4342 3281 4395 τῶν
3315 4340 3647 4412 ἐνδιαθήκων

3175 3913 3550 3980 μνημονεύει

408 4432 691 4500 utriusque
760 4430 1093 4486 Testamenti
1145 4430 1297 4485 libris
1343 4442 1727 4499 exposuerunt,
1797 4433 1961 4503 ipsius

2072 4440 2301 4517 Γραφῶν
2339 4442 2418 4502 εἰς
2458 4438 2652 4498 αὐτοὺς
2698 4432 3065 4497 κατελθούσας
3103 4431 3428 4505 παραδόσεις
3458 4435 3644 4503 γραφῇ

405 4524 566 4579 etiam
618 4522 801 4580 Irenrci
855 4523 945 4592 qui
1000 4538 1138 4577 unus
1178 4537 1241 4576 ex
1299 4522 1511 4576 illorum
1563 4539 1787 4579 numero
1819 4527 1947 4596 fuit,

478 4759 600 4831 (δεῖ)
658 4757 804 4831 Τοὺς
870 4755 1357 4831 καθαρισαέντας·
1419 4755 1509 4831 ξίο
1568 4756 1730 4831 ﬁla!“
1788 4759 1963 4831 Ῑλξίίῖηί

406 4827 626 4904 purgari
660 4830 910 4904 dicebant
941 4843 1034 4904 eos
1070 4827 1493 4904 quiinnnundis_
1514 4828 1792 4904 spiritibus
1835 4830 1968 4885 libe-

410 4894 690 4955 rabantur.
722 4896 1042 4967 Ambrosius
1079 4898 1129 4949 in
1165 4894 1258 4967 lib.
1290 4911 1358 4967 ytt
1394 4894 1770 4967 Epistolarum,
1808 4901 1966 4967 epist.

406 4971 472 5034 2;
508 4967 766 5021 Paulinus
800 4967 851 5017 in
908 4963 1023 5034 Vita
1064 4966 1344 5034 Ambrosii.
1385 4963 1639 5034 Occurrit
1678 4981 1739 5020 ea
1772 4963 1875 5022 vox
1918 4978 1974 5023 et.

410 5041 464 5093 in
508 5037 726 5108 can._M
770 5033 985 5108 c_onci_|i_i
1026 5033 1376 5108 Arausicani.
1406 5033 1639 5108 Severus
1668 5037 1719 5088 in
1766 5039 1973 5108 dialogo

410 5108 583 5175 primo
639 5104 711 5156 De
759 5103 857 5155 vita
913 5100 1156 5161 Martini.
1200 5118 1316 5175 cap.
1357 5101 1471 5175 ηε
1514 5101 1711 5168 Quinto
1760 5100 1968 5159 demu'm

410 5172 584 5229 incuso
619 5183 871 5239 purgatus
905 5178 982 5222 est
1030 5188 1133 5223 non
1173 5172 1339 5224 solum
1390 5174 1652 5239 divinans,
1691 5176 1781 5228 sed
1828 5177 1967 5242 quod

410 5247 490 5297 illi
525 5252 632 5294 erat
666 5242 845 5293 utilius
871 5249 917 5292 et
948 5242 1202 5306 optatius.
1234 5243 1481 5295 vanitate.
1521 5243 1628 5295 Sed
1659 5252 1714 5295 et
1750 5245 1803 5297 in
1836 5246 1967 5300 lih.t

411 5314 493 5366 De
525 5314 626 5365 vita
666 5309 882 5363 Martini
918 5309 1104 5362 titulus
1131 5310 1321 5373 capitis
1363 5311 1420 5362 l7
1459 5311 1509 5363 in
1541 5327 1639 5366 tus.
1670 5314 1855 5368 codice
1887 5314 1973 5367 hic

410 5393 491 5435 est
521 5400 533 5434 :
571 5378 670 5434 Ubi
703 5380 1026 5434 dwmoniaco
1054 5377 1251 5448 furenti
1285 5380 1475 5447 digitos
1516 5381 1574 5433 in
1611 5397 1666 5433 os
1699 5382 1898 5448 intulit,
1923 5392 1971 5436 et

411 5452 690 5515 confestim
749 5447 1011 5518 purgari}.
1065 5447 1365 5501 Eucherius
1407 5450 1459 5501 in
1509 5450 1756 5517 passioire
1802 5447 1976 5505 sancti

412 5504 654 5574 Mauricii
683 5538 695 5573 :
733 5504 873 5572 ί)ωὲ
892 5504 1015 5578 diti).
1048 5518 1253 5584 inquit,
1284 5504 1543 5571 miracula
1566 5521 1799 5583 passioni
1832 5504 1977 5572 mar-

414 5602 585 5658 tyrum
632 5590 925 5642 inserenda.
964 5586 1222 5660 Graiarum
1278 5589 1406 5640 satis
1448 5588 1613 5660 multa
1663 5599 1811 5653 sunt,
1861 5605 1977 5660 qua:

413 5661 489 5711 rel
536 5660 591 5710 in
630 5660 937 5727 purgatione
983 5658 1317 5727 drymonum.
1375 5660 1452 5709 rel
1492 5659 1569 5727 in,
1596 5658 1977 5712 restauratione

415 5726 745 5791 dandorum,
785 5737 888 5782 etc.
924 5727 1001 5781 lta
1047 5726 1242 5793 legitur
1274 5727 1329 5782 in
1378 5726 1749 5785 vetustissimo
1792 5730 1977 5786 codice

2062 4533 2479 4610 παραδεδώκασι
2506 4528 2651 4601 (59),
2682 4527 2884 4581 τούτων
2925 4526 2983 4580 δὲ
3025 4526 3118 4583 καὶ
3161 4528 3189 4578 6
3221 4526 3507 4598 Εἰρηναῖος
3550 4522 3663 4597 ἦν,

2072 4759 2463 4819 Mosciaceusi,
2516 4770 2622 4809 non
2673 4763 2731 4809 ut
2773 4751 2966 4807 Snrius
3017 4749 3220 4814 edidit,
3265 4748 3663 4819 expugnatione

2074 4816 2391 4885 daemonum.
2420 4816 2588 4882 Porro
2618 4825 2671 4878 in
2702 4818 3163 4892 quatuornostris
3184 4818 3461 4892 codicibus
3483 4816 3645 4892 M_az_.,

2078 4884 2242 4961 Μειί..
2279 4897 2415 4953 Fuk.
2460 4904 2514 4949 et
2548 4884 2821 4948 Saviliauo
2850 4891 3110 4961 scriptum
3142 4897 3250 4961 est,
3273 4885 3474 4961 αὐτοῦς
3502 4884 3650 4961 ὲκεί-

2077 4955 2201 5032 νους
2230 4955 2381 5031 ’τοὺς
2431 4962 2893 5035 καθαρισθένταςτ.
2924 4957 3038 5035 .Qui
3081 4955 3353 5035 articulus
3399 4958 3549 5009 deest
3594 4956 3657 5009 in~

2081 5023 2250 5107 Regio
2287 5023 2603 5107 exemplari,
2638 5041 2692 5084 et
2726 5031 2778 5107 in
2810 5023 3355 5107 editionemStephani.

2146 5090 2259 5179 ((58)
2295 5090 2664 5179 Παρέξιιειναν
2707 5097 2830 5154 σὺν
2853 5094 3137 5179 ἡμῖν-,ιδῃ
3167 5090 3218 5179 in
3238 5090 3649 5179 .eodice‘Ma_z.,

2085 5162 2224 5233 Meti.
2243 5162 2305 5230 et
2337 5162 2631 5229 Saviliano,
2656 5162 3039 5234 necnon’apud
3069 5163 3427 5234 Nicephorum
3456 5162 3652 5234 legitur

2077 5249 2225 5315 vulg.
2277 5259 2389 5299 om.
2434 5242 2550 5296 σύν.
2588 5232 3139 5295 Ευιίειίιιηυείιιιιιει
3207 5232 3547 5303 παρέμειναν
3591 5232 3656 5285 ἐν

2079 5318 2261 5456 im(3'23)
2289 5379 2512 5456 Γραφῇ
2538 5371 3044 5456 ηπῳᾳδεδώκιισι,
3064 5335 3224 5456 rost
3265 5371 3393 5456 tum
3431 5370 3659 5456 fet-ba“,

2083 5438 2256 5508 codex,
2289 5438 2508 5507 Mazfe't'
2538 5438 2676 5502 Med:
2708 5447 2806 5497 has
2835 5457 2995 5495 voces
3026 5441 3324 5505 interserit,
3351 5439 3559 5494 τούτων
3593 5438 3656 5494 δὲ

2086 5525 2180 5578 καὶ
2203 5525 2232 5576 6
2254 5522 2546 5593 Εἰρηναῖος
2579 5513 2669 5589 ἦν,
2693 5510 2817 5593 duae
2846 5512 3093 5591 videntur
3108 5525 3232 5566 esse
3267 5509 3569 5593 super-llum2
3597 5517 3652 5593 et

2083 5610 2112 5648 a
2150 5579 2440 5647 scliolias'te
2485 5579 2833 5657 quodamiad
2866 5581 3505 5657 t-narginenruascripta;
3555 5579 3653 5632 ha-

2083 5666 2278 5718 bentur
2313 5649 2681 5716 tameu'etiat‘n
2716 5655 2771 5709 in
2794 5649 2927 5706 Fuk.
2956 5661 3007 5705 et
3044 5649 3340 5704 Saviliano.
