4012 6256
302 250 409 306 1.49

1348 260 1693 319 HlSTOerE
1733 263 2292 324 ECCLESIASMCIE
2335 242 2473 327 LlB.
2514 273 2581 331 ν.

3476 290 3581 345 450

303 365 437 439 φέρε
469 369 568 422 καὶ
601 369 701 434 τὰς
729 368 892 424 αὐτοῦ
927 364 1298 446 παραθιόμεθα
1320 374 1494 443 λέξεις
1517 419 1531 442 ,
1561 379 1655 433 καὶ
1677 379 1865 450 πρώτα

1971 384 2190 448 τρώει,
2238 385 2284 439 si
2319 385 2520 454 placet,
2557 403 2908 460 apponamus,
2954 409 3018 451 ac
3066 396 3299 466 primttm
3357 403 3574 471 quidem

298 477 369 531 γε
399 461 499 524 τὰς
525 462 655 533 περί
685 461 793 517 τῶν
838 463 999 535 ἱερῶν
1033 465 1400 537 Εὑαγγελίων,
1431 469 1604 533 οὕτως
1634 469 1895 541 ἐχούσας·

305 574 329 609 c
350 555 410 610 '0
440 555 538 625 μὲν
649 554 922 617 Ματθαίος
945 558 1004 609 ἐν
1028 560 1141 622 τοῖς
1177 558 1448 630 Ἑϐραίοις
1481 562 1545 632 τῇ
1584 560 1690 633 ίδίᾳ
1717 562 1899 616 αὐτῶν

297 647 573 717 διαλέκτῳ
631 648 725 701 καὶ
795 647 1009 720 γραφὴν
1058 648 1770 721 ὲξήνεγκενἘύαγγελίου,
1802 654 1896 708 τοῦ

297 739 511 808 Πέτρου
558 740 654 793 καὶ
695 736 787 793 τοῦ
818 739 1034 795 Παύλου
1081 743 1138 795 ὲν
1176 741 1367 815 Ῥώμῃ
1391 744 1895 818 εὐαγγελιζομένων

294 832 397 885 καὶ
428 830 823 900 θεμελιούντων
850 834 948 903 τὴν
986 832 1328 905 Ἐκκλησίαν.
1359 835 1512 889 Μετὰ
1538 836 1595 888 δὲ
1636 837 1736 909 τὴν
1770 837 1895 891 τού-

294 940 408 976 των
456 922 631 988 ἔξοδον
664 922 800 994 (60),
853 923 1079 995 Μάρκος
1128 926 1157 978 ό
1208 923 1456 997 μαθητὴς
1499 927 1591 980 καὶ
1628 928 1895 1001 ἑρμηνευ-

290 1013 397 1084 τὴς
447 1013 677 1085 Πέτρου,
733 1014 827 1069 καὶ
871 1014 1034 1079 αὐτὸς
1076 1013 1145 1070 τὰ
1206 1016 1309 1069 ὑπὸ
1351 1018 1560 1089 Πέτρου
1624 1021 1887 1092 κηρυσσόο

295 1122 460 1175 μενα,
507 1104 801 1176 ἐγγράφως
855 1108 987 1176 ἡμῖν
1014 1107 1401 1178 παραδέδωκε,
1452 1110 1544 1163 καὶ
1572 1112 1786 1177 Λουκᾶς
1835 1113 1891 1168 δὲ

289 1198 322 1250 ὁ
369 1197 660 1262 ἀκόλουθος
709 1198 944 1263 Παύλου,
992 1200 1054 1253 τὸ
1099 1201 1190 1254 ὑπ’
1224 1201 1432 1255 ἐκείνου
1484 1204 1891 1275 κηρυσσόμενω

288 1290 662 1360 Εὐαγγέλιον,
692 1293 750 1345 ἐν
788 1290 977 1367 βιϐλίῳ
1018 1293 1298 1347 κατέθετο.
1350 1295 1582 1349 Ἔπειτα
1634 1295 1889 1367 Ἰωάννης

288 1385 322 1436 ὀ
370 1382 617 1455 μαθητὴς
667 1384 759 1438 τοῦ
800 1386 1039 1456 Κυρίου,
1086 1387 1114 1438 ὁ
1165 1386 1260 1463 καὶ
1280 1386 1381 1439 ἐπὶ
1428 1386 1489 1440 τὸ
1548 1387 1742 1460 στῆθος
1791 1390 1889 1443 αὐ-

289 1473 391 1527 τοῦ
429 1473 735 1537 ἀναπεσὼν,
763 1477 857 1529 καὶ
887 1476 1050 1540 αὐτὸς
1094 1476 1323 1542 ἐξέδωκε
1349 1477 1410 1531 τὸ
1440 1479 1793 1548 Εὐαγγέλιον,
1822 1483 1883 1534 ὲν

301 1561 517 1634 Ἐφέσῳ
553 1564 654 1634 τῆς
696 1565 878 1629 Ἀσίας
921 1566 1231 1638 διατρίϐων.
1270 1587 1289 1620 3
1347 1569 1530 1624 Ταῦτα
1562 1570 1662 1642 μὲν
1693 1566 1786 1625 οῦν
1826 1573 1883 1626 ἐν

285 1657 462 1728 τρίτῳ
489 1658 589 1729 τῆς
614 1659 910 1731 εἰρημένης
938 1660 1245 1725 ὑποθέσεως
1274 1661 1351 1733 τῷ
1384 1662 1781 1734 προδηλωθέντι
1807 1662 1882 1717 εί-

2002 488 2122 544 ηυιιι
2166 476 2232 530 de
2268 476 2437 532 sacris
2476 478 2780 552 Evangeliis
2817 487 3005 540 scribit
3037 487 3092 542 in
3129 488 3273 546 hunc
3307 496 3523 552 modum
3554 515 3570 553 :

2005 581 2024 615 ‹
2060 562 2343 621 Matthzeus
2368 609 2382 634 ,
2419 567 2627 639 inquit,
2670 576 2808 644 apud
2841 574 3097 634 llebraaos
3134 584 3350 651 propria
3383 600 3572 644 eorum

1999 655 2178 725 lingua
2214 662 2585 733 conscriptum
2620 662 2968 732 Evangelium
3000 671 3202 739 edidit,
3227 674 3353 729 dum
3381 676 3573 736 Petrus

2000 761 2062 802 ac
2088 747 2288 805 Paulus
2301 751 2492 808 Romae
2509 754 2781 810 Christum
2813 760 3190 828 praedicarent,
3224 774 3281 820 et
3310 766 3569 825 Ecclesiae

2006 838 2355 896 fundamenta
2393 842 2664 911 iacerent.
2702 845 2835 902 Post
2880 849 3074 905 horum
3117 868 3249 910 vero
3291 856 3568 914 interitum

1996 927 2211 986 Marcus
2272 934 2574 1005 discipulus
2624 948 2787 1008 atque
2832 937 3105 1010 interpres
3154 944 3339 1015 Petri,
3382 964 3503 1018 qua?
3536 966 3569 1006 a

1993 1018 2158 1077 Petro
2185 1025 2481 1093 praedicata
2522 1027 2774 1096 fuerant,
2805 1037 3105 1106 perscripta
3136 1036 3294 1093 nobis
3324 1041 3565 1096 tradidit.

1994 1111 2168 1169 Lucas
2194 1130 2431 1186 quoque,
2477 1129 2716 1176 sectator
2747 1122 2933 1190 Pauli,
2963 1127 3309 1198 Evangelium
3342 1145 3371 1184 a
3401 1129 3567 1186 Paulo

1994 1209 2343 1274 prmdicatum
2370 1212 2565 1269 litteris
2591 1217 2885 1274 mandavit.
2913 1219 3149 1278 Joannes
3175 1224 3429 1293 denique,
3459 1226 3566 1281 Do-

1995 1298 2128 1353 mini
2156 1299 2451 1371 discipulus
2473 1342 2487 1368 ,
2521 1307 2610 1372 qui
2641 1306 2803 1360 etiam
2831 1309 2884 1362 in
2913 1310 3031 1379 ejus
3062 1313 3183 1369 sinu
3213 1315 3558 1382 recubuerat,

1993 1387 2338 1459 Evangelium
2355 1393 2541 1458 edidit,
2575 1410 2694 1451 cum
2736 1397 2932 1467 Ephesi
2959 1401 3012 1454 in
3041 1400 3168 1456 Asia
3199 1415 3557 1460 moraretur.»

1990 1477 2113 1534 llaec
2146 1479 2235 1535 ille
2281 1481 2334 1535 in
2387 1483 2548 1539 tertio
2603 1486 2897 1555 supradicti
2943 1491 3127 1562 operis
3173 1492 3351 1562 libro,
3405 1496 3560 1567 cujus

1988 1580 2148 1624 antea
2194 1573 2523 1629 mentionem
2572 1575 2821 1634 fecimus.
2885 1579 2940 1634 In
3000 1583 3192 1651 quinto
3253 1602 3425 1653 vero,
3492 1590 3561 1642 de

1990 1662 2338 1719 ltevelatione
2387 1665 2614 1723 Joannis
2651 1678 2706 1724 et
2752 1671 2817 1726 de
2865 1675 3271 1743 computatione
3321 1681 3558 1738 nominis

290 1764 480 1820 ρηται.
524 1750 610 1803 Ἑν
652 1750 709 1803 δὲ
739 1750 817 1822 τῷ
849 1750 1083 1822 πέμπτῳ
1125 1753 1380 1824 περὶτῆς
1423 1733 1668 1808 Ἰωάννου
1714 1756 1865 1810 Ἀπο-

1984 1754 2303 1811 Antichristi
2343 1756 2426 1813 sic
2469 1759 2694 1816 disserit
2731 1777 2745 1817 :
2802 1781 2820 1815 ι
2873 1733 3007 1818 Cum
3035 1766 3200 1835 igitur
3241 1771 3357 1825 haec
3384 1772 3455 1826 ita
3496 1789 3557 1828 se

288 1839 601 1910 καλύψεως,
645 1840 856 1911 καὶτῆς
885 1841 1063 1913 ψήφου
1092 1840 1192 1913 τῆς
1209 1841 1302 1896 τοῦ
1320 1843 1683 1918 Ἀντιχρίστου
1708 1863 1876 1919 προσ-

285 1930 520 2001 ηγορίας
552 1929 694 1984 οὕτω
735 1930 1119 2003 διαλαμϐάνει·
1151 1949 1170 1983 ι
1199 1931 1417 1987 Τοῦτων
1445 1933 1500 1987 δὲ
1523 1933 1696 2001 οὕτως
1722 1937 1872 2008 ὲχόν-

287 2037 420 2086 των,
446 2022 540 2074 καὶ
563 2024 621 2075 ὲν
644 2022 778 2075 πᾶσι
804 2022 860 2075 δὲ
888 2025 999 2087 τοῖς
1028 2023 1336 2088 σπουδαίοις
1368 2025 1461 2079 καὶ
1503 2026 1751 2098 ἀρχαίοις
1779 2029 1873 2081 ἀν-

285 2114 573 2185 τιγράφοις
604 2114 698 2168 τοῦ
728 2113 959 2188 ἀριθμοῦ
991 2114 1183 2169 τούτου
1215 2115 1467 2188 κειμένου
1487 2159 1501 2183 ,
1537 2119 1632 2172 καὶ
1667 2137 1874 2192 μαρτυ-

287 2202 526 2274 ρούντων
562 2205 741 2258 αὐτῶν
787 2206 1008 2260 ἐκείνων
1036 2206 1144 2261 τῶν
1183 2210 1303 2261 κατ’
1332 2208 1455 2278 ὄψιν
1483 2210 1575 2265 τὸν
1614 2211 1868 2283 Ἰωάννην

283 2294 631 2366 ἑωρακότων,
665 2297 759 2351 καὶ
800 2297 892 2351 τοῦ
943 2298 1100 2367 λόγου
1148 2298 1491 2366 διδάσκοντος
1545 2303 1691 2373 ἡμᾶς
1725 2305 1808 2357 ὅτι
1838 2306 1866 2357 ὁ

280 2384 517 2457 ἀριθμὸς
548 2386 640 2441 τοῦ
672 2388 934 2459 ὀνόματος
955 2388 1047 2442 τοῦ
1084 2388 1273 2463 θηρίου
1305 2391 1448 2447 κατὰ
1473 2392 1571 2465 τὴν
1600 2392 1707 2448 τῶν
1749 2394 1866 2447 Ἐλ-

280 2473 461 2546 λήνων
488 2476 667 2548 ψῆφον
699 2478 785 2532 διὰ
814 2478 922 2533 τῶν
952 2482 1011 2534 ὲν
1051 2481 1198 2552 αὐτῷ
1224 2482 1567 2554 γραμμάτων
1608 2485 1869 2556 ἐμφαίνε-

281 2587 393 2623 ται.
452 2589 472 2623 ι
517 2573 627 2625 Καὶ
669 2572 1018 2637 ὑποκαταϐὰς
1074 2575 1203 2648 περὶ
1252 2574 1349 2629 τοῦ
1398 2575 1562 2631 αὐτοῦ
1627 2577 1862 2646 φάσκει·
1918 2631 1922 2634 ι

289 2681 309 2711 ι
357 2662 548 2733 Ἡμεῖς
578 2658 670 2717 οῦν
695 2664 794 2718 οὐκ
822 2665 1306 2737 ἀποκινδυνεύομεν
1332 2667 1576 2739 περὶτοῦ
1605 2669 1866 2741 ὀνόματος

281 2753 374 2808 τοῦ
406 2755 773 2826 Ἀντιχρίστου
806 2756 1227 2828 ἀποφαινόμενοι
1253 2757 1641 2828 βεϐαιωτικῶς.
1673 2761 1736 2813 ΕΞ
1758 2760 1864 2833 γὰρ

280 2842 387 2895 ἔδει
426 2844 730 2912 ἀναφανδὸν
776 2845 855 2915 τῷ
881 2846 974 2901 νῦν
1012 2845 1189 2920 καιρῷ
1231 2848 1599 2920 κηρύττεσθαι
1628 2849 1864 2922 τοῦνομα

282 2928 553 2995 αὖτοῦ,δι⁹
576 2935 783 2987 ἐκείνου
814 2935 880 2989 ἂν
907 2935 1104 3007 ἐρρέθη
1124 2934 1218 2990 τοῦ
1250 2938 1345 2990 καὶ
1371 2937 1469 3009 τὴν
1496 2937 1862 3014 ’ᾼποκάλυψιν

280 3024 588 3102 ἑωρακότος
614 3042 627 3055 ·
673 3024 793 3079 οὐδὲ
838 3025 946 3097 γὰρ
993 3026 1100 3098 πρὸ
1144 3026 1340 3081 πολλοῦ
1388 3029 1578 3100 χρόνου
1620 3030 1858 3102 ἑωράθη,

280 3099 432 3168 ἀλλᾶ
444 3115 631 3186 σχεδὸν
659 3116 750 3169 ἐπὶ
779 3117 880 3186 τῆς
909 3118 1184 3189 ἡμετέρας
1211 3099 1434 3189 γενεᾶς,
1451 3122 1589 3192 πρὸς
1613 3099 1861 3195 τῷτέλει

279 3205 377 3276 τῆς
404 3206 733 3277 Δομετιανοῦ
760 3207 953 3279 ἀρχῆς.
995 3225 1014 3259 ι
1046 3206 1230 3263 Ταῦτα
1263 3209 1358 3263 καὶ
1400 3210 1529 3281 περὶ
1567 3211 1664 3282 τῆς
1708 3210 1865 3265 Ἀπο-

278 3298 564 3368 καλύψεως
609 3300 885 3372 ἱστόρηται
924 3299 1002 3371 τῷ
1052 3300 1425 3374 δεδηλωμένῳ.
1474 3303 1762 3375 Μέμνηται
1807 3305 1865 3357 δὲ

278 3390 493 3460 καὶτῆς
525 3390 767 3444 Ἰωάννου
795 3390 1016 3462 πρώτης
1042 3392 1348 3463 ἐπιστολῆς,
1380 3394 1653 3466 μαρτύρια
1680 3393 1740 3460 ἐξ
1770 3396 1866 3448 αὐ-

279 3482 375 3553 τῆς
398 3481 624 3537 πλεῖστα
643 3482 908 3555 εἰσφέρων
923 3483 1150 3553 ’ὁμοίως
1171 3482 1228 3535 δὲ
1256 3485 1468 3556 καὶτῆς
1500 3486 1707 3557 Πέτρου
1736 3504 1861 3558 προ-

277 3574 462 3644 τέρας.
493 3574 567 3626 Οὔ
588 3574 746 3645 μόνον
758 3573 813 3626 δὲ
825 3568 996 3639 οἶδεν,
1017 3573 1151 3629 ἀλλὰ
1171 3577 1263 3629 καὶ
1293 3575 1619 3647 ἀποδέχεται
1640 3576 1737 3649 τὴν
1762 3576 1857 3631 τοῦ

278 3663 571 3733 Ποιμένος
593 3664 828 3737 γραφὴν,
847 3665 1044 3734 λέγων·
1069 3662 1295 3745 «Καλῶς
1318 3663 1410 3723 οὖν
1436 3664 1590 3723 εἶπεν
1615 3670 1647 3739 ή
1670 3670 1859 3742 γραφὴ

276 3757 560 3828 ἠλέγουσα
579 3772 594 3787 ·
618 3758 844 3829 Πρῶτον
875 3759 1088 3812 πάντων
1107 3759 1394 3815 πίστευσον
1429 3760 1513 3814 ὅτι
1533 3756 1614 3824 εἷς
1649 3762 1794 3815 ἐστιν
1827 3764 1854 3816 ό

278 3854 429 3920 θεὸς,
446 3855 477 3907 ὁ
492 3853 560 3909 τὰ
575 3853 750 3917 πάντα
778 3852 966 3916 κτίσας
989 3853 1082 3907 καὶ
1105 3869 1313 3924 καταρτ
1323 3854 1489 3917 (sucu
1512 3852 1686 3906 καὶτὰ
1705 3850 1848 3926 ἑξῆς.

278 3945 388 3999 Καὶ
415 3947 599 4017 ῥητοῖς
622 3945 680 3999 δέ
701 3962 840 3998 τισιν
859 3947 921 3998 ὲκ
941 3946 1039 4016 τῆς
1063 3944 1402 4016 Σολομῶντος
1422 3946 1645 4014 Σοφίας
1666 3945 1860 4017 κέχρη-

278 4052 386 4101 ται,
421 4037 705 4108 μονονουχὶ
740 4039 963 4106 φάσκων
1005 4036 1417 4108 (61)’‹Ὂρασις
1453 4036 1508 4089 δὲ
1539 4036 1675 4089 Θεοῦ
1705 4054 1858 4109 περι·

279 4127 535 4199 ποιητικὴ
586 4126 893 4201 ἀφθαρσίας
917 4147 930 4159 ·
964 4128 1239 4200 ἀφθαρσία
1270 4127 1326 4181 δὲ
1353 4128 1518 4197 ἐγγὺς
1548 4122 1686 4182 εἶναι
1714 4130 1858 4182 ποιεῖ

276 4219 433 4274 Θεοῦ.
474 4242 494 4275 ι
516 4221 627 4275 Καὶ
661 4222 1243 4295 ἀπομνημονευμάτων
1272 4220 1385 4291 (62)
1406 4220 1462 4274 δὲ
1493 4218 1852 4274 ἁποστολικοῦ

1981 1843 2251 1911 habeant,
2275 1857 2328 1901 et
2357 1847 2410 1902 in
2447 1851 2700 1908 omnibus
2726 1853 2912 1922 probis
2938 1869 3002 1910 ac
3036 1858 3259 1914 vetustis
3281 1862 3555 1929 exempla-

1982 1937 2130 1993 ribus
2164 1940 2321 2013 173
2359 1956 2618 1998 numerus
2663 1944 2752 2001 hic
2793 1957 3011 2016 exstet,
3039 1959 3092 2007 et
3124 1952 3222 2020 ipsi
3264 1954 3354 2019 qui
3385 1951 3554 2007 Joan-

1980 2043 2103 2083 nem
2128 2029 2382 2085 viderunt
2411 2030 2568 2087 [idem
2608 2033 2850 2113 faciant,
2884 2038 2997 2107 ipsa
3026 2040 3259 2110 denique
3283 2042 3423 2097 ratio
3454 2059 3551 2099 nos

1979 2118 2191 2184 doceat,
2224 2135 2506 2175 numerum
2527 2124 2763 2180 nominis
2790 2125 2972 2183 bestiae
2993 2113 3149 2200 juxta
3189 2133 3540 2202 computatio-

1978 2223 2099 2265 nem
2122 2210 2456 2279 Graecorum,
2479 2212 2875 2285 litterisinipso
2909 2220 3180 2275 contentis
3194 2222 3483 2279 declarari.
3522 2244 3546 2280 ι

1975 2300 2041 2356 Ει
2062 2301 2336 2370 aliquanto
2368 2314 2489 2371 post
2510 2304 2626 2359 haec
2643 2305 2709 2359 de
2731 2307 2918 2361 eodem
2946 2308 3154 2366 Joanne
3180 2312 3339 2367 dicit:
3386 2330 3406 2364 ι
3440 2313 3550 2370 Nos

1976 2406 2107 2448 vero
2141 2392 2209 2448 de
2246 2394 2567 2451 Antichristi
2623 2398 2860 2466 nomine.
2893 2407 3099 2456 temere
3133 2419 3198 2458 ac
3244 2404 3549 2474 periculose

1974 2485 2271 2553 quidquam
2309 2483 2583 2542 aﬂirmare
2633 2489 2906 2544 nolumus.
2939 2490 3072 2545 Nam
3104 2494 3148 2548 si
3175 2495 3298 2550 huic
3342 2499 3548 2553 saeculo

1974 2588 2171 2629 nomen
2204 2574 2350 2630 illius
2380 2576 2668 2631 manifeste
2696 2579 3052 2635 nuntiandum
3096 2581 3321 2650 fuisset,
3351 2586 3420 2641 ab
3453 2586 3547 2642 illo

1973 2664 2165 2734 utique
2208 2680 2530 2735 expressum
2581 2679 2729 2724 esset
2784 2670 2876 2740 qui
2922 2670 3327 2730 Revelationem
3383 2677 3540 2733 vidit.

1971 2754 2156 2824 Neque
2195 2758 2337 2812 enim
2363 2758 2564 2813 dudum
2586 2799 2601 2824 ,
2629 2760 2722 2816 sed
2765 2770 2949 2817 nostra
2987 2777 3122 2834 pene
3161 2769 3422 2824 memoria
3444 2770 3546 2825 sub

1970 2848 2176 2903 exitum
2211 2848 2425 2921 imperii
2459 2849 2751 2906 Domitiani
2793 2853 2909 2908 visa
2955 2867 3041 2911 est
3076 2855 3378 2914 Revelatio.
3418 2858 3547 2915 Hazc

1970 2938 2061 2994 ille
2102 2939 2168 2995 de
2214 2939 2567 2998 Revelatione
2599 2944 2791 2999 tradit.
2832 2946 3026 3002 Primae
3063 2962 3280 3018 quoque
3320 2947 3546 3004 Joannis

1969 3021 2211 3092 epistolae
2257 3024 2587 3082 mentionem
2650 3029 2818 3096 facit,
2860 3030 3027 3084 multa
3055 3046 3117 3084 ex
3150 3045 3212 3084 ea
3256 3033 3544 3103 proferens

1974 3114 2323 3182 testimonia;
2370 3126 2424 3172 et
2467 3118 2667 3188 prioris
2714 3120 2844 3175 item
2890 3119 3061 3175 Petri.
3111 3120 3276 3176 Liber
3325 3137 3542 3193 quoque

1977 3204 2218 3262 Pastoris
2280 3222 2387 3263 non
2423 3210 2600 3264 solum
2660 3211 2727 3266 ab
2783 3196 3183 3280 eo'cognitus,
3238 3215 3330 3267 sed
3376 3215 3539 3269 etiam

1973 3312 2299 3370 magnOpere
2335 3301 2666 3370 approbatus
2693 3313 2775 3357 est
2805 3304 2888 3358 bis
2918 3304 3102 3359 verbis
3127 3321 3140 3358 :
3181 3321 3199 3355 ι
3225 3302 3394 3358 Recte
3455 3303 3541 3359 iu-

1972 3393 2090 3462 quit
2136 3392 2406 3461 scriptura
2435 3408 2556 3463 quae
2590 3395 2723 3451 dicit
2753 3411 2768 3449 :
2808 3394 2949 3450 Ante
2971 3395 3149 3451 omnia
3186 3396 3347 3452 crede
3372 3409 3538 3448 unum

1967 3501 2089 3540 esse
2112 3486 2298 3550 Deum,
2326 3486 2416 3555 qui
2441 3493 2637 3541 cuncta
2660 3487 2964 3555 creavit,et
2998 3487 3239 3542 numeris
3288 3486 3541 3540 omnibus

1967 3575 2213 3630 absoluta
2247 3575 2492 3645 digessit,
2528 3598 2549 3631 ι
2579 3588 2634 3634 et
2684 3585 2907 3633 caetera.
2952 3577 3136 3634 Utitur
3180 3578 3347 3633 etiam
3417 3591 3540 3630 scn-

1966 3663 2151 3716 tentiis
2198 3677 2263 3718 ex
2337 3663 2648 3721 Salomonis
2702 3665 2981 3736 Sapientia
3037 3660 3405 3736 depromptis,
3457 3664 3530 3718 ita

1963 3753 2079 3810 fere
2136 3757 2367 3813 dicens:
2411 3775 2432 3809 σ
2483 3757 2635 3814 Visio
2679 3758 2773 3813 Dei
2827 3759 2971 3828 parit
3021 3758 3533 3826 incorruptionem:

1967 3846 2307 3917 incorruptio
2348 3858 2528 3904 autem
2571 3851 2847 3920 proximos
2896 3849 3007 3903 Deo
3061 3848 3217 3902 facit.
3251 3867 3273 3901 ι
3323 3849 3430 3904 Sed
3482 3860 3538 3903 et

1965 3938 2246 4007 apostolici
2265 3940 2540 4008 cujusdam
2554 3941 2885 4012 presbyteri,
2901 3940 3059 4009 cuius
3077 3954 3273 3994 nomen
3296 3942 3535 4005 reticuit,

1964 4030 2105 4084 dicta
2143 4041 2571 4100 commemorat,
2598 4043 2653 4087 et
2676 4032 2919 4103 ejusdem
2943 4030 3317 4101 expositiones
3350 4045 3537 4086 sacra-

1964 4135 2083 4174 rum
2124 4121 2528 4193 Scripturarum
2572 4124 2812 4179 adducit.
2851 4122 3120 4180 Pratterea
3150 4119 3349 4177 Justini
3395 4135 3536 4176 mar-

1964 4213 2100 4284 tyris
2126 4222 2180 4269 et
2210 4212 2399 4284 lgnatii
2431 4215 2767 4271 mentionem
2796 4214 2953 4284 facit,
2987 4229 3056 4270 ex
3083 4229 3271 4270 eorum
3315 4216 3534 4285 scriptis

348 4339 462 4412 (60)
497 4337 659 4412 ligata
694 4337 923 4412 6é_thr
966 4340 1193 4412 τούτων
1236 4338 1484 4412 ἐξοδόν.
1510 4337 1716 4412 Nescio
1742 4352 1846 4407 qua

1975 4335 2092 4391 ibro
2125 4350 2179 4390 ιν
2213 4331 2412 4412 Contra
2463 4332 2716 4412 haereses,
2753 4349 2875 4404 cap.
2895 4333 2997 4412 ζῆ,
3040 4331 3338 4412 sed_pa_ulo
3374 4333 3534 4389 aliter

280 4406 495 4465 ratione
522 4406 1045 4479 Christophorsonus
1080 4411 1224 4464 hunc
1250 4408 1436 4464 lrenaei
1473 4410 1648 4463 locum
1682 4406 1845 4479 inter-

279 4481 512 4550 polarit,
559 4490 612 4534 et
654 4477 755 4549 pro
794 4478 1006 4549 vulgata
1032 4479 1321 4550 flectione,
1386 4494 1544 4546 quam
1604 4477 1842 4531 omnium

278 4552 521 4606 codicum
588 4563 903 4613 consensus,
938 4559 992 4602 et
1029 4549 1209 4602 Ruﬁni
1255 4549 1550 4603 auctoritas
1590 4556 1851 4614 vetusque

279 4622 547 4688 interpres
583 4618 768 4688 lrenaei
812 4618 1159 4688 conﬁrmant,
1191 4618 1329 4688 hanc
1362 4618 1613 4688 maluerit
1648 4617 1854 4688 substi-

281 4686 453 4762 tuere,
485 4687 646 4762 μετὰ,
670 4687 960 4762 asceam
992 4688 1092 4759 τὴν
1138 4686 1367 4742 ἔκδοσιν.
1411 4689 1493 4742 An
1524 4687 1751 4762 fortasse
1791 4686 1856 4740 ti-

278 4760 433 4822 muit,
480 4754 553 4815 ne
580 4758 696 4813 hate
739 4754 926 4837 lrenajji
951 4754 1108 4837 Latio.
1133 4757 1850 4837 ὐςιτμηιηςοιιεεηιίιθοιὶοιιιιι

276 4831 380 4886 illis
402 4843 525 4897 qua:
554 4843 715 4898 supra
740 4828 928 4898 retulit
951 4825 1215 4898 Eusebius
1241 4828 1293 4898 ip
1330 4826 1554 4898 libro",
1585 4825 1849 4898 ex_Papi_a

273 4909 325 4953 et
362 4895 641 4954 Clemente
689 4896 1078 4967 Alexandrino,
1128 4896 1217 4965 qui
1254 4896 1601 4967 Evangelium
1660 4895 1848 4967 Marci,

273 4971 494 5025 vivente
543 4968 721 5021 adhuc
754 4967 941 5032 Petro,
973 4966 1157 5020 Romae
1185 4967 1387 5021 editum
1420 4966 1553 5020 esse
1584 4975 1639 5020 et
1671 4966 1737 5018 ab
1766 4980 1851 5020 co-

271 5040 392 5093 dem
424 5036 804 5093 conﬂrmatum
834 5037 1185 5091 tradiderunt.
1227 5036 1433 5103 Quibus
1479 5036 1635 5103 plane
1674 5034 1849 5089 refra-

270 5118 433 5191 gatur
457 5108 820 5191 Irenfusdtoc
847 5105 1137 5191 l'oco,.dum
1162 5105 1705 5191 Evangeliumnblarci
1731 5113 1847 5191 post

272 5172 550 5234 interitum
579 5176 731 5232 Pauli
761 5191 826 5229 ac
856 5175 1000 5230 Petri
1029 5175 1286 5242 scriptum
1315 5172 1432 5229 esse
1460 5174 1710 5228 allii-mat.
1731 5172 1846 5227 ’Sed

250 5250 401 5320 quid
430 5248 841 5320 mirum,si_hac
873 5247 927 5301 in
959 5260 1016 5300 re
1037 5246 1243 5320 antiqui
1280 5245 1466 5320 Patres
1494 5245 1850 5320 inter_se_ilis-

269 5314 540 5383 sentiunt,
559 5332 683 5371 eum
715 5314 784 5370 de
810 5330 1085 5370 sacrorum
1116 5315 1529 5384 Evangeliorum
1553 5315 1848 5384 scriptione

269 5390 399 5444 nihil
429 5388 708 5442 fere'certi
737 5387 1052 5451 habeamus,
1079 5385 1180 5438 nisi
1206 5395 1439 5454 quatuor
1465 5394 1671 5438 tantum
1702 5398 1843 5447 esse,

268 5471 322 5514 et
356 5476 387 5514 a
430 5468 669 5528 quatuor
702 5456 1014 5528 auctoribus
1052 5455 1275 5528 scripta.
1321 5454 1439 5520 Quo
1483 5465 1661 5508 autem
1707 5464 1844 5528 tem-

267 5545 415 5600 pore,
447 5522 507 5581 ct
549 5541 716 5600 quam
749 5526 1071 5600 ob__ca_usam
1106 5526 1312 5600 scripta
1344 5528 1484 5592 sint,
1516 5535 1572 5579 et
1608 5522 1846 5600 an_Mat-

266 5594 784 5668 illaei'Evangelium
826 5594 1090 5649 Hebraico
1126 5594 1363 5664 primum
1403 5608 1652 5649 sermone
1682 5594 1845 5648 fuerit

262 5683 573 5732 eranttum,
610 5674 1067 5735 parttm_c0ttstat.

326 5742 439 5813 (61)
477 5732 837 5803 Μοθονόυχὶ
864 5732 1131 5803 φάσκων.
1156 5734 1329 5792 Locus
1357 5732 1543 5790 lrcnazi
1580 5742 1758 5790 exstat
1788 5733 1840 5788 in

1955 4414 2267 4473 conceptus.
2298 4401 2408 4473 Nec
2436 4405 2579 4457 enim
2617 4401 2851 4457 lrenzeus
2894 4402 3199 4457 Salomonis
3230 4402 3404 4473 locum
3439 4420 3535 4457 no-

1952 4471 2198 4528 minatim
2248 4471 2381 4526 cita't
2416 4487 2483 4527 ex
2527 4474 2705 4541 capite
2735 4489 2788 4528 v1
2835 4473 3141 4541 Sapientia,
3188 4471 3281 4525 sed
3324 4482 3529 4525 tantum

1953 4545 2020 4597 ad
2056 4559 2178 4597 eum
2207 4542 2413 4597 alludit.
2444 4542 2622 4608 Quare
2653 4543 2914 4599 Eusebius
2951 4558 3055 4598 non
3099 4542 3214 4595 sine
3248 4555 3407 4594 causa
3444 4544 3534 4596 ad-

1953 4614 2089 4668 didit
2123 4611 2444 4691 μονονουχίι
2471 4613 2523 4666 id
2563 4623 2668 4679 est,
2703 4621 3025 4691 tantumnon
3060 4612 3134 4664 ita
3161 4610 3382 4690 'dicens.
3415 4610 3530 4691 ςαξ-

1958 4681 2135 4738 terum
2187 4681 2380 4751 praeter
2426 4681 2687 4736 Irenaeum
2756 4684 2918 4751 etiam
2985 4681 3314 4748 Hegesippus
3360 4681 3530 4751 utitur

1958 4750 2282 4807 testimoniis
2304 4768 2367 4805 ex
2401 4752 2540 4807 libro
2571 4751 2863 4821 Sapientia:
2891 4750 3225 4821 Salomonis;
3254 4758 3315 4821 ut
3344 4750 3530 4821 videre

1954 4832 2038 4876 est
2069 4825 2120 4875 in
2146 4821 2378 4891 (τομῇ,
2402 4822 2496 4876 lib.
2524 4838 2582 4885 ll,
2612 4818 2700 4875 ubi
2736 4818 3267 4891 nmrtyrium_Jacobi
3300 4819 3532 4873 refertur

1951 4907 2015 4969 ex
2050 4887 2371 4969 Hcgesippu.
2418 4891 2619 4969 Neuter
2652 4887 2991 4969 tamenL'nec
3032 4887 3385 4969 Hegesippus,
3425 4904 3527 4969 nec

1950 4959 2206 5027 lremetis,
2237 4959 2432 5016 librum
2467 4961 2617 5029 illum
2648 4971 2803 5015 vocat
2836 4959 3168 5027 Sapientiam
3200 4959 3524 5029 Salomonis.

1951 5029 2159 5100 Quippe
2191 5026 2403 5087 Veteres
2442 5028 2632 5087 omnes
2666 5026 3018 5100 ecclesiaStici
3070 5031 3388 5100 scriptores,
3425 5026 3529 5100 Sag-

1949 5098 2205 5171 pieritiam
2258 5102 2568 5155 Salomonis
2637 5100 2931 5171 appellant
2967 5098 3162 5153 librum
3218 5099 3367 5171 illum
3430 5099 3523 5171 qui

1951 5167 2113 5226 hodie
2144 5170 2433 5226 Proverbia
2476 5167 2814 5224 inscribitur.
2851 5167 3016 5222 Liber
3062 5177 3240 5222 autem
3291 5167 3380 5221 ille
3431 5168 3522 5235 qui

1952 5241 2165 5296 titulum
2194 5240 2483 5311 Sapientia:
2542 5240 2846 5311 Salomonis
2878 5239 3034 5293 ltodie
3077 5237 3339 5311 praefert,
3371 5236 3526 5311 ψευδτ

1949 5312 2252 5387 επίγραφος
2271 5306 2583 5387 'est,uteste
2632 5310 2982 5387 Hieronymo,
3008 5306 3524 5387 _quam_yis.Eusebii

1948 5377 2106 5436 relate
2150 5377 2220 5455 ita
2261 5380 2642 5455 appellaretur,
2668 5377 2977 5455 tit__ex'_li_oc
3008 5379 3124 5455 loco
3156 5377 3439 5455 discimus,
3467 5386 3525 5455 et

1948 5466 2014 5526 c_x
2045 5453 2222 5518 capite
2257 5445 2360 5526 2'6,
2392 5450 2552 5516 infra,
2593 5452 2680 5526 ubi
2720 5447 3119 5526 Eusebius-alit,
3163 5445 3519 5526 [renatum-in

1949 5516 2185 5590 Dialogis
2234 5520 2478 5590 proferre
2524 5520 2828 5590 testimonia
2872 5534 2938 5572 ex
2990 5516 3129 5577 libro
3173 5516 3266 5585 qui
3323 5516 3524 5568 dicitur

1949 5584 2593 5654 sapientia-Salomonis.

2020 5652 2131 5728 (62)
2184 5656 2841 5729 Ἀπομνημονευμάτων.
2880 5655 2934 5709 In
2978 5655 3134 5725 hujus
3161 5653 3310 5729 vocis
3358 5652 3521 5729 in_t_er-

1948 5723 2255 5800 pretatioue
2286 5723 2448 5783 ambo
2478 5723 2634 5785 lausi'
2668 5738 2794 5784 sunt
2842 5723 3187 5798 interpretes.
3227 5723 3361 5778 Nam
3394 5723 3517 5781 abtu-
