4012 6256
351 310 451 364 855

1379 311 1721 370 HISTORIA?
1760 314 2316 373 ECCLESIASTICAE
2359 317 2487 374 LIB.
2529 318 2594 375 ν.

3512 327 3614 382 434

351 429 529 484 λεδόσι
579 430 740 503 τότε)
779 433 905 495 τοὺς
953 435 1082 506 παρ’
1127 433 1308 496 αὐτοῖς
1367 435 1790 505 ἐμπειροτάτους
1833 437 1931 490 τῶν

2045 439 2193 492 derio
2249 439 2639 496 satisfacturos.
2705 439 3054 506 Ptolemaeus,
3090 456 3212 496 cum
3272 441 3614 512 singulorum

350 520 580 594 Γραφῶν
611 524 704 576 καὶ
736 523 1061 595 ἀμφοτέρων
1096 524 1206 576 τῶν
1229 524 1542 590 διαλέκτων,
1568 527 1937 599 ἐϐδομήκοντα

351 614 754 686 πρεσϐυτέρους
789 615 1040 686 ἔπεμψαν
1071 616 1410 688 Πτολεμαίῳ,
1443 621 1768 690 ποιήσοντας
1794 621 1936 673 τοῦθ’

350 710 489 779 ὅπερ
520 707 779 762 ἐϐούλετο
815 707 946 777 (6ἲ).
991 708 1049 760 ’0
1081 708 1137 760 δὲ
1175 708 1277 779 ἰδίᾳ
1319 712 1515 780 πεῖραν
1554 713 1730 764 αὐτῶν
1755 711 1937 764 λαϐεῖν

351 798 605 869 θελήσας,
635 797 954 866 εὐλαϐηθείς
991 815 1049 850 τε
1086 801 1158 869 μή
1187 817 1239 852 τι
1282 800 1389 872 ἄρα
1437 801 1772 872 συνθέμενοι,
1801 805 1937 856 ἀπο-

350 887 600 958 κρύψωσι
629 887 726 958 τὴν
755 888 812 938 ἐν
838 890 955 950 ταῖς
982 889 1225 957 Γραφαίς
1249 888 1336 941 διὰ
1359 889 1456 958 τῆς
1479 891 1778 961 ἑρμηνείας
1808 891 1940 963 ἁλή-

351 979 521 1041 θειαν,
550 978 792 1048 χωρίσας
841 978 1037 1042 αὐτοὺς
1081 980 1176 1032 ἀπ’
1220 979 1464 1051 ἀλλήλων
1504 981 1636 1051 (68),
1682 982 1937 1037 ἐκέλευσε

348 1071 476 1132 τοὺς
504 1071 712 1134 πάντας
739 1071 838 1142 τὴν
869 1071 1036 1141 αὐτὴν
1061 1072 1356 1142 ἑρμηνείαν
1385 1073 1639 1143 γράφειν,
1666 1074 1938 1127 καὶτοῦτο

350 1163 444 1215 ἐπὶ
474 1164 688 1216 πάντων
708 1163 814 1215 τῶν
841 1162 1058 1232 βιϐλίων
1085 1163 1327 1235 ἐποίησε.
1355 1165 1722 1219 Συνελθόντων
1753 1166 1810 1218 δὲ
1841 1168 1939 1220 αὑ-

348 1253 457 1304 τῶν
497 1254 591 1304 ἐπὶ
633 1253 694 1305 τὸ
725 1253 857 1306 αὐτὸ
904 1253 1054 1324 παρὰ
1083 1253 1160 1324 τῷ
1199 1255 1538 1326 Πτολεμαίῳ,
1568 1257 1662 1310 καὶ
1689 1274 1936 1311 συναντι-

348 1342 621 1396 ϐαλόντων
652 1344 883 1396 ἑκάστου
914 1346 1011 1415 τὴν
1043 1346 1237 1398 ἑαυτοῦ
1275 1348 1590 1418 ἑρμηνείαν,
1627 1350 1654 1400 ό
1686 1350 1781 1418 μὲν
1806 1348 1938 1411 Θεὸς

348 1432 630 1504 ἐδοξάσθη,
663 1436 719 1487 αἱ
751 1435 806 1488 δὲ
838 1437 1050 1506 Γραφαὶ
1073 1438 1241 1501 ὄντως
1269 1437 1407 1491 θεῖαι
1431 1439 1798 1510 ἐγνώσθησαν,
1830 1441 1936 1493 τῶν

349 1526 569 1578 πάντων
600 1525 668 1578 τὰ
704 1527 844 1580 αὐτὰ
887 1530 1004 1590 ταῖς
1038 1528 1228 1592 αὑταῖς
1260 1527 1437 1593 λέξεσι
1485 1531 1577 1582 καλ⁸
1609 1533 1721 1593 τοῖς
1750 1531 1936 1594 αὺτοῖς

345 1619 1122 1694 ὁνόμασινβναγορευσάντων
1154 1621 1263 1691 (69)
1307 1621 1402 1672 ἀπ’
1437 1621 1611 1691 ἀρχῆς
1660 1621 1818 1691 μέχρι
1850 1622 1937 1673 τέ-

345 1707 504 1772 λους’
541 1709 681 1763 ὥστε
725 1711 818 1762 καὶ
865 1710 935 1763 τὰ
967 1711 1209 1781 παρόντα
1240 1710 1364 1788 ἔθνη
1416 1711 1658 1779 γνῶναι,
1687 1712 1767 1763 ὅτι
1813 1712 1932 1764 κατ’

2042 543 2287 584 seorsum
2335 531 2633 599 periculum
2666 531 2848 588 facere
2885 533 3078 594 vellet,
3119 534 3326 588 veritus
3359 548 3426 588 ne
3475 533 3616 591 forte

2042 633 2106 672 ex
2155 631 2439 689 compacto
2489 622 2776 676 veritatem
2823 622 3119 691 Scriptura:
3164 625 3619 693 interpretatione

2042 727 2136 765 sua
2155 711 2516 776 occultarent,
2546 722 2784 766 semotos
2814 713 2880 765 ab
2905 713 3134 766 invicem
3151 715 3396 768 eamdem
3425 728 3617 769 entnes

2044 799 2379 867 Scripturam
2422 799 2772 867 interpretari
2811 799 3008 867 jussit:
3055 802 3217 870 idque
3266 803 3319 856 in
3359 802 3616 858 onmibus

2043 891 2296 960 praestitit
2326 891 2497 944 libris.
2548 889 2679 943 Post
2722 891 2841 946 haec
2873 908 2995 946 cum
3045 909 3235 947 omnes
3273 894 3433 947 simul
3479 910 3614 949 con-

2040 984 2322 1038 venissent
2353 986 2491 1048 apud
2515 983 2886 1045 Ptolemaeum,
2914 999 2977 1037 ac
2999 986 3275 1038 versiones
3309 1000 3438 1039 snas
3469 986 3617 1038 inter

2040 1090 2099 1128 se
2127 1074 2524 1141 contulissent,
2559 1082 2613 1126 et
2662 1073 2802 1126 Deus
2849 1074 3182 1142 glorilieatus
3221 1087 3334 1139 est,
3369 1086 3423 1130 et
3464 1074 3620 1131 Scri-

2039 1177 2228 1234 pturas
2275 1181 2398 1220 vere
2447 1145 2655 1218 divinas
2710 1179 2831 1219 esse
2869 1177 3205 1234 compertum
3249 1177 3350 1220 est.
3403 1168 3614 1242 Quippe

2039 1273 2229 1312 omnes
2256 1270 2456 1311 cuncta
2493 1274 2521 1311 a
2547 1260 2724 1327 capite
2743 1260 2807 1312 ad
2839 1258 3043 1311 calcem
3063 1258 3252 1312 iisdem
3284 1261 3612 1319 dictionibus

2038 1363 2103 1403 ac
2126 1349 2400 1403 vocabulis
2427 1360 2848 1418 expresserant:
2876 1352 3009 1404 adeo
3043 1361 3098 1404 ut
3137 1352 3237 1420 ipsi
3281 1355 3370 1421 qui
3392 1355 3616 1411 aderant
3652 1355 3658 1361 ’

2038 1441 2308 1511 gentiles,
2352 1439 2529 1494 alllatu
2579 1443 2760 1496 divino
2808 1458 3103 1498 conversas
3144 1458 3265 1498 esse
3297 1444 3612 1513 Scriptttras

2039 1544 2458 1604 cognoscerent.
2496 1533 2682 1602 Neque
2713 1551 2841 1590 vero
2885 1535 3189 1588 mirandum
3220 1546 3304 1590 est
3341 1538 3392 1590 id
3437 1553 3466 1590 a
3501 1539 3613 1594 Deo

2040 1625 2343 1692 praestitum
2387 1624 2590 1688 fuisse,
2625 1639 2749 1678 cum
2800 1626 2851 1678 in
2902 1625 3217 1692 captivitate
3261 1627 3442 1695 populi
3491 1643 3613 1696 qua:

2039 1715 2137 1768 sub
2169 1713 2708 1770 Nabuchodonosoro
2735 1719 2985 1787 contigit,
3012 1719 3281 1787 corruptis
3296 1718 3611 1788 Scripturis,

347 1803 636 1857 ἐπίπνοιαν
684 1803 777 1856 τοῦ
814 1803 948 1857 Θεοῦ
988 1807 1122 1857 εἰσιν
1171 1805 1580 1876 ἡρμηνευμέναι
1611 1806 1666 1859 αἱ
1697 1806 1930 1877 Γραῴαί.

2039 1822 2102 1860 ae
2157 1818 2278 1874 post
2334 1807 2674 1876 septuaginta
2739 1809 2952 1861 demum
3006 1824 3178 1863 annos
3232 1810 3493 1878 regressis
3556 1810 3612 1866 in

346 1897 458 1949 Καὶ
484 1896 636 1950 οὐδέν
663 1914 726 1965 γε
757 1897 1066 1967 θαυμαστὸν
1090 1896 1248 1950 τοῦτο
1275 1898 1636 1969 ἐνηργηκέναι
1657 1899 1749 1951 τὸν
1779 1898 1931 1963 Θεὸν,

345 1989 404 2051 ὃς
437 2005 501 2056 γε
531 1990 624 2041 καὶ
650 1989 708 2041 ἐν
740 1992 806 2060 τῇ
836 1991 927 2042 ἐπὶ
957 1990 1425 2061 Ναϐουχοδονόσορ
1452 1991 1800 2061 αἰχμαλωσίᾳ
1837 1990 1930 2043 τοῦ

347 2077 498 2141 λαοῦ,
530 2078 932 2148 διαφθαρεισῶν
965 2079 1072 2132 τῶν
1103 2080 1366 2150 Γραφῶν,
1401 2083 1494 2135 καὶ
1525 2081 1666 2153 μετὰ
1696 2082 1931 2154 ἐϐδομή-

346 2187 512 2223 κοντα
541 2169 636 2240 ἕτη
660 2169 768 2223 τῶν
813 2171 1081 2224 Ἰουδαίων
1111 2172 1439 2225 ἀνελθόντων
1474 2175 1555 2236 εἰς
1607 2173 1703 2244 τὴν
1747 2173 1928 2246 χώραν

347 2263 528 2318 αὐτῶν
546 2303 560 2326 ,
592 2263 782 2316 ἔπειτα
810 2264 868 2315 ἐν
899 2267 1010 2327 τοῖς
1035 2265 1248 2335 χρόνοις
1286 2265 1641 2337 Ἀρταξέρξου
1670 2266 1764 2319 τοῦ
1793 2269 1932 2337 Περ-

351 2355 458 2407 σῶν
502 2354 796 2424 βασιλέως,
835 2355 1158 2410 ἐνέπνευσεν
1186 2358 1395 2428 Ἔσδρᾳ
1438 2358 1515 2428 τῷ
1558 2360 1692 2427 ἱερεῖ
1725 2359 1788 2410 ἐκ
1834 2359 1935 2428 τῆς

2038 1899 2272 1968 patriam
2307 1897 2542 1963 ludatis,
2574 1902 2896 1954 Artaxerxis
2942 1900 3233 1955 Persarum
3299 1902 3444 1970 regis
3474 1912 3613 1956 tem-

2038 1989 2292 2058 poribus,
2329 1990 2556 2045 Esdrant
2612 1993 2948 2044 sacerdotem
2999 1993 3064 2046 de
3089 1992 3226 2046 tribu
3269 1991 3398 2046 Levi
3429 1991 3610 2048 amatu

2035 2095 2134 2135 suo
2164 2079 2305 2136 Deus
2345 2081 2653 2148 impulerit,
2694 2093 2752 2133 ut
2789 2097 2980 2138 omnes
3022 2093 3262 2137 veterum
3322 2087 3614 2153 propheta-

2042 2189 2161 2227 rum
2199 2172 2369 2228 libros
2393 2173 2568 2226 denuo
2604 2185 2976 2241 componeret,
3007 2175 3288 2245 legemque
3308 2177 3614 2231 ministerio

2045 2253 2242 2334 Moysis
2315 2266 2479 2318 latam
2557 2265 2757 2333 populo
2835 2267 3165 2319 restitueret.
3231 2285 3252 2318 ι
3345 2266 3614 2324 llactenus

2043 2359 2301 2412 Irenzeus.

350 2447 523 2515 φυλῆς
552 2446 705 2509 Λευῖ,
738 2449 864 2510 τοὺς
895 2447 1002 2502 τῶν
1033 2451 1440 2520 προγεγονότων
1473 2453 1765 2523 προφητῶν
1821 2454 2028 2515 πάντας
2063 2452 2443 2517 ἀνατάξασθαι
2483 2451 2704 2520 λόγους,
2750 2455 2844 2506 καὶ
2894 2453 3340 2525 ἀποκαταστῆναι
3368 2452 3448 2524 τῷ
3497 2452 3613 2524 λαῷ

347 2538 444 2607 τὴν
481 2537 569 2590 διὰ
600 2538 878 2602 Μωῦσέως
918 2541 1258 2610 νομοθεσίαν.
1305 2561 1323 2593 ι
1360 2543 1611 2599 Τοσαῦτα
1641 2549 1670 2599 ὁ
1699 2547 2007 2618 Εἰρηναῖος.

886 2635 1283 2687 ΚΕΦΑΛΑΙΟΝ
1315 2635 1390 2690 Θ’.

343 2727 408 2780 Ol
445 2724 596 2778 κατὰ
615 2725 882 2795 Κόμοδον
912 2726 1464 2869 ἐπισκρὲτῖύσαντες
1489 2695 1634 2799 (Nic;
1665 2731 1736 2786 Η.
1771 2732 1834 2786 Ε.
1856 2749 1926 2798 ιν,

430 2887 619 2941 Ἐννέα
643 2889 698 2942 δὲ
726 2891 820 2943 καὶ
841 2891 974 2942 δέκα
1003 2889 1148 2942 ἔτεσι
1183 2892 1247 2961 τῇ
1279 2890 1524 2964 βασιλείᾳ
1544 2893 1930 2962 διαρκέσαντος

363 2979 676 3034 Ἀντωνίνου
697 3021 710 3045 ,
745 2983 985 3053 Κόμοδος
1018 2966 1128 3054 τὴν
1151 2983 1445 3053 ἠγεμονίαν
1477 2985 1892 3056 παραλαμϐάνει
1913 3004 1925 3016 °

2643 2639 2872 2698 CAPUT
2928 2641 3017 2696 IX.

2152 2737 2380 2802 Quinam
2408 2728 2635 2803 episcopi
2664 2733 2861 2801 fuerint
2887 2732 3158 2786 Commodi
3183 2734 3499 2802 principafu.

2102 2907 2272 2962 Porro
2301 2923 2422 2963 cum
2467 2907 2780 2962 Antoninus
2825 2905 3197 2959 novemdecim
3247 2905 3404 2960 annis
3443 2905 3612 2974 impex

2037 3000 2175 3052 rium
2222 2999 2518 3061 tenuisset,
2571 2997 2900 3052 Commodes
2950 2996 3314 3066 principatum
3373 2997 3610 3065 excepit.

350 3063 408 3122 οὗ
437 3072 578 3125 κατὰ
613 3073 672 3125 τὸ
711 3073 926 3143 πρῶτον
960 3074 1078 3138 ἔτος
1105 3074 1215 3128 τῶν
1250 3077 1368 3128 κατ’
1389 3073 1793 3149 Ἀλεξάνδρειαν
1812 3079 1931 3130 Ἐκ-

2036 3083 2202 3152 Cujus
2233 3101 2375 3138 anno
2417 3085 2594 3154 primo
2639 3084 2888 3140 Julianus
2918 3067 3306 3140 Alexandriam
3352 3084 3611 3140 Ecclesiae

350 3161 587 3233 κλησιῶν
633 3164 916 3227 Ἰουλιανὸς
947 3165 1309 3236 ἐγχειρίζεται
1343 3167 1440 3237 τὴν
1474 3167 1798 3238 ἐπισκοπὴν,
1837 3169 1931 3222 ἐπὶ

349 3251 668 3304 δυοκαίδεκα
749 3253 895 3305 ἔτεσι
960 3253 1058 3324 τὴν
1117 3253 1456 3325 λειτουργίαν
1520 3257 1931 3328 ἀναπλήσαντος

362 3345 736 3419 Ἀγριππίνου.

891 3438 1284 3492 ΚΕΦΑΛΑῘΟΝ
1324 3441 1379 3492 I'.

348 3529 484 3599 Περὶ
502 3531 840 3584 Πανταίνου
866 3530 971 3583 τοῦ
983 3535 1321 3600 φιλοσόφου
1343 3531 1483 3600 (Nic.
1521 3532 1589 3590 Η.
1619 3533 1681 3587 Ε.
1714 3549 1789 3598 tv,
1820 3533 1930 3602 52).

427 3623 644 3691 Ἦγεῖτο
676 3623 732 3674 δὲ
757 3621 1058 3690 τηνικαῦτα
1090 3624 1187 3694 τῆς
1214 3624 1321 3676 τῶν
1361 3625 1566 3677 πιστῶν
1597 3625 1786 3678 αὐτόθι
1817 3625 1934 3680 δια-

348 3713 557 3785 τριϐῆς,
593 3711 703 3764 τῶν
745 3713 852 3764 ἀπὸ
879 3713 1130 3777 παιδείας
1162 3714 1300 3785 ἀνὴρ
1334 3714 1729 3779 ἐπιδοξότατος,
1759 3715 1930 3785 ὄνομα

334 3803 493 3872 ,αὐτῷ
522 3803 841 3868 Πάνταινος,
871 3803 930 3870 ἐξ
968 3805 1192 3875 ἀρχαίου
1227 3805 1377 3868 ἔθους
1417 3805 1786 3859 διδασκαλείου
1821 3806 1927 3859 τῶν

350 3896 508 3966 ιερῶν
532 3895 708 3966 λόγων
739 3897 868 3969 παρ’
902 3898 1084 3960 αὐτοῖς
1115 3897 1465 3962 συνεστῶτος,
1494 3898 1522 3950 ὃ
1553 3899 1647 3950 καλ⁵
1678 3900 1756 3962 είς
1781 3900 1929 3970 ἡμᾶς

350 4106 458 4159 sius
485 4105 537 4156 in
565 4118 682 4171 cap.
708 4103 768 4156 ll
798 4100 1166 4170 Responsionis
1189 4101 1256 4152 ad
1289 4098 1546 4171 Minerva!
1575 4099 1801 4155 Serarii.
1829 4100 1927 4156 Cui

349 4170 692 4242 explicationi
727 4173 907 4225 favere
934 4173 1144 4242 videtur
1169 4171 1439 4242 Jpsephns
1461 4170 1637 4242 inlib.
1664 4185 1707 4242 llr
1729 4171 1927 4242 Contra

349 4239 620 4306 Apionem,
658 4243 730 4294 ita
785 4243 1032 4295 scribens
1075 4241 1142 4292 de
1189 4239 1482 4292 Ptolemaeo
1525 4239 1922 4302 Philadelpho:

359 4312 731 4383 Ἐπιθυμητὴς
792 4311 1007 4383 ἐγένετο
1051 4309 1144 4383 τοῦ
1173 4309 1402 4383 -γνῶναι
1441 4310 1580 4383 τους
1625 4310 1924 4380 ἡμετέρους

347 4378 568 4454 νόμους,
587 4378 822 4454 καζταῖς
848 4379 1148 4454 τῶνψίερῶν
1173 4378 1919 4454 Ιξροιιρῶνςβίϐλοιςέντυχεῖν⁸

347 4448 556 4522 ἐπἐμψε
589 4450 720 4522 γοῦν
759 4450 923 4522 ἀξξιῷν
951 4448 1148 4522 ἄνδρας
1186 4448 1564 4522 ἔποσταλῆναι
1595 4451 1720 4512 τοὺς
1757 4448 1929 4522 eam:

348 4520 636 4584 νεύσοντας
662 4520 810 4591 αὐτῷ
837 4520 928 4572 τὸν
966 4520 1145 4591 νόμον.
1185 4520 1316 4573 Vide
1350 4521 1723 4589 prtet'ationettt
1772 4520 1927 4574 Masii

351 4595 400 4646 itt
434 4592 684 4647 Graecam
715 4590 1010 4643 editionem
1041 4590 1237 4643 Josme.

417 4663 528 4734 (67)
571 4659 946 4734 Ποιήσοντας
976 4658 1143 4734 tow:
1163 4658 1306 4726 ὅπερ
1351 4659 1650 4734 ἐϐούλετο.
1700 4658 1774 4734 Ita
1807 4659 1927 4728 lego

349 4728 468 4786 cu‘m
499 4728 996 4800 Christophorsono
1025 4739 1078 4783 et
1113 4728 1264 4794 Satn,
1300 4744 1398 4798 pro
1429 4729 1635 4800 vulgati
1660 4730 1924 4799 ποιήσαν-

349 4820 435 4866 τος
466 4802 563 4856 τοῦ
593 4798 752 4866 Θεοῦ,
791 4801 1001 4854 tametsi
1046 4801 1261 4853 codices
1295 4800 1464 4851 no'stri
1506 4810 1561 4850 et
1595 4798 1930 4866 Nicephorus

352 4873 483 4925 nihil
518 4881 746 4935 mutant,
779 4872 879 4925 nisi
915 4872 1056 4940 quod
1087 4867 1345 4940 ἠϐούλετο
1379 4869 1598 4934 habent,
1626 4883 1734 4922 non
1767 4868 1927 4921 ἐϐού-

348 4941 484 4996 λετο.

417 5011 529 5082 (68)
569 5012 849 5082 Χωρίσας
891 5009 1127 5082 αὐτοὺς
1177 5009 1278 5064 ἀπ’
1318 5007 1925 5082 ἀλλήλων-ηιιιειὶηιιε

352 5077 566 5149 quidem
612 5077 754 5134 LXX
785 5081 1032 5135 seniores
1077 5077 1322 5147 singulos
1363 5094 1607 5132 seorsum
1646 5079 1924 5149 inksingu-

353 5147 419 5206 lis
446 5152 598 5206 cellis
623 5169 652 5204 a
676 5150 966 5205 Ptolemaeo
984 5149 1278 5203 collocatos
1305 5163 1425 5200 esse
1458 5149 1668 5202 scribit.
1697 5147 1928 5215 Epipha-

353 5224 474 5276 nius
507 5237 636 5275 vero
674 5223 729 5274 in
770 5222 908 5274 libro
967 5219 1038 5271 De
1091 5220 1407 5287 ponderibus
1451 5229 1497 5270 et
1533 5220 1791 5270 mensuris
1849 5219 1926 5270 ait

351 5293 503 5346 binos
530 5297 579 5345 ιιι
609 5292 839 5360 singulis
873 5290 1379 5360 cellis_constitutos
1418 5287 1606 5340 fuisse.
1656 5288 1759 5340 Sed
1810 5287 1923 5360 lre-

349 5364 446 5415 naei
477 5364 641 5416 verba
669 5357 892 5428 prepius
924 5361 988 5413 ad
1023 5357 1223 5412 Justini
1250 5362 1618 5410 narrationem
1662 5358 1924 5428 accedere

349 5433 614 5486 videntur.
642 5426 747 5483 Alii
775 5426 945 5483 totam
973 5430 1114 5482 hanc
1142 5430 1205 5482 de
1237 5428 1577 5496 septuaginta
1609 5426 1760 5494 cellis
1798 5442 1924 5478 nar-

350 5503 606 5556 rationem
648 5500 903 5561 irrident,
951 5514 1184 5568 qnarnm
1227 5494 1500 5568 neegapnd
1547 5494 1841 5564 Josephum
1869 5505 1923 5549 et

349 5571 630 5634 Aristeam,
661 5586 766 5624 nec
804 5572 944 5636 apud
974 5567 1259 5621 Philonem
1293 5567 1402 5620 ulla
1431 5569 1490 5618 tit
1522 5569 1743 5620 mentio.

414 5642 522 5711 (69)
593 5637 1177 5709 Ἀνατορευσάντων.
1233 5636 1478 5689 Βδεὶιαιέ
1510 5705 1522 5711 _
1544 5637 1703 5711 vertit
1731 5669 1733 5671 ι
1763 5644 1917 5689 vetus

352 5705 603 5781 interpres
640 5705 852 5764 lreriwi.
913 5711 1158 5762 Aristeas
1205 5718 1381 5760 tamen
1417 5717 1467 5759 et
1502 5705 1768 5772 .loscphns
1810 5721 1916 5759 non

2039 3177 2278 3245 suscepit
2329 3179 2728 3242 sacerdotium,
2778 3193 2899 3232 cum
2954 3179 3282 3249 Agrippinus
3327 3179 3611 3234 duodecim

2039 3280 2211 3321 annos
2241 3267 2566 3337 episcopalis
2598 3268 3086 3324 administrationis
3115 3270 3404 3339 explesset.

2557 3439 2714 3509 175
2764 3440 2990 3496 CAPUT
3032 3442 3098 3498 Χ.

2451 3531 2528 3585 De
2562 3532 2815 3587 Pantamo
2856 3533 3186 3602 philosopho.

2103 3621 2205 3676 Per
2257 3622 2398 3676 idem
2456 3631 2666 3691 tempus
2715 3624 2954 3678 ﬁdelium
3010 3625 3210 3680 scholae
3257 3637 3487 3696 praeerat
3529 3629 3614 3686 vir

2032 3713 2294 3766 doctrinae
2333 3728 2496 3768 causa
2546 3713 2942 3769 celeberrimus
2968 3753 2984 3778 ,
3035 3717 3254 3770 nomine
3297 3719 3612 3785 Pantaenus,

2035 3807 2236 3875 quippe
2272 3795 2386 3875 jam
2435 3805 2560 3858 inde
2605 3820 2634 3858 a
2681 3807 2875 3872 priscis
2923 3805 3300 3874 temporibus,
3331 3825 3609 3865 sacrarum

2040 3900 2348 3952 litterarum
2396 3895 2585 3951 schola
2635 3896 2689 3950 in
2744 3912 2807 3952 ea
2849 3898 3068 3952 civitate
3107 3897 3286 3953 fuerat
3316 3900 3609 3956 instituta:

2038 4101 2185 4168 ipsos
2243 4097 2394 4152 LXX
2442 4097 2714 4164 seniores,
2768 4099 2864 4154 sed
2908 4098 3239 4161 Demetrium
3285 4099 3609 4159 Phalereum

2038 4170 2538 4237 interpretationem
2565 4169 2710 4222 illam
2746 4184 2844 4238 pro
2872 4172 3132 4223 concione
3169 4172 3428 4225 recitasse
3466 4176 3607 4228 seri-

2033 4240 2187 4294 bnnt.
2235 4238 2431 4292 Verum
2473 4238 2611 4292 liber
2652 4239 2744 4292 ille
2793 4240 3020 4295 Aristeae
3067 4256 3096 4292 a
3131 4238 3316 4295 Jndzeo
3369 4245 3604 4308 quodam

2031 4308 2403 4363 Alexandrino
2432 4309 2697 4362 coniictus
2731 4318 2832 4372 est,
2862 4320 2918 4362 ut
2957 4320 3106 4363 recte
3129 4311 3442 4363 observavit
3471 4311 3608 4366 Sca-

2034 4379 2169 4448 liger
2209 4379 2261 4450 i_n
2303 4378 2869 4450 attimadyersionibus
2920 4379 3260 4450 Eusebianis.
3306 4381 3466 4435 Certe
3497 4383 3613 4450 epi~

1961 4426 2003 4479 θ
2033 4426 2166 4502 ista
2210 4426 2871 4501 autem:“resistetis
2920 4426 3288 4502 ’βὶόῑὲὴῖᾧῌὶιι
3312 4426 3582 4506 “uetaret

2033 4520 2196 4590 phtttn
2239 4518 2535 4590 falsitatem
2577 4533 2728 4590 suam
2770 4519 2902 4590 satis
2933 4521 3133 4590 prodit.
3199 4519 3254 4571 ιιι
3301 4537 3362 4573 ea
3406 4524 3610 4590 quippe

2032 4589 2284 4642 laudatur
2307 4586 2590 4641 Hecataeus
2624 4587 2929 4653 Abderites,
2970 4588 3195 4656 ejusque
3239 4586 3604 4644 testimonium

2033 4669 2288 4726 tanquam
2322 4658 2516 4710 vetusti
2570 4658 2856 4726 scriptoris
2897 4659 3206 4722 adducitur,
3250 4673 3371 4711 eum
3422 4669 3602 4714 tamen

2033 4736 2246 4783 constet
2278 4742 2400 4780 eum
2423 4728 2696 4781 Demetrio
2728 4727 2991 4780 Phalereo
3015 4729 3430 4794 haudquaquam
3458 4731 3601 4781 anti-

2032 4800 2281 4867 quiorem
2317 4811 2459 4850 esse.
2485 4795 2630 4850 Vixit
2657 4799 2800 4851 enim
2827 4797 3109 4850 llecatznus
3133 4797 3223 4850 ille
3245 4799 3346 4850 sub
3367 4798 3603 4851 Alexan-

2033 4869 2114 4922 dri
2149 4867 2327 4936 Magni
2365 4869 2804 4933 suceessoribus,
2846 4877 2905 4919 ut
2955 4876 3186 4920 testatur
3231 4867 3426 4936 §uidas
3482 4869 3605 4920 alti-

2032 4954 2156 5006 que.
2195 4934 2465 5004 Jtiseplttts
2499 4938 2714 5004 quidem
2755 4938 2806 4990 in
2839 4937 2976 4991 libro
3008 4939 3185 5004 primo
3217 4934 3414 4990 Contra
3444 4938 3605 5002 Apio-

2032 5024 2169 5074 nem,
2199 5009 2273 5060 ait
2302 5007 2605 5059 l-Iecatmum
2649 5008 2957 5059 Abderitatn
2984 5021 3107 5059 cum
3151 5007 3439 5059 Ptolemaeo
3474 5007 3608 5074 Lagi

2033 5079 2142 5130 lilio
2203 5078 2548 5130 familiariter
2599 5091 2720 5130 esse
2778 5085 3073 5131 versatum.
3134 5076 3392 5143 qunales
3446 5077 3609 5144 igitur

2032 5145 2251 5200 fuerunt
2296 5148 2579 5200 llecatzeus
2623 5157 2678 5200 et
2717 5146 3025 5199 Demetrius
3065 5147 3382 5200 Phalereus.
3455 5148 3608 5200 Adde

2029 5219 2171 5284 quod
2201 5218 2429 5285 epistola
2461 5217 2546 5268 illa
2580 5216 2836 5270 Demetrii
2884 5215 3133 5270 Phalerei
3181 5232 3343 5285 quam
3390 5216 3608 5269 adducit

2027 5287 2296 5350 Aristeas,
2353 5287 2513 5356 plane
2570 5286 2771 5339 insulsa
2823 5296 2908 5339 est
2961 5299 3015 5340 et
3072 5287 3321 5339 barbaris
3385 5287 3608 5356 vocibus

2028 5357 2205 5422 plena,
2234 5373 2354 5410 cmn
2383 5367 2561 5409 tamen
2600 5366 2809 5410 constet
2835 5357 3196 5418 Demetrium,
3231 5364 3417 5422 utpote
3447 5355 3610 5407 Athe-

2030 5429 2296 5492 niensem,
2319 5427 2830 5492 eloquentissimum
2861 5425 3050 5480 fuisse.
3099 5425 3238 5489 Quid
3275 5425 3419 5492 quod
3461 5425 3602 5477 idern

2025 5498 2270 5549 Aristeas
2330 5497 2662 5563 lleptastadii
2732 5497 3011 5562 meminit,
3063 5495 3204 5562 quod
3259 5503 3436 5547 tamen
3485 5500 3606 5560 post

2028 5565 2366 5633 Philadelphi
2400 5580 2643 5633 tempora
2685 5583 2714 5617 ιι
2754 5565 2970 5632 regibus
3018 5564 3236 5634 Egypti
3274 5564 3603 5634 mdilicatum

2027 5647 2131 5698 est,
2166 5646 2223 5686 ιιι
2279 5630 2458 5690 notavi
2502 5630 2553 5688 in
2614 5630 3022 5688 Conmentariis
3062 5630 3333 5686 ad'Amm.
3365 5630 3595 5689 Marcet-

2029 5706 2218 5758 linum.
