4012 6256
367 326 461 378 337

1397 323 1744 380 ΗΙδΤΟΗΙΑΖ
1787 319 2346 378 ECCIJCSIKSTICAS
2387 313 2512 376 LIB.
2560 319 2620 373 Υ.

3503 320 3607 375 438

363 426 449 474 ὅτι
482 420 606 484 τοὺς
639 421 1077 493 ἐμφανεστὲρους
1115 416 1180 491 ἧς
1227 423 1550 492 κατείληφεν
1581 422 1940 492 ἀποστολικῆς

2060 423 2290 487 videtur,
2336 421 2426 474 ubi
2476 418 2956 489 praestantissimos
3005 417 3164 488 176
3207 431 3443 486 quosque
3476 434 3607 486 a-po-

365 509 620 581 διαδοχῆς
645 515 805 584 ἐπιση
816 514 1135 583 μαινόμενος
1164 513 1296 583 (74),
1325 513 1498 566 ταῦτά
1527 530 1714 584 φησιν·
1749 533 1765 562 ι
1801 513 1937 582 Ἤδη

358 606 413 658 δὲ
450 606 510 658 οὐ
558 603 740 674 γραφὴ
775 607 852 668 εἰς,
884 605 1138 668 ἐπίδειξιν
1170 604 1572 675 τετεχνασμένη
1611 605 1704 674 ἥδε
1738 607 1768 674 ἡ
1805 621 1942 671 πρα-

359 696 624 768 γματεία,
660 696 798 748 ἀλλά
836 715 926 766 μοι
955 699 1320 767 ὑπομνήματα
1355 699 1436 760 είς
1465 697 1642 766 γῆρας
1685 695 1943 766 θησαυρί-

363 790 522 853 ζεται
563 788 736 860 λήθης
768 790 1059 860 φάρμακον
1081 806 1093 819 ·
1139 789 1352 842 εἴδωλον
1386 789 1621 860 ἀτεχνῶς
1650 789 1742 841 καὶ
1787 805 1942 841 σκια-

365 879 582 950 γραῳία
611 879 722 933 τῶν
749 880 996 951 ἐναργῶν
1027 881 1120 933 καὶ
1149 879 1407 950 ἐμψύχων
1435 880 1656 932 ἐκείνων
1681 872 1754 931 ὧν
1813 895 1945 931 κατ-

367 970 612 1044 ηξιώθην
660 971 891 1025 ἀκοῦσαι
933 971 1105 1039 λόγων
1155 989 1214 1023 τε
1267 971 1357 1025 καὶ
1378 968 1584 1042 ἀνδρῶν
1639 970 1943 1040 μακαρίων,

372 1063 471 1117 καὶ
495 1063 574 1134 τῷ
605 1064 717 1116 ὄντι
749 1063 1061 1130 ἀξιολόγων.
1099 1062 1314 1115 Τούτων
1357 1064 1384 1114 6
1420 1061 1517 1131 μὲν
1550 1061 1642 1113 ἐπὶ
1675 1061 1772 1130 τῆς
1829 1060 1946 1112 Ἑλ·

370 1157 529 1218 λάδος
574 1159 602 1209 6
659 1157 915 1218 Ἰωνικὸς,
963 1158 991 1208 6
1023 1157 1080 1208 δὲ
1115 1157 1207 1209 ἐπὶ
1240 1157 1338 1225 τῆς
1385 1154 1623 1225 μεγάλης
1679 1153 1944 1216 Ἑλλάδος,

369 1249 474 1318 τῆς
507 1248 706 1318 Κοίλης
751 1247 942 1318 ἅτερος
975 1247 1154 1300 αὐτῶν
1195 1245 1393 1318 Συρίας
1421 1245 1531 1315 (75)
1565 1241 1654 1316 ἦν,
1689 1246 1718 1297 6
1753 1244 1809 1296 δὲ
1852 1244 1947 1296 ἀπ’

369 1341 672 1409 Αἰγύπτου.
722 1339 904 1392 Ἀλλοι
945 1340 1001 1392 δὲ
1034 1340 1135 1393 ἀνὰ
1160 1339 1262 1410 τὴν
1286 1338 1589 1408 Ἀνατολήν·
1625 1339 1718 1392 καὶ
1748 1337 1949 1408 ταύτης

368 1435 398 1486 ὁ
456 1432 557 1503 μέν
599 1448 680 1494 τις
718 1429 825 1484 τῶν
871 1430 1190 1500 Ἀσσυρίων,
1222 1430 1250 1481 6
1289 1430 1346 1482 δέ
1396 1432 1454 1483 ἐν
1497 1433 1562 1501 τῇ
1618 1429 1948 1500 Παλαιστίνῃ

382 1526 636 1597 Ἐϐραῖος
675 1524 959 1580 ἀνέκαθεν.
1008 1524 1255 1593 ’Υστάτῳ
1285 1522 1342 1576 δὲ
1371 1522 1697 1592 περιτυχὼν,
1725 1521 1950 1591 δυνάμει

369 1617 429 1670 δὲ
470 1617 578 1686 ἄρα
610 1614 834 1686 πρῶτος,
852 1610 940 1684 ἦν,
972 1614 1383 1684 ἀνεπαυσάμην,
1409 1614 1467 1664 ἐν
1497 1613 1754 1683 Αἰγύπτῳ
1785 1611 1952 1684 θηρά-

373 1726 478 1771 σας
509 1707 770 1778 λεληθότα
801 1706 934 1776 (76).
980 1706 1120 1758 Ἀλλ’
1150 1709 1198 1759 οἱ
1237 1705 1334 1776 μὲν
1381 1705 1479 1776 τὴν
1505 1704 1678 1775 ἁληθῆ
1711 1707 1809 1775 τῆς
1844 1722 1948 1774 μα-

2046 511 2250 566 stoliczn
2296 511 2554 566 doctrinae
2596 522 2940 563 successores
2992 524 3018 562 a
3072 511 3268 578 quibus
3333 509 3611 562 institutus

2047 605 2240 667 fuerat,
2274 611 2521 658 recenset
2548 602 2634 654 his
2665 602 2846 656 verbis
2876 617 2890 654 :
2928 621 2945 651 ι
2978 601 3039 654 Hi
3073 601 3285 671 quidem
3323 600 3470 665 libri,
3510 617 3609 654 nc-

2045 709 2310 764 quaquam
2368 694 2434 747 ad
2489 692 2907 747 ostentationem
2959 690 3256 755 elaborati,
3301 693 3393 744 sed
3456 693 3611 760 quasi

2047 788 2300 842 viaticum
2335 786 2655 844 senectutis.
2693 797 2748 839 et
2779 783 3069 839 oblivionis
3101 783 3423 845 remedium,
3459 797 3488 835 a
3531 797 3616 836 me

2047 878 2272 947 sepositi
2315 876 2690 932 commentarii
2748 876 3114 930 reconduntur
3153 892 3165 926 :
3205 882 3264 927 ut
3308 874 3416 928 sint
3460 876 3618 929 nobis

2051 973 2226 1040 imago
2255 971 2500 1040 qumdam
2533 978 2587 1024 et
2616 969 2826 1037 species
2851 968 3170 1021 adumbrata
3201 965 3438 1021 efﬁcacis
3474 967 3619 1020 illius

2049 1063 2407 1132 animatazque
2437 1061 2716 1125 doctrinas,
2742 1075 2902 1129 quam
2939 1074 2966 1110 a
3005 1059 3136 1112 viris
3170 1058 3364 1122 beatis,
3401 1066 3455 1111 et
3476 1073 3620 1111 com-

2051 1155 2439 1208 memoratione
2462 1151 2706 1221 profecto
2731 1150 3064 1219 dignissimis
3089 1150 3274 1203 audire
3296 1149 3616 1203 meruimus.

2052 1247 2249 1301 Horum
2298 1247 2435 1299 alter
2477 1244 2530 1297 in
2576 1241 2780 1297 Graecia
2837 1242 3084 1303 Ionicus,
3135 1241 3272 1292 alter
3324 1239 3376 1292 in
3426 1238 3618 1309 Magna

2050 1339 2254 1394 Graecia
2279 1337 2398 1390 fuit.
2429 1336 2668 1403 Quorum
2714 1333 2799 1386 ille
2825 1333 3043 1400 quidem
3075 1346 3138 1385 ex
3175 1330 3472 1401 Caelesyria
3503 1337 3626 1386 erat.

2051 1431 2332 1496 oriundus,
2358 1429 2447 1484 ille
2464 1443 2670 1483 veroex
2702 1426 2957 1496 Atlgypto.
2980 1425 3082 1478 Alii
3111 1437 3292 1481 autem
3319 1426 3370 1478 in
3399 1426 3624 1482 Oriente

2051 1529 2330 1592 vixerunt;
2360 1541 2425 1581 ex
2450 1527 2649 1594 quibus
2683 1525 2819 1579 alter
2849 1525 3066 1594 quidem
3101 1525 3202 1578 fuit
3225 1525 3480 1593 Assyrius
3504 1544 3517 1578 :
3545 1524 3625 1577 al-

2056 1632 2136 1673 ter
2167 1622 2216 1673 in
2256 1619 2574 1680 Palaestina,
2616 1619 2683 1672 ab
2734 1617 2921 1670 ultima
2964 1618 3173 1687 origine
3202 1616 3479 1670 Hebraeus.
3519 1615 3627 1669 No—

2056 1711 2333 1762 vissimum
2377 1723 2537 1775 vero,
2580 1711 2792 1762 tametsi
2839 1711 2926 1763 hic
2975 1708 3240 1762 doctrinae
3282 1707 3476 1760 merito
3505 1721 3627 1760 0m-

372 1800 576 1869 καρίας
603 1797 946 1861 διδασκαλίας
981 1797 1245 1860 σώζοντες
1296 1797 1610 1867 παράδοσιν,
1647 1795 1807 1858 εὐθὺς
1847 1797 1950 1848 ἀπὸ

2060 1803 2202 1852 nittm
2231 1803 2438 1868 primus
2469 1812 2590 1855 erat
2613 1841 2629 1864 ,
2669 1817 2790 1854 cum
2829 1817 2953 1854 casu
2984 1801 3217 1870 quodam
3253 1799 3624 1862 oﬂ'endissem,

373 1887 584 1962 Πέτρου
620 1892 714 1944 καὶ
752 1871 1032 1950 Ἰακώϐου,
1079 1888 1324 1942 Ἰωάννου
1359 1905 1413 1940 τε
1451 1889 1541 1940 καὶ
1586 1887 1797 1939 Παύλου
1843 1887 1949 1939 τῶν

372 1980 547 2047 ἁγίων
587 1979 896 2032 ἀποστόλων
916 2019 929 2040 ,
969 1981 1096 2040 παῖς
1150 1977 1302 2048 παρὰ
1349 1978 1549 2048 πατρὸς
1595 1977 1949 2047 ἐκδεξάμενος

377 2072 396 2140 (
418 2071 588 2139 ὀλίγοι
613 2071 671 2124 δέ
694 2071 743 2125 οἱ
777 2070 1042 2142 πατράσιν
1068 2071 1241 2138 ὅμοιοι
1269 2070 1306 2137 ),
1331 2065 1464 2140 ἧκον
1494 2069 1557 2139 δὴ
1586 2071 1682 2122 σὺν
1712 2069 1829 2137 Θεῷ
1857 2070 1950 2122 καὶ

374 2161 458 2222 είς
489 2161 653 2230 ἡμᾶς,
689 2160 755 2213 τὰ
791 2159 1090 2231 προγονικὰ
1133 2160 1314 2211 ἐκεῖνα
1356 2161 1452 2212 καὶ
1493 2159 1822 2212 ἀποστολικὰ
1856 2176 1952 2212 κα-

372 2251 735 2321 ταθησόμενοι
775 2251 1085 2321 σπέρματα.
1123 2269 1141 2301 ι

2058 1894 2270 1945 tandem
2310 1893 2363 1945 in
2406 1908 2472 1947 eo
2501 1892 2748 1961 acquievi
2783 1911 2796 1946 :
2835 1908 2994 1960 quem
3036 1892 3254 1962 quidem
3299 1893 3351 1944 in
3393 1891 3631 1962 {Egypto

2060 1985 2352 2050 latentem,
2391 1995 2648 2055 tanquam
2681 1997 2912 2042 venator
2953 1986 3360 2055 indagaveram.
3397 1985 3458 2038 Hi
3497 1999 3632 2053 ergo

2056 2077 2322 2130 sinceram
2371 2079 2678 2146 apostolicae
2731 2079 2996 2133 doctrinm
3041 2077 3387 2129 traditionem
3441 2089 3633 2130 CllSli)--

2059 2169 2290 2233 dientes,
2323 2185 2483 2239 quam
2509 2170 2618 2238 jam
2656 2171 2780 2225 inde
2811 2186 2838 2222 a
2869 2169 3050 2232 Petro,
3076 2167 3302 2230 Jacobo,
3339 2168 3547 2222 Joanne
3568 2183 3632 2221 ac

2061 2259 2226 2314 Paulo
2257 2264 2620 2318 sanctissimis
2656 2263 2937 2334 apostolis,
2971 2273 3224 2330 tanquam
3259 2261 3350 2312 lilii
3382 2276 3409 2310 a
3437 2275 3634 2326 parcn-

379 2346 544 2407 libus.
581 2345 833 2399 ιεοηιὶιιιιη
883 2346 1232 2400 SUCCCSSione
1319 2344 1572 2398 lradilam
1649 2360 1965 2416 acceperant
1994 2392 2009 2415 ,
2070 2358 2284 2410 tametsi
2328 2373 2450 2411 raro
2497 2360 2776 2428 contingat
2819 2368 2876 2410 ut
2919 2356 3236 2427 parentibus
3281 2355 3484 2408 similes
3523 2357 3634 2408 sint.

377 2439 498 2503 lilii,
534 2438 628 2494 Dei
671 2450 801 2493 nutu
848 2439 914 2493 ad
959 2449 1142 2493 nostra
1189 2455 1356 2508 usque
1398 2450 1638 2510 tempora
1677 2457 2052 2513 pervenerunt,
2097 2461 2154 2504 ut
2203 2455 2347 2509 avita
2412 2465 2465 2509 et
2507 2456 2800 2528 apostolica
2853 2455 3057 2508 semina
3113 2453 3381 2507 mentibus
3431 2451 3632 2506 nostris

376 2536 705 2589 insererent.
744 2551 765 2584 ι

900 2602 1295 2656 ΚΕΦΑΑΑΙΟΝ
1331 2604 1428 2656 ΙΒ⁸.

532 2693 672 2760 Περὶ
711 2691 829 2746 τῶν
860 2693 930 2744 ἐν
972 2694 1411 2762 Ἰεροσολύμοις
1440 2695 1789 2750 ἐπισκόπων

857 2765 997 2833 (ΜΟ.
1144 2765 1206 2817 lt}.
1244 2781 1318 2825 tv,
1355 2766 1466 2835 i9).

461 2854 585 2907 Ἐπὶ
632 2854 837 2907 τούτων
895 2857 993 2925 τῆς
1052 2857 1109 2908 ἐν
1172 2856 1566 2927 Ἱεροσολύμοις
1631 2859 1957 2932 Ἐκκλησίας

376 2945 697 3010 ἐπίσκοπος,
737 2949 766 3000 6
813 2948 963 3018 παρὰ
1013 2948 1225 3011 πολλοῖς
1271 2949 1440 3001 εἰσέτι
1490 2949 1584 3004 νῦν
1632 2951 1960 3024 βεϐοημένος

2676 2613 2903 2668 CAPUT
2940 2614 3050 2668 XII.

2401 2706 2474 2759 De
2509 2707 2989 2774 Hierosolymorum
3014 2708 3287 2776 episcopis.

2135 2860 2332 2914 Eadem
2398 2868 2725 2927 tempestate
2770 2856 3076 2920 Narcissus,
3138 2857 3630 2928 Hierosolymorum

2063 2951 2370 3020 episcopus,
2400 2949 2604 3011 ﬂoruit,
2636 2949 2720 3002 vir
2755 2947 3050 3001 multorum
3077 2951 3422 3005 sermonibus
3449 2961 3633 3004 nostra

375 3037 702 3110 ἐγνωρίζετο
726 3038 1057 3110 Νάρκισσος,
1098 3040 1588 3113 πεντεκαιδεκάτην
1621 3043 1767 3112 ἄγων
1799 3045 1950 3098 διαδο

2063 3057 2278 3113 quoque
2335 3051 2494 3094 astate
2541 3040 2869 3093 celebratus.
2924 3038 3022 3093 Hic
3073 3043 3318 3107 quintum
3367 3040 3632 3094 decimum

376 3130 498 3200 χὴν,
552 3129 660 3182 ἀπὸ
691 3130 789 3199 τῆς
827 3130 936 3182 τῶν
983 3131 1252 3185 Ἰουδαίων
1282 3132 1423 3185 κατὰ
1468 3134 1742 3206 Ἀδριανὸν
1780 3137 1950 3190 πολιο-

2064 3134 2424 3188 successiouis
2449 3133 2621 3186 locum
2649 3131 2884 3184 obtinuit
2919 3141 3036 3199 post
3069 3132 3444 3186 obsessionem
3487 3133 3634 3186 illam

379 3221 571 3288 ρκίας·
612 3221 673 3285 ἐξ
707 3216 768 3274 οὗ
802 3223 864 3293 δὴ
911 3223 1124 3294 πρῶτον
1163 3224 1262 3295 τὴν
1301 3225 1487 3279 αὐτόθι
1531 3229 1853 3300 Ἐκκλησίαν
1900 3231 1958 3297 ἐξ

376 3309 546 3363 ἐθνῶν
592 3313 852 3382 συστῆναι
896 3314 1035 3383 μετὰ
1071 3315 1198 3378 τοὺς
1238 3318 1302 3368 ἐκ
1346 3319 1669 3387 περιτομῆς,
1717 3319 1958 3392 καθηγή-

378 3405 574 3456 σασθαί
597 3422 657 3456 τε
692 3405 869 3458 αὐτῶν
899 3405 1111 3476 πρῶτον
1138 3406 1195 3473 ἐξ
1219 3407 1388 3460 ἐθνῶν
1416 3409 1712 3464 ἐπίσκοπον
1731 3413 1956 3484 Μάρκον

377 3493 748 3564 ἐδηλώσαμεν.
796 3495 932 3548 Μεθ’
979 3496 1037 3548 ὃν
1083 3497 1480 3550 ἐπισκοπεῦσαι
1527 3501 1853 3567 Κασσιανὸν,
1900 3506 1956 3557 αί

377 3585 484 3636 τῶν
518 3586 708 3639 αὐτόθι
738 3587 976 3657 διαδοχαὶ
1009 3588 1120 3658 (77)
1157 3591 1504 3660 περιέχουσι·
1550 3593 1642 3644 καὶ
1677 3595 1812 3664 μετὰ
1837 3595 1959 3648 τοῦ-

379 3727 522 3796 qnod
555 3736 748 3800 auctor
789 3743 975 3782 eorum
1004 3741 1385 3800 execrptorum
1419 3733 1517 3785 sub
1546 3733 1705 3789 linem
1743 3733 1954 3788 Paulm-

382 3813 504 3868 ttum
542 3799 1058 3868 magistrutngsuum
1103 3799 1362 3868 appellat.
1410 3803 1500 3855 Sic
1545 3806 1689 3857 enim
1730 3805 1852 3858 ait:
1896 3807 1953 3857 Ὀ

380 3867 680 3930 ῐὲάνταινος
707 3866 762 3918 δὲ
789 3867 946 3938 ἡμῶν
979 3866 1186 3938 ἔλεγεν,
1215 3881 1315 3923 etc.
1358 3872 1480 3925 Fuit
1518 3887 1696 3927 autem
1741 3874 1954 3928 Pantze-

383 3953 480 4010 nus
522 3938 829 4010 Cletnentis
873 3939 1224 3994 Alexandrini
1282 3953 1598 4010 prmceptor,
1651 3957 1709 3998 ιιι
1760 3947 1952 3999 scribit

380 4004 676 4084 _l-_I_us_chius;
736 4023 896 4084 quem
933 4010 1206 4084 _(‘.le_meus
1273 4004 1322 4084 in
1381 4004 1496 4084 illt'si
1547 4013 1949 4084 ligauit/poscor:

379 4076 534 4129 libris
587 4077 878 4131 identidem
933 4078 1224 4144 laudabat,
1281 4083 1422 4134 sicut
1478 4076 1946 4140 Phoitus'rel'ert.

381 4146 551 4217 [’orro
579 4145 839 4200 Theodoti
878 4158 1133 4217 excerpta
1185 4151 1367 4203 laudat
1409 4154 1575 4206 etiam
1639 4153 1951 4208 Victorinus

378 4215 795 4288 Petabionensis
815 4215 1100 4288 episcopus
1126 4221 1179 4274 in
1204 4219 1596 4277 Commentario
1631 4225 1698 4276 ad
1723 4223 1948 4280 Joannis

379 4285 770 4356 Apocalypsim.

447 4356 1226 4428 (74)__‘E:no'npatrdperoc.
1305 4359 1436 4414 Tres
1491 4364 1660 4417 nostri
1711 4366 1950 4423 codices.

377 4425 539 4491 M.iz.,
579 4425 724 4506 dicit.
774 4425 1314 4506 et’FukJScriptutn
1363 4434 1563 4506 habent
1614 4436 1952 4506 ἐπισημηνά-

379 4513 558 4574 μενοςς
598 4498 705 4574 ὃξιι
735 4500 951 4574 vulgata
991 4501 1152 4574 lectio
1181 4502 1381 4574 melior
1403 4504 1634 4574 videtur.

446 4570 560 4645 (75)
620 4569 732 4645 Τῆς
795 4571 1016 4645 Κοίλης
1058 4570 1266 4638 ἅτερος
1319 4569 1517 4625 αὐτῶν
1579 4578 1818 4645 Συρίας.
1881 4578 1953 4631 lix

375 4639 587 4715 duobus
620 4640 751 4715 viris
782 4655 812 4691 a
837 4642 1115 4715 Clentcttte
1145 4645 1484 4715 memoratis,
1517 4639 1956 4715 ntale'ittterprc-

377 4719 454 4760 tes
484 4709 590 4761 hoc
620 4709 736 4762 loco
768 4723 999 4777 quatuor
1032 4713 1298 4764 iecerunt.
1338 4713 1479 4766 Duos
1507 4717 1648 4769 enim
1674 4709 1953 4771 sacrarum

376 4780 684 4830 litterarum
720 4780 974 4834 doctores
1015 4798 1042 4833 a
1080 4795 1139 4833 se
1178 4783 1390 4836 auditus
1424 4784 1511 4836 hic
1543 4799 1808 4840 memorat
1833 4790 1955 4841 Clu--

376 4863 566 4923 mens;
597 4849 828 4923 alterum
861 4851 914 4923 in
947 4852 1150 4923 Achaia
1181 4891 1196 4914 ,
1250 4855 1340 4920 qui
1375 4855 1586 4908 Ionicus
1633 4857 1952 4923 dicebatur;

374 4921 613 4991 alterum
655 4935 783 4971 vero
808 4921 859 4972 in
888 4921 1037 4973 italia
1063 4939 1077 4985 ;
1101 4931 1155 4974 et
1186 4929 1374 4974 borum
1400 4926 1618 4991 quidem
1658 4928 1888 4981 alterum
1925 4921 1956 4981 e

371 4990 674 5068 Coalesyria
707 4991 995 5068 oriundum
1033 4994 1246 5068 fuisse;
1277 4990 1504 5047 alterum
1554 5007 1744 5068 autem
1787 4996 1954 5068 (Egy-

369 5055 570 5133 ptiutn.
598 5059 806 5133 l’rmter
838 5065 936 5113 hos
968 5065 1135 5133 duos,
1183 5064 1317 5116 alios
1364 5081 1580 5133 quoque
1625 5069 1676 5119 in
1714 5055 1954 5123 Orietit'is

370 5130 624 5205 partibus
677 5132 745 5182 ab
793 5147 852 5182 se
908 5132 1127 5186 auditos
1169 5147 1302 5205 esse
1351 5130 1627 5205 subiungit
1664 5153 1678 5190 :
1721 5139 1952 5191 alterum

365 5203 669 5277 Assyriun‘t.
689 5215 912 5267 genere,
946 5216 1105 5277 quem
1127 5202 1458 5277 ⁸Τιιιίιιιιιιιιι
1493 5202 1614 5261 esse
1667 5211 1951 5277 suspicor;

366 5271 604 5346 alterum
632 5269 916 5323 Hebraeum
942 5271 1327 5346 ex_Pal:r.-stiua
1347 5314 1361 5336 ,
1391 5291 1552 5340 quem
1596 5269 1951 5346 Theophilum

367 5355 489 5393 esse
520 5339 922 5410 Caesariensem
956 5344 1268 5410 episcopum
1303 5339 1532 5397 credidit
1581 5339 1842 5402 Baron'ius
1887 5351 1952 5400 ad

365 5427 570 5462 annum
608 5409 818 5482 Christi
851 5412 974 5464 185.
1011 5409 1293 5482 Assyrium
1324 5429 1450 5467 vero
1482 5417 1629 5469 illum
1670 5421 1808 5471 idem
1855 5419 1954 5472 Ba-

365 5485 556 5556 ronius
607 5479 978 5556 _l_5_artlesan_em
1013 5479 1134 5536 esse
1179 5485 1454 5550 opinatur.
1515 5487 1624 5556 ligo
1671 5504 1798 5542 vero
1851 5492 1954 5542 lle-

357 5550 570 5606 bracutn
604 5551 762 5604 illum
785 5565 848 5603 cx
889 5551 1172 5605 ιἐιιεοειιιιιι
1201 5557 1518 5616 oriundum,
1565 5550 1743 5623 potius
1777 5560 1954 5612 Theo-

352 5627 544 5698 dotum
581 5636 717 5698 esse
748 5623 1070 5674 crediderim
1107 5626 1318 5698 :Jidque
1340 5643 1405 5678 ex
1430 5643 1494 5698 eo
1529 5629 1780 5696 conjicio,
1809 5631 1950 5698 quod

348 5697 620 5762 Epitome
663 5689 1069 5762 Hypotyposeon
1114 5689 1408 5748 Clementis
1460 5689 1952 5751 inscribitur

340 5761 452 5819 τῶν
477 5762 762 5818 Θεοδότου
798 5761 1115 5831 ἀνατολικῆς
1136 5764 1500 5825 διδασκαλίας.
1525 5769 1773 5823 Clemens
1805 5775 1948 5823 enim

697 5862 971 5919 ΡΑΤιιοι..
1013 5864 1124 5921 (in.
1160 5865 1284 5922 XX.

2063 3209 2393 3287 ⁸ιιιιίιιιοιηιιιι,
2421 3243 2540 3295 qua:
2565 3226 2803 3278 Adriano
2834 3232 3094 3290 regnante
3123 3222 3266 3278 facta
3290 3234 3393 3281 est.
3427 3226 3500 3279 Ex
3529 3241 3638 3295 quo

2065 3320 2284 3389 quidem
2339 3329 2580 3386 tempore
2623 3315 2924 3370 Ecclesium
2969 3314 3117 3367 illius
3149 3314 3252 3368 loci
3290 3317 3526 3385 primum
3570 3333 3636 3370 ex

2065 3409 2316 3476 gentibus
2358 3409 2624 3462 coaluisse
2658 3417 2780 3478 post
2822 3421 2914 3461 eos
2955 3409 3044 3476 qui
3095 3425 3163 3462 ex
3213 3409 3639 3462 circumcisione

2065 3501 2300 3565 fuerunt,
2341 3504 2679 3571 primumque
2707 3518 2770 3555 ex
2806 3504 3056 3571 gentibus
3095 3502 3335 3556 Marcum
3369 3501 3473 3556 illis
3503 3517 3637 3570 pra:-

2066 3594 2231 3646 l'uisse
2261 3593 2559 3647 retulimus.
2581 3593 2707 3646 l’ost
2730 3610 2886 3662 quem
2910 3593 3220 3662 episcopatu
3246 3593 3490 3648 [unctum
3517 3609 3638 3647 esse

2066 3745 2128 3782 ea
2185 3743 2304 3791 qum
2344 3743 2371 3778 a
2412 3727 2689 3793 magistris
2749 3728 2799 3779 in
2855 3727 3078 3782 Oriente
3125 3726 3416 3792 didicerat,
3477 3740 3637 3782 vocat

2077 3797 2419 3868 Ἀνατολικὴν
2463 3797 2828 3850 διδασκαλίαν.
2875 3797 3257 3868 'l‘heopltilunr
3284 3813 3412 3850 vero
3456 3800 3637 3852 (ἐξοδο-

2067 3871 2298 3924 riensetn
2333 3866 2421 3922 hic
2464 3884 2494 3920 a
2524 3868 2806 3921 Clemente
2847 3884 2952 3920 non
2988 3866 3297 3934 designari,
3350 3870 3455 3920 duo
3502 3871 3633 3922 mihi

2062 3948 2382 4009 argumenta
2413 3939 2762 4005 persuadent.
2814 3937 3054 4009 Primum
3105 3938 3250 4004 quod
3304 3936 3634 4006 Theophilus

2060 4007 2283 4078 aequalis
2321 4007 2424 4060 fuit
2470 4009 2784 4062 Clementis.
2839 4007 3046 4061 Floruit
3095 4009 3239 4060 enim
3299 4010 3635 4075 temporibus

2061 4079 2298 4133 Victoris
2345 4093 2534 4146 papae,
2591 4087 2650 4129 u-t
2696 4095 2762 4130 ex
2818 4078 3051 4131 Eusebio
3097 4078 3375 4130 discimus.
3432 4080 3635 4132 Deinde

2061 4149 2420 4219 Theophilum
2469 4149 2632 4210 hunc,
2685 4146 2992 4208 Hebraeum,
3045 4155 3139 4199 aut
3186 4153 3329 4219 quod
3365 4147 3505 4200 idem
3552 4163 3638 4202 est.

2059 4216 2306 4274 Judaeum
2339 4221 2526 4274 luisse.
2553 4234 2710 4271 nemo
2741 4233 2982 4272 veterum
3008 4220 3168 4270 dixit.
3189 4216 3305 4270 .lam
3335 4235 3464 4272 vero
3487 4222 3632 4288 quod

2061 4299 2268 4358 spectat
2295 4293 2358 4340 ad
2387 4290 2774 4349 Bardesanem,
2809 4304 2982 4356 neque
3010 4289 3097 4341 hic
3123 4306 3148 4338 ιι
3171 4292 3447 4343 Clemente
3475 4290 3635 4343 intel-

2064 4362 2152 4429 ligi
2189 4371 2384 4428 potest.
2419 4361 2533 4411 Non
2562 4360 2704 4411 enim
2735 4363 2994 4428 Assyrius
3021 4361 3116 4412 l'uit
3140 4360 3500 4423 Bardcsanes,
3537 4363 3630 4413 sed

2062 4432 2360 4496 Osroenus,
2427 4433 2687 4482 oriundus
2739 4430 2972 4494 I'JdeSSa,
3025 4446 3145 4497 quae
3191 4440 3353 4498 eaput
3399 4442 3483 4484 est
3534 4430 3636 4486 Os-

1989 4492 2031 4544 Ο
2066 4520 2260 4555 ιυεικιξ.

2131 4572 2240 4644 (76)
2271 4572 2549 4640 Θηρὰσας
2577 4573 2892 4638 λεληθότα.
2919 4568 3045 4623 Post
3069 4569 3374 4644 h:ec_verha
3399 4585 3635 4641 sequun-

2063 4641 2150 4695 tur
2183 4641 2427 4708 quaedam
2455 4645 2595 4710 apud
2627 4643 2986 4702 Clementem,
3024 4656 3143 4705 qua:
3169 4641 3439 4694 Eusebius
3474 4645 3638 4696 omit-

2061 4725 2174 4767 tere
2220 4729 2327 4767 uon
2367 4714 2649 4766 debuerat.
2700 4711 2779 4764 Ex
2837 4714 2918 4764 bis
2973 4715 3116 4763 enim
3174 4712 3356 4777 colligi
3397 4714 3632 4772 videtur.

2059 4784 2376 4836 Pantmnum
2413 4797 2481 4835 ex
2527 4783 2710 4836 Sicilia
2757 4783 3045 4834 oriundum
3092 4782 3280 4834 fuisse.
3333 4783 3526 4836 Annon
3580 4785 3632 4835 id

2058 4862 2245 4925 aperte
2281 4855 2508 4925 innuunt
2533 4852 2830 4925 Clementis
2866 4857 2979 4925 btet:
3015 4853 3217 4905 verba?
3258 4852 3512 4925 Σικελικὴ
3556 4853 3636 4923 τῷ

2057 4924 2168 4976 ὄντι
2225 4925 2258 4994 ἠ
2300 4924 2547 4994 μέλιττα,
2574 4937 2681 4976 etc.
2719 4923 2851 4976 Cum
2878 4924 3021 4974 enim
3051 4923 3634 4990 praecedentibtts‘ver-

2057 4994 2140 5047 bis
2171 4994 2423 5048 Clemens
2455 4999 2766 5047 l’antwnuut
2796 4996 3058 5060 designet.
3101 5005 3155 5044 ut
3198 5004 3425 5046 testatur
3467 4995 3636 5050 Euse-

2057 5065 2202 5126 bius,
2238 5065 2352 5118 haec
2381 5081 2598 5134 quoque
2639 5066 2704 5117 ad
2741 5068 2986 5116 cuuulcm
3031 5064 3347 5116 l'antzeuutn
3393 5067 3638 5119 referan-

2060 5146 2148 5188 tur
2177 5151 2397 5190 necesse
2427 5147 2530 5189 est.
2573 5135 2812 5188 Siculam
2847 5136 3015 5201 igitur
3046 5149 3202 5201 apem
3235 5149 3356 5186 eum
3388 5139 3640 5188 nominat

2056 5207 2328 5268 Clemens,
2361 5221 2426 5260 eo
2455 5213 2599 5274 quod
2637 5209 2703 5257 de
2759 5205 2944 5258 Sicilia
2991 5215 3136 5258 esset
3183 5204 3472 5258 oriundus.
3519 5208 3636 5258 Cun

2056 5279 2202 5330 enim
2239 5278 2477 5329 Siculam
2504 5277 2680 5342 potius
2709 5291 2864 5344 apem
2904 5290 3026 5326 eum
3059 5285 3279 5326 vocaret
3303 5287 3467 5342 quam
3492 5278 3639 5328 Atti-

2057 5346 2220 5400 cam?
2246 5348 2438 5400 Petrus
2470 5346 2769 5399 Halloixius
2806 5349 2856 5398 in
2898 5344 3013 5398 Vita
3059 5345 3302 5396 l’untwni
3328 5383 3344 5409 ,
3380 5346 3458 5398 ait
3489 5347 3637 5398 illum

2049 5418 2227 5470 'l'uisse
2251 5434 2448 5486 genere
2479 5415 2788 5478 Hebrzeum,
2833 5416 2992 5483 idque
3025 5431 3088 5467 ex
3118 5416 3415 5486 Clementis
3461 5417 3638 5469 verbis

2057 5485 2279 5556 colligit.
2321 5487 2517 5540 Verum
2565 5487 2814 5540 Clemens
2857 5489 3013 5554 plane
3062 5485 3391 5538 contrarium
3437 5485 3636 5540 innuit.

2057 5559 2190 5609 Nam
2221 5557 2503 5610 Hebraeum
2530 5557 2743 5624 quidem
2780 5557 2925 5607 illum
2961 5566 3036 5607 att
3067 5571 3094 5606 a
3126 5571 3183 5605 se
3226 5556 3471 5608 auditum
3515 5573 3639 5612 esse

2057 5629 2110 5680 in
2146 5625 2389 5688 Oriente,
2429 5627 2748 5679 l’antmnum
2775 5641 2901 5677 vero
2933 5627 2984 5679 in
3019 5625 3271 5694 {Egyptm

2127 5699 2241 5765 (77)
2289 5699 2358 5749 Αἱ
2397 5695 2516 5748 τῶν
2543 5696 2750 5750 αὐτόθι
2780 5695 3068 5763 διαδοχαί.
3108 5697 3321 5749 mobiles
3358 5695 3636 5761 Ecclesia',

2056 5778 2113 5824 ct
2142 5767 2444 5836 prmsertitn
2479 5782 2598 5836 quae
2649 5772 3020 5835 ab-apnstotts
3071 5767 3336 5820 instituta:
3394 5770 3636 5832 inerant,

3243 5865 3317 5920 15
