4012 6256
434 267 538 321 459

1171 265 1438 322 EUSEBll
1475 261 1946 321 CASSARIENSIS
1982 260 2133 317 OPP.
2174 261 2355 316 PARS
2393 262 2433 315 1.
2474 292 2544 302 -
2581 257 2972 315 HISTORICA.

3576 257 3691 311 460

434 378 776 443 Cassianum,
806 378 1001 434 deinde
1037 379 1280 433 Publium
1308 418 1322 442 ,
1361 388 1546 446 postea
1578 376 1869 432 Maximum
1897 419 1912 443 ,
1938 389 2002 429 ac

2109 390 2194 427 τον
2232 373 2520 437 Πούπλιον,
2568 368 2686 425 εἶτα
2735 370 3009 440 Μάξιμον,
3050 369 3145 422 καὶ
3178 368 3269 421 ἐπὶ
3297 367 3503 433 τούτοις
3549 371 3693 423 Ἰου-

433 467 695 537 deinceps
723 465 1019 535 lulianum,
1058 470 1433 539 episcoporum
1464 468 1634 521 series
1664 482 1787 536 quae
1824 466 1877 520 in
1909 480 2003 518 ar-

434 561 606 614 cliivis
636 559 778 613 illius
818 560 1072 614 Ecclesia:
1105 570 1408 627 servantur,
1436 559 1753 612 ostendunt.
1789 554 2005 610 Juliano

435 650 694 704 successit
723 650 906 713 Caius,
939 652 1070 705 Caio
1093 650 1453 723 Symmachus
1478 666 1491 701 :
1527 649 1853 720 Symmacho
1876 663 2005 703 vero

434 741 571 794 alter
592 740 778 795 Caius.
809 739 940 794 Post
966 758 1125 811 quem
1156 758 1344 796 rursus
1366 741 1504 796 alter
1529 739 1779 796 Julianus
1804 753 2004 806 :oquem

433 831 645 900 excepit
673 830 899 900 Capito,
944 848 1009 887 ac
1051 832 1245 886 deinde
1298 831 1501 887 Valens
1534 840 1589 883 et
1629 829 2008 883 Dolichianus.

432 923 720 978 Postremo
748 922 1037 979 Narcissus
1058 963 1072 988 ,
1103 926 1193 993 qui
1229 925 1491 979 continuo
1520 921 1885 987 successionis
1916 934 2005 973 ur-

435 1016 558 1070 dine
592 1015 901 1072 tricesimus
927 1017 995 1071 ab
1027 1018 1285 1087 apostolis
1307 1016 1427 1070 fuit.

925 1110 1082 1180 177
1129 1109 1354 1165 CAPUT
1396 1108 1530 1165 xm.

434 1199 510 1254 De
533 1200 785 1256 Rhodone
815 1213 865 1256 et
905 1201 1348 1255 Marcionitarum
1375 1201 1699 1255 dissensione
1729 1199 1793 1251 ab
1824 1198 2006 1251 eodem

997 1282 1426 1325 commemorata.

505 1363 608 1419 Per
657 1362 797 1418 idem
843 1371 1055 1432 tempus
1098 1362 1347 1426 Rhodon,
1377 1361 1640 1417 oriundus
1673 1376 1741 1417 ex
1770 1359 1916 1427 Asia,
1956 1367 2011 1413 et

434 1459 487 1510 in
520 1456 654 1512 urbe
695 1455 890 1520 Roma,
930 1466 988 1510 ut
1023 1457 1135 1524 ipse
1170 1457 1380 1518 scribit,
1407 1473 1435 1506 a
1473 1454 1702 1509 Tatiano
1735 1454 1829 1508 illo
1857 1453 2009 1522 cujus

434 1562 598 1617 supra
645 1548 992 1602 meminimus
1034 1547 1315 1613 eruditus,
1346 1546 1526 1601 varios
1567 1545 1898 1615 conscripsit
1940 1544 2007 1598 li-

431 1639 580 1701 bras,
609 1645 664 1691 et
697 1653 817 1691 eum
863 1637 1089 1706 reliquis
1128 1637 1388 1691 adversus
1424 1635 1716 1691 Marcionis
1753 1635 2004 1690 haeresim

2104 465 2308 518 λιανόνο
2347 465 2533 518 ἔπειτα
2575 464 2754 528 Γάϊον,
2799 462 2915 533 μεθ’
2944 461 3002 513 ὃν
3037 458 3351 531 Σύμμαχον,
3391 462 3486 514 καὶ
3518 462 3693 516 Γάῖον

2104 558 2321 627 ἕτερον’
2375 556 2468 611 καὶ
2510 556 2670 611 πάλιν
2712 555 2872 609 ἄλλον
2934 553 3238 617 Ἰουλιανδν,
3283 553 3583 609 Καπίτωνά
3620 570 3694 610 τε

2077 663 2081 666 '
2107 650 2243 721 πρὸς
2279 648 2486 713 τούτοις
2513 649 2605 701 κα)⁵
2632 647 2909 701 Οὐάλεντα
2943 647 3074 718 (78),
3107 647 3202 701 καὶ
3230 645 3556 716 Δολιχιανὸν,
3591 648 3697 701 καὶ

2106 742 2198 794 ἐπί
2220 743 2352 795 πᾶσι
2379 742 2469 795 τὸν
2490 743 2821 813 Νάρκισσον,
2844 740 3164 813 τριακοστὸν
3190 740 3297 793 ἀπὸ
3323 738 3429 792 τῶν
3454 740 3697 795 ἀποστό-

2078 832 2212 886 λων
2245 833 2385 887 κατά
2418 834 2516 905 τὴν
2543 833 2652 887 τῶν
2687 833 2811 905 ἑξῆς
2849 833 3098 905 διαδοχὴν
3137 830 3520 902 γεγενημένον.

2625 1109 3025 1163 ΚΕΦΛΛΑΙΟΝ
3064 1108 3161 1161 il".

2106 1203 2247 1272 Περὶ
2286 1203 2574 1266 Ῥόδωνος
2609 1203 2709 1258 καὶ
2740 1199 2816 1271 ἧς
2851 1202 3305 1272 ἐμνημόνειλσεν
3349 1199 3502 1272 κατὰ
3527 1197 3695 1267 Μὰρ-

2297 1274 2482 1327 κίωνα
2503 1269 2828 1343 διαφωνίας
2872 1269 3013 1345 (Nic.
3050 1271 3121 1325 li.
3146 1269 3215 1323 E.
3247 1270 3456 1340 “,29).

2190 1367 2277 1419 Ἐν
2308 1365 2482 1435 τούτῳ
2507 1365 2601 1417 καὶ
2631 1364 2840 1430 ,Ῥόδων
2868 1364 3024 1432 γένος
3057 1363 3166 1416 τῶν
3198 1362 3307 1417 ἀπὸ
3343 1360 3545 1426 Ἄσίας,
3584 1377 3697 1431 μα-

2108 1455 2511 1528 θητευθεὶςέὲπὶ
2557 1455 2797 1527 Ῥώμης,
2831 1455 2907 1519 ὡς
2940 1455 3103 1518 αὐτὸς
3145 1455 3364 1525 ἱστορεῖ,
3409 1450 3689 1521 Τατιανῷ,

2105 1551 2164 1604 ὃν
2190 1549 2374 1603 ἐκτῶν
2392 1549 2624 1620 πρόσθεν
2649 1548 2915 1619 ἔγνωμεν,
2942 1549 3173 1621 διάφορα
3194 1542 3458 1610 συντάξας
3485 1545 3687 1617 βιϐλία,

2110 1641 2247 1713 μετά
2273 1640 2381 1694 τῶν
2412 1642 2613 1695 λοιπῶν
2642 1641 2736 1694 καὶ
2764 1639 2901 1710 πρὸς
2929 1639 3028 1710 τὴν
3058 1638 3385 1713 Μαρκίωνος
3410 1635 3691 1708 παρατάτ-

434 1729 753 1784 decertavit.
809 1728 980 1795 Quam
1034 1728 1253 1798 quidem
1302 1743 1396 1782 sua
1451 1736 1613 1783 aetate
1658 1727 1711 1781 in
1740 1727 2004 1781 ‘diversas

2109 1751 2260 1786 τεται
2282 1733 2492 1800 αἵρεσιν
2512 1749 2526 1761 ·
2554 1734 2620 1804 ἣν
2647 1732 2742 1786 καὶ
2777 1733 2855 1795 είς
2876 1730 3167 1803 διαφόρους
3188 1730 3415 1801 γνώμας
3439 1728 3561 1783 κατ’
3588 1729 3691 1782 αύ-

432 1820 659 1874 scissam
689 1833 811 1872 esse
855 1820 1157 1873 sententias
1196 1829 1403 1885 narrat,
1434 1826 1686 1874 auctores
1720 1818 1866 1874 illius
1888 1819 2001 1873 dis-

435 1910 707 1964 sensionis
735 1910 787 1963 in
821 1909 976 1965 libris
1001 1910 1114 1965 suis
1145 1910 1410 1974 referens,
1439 1920 1493 1965 et
1524 1910 1802 1965 mendacia
1831 1926 1860 1963 a
1892 1909 2005 1964 sin-

434 2002 573 2071 gulis
595 2016 775 2056 eormn
814 2003 1117 2072 excogitata
1167 2002 1458 2072 diligenter
1491 2016 1813 2072 coarguens.
1861 2002 1999 2057 Audi

432 2110 563 2165 ergo
591 2133 607 2159 ,
653 2095 696 2148 si
729 2094 938 2162 placet,
980 2108 1102 2149 eum
1141 2097 1214 2149 ita
1243 2094 1591 2149 scribentem.
1635 2112 1655 2146 ‹
1685 2093 2000 2163 Propterea,

433 2188 641 2255 inquit,
694 2186 834 2240 inter
878 2202 937 2241 se
982 2187 1083 2256 ipsi
1133 2187 1487 2251 dissentiunt,
1512 2188 1708 2258 quippe
1737 2188 1829 2256 qui
1856 2188 2003 2258 ejus-

430 2277 577 2332 modi
636 2277 939 2332 doctrinam
1002 2286 1223 2333 tuentur
1263 2293 1383 2348 quae
1428 2279 1651 2333 omnino
1693 2290 1840 2334 stare
1894 2294 2001 2334 non

433 2378 630 2436 potest.
660 2368 795 2424 Nam
830 2385 894 2425 ex
922 2369 1137 2424 illorum
1166 2384 1325 2440 grege
1355 2370 1567 2439 Apelles
1590 2369 1809 2441 quidem
1875 2386 2004 2425 san-

431 2462 619 2517 ctioris
651 2463 772 2516 vine
814 2461 1013 2521 cultum
1051 2471 1102 2516 et
1159 2472 1490 2518 senectutem
1536 2477 1648 2531 pra:
1678 2476 1737 2517 se
1780 2463 1960 2518 ferens
1985 2503 2001 2528 ,

431 2572 596 2609 unum
641 2554 847 2611 fatetur
882 2555 1020 2622 {esse
1055 2554 1382 2625 principium
1430 2569 1444 2605 :
1480 2553 1863 2623 prophetarum
1907 2567 2005 2606 au-

433 2664 539 2704 tem
575 2648 796 2705 oracula
821 2663 888 2703 ex
918 2648 1232 2702 adversario
1263 2646 1460 2716 spiritu
1489 2644 1731 2714 proiecta
1764 2660 1888 2700 esse
1919 2645 2003 2699 di-

430 2743 527 2807 cit,
564 2740 790 2811 virginis
836 2738 1114 2809 cujusdam
1159 2738 1505 2792 daimoniacae
1551 2736 1771 2793 nomine
1815 2736 2002 2791 Pbilu-

431 2845 605 2887 meum
644 2831 918 2901 responsis
965 2829 1237 2883 inductus.
1277 2827 1381 2879 Alii
1437 2840 1606 2891 vero,
1661 2826 1888 2897 perinde
1939 2841 2003 2882 ac

433 2926 670 2979 Marcion
715 2926 848 2993 ipse,
887 2925 993 2975 duo
1038 2921 1299 2976 inducunt
1337 2919 1647 2995 principia,
1685 2919 1828 2974 inter
1865 2934 2003 2991 quos

431 3029 514 3073 est
537 3017 747 3072 Potitus
767 3027 823 3071 et
853 3015 1149 3070 Basilicus;
1172 3013 1239 3068 lli
1272 3028 1402 3084 ergo
1430 3012 1714 3068 Ponticum
1744 3012 1891 3067 illum
1921 3012 2002 3067 lu-

2108 1825 2199 1878 τὸν
2230 1825 2523 1879 διαστᾶσαν
2548 1827 2766 1895 ἱστορεῖ,
2799 1826 2928 1887 τοὺς
2957 1823 3056 1895 τὴν
3085 1824 3363 1877 διάστασιν
3380 1825 3691 1894 ὲμπεποιηυ

2109 1918 2273 1980 κότας
2341 1917 2694 1986 ἀναγράφων,
2727 1917 2810 1968 ἐπ’
2835 1914 3063 1986 ἀκριϐές
3085 1933 3145 1969 τε
3178 1914 3278 1980 τὰς
3307 1917 3439 1987 παρ’
3470 1915 3686 1984 ἑκάστῳ

2108 2010 2310 2064 τούτων
2334 2012 2579 2079 ὲπινενοη
2589 2009 2753 2080 μένας
2776 2008 3065 2079 διελέγχων
3084 2007 3454 2078 ψευδολογίας.
3487 2007 3687 2063 Ἀκουε

2107 2104 2151 2157 δ’
2179 2100 2271 2158 οὖν
2309 2105 2404 2157 καὶ
2436 2102 2602 2156 αὐτοῦ
2634 2103 2808 2157 ταῦτα
2838 2103 3141 2175 γράφοντος
3163 2120 3176 2132 ·
3219 2121 3239 2154 ι
3280 2103 3379 2157 Διά
3407 2102 3567 2156 τοῦτο
3593 2103 3689 2157 κα)⁸

2109 2197 2238 2266 παρ’
2273 2196 2490 2260 ἑαυτοῖς
2519 2194 2840 2266 ἀσύμφωνοι
2872 2194 3177 2262 γεγόνασιν,
3210 2193 3513 2247 ἀσυστάτου
3543 2191 3689 2262 γνὼ-

2113 2307 2221 2361 μης
2250 2287 2705 2357 ἀντιποιούμενοι.
2758 2284 2889 2338 Ἀπὸ
2937 2284 3045 2354 γὰρ
3090 2283 3189 2354 τῆς
3232 2282 3437 2337 τούτων
3485 2284 3691 2354 ἀγέλης

2121 2379 2384 2449 Ἀπελλῆς
2420 2379 2518 2450 μὲν
2555 2379 2584 2431 ὁ
2612 2380 2678 2449 τῇ
2725 2376 2973 2446 πολιτείᾳ
3018 2375 3415 2446 σεμνυνόμενος
3452 2370 3566 2446 (79)
3597 2375 3692 2429 xui.

2107 2469 2185 2541 τῷ
2217 2471 2384 2542 γήρᾳ,
2424 2470 2552 2541 μίαν
2592 2467 2766 2540 ἀρχὴν
2806 2466 3076 2537 ὁμολογεῖ,
3107 2464 3206 2530 τὰς
3251 2464 3308 2518 δὲ
3352 2464 3694 2536 προφητείας

2108 2561 2168 2627 ἐξ
2211 2559 2582 2632 ἀντικειμένου
2616 2559 2765 2627 λέγει
2806 2557 3135 2628 πνεύματος,
3187 2555 3507 2625 πειθόμενος
3551 2556 3691 2609 ἁπο-

2110 2651 2384 2722 φθέγμασι
2420 2649 2689 2722 παρθένου
2724 2647 3086 2717 δαιμονώσης,
3131 2646 3300 2717 ὄνομα
3332 2646 3689 2717 Φιλουμένης.

2111 2743 2327 2816 Ἕτεροι
2353 2743 2429 2808 δὲ,
2456 2741 2639 2806 καθὼς
2671 2742 2766 2796 καὶ
2791 2740 2953 2805 αὐτὸς
2980 2742 3008 2793 ὁ
3033 2738 3233 2810 ναύτης
3261 2738 3541 2817 Μαρκίων,
3558 2737 3689 2809 (80),

2107 2834 2198 2888 δύο
2229 2835 2402 2908 ἀρχὰς
2433 2835 2797 2906 εἰσηγοῦνταιο
2827 2836 2920 2904 ἀφ’
2946 2826 3021 2886 ὧν
3066 2834 3170 2886 εἰσι
3212 2832 3448 2904 Πότιμός
3486 2831 3598 2904 (8|)
3629 2848 3692 2885 τε

2107 2929 2200 2981 καὶ
2231 2928 2538 2993 Βασιλικὸς.
2574 2928 2683 2982 Καὶ
2712 2919 2857 2981 οὗτοι
2894 2926 2990 2998 μὲν
3021 2922 3592 2996 κατακολουθήσαντες
3613 2924 3694 2993 τῷ

2108 3020 2354 3092 Ποντικῷ
2380 3020 2545 3091 λύκῳ,
2568 3020 2662 3073 καὶ
2699 3020 2772 3092 μὴ
2802 3018 3147 3091 εὑρίσκοντες
3174 3017 3271 3088 τὴν
3297 3015 3559 3088 διαίρεσιν
3582 3014 3688 3068 τῶν

433 3126 558 3179 pum
609 3109 821 3175 secuti,
866 3122 991 3162 cum
1038 3105 1360 3161 divisionem
1408 3121 1587 3159 rerum
1632 3121 1787 3175 aeque
1820 3121 1884 3160 ac
1914 3105 2004 3162 ille

2111 3110 2484 3182 πραγμάτων,
2522 3110 2598 3174 ὡς
2651 3110 2771 3162 οὐδὲ
2825 3110 3050 3174 ἐκεῖνος,
3107 3107 3198 3160 ἐπὶ
3248 3105 3346 3177 τὴν
3408 3105 3688 3177 εὐχέρειαν

431 3204 671 3272 reperire
711 3217 815 3257 non
846 3210 1096 3270 possent,
1141 3199 1207 3252 ad
1248 3198 1612 3253 temeritatem
1642 3196 1998 3263 deﬂexerunt,

431 3305 487 3349 et
510 3296 615 3350 duo
641 3309 823 3349 rerum
850 3292 1118 3363 principia
1154 3292 1295 3348 nude
1328 3298 1384 3345 et
1412 3290 1616 3359 absque
1644 3290 1750 3344 ulla
1783 3292 2004 3346 demon-

432 3388 700 3442 stratione
720 3384 1166 3457 pronuntiarunt.
1194 3382 1296 3436 Alii
1325 3398 1516 3445 rursus
1542 3382 1608 3437 ab
1638 3382 1724 3437 liis
1749 3391 2001 3453 tanquam
2031 3375 2037 3383 ’

436 3486 758 3546 tempestate
800 3478 853 3529 in
899 3474 1051 3543 pejus
1087 3476 1317 3544 abrepti,
1351 3489 1456 3528 non
1503 3474 1636 3528 duas
1681 3473 1872 3538 solum,
1909 3476 2003 3531 sed

438 3580 546 3623 tres
584 3576 808 3622 naturas
846 3574 1145 3637 posuerunt
1186 3584 1200 3620 :
1231 3580 1486 3635 quorum,
1514 3574 1574 3619 ut
1610 3564 1907 3635 disciplinae
1941 3568 2004 3623 il-

434 3838 1117 3909 episcoporummsnorum
1174 3831 1575 3909 successionem
1646 3831 1699 3885 in
1766 3830 2007 3909 arcbivis

437 3903 766 3964 reconditam
796 3904 1209 3976 diligentissime
1232 3903 1546 3976 servabant,
1557 3916 1757 3976 _eorum
1785 3903 2004 3976 nomina

432 3990 490 4035 et
530 3978 712 4035 obitus
759 3971 920 4030 diem'
943 3977 995 4026 in
1045 3973 1316 4042 diptychis
1345 3973 1764 4042 perscribentes.
1809 3971 2007 4040 llujus-

437 4049 578 4103 modi
626 4048 793 4100 libros
828 4053 1081 4098 accurate
1135 4041 1450 4095 excusserat
1485 4041 1747 4095 Eusebius
1796 4052 2015 4100 nosteru

434 4119 591 4173 sicuti
615 4132 680 4171 ex
703 4116 806 4170 hoc
827 4117 943 4167 loco
975 4121 1233 4181 apparet:
1255 4113 1344 4179 qui
1376 4111 1766 4183 praecipitarunt
1796 4113 2004 4183 sellium

433 4190 717 4257 episcopos
749 4200 853 4257 non
889 4180 1102 4257 aliunde
1135 4196 1296 4250 quam
1345 4196 1429 4257 ex_
1459 4180 1760 4257 liujusmodi
1810 4181 2008 4234 tabulis

440 4251 713 4326 digessitr
764 4253 1134 4326 Quamobrem
1196 4251 1578 4326 successiones
1624 4251 2003 4320 episcoporum

435 4320 621 4398 qu'tein
647 4324 963 4398 Historiaet
989 4325 1039 4373 in
1071 4320 1331 4375 Chronico
1362 4320 1580 4398 Eusebii
1618 4331 1998 4398 recensentur.

438 4391 659 4451 maximi
685 4394 948 4449 facienda:
970 4402 1116 4454 sunt,
1142 4400 1326 4460 utpote
1355 4392 1594 4445 omnium
1623 4391 2005 4445 vetustissima:

437 4485 501 4522 ac
530 4468 867 4521 certissinne.

507 4535 619 4607 (78)
649 4533 761 4607 Καὶ
787 4531 1109 4607 Οὐάλεντα.
1151 4530 1292 4585 Ante
1334 4533 1474 4607 hunc
1504 4528 1796 4607 Yalenteni
1811 4529 2005 4584 desunt

436 4599 656 4662 nomina
692 4606 918 4659 duorum
964 4606 1358 4671 episcoporum,
1405 4599 1621 4671 Maximi
1680 4600 1903 4671 scilicet
1949 4609 2006 4654 et

435 4677 717 4736 Antonini.
750 4691 870 4745 quae
901 4670 1773 4745 peruegligentiaurlibrariorum
1801 4670 2001 4745 omissa

437 4758 580 4803 sunt.
623 4739 915 4800 Νίκιιέιωί
952 4739 1213 4797 Eusebius
1254 4740 1565 4795 Narcissum
1605 4739 2005 4809 Hierosolymo-

441 4834 558 4872 rum
587 4820 895 4886 episcopum
937 4812 1474 4886 quintiinrdecimum
1508 4823 1538 4861 a
1576 4808 1779 4886 Marco,
1810 4808 1863 4863 et
1902 4812 2003 4886 tri--

439 4879 697 4943 cesimum
742 4879 810 4939 ab
861 4879 1116 4954 apostolis
1148 4880 1335 4954 fuisse
1388 4879 1635 4939 allirmet,
1682 4879 2003 4954 idemnino

442 4970 594 5013 stare
622 4972 727 5010 nou
761 4949 960 5023 potest,
996 4953 1097 5006 nisi
1127 4953 1260 5005 duos
1284 4951 1371 5004 hic
1394 4953 1680 5023 episcopos
1706 4949 1999 5023 addideris.

443 5031 603 5081 (terte
636 5020 894 5080 Eusebius
940 5025 991 5075 in
1025 5023 1306 5085 Chronico,
1334 5030 1477 5089 post
1509 5020 1821 5088 Capitonem
1851 5020 1999 5072 vice-

443 5100 583 5150 simo
608 5104 763 5149 sexto
797 5093 864 5145 ab
882 5094 1139 5161 apostolis
1173 5094 1290 5144 loco
1335 5099 1583 5161 recenset
1616 5089 1902 5161 Maximum
1934 5103 1998 5161 ac

440 5168 634 5220 deinde
688 5157 1056 5217 Antoninum:
1094 5160 1367 5230 posthaec
1402 5157 1681 5230 Valentem
1739 5173 1805 5230 a_c_
1861 5158 2000 5230 Duli-

437 5236 714 5299 chianuut,
773 5243 882 5287 tum
937 5228 1133 5285 deinde
1192 5231 1522 5284 Narcissum.
1574 5229 1707 5283 Cum
1767 5228 2029 5299 Eusebio.

438 5298 785 5361 consentiunt
813 5302 1076 5371 Georgius
1100 5301 1380 5371 Syncellus
1410 5312 1465 5353 et
1509 5300 1865 5365 Nicepliorus,
1899 5298 1999 5350 nisi

437 5378 578 5445 quod
613 5381 751 5430 inter
777 5372 1049 5428 lulianum
1087 5373 1492 5445 et_(japit_onem
1539 5371 1745 5423 Ilcliaui
1798 5382 2000 5445 quem-

439 5440 558 5501 dam
589 5449 945 5503 interserunt,
968 5458 1125 5511 quem
1151 5440 1417 5494 Eusebius
1453 5456 1555 5493 non
1592 5440 1853 5511 agnoscit.

512 5519 621 5588 (79)
684 5509 1040 5578 Ἀπελλῆς-ό
1073 5511 1173 5588 ,τῇ
1224 5511 1494 5588 πολιτείᾳ
1536 5509 2000 5588 σεμνυνόμενος.

439 5584 665 5642 Rutilius
695 5590 873 5648 \‘cl‘ltl,
901 5587 988 5653 qui
1030 5585 1357 5635 abstinentia:
1388 5593 1436 5653 et
1482 5584 1775 5653 senectutis
1796 5593 1999 5653 prteru-

435 5663 605 5728 gnlira
640 5676 786 5719 usus,
817 5650 922 5709 etc.
956 5655 1140 5728 Recte.
1170 5655 1301 5728 Nam
1336 5651 1580 5728 πολιτεία
1605 5650 1923 5728 simpliciter
1946 5654 2001 5698 et

435 5719 680 5783 ansnlutc
735 5728 857 5798 poni
893 5727 1031 5781 solet
1085 5739 1183 5794 pro
1230 5723 1561 5777 abstinentia
1613 5731 1667 5775 et
1719 5719 1998 5775 strictiore

2110 3203 2427 3275 ἐτράποντο,
2479 3203 2574 3257 καὶ
2619 3201 2713 3256 δύο
2763 3201 2938 3273 ἀρχὰς
2978 3201 3326 3271 ἀπεφήναντο
3371 3197 3546 3267 ψιλῶς
3596 3198 3690 3251 καὶ

2109 3297 2535 3360 ἀναποδείκτως.
2588 3297 2769 3350 Ἀλλοι
2815 3295 2872 3348 δὲ
2919 3294 3080 3348 πάλιν
3132 3293 3226 3347 ἀπ’
3281 3291 3460 3346 αὐτῶν
3493 3291 3586 3344 ἐπὶ
3629 3290 3690 3343 τὸ

2109 3390 2290 3461 χεῖρον
2343 3386 2729 3454 ἐξοκείλαντες,
2769 3388 2829 3440 οὐ
2875 3385 3032 3457 μόνον
3075 3384 3188 3449 δύο,
3239 3382 3373 3438 ἀλλά
3406 3384 3501 3437 καὶ
3542 3383 3691 3454 τρεῖς

2110 3477 2451 3532 ὑποτίθενται
2498 3478 2706 3548 φύσεις,
2749 3470 2823 3530 ὧν
2853 3476 3001 3531 ἐστιν
3034 3475 3277 3548 ἀρχηγὸς
3318 3475 3412 3528 καὶ
3453 3472 3692 3546 προστά-

2109 3589 2209 3644 της
2237 3570 2502 3641 Σύνερως,
2549 3567 2731 3632 καθὼς
2772 3568 2821 3622 οἱ
2861 3566 2922 3621 τὺ
2960 3565 3298 3621 διδασκάλων
3346 3564 3517 3618 αὐτοῦ
3557 3581 3691 3636 προ-

2086 3828 2347 3899 quadam
2381 3823 2703 3899 disciplina.
2733 3822 2833 3899 “Ita
2882 3820 3134 3899 Clemens
3180 3815 3583 3899 Alexandrinus
3624 3815 3686 3869 in

2112 3885 2341 3954 exordio
2380 3896 2500 3948 libri
2538 3885 2694 3963 primi
2726 3890 2981 3963 Stromat.
3026 3890 3108 3943 bis
3135 3896 3382 3963 usurpat.
3423 3885 3551 3963 _Sed
3577 3900 3684 3963 _non

2110 3971 2268 4024 video
2296 3955 2810 4037 quomodoApelles
2847 3962 3056 4037 jactare
3081 3973 3138 4013 se
3177 3958 3251 4037 ob
3290 3955 3681 4037 continentiam

2111 4025 2365 4110 potuerit,
2384 4036 2474 4106 qui
2495 4050 2528 4110 _a
2552 4025 2825 4095 Marcione
2847 4025 2921 4084 ob
2944 4025 3690 4110 stuprumfjectus,Alesiam-

2110 4095 2283 4163 ilriam
2310 4095 2554 4167 seciessit,
2590 4111 2649 4155 ut
2690 4111 2881 4156 auctor
2910 4110 2994 4154 est
3020 4095 3387 4152 Tertulliauus
3440 4095 3493 4146 in
3546 4095 3685 4147 libru

2073 4177 2187 4233 'De
2240 4173 2748 4246 prwscriptionibus.
2802 4170 3077 4246 _Quoeirea
3128 4168 3419 4246 viden-dum
3463 4179 3532 4217 ne
3582 4178 3685 4216 vox

2111 4236 2352 4303 πολιτεία
2383 4236 2486 4300 hoc
2517 4246 2637 4299 loco
2668 4242 2815 4294 aliud
2842 4236 3125 4309 quidpiam
3146 4236 3465 4309 signiﬁcet,
3498 4242 3683 4309 et_pro

2110 4321 2459 4373 decurionatu
2502 4325 2768 4369 sumatur.
2800 4303 2935 4363 Nam
2972 4303 3294 4363 decuriones
3333 4303 3689 4373 πολιτευόμε-

2109 4405 2191 4442 νοι
2225 4404 2318 4444 seu
2359 4383 2669 4439 πολιτευταί
2716 4382 3039 4435 dicebautur
3067 4392 3096 4430 a
3128 4376 3357 4439 Graecis,
3415 4385 3469 4426 ut
3520 4373 3686 4444 pluri-

2037 4455 2081 4506 Ι)
2111 4459 2212 4513 bus
2234 4442 2428 4511 notavi
2473 4457 2539 4508 ad
2580 4455 2760 4506 Amm.
2821 4448 3218 4502 Marcellinum.
3280 4445 3471 4498 Posset
3514 4442 3681 4497 etiam

2107 4531 2230 4597 (luis
2258 4521 2921 4597 suspiCari__scribcndum
2942 4520 3078 4597 ‘bic_
3103 4532 3223 4571 esse
3251 4518 3322 4597 τῇ
3355 4513 3516 4597 πελιᾷ
3548 4528 3679 4583 σεμο

2105 4585 2199 4652 καὶ
2222 4598 2301 4668 τῷ
2331 4585 2495 4668 γήρᾳ.
2526 4593 2873 4668 ίΝειηι-ιεεηεκ
2928 4587 3143 4668 Apelles
3176 4585 3334 4668 uulgo
3381 4585 3683 4664 dicebatur.

2107 4669 2200 4723 Sic
2234 4653 2357 4723 eum
2389 4653 2637 4719 nominat
2667 4662 2895 4715 lihudou
2928 4653 3100 4722 in'l‘ra,
3139 4665 3193 4710 et
3235 4656 3600 4724 Hieronymus
3634 4653 3686 4705 in

2106 4739 2387 4806 Catalogo.
2423 4733 2903 4806 Conﬁrntabbanc
2927 4728 3366 4806 emendationem
3416 4723 3687 4777 Eusebius

2105 4811 2159 4862 in
2192 4795 2390 4868 ΙίΙ).”νι,
2421 4819 2540 4873 cap.
2573 4803 2664 4867 '59,
2695 4802 2785 4854 ubi
2817 4799 2885 4873 de
2917 4798 3227 4873 Alegandro
3261 4795 3543 4873 episeopo:

2178 4878 2288 4952 (80)
2341 4861 2393 4928 ’ό
2424 4861 2974 4952 νάύτης’λίίαρκίιιτιν·Ἰ
3028 4866 3151 4921 Ηςυο
3190 4861 3687 4952 οειὲοξίἰεξὶεβιξείἰ

2106 4932 2289 5009 ιειῖιίοί
2344 4961 2505 5014 quam
2557 4932 2842 5014 conﬁrmat
2900 4933 3543 5014 interpretatio_iiuli-ni.
3592 4932 3683 5014 §ic

2106 5020 2248 5073 enim
2282 5003 2374 5071 iu;
2402 5036 2414 5069 :
2447 5015 2551 5067 Alii
2577 5022 2775 5073 autem,
2797 5011 2930 5061 sicut
2955 5003 3062 5073 ipse
3083 5023 3245 5060 nauta
3293 5003 3556 5068 Marcion,
3582 5003 3686 5053 duo

2108 5105 2216 5143 esse
2251 5088 2510 5154 principia
2562 5084 2920 5154 introducunt.
2990 5073 3591 5154 Certe__Tertullianus
3629 5073 3682 5152 in

2106 5142 2261 5211 libro.
2274 5157 2348 5210 De
2369 5142 2877 5225 praescriptionibus,
2896 5156 3126 5225 testatur
3158 5146 3490 5225 Mari-iuueni
3518 5142 3681 5221 initio

2107 5213 2498 5281 naviculariqu
2563 5213 2748 5275 fuisse.
2812 5217 2913 5270 Ubi
2969 5228 3117 5278 tunc,
3180 5216 3382 5282 inquit,
3438 5213 3685 5282 Marcion

2107 5298 2361 5351 Ponticus
2408 5295 2708 5352 nauclerus.
2758 5289 2952 5344 Stoicm
2980 5281 3302 5340 studiosus?
3340 5283 3393 5336 In
3457 5281 3687 5350 reliquis

2110 5380 2290 5422 tanien
2326 5364 2750 5433 exemplaribus,
2795 5359 2954 5433 Μαι..
3014 5356 3151 5433 Meti.
3198 5365 3252 5409 et
3293 5353 3526 5433 Fuketii,
3586 5366 3688 5405 nec

2108 5454 2212 5492 nun
2246 5440 2385 5505 apud
2411 5422 2797 5505 Nictstilrortiiii,
2827 5431 3025 5505 desunt
3053 5429 3316 5505 limjoces
3336 5422 3613 5505 optimc:

2176 5493 2292 5577 (81)¹
2313 5493 2575 5577 (Idaque.
2597 5503 2706 5564 Sic,
2722 5499 2927 5577 rectius
2951 5511 3114 5577 quam
3135 5496 3392 5577 Ili-istaec,
3423 5496 3471 5577 in
3498 5493 3686 5549 codice

2105 5564 2453 5640 lilaz.,'Med.,
2472 5564 2607 5629 Fuit.
2626 5584 2679 5625 et
2703 5564 2997 5640 Saviliano.
3018 5565 3093 5618 lta
3121 5569 3261 5621 enim
3290 5564 3683 5640 ilflteutioretus,

2105 5649 2159 5702 in
2193 5634 2330 5701 libro
2373 5663 2387 5699 ι
2427 5634 2808 5700 ereticarum
2852 5638 3175 5707 fabularum,
3208 5645 3262 5691 et
3293 5634 3519 5688 Ruﬁnus
3556 5648 3681 5687 eum

2104 5720 2401 5789 nominaut.
