4012 6256
380 291 472 350 ιω

1452 291 1802 348 HlSTOR-le
1847 294 2401 352 ECCLESIASTICIE
2442 295 2569 352 LIB.
2610 293 2675 352 γ.

3539 302 3644 356 461’.

385 407 712 480 ϐαλλόμενοι
745 409 986 478 λέγουσι.
1023 429 1042 461 ι
1084 409 1287 480 Γράφει
1322 410 1379 463 δὲ
1412 413 1440 463 6
1471 413 1632 476 αὐτὸς
1663 413 1739 476 ὼς
1772 414 1867 467 καὶ
1899 417 1941 467 εί

2050 470 2052 475 _
2084 416 2188 472 lius
2214 425 2512 471 sectatores
2545 424 2868 480 memorant,
2895 417 3153 486 princeps
3179 425 3234 470 et
3257 415 3644 486 antesignanus

375 502 573 572 ⁸λόγους
619 501 876 572 ἐληλύθοι
907 501 1273 574 τῷ-Ἀπελλῇ,
1319 504 1541 570 φάσκων
1567 503 1773 568 οὕτως·
1832 525 1849 555 ι
1911 507 1970 556 Ὀ

388 595 493 666 γὰρ
525 593 706 666 γέρων
754 595 1019 663 Ἀπελλῆς
1051 594 1324 664 συμμίξας
1357 596 1508 664 ἡμῖν,
1539 596 1708 650 πολλὰ
1735 599 1830 667 μὲν
1873 614 1968 649 κα-

387 686 498 750 κῶς
528 687 708 755 λέγων
739 686 980 758 ἠλέγχθη
1001 703 1014 716 '
1044 687 1163 739 ὅθεν
1203 687 1296 739 καὶ
1334 687 1538 756 ἔφασκε
1579 689 1653 760 μὴ
1699 691 1809 742 δεῖν
1833 690 1967 752 ὅλως

389 779 662 845 ἐξετάζειν
698 781 790 834 τὸν
826 779 999 849 λόγον,
1035 779 1148 832 ἀλλ’
1187 780 1450 844 ἕκαστον,
1490 782 1566 845 ὡς
1611 785 1962 848 πεπίστευκε,

386 870 677 940 διαμένειν.
720 871 1068 943 Σωθήσεσθαι
1115 871 1224 942 γὰρ
1256 874 1382 935 τοὺς
1419 874 1513 926 ἐπὶ
1558 873 1650 928 τὸν
1691 875 1966 948 ἐσταυρω-

391 963 552 1032 μένον
599 962 902 1032 ἠλπικότας
945 963 1293 1032 ἀπεφαίνετο,
1344 965 1503 1034 μόνον
1533 965 1628 1018 ἐὰν
1681 968 1738 1019 ὲν
1783 967 1965 1038 ἔργοις

385 1055 608 1124 ἀγαθοῖς
634 1055 1015 1127 εύρίσκωνται.
1041 1057 1113 1108 Τὸ
1136 1057 1191 1108 δὲ
1213 1057 1428 1110 πάντων
1457 1057 1828 1126 ἁσαφέστατον
1851 1059 1961 1129 (82)

385 1147 772 1218 ἑδογματίζετο
815 1147 963 1217 αύτῷ
1008 1148 1257 1218 πρᾶγμα,
1307 1147 1488 1212 καθὼς
1529 1151 1960 1220 προειρήκαμεν,

385 1241 446 1291 τὸ
481 1240 611 1310 περὶ
649 1240 743 1293 τοῦ
792 1239 948 1293 Θεοῦ.
984 1240 1173 1309 Ἔλεγε
1212 1242 1319 1312 γάρ
1370 1242 1497 1312 μίαν
1546 1241 1741 1312 ἀρχὴν,
1781 1239 1962 1304 καθὼς

383 1333 481 1384 καὶ
520 1333 548 1384 6
583 1332 850 1403 ἡμέτερος
879 1333 1054 1401 λόγος.
1110 1353 1128 1385 ι
1164 1329 1296 1386 Εἶτα
1328 1333 1549 1404 προθεὶς
1584 1333 1748 1386 αὐτοῦ
1780 1334 1960 1386 πᾶσαν

380 1423 482 1494 τὴν
511 1423 688 1488 δόξαν,
721 1425 994 1496 ,ἐπιφέρει
1051 1425 1305 1494 φάσκων·
1359 1445 1377 1475 ι
1432 1427 1695 1492 Λέγοντος
1743 1425 1799 1477 δέ
1859 1443 1995 1497 μου.

381 1513 519 1584 πρὸς
547 1513 731 1577 αὐτὸν,
766 1514 941 1566 Πόθεν
975 1513 1300 1585 ήὰπόδειξις
1341 1515 1479 1586 αὕτη
1517 1533 1618 1580 σοι,
1647 1516 1679 1587 ἣ
1712 1516 1829 1579 πῶς
1870 1516 1960 1569 δύ-

379 1621 541 1656 νασαι
585 1603 764 1672 λέγειν
811 1605 939 1675 μίαν
987 1606 1180 1677 ἀρχὴν,
1234 1607 1441 1678 φράσον
1491 1610 1650 1678 ⁴ἡμῖν·
1698 1608 1823 1678 ἔφη,
1861 1607 1958 1672 τὰς

382 1693 482 1762 μὲν
519 1694 855 1764 προφητείας
888 1693 1086 1759 ἑαυτὰς
1113 1695 1380 1766 ἐλέγχειν,
1424 1697 1512 1750 διὰ
1542 1699 1601 1751 τὸ
1634 1700 1798 1769 μηδὲν
1822 1698 1958 1761 ὅλως

2079 508 2178 561 fuit
2207 508 2470 578 Syneros-
2519 526 2538 557 ι
2579 506 2722 560 ldem
2765 506 2989 560 Rhodon
3032 523 3091 561 se
3119 521 3240 560 cum
3271 507 3456 575 Apelle
3481 507 3648 562 collo-

2075 611 2258 653 cutum
2321 613 2444 654 esse
2501 600 2694 654 scribit
2744 600 2828 652 his
2881 601 3064 652 verbis
3119 617 3132 652 :
3192 617 3211 649 ι
3276 599 3451 652 Senex
3497 599 3643 654 enim

2075 692 2319 760 Apelles,
2371 691 2579 759 inquit,
2624 691 2758 744 inito
2806 689 3083 744 nobiscum
3135 690 3434 758 colloquio,
3478 690 3640 743 tnulta

2074 782 2287 851 quidem
2313 796 2591 850 perperam
2618 782 2796 835 dicere
2819 781 3096 834 convictus
3139 761 3242 832 est.
3280 778 3642 844 Quamobrem

2072 876 2235 928 etiam
2269 873 2545 927 asserebat
2587 887 2689 926 non
2728 886 2848 925 esse
2886 871 3108 924 omnino
3137 870 3550 923 examinandam
3585 871 3644 921 li-

2073 968 2215 1033 dem,
2248 965 2345 1020 sed
2370 978 2816 1033 unumquemque
2855 964 2907 1016 in
2937 978 3001 1017 eo
3034 964 3176 1032 quod
3210 962 3376 1018 semel
3400 961 3644 1016 imbibis-

2070 1067 2183 1123 set,
2228 1069 2473 1126 perstare
2499 1065 2772 1124 oportere.
2807 1055 3018 1124 Quippe
3048 1069 3140 1109 eos
3166 1055 3258 1124 qui
3292 1053 3346 1107 in
3369 1053 3642 1108 Cruciftxo

2069 1170 2218 1224 spem
2257 1168 2408 1208 suam
2440 1152 2816 1216 collocassent,
2851 1151 3149 1204 servandos
3172 1163 3294 1204 esse
3316 1147 3639 1210 afﬁrmabat,

2069 1244 2361 1297 dummodo
2421 1242 2472 1295 in
2542 1241 2698 1296 honis
2756 1237 3014 1308 operibus
3075 1226 3638 1305 deprehenderentur.

2067 1333 2201 1387 Rem
2239 1347 2367 1385 vero
2402 1330 2642 1384 omnium
2683 1327 3125 1383 obscurissimam
3171 1339 3290 1380 esse
3333 1325 3638 1386 statuebat,

2069 1436 2127 1479 ut
2154 1425 2426 1487 diximus,
2474 1424 2828 1491 quastionem
2873 1421 2936 1473 de
2979 1417 3107 1472 Deo.
3155 1417 3334 1472 Unum
3372 1417 3637 1486 siquidem

2066 1506 2396 1586 principium
2433 1530 2552 1569 esse
2579 1515 2794 1568 dicebat
2844 1513 2986 1566 sicut
3010 1523 3062 1564 et
3097 1522 3282 1564 nostra
3326 1509 3516 1578 religio
3543 1509 3640 1561 do-

2066 1617 2203 1662 cet.»
2240 1607 2502 1662 Universa
2535 1603 2729 1658 deinde
2755 1602 2869 1669 ejus
2897 1601 3142 1652 doctrina
3176 1600 3227 1652 in
3257 1597 3490 1652 medium
3514 1610 3638 1664 pro-

2065 1698 2195 1763 lata,
2227 1698 2342 1751 htec
2387 1693 2666 1762 subjungit
2707 1708 2722 1746 :
2773 1710 2791 1741 ι
2846 1691 2977 1746 Cum
3025 1673 3154 1744 vero
3197 1690 3301 1758 ipsi
3350 1690 3633 1743 dicerem:

377 1781 582 1852 ἀληθὲς
621 1785 923 1866 εἰρηκέναι.
985 1785 1326 1856 ’Λσύμφωνοι
1367 1788 1473 1859 γὰρ
1525 1790 1827 1860 ὑπάρχουσι
1866 1792 1941 1844 κα⁴

2063 1790 2216 1846 Unde
2249 1789 2362 1842 haec
2392 1788 2487 1841 tibi
2521 1785 2913 1841 demonstratio
2940 1826 2954 1849 ,
2993 1793 3087 1836 aut
3118 1797 3226 1852 qua
3261 1782 3472 1836 ratione
3494 1779 3637 1833 allir—

376 1873 613 1940 ψευδεῖς,
651 1876 743 1928 καὶ
788 1879 1008 1942 ἑαυταῖς
1049 1880 1441 1950 ἀντικείμεναι.
1478 1882 1549 1934 Τὸ
1591 1883 1646 1934 δὲ
1681 1882 1797 1946 πῶς
1840 1886 1954 1936 ἐστι

380 1964 481 2033 μία
514 1965 676 2037 ἀρχὴ,
717 1967 791 2039 μὴ
827 1968 1116 2037 γινώσκειν
1158 1971 1364 2042 ἔλεγεν,
1412 1972 1553 2026 οὕτω
1590 1973 1645 2026 δὲ
1690 1975 1954 2028 κινεῖσθαι

377 2055 561 2123 μόνον.
584 2054 694 2110 Εἶτ’
717 2060 1132 2131 ὲπομοσαμένου
1162 2080 1261 2134 μου
1283 2063 1510 2136 τάληθὲς
1527 2066 1720 2129 εἰπεῖν,
1743 2064 1953 2136 ὤμνυεν

373 2144 652 2216 ἀληθεύων
687 2147 886 2217 λέγειν,
921 2151 993 2222 μὴ
1032 2153 1354 2207 ἐπίστασθαι
1384 2154 1493 2224 (85)
1529 2153 1645 2217 πῶς
1681 2151 1762 2218 εἷς
1801 2157 1952 2208 ἐστιν

373 2237 668 2308 ἁγέννητος
702 2241 853 2305 Θεὸς,
890 2241 1047 2295 τοῦτο
1077 2243 1132 2295 δὲ
1174 2245 1469 2299 πιστεύειν.
1517 2243 1656 2313 Ἐγὼ
1699 2246 1755 2299 δὲ
1787 2248 1949 2315 γελά-

374 2344 493 2393 σας,
530 2331 808 2399 κατέγνων
845 2331 1030 2398 αύτοῦ,
1071 2333 1201 2387 διότι
1234 2336 1553 2400 διδάσκαλος
1585 2334 1720 2391 εἶναι
1754 2339 1947 2408 λέγων,

370 2421 472 2473 οὑκ
502 2422 618 2491 ᾔδει
642 2423 702 2476 τὸ
725 2425 1105 2497 διδασκόμενον
1138 2430 1229 2481 ὑπ’
1258 2428 1422 2482 αὑτοῦ
1451 2430 1756 2501 κρατύνειν.
1798 2451 1816 2483 ›
1863 2433 1949 2487 Ἐν

367 2511 449 2580 τῷ
479 2513 628 2584 αὐτῷ
661 2515 717 2568 δὲ
753 2519 1146 2588 συγγράμματι
1189 2519 1547 2572 Καλλιστίωνι
1591 2521 1946 2591 προσφωνῶν,

369 2607 397 2656 6
427 2605 589 2669 αὐτὸς
622 2608 1065 2678 μεμαθητεῦσθαι
1093 2612 1184 2664 ἐπὶ
1227 2610 1444 2682 Ῥώμης
1479 2613 1728 2682 Τατιανῷ
1760 2613 1948 2665 ἑαυτὸν

367 2697 640 2768 ὁμολογεῖ.
675 2699 810 2770 Φησὶ
832 2700 888 2753 δὲ
915 2702 1008 2754 καὶ
1035 2701 1399 2754 ἐσπουδάσθαι
1430 2701 1508 2772 τῷ
1539 2701 1788 2772 Τατιανῷ
1815 2719 1948 2773 προ-

368 2789 660 2860 ϐλημάτων
696 2791 896 2861 βιϐλίον
916 2807 928 2822 ³
957 2794 1022 2846 δι’
1053 2788 1126 2847 ὧν
1159 2795 1218 2848 τὸ
1245 2795 1452 2865 ἀσαφὲς
1483 2796 1577 2850 καὶ
1611 2797 1948 2869 ἐπικεκρυμ-

369 2879 527 2946 μένον
560 2879 668 2933 τῶν
701 2881 860 2936 θείων
894 2885 934 2936 Γ
937 2885 1124 2956 ραφῶν
1161 2889 1534 2958 παραστήσειν
1569 2889 1943 2960 ὑποσχομένου

365 2969 458 3021 τοῦ
493 2972 779 3037 Τατιανοῦ,
812 2975 974 3039 αὐτὸς
1010 2977 1038 3028 ό
1081 2977 1277 3029 Ῥόδων
1304 2981 1360 3031 ὲν
1399 2979 1512 3049 ἰδίῳ
1551 2980 1943 3051 συγγράμματι

363 3063 464 3124 τὰς
492 3063 602 3114 τῶν
641 3065 849 3118 ἐκείνου
881 3067 1280 3140 προϐλημάτων
1311 3069 1585 3133 ὲπιλύσεις
1614 3071 1943 3142 ὲκθήσεσθαι

2059 1896 2210 1935 mare
2249 1890 2403 1950 potes
2452 1892 2612 1931 unum
2652 1877 2816 1947 178
2855 1892 2976 1930 esse
3016 1873 3374 1944 principium?
3406 1873 3503 1927 Dic
3538 1888 3636 1926 no-

2056 1972 2141 2025 bis
2183 1969 2230 2024 si
2281 1969 2478 2039 placet.
2527 1970 2664 2024 Tum
2717 1970 2808 2022 ille
2860 1968 3182 2038 respondit;
3213 1965 3528 2034 Prophetias
3569 1977 3636 2017 eo

2055 2066 2200 2135 quod
2244 2063 2377 2138 nihil
2423 2062 2647 2117 omnino
2689 2061 2804 2114 veri
2840 2061 3060 2127 dicant,
3105 2059 3314 2128 seipsas
3358 2056 3630 2112 refellere.

2055 2160 2190 2215 Sunt
2225 2161 2395 2223 enim,
2420 2157 2618 2220 aiebat,
2657 2157 3000 2211 dissonantes
3034 2165 3087 2210 et
3118 2153 3265 2209 falsa:
3293 2169 3356 2207 ac
3387 2153 3633 2206 sibimet-

2052 2252 2187 2322 ipsis
2236 2251 2541 2304 contrariae.
2587 2247 2756 2300 Porro
2803 2262 2906 2318 qua
2957 2247 3166 2300 ratione
3231 2245 3451 2298 unicum
3486 2253 3631 2298 esset

2051 2343 2411 2412 principium,
2459 2356 2517 2394 se
2559 2341 2776 2406 quidem
2830 2338 3041 2391 nescire
3090 2335 3485 2404 profitebatur;
3535 2333 3630 2388 sed

2051 2443 2234 2487 tamen
2283 2433 2486 2486 moveri
2530 2440 2693 2499 atque
2733 2429 2934 2498 impelli
2988 2436 3046 2480 ut
3091 2427 3164 2479 ita
3213 2426 3461 2482 sentiret.
3503 2422 3631 2476 Post

2050 2523 2166 2577 haec
2193 2537 2314 2577 cum
2345 2536 2466 2575 eum
2495 2520 2850 2589 jurejurando
2880 2517 3206 2584 adegissent,
3247 2525 3305 2567 ut
3348 2530 3411 2569 ex
3458 2513 3624 2567 animi

2049 2615 2133 2670 sui
2171 2613 2442 2669 sententia
2471 2614 2806 2682 loqueretur,
2848 2609 3057 2677 juravit
3096 2624 3154 2665 se
3190 2623 3376 2663 verum
3416 2607 3626 2670 dicere,

2049 2719 2148 2760 nec
2183 2720 2242 2759 se
2266 2705 2492 2759 omnino
2528 2705 2667 2758 scire
2697 2718 2805 2773 qua
2842 2702 3052 2756 ratione
3081 2714 3222 2754 unus
3247 2708 3391 2753 esset
3419 2698 3630 2767 ingeni-

2049 2805 2135 2870 tus
2163 2797 2328 2862 Deus,
2357 2813 2417 2851 se
2441 2806 2619 2850 tamen
2655 2797 2726 2848 ita
2758 2794 3002 2848 credere.
3037 2793 3133 2847 llis
3161 2792 3364 2846 auditis
3391 2807 3493 2860 ego
3521 2791 3624 2845 lto-

2047 2891 2246 2946 minem
2280 2891 2532 2944 deridens
2570 2888 2934 2958 reprehendi,
2967 2886 3062 2955 qui
3097 2901 3218 2939 cum
3253 2900 3312 2940 se
3344 2885 3623 2938 doctorem

2046 2984 2419 3053 profiteretur,
2455 2982 2756 3036 doctrinam
2790 2996 2941 3033 suam
2970 2980 3269 3034 rationibus
3298 2978 3624 3033 confirmare

2048 3089 2156 3128 non
2192 3085 2389 3144 posset.
2434 3093 2451 3124 ι
2484 3075 2745 3128 Caeterum
2793 3072 2844 3124 in
2887 3074 3074 3126 eodem
3124 3071 3260 3125 libro
3298 3083 3456 3138 quem
3496 3069 3621 3123 Cal-

364 3152 777 3220 ὲπαγγέλλεται.
824 3156 1052 3227 Φέρεται
1110 3158 1166 3210 δὲ
1215 3157 1308 3210 τοῦ
1359 3159 1522 3211 αὑτοῦ
1572 3159 1664 3212 καὶ
1711 3164 1798 3223 εὶς
1829 3160 1941 3228 τὴν

2050 3143 2246 3220 listioni
2291 3165 2642 3234 nuncupavit,
2672 3164 2853 3218 Roma:
2903 3180 2933 3216 a
2976 3162 3205 3216 Tatiano
3244 3176 3302 3217 se
3343 3161 3620 3215 eruditum

375 3242 744 3313 Ἑξαήμερον
761 3247 1076 3318 ὑπόμνημα.
1108 3251 1166 3303 'U
1181 3251 1325 3318 γέτοι
1357 3251 1617 3322 Ἀπελλῆς
1642 3244 1817 3316 οὗτος,
1840 3269 1940 3322 μυ-

368 3336 456 3405 ρία
488 3338 630 3390 κατὰ
657 3340 750 3392 τοῦ
775 3342 1052 3406 Μωῦσέως
1087 3343 1324 3414 ἠσέϐησε
1349 3345 1534 3416 νόμου,
1564 3343 1653 3398 διὰ
1687 3344 1943 3398 πλειόνων
2002 3419 2004 3421 _

270 3463 274 3466 -
366 3434 810 3502 συγγραμμάτων
837 3435 962 3497 τοὺς
994 3435 1170 3500 θείους
1200 3436 1580 3510 βλασφημίσας
1612 3439 1825 3507 λόγους,
1863 3439 1944 3501 εἰς

365 3520 580 3592 ἕλεἠόν
614 3541 694 3588 τε,
737 3525 814 3589 ὥς
845 3543 909 3594 γε
950 3527 1012 3597 δὴ
1056 3528 1253 3592 ἐδόκει,
1297 3531 1390 3582 καὶ
1421 3530 1732 3613 ἀνατροπὴν
1762 3531 1942 3582 αὐτῶν

361 3615 419 3668 οὐ
447 3617 651 3687 μικρὰν
677 3621 1040 3690 πεποιημένος
1064 3621 1316 3693 σπουδήν.
1344 3621 1527 3675 Ταῦτα
1552 3622 1650 3692 μὲν
1685 3618 1778 3676 οὖν
1809 3624 1938 3694 περὶ

362 3723 586 3764 τουτων,

2045 3273 2165 3313 esse
2192 3268 2442 3311 testatur.
2488 3255 2679 3309 Refert
2717 3255 2880 3309 etiam
2921 3268 2949 3305 a
2990 3253 3620 3306 Tatianoelucubratum

2045 3365 2164 3404 esse
2197 3348 2556 3415 Qua’slionum
2591 3346 2809 3409 librum,
2841 3347 2892 3398 in
2924 3359 3031 3412 quo
3076 3359 3196 3397 cum
3231 3343 3492 3395 Tatianus
3523 3343 3620 3394 ob-

2044 3457 2233 3494 scuros
2287 3450 2450 3510 atque
2508 3441 2780 3493 involutos
2823 3453 2990 3492 sacrae
3031 3436 3327 3504 Scriptura:
3377 3433 3525 3488 locos
3561 3447 3619 3486 se

2043 3533 2416 3600 expositurum
2443 3545 2564 3585 esse
2593 3530 2955 3598 promisisset,
2983 3529 3096 3597 ipse
3123 3527 3350 3581 Rhodon
3393 3526 3619 3581 soluti:-

2043 3639 2138 3676 ncs
2179 3623 2540 3690 quaestionum
2583 3620 2793 3675 Tatiani
2841 3622 3101 3690 peculiari
3151 3635 3316 3687 opere
3344 3621 3616 3673 editurum

2041 3731 2100 3768 se
2120 3729 2240 3769 esse
2264 3714 2569 3783 profitetur.
2601 3715 2829 3768 Exstant
2859 3715 3024 3766 etiam
3054 3709 3296 3777 ejusdem
3329 3713 3381 3763 in
3411 3711 3618 3765 flexae-

362 3817 535 3853 meron
564 3800 964 3856 Commentarii.
997 3803 1102 3858 lste
1155 3819 1318 3873 porro
1369 3820 1529 3874 quem
1580 3805 1818 3859 diximus
1869 3803 2127 3874 Apelles,
2172 3805 2404 3875 plurima
2472 3805 2734 3858 adversus
2777 3804 2946 3872 legem
2989 3801 3281 3854 Mosaicam
3336 3804 3497 3870 impie
3533 3818 3616 3861 est,

362 3891 610 3955 locutus;
643 3891 939 3961 multisque
971 3894 1126 3948 libris
1178 3895 1713 3949 maledicentissimis
1744 3899 1961 3948 oracula
1997 3897 2176 3951 divina
2214 3898 2512 3950 insectatus
2541 3906 2647 3959 est,
2673 3896 2799 3950 dum
2837 3909 2899 3946 ea
2941 3891 3246 3954 confutare,
3300 3902 3354 3943 et
3406 3902 3462 3945 ut
3494 3897 3613 3962 qui-

367 3990 486 4040 dem
532 3988 634 4040 sibi
669 3987 989 4050 videbatur,
1024 3989 1240 4056 penitus
1264 3999 1534 4054 evertere,
1575 3991 1779 4059 ingenti
1821 3991 2002 4045 studio
2055 3991 2299 4046 molitur.
2332 3991 2531 4046 Verum
2567 3991 2635 4044 de
2666 3990 2753 4042 his
2787 3989 3069 4041 hactenus.

886 4083 1278 4135 ΚΕΦΑΛΑΙυΝ
1308 4085 1404 4136 ΙΔ’.
1435 4076 1442 4084 ’

497 4174 638 4242 Περὶ
667 4175 785 4227 τῶν
816 4176 966 4246 κατὰ
1009 4177 1242 4246 Φρύγας
1273 4175 1788 4245 ψευδοπροφητῶν

883 4245 1020 4317 (Nic.
1057 4245 1201 4304 [ΑΕ.
1235 4247 1438 4316 :v,20).

423 4338 735 4401 Μισὸκαλός
769 4355 830 4406 γε
863 4340 968 4409 μὴν
996 4341 1074 4402 είς
1097 4340 1163 4392 τὰ
1196 4339 1427 4410 μάλιστα
1453 4341 1548 4392 καὶ
1571 4339 1929 4411 φιλοπόνηρος

351 4429 424 4482 ὢν
444 4433 472 4483 6
505 4431 606 4501 τῆς
651 4431 976 4502 Ἐκκλησίας
1005 4432 1098 4484 τοῦ
1131 4430 1264 4483 Θεοῦ
1313 4431 1586 4503 πολέμιος,
1639 4432 1841 4504 μηδένα
1871 4450 1929 4484 τε

2622 4087 2849 4143 CAPUT
2891 4085 3030 4140 XIV.

2278 4181 2357 4234 De
2388 4180 2540 4249 falsis
2578 4181 2841 4249 prop/telis
2876 4179 3360 4248 Catapltrygarum.

2113 4337 2378 4392 Caeterum
2409 4337 2583 4391 hostis
2622 4336 2877 4390 Ecclesiae
2915 4337 3030 4402 Dei,
3056 4338 3147 4405 qui
3175 4353 3388 4407 semper
3420 4336 3607 4393 virtuti

2040 4432 2270 4486 infestus
2295 4441 2378 4486 est
2403 4441 2457 4485 et
2490 4431 2648 4484 malis
2671 4431 3001 4494 delectatttr,
3034 4444 3134 4484 nec
3170 4430 3333 4483 ullam
3365 4447 3605 4500 unquam

354 4522 620 4592 μηδαμῶς
643 4522 744 4593 τῆς
774 4523 914 4576 κατὰ
951 4523 1054 4577 τῶν
1087 4522 1386 4594 ἀνθρώπων
1413 4524 1703 4593 ἐπιϐουλῆς
1737 4525 1930 4577 ἀπολι-

2050 4524 2328 4578 msidiandi
2380 4523 2694 4578 hominibus
2751 4523 2983 4590 speciem
3036 4532 3198 4590 atque
3265 4523 3606 4578 occasionem

350 4612 465 4666 πὼν
512 4615 733 4684 τρόπον,
777 4615 1014 4686 αἱρέσεις
1051 4615 1206 4680 ξένας
1248 4612 1399 4678 αὖθις
1432 4616 1755 4684 ἐπιφύεσθαι
1791 4617 1928 4671 κατὰ

349 4705 445 4774 τῆς
484 4706 806 4776 Ἐκκλησίας
836 4711 1079 4779 ἐνήργει·
1113 4701 1188 4761 ὧν
1213 4710 1261 4760 οἱ
1293 4710 1388 4778 μὲν
1418 4709 1634 4762 ἰοϐόλων
1653 4709 1807 4780 δίκην
1841 4711 1928 4779 έρ-

352 4799 525 4850 πετῶν
563 4800 656 4851 ἐπὶ
697 4799 796 4868 τῆς
839 4801 1020 4858 Ἀσίας
1055 4804 1147 4855 καὶ
1177 4802 1413 4872 Φρυγίας
1455 4800 1663 4873 εἷρπον,
1708 4803 1798 4854 τὸν
1833 4804 1929 4872 μὲν

415 4967 525 5041 (82.)
571 4969 643 5022 Τὸ
672 4969 739 5022 δὲ
768 4970 1010 5024 πάντων
1051 4973 1490 5041 ἁσαφέστατον.
1531 4974 1756 5026 Rufinus
1801 4973 1928 5041 legit

347 5038 800 5112 §af§é6=aﬁowut
831 5057 895 5094 ex
955 5038 1204 5097 versione
1252 5045 1369 5112 ejus
1401 5053 1619 5097 constat
1669 5059 1790 5111 quae
1831 5038 1913 5096 sic

346 5107 852 5176 habet:Manifesle
905 5121 1078 5164 tamen
1122 5107 1427 5166 decerhebat
1476 5116 1538 5165 de
1590 5107 1718 5170 Deo.
1777 5115 1908 5165 sicut

343 5181 707 5240 prwdizimus,
735 5196 899 5232 unum
926 5197 1035 5235 esse
1057 5182 1587 5249 principium.Quam
1615 5182 1907 5235 lectionem

343 5257 560 5324 secutus
603 5260 688 5324 est
731 5252 896 5324 etiam
946 5251 1492 5324 (ihristophorsouus.
1547 5251 1744 5324 Verum
1794 5255 1910 5305 hzec

344 5317 715 5386 interpretatio
752 5317 882 5369 ferri
919 5336 1022 5371 non
1057 5331 1253 5386 potest.
1301 5321 1541 5375 Primum
1593 5323 1737 5374 enim
1783 5337 1905 5375 ver-

344 5385 462 5458 bum
511 5386 899 5456 ὲδογματίζετο
940 5385 1207 5456 passivam
1247 5393 1408 5444 habet
1437 5392 1905 5458 signiﬁcationem.

343 5453 559 5529 Deinde,
599 5453 812 5529 tantum
845 5453 998 5511 abest
1027 5471 1086 5510 ut
1128 5461 1341 5527 Apelles
1371 5453 1797 5529 dislmtationem
1841 5461 1908 5514 de

338 5526 463 5587 fleo,
513 5527 868 5580 manifestam
926 5539 1086 5594 atque
1136 5526 1614 5597 expeditam‘esse
1664 5531 1906 5593 diceret,

333 5600 458 5662 quin
487 5599 677 5664 patius
721 5600 1030 5659 asserebat,
1061 5614 1170 5652 rem
1201 5616 1323 5654 esse
1353 5602 1595 5654 omnium
1635 5601 1908 5654 obscuris-

327 5667 537 5732 simam,
572 5681 924 5736 prorsusque
951 5669 1082 5720 ndtil
1111 5670 1236 5722 sciri
1267 5684 1423 5736 posse
1462 5672 1528 5722 de
1558 5670 1692 5731 Deo,
1733 5685 1796 5723 ac
1838 5685 1906 5724 ne

320 5739 463 5810 ipsos
500 5739 740 5809 quidem
786 5738 1078 5804 prophetas
1119 5740 1410 5807 quidquam
1456 5742 1520 5793 de
1566 5739 1672 5793 Deo
1720 5741 1896 5793 mani-

2037 4617 2422 4683 practermittit,
2447 4618 2762 4685 peregrinas
2785 4617 3044 4684 quasdam
3079 4617 3312 4668 haereses
3338 4616 3605 4669 adversus

2039 4708 2338 4762 Ecclesium
2371 4709 2636 4777 pullulare
2687 4709 2880 4762 iterum
2925 4708 3070 4761 fecit.
3097 4707 3334 4773 Quarum
3373 4717 3605 4761 sectatoo

2040 4816 2126 4854 res
2165 4799 2253 4853 alii
2290 4802 2503 4868 quidem
2555 4813 2944 4854 venenatormn
2988 4802 3242 4867 anguium
3294 4801 3467 4853 instar
3507 4815 3603 4868 per

2039 4975 2197 5034 festo,
2249 4983 2410 5041 atque
2453 4985 2510 5026 ttt
2557 4989 2645 5026 res
2674 4982 2756 5043 est
2789 4974 3188 5042 pronuntiasse,
3243 4973 3598 5043 quemadmo-

2033 5045 2158 5096 dum
2192 5040 2334 5096 inl'ra
2365 5046 2522 5100 docet
2553 5040 2801 5096 Rhodon.
3261 5040 3275 5043 '
3311 5056 3316 5060 ·
3650 5069 3651 5072 η

2093 5113 2206 5183 (35)
2263 5112 2360 5181 Μὴ
2427 5113 2804 5167 ἐπίστασθαι.
2860 5113 2912 5164 lu
2954 5130 3018 5166 eo
3085 5113 3300 5181 quidem
3346 5129 3448 5166 non
3485 5114 3598 5165 val-

2020 5185 2086 5237 de
2140 5184 2618 5252 reprehendendus
2692 5193 2810 5236 erat
2878 5185 3132 5250 Apelles,
3180 5185 3319 5250 quod
3393 5185 3590 5237 diceret

2019 5257 2231 5306 nescire
2271 5268 2328 5307 se.
2361 5253 2631 5321 quomodo
2670 5269 2808 5305 unus
2839 5263 2982 5307 esset
3017 5255 3289 5320 ingenitus
3328 5253 3497 5316 Deus,
3535 5269 3594 5308 se

2022 5334 2197 5375 tamen
2249 5324 2320 5375 ita
2360 5324 2606 5376 credere.
2659 5323 2856 5376 Verum
2891 5325 3034 5376 ineo
3069 5323 3400 5386 aberrabat,
3445 5327 3592 5391 quod

2017 5393 2336 5459 propltetias
2359 5392 2553 5460 quibus
2574 5407 2636 5445 ea
2655 5397 2720 5445 de
2739 5409 2843 5445 uno
2869 5402 2922 5446 et
2947 5394 3184 5460 ingenito
3213 5391 3322 5444 Deo
3346 5394 3591 5446 doctrina

2019 5465 2269 5524 traditur,
2313 5478 2537 5528 prorsus
2565 5463 2920 5530 repudiabat;
2959 5474 3013 5514 et
3057 5462 3197 5529 quod
3238 5462 3590 5528 philosophiae

2015 5532 2457 5598 imperitissimus
2487 5573 2502 5593 _.
2537 5533 2765 5584 aliorum
2804 5550 2861 5585 se
2903 5537 3178 5585 doctorem
3210 5532 3584 5596 prolilebalttt'.

2015 5600 2214 5672 llaede
2243 5617 2415 5672 causa
2437 5602 2630 5654 merito
2652 5603 2966 5672 aillhodnue
2986 5601 3320 5670 suggillatnr.
3349 5600 3586 5672 [Sil'tllih

2019 5669 2325 5741 ἀληθεύειν,
2364 5671 2536 5740 λέγων
2567 5687 2626 5726 ex
2670 5671 2930 5739 Stcphan.
2975 5669 3088 5724 Nic.
3133 5669 3370 5738 scripsit:
3406 5670 3504 5744 [1.]
