4012 6256
331 285 440 342 ιοε

1383 289 1731 346 ΠΙδΤΟΒῐᾸΞ
1773 288 2336 350 ΕΟΟΕΕΞἎᾹδΤΙΟᾹΞ
2378 288 2507 346 LlB.
2547 286 2614 343 γ.

3509 289 3615 344 466

342 420 469 479 μην,
485 403 589 457 οὐκ
611 404 828 477 ἀπορία
846 405 941 460 τοῦ
965 405 1222 461 δύνασθαι
1246 407 1488 478 ἐλέγχειν
1515 409 1613 479 μὲν
1640 409 1701 462 τὸ
1722 408 1935 478 ψεῦδος,

2043 409 2163 462 hius
2205 407 2466 461 hactenus
2504 403 2717 459 substiti
2753 420 2765 455 :
2802 417 2905 456 non
2953 403 3095 473 quod
3136 413 3229 456 aut
3269 401 3612 460 mendacium

350 497 644 567 μαρτυρεῖν
659 496 719 549 δὲ
734 499 803 567 τῇ
822 497 1065 569 ἀληθείᾳ·
1087 496 1271 562 δεδιὼς
1288 497 1344 550 δὲ
1358 498 1449 552 καὶ
1463 498 1747 565 ὲξευλαϐού
1757 515 1933 569 μενος,

351 589 424 659 μή
447 604 522 656 πη
541 586 681 650 δόξω
701 590 845 641 τισὶν
873 590 1301 661 ὲπισυγγράφειν
1321 590 1353 660 ἢ
1373 590 1845 645 ὲπιδιατάσσεσθαι
1862 590 1937 662 τῷ

347 680 450 750 τῆς
474 679 567 734 τοῦ
597 679 933 749 Εὖαγγελίου
965 683 1173 753 Καινῆς
1205 682 1480 754 Διαθήκης
1512 684 1675 755 λόγῳ,
1717 677 1761 752 ᾧ
1800 685 1935 756 μήτε

351 774 666 846 προσθεῖναι
700 773 827 845 μήτ’
849 773 1066 842 ἀφελεῖν
1091 774 1331 839 δυνατὸν,
1354 774 1431 845 τῷ
1450 775 1590 829 κατά
1612 775 1671 829 τὸ
1688 776 1935 845 Εὐαγγέ-

348 867 464 920 λιον
499 867 632 921 αὐτὸ
670 866 1045 919 πολιτεύεσθαι
1085 867 1473 939 προῃρημένῳ.
1513 868 1848 941 Προσφάτως
1879 868 1936 922 δὲ

348 961 643 1031 γενῦμενος
671 961 730 1013 ὲν
771 958 1016 1030 Ἀγκύρᾳ
1046 960 1144 1031 τῆς
1176 961 1465 1025 Γαλατίας,
1497 962 1588 1016 καὶ
1614 961 1935 1017 καταλαϐὼν

347 1052 450 1123 τὴν
476 1052 618 1106 κατά
641 1052 805 1105 τόπον
829 1050 1153 1123 Ἐκκλησίαν
1176 1052 1285 1123 (89)
1312 1052 1416 1107 ὑπὸ
1437 1054 1536 1125 τῆς
1561 1053 1686 1118 νέας
1711 1054 1934 1126 ταύτης,

349 1145 471 1215 οὐχ,
503 1143 580 1208 ὡς
612 1144 765 1197 αὐτοί
793 1161 947 1213 φασι,
977 1145 1330 1216 προφητείας,
1360 1145 1495 1199 πολὺ
1523 1145 1578 1199 δὲ
1612 1145 1831 1218 μᾶλλον,
1861 1146 1937 1212 ὡς

346 1234 711 1306 δειχθήσεται,
736 1235 1236 1308 ψευδοπροφητείας
1258 1236 1435 1290 διατεθ
1444 1236 1606 1309 ρυλλη
1615 1237 1781 1309 μένην
1803 1238 1933 1310 (90),

348 1328 584 1383 καθόσον
597 1329 836 1394 δυνατὸν,
863 1329 954 1384 τοῦ
972 1330 1179 1402 Κυρίου
1204 1332 1578 1403 παρασχόντος
1604 1334 1731 1405 περὶ
1758 1331 1936 1385 αὐτῶν

345 1439 411 1477 τε
425 1421 631 1476 τούτων
647 1422 742 1476 καί⁵
756 1422 862 1476 τῶν
889 1424 1319 1494 προτεινομένων
1339 1426 1431 1478 ὑπ’
1449 1425 1624 1480 αὐτῶν
1644 1426 1850 1480 ἕκαστά
1876 1444 1935 1480 τε

350 1514 468 1583 (9|)
488 1512 839 1586 διελέχθημεν
868 1516 1106 1586 ἡμέραις
1124 1515 1362 1570 πλείοσιν
1378 1518 1435 1570 ὲν
1450 1521 1514 1590 τῇ
1535 1518 1801 1592 ἐκκλησίᾳ
1821 1536 1832 1547 ·
1861 1518 1936 1585 ὡς

347 1606 451 1676 τὴν
474 1605 574 1676 μὲν
606 1605 930 1677 Ἐκκλησίαν
950 1605 1394 1677 ἀγαλλιασθῆναι,
1412 1609 1507 1661 καὶ
1531 1609 1667 1681 πρὸς
1687 1609 1785 1681 τὴν
1813 1608 1938 1681 ἀλή-

349 1696 504 1751 θειαν
519 1698 943 1770 ἐπιρρωσθῆναι,
963 1700 1089 1763 τοὺς
1116 1699 1172 1753 δὲ
1193 1699 1501 1765 ἐξεναντίας
1520 1701 1657 1772 πρὸς
1683 1702 1743 1755 τὸ
1761 1702 1936 1774 παρὸν

350 1769 830 1863 ἁποκρουσθῆναι,
851 1793 943 1846 καί¹
975 1793 1101 1857 τοὺς
1126 1792 1436 1858 ἀντιθέτους
1609 1769 1931 1866 λυπηθῆναι.
1968 1769 2009 1823 Β

364 1884 688 1949 Ἀξιούντων
727 1880 819 1939 οὖν
848 1885 955 1939 τῶν
985 1886 1128 1940 κατὰ
1150 1887 1314 1941 τόπον
1345 1888 1753 1961 πρεσϐυτέρων,
1789 1890 1935 1955 ὅπως

352 1977 461 2030 τῶν
501 1977 800 2049 λεχθέντων
858 1979 999 2033 κατά
1041 1979 1147 2034 τῶν
1186 1980 1692 2052 ἀντιδιατιθεμένων
1729 1979 1807 2051 τῷ
1836 1981 1936 2051 τῆς

351 2068 612 2142 ἀληθείας
648 2069 791 2141 λόγῳ
820 2070 1120 2142 ὑπόμνημά
1142 2087 1195 2123 τι
1231 2070 1637 2143 καταλίπωμεν,
1675 2073 1936 2142 παρόντος

352 2164 448 2214 καὶ
492 2161 587 2214 τοῦ
616 2161 1097 2234 συμπρεσϐυτέρου
1136 2161 1295 2234 ἡμῶν
1339 2162 1578 2216 Ζωτικοῦ
1614 2161 1709 2216 τοῦ
1743 2163 1935 2235 Ὀτρη-

351 2250 444 2303 νοῦ
468 2249 601 2320 (93),
636 2249 796 2303 τοῦτο
831 2251 928 2321 μὲν
969 2251 1069 2305 οὐκ
1116 2252 1455 2324 ἐπράξαμεν,
1494 2251 1936 2324 ἐπηγγειλάμεθα

350 2342 408 2396 δὲ
434 2342 623 2397 ἐνθάδε
651 2342 961 2413 γράψαντες
992 2342 1085 2396 τοῦ
1113 2344 1319 2416 Κυρίου
1354 2345 1608 2408 διδόντος,
1652 2344 1741 2399 διὰ
1769 2362 1934 2398 σπου-

350 2434 446 2505 δῆς
470 2434 708 2505 τέμπειν
735 2435 939 2498 αὐτοῖς.
979 2454 997 2487 ι
1037 2435 1224 2490 Ταῦτα
1260 2437 1354 2490 καὶ
1387 2434 1512 2508 ἑξῆς
1534 2437 1743 2501 τούτοις
1774 2437 1936 2509 ἕτερα

268 2583 273 2589 _
352 2526 635 2599 καταρχὰς
661 2526 830 2579 εἰπὼν
875 2526 967 2580 τοῦ
995 2527 1176 2596 λόγου,
1204 2527 1296 2581 τὸν
1330 2528 1502 2583 αἴτιον
1543 2532 1643 2601 τῆς
1675 2528 1939 2601 δηλουμέ-

351 2636 450 2690 νης
493 2618 758 2690 αἱρέσεως
809 2617 1014 2691 προῖὼν
1049 2618 1235 2673 τοῦτον
1277 2621 1550 2692 ἀνιστορεῖ
1580 2621 1672 2675 τὸν
1713 2621 1934 2693 τρόπον’

359 2731 378 2763 ι
418 2711 480 2764 Ἦ
497 2710 676 2765 τοίνυν
701 2709 953 2775 ἔνστασις
979 2712 1155 2766 αὐτῶν
1180 2713 1275 2765 καὶ
1299 2715 1331 2783 ἡ
1357 2714 1664 2784 πρόσφατος
1686 2713 1780 2768 τοῦ
1806 2716 1939 2768 ἀπο-

354 2803 651 2875 σχίσματος
690 2805 903 2877 αἵρεσις
939 2804 1073 2877 πρὸς
1102 2805 1200 2878 τὴν
1239 2804 1585 2877 Ἐκκλησίαν,
1627 2805 1724 2877 τὴν
1759 2806 1937 2861 αἰτίαν

353 2894 478 2964 ἔσχε
530 2892 807 2966 τοιαύτην.
851 2893 1027 2966 Κὼμη
1072 2912 1156 2959 τις
1189 2891 1327 2950 εἶναι
1352 2895 1572 2964 λέγεται
1617 2900 1674 2950 ἐν
1706 2901 1770 2969 τῇ
1798 2896 1937 2951 κατὰ

351 2984 449 3056 τὴν
481 2985 723 3054 Φρυγίαν
744 2986 930 3058 Μυσίᾳ
953 2986 1085 3057 (94),
1115 2988 1426 3060 καλουμένη
1453 2987 1721 3063 Ἀρδαϐἇν
1751 2988 1935 3043 τοῦνο-

2043 499 2309 564 refellere,
2340 507 2432 553 aut
2456 498 2671 552 veritati
2706 496 3035 567 patrocinari
3069 496 3289 551 minime
3319 496 3557 561 valerem
3596 515 3611 552 :

2039 591 2133 646 sed
2161 591 2305 660 quod
2335 591 2568 645 verebar
2606 603 2669 643 ac
2718 588 3164 653 rel‘ormidahatn,
3203 604 3269 644 ne
3321 589 3461 645 forte
3493 591 3614 660 qui-

2039 682 2263 737 busdam
2295 681 2505 735 viderer
2531 678 2856 747 evangelicae
2876 677 3010 732 Novi
3036 679 3077 731 Τ
3081 679 3371 734 estamenti
3403 681 3607 736 doctri-

2041 790 2122 828 nae
2157 773 2452 843 quidquam
2486 770 2776 826 scribendo
2819 771 3039 837 addere,
3066 781 3120 825 et
3148 772 3326 826 denuo
3372 783 3613 829 statuere

2038 866 2315 922 voluisse:
2354 864 2440 920 cui
2470 874 2647 918 tamen
2680 878 2855 934 neque
2883 863 3042 934 adjici
3097 865 3390 933 quidquam
3438 879 3612 935 neque

2041 959 2206 1027 adimi
2249 959 2331 1013 fas
2366 966 2469 1024 est,
2503 957 2568 1014 ab
2615 972 2680 1011 eo
2729 956 3030 1026 praesertim
3085 958 3176 1026 qui
3222 973 3286 1011 ex
3331 958 3612 1029 Evangelii

2040 1051 2321 1122 praeceptis
2356 1052 2517 1105 vitam
2544 1064 2705 1120 agere
2727 1049 3043 1104 instituerit.
3077 1049 3256 1119 Nuper
3302 1066 3432 1105 vero
3487 1067 3609 1106 cum

2038 1158 2215 1198 essem
2245 1142 2473 1214 Ancyrae
2508 1142 2561 1195 in
2607 1140 2840 1207 Galatia,
2873 1149 2927 1195 ct
2972 1140 3269 1196 Ecclesiam
3323 1141 3466 1197 illius
3510 1143 3610 1199 loci

2039 1251 2175 1291 nova
2208 1234 2293 1289 illa
2331 1251 2435 1290 non
2473 1243 2531 1288 ut
2564 1234 2664 1303 ipsi
2700 1233 2886 1288 dicunt
2916 1233 3221 1304 prophetia,
3263 1235 3378 1299 sed,
3421 1242 3477 1289 ιιι
3516 1250 3613 1304 po-

2038 1336 2155 1382 stea
2233 1326 2714 1389 demonstrabitur,
2784 1325 3275 1397 pseudoprophetia
3343 1327 3610 1382 turbatam

2038 1418 2848 1488 deprehendissem;quantum
2910 1418 3091 1473 facere
3139 1419 3314 1487 potui,
3365 1418 3473 1474 Deo
3521 1417 3613 1487 ju-

2040 1520 2218 1577 vante,
2252 1522 2363 1564 tum
2392 1510 2457 1564 de
2507 1509 2593 1564 bis
2638 1511 2794 1579 ipsis,
2830 1521 2939 1563 tum
2988 1512 3054 1564 de
3088 1510 3312 1579 reliquis
3362 1511 3612 1567 omnibus

2037 1619 2157 1675 qua:
2185 1604 2250 1658 ab
2281 1602 2386 1658 illis
2417 1602 2878 1672 proponebantur,
2922 1601 3234 1672 singillatim
3274 1603 3325 1657 in
3378 1604 3611 1660 ecclesia

2039 1695 2269 1751 disserui
2319 1694 2564 1765 pluribus
2598 1691 2790 1748 diebus
2822 1710 2836 1746 :
2871 1692 3004 1746 adeo
3036 1702 3093 1746 ut
3126 1693 3365 1750 Ecclesia
3393 1695 3613 1765 quidem

2040 1784 2343 1842 incredibili
2375 1785 2570 1855 gaudio
2603 1783 2815 1851 affecta,
2861 1792 2916 1839 et
2957 1784 3006 1838 in
3050 1783 3282 1839 veritate
3334 1785 3455 1841 ﬁdei
3499 1803 3616 1841 ma-

2039 1893 2277 1949 gnopere
2291 1877 2610 1932 conﬁrmata
2637 1877 2738 1948 sitz;
2766 1877 3065 1932 adversarii
3092 1895 3220 1934 vero
3246 1888 3373 1934 tunc
3399 1878 3614 1950 quidem

2039 1969 2206 2040 fugati
2238 1981 2294 2024 et
2325 1969 2416 2023 Dei
2445 1969 2629 2023 hostes
2677 1985 2786 2024 non
2829 1969 3092 2024 mediocri
3147 1972 3330 2026 dolore
3382 1969 3616 2041 perculsi
3664 1962 3684 1985 ‘

2041 2062 2263 2120 fuerint.
2340 2061 2472 2117 Cum
2513 2076 2641 2116 vero
2684 2061 2802 2130 ejus
2858 2063 2961 2117 loci
3023 2063 3322 2135 presbyteri
3376 2064 3618 2134 postula-

2042 2165 2160 2209 rent
2214 2165 2274 2209 ut
2303 2170 2492 2210 eorum
2553 2170 2674 2224 qute
2727 2164 2921 2210 contra
2978 2155 3228 2210 veritatis
3274 2156 3615 2211 adversarios

2039 2250 2183 2301 dicta
2209 2247 2440 2307 fuerant.
2468 2248 2924 2303 commentarium
2961 2247 3092 2318 ipsis
3122 2248 3385 2319 scriptum
3450 2248 3615 2303 relin-

2039 2355 2308 2411 querem:
2347 2348 2560 2396 astante
2606 2339 2767 2394 etiam
2812 2339 3253 2411 compresbytcro
3279 2351 3466 2395 nostro
3507 2338 3612 2397 Zo-

2042 2435 2149 2489 tico
2180 2434 2405 2501 ()treno,
2431 2434 2482 2488 id
2508 2435 2729 2503 quidem
2757 2434 2980 2489 minime
3022 2435 3247 2503 pra-stiti
3275 2452 3290 2502 ;
3327 2436 3489 2508 180
3519 2438 3613 2492 sed

2040 2525 2199 2581 simul
2240 2535 2402 2595 atque
2430 2525 2536 2581 huc
2569 2526 2877 2592 rediissem,
2908 2526 3241 2595 scripturum
3292 2542 3377 2583 me
3406 2529 3612 2593 omnia,

2038 2629 2094 2674 et
2150 2621 2214 2672 ad
2263 2618 2406 2688 ipsos
2445 2619 2847 2688 quamprimum
2906 2621 3195 2674 missurum
3252 2619 3359 2675 Deo
3402 2618 3616 2677 favente

2040 2710 2286 2782 promisi.
2324 2731 2342 2763 ι
2385 2711 2506 2765 Haec
2535 2721 2589 2766 et
2617 2712 2721 2765 alia
2757 2712 2809 2765 in
2845 2712 3071 2767 exordio
3116 2713 3293 2781 operis
3325 2722 3613 2783 postquam

2039 2805 2198 2864 dixit.
2235 2803 2496 2874 paulatim
2524 2804 2749 2859 ulterius
2778 2818 3124 2872 progressus,
3155 2804 3478 2874 supradictae
3508 2806 3617 2860 ha:-

2041 2901 2175 2955 resis
2203 2908 2478 2954 auctorem
2502 2899 2767 2954 describit
2795 2897 2880 2953 bis
2926 2897 3106 2952 verbis
3137 2913 3152 2953 :
3199 2918 3218 2951 ι
3252 2898 3419 2967 Igitur
3445 2899 3614 2956 obsti-

2043 3000 2166 3046 nata
2216 2991 2428 3047 illorum
2484 2991 2650 3046 coitio
2703 2991 2965 3047 adversus
3014 2991 3333 3058 Ecclesiam,
3365 3000 3420 3047 et
3475 3009 3615 3050 nova

355 3095 462 3149 μα·
494 3077 622 3131 ἔνθα
655 3078 786 3148 φασί
819 3095 936 3131 τινα
969 3078 1079 3131 τῶν
1112 3081 1410 3134 νεοπίστων
1437 3079 1691 3152 πρώτως,
1723 3082 1935 3135 Μοντα-

2043 3083 2328 3154 perniciosi
2353 3084 2660 3140 schismatis
2686 3084 2926 3149 barresis.
2954 3086 3094 3140 hanc
3118 3084 3304 3141 habuit
3327 3086 3614 3158 originem.

351 3167 439 3222 νὺν
468 3168 728 3241 τοῦνομα,
754 3170 897 3225 κατά
928 3172 1132 3244 Γράτου
1160 3173 1342 3237 Ἀσίας
1364 3173 1691 3239 ἀνθύπατον,
1727 3176 1785 3229 έν
1813 3175 1934 3229 ἐπι-

352 3263 521 3335 θυμίᾳ
544 3250 723 3336 ψυχῆς
746 3265 970 3338 ἀμέτρῳ
991 3266 1387 3338 φιλοπρωτείας
1412 3268 1571 3321 δόντα
1596 3267 1827 3338 πάροδον
1855 3269 1934 3332 είς

353 3354 543 3409 ἑαυτὸν
585 3354 663 3426 τῷ
695 3356 1076 3426 ἀντικειμένῳ,
1113 3355 1696 3429 πνευματοφορηθῆναί
1722 3370 1793 3411 ’τε
1839 3357 1934 3411 καὶ

354 3447 630 3516 αίφνιδίως
658 3449 715 3500 ἐν
738 3451 939 3519 κατοχῇ
967 3467 1070 3502 τινι
1100 3450 1193 3502 καὶ
1221 3451 1591 3520 παρεκστάσει
1620 3450 1931 3520 γενόμενον,

357 3539 659 3610 ὲνθουσιᾷν,
694 3539 962 3612 ἄρξασθαί
996 3558 1055 3594 τε
1087 3540 1267 3596 λαλεῖν
1297 3542 1391 3596 καὶ
1414 3541 1752 3613 ξενοφωνεῖν,
1784 3543 1933 3616 παρά

354 3630 413 3685 τὺ
464 3631 610 3685 κατά
642 3632 940 3705 παράδοσιν
985 3633 1080 3686 καὶ
1130 3635 1271 3687 κατά
1318 3633 1565 3706 διαδοχὴν
1600 3634 1806 3689 ἄνωθεν
1835 3637 1933 3706 τῆς

423 3835 443 3895 (
446 3832 538 3892 89)
584 3831 705 3904 Τὴν
720 3832 876 3904 κατὰ
894 3836 1083 3904 τόπον
1098 3834 1502 3904 .Ἐκκλησίαν.
1521 3834 1739 3890 Editum
1757 3834 1937 3891 fuerat

355 3905 450 3975 τὴν
482 3902 855 3976 κατάΑΠόντον
893 3902 1239 3974 Ἐκκλησίαν
1279 3902 1373 3960 sed
1410 3906 1573 3976 longe
1601 3905 1936 3974 praeierenda

357 3971 437 4044 est
470 3971 677 4028 codicis
710 3974 858 4044 Regii
916 3971 1208 4044 scriptura,
1271 3990 1432 4043 quam
1498 3971 1807 4044 recepimus
1865 3992 1935 4031 ex

357 4043 664 4112 Nicepltoro
732 4044 785 4098 in
835 4043 929 4100 lib.
981 4043 1067 4108 tv,
1135 4060 1254 4110 cap.
1309 4045 1417 4108 2'5;
1484 4045 1533 4098 id
1581 4043 1686 4107 est,
1744 4043 1932 4099 Eccle-

357 4116 491 4169 siam
520 4114 665 4186 illius
693 4115 816 4177 ioci,
845 4115 1076 4186 Ancyrae
1105 4117 1334 4186 scilicet.
1371 4114 1462 4171 Sic
1478 4115 1544 4186 in
1577 4115 1933 4186 inscriptione

358 4184 605 4252 epistolae
635 4184 1049 4255 Smyrnensium
1096 4187 1161 4238 ad
1196 4184 1433 4254 reliquas
1472 4184 1781 4255 Ecclesias’:
1819 4184 1932 4238 Καὶ

358 4256 563 4327 πάσαις
588 4257 711 4327 ταῖς
734 4253 879 4308 κατά
908 4256 1285 4327 πάνταήτόπον
1316 4253 1416 4327 τῆς
1447 4254 1609 4324 ἁγίας
1638 4254 1933 4327 καθολικῆς

370 4325 698 4396 Ἑκκλησίας
718 4325 1048 4396 παροικίαις.
1083 4326 1147 4379 Ει
1172 4328 1313 4380 inl‘ra
1341 4324 1394 4381 in
1421 4329 1521 4381 hac
1550 4326 1766 4395 pagina.
1799 4324 1937 4381 Tei-

363 4406 453 4450 tus
481 4394 629 4465 vnlg.
662 4394 849 4460 antea,
877 4394 1018 4449 κατὰ
1047 4397 1267 4452 Πόντον.

429 4467 543 4538 (90)
576 4465 1192 4552 ἀιατεθρυλλημένην.
1208 4537 1221 4551 ⁹
1262 4469 1320 4521 Id
1335 4476 1463 4552 “est
1490 4507 1506 4533 ,
1527 4538 1540 4550 θ
1564 4475 1931 4552 ρεηςοηαιιξεηι

361 4536 909 4606 π’ρενειτερεηιεηι.
947 4536 1083 4590 'l‘ota
1135 4537 1281 4591 enim
1334 4537 1576 4592 Ecclesia
1630 4536 1776 4592 illius
1827 4537 1929 4591 loci

360 4621 584 4661 rumore
622 4621 775 4661 novae
814 4607 1112 4675 prophetiae
1134 4609 1482 4676 personabat,
1512 4623 1634 4662 cum
1663 4609 1732 4661 ob
1766 4616 1931 4662 tantae

363 4678 435 4732 rei
469 4676 765 4731 novitatem
797 4677 981 4731 cuncti
1023 4677 1091 4730 de
1117 4692 1179 4731 ea
1215 4693 1273 4732 re
1309 4677 1680 4747 loquerentur.
1715 4678 1792 4732 Ex
1821 4694 1930 4746 quo

362 4755 627 4817 apparet,
657 4748 857 4801 donum
887 4747 1184 4815 prophetiae
1226 4747 1336 4814 jam
1369 4759 1480 4801 tum
1513 4747 1615 4803 illis
1669 4749 1931 4815 tempori-

360 4816 464 4872 bus
520 4817 574 4870 in
619 4816 857 4875 Ecclesia
909 4832 1092 4870 rarum
1148 4827 1312 4886 atque
1369 4818 1683 4874 inusitatum
1723 4818 1928 4883 fuisse;

361 4888 565 4958 quippe
589 4901 712 4940 cum
740 4896 929 4941 exorta
968 4886 1202 4958 Montarti
1257 4889 1557 4958 prophetia,
1612 4898 1803 4958 tantos
1843 4900 1930 4942 tu-

363 4956 564 5011 multus
609 4966 734 5010 tune
758 4959 1017 5024 temporis
1049 4959 1102 5012 in
1134 4956 1373 5013 Ecclesia
1405 4958 1745 5013 excitaverit.
1776 4957 1930 5025 Quod

362 5038 511 5082 certe
550 5028 1022 5098 noncontigisset,
1046 5030 1092 5082 si
1128 5029 1370 5083 solemne
1398 5038 1522 5082 tunc
1549 5044 1612 5083 ac
1642 5031 1933 5098 pervulga-

364 5107 478 5168 tum
524 5098 583 5168 in
618 5097 884 5168 Ecclesia
926 5097 1116 5153 fuisset
1167 5099 1463 5168 prophetia:
1500 5101 1720 5153 donum.
1757 5097 1932 5154 Porro

361 5166 887 5240 διατεθρυλλημένην
918 5168 1139 5240 ῐιοιιειιεγ
1161 5166 1323 5223 vertit
1353 5170 1711 5223 decantatam.

435 5237 516 5311 (9|
528 5236 559 5310 )’
578 5236 853 5311 Ἓκᾲὶγτάς
863 5256 947 5294 τε.
966 5236 1302 5311 AAinplector
1330 5239 1758 5311 emendationem
1774 5238 1931 5311 Chrio

364 5307 735 5375 ato'phorsoni,
762 5307 855 5379 qni
883 5309 1140 5363 ἑκάστοτε
1170 5310 1431 5372 correxit,
1475 5308 1528 5361 id
1565 5318 1668 5373 est,
1695 5309 1928 5373 assidue,

364 5380 614 5450 quotidie,
643 5388 699 5433 et
721 5381 809 5450 sic,
836 5379 1071 5434 Savilius
1086 5380 1151 5450 ad
1170 5394 1330 5450 oram;
1343 5379 1468 5450 libri
1484 5379 1566 5435 sui
1601 5381 1928 5450 emendavit.

431 5449 545 5522 (92)
569 5450 685 5522 Καὶ
721 5449 865 5515 τοὺς
907 5448 1270 5522 ἀντιθέτους.
1305 5448 1495 5522 Malim
1543 5447 1837 5522 ἀντιθέους,
1874 5458 1933 5504 ιιι

364 5517 562 5590 legitur
617 5520 689 5575 ad
741 5520 1054 5591 marginem
1092 5517 1929 5591 editionisGenevensistCum

361 5588 499 5663 enim
527 5593 643 5663 jam
699 5588 900 5645 dixerit
949 5590 1075 5653 τοὺς
1098 5660 1107 5663 _
1132 5588 1439 5663 ἐξεναντίας
1468 5588 1928 5663 ἀᾼποκρουσθῆναι,

359 5659 700 5732 ineptissime
746 5668 910 5732 esset
942 5660 1288 5732 repetitiopsi
1326 5660 1454 5722 τοὺς
1488 5659 1931 5732 ἀντιθέτουςίιθ-
1974 5702 1981 5712 .

356 5728 475 5788 rum
497 5731 837 5789 uoruinaret.
871 5728 1066 5786 Verum
1097 5729 1397 5794 ἀντιθέους,
1433 5734 1575 5801 quod
1609 5731 1765 5802 longe
1802 5748 1928 5801 gra-

2024 4818 2134 4882 sia:
2164 4819 2445 4883 civitatem,
2484 4818 2843 4887 ineptissime.
2882 4818 2995 4874 Nec
3022 4819 3214 4876 melius

2045 3173 2208 3231 Vicus
2238 3174 2456 3244 quidam
2509 3189 2630 3231 esse
2688 3176 2887 3231 dicitur
2937 3176 2989 3230 in
3046 3175 3216 3246 Mysia
3273 3182 3614 3234 contermina

2041 3268 2291 3341 Phrygiae
2338 3270 2554 3325 nomine
2579 3269 2818 3325 Ardaba.
2872 3267 2929 3324 In
2963 3285 3070 3338 quo
3098 3269 3251 3326 aiunt
3302 3272 3616 3328 Montanum

2041 3362 2332 3430 quemdam
2364 3377 2433 3417 ex
2467 3363 2534 3417 iis
2570 3361 2660 3432 qui
2690 3361 2924 3417 ﬁdelium
2960 3378 3188 3419 numero
3227 3379 3420 3421 recens
3446 3368 3617 3422 ascri-

2043 3452 2117 3522 pti
2140 3450 2378 3519 fuerant,
2406 3451 2692 3507 itnmodica
2721 3452 2880 3522 primi
2918 3451 3021 3506 loci
3055 3452 3353 3524 cupiditate
3373 3465 3612 3526 captum,

2042 3540 2276 3610 primum
2303 3540 2404 3595 sub
2431 3539 2599 3595 Grato
2623 3541 2764 3595 Asiae
2785 3539 3106 3610 proconsule
3131 3541 3333 3596 aditum
3364 3542 3417 3596 in
3443 3557 3500 3596 se
3520 3543 3617 3596 ad-

2044 3632 2289 3688 versario
2313 3631 2530 3703 spiritui
2562 3631 2858 3702 praebuisse
2889 3650 2903 3687 :
2951 3642 3007 3687 et
3049 3632 3294 3689 daemone
3343 3634 3612 3703 repletum

2043 3835 2165 3890 vins
2185 3844 2289 3897 est.
2332 3834 2571 3903 appellat
2622 3834 2997 3897 Montanistas.
3024 3837 3078 3892 id
3103 3845 3208 3904 est,
3245 3836 3341 3892 Dei
3366 3839 3617 3892 adversa-

2043 3908 2174 3979 rios,
2212 3920 2278 3959 eo
2297 3907 2437 3979 quod
2467 3921 2661 3979 n_ov_nm
2689 3905 3410 3979 Paraeletum‘indttcerent.
3435 3910 3614 3979 Atque

2044 3975 2113 4028 ita
2162 3976 2214 4028 in
2269 3976 2455 4029 codice
2483 3974 2619 4029 Fnk.
2655 3986 2709 4029 et
2738 3974 2908 4032 Savil.
2949 3977 3209 4044 scriptum
3251 3978 3500 4032 habetur.
3527 3974 3613 4034 'Si

2039 4047 2162 4117 quis
2192 4061 2323 4117 vero
2354 4045 2665 4117 ἀντιθέτους
2698 4046 2932 4101 retinere
2996 4048 3266 4107 maluerit,
3305 4063 3409 4102 non
3452 4064 3616 4117 repu-

2041 4116 2241 4189 gnabo:
2274 4116 2592 4189 lnira__enim
2629 4117 2884 4189 dicuntur
2924 4117 3428 4189 ἀντιδιατιθέμενοι,
3462 4116 3523 4172 ιιι
3561 4126 3616 4174 et

2043 4187 2179 4255 apud
2203 4184 2364 4255 Greg.
2403 4185 2717 4255 Nysszenum
2763 4187 2855 4242 lib.
2892 4203 2909 4241 ι
2941 4189 3141 4242 Contra
3188 4184 3528 4253 Ennomium,
3559 4200 3617 4245 et

2040 4254 2265 4309 Paulum
2295 4253 2346 4307 in
2375 4257 2414 4309 ll
2451 4257 2520 4308 ad
2549 4253 2778 4310 Timoth.

2114 4324 2227 4397 (95)
2267 4324 2381 4380 Τοῦ
2415 4326 2727 4397 forma-oi).
2758 4326 2893 4381 Male
2922 4327 3061 4397 apud
3088 4326 3448 4397 Nicephorum
3481 4330 3611 4395 legi-

1961 4417 2010 4476 ι)
2037 4404 2125 4476 tt_tr
2147 4395 2461 4476 ‘Uaquvoﬁ.
2493 4395 2911 4476 Distinguendus
2938 4395 3118 4476 autem
3153 4395 3364 4476 videtur
3394 4400 3482 4455 hic
3508 4400 3617 4476 Ζο-

2042 4467 2182 4537 tic_us
2220 4464 2458 4537 Otrenus
2485 4481 2513 4519 a
2548 4464 2753 4530 Zotiéo,
2792 4467 3115 4537 Comattensi
3152 4469 3435 4537 episeopo.
3459 4470 3614 4536 cujus

2040 4534 2181 4619 ipfra
2207 4536 2457 4660 ιιιριῃίιιίι
2486 4538 2573 4592 hic
2599 4550 2811 4593 auctor.
2844 4536 2979 4593 Nam
2998 4534 3354 4595 Comaneusis
3391 4539 3480 4595 ille
3513 4534 3611 4594 an-

2042 4617 2240 4660 ttautor
2289 4615 2387 4660 uti.

2042 4608 2240 4661 tiauior
2263 4606 2387 4661 fuit.

2083 4622 2240 4749 (1&2;
2263 4622 2464 4747 {1.53.117
2512 4677 2662 4732 κατά
2683 4678 3099 4749 τὴν-,Φρυγίαν
3121 4680 3346 4748 Μυσίᾳ.
3384 4680 3614 4738 Ruﬁnus

2040 4747 2226 4820 vertit,
2256 4748 2399 4802 vicus
2422 4750 2646 4820 quidam
2662 4765 2771 4803 esse
2791 4747 2989 4820 dicitur
3010 4752 3153 4820 apud
3177 4747 3469 4820 Phrygiam
3497 4751 3615 4820 My-

3309 4823 3531 4876 uscnlus
3558 4831 3613 4876 et

2040 4888 2597 4961 ghristopborsonus
2652 4891 3084 4961 interpretantur
3166 4891 3307 4959 apud
3383 4891 3611 4961 Mysiam

2043 4956 2318 5032 thygite.
2341 4960 2487 5032 Quid
2515 4960 2684 5032 enim,
2711 4956 2926 5032 amabo,
2957 4959 3060 5015 sibi
3086 4956 3208 5032 vult
3239 4961 3410 5032 Mysia
3434 4956 3611 5031 Phry-

2039 5028 2394 5099 giae?Duplex
2422 5030 2549 5084 olim
2576 5030 2680 5083 fuit
2704 5029 2894 5098 Mysia,
2919 5031 3061 5100 sicut
3085 5042 3141 5086 et
3172 5028 3431 5100 Phrygia,
3477 5028 3611 5087 teste

2041 5101 2309 5172 Strabope
2347 5101 2401 5154 in
2430 5100 2524 5155 lib.
2553 5116 2636 5172 _xn
2661 5118 2675 5156 :
2702 5101 2810 5153 alia
2841 5099 3028 5168 major,
3057 5117 3217 5172 quam
3251 5099 3605 5172 Olympenem

2039 5178 2196 5241 vocat
2227 5169 2457 5236 Strabo;
2494 5170 2597 5241 alia
2627 5172 2826 5234 minor,
2855 5185 3019 5241 quam
3061 5169 3483 5241 Hellespontiam
3518 5188 3612 5227 vo-

2040 5249 2131 5313 cat
2160 5239 2502 5313 Ptolemaeus.
2531 5238 2963 5313 Utraqueporro
2990 5238 3255 5313 Phrygia!
3270 5244 3607 5313 contermina

2040 5309 2345 5384 initi._Un_de
2375 5320 2557 5384 natum
2586 5309 2939 5384 proverbium
2958 5309 3373 5384 apud‘_Graecos
3380 5312 3609 5384 _:7pr1<;

2037 5379 2105 5434 τὰ
2130 5380 2352 5439 Μυσῶν.
2378 5379 2503 5435 Fuit
2531 5379 2597 5434 et
2615 5381 2781 5451 altera
2810 5380 2975 5451 Mysia
2994 5379 3066 5436 ‘in
3102 5380 3338 5451 Europa,
3363 5379 3609 5437 Thracia:

2034 5453 2368 5521 contributa,
2414 5465 2576 5518 quam
2628 5450 2810 5505 Latini
2861 5450 3078 5521 quidem
3112 5451 3360 5508 Moesiam
3389 5462 3605 5517 vocant,

2036 5520 2212 5576 Grteci
2249 5535 2376 5575 vero
2420 5536 2638 5593 semper
2662 5520 2903 5593 Μυσίαν,
2950 5523 3035 5593 Ad
3062 5522 3225 5593 hujus
3247 5538 3379 5591 ergo
3412 5523 3607 5577 distin-

2038 5593 2274 5665 ctionem
2300 5596 2333 5663 ἠ
2365 5592 2507 5645 κατά
2537 5592 2776 5662 Φρυγίαν
2809 5592 2995 5646 Μυσία
3048 5592 3157 5665 Ιιίοᾷ
3178 5592 3381 5665 dicitur
3438 5593 3604 5665 Mysia

2037 5660 2287 5731 Phrygiae
2321 5660 2679 5727 contermina,
2703 5678 2797 5717 seu
2841 5664 3099 5719 Asiatica.
3131 5662 3301 5720 Porro
3324 5663 3474 5718 vicus
3490 5660 3603 5719 iste

2039 5733 2092 5787 in
2123 5735 2310 5789 codice
2331 5732 2466 5789 Μία.
2501 5734 2694 5790 dicitur
2735 5733 3020 5801 Ἀρδα6ᾶ6.
