4012 6256
332 330 434 384 .560

1367 330 1718 387 HISTORIE
1761 327 2318 386 ECCLESIASTICA‘I
2359 329 2486 382 LIB.
2529 327 2595 383 ν.

3477 326 3581 381 470

335 446 428 500 δάν
466 445 650 500 τοίνυν
685 447 783 501 καὶ
811 447 1255 518 προφητοφόντας
1293 449 1438 521 ἡμᾶς
1474 449 1799 515 ἀπεκάλουν,
1834 449 1890 502 ὅτ

2017 464 2180 504 causa
2239 447 2644 510 convenissem,
2712 459 3012 514 novamque
3066 443 3214 499 illam
3275 445 3578 498 doctrinam

343 541 416 612 μὴ
441 541 564 603 τοὺς
589 540 1016 613 ἀμετροφώνους
1040 540 1116 611 (l)
1143 541 1320 594 αὐτῶν
1352 545 1633 615 προφήτας
1661 543 1915 613 ἐδεξάμε-

340 633 426 686 θα·
449 631 672 696 τούτους
699 633 808 703 γὰρ
836 629 974 685 εἷναὶ
999 649 1182 700 φασιν,
1205 631 1410 706 οὕσπερ
1444 635 1807 705 ἐπηγγείλατο
1834 635 1914 706 τῷ

339 725 454 795 λαῷ
491 725 728 796 πέμψειν
777 728 805 778 ὁ
847 725 1070 796 Κύριος,
1101 726 1586 797 ἀποκρινάσθωσαν
1612 729 1740 797 ἡμῖν
1778 727 1913 797 πρὸς

337 816 494 878 Θεοῦ,
515 816 630 869 ἔστι
663 834 765 880 τις,
797 809 842 870 ὦ
884 815 1177 886 βέλτιστοι,
1205 817 1407 871 τούτων
1431 818 1542 870 τῶν
1573 819 1680 870 ἀπὸ
1700 821 1911 872 Μοντα-

337 907 430 961 νοῦ
470 907 858 976 καὶγυναικῶν
882 907 1061 961 λαλεῖν
1095 909 1434 979 ἀρξαμένων,
1467 911 1614 973 ὅστις
1643 910 1747 962 ὑπὸ
1776 911 1910 964 Ἰου-

335 999 498 1053 δαίων
518 998 816 1070 ὲδιὼχθη,ἢ
846 1000 950 1052 ὑπὸ
975 999 1306 1071 παρανόμων
1331 1000 1640 1071 ἀπεκτάνθη
1667 1018 1681 1065 ;
1714 999 1906 1064 οὐδείς·

335 1093 459 1144 οὐδέ
504 1092 569 1159 γέ
609 1109 696 1155 τις
734 1092 912 1144 αὐτῶν
937 1090 1231 1162 κρατηθεὶς
1260 1092 1399 1164 ὑπὲρ
1422 1092 1516 1144 τοῦ
1541 1093 1799 1163 ὀνόματος
1832 1091 1906 1160 (2)

335 1182 758 1253 ἀνεσταυρώθης
793 1184 854 1236 οὐ
893 1183 1000 1254 γὰρ
1035 1164 1159 1237 οὖν·
1197 1183 1316 1236 οὐδὲ
1360 1183 1465 1254 μὴν
1498 1183 1617 1236 οὐδὲ
1657 1187 1714 1236 ὲν
1751 1201 1908 1236 συνα-

334 1278 546 1343 γωγαῖς
579 1275 848 1328 Ἰουδαίων
884 1274 993 1327 τῶν
1019 1274 1292 1343 γυναικῶν
1324 1292 1407 1337 τις
1437 1275 1781 1345 ἐμαστιγώθη
1810 1293 1906 1328 πο-

334 1372 413 1432 τὲ,
442 1370 473 1440 ἢ
501 1369 879 1440 ἑλιθοόολήθη;
913 1368 1176 1439 οὐδαμόσε
1205 1368 1476 1438 οὐδαμῶς.
1519 1369 1695 1439 Ἄλλῳ
1732 1370 1786 1422 δὲ
1811 1369 1905 1423 θα-

331 1464 479 1532 νάτῳ
511 1462 828 1532 τελευτῆσαι
857 1461 1105 1530 λέγονται
1135 1462 1408 1525 Μοντανός
1433 1479 1489 1515 τε
1513 1463 1607 1514 καὶ
1637 1461 1905 1532 Μαξίμιλ-

328 1554 418 1609 λα.
449 1553 682 1616 Τούτους
717 1553 827 1624 γάρ
856 1553 960 1606 ὑπὸ
986 1553 1292 1624 πνεύματος
1325 1553 1680 1624 βλαψίφρονος
1708 1554 1900 1606 ἐκατέ-

329 1663 458 1715 ρους
500 1647 943 1716 ὑποκινήσαντος,
997 1645 1153 1714 λόγος
1181 1647 1482 1717 ἀναρτῆσαι
1524 1646 1767 1710 ἑαυτοὺς,
1805 1646 1900 1715 οὐχ

323 1737 484 1808 ὁμοῦ,
518 1738 656 1792 κατὰ
688 1738 744 1790 δὲ
781 1737 870 1790 τὸν
900 1737 1000 1806 τῆς
1029 1738 1262 1790 ἑκάστου
1286 1738 1542 1808 τελευτῆς
1570 1738 1761 1807 καιρὸν
1795 1739 1899 1810 φή-

2016 541 2436 602 examinassent,
2484 548 2538 592 et
2587 539 2870 606 profanam
2930 547 3094 604 atque
3163 537 3381 604 impiam
3434 537 3581 602 judi-

2015 636 2250 691 cassent,
2284 628 2533 681 damnata
2579 627 2764 681 haeresi
2794 628 2879 680 isti
2907 628 2972 680 ab
3003 627 3238 695 Ecclesia
3262 638 3314 678 et
3344 626 3577 680 ﬁdelinut

2016 719 2394 774 communione
2424 719 2629 788 expulsi
2660 729 2806 773 sunt.
2841 738 2859 771 ι
2895 719 2988 772 llis
3021 721 3071 772 in
3109 719 3369 788 principio
3395 719 3578 787 operis

2014 811 2472 876 commemoratis,
2497 825 2560 864 ac
2585 825 2678 878 per
2705 820 2871 863 toturn
2923 811 3175 879 deinceps
3225 809 3418 863 librum
3449 823 3577 863 cou-

2015 900 2280 956 l’utatione
2311 901 2525 955 illorum
2558 903 2762 955 erroris
2793 901 3021 970 :tdjecta,
3060 902 3400 968 supradictus
3435 900 3574 953 scri-

2013 1003 2136 1064 ptor
2167 996 2220 1048 in
2246 996 2486 1050 secundo
2519 995 2655 1048 libro
2682 996 2746 1048 de
2779 994 2992 1048 illorum
3019 1011 3152 1062 quos
3183 994 3292 1048 dixi
3328 994 3476 1048 obitu
3503 993 3575 1048 ita

2013 1087 2207 1141 scribit
2239 1105 2250 1141 :
2295 1106 2313 1138 ι
2345 1088 2569 1153 Quando
2594 1088 2774 1157 igitur,
2821 1088 3016 1155 inquit,
3044 1087 3424 1156 prophetarum
3475 1101 3575 1140 nos

2013 1179 2391 1234 interfectores
2441 1189 2732 1244 vocarunt,
2782 1188 3061 1248 propterea
3116 1180 3256 1246 quod
3321 1179 3575 1248 loquaces

2012 1268 2246 1336 ipsorum
2278 1270 2568 1338 prophetas
2605 1283 2708 1320 non
2737 1269 3052 1322 admisimus
3099 1269 3224 1336 (hos
3252 1269 3398 1322 enim
3451 1284 3574 1323 esse

2010 1360 2298 1424 allirmant,
2327 1375 2462 1428 quos
2497 1360 2755 1415 Dominus
2787 1361 2982 1431 populo
3008 1377 3065 1414 se
3114 1364 3406 1415 missurum
3453 1377 3574 1416 esse

2010 1451 2366 1520 promiserit),
2402 1453 2764 1520 respondeant
2793 1454 2970 1515 nobis,
2998 1468 3200 1520 quaeso,
3229 1469 3324 1522 per
3356 1454 3521 1527 Deum
3555 1471 3568 1507 :

2008 1553 2160 1598 estne
2182 1543 2376 1612 aliquis
2418 1558 2606 1598 eorum
2637 1545 2727 1612 qui
2759 1545 2870 1615 jam
2896 1545 3022 1599 inde
3054 1561 3082 1598 a
3110 1545 3362 1600 Montano
3384 1556 3437 1601 et
3466 1564 3576 1600 mn-

2007 1635 2246 1690 liercnlis
2277 1635 2489 1704 garrire
2544 1637 2773 1704 primum
2823 1649 3122 1701 cmpernnt,
3159 1637 3252 1705 qui
3295 1656 3326 1692 a
3371 1636 3573 1693 Iudaeis

2005 1729 2435 1796 persecutionem
2469 1743 2658 1796 passus
2707 1728 2800 1793 sit,
2835 1737 2923 1781 aut
2985 1728 3051 1782 ab
3107 1729 3287 1796 impiis
3341 1732 3573 1785 trucida-

327 1803 404 1900 μη
437 1828 602 1900 πολλή
625 1846 636 1858 ·
689 1829 782 1881 καὶ
823 1803 967 1894 οὕτω
1002 1829 1058 1881 δὲ
1082 1829 1399 1900 τελευτῆσαι
1427 1803 1521 1883 κα).
1549 1830 1640 1882 τὸν
1666 1803 1778 1899 βίον

2008 1819 2134 1872 tus?
2160 1817 2328 1872 Nemo
2357 1831 2522 1873 certe.
2561 1819 2672 1874 Nec
2701 1834 2826 1874 vero
2854 1819 2993 1875 ullus
3014 1835 3204 1876 eorum
3248 1838 3346 1892 pro
3369 1823 3570 1879 Christi

322 1920 647 1993 ταστρέψαι,
681 1920 853 1974 Ἰούδα
878 1920 1137 1992 προδότου
1165 1921 1340 1992 δίκην.
1367 1920 1632 1993 Καθάπερ
1677 1922 1770 1975 καὶ
1811 1921 1900 1975 τὸν

323 2013 632 2083 θαυμαστὸν
661 2015 865 2066 ἐκεῖνον
894 2014 983 2066 τὸν
1016 2013 1231 2085 πρῶτον
1262 2015 1360 2084 τῆς
1385 2016 1506 2067 κατ’
1530 2014 1729 2078 αὐτοὺς
1752 2013 1899 2083 λεγο-

325 2105 494 2174 μένης
530 2104 865 2174 προφητείας
899 2099 1008 2157 οἷον
1058 2106 1349 2178 ἐπίτροπόν
1383 2106 1458 2177 (5)
1487 2123 1606 2158 τινα
1627 2106 1895 2170 Θεόδοτον,

322 2196 492 2258 πολὺς
542 2197 688 2268 αἱρεῖ
717 2195 872 2264 λόγος
907 2196 1003 2266 (4),
1049 2197 1124 2260 ὼς
1174 2197 1460 2268 αἰρόμενόν
1495 2214 1626 2249 ποτε
1653 2197 1746 2250 καὶ
1771 2198 1898 2250 ἀνα-

317 2286 727 2357 λαμϐανόμενον
766 2288 844 2350 εἰς
883 2287 1142 2357 οὐρανοὺς
1177 2287 1550 2358 παρεκστῆναί
1592 2287 1667 2358 (5)
1707 2305 1766 2340 τε
1805 2288 1897 2340 καὶ

322 2379 753 2432 καταπιστεῦσαι
777 2378 965 2432 ἑαυτὸν
990 2378 1068 2449 τῷ
1097 2379 1194 2448 τῆς
1228 2380 1441 2450 ἀπάτης
1483 2379 1773 2450 πνεύματι,
1800 2382 1895 2434 καὶ

321 2470 687 2536 δισκευθέντα,
711 2470 896 2533 κακῶς
921 2471 1258 2541 τελευτῆσαι.
1289 2471 1426 2524 Φασὶ
1455 2471 1584 2540 γοῦν
1621 2471 1776 2524 τοῦτο
1803 2471 1895 2524 οὖ-

321 2580 428 2625 τως
469 2563 766 2632 γεγονέναι.
798 2561 958 2616 Ἀλλά
1008 2563 1080 2633 μὴ
1131 2562 1258 2615 ἄνευ
1425 2561 1518 2615 τοῦ
1566 2562 1691 2615 ἰδεῖν
1723 2564 1890 2632 ἡμᾶς’

321 2654 641 2708 ἐπίστασθαί
682 2672 734 2707 τι
761 2654 870 2707 τῶν
909 2655 1161 2708 τοιούτων
1200 2655 1512 2725 νομίζομεν,
1559 2648 1603 2707 ὦ
1633 2655 1889 2724 μακάριε.

322 2746 482 2808 Ἴσως
516 2745 612 2815 μὲν
635 2744 742 2815 γὰρ
774 2743 964 2808 οὕτως,
1001 2746 1131 2808 ἴσως
1161 2746 1217 2798 δὲ
1247 2747 1346 2815 οὐχ
1378 2744 1550 2807 οὕτως
1582 2745 1894 2818 τετελευτή-

317 2851 446 2887 κασι
489 2835 762 2898 Μοντανός
803 2851 864 2886 τε
909 2835 1002 2887 καὶ
1032 2835 1283 2899 Θεόδοτος
1317 2837 1410 2888 καὶ
1447 2836 1480 2906 ἡ
1515 2836 1889 2907 προειρημένη
1951 2904 1958 2911 _

318 2928 474 2996 γυνή.
508 2946 524 2970 ι
559 2922 727 2989 Αὖθις
774 2926 816 2978 δ’
854 2928 911 2979 ὲν
947 2926 1026 2997 τῷ
1064 2925 1211 2996 αὐτῷ
1256 2943 1386 2996 φησι
1413 2926 1576 2997 λόγῳ,
1618 2929 1743 2991 τοὺς
1771 2929 1889 2980 τότε

319 3018 497 3086 ἱεροὺς
539 3017 872 3080 ἐπισκόπους
917 3015 1276 3088 πεπειρᾶσθαι
1322 3017 1416 3086 μὲν
1445 3016 1505 3069 τὸ
1534 3019 1590 3069 ὲν
1618 3021 1684 3088 τῇ
1720 3015 1892 3082 Μαξι-

319 3106 480 3179 μίλλῃ
501 3105 714 3176 πνεῦμα
734 3105 1018 3174 διελέγξαι,
1047 3105 1388 3160 κεκωλύσθαι
1421 3106 1477 3158 δὲ
1507 3107 1640 3177 πρὸς
1666 3107 1886 3176 ἑτέρων,
1918 3149 1960 3206 C

317 3197 718 3268 συνεργούντων
745 3197 944 3269 δηλαδὴ
971 3196 1048 3267 τῷ
1073 3195 1363 3268 πνεύματι.
1387 3197 1590 3268 Γράφει
1615 3197 1671 3250 δὲ
1695 3196 1885 3260 οὕτως’

320 3311 340 3335 σ
374 3291 484 3344 Καὶ
532 3292 606 3362 μὴ
646 3290 848 3359 λεγέτω
876 3293 933 3344 ἐν
961 3291 1037 3362 τῷ
1065 3291 1214 3361 αὐτῷ
1247 3291 1390 3361 λόγῳ
1429 3290 1506 3360 τῷ
1537 3291 1678 3344 κατὰ
1706 3291 1888 3342 Ἀστέ-

320 3401 430 3454 ριον
456 3383 730 3456 Ούρὸανδν
761 3383 836 3453 (7)
863 3384 924 3436 τὸ
948 3383 1035 3437 διὰ
1068 3382 1406 3454 Μαξιμξλλης
1437 3379 1670 3454 πνεῦμα,
1698 3381 1888 3436 διώκο-

387 3564 998 3636 (1)ΫἈμετρορώνους.
1037 3565 1238 3636 Alludil
1275 3567 1342 3627 ad
1389 3565 1689 3634 epitltelum
1729 3565 1881 3628 illud,

319 3652 421 3703 quo
456 3635 719 3690 Homerus
747 3635 798 3690 in
849 3635 1019 3690 Iliade
1066 3635 1370 3690 Tltersitem
1407 3636 1609 3705 affecit,
1659 3637 1889 3705 ἀμετρο-

319 3707 474 3777 επής,
505 3708 664 3777 quod
698 3708 837 3761 idem
883 3717 964 3760 est
988 3722 1052 3760 ac
1087 3706 1422 3774 falsiloquus.
1449 3704 1582 3758 Nam
1609 3704 1711 3775 qui
1736 3722 1886 3777 tuen-

321 3776 545 3838 tiuntur,
579 3776 780 3830 nullum
817 3777 869 3828 in
908 3777 1136 3831 dicendo
1164 3779 1377 3830 modum
1413 3791 1634 3829 servare
1683 3776 1881 3830 solent.

386 3847 463 3916 (2)
504 3845 673 3914 Ὑπὲρ
726 3846 832 3900 τοῦ
877 3847 1180 3915 ὀνόματος.
1214 3847 1269 3899 In
1322 3845 1629 3914 Nicephoro
1691 3845 1886 3914 legitur

319 3917 455 3987 ὑπὲρ
485 3916 578 3970 τοῦ
611 3917 797 3987 νόμου,
830 3917 968 3984 quod
999 3932 1103 3969 non
1142 3917 1345 3987 probo;
1381 3916 1704 3987 subauditur
1738 3916 1882 3987 enim

315 3987 408 4041 τοῦ
428 3985 688 4054 Χριστοῦ,
719 3999 775 4039 ut
800 3987 1021 4041 Ruﬁnus
1043 3997 1097 4040 et
1125 3985 1646 4048 Cltristopltorsonns
1669 3986 1885 4054 supple-

318 4005 408 4041 του
432 4004 477 4040 Ᾱ
521 4004 688 4050 ιστου,
719 4004 775 4039 ιιι
800 4004 1021 4041 ιὶιιιιηιιε
1043 4004 1097 4040 BI
1125 4004 1646 4048 hlll'lSlODllOl'SOllllS
1669 4004 1883 4054 Sllpple-

318 4059 413 4112 vit.
459 4004 551 4112 Sec
582 4056 719 4111 intra
767 4073 889 4128 cap.
934 4056 1001 4111 18
1053 4056 1295 4126 loquitur
1319 4055 1659 4124 Apollonius,
1689 4055 1778 4109 ubi
1817 4057 1883 4110 de

315 4128 640 4182 AJexandro.

311 4213 320 4264 ι
382 4198 464 4270 (5)
519 4194 666 4270 οἴσῃ
707 4199 1048 4270 ἐπίτροπον.
1109 4197 1339 4270 Ruﬁnus
1393 4197 1506 4270 litaec
1554 4199 1716 4270 verba
1775 4211 1882 4250 non

313 4267 580 4336 agnoscit.
614 4268 706 4322 Sic
729 4269 872 4321 enim
904 4271 1082 4334 vertit,
1123 4267 1280 4321 veluti
1332 4268 1732 4336 primogenitum
1763 4284 1886 4332 pro-

310 4341 503 4406 phetia:
530 4340 786 4404 ipsorum,
827 4337 1147 4391 Theodotum
1203 4337 1428 4390 nomine.
1457 4337 1657 4392 Omnes
1700 4347 1879 4390 tamen

309 4409 529 4462 codices
549 4419 604 4461 et
630 4408 970 4476 Nicephorus
995 4409 1134 4463 hanc
1164 4422 1350 4460 vocem
1373 4417 1716 4477 agnoscunt.
1755 4407 1883 4460 Erat

310 4480 451 4546 apud
489 4478 848 4532 Montanistas
901 4494 1026 4534 arca
1065 4478 1331 4547 quaedam,
1367 4476 1620 4546 inquam
1667 4477 1879 4531 sodales

308 4550 502 4616 stipem
557 4549 923 4617 conjiciebant
977 4551 1044 4602 ad
1098 4547 1482 4615 prOphetarum
1539 4547 1873 4601 alimoniam.

307 4617 525 4690 Primus
547 4617 856 4672 Theodotus
884 4619 1041 4690 hujus
1089 4633 1440 4690 arcaecuram
1484 4618 1672 4690 gessit,
1719 4632 1876 4683 quem

309 4688 518 4742 idcirco
549 4688 965 4755 procuratorem
994 4688 1292 4758 prophetia:
1321 4688 1407 4741 hic
1431 4689 1667 4755 scriptor
1695 4698 1872 4750 vocat,

307 4761 449 4825 quod
485 4758 692 4814 reditus
739 4759 947 4812 illorum
998 4757 1056 4812 et
1110 4757 1305 4826 pra-dia
1352 4767 1686 4824 procuraret.
1747 4759 1878 4811 Erat

309 4828 516 4897 alioqui
573 4827 855 4883 Montanus
888 4845 1012 4884 cum
1053 4832 1165 4883 suis
1218 4828 1599 4896 prophetissis,
1648 4843 1876 4895 magnus

307 4907 628 4964 :ernscator,
664 4900 755 4968 qui
785 4902 1067 4968 pecuniam
1117 4899 1353 4964 undique
1380 4897 1690 4950 corraderet
1726 4898 1875 4968 obla-

311 4968 521 5021 tionum
572 4967 1027 5036 speCie.Salaria
1076 4968 1239 5021 etiam
1292 4968 1532 5035 praebere
1561 4968 1755 5020 solitus
1809 4967 1876 5021 iis

308 5039 400 5106 qui
435 5039 738 5092 doctrinam
768 5055 917 5094 suam
949 5039 1326 5107 praedicarent,
1360 5045 1416 5092 ut
1467 5037 1658 5091 scribit
1714 5037 1878 5105 Apol«

308 5107 488 5164 Ionius
527 5111 666 5176 apud
712 5109 1003 5163 Eusebium
1040 5110 1091 5161 in
1145 5109 1321 5174 capite
1355 5108 1629 5172 sequenti.
1682 5108 1874 5160 Arcam

308 5178 473 5248 igitur
507 5193 602 5232 seu
629 5178 815 5233 ﬁscuut
843 5180 1089 5232 habuerit
1128 5193 1351 5231 necesse
1390 5185 1576 5248 θείνει
1619 5192 1876 5245 procura-

309 5247 483 5302 torem
525 5249 727 5313 :erarii,
756 5249 848 5316 qui
885 5249 1101 5310 salaria,
1138 5247 1189 5299 id
1215 5258 1296 5302 est
1331 5247 1588 5315 pecunias
1615 5263 1870 5301 numera-

311 5318 480 5370 retiis
513 5320 710 5384 quibus
743 5317 1028 5371 Montanus
1057 5320 1395 5374 decreverat.

301 5403 311 5466 ξ
378 5386 454 5466 (εξ)
477 5387 692 5466 ,Πολὺς
723 5387 877 5466 αἱρεῖ
893 5389 1108 5466 ζὶόγος..
1129 5386 1184 5466 l_n
1213 5387 1398 5466 codice
1426 5386 1703 5466 Medicam,
1737 5385 1872 5466 Mea.

308 5466 362 5510 et
389 5455 531 5530 'Ffuk.
568 5455 933 5530 Ιθεὶῑυιῇὲρεῖ.
959 5455 1110 5530 Apud
1138 5457 1428 5530 Eusebium
1482 5470 1658 5512 tamen
1692 5460 1743 5510 iu
1780 5458 1872 5512 lib.

299 5542 398 5600 lrut
433 5529 518 5584 bis
554 5531 628 5581 ita
683 5527 1064 5600 scribitur,nt
1097 5528 1199 5600 hoc
1223 5527 1352 5600 loco
1393 5530 1653 5600 scriptum
1701 5530 1872 5600 vides,

296 5597 467 5663 ἱπολὺς
501 5602 649 5670 αἱρεῖ
682 5598 862 5670 λόγος,
899 5597 1322 5670 ubiaipsiidem
1363 5599 1502 5652 valet
1535 5614 1596 5653 ac
1627 5599 1836 5668 κρατεῖ.

370 5670 441 5743 (5)
472 5666 921 5743 Παρεκστῇναι.
974 5666 1109 5743 Male
1163 5668 1482 5743 interpretes
1525 5666 1710 5743 omnes
1737 5671 1874 5721 hunc

291 5738 467 5799 locum
498 5738 727 5811 cepero.
757 5738 1134 5808 Παρεκστῆναι
1160 5748 1239 5794 cst
1270 5738 1404 5793 [also
1427 5741 1620 5795 utentis
1648 5755 1870 5794 excessu

2004 1910 2222 1964 nomine
2251 1911 2574 1978 prehensus,
2607 1910 2660 1965 in
2692 1927 2913 1967 crucem
2937 1923 3090 1970 actus
3117 1925 3241 1970 est:
3274 1917 3366 1970 sed
3399 1932 3571 1985 neque

2004 2001 2106 2055 ulla
2132 2002 2325 2056 mulier
2357 2004 2410 2055 in
2447 2001 2753 2060 Iudaeorum
2788 2010 3076 2076 synagogis
3115 2007 3404 2079 autﬁagris
3430 2025 3567 2064 cassa

2001 2105 2094 2147 aut
2121 2095 2387 2163 lapidibus
2414 2096 2657 2166 impetita
2693 2109 2798 2152 est.
2875 2098 3148 2170 Nusquam
3179 2101 3438 2171 profecto,
3468 2117 3569 2158 nec

2001 2201 2254 2255 unquam.
2334 2187 2444 2241 luto
2473 2188 2634 2256 longe
2659 2189 2766 2243 alio
2809 2192 3002 2245 mortis
3049 2207 3246 2260 genere
3294 2195 3569 2251 interiisse

1999 2280 2252 2334 dicuntur
2283 2279 2564 2336 Montanus
2609 2289 2662 2335 et
2696 2280 3010 2340 Maximilla.
3062 2288 3238 2340 Ambo
3283 2289 3448 2353 enim,
3512 2299 3568 2342 ut

1998 2369 2138 2423 fama
2163 2379 2268 2434 est,
2291 2371 2358 2424 ab
2381 2369 2574 2425 insano
2599 2371 2790 2440 spiritu
2827 2372 3059 2439 incitati,
3093 2374 3284 2442 laqueo
3313 2377 3415 2430 sibi
3466 2392 3565 2445 gu-

1997 2460 2102 2516 lam
2125 2461 2402 2532 l'regerunt
2431 2480 2446 2516 :
2481 2479 2587 2518 non
2613 2463 2830 2533 quidem
2863 2465 3044 2530 simul,
3068 2468 3159 2520 sed
3185 2482 3297 2522 suae
3333 2469 3564 2538 quisque

1995 2556 2188 2612 mortis
2238 2564 2480 2625 tempore
2515 2576 2528 2610 :
2562 2566 2724 2625 atque
2762 2558 2836 2611 ita
2871 2558 3044 2613 instar
3097 2561 3388 2626 proditoris
3417 2560 3566 2618 Inda:

1994 2649 2160 2705 vitam
2198 2649 2472 2704 ﬁnierunt.
2550 2648 2644 2704 Sic
2673 2650 2837 2703 etiam
2889 2651 3223 2707 admirabilis
3255 2653 3346 2708 ille
3389 2653 3566 2710 Theo-

1996 2740 2174 2804 dotus,
2208 2740 2299 2808 qui
2338 2740 2546 2810 primus
2576 2741 2874 2809 prophetiae
2919 2741 3130 2796 illorum
3180 2744 3334 2814 quasi
3371 2760 3568 2813 procn-

1995 2841 2144 2887 rator
2169 2831 2387 2900 quidam
2429 2831 2548 2896 fuit,
2581 2832 2932 2901 plurimorum
2963 2848 3214 2888 sermone
3249 2837 3565 2903 perhibetur

1994 2923 2134 2981 falso
2165 2926 2358 2979 mentis
2379 2941 2604 2980 excessu
2631 2925 2886 2992 abreptus
2929 2923 3118 2992 fuisse,
3163 2927 3385 2995 perinde
3417 2944 3478 2983 ac
3518 2931 3562 2982 si

1994 3016 2263 3072 levaretur
2292 3017 2580 3086 aliquando
2607 3026 2661 3070 et
2681 3027 3051 3070 assumeretur
3073 3018 3123 3070 in
3150 3019 3345 3072 ctelum
3375 3036 3389 3073 :
3415 3035 3566 3074 cum-

1992 3122 2103 3177 que
2128 3122 2186 3161 se
2223 3115 2392 3162 totum
2417 3106 2923 3162 fraudulentissimo
2958 3107 3172 3175 spiritui
3206 3109 3560 3175 permisisset,

1995 3203 2062 3255 ab
2091 3216 2155 3256 eo
2188 3202 2239 3254 in
2271 3200 2438 3254 altum
2493 3200 2730 3268 iactatus
2768 3199 3064 3254 miserabili
3114 3199 3260 3254 exitu
3315 3202 3559 3270 periisse.

1997 3291 2060 3346 Et
2090 3291 2141 3344 id
2171 3289 2384 3360 quidem
2416 3289 2484 3342 ita
2515 3289 2715 3342 factum
2751 3303 2870 3344 esse
2902 3298 3146 3343 narrant.
3175 3287 3280 3344 Sed
3305 3291 3558 3358 quoniam

1994 3382 2097 3452 ipsi
2132 3398 2239 3437 nou
2258 3381 2511 3450 vidimus,
2540 3397 2876 3452 nequaquam
2897 3383 3267 3438 existimamus
3291 3397 3386 3438 nos
3409 3383 3562 3453 quid-

1992 3565 2196 3638 abripi.
2218 3564 2311 3620 Sic
2341 3565 2711 3638 παρέκστασις
2737 3582 2897 3636 supra
2933 3565 3186 3631 sumitur,
3223 3567 3285 3638 id
3323 3575 3405 3638 est
3430 3565 3562 3620 falsa

1997 3637 2251 3690 exstasis.
2284 3637 2590 3691 Suut’enim
2633 3653 2768 3691 verae
2799 3647 3044 3692 exstases
3075 3638 3128 3690 in
3159 3637 3428 3702 Ecclesia,
3466 3651 3564 3689 cn-

1990 3703 2223 3772 iusmodi
2257 3706 2356 3760 fuit
2383 3708 2527 3762 Petri
2571 3708 2818 3774 apostoli,
2851 3708 2902 3760 in
2927 3705 3164 3771 Actibus,
3189 3723 3308 3776 cap.
3347 3723 3380 3762 Χ
3407 3717 3460 3776 et
3483 3722 3558 3768 XI,

1997 3777 2084 3829 ubi
2115 3777 2307 3830 Petrus
2328 3778 2525 3831 vidisse
2545 3777 2746 3830 dicitur
2773 3778 2823 3830 in
2852 3777 3053 3829 exstasi
3079 3775 3375 3831 visionem.
3412 3775 3558 3831 Talis

1995 3846 2124 3899 item
2164 3846 2267 3900 fuit
2299 3848 2532 3900 exstasis
2574 3845 2724 3899 Pauli
2765 3847 3015 3915 apostoli,
3049 3861 3171 3899 cum
3219 3846 3282 3899 ad
3341 3848 3557 3901 tertium

1993 3931 2168 3984 usque
2198 3917 2394 3972 coelum
2421 3917 2676 3984 abreptus
2701 3926 2801 3971 est.
2834 3916 3132 3969 Puerorum
3185 3931 3398 3986 quoque
3459 3933 3557 3969 ex-

1990 3995 2163 4056 stases
2212 3987 2265 4040 in
2317 3986 2681 4056 testimonium
2739 3987 3080 4039 adducuntur
3122 4001 3152 4040 a
3194 3985 3463 4056 Cypriano
3503 3987 3557 4040 in

1991 4055 2230 4125 Epistola
2257 4071 2418 4111 nona.
2450 4055 2587 4110 Sunt
2613 4057 2737 4110 item
2765 4056 2913 4110 falsa:
2935 4065 3180 4111 exstases
3215 4055 3354 4124 apud
3387 4055 3560 4110 haere-

1995 4127 2154 4190 ticos,
2188 4142 2304 4196 quae
2336 4127 2733 4198 παρεκστάσεις
2762 4126 3042 4195 eleganter
3077 4127 3334 4198 dicuntur
3359 4127 3436 4198 ab_
3458 4127 3560 4198 hoc

2005 4195 2300 4269 scriptore,
2367 4195 2558 4269 eodem
2595 4199 2754 4251 modo
2779 4213 2886 4269 quo
2917 4195 3380 4269 mpuﬁwpﬁcoaet;
3411 4195 3560 4269 falsa

1991 4267 2395 4336 emendationes
2421 4267 2680 4321 dicuntur
2724 4283 2754 4320 a
2787 4267 3086 4336 Porphyrio
3137 4267 3190 4323 in
3233 4267 3557 4333 Quwstioni-

1990 4337 2083 4407 bus
2116 4335 2428 4392 Homericis.
2476 4337 2546 4391 Et
2587 4338 2670 4391 ha:
2704 4338 2921 4407 quidem
2955 4335 3105 4393 falsae
3128 4348 3394 4401 exstases,
3426 4352 3554 4405 pro-

1988 4406 2111 4474 pius
2133 4407 2196 4476 ad
2227 4407 2461 4462 turorem
2482 4406 2766 4472 accedunt,
2801 4416 2987 4476 utpote
3027 4423 3054 4461 a
3088 4409 3334 4463 diemone
3358 4423 3556 4475 procu—

1986 4486 2138 4547 ratze.
2167 4475 2276 4532 Illa:
2301 4492 2432 4532 vero
2460 4493 2580 4547 quae
2621 4493 2650 4532 a
2700 4475 2885 4533 divino
2927 4479 3134 4546 Spiritu
3168 4479 3553 4544 immittuntur,

1984 4546 2211 4618 placidae
2233 4557 2381 4611 sunt,
2407 4546 2507 4602 nec
2537 4558 2735 4602 statum
2773 4549 2973 4603 mentis
3018 4549 3127 4603 ullo
3159 4549 3317 4603 modo
3339 4558 3557 4618 pertur-

1983 4617 2134 4681 bant,
2165 4626 2223 4670 ut
2272 4620 2428 4673 docet
2480 4618 2810 4687 Epiphanius
2841 4621 2895 4672 in
2933 4619 3124 4689 ltmresi
3182 4617 3557 4689 cataphryga-

1986 4702 2129 4752 rum,
2165 4698 2216 4742 et
2249 4689 2334 4742 hic
2368 4700 2562 4743 auctor
2591 4689 2978 4743 innominatus.
3021 4688 3201 4754 Quare
3229 4688 3436 4742 fallitur
3463 4688 3555 4742 Ni-

1983 4757 2166 4811 colaus
2216 4757 2503 4827 Rigaltius,
2551 4759 2640 4827 qui
2685 4760 2739 4813 in
2797 4760 2940 4812 notis
2978 4761 3092 4815 suis
3143 4761 3208 4814 ad
3270 4759 3554 4828 epistolam

1985 4843 2181 4899 nonam
2212 4829 2493 4899 Cypriani,
2523 4839 2771 4884 exstases
2807 4829 3042 4899 furorem
3091 4840 3146 4886 et
3178 4829 3552 4883 alienationem

1982 4898 2166 4968 mentis
2191 4898 2578 4968 interpretatus
2603 4909 2708 4954 est.
2738 4899 2853 4953 Non
2886 4898 2958 4952 ita
2983 4898 3367 4968 Hieronymus,
3395 4899 3552 4966 cujus

1982 4967 2103 5020 hare
2149 4977 2274 5022 sunt
2302 4967 2464 5023 verba
2503 4971 2568 5023 ad
2601 4970 2829 5023 Suniam
2883 4979 2938 5022 et
2986 4967 3257 5024 Fretelam
3320 4987 3335 5023 :
3382 4969 3554 5022 Aliter

1981 5039 2115 5118 enim
2146 5037 2366 5118 Latin-us
2417 5056 2585 5093 sermo
2618 5039 3192 5110 ἔκστασινεκρνὴηειέ
3248 5055 3349 5092 non
3387 5049 3552 5108 potest

1981 5110 2084 5160 nisi
2117 5127 2134 5157 ‹
2155 5110 2337 5162 mentis
2368 5125 2651 5164 excessum.
2693 5123 2710 5158 ι

2052 5177 2130 5248 (6)
2166 5177 2339 5250 Ἀᾅλὰ
2350 5179 2436 5249 μὴ
2456 5181 2622 5234 ἄνευ.
2645 5182 2737 5236 Sic
2751 5183 2804 5236 in
2823 5181 2980 5236 codd.
2998 5180 3188 5250 Regio,
3211 5179 3371 5245 Μυκη
3388 5177 3548 5242 Fuk.,

1983 5247 2178 5301 Sav.et
2200 5249 2336 5302 Med.
2353 5247 2628 5322 iscriptnm
2647 5255 2847 5322 reperi.
2873 5268 3034 5321 quam
3056 5247 3340 5306 lectionem
3369 5251 3548 5304 verio-

1982 5333 2242 5397 rem_esse
2268 5321 2548 5397 existimo
2564 5321 2725 5397 quam
2747 5322 2882 5397 ἀλλά
2897 5325 3029 5397 μήν,
3047 5337 3279 5397 eamque
3332 5331 3550 5374 secutus

1981 5387 2371 5464 estMusculus.
2401 5391 2469 5444 At
2487 5387 3019 5464 Cltristophorsotms
3043 5387 3311 5464 ἄλλα“μήν
3339 5399 3544 5456 tuetur,

1981 5459 2201 5531 haecque
2235 5476 2329 5528 per
2342 5459 2833 5531 interrogationem
2863 5463 2966 5517 dici
2992 5459 3292 5519 existimat.

2051 5528 2128 5595 (7)
2175 5530 2271 5582 Ἐν
2291 5528 2372 5594 τῷ
2395 5529 2554 5596 αὐτῷ
2569 5528 2743 5600 ’λόγῳ
2770 5532 2849 5598 τῷ
2873 5531 3022 5586 κατὰ
3067 5532 3372 5600 Ἀστέριον⁹
3397 5533 3546 5599 Οὐρ-

1981 5599 2185 5653 ϐανόν.
2220 5601 2342 5654 Μαῖα
2359 5602 2519 5655 verba
2545 5599 2786 5655 scholton
2804 5618 2926 5657 esse
2956 5605 3086 5656 mihi
3106 5599 3376 5665 videntur,
3402 5603 3544 5670 quod

1982 5679 2137 5724 vetus
2185 5671 2402 5739 quidam
2453 5671 2799 5736 scltoliastes,
2850 5688 2943 5727 seu
2985 5673 3250 5728 Eusebius
3303 5673 3439 5738 ipse,
3477 5673 3544 5724 ad

1982 5741 2278 5810 marginem
2318 5740 2439 5799 libri
2473 5743 2553 5798 sui
2589 5744 2941 5799 adnotat-erat
2973 5743 3039 5798 ad
3093 5760 3155 5800 ea
3207 5747 3370 5798 verba
3423 5757 3544 5810 quae
