4012 6256
1441 349 1790 405 HISTORle
1832 348 2393 405 ECCLESIASTICE
2431 347 2559 402 LIB.
2602 345 2666 403 ν.
3567 344 3650 400 ιῖέ

2029 483 2076 536 Α
2647 433 2896 516 CAPUT
2936 461 3098 516 xvn.

954 467 1346 520 ΚΕΦΑΛΑΙΟΝ
1380 469 1479 520 lZ'.

549 559 687 626 Περὶ
731 558 1056 613 Μιλτιάδου
1095 559 1190 612 καὶ
1226 554 1313 612 ὧν
1339 558 1634 622 συνέταξε
1661 560 1855 627 λόγων

939 631 1078 695 (Νη.
1119 630 1188 682 li.
1220 629 1288 686 Ε.
1318 645 1391 692 tv,
1420 630 1535 698 24).

501 721 588 774 Ἑν
615 720 793 791 τούτῳ
829 721 886 774 δὲ
914 720 992 791 τῷ
1022 721 1410 791 συγγράμματι
1435 721 1526 773 καὶ
1547 719 1835 772 Μιλτιάδου
1864 735 1991 786 συγ-

410 814 672 886 γραφέως
729 813 998 884 μέμνηται
1045 813 1142 883 (9),
1207 813 1282 876 ὡς
1322 812 1477 881 λόγον
1524 813 1645 866 τινὰ
1697 815 1788 866 καί⁹
1830 812 1992 866 αὑτοῦ

412 905 559 958 κατὰ
584 907 681 976 τῆς
712 905 1113 976 προειρημένης
1138 904 1396 975 αἱρέσεως
1426 905 1778 974 γεγραφότος.
1812 906 1996 976 Παρα-

413 996 644 1068 θὲμενος
671 997 801 1066 γοῦν
849 995 1024 1050 αὐτῶν
1056 996 1228 1062 λέξεις
1271 995 1452 1060 τινὰς,
1490 996 1750 1068 ἐπιφέρει·
1787 997 1988 1066 λέγων’

420 1111 440 1140 ι
483 1090 666 1143 Ταῦτα
698 1088 873 1160 εὑρὼν
906 1088 960 1140 ἐν
989 1105 1095 1140 τινι
1139 1087 1528 1158 συγγράμματι
1569 1086 1747 1139 αὐτῶν
1780 1088 1992 1140 ἐνιστα-

419 1182 601 1250 μένων
632 1181 706 1251 τῷ
730 1178 1018 1232 Μιλτιάδου
1045 1176 1136 1230 τοῦ
1171 1175 1397 1245 ἀδελφοῦ
1437 1177 1826 1247 συγγράμματι
1857 1176 1990 1246 (10),

414 1278 483 1328 ὲν
510 1268 552 1342 ᾧ
581 1271 924 1326 ἀποδείκνυσι
953 1270 1084 1340 περὶ
1115 1268 1206 1322 τοῦ
1241 1267 1315 1339 μὴ
1337 1267 1446 1320 δεῖν
1474 1269 1760 1338 προφήτην
1810 1269 1866 1319 ἐν
1907 1269 1996 1320 ἐκ·

418 1368 609 1421 στάσει
647 1356 859 1425 λαλεῖν,
909 1361 1272 1430 ἐπετεμόμην.
1329 1380 1346 1410 ι
1407 1359 1784 1422 ’Υποκαταϐὰς
1830 1359 1886 1411 δὲ
1935 1360 1994 1412 ὲν

415 1455 602 1526 ταὺτῷ
632 1455 757 1516 τοὺς
787 1451 924 1505 κατὰ
958 1452 1053 1522 τὴν
1074 1448 1278 1520 Καινὴν
1305 1448 1576 1519 Διαθήκην
1615 1466 1992 1519 προπεφητευ-

415 1549 582 1610 κότας
610 1545 917 1612 καταλέγει,
935 1545 992 1594 ἐν
1013 1536 1093 1605 οἷς
1125 1543 1453 1613 καταριθμεῖ
1495 1542 1729 1612 Ἀμμίαν
1755 1541 1874 1594 τινὰ
1901 1541 1994 1594 καὶ

416 1640 714 1711 Κοδρᾶτον,
741 1637 914 1704 λέγων
938 1633 1107 1696 οὕτως
1129 1651 1142 1663 ·
1176 1653 1193 1684 ι
1245 1633 1382 1686 Ἀλλ’
1424 1634 1515 1702 ὅγε
1548 1632 1994 1704 ψευδοπροφήτης

416 1735 480 1786 ὲν
501 1728 871 1802 παρεκστέισει
901 1727 1036 1794 (Η),
1069 1719 1112 1793 ᾧ
1137 1727 1324 1778 ἕπεται
1352 1724 1501 1778 ἄδεια
1527 1725 1619 1777 καὶ
1646 1725 1864 1793 ἀφοϐία,
1893 1725 1992 1795 ἀρ-

415 1826 646 1896 χόμενος
682 1823 778 1892 μὲν
822 1819 882 1884 ἐξ
921 1818 1166 1871 ἑκουσίου
1198 1817 1466 1887 ἀμαθίας,
1513 1817 1904 1888 καταστρέφων
1937 1817 1993 1869 δὲ

415 1920 499 1980 εἰς
549 1914 802 1969 ἀκούσιον
837 1911 1031 1983 μανίαν
1063 1909 1268 1980 ψυχῆς,
1300 1909 1374 1972 ὡς
1424 1909 1762 1980 προείρηται.
1792 1909 1990 1962 Τοῦτον

413 2008 472 2061 δὲ
511 2008 601 2060 τὸν
652 2005 884 2078 τρόπον,
939 2000 1061 2056 οὔτε
1107 2000 1226 2053 τινὰ
1270 1999 1376 2053 τῶν
1419 2000 1559 2054 κατὰ
1593 2000 1688 2072 τὴν
1729 1999 1991 2064 Παλαιὰν,

414 2100 538 2152 οὔτε
569 2098 675 2151 τῶν
703 2096 844 2150 κατὰ
877 2095 976 2166 τὴν
1008 2093 1215 2162 Καινὴν
1245 2091 1825 2163 πνευματοφορηθὲντα
1856 2107 1990 2164 προ·-

415 2191 590 2258 φήτην
617 2188 783 2253 δείξαι
806 2186 1140 2257 δυνήσονται,
1167 2181 1289 2234 οὔτε
1321 2182 1580 2249 Ἀγαϐον,
1614 2180 1738 2234 οὔτε
1773 2179 1990 2244 Ἰούδαν,

413 2278 538 2331 οὔτε
570 2277 748 2336 Σίλαν,
785 2274 907 2327 οὔτε
938 2273 1034 2336 τὰς
1065 2273 1328 2325 Φιλίππου
1364 2271 1694 2342 Θυγατέρας,
1727 2268 1849 2322 οὔτε
1893 2269 1991 2341 τὴν

415 2371 471 2417 ἐν
497 2365 848 2436 Φιλαδελφεία
890 2363 1124 2434 Ἀμμίαν
1145 2403 1158 2427 ,
1198 2361 1319 2415 οὔτε
1357 2361 1627 2433 Κοδρᾶτον
1647 2401 1662 2424 ,
1690 2359 1810 2412 οὔτε
1837 2361 1991 2426 τινὰς

414 2460 605 2521 lintea;
628 2458 738 2528 (ΓΞ)
766 2457 930 2528 μηδὲν
959 2457 1139 2519 αὐτοῖς
1160 2455 1533 2526 προσήκοντας
1559 2455 1938 2523 καυχήσονται.
1967 2473 1985 2504 ι

417 2548 581 2613 Αὖθις
617 2550 672 2602 δὲ
709 2549 845 2618 μετὰ
873 2548 1096 2620 βραχέα,
1123 2548 1296 2600 ταῦτά
1328 2563 1489 2617 φησιν
1509 2563 1521 2575 ·
1565 2565 1582 2596 ι
1625 2546 1687 2598 El
1713 2545 1819 2617 γὰρ
1853 2547 1991 2616 μετὰ

416 2644 687 2714 Κῶρὰτον
724 2645 816 2696 καὶ
844 2643 942 2712 τὴν
981 2644 1037 2694 ἐν
1080 2639 1431 2711 Φιλαδελφείᾳ
1479 2639 1741 2706 Ἀμμίαν,
1784 2639 1857 2704 ὣς
1891 2658 1992 2710 φα-

419 2735 622 2797 σιν,“αἱ
650 2735 777 2804 περὶ
825 2732 1098 2787 Μοντανὸν
1137 2729 1436 2794 διεδέξαντο
1464 2733 1716 2798 γυναῖκες
1760 2733 1820 2783 τὸ
1857 2748 1990 2802 προ-

417 2826 644 2895 φητικὸν
689 2824 932 2896 χάρισμα
957 2865 972 2889 ,
1000 2824 1122 2884 τοὺς
1166 2822 1273 2876 ἀπὸ
1322 2821 1598 2875 Μοντανοῦ
1636 2825 1728 2875 καὶ
1760 2823 1868 2875 τῶν
1898 2841 1992 2891 γυ-

417 2918 617 2972 ναικῶν
648 2919 794 2982 τίνες
836 2918 961 2988 παρ’
1012 2917 1193 2978 αὐτοῖς
1243 2914 1576 2978 διεδέξαντο,
1626 2915 1986 2979 δειξάτωσανο

416 3011 525 3064 δεῖν
547 3011 657 3082 γὰρ
685 3007 824 3064 εἶναι
870 3010 930 3062 τὸ
955 3007 1290 3079 προφητικὸν
1335 3007 1578 3078 χάρισμα
1627 3008 1684 3060 ἐν
1729 3011 1877 3078 πάσῃ
1923 3013 1987 3080 τῇ

429 3103 720 3173 Ἐκκλησία
755 3101 916 3173 μέχρι
952 3101 1050 3169 τῆς
1096 3099 1307 3162 τελείας
1334 3099 1634 3170 παρουσίας
1655 3102 1711 3163 ,ὁ
1739 3097 1990 3154 unum-

416 3197 504 3257 λος
532 3195 701 3260 ἀξιοῖ·
729 3193 842 3246 ἀλλ’
872 3194 970 3245 οὐκ
994 3192 1057 3244 ἂν
1085 3192 1254 3260 ἔχοιεν
1279 3190 1446 3255 δείξαι
1471 3192 1992 3261 τεσσαρεσκαιδέκα-

414 3306 503 3341 τον
532 3288 632 3358 ἦδη
665 3304 766 3340 που
804 3287 961 3339 τοῦτο
999 3286 1116 3360 ἔρος
1159 3287 1264 3339 ἀπὸ
1303 3287 1400 3356 τῆς
1429 3285 1772 3357 Μαξιμίλλης
1800 3287 1986 3339 τελευ-

414 3381 528 3451 τῆς.
570 3401 589 3432 ι
629 3376 794 3442 Οὗτος
823 3379 920 3450 μὲν
949 3379 1012 3450 δὴ
1041 3377 1292 3432 τοσαῦτα.
1341 3378 1397 3431 '0
1433 3378 1499 3446 γέ
1531 3395 1612 3432 τοι
1661 3379 1795 3450 πρὸς
1823 3376 1986 3432 (ιῦτοὖ

485 3544 561 3613 (9)
611 3539 1349 3613 lilt.lttd§ov...'jtéyrqtat.
1405 3541 1482 3595 Ex
1529 3541 1615 3597 his
1651 3549 1797 3610 patet
1825 3557 1984 3598 error

419 3611 734 3683 Hieronymi
762 3613 810 3664 in
840 3611 933 3683 lib.
971 3611 1044 3663 De
1074 3611 1418 3683 scriptoribus
1463 3613 1850 3683 ecclesiasticis,
1892 3614 1980 3667 uhi

424 3688 532 3737 haec
570 3680 803 3736 scribit:
831 3680 1118 3743 Miltiades,
1155 3681 1309 3747 cujus
1355 3680 1575 3733 Rhodon
1607 3683 1660 3733 in
1691 3698 1842 3746 opere
1889 3701 1983 3736 suo

419 3756 554 3820 quod
593 3754 844 3804 adversus
874 3748 1205 3812 Montanum,
1242 3750 1569 3820 Briscillam,
1597 3750 1982 3805 Mazimillam-

417 3818 513 3892 que
538 3821 851 3892 composuit,
882 3823 1200 3892 recordatur.
1239 3818 1355 3874 Non
1405 3819 1744 3892 Rhodonem,
1783 3822 1984 3892 sedin-

417 3889 754 3946 nominatum
811 3891 954 3944 hunc
1007 3890 1324 3957 scriptorem
1367 3889 1554 3943 debuit
1603 3891 1802 3944 dicere.
1847 3891 1980 3944 Nam

418 3964 644 4018 Rhodon
686 3961 951 4013 adversus
997 3959 1308 4012 Montanum
1356 3969 1408 4012 et
1468 3958 1838 4029 Cataphrygas
1874 3978 1978 4015 non

417 4033 652 4101 scripsit,
680 4031 776 4083 sed
815 4030 1074 4084 adversus
1103 4029 1395 4085 Marcionis
1422 4029 1695 4094 hzeresim,
1731 4039 1787 4083 ut
1817 4041 1984 4086 testa-

417 4114 506 4158 tur
534 4102 816 4155 Eusebius.

484 4172 610 4242 (l0);
623 4170 776 4242 _Vulg.
799 4167 878 4234 τῷ
900 4168 1269 4242 Ulla/6tde
1285 4168 1390 4242 τοῦ
1405 4168 1670 4239 ἀδελφοῦ
1694 4170 1992 4242 συγγράμ..

411 4239 570 4312 ματι.
593 4239 786 4312 Nescio
809 4255 913 4307 quo
937 4239 1051 4312 fato
1069 4239 1360 4312 Alcibiadis
1386 4257 1580 4312 nomen
1606 4254 1702 4307 pro
1725 4239 1989 4312 Miltiade,

421 4309 474 4366 et
513 4310 781 4364 Miltiadis
839 4323 936 4377 pro
986 4309 1258 4362 Alcibiade
1317 4310 1664 4364 substitutum
1714 4318 1815 4362 est.
1855 4310 1988 4365 Nam

419 4379 708 4451 superiore,
773 4379 1010 4451 quidem
1083 4379 1582 4451 capite-Miltiadis
1656 4378 1984 4451 vocabulum

3647 343 3675 401 4

2452 555 2528 609 De
2559 554 2798 607 Miltiade
2831 563 2879 607 et
2919 554 3063 607 illius
3095 553 3320 620 scriptis.

2105 751 2114 768 .
2176 714 2232 767 In
2273 714 2464 768 eodem
2491 713 2714 779 duoque
2763 710 2902 764 libro
2936 707 3195 764 Miltiadis
3223 711 3503 780 cujusdam
3531 713 3671 767 scri-

2104 810 2276 878 ptoris
2304 807 2636 861 mentionem
2678 803 2839 869 facit,
2881 805 2971 873 qui
3013 804 3277 858 adversus
3307 806 3670 874 supradictam

2103 901 2352 954 hzeresim
2406 899 2602 952 librum
2655 896 3064 964 conscripserit.
3107 895 3301 950 Citatis
3350 897 3492 949 enim
3551 897 3672 964 qui-

2102 992 2326 1045 busdam
2392 989 2571 1043 verbis
2627 988 2842 1041 illorqu
2894 987 3306 1052 haereticorum,
3355 989 3426 1041 ita
3479 987 3672 1041 deiurio

2101 1084 2287 1137 scribit
2321 1103 2334 1137 :
2375 1101 2393 1134 ‹
2431 1081 2553 1135 llaec
2576 1095 2676 1150 ego
2697 1096 2818 1134 cum
2845 1080 3164 1148 reperissem
3188 1083 3242 1134 in
3273 1081 3503 1150 quodatn
3532 1080 3671 1135 libro

2107 1177 2347 1244 ipsorum
2385 1174 2648 1226 adversus
2684 1172 2980 1226 Miltiadem
3020 1173 3238 1225 fratrem
3275 1159 3541 1239 nostrum,
3578 1174 3670 1240 qui

2101 1266 2360 1336 peculiari
2389 1278 2555 1330 opere
2587 1265 2846 1318 docuerat
2877 1279 2982 1318 non
3024 1265 3219 1320 decere
3255 1267 3568 1334 prophetam
3615 1267 3666 1319 in

2101 1358 2307 1414 exstasi
2371 1358 2542 1427 loqui,
2595 1358 2648 1410 in
2725 1355 3102 1425 compendium
3158 1357 3358 1426 redegi.
3391 1375 3410 1408 ι
3467 1357 3670 1412 Deinde

2103 1451 2379 1519 aliquanto
2405 1459 2525 1520 post
2552 1452 2604 1504 in
2640 1453 2830 1506 eodem
2860 1450 2999 1504 libro
3025 1451 3309 1504 universos
3337 1450 3470 1506 Novi
3490 1452 3674 1507 Testa-

2103 1543 2268 1596 rnenti
2326 1543 2618 1612 prophetas
2663 1550 2972 1606 enumerat,
3026 1541 3168 1594 inter
3216 1555 3353 1610 quos
3401 1542 3666 1597 Aminiam

2102 1635 2392 1704 quamdam
2459 1643 2513 1687 et
2579 1635 2914 1700 Quadratum
2985 1642 3232 1687 recenset
3293 1635 3376 1688 his
3442 1635 3666 1691 verbis:

2108 1746 2126 1777 ι
2157 1725 2659 1796 Pseudo-propheta
2694 1735 2893 1794 autem,
2930 1728 3140 1798 inquit,
3185 1730 3236 1783 in
3285 1728 3424 1784 l‘also
3474 1733 3670 1784 mentis

2100 1835 2350 1880 excessu,
2389 1820 2541 1889 cujus
2584 1835 2767 1873 comes
2815 1830 2897 1874 est
2947 1821 3165 1876 licentia
3221 1832 3278 1876 et
3331 1823 3579 1887 audacia,
3639 1838 3667 1874 a

2024 1888 2395 1980 Bspontanea
2453 1913 2669 1981 quidem
2724 1912 2994 1979 imperitia
3048 1913 3260 1968 initium
3308 1929 3560 1977 sumens,
3612 1913 3667 1966 in

2095 2001 2385 2056 amentiam
2415 2013 2616 2068 autem,
2659 2013 2715 2057 ut
2738 2002 2850 2072 jam
2883 2003 3017 2071 dixi,
3051 2004 3473 2060 iuvoluntariatn
3511 2005 3659 2059 desi-

2096 2109 2254 2148 nens.
2289 2094 2603 2162 llujusmodi
2654 2111 2782 2148 vero
2830 2095 3022 2164 spiritu
3062 2096 3264 2150 nullum
3303 2111 3539 2165 unquam
3572 2111 3670 2149 nec

2093 2187 2149 2242 in
2179 2187 2376 2243 Vetere
2423 2202 2524 2242 nec
2552 2187 2603 2241 in
2629 2186 2777 2241 Novo
2809 2187 3158 2240 Testamento
3181 2189 3497 2256 prophetam
3519 2185 3670 2240 aliia-

2096 2289 2208 2334 tum
2275 2287 2530 2348 poterunt
2587 2281 3012 2334 demonstrare:
3049 2295 3156 2354 non
3207 2279 3452 2346 Agabum
3482 2319 3498 2344 ,
3556 2297 3665 2336 non

2091 2370 2305 2437 Judam,
2333 2385 2436 2426 non
2465 2371 2655 2438 Silani,
2687 2386 2784 2426 nec
2812 2370 3043 2442 Philippi
3080 2370 3239 2436 ﬁlias,
3271 2386 3373 2426 nec
3391 2371 3663 2427 Aminiam

2093 2463 2632 2532 Philadelpliensem,
2665 2477 2764 2516 nec
2796 2462 3154 2528 Quadratum,
3187 2480 3286 2519 nec
3316 2464 3499 2534 plures
3524 2481 3663 2534 quo-

2093 2571 2196 2623 que
2222 2555 2380 2619 alios,
2428 2555 2521 2623 qui
2565 2554 2696 2608 nihil
2751 2555 2814 2606 ad
2866 2555 3010 2624 ipsos
3055 2557 3350 2622 pertinent,
3405 2557 3664 2624 praedica-

2093 2643 2242 2698 bunt.
2269 2664 2286 2696 ι
2326 2643 2519 2698 Paucis
2547 2642 3074 2714 deindeinterjectis,
3104 2647 3183 2700 sic
3203 2645 3472 2716 loquitur:
3493 2645 3659 2701 «Nam

2093 2738 2136 2790 si
2164 2737 2408 2805 quidem,
2446 2744 2504 2789 ut
2539 2736 2858 2804 pradicant,
2900 2741 3020 2805 post
3041 2736 3371 2802 Quadratum
3429 2745 3484 2791 et
3535 2739 3666 2791 Am-

2094 2827 2256 2879 miam
2292 2825 2800 2893 Philadelphensem
2858 2825 3112 2879 mulieres
3166 2825 3270 2879 illa:
3320 2825 3559 2880 Montani
3607 2828 3658 2881 in

2094 2916 2393 2985 prophetia:
2445 2916 2675 2987 gratiam
2714 2924 3127 2980 successerunt,
3177 2917 3467 2971 ostendant
3505 2919 3663 2972 nobis

2092 3010 2314 3078 quinam
2347 3011 2486 3062 inter
2513 3010 2655 3078 ipsos
2689 3007 2940 3063 Montano
2988 3023 3052 3062 ac
3084 3008 3418 3064 mulierculis
3450 3025 3664 3066 succes-

2093 3102 2279 3156 serint.
2317 3101 2526 3163 Etenim
2557 3103 2856 3172 prophetiae
2889 3104 3085 3156 donum
3133 3102 3185 3156 in
3234 3103 3380 3156 enini
3418 3102 3658 3158 Ecclesia

2096 3197 2160 3246 ad
2218 3193 2465 3246 ultimum
2521 3209 2688 3262 usque
2748 3193 2959 3247 Domini
3003 3194 3292 3247 adventum
3345 3209 3664 3263 permanere

2095 3287 2292 3340 debere
2327 3298 2515 3340 auctor
2560 3297 2644 3340 est
2691 3286 3004 3353 Apostolus.
3053 3286 3159 3340 Sed
3207 3286 3408 3340 nullum
3446 3301 3665 3355 prorsus

2094 3387 2351 3448 poterunt.
2384 3379 2692 3444 ostendere,
2739 3379 2952 3433 tametsi
2992 3379 3106 3447 jam
3158 3389 3383 3448 quartus
3424 3380 3665 3433 decimus

2094 3541 2144 3593 in
2178 3538 2332 3594 Novo
2405 3555 2505 3594 nec
2552 3541 2604 3595 in
2637 3539 2823 3595 Veteri
2881 3539 3229 3596 Testamento
3279 3530 3588 3610 prophetas
3608 3542 3660 3595 in

2091 3612 2293 3664 exstasi
2329 3626 2565 3678 unquam
2599 3611 3240 3681 propltetasseiegamus.
3283 3609 3487 3677 itaque
3542 3609 3661 3664 Mil-

2095 3681 2272 3750 tiatles
2295 3681 2490 3750 librum
2518 3681 2778 3750 adversus
2804 3697 2898 3735 eos
2929 3682 3149 3749 scripsit
3173 3683 3272 3734 hoc
3295 3683 3448 3735 titulo
3483 3699 3497 3735 :
3521 3683 3664 3750 Περὶ

2090 3750 2195 3802 τοῦ
2204 3749 2290 3817 μὴ
2319 3748 2446 3820 δεῖν
2470 3749 2783 3818 προφήτην
2809 3748 3171 3820 suamnam
3187 3751 3420 3804 λαλεῖν.
3449 3751 3509 3806 Et
3543 3748 3662 3820 Epi-

2091 3821 2320 3887 phanius
2335 3819 2594 3871 Adversus
2610 3821 2843 3871 [των-θείω
2864 3819 3330 3880 ιὶΙοηιιιηὶδιιηνιιη,
3355 3838 3403 3872 c.
3425 3822 3459 3873 2
3483 3841 3494 3873 :
3519 3819 3660 3874 Ὅσα

2088 3888 2196 3962 γὰρ
2219 3891 2264 3941 oi
2282 3889 2555 3962 προερῇται
2579 3889 3012 3962 εἰρήκασιλμετὰ
3030 3889 3292 3962 συνέσεῳς
3319 3891 3662 3962 παρακολου-

2091 3958 2648 4026 θοῦντεςὲφθέγγοντο
2668 3958 2754 4011 ἐι
2776 3975 2825 4010 c.
2851 3960 2885 4012 4
2909 3975 2971 4010 ac
2995 3959 3362 4026 sequentibus,
3401 3958 3546 4014 hanc
3575 3977 3663 4015 ve-

2093 4044 2163 4082 ra:
2177 4045 2238 4082 ac
2256 4030 2550 4098 spiritualis
2564 4029 2858 4097 prophetia:
2873 4030 3231 4082 certissimam
3252 4041 3433 4098 notam
3453 4045 3570 4084 esse
3583 4031 3665 4084 di-

2097 4100 2192 4160 cit,
2223 4096 2503 4152 utitnentis
2528 4096 2637 4168 sua:
2665 4096 2951 4166 compotes
2977 4100 3104 4161 sint,
3142 4100 3230 4166 qui
3256 4096 3430 4152 futura
3465 4100 3663 4168 praedi-

2099 4177 2248 4238 cunt.
2283 4167 2813 4238 Similiteriioannes
2844 4168 3262 4238 ChrySUSIomus
3299 4167 3667 4223 homilia‘29in-

2098 4236 2341 4306 Epistola
2367 4235 2398 4291 Ι
2420 4239 2487 4291 ad
2527 4237 2850 4301 Corinthios,
2882 4235 2970 4292 ubi
2999 4240 3290 4292 discrimen
3328 4240 3484 4294 ali‘ert
3517 4240 3664 4292 inter

2098 4311 2484 4362 divinationem
2519 4317 2572 4361 et
2599 4308 2958 4377 prophetiam.
2991 4308 3099 4362 Hoc
3123 4310 3286 4370 enim,
3315 4311 3506 4378 inquit,
3535 4323 3660 4376 pro-

2100 4379 2273 4446 prium
2309 4388 2391 4430 est
2421 4379 2562 4432 vatis
2597 4394 2688 4430 seu
2722 4380 3062 4444 divinatoris,
3099 4390 3289 4431 eumut-
3327 4396 3446 4434 esse
3504 4395 3656 4432 men-

419 4445 514 4517 ιιι-ἶ)
539 4445 828 4515 Alcibiade
845 4450 1082 4516 positum
1114 4445 1234 4502 esse
1256 4447 1686 4502 observavimus.
1719 4448 1815 4504 llic
1859 4466 1986 4505 con-
2020 4445 2062 4498 D
2094 4445 2200 4511 tis;
2233 4449 2356 4516 pelli
2384 4466 2398 4514 ;
2437 4449 2616 4512 trahi;
2655 4451 2856 4516 raptari
2896 4459 3146 4516 tanquam
3181 4449 3466 4504 furentem.
3520 4447 3656 4502 Pro-

421 4533 522 4583 Ira,
555 4519 866 4589 Alcibiades
890 4517 1305 4589 proultliltiades
1362 4518 1602 4588 irrepsit.
1645 4520 1803 4573 Certe
1849 4521 1991 4589 apud

416 4593 776 4658 Nicephorum
810 4587 1100 4658 Μιλτιάδου
1124 4589 1336 4656 legitur,
1357 4587 1662 4658 quanquam
1706 4606 1802 4642 nec
1831 4587 1988 4644 Nice-

415 4657 635 4729 pllOl‘tlS,
657 4672 754 4710 nec
783 4657 1304 4729 Christophorsouus
1333 4659 1474 4729 hunc
1501 4657 1672 4714 locum
1704 4658 1987 4713 intellexit.

488 4731 599 4800 (ll)
641 4726 949 4800 Ἀνμίὸγε
998 4725 1501 4800 ψερδοπροερήτης
1541 4731 1611 4783 ἐν
1654 4730 1988 4796 παρεκστά-

412 4796 529 4855 σει.
560 4801 696 4853 Male
729 4797 954 4850 Ruﬁnus
993 4808 1043 4850 et
1070 4796 1336 4853 Barunius
1382 4802 1494 4852 hazc
1549 4801 1711 4854 verba
1761 4816 1823 4853 ex
1874 4800 1989 4853 Mil-

415 4871 576 4925 tiadis
629 4869 766 4921 libro
813 4868 1094 4935 desumpta
1154 4881 1276 4922 esse
1347 4869 1748 4923 existimarunt.
1801 4868 1988 4938 Neque

413 4944 557 4994 enim
608 4941 695 4992 hic
733 4937 1104 5008 innominatus
1151 4947 1340 4992 auctor
1380 4940 1676 5008 quidquam
1736 4939 1870 4993 citat
1902 4937 1984 4994 fex

414 5009 672 5063 Miltiadis
729 5008 918 5078 libro,
971 5007 1064 5060 sed
1111 5017 1430 5078 tantumex
1489 5007 1837 5078 responsione
1885 5011 1985 5063 Ca-

416 5081 804 5149 tapbrygarum
840 5076 1100 5149 adversus
1125 5077 1380 5149 Miltiadis
1418 5076 1650 5142 librum;
1682 5080 1822 5145 quod
1876 5096 1980 5134 non

417 5147 912 5202 aintnadverterunt
944 5147 1286 5216 interpretes.
1319 5147 1410 5202 Est
1453 5161 1632 5202 autem
1687 5149 1773 5201 hic
1825 5151 1982 5217 hujus

415 5221 513 5274 loci
564 5235 778 5275 sensus.
815 5231 1066 5283 magnum
1120 5233 1241 5272 esse
1292 5218 1582 5272 discrimen
1636 5219 1774 5271 inter
1825 5235 1983 5274 veros

416 5289 710 5357 prophetas
741 5295 794 5340 et
825 5285 1008 5357 falsos.
1041 5287 1164 5340 Veri
1201 5288 1342 5341 enim
1373 5289 1667 5356 prophetw,
1726 5290 1814 5357 qui
1867 5290 1983 5357 Spi-

416 5356 524 5413 ritu
549 5359 640 5412 Dei
674 5356 863 5424 repleti
905 5366 1081 5418 erant,
1127 5359 1310 5426 quieto
1337 5374 1400 5413 ac
1461 5356 1756 5426 tranquillo
1802 5356 1982 5415 animo

413 5427 1006 5493 pia-dicebantl‘ntura.
1075 5427 1564 5496 Pseudopt‘ophetm
1619 5444 1763 5490 vero,
1799 5431 1978 5496 qualis

409 5511 527 5552 erat
560 5497 1020 5566 Montanus,4cum
1049 5497 1231 5550 furore
1255 5507 1310 5550 et
1339 5498 1544 5551 insania
1600 5497 1974 5566 loquebantur.

407 5571 566 5624 Certe
621 5563 886 5636 Catholici
938 5565 1037 5619 hoc
1113 5567 1379 5636 prtecipne
1449 5563 1776 5634 objiciebant
1829 5569 1979 5623 Mon-

408 5640 653 5700 tanistis,
684 5635 780 5706 qui,
810 5649 865 5687 se
891 5637 1200 5702 prophetico
1224 5639 1415 5705 spiritu
1442 5636 1628 5704 plenos
1656 5653 1775 5692 esse
1798 5638 1976 5706 jacta-

403 5712 554 5778 ὺειηι,
591 5708 742 5778 quod
774 5705 832 5756 in
859 5707 1055 5761 exstasi
1092 5708 1498 5776 prophetarent,
1529 5723 1647 5762 cum
1681 5705 1856 5763 tamen
1881 5723 1977 5764 nec

2099 4520 2257 4586 pheta
2283 4534 2408 4572 veru
2439 4534 2546 4572 non
2574 4521 2646 4571 ita
2675 4537 2688 4571 :
2719 4522 2810 4571 sed
2843 4531 3021 4572 mente
3047 4520 3248 4583 sobria,
3273 4531 3328 4574 et
3369 4535 3492 4573 cum
3540 4535 3657 4571 rno-

2095 4595 2243 4641 desta
2273 4603 2337 4642 ac
2385 4597 2684 4656 temperata
2741 4589 2905 4642 animi
2962 4589 3382 4656 constitutione;
3438 4599 3488 4643 et
3539 4607 3657 4656 qua:

2094 4659 2356 4726 loquitur,
2389 4659 2694 4727 intelligens
2725 4659 2857 4711 dicit
2884 4661 3087 4713 omnia.
3149 4659 3240 4713 llis
3285 4662 3420 4713 adde
3469 4661 3656 4714 Hiero-

2094 4743 2312 4796 nymtttn
2338 4729 2389 4781 in
2418 4728 2742 4796 Pra’futione
2766 4727 3271 4782 Commentariorum
3294 4731 3344 4781 in
3387 4729 3602 4782 Nonum
3633 4747 3652 4784 :

2095 4743 2312 4849 Vinum
2340 4745 2389 4781 tn
2418 4743 2742 4796 t'ra’juuone
2766 4743 3271 4782 Commentariorum
3294 4746 3344 4781 tn
3387 4743 3602 4782 multum
3633 4747 3652 4784 :

2095 4842 2120 4868 ,γ
2153 4815 2218 4850 0n
2255 4800 2390 4868 enini
2442 4798 2676 4868 loquitur
2715 4800 2765 4850 in
2815 4798 3088 4859 ἐκστάσει,
3144 4809 3195 4850 ut
3263 4798 3541 4852 Montanus
3603 4811 3652 4852 et

2094 4867 2278 4922 Prisca
2312 4867 2709 4935 Muximillaque
2737 4868 2964 4921 delirant
2994 4883 3012 4921 :
3042 4868 3132 4921 sed
3162 4870 3298 4938 quod
3329 4870 3605 4936 prophetat
3633 4911 3649 4936 ,

2089 4938 2218 5008 liber
2252 4949 2325 4992 est
2349 4939 2562 4992 visionis
2608 4937 2943 5008 intelligentia
2977 4937 3212 4992 universa
3239 4955 3355 5007 qua:
3397 4940 3650 5008 loquitur.

2088 5007 2258 5062 Porro
2281 5009 2574 5062 notandum
2637 5017 2720 5062 est
2769 5007 2911 5080 hunc
2951 5007 3649 5080 anonymunrscriptorem

2089 5094 2362 5147 nrunquant
2427 5090 2671 5133 exstascs
2724 5077 2992 5146 appellare
3055 5077 3222 5132 vanos
3276 5078 3397 5134 illos
3448 5077 3652 5133 mentis

2085 5162 2344 5204 excessus
2373 5147 2822 5203 Montanistarum
2847 5189 2862 5213 ,
2915 5151 3006 5204 sed
3039 5163 3253 5217 semper
3288 5162 3648 5218 parexstases,

2084 5219 2154 5288 ob
2176 5235 2294 5272 eam
2322 5220 2583 5271 rationem
2613 5234 2773 5286 quam
2799 5234 2962 5287 supra
2987 5220 3117 5273 dixi.
3175 5218 3380 5288 Quippe
3406 5232 3649 5274 exstases

2083 5285 2196 5341 fere
2224 5291 2276 5342 in
2313 5289 2511 5342 bonam
2542 5285 2746 5356 partem
2781 5285 3067 5343 sumuntur
3095 5308 3124 5344 ιι
3148 5285 3416 5359 Cypriane
3442 5299 3494 5342 et
3521 5289 3652 5343 Ter-

2086 5359 2343 5424 tulliano;
2374 5370 2428 5412 et
2452 5359 2590 5428 viris
2623 5360 2827 5412 sanctis
2859 5359 3112 5413 immissae
3158 5358 3410 5428 leguntur
3443 5376 3471 5411 a
3508 5361 3612 5412 Deo
3633 5399 3649 5420 ,

2084 5439 2142 5482 ut
2169 5432 2375 5482 Adamo
2405 5438 2460 5480 et
2486 5427 2645 5483 Petro
2675 5429 2943 5496 apostolo.
2973 5432 3042 5482 At
3065 5427 3401 5498 pareistasis
3435 5445 3648 5498 semper

2083 5500 2137 5552 in
2171 5498 2365 5550 tnalam
2399 5509 2605 5565 partem
2640 5500 2926 5567 accipitur.

2153 5569 2264 5636 (l2)
2295 5567 2441 5620 Οὔτε
2466 5566 2582 5635 ἤδη
2640 5566 2804 5634 τινὰς
2858 5567 3104 5633 ἄλλους.
3148 5569 3204 5622 In
3268 5568 3441 5636 codd.
3489 5568 3650 5632 Med.,

2079 5634 2216 5710 Maz.
2246 5634 2299 5691 et
2324 5637 2456 5693 Fuk.
2489 5634 2541 5694 et
2574 5643 2713 5710 apud
2759 5638 3120 5707 Nicephorum
3169 5640 3361 5709 legitur
3389 5634 3512 5692 οὔτε
3572 5651 3652 5692 τιε-

2080 5709 2192 5774 νάς,
2235 5718 2335 5764 ctc.
