4012 6256
432 315 536 372 475

1135 317 1406 375 EUSEBII
1444 321 1927 382 ϐᾸΞΞΑΒΙΕΝδΙΞ
1964 329 1983 383 (

2086 333 2114 385 ⁵.
2155 327 2333 384 PARS
2368 327 2410 383 I.
2447 354 2524 369 -
2555 324 2946 382 HISTORICA.

3568 327 3676 383 476

429 430 520 486 hic
551 440 744 500 agatur
787 429 947 502 184
985 445 1161 486 annus
1193 433 1262 486 ab
1292 407 1456 488 οὺίιιῖ
1479 435 1814 495 Maximillae.
1837 459 1857 493 ι
1878 440 1983 496 Haec

2103 441 2470 511 δεδηλωμένος
2509 437 2827 508 Μιλτιάδης,
2875 437 2971 490 καὶ
3009 437 3173 500 ἄλλας
3223 439 3354 508 ἡμῖν
3385 437 3485 508 τῆς
3535 437 3675 502 ιδίας

429 522 536 576 ille.
589 522 854 576 Miltiades
895 539 1048 587 vero,
1099 525 1254 593 cujus
1306 529 1636 583 mentionem
1696 530 1846 596 fecit,
1896 533 1999 587 alia

427 629 643 682 quoque
672 615 751 668 sui
774 614 826 668 in
855 614 1056 670 divinis
1104 615 1407 684 Scripturis
1453 622 1617 675 studii
1649 635 1998 680 monumenta

427 705 585 760 nobis
610 705 826 775 reliquit
853 722 868 758 :
903 715 1016 760 tttm
1048 708 1099 760 in
1135 706 1292 762 libris
1325 724 1462 778 quos
1503 713 1759 770 adversus
1785 725 1996 786 gentes,

428 803 542 850 tum
569 796 622 850 in
648 797 715 852 iis
741 812 878 866 quos
899 801 1164 862 adversus
1189 799 1404 856 Judzeos
1426 808 1760 874 composuit;
1790 818 2000 862 utrum-

426 901 533 956 que
585 895 967 957 argumentum
1022 887 1164 943 binis
1239 890 1606 950 voluminibus
1685 908 1995 954 exsecutus.

430 977 702 1032 Prteterea
734 979 1132 1050 Apologeticum
1163 995 1262 1050 pro
1284 982 1592 1040 Christiana
1615 1027 1630 1052 ,
1681 1004 1842 1058 quam
1885 992 1999 1060 ipse

428 1069 802 1138 profitebatur,
834 1070 1200 1141 philosophia,
1232 1073 1298 1128 ad
1329 1073 1491 1142 hujus
1516 1079 1696 1132 saeculi
1726 1081 1998 1152 principes

424 1162 768 1231 conscripsit.

987 1258 1218 1316 CAPUT
1260 1259 1444 1317 XVIII.

426 1340 883 1409 Quemadmodum
912 1350 1219 1417 Apollonius
1238 1349 1605 1421 Calaphrygas
1631 1349 1994 1419 confutaveril,

774 1428 822 1471 et
856 1434 1079 1488 quorum
1100 1423 1418 1476 mentionem
1445 1423 1643 1489 fecerit.

494 1569 602 1626 Sed
631 1580 687 1626 et
707 1572 1044 1642 Apollonius,
1079 1575 1485 1631 ecclesiasticus
1508 1578 1765 1648 scriptor,
1801 1594 1992 1648 supra-

425 1661 626 1717 dictam
661 1661 1132 1736 Cataphrygarum
1183 1668 1432 1723 haeresim
1488 1670 1666 1723 adhuc
1701 1685 1799 1725 sua
1837 1681 1994 1726 aetate

423 1752 697 1823 vigentem
750 1755 986 1811 refutare
1046 1772 1355 1827 aggressus,
1413 1759 1688 1828 peculiare
1734 1761 1992 1816 adversus

2106 533 2233 603 περὶ
2261 533 2328 584 τὰ
2358 531 2473 584 θεῖα
2495 531 2650 605 λόγια
2678 530 2910 599 σπουδῆς
2938 530 3154 600 μνήμας
3180 528 3586 592 καταλέλοιπεν,
3613 530 3672 581 ἐν

2103 639 2160 674 τε
2183 619 2264 685 οἷς
2302 622 2436 692 πρὸς
2465 619 2728 692 Ἕλληνας
2757 619 3010 684 συνέταξε
3038 619 3233 688 λόγοις,
3267 619 3360 673 καὶ
3386 622 3501 682 τοῖς
3534 622 3672 690 πρὸς

2116 715 2418 779 Ἰουδαίους,
2450 715 2684 786 ἑκατέρᾳ
2713 713 2856 777 ἰδίως
2887 712 3137 766 ὑποθέσει
3165 715 3220 766 ἐν
3248 713 3395 767 δυσὶν
3429 714 3669 784 ὑπαντή-

2103 825 2204 871 σας
2237 807 2691 878 συγγράμμασιν,
2720 805 2799 858 έτι
2833 804 2890 858 δὲ
2920 804 3012 857 καὶ
3043 804 3178 876 πρὸς
3212 805 3336 868 τοὺς
3370 806 3667 876 κοσμικοὺς

2101 898 2364 969 ἄρχοντας
2391 898 2502 968 (15)
2521 937 2536 961 ,
2567 897 2706 969 ὑπὲρ
2732 891 2800 968 ἧς
2841 896 3026 967 μετῄει
3055 895 3396 968 φιλοσοφίας,
3438 895 3667 964 πεποίη-

2101 1007 2190 1044 ται
2214 989 2526 1059 ἀπολογίαν.

2599 1253 2995 1312 ΚΕΦΑΛΑΙΟΝ
3049 1255 3162 1307 IH'.

2101 1354 2255 1406 Ὅσα
2307 1351 2402 1404 καὶ
2474 1347 2869 1412 Ἀπολλώνιος
2909 1345 3050 1412 τοὺς
3089 1345 3237 1398 κατὰ
3279 1346 3520 1413 Φρύγας
3554 1344 3664 1397 ἀπ-

2170 1423 2408 1559 ήλέαέῗε,
2449 1422 2545 1475 καὶ
2591 1419 2768 1472 τίνων
2805 1418 3254 1487 ἐμνημόνευσεν
3305 1412 3441 1485 (Nic.
3476 1412 3547 1466 II.

2170 1505 2238 1554 IV,‘
2267 1531 2297 1546 ..
2364 1534 2376 1546 .

2169 1511 2238 1554 IV,”
2263 1511 2330 1546 ’.ιο
2364 1534 2376 1546 .

2166 1583 2274 1652 Τῆς
2310 1511 2368 1634 δέ
2418 1577 2556 1632 κατὰ
2588 1576 2804 1649 Φρύγας
2850 1571 3186 1647 καλουμένης
3227 1574 3522 1646 αἱρέσεως,
3573 1573 3664 1625 καὶ

2108 1673 2478 1736 Ἀπολλώνιος,
2513 1669 2961 1742 ἐκκλησιαστικὺς
2995 1671 3359 1739 συγγραφεὺς,
3390 1665 3664 1739 ἀκμαζού-

2097 1785 2196 1838 σης
2225 1765 2388 1820 εἰσέτι
2415 1764 2536 1817 τότε
2565 1761 2707 1816 κατὰ
2749 1762 2846 1832 τὴν
2868 1762 3101 1832 Φρυγίαν
3138 1761 3352 1831 ἔλεγχον
3401 1759 3664 1828 ἐνστησά-

422 1859 518 1900 eos
549 1845 798 1901 volumen
840 1849 1103 1913 condidit,
1145 1859 1254 1904 tum
1300 1848 1464 1904 falsas
1505 1852 1822 1920 prophetias
1875 1868 1983 1922 qua

2103 1876 2277 1930 μενος,
2310 1858 2438 1910 ῐδιον
2472 1857 2592 1909 κατ’
2626 1854 2804 1908 αὐτῶν
2837 1853 3128 1923 πεποίηται
3164 1853 3534 1923 σύγγραμμα,
3565 1851 3664 1913 τὰς

423 1937 491 1990 ab
527 1938 632 1993 illis
679 1939 1138 1995 circumferuntur
1166 1943 1431 1997 verbatim
1485 1945 1818 2012 expendens,
1883 1955 1994 2000 tum

422 2030 588 2084 vitam
626 2046 912 2102 moresque
947 2049 1134 2089 eorum
1163 2037 1253 2105 qui
1296 2037 1520 2092 haeresis
1556 2037 1704 2091 illius
1751 2049 1996 2093 auctores

423 2123 665 2186 fuerunt,
694 2123 1008 2180 discutiens.
1035 2127 1112 2183 Ac
1135 2130 1201 2183 de
1252 2128 1509 2183 Montano
1537 2128 1754 2199 quidem
1798 2131 1918 2184 audi
1950 2132 1995 2185 si

420 2213 599 2283 placet
657 2232 779 2284 qua:
828 2217 1020 2272 dicat:
1055 2219 1204 2274 «Sed
1266 2221 1516 2290 quisnam
1563 2230 1647 2276 est
1688 2237 1859 2278 novus
1909 2223 1996 2278 ille

417 2304 610 2362 doctor
640 2307 664 2361 ?
691 2307 868 2375 Opera
904 2311 1022 2380 ejus
1063 2323 1117 2366 et
1155 2312 1404 2367 doctrina
1460 2315 1596 2368 satis
1635 2325 1823 2382 aperte
1869 2330 1997 2385 pro-

415 2397 565 2454 dunt.
610 2399 706 2454 Hic
736 2409 818 2456 est
847 2402 937 2472 qui
981 2405 1292 2473 nuptiarum
1349 2405 1578 2460 discidia
1644 2407 1865 2474 docuit,
1901 2408 1991 2475 qui

408 2491 740 2561 ieiuniorum
776 2494 924 2561 leges
960 2497 1218 2566 imposuit
1248 2515 1262 2564 ;
1297 2500 1386 2566 qui
1447 2498 1720 2568 Pepuzam
1778 2509 1834 2553 et
1882 2498 1989 2570 Ty-

417 2586 603 2651 mium,
635 2587 883 2657 Phrygiae
923 2590 1522 2658 oppidula,.lerusalem
1565 2589 1884 2655 nominavit,
1935 2600 1991 2645 ut

413 2687 638 2733 cunctos
663 2681 900 2748 undique
935 2681 1183 2737 homines
1222 2697 1287 2736 eo
1320 2691 1678 2744 convocaret;
1703 2684 1796 2752 qui
1829 2696 1991 2750 pecu-

414 2768 627 2823 niarum
663 2781 946 2826 exactores
983 2774 1304 2840 constituit;
1346 2774 1436 2842 qui
1473 2773 1745 2828 sordidam
1797 2788 1988 2828 mune-

417 2873 534 2912 rum
556 2860 917 2928 captationem
940 2862 1277 2916 oblationum
1313 2863 1534 2918 nomine
1571 2863 1768 2917 callide
1812 2864 1986 2917 obve-

415 2948 585 3016 lavit;
619 2952 709 3019 qui
738 2951 1041 3008 doctrinam
1089 2970 1241 3009 suam
1288 2953 1708 3024 przedicantibus
1771 2952 1975 3008 salaria

416 3043 636 3111 prtebet,
677 3053 735 3097 ut
764 3059 858 3112 per
893 3044 1090 3100 {tedam
1143 3047 1346 3101 ventris
1383 3046 1674 3115 ingluviem
1726 3044 1984 3100 doctrina

414 3132 532 3201 ejus
558 3136 924 3190 convalescat.
957 3156 974 3188 ι
1019 3137 1143 3193 Haec
1175 3139 1263 3192 ille
1290 3140 1356 3193 de
1383 3138 1658 3191 Montano.
1710 3137 1783 3190 De
1827 3135 1980 3191 Mon-

415 3225 528 3278 tani
569 3243 694 3280 vero
734 3230 1091 3297 pr0pbetissis
1127 3231 1410 3299 aliquanto
1465 3239 1589 3298 post
1635 3227 1875 3298 loquitur
1925 3227 1979 3280 in

416 3311 560 3366 hunc
586 3312 799 3366 modum
834 3334 846 3368 :
879 3315 1230 3372 Ostendimus
1258 3319 1445 3386 igitur,
1477 3318 1670 3386 inquit,
1701 3319 1798 3371 has
1833 3315 1982 3386 prin-

416 3404 565 3473 cipes
589 3405 959 3474 prophetissas
990 3408 1151 3461 simul
1193 3423 1256 3464 ac
1308 3410 1498 3479 Spiritu
1553 3409 1788 3479 impletae
1832 3418 1979 3474 sunt,

411 3493 561 3548 viros
591 3511 716 3550 suos
745 3497 1034 3552 dimisisse.
1067 3516 1085 3548 ι
1111 3499 1456 3568 Quantopere
1477 3516 1607 3570 ergo
1641 3501 1979 3555 mentieban-

413 3593 502 3638 tur
519 3586 606 3652 qui
643 3585 886 3640 Priscam
930 3587 1193 3659 virginem
1228 3591 1533 3646 vocabant?
1564 3610 1582 3642 ι
1625 3591 1827 3645 Deinde
1850 3591 1979 3644 sub-

410 3676 589 3748 jungit
643 3677 758 3733 haec
813 3679 1020 3734 verba:
1059 3681 1219 3736 «Non
1269 3683 1369 3737 tibi
1423 3682 1643 3738 videtur
1699 3682 1980 3753 Scriptura

479 3916 592 3989 (l3)
621 3921 963 3996 Koogumoijq
983 3922 1297 3992 ἄρχοντας.
1329 3921 1687 3996 Hieronymus
1720 3933 1774 3978 et
1828 3923 1980 3996 Rufi-

410 4003 532 4052 nus,
561 4005 761 4062 eosque
795 3993 964 4046 secuti
999 3996 1178 4048 Caeteri
1210 3993 1557 4062 interpretes,
1601 3997 1715 4048 lucc
1757 3996 1823 4048 de
1873 3995 1978 4046 im-

411 4060 753 4133 peratot'ibus
806 4061 1069 4133 Romanis
1130 4063 1236 4118 dici
1302 4060 1723 4126 existimarunt,
1784 4065 1980 4133 quibus

410 4128 677 4184 Miltiades
702 4132 1107 4204 Aprtlogeticum
1122 4147 1278 4186 suum
1311 4128 1817 4204 nuncupasset.Ego
1848 4149 1978 4188 vero

407 4213 532 4251 cum
563 4215 627 4271 eo
661 4209 902 4268 tempore
930 4217 1039 4255 non
1061 4202 1279 4269 plures;
1315 4205 1406 4258 sed
1445 4220 1584 4258 unus
1613 4202 1777 4258 fuerit
1810 4205 1980 4271 impe-

411 4279 560 4341 rator
590 4268 888 4341 Romanus,
921 4268 1250 4327 Comtnodus
1275 4274 1548 4335 videlicet,
1586 4285 1827 4327 rectores
1850 4268 1978 4341 pro-

411 4338 710 4414 viuciarum
766 4340 948 4393 malim
982 4341 1327 4414 intelligere.
1373 4343 1506 4396 Nam
1565 4359 1665 4397 vox
1721 4338 1977 4414 ἄρχοντες

409 4405 522 4480 fere
553 4424 766 4480 semper
796 4411 1054 4478 praesides
1087 4405 1486 4479 provinciarum
1533 4405 1824 4480 significat:
1882 4405 1975 4467 His

411 4477 575 4547 igitur
595 4462 991 4547 ίΑιὶοιοθὲιίέιὶηίι
1013 4462 1017 4463 ⁷
1043 4462 1204 4534 Stiuth
1219 4462 1820 4547 litauit—tatimalles,"
1835 4462 1975 4536 stati
2007 4462 2048 4516 D

409 4545 785 4620 'ljertulliauus'
811 4559 997 4618 postca
1031 4551 1174 4604 fecit.
1207 4551 1342 4604 Nam
1367 4553 1730 4620 Apologeticus
1765 4545 1977 4620 quidem

407 4617 523 4689 ejus
548 4619 614 4672 ad
643 4617 836 4673 omnes
867 4621 1196 4687 generaliter
1255 4617 1658 4688 provinciarum
1720 4617 1978 4689 praesides

407 4687 645 4760 directus
666 4701 769 4760 est.
806 4690 1124 4758 Specialiter
1152 4687 1279 4744 vero
1310 4692 1376 4744 ad
1413 4687 1731 4758 Scapulam,
1752 4709 1980 4760 procon-

406 4756 580 4828 sulctn
607 4759 826 4820 Africae,
850 4756 1055 4813 librum
1093 4776 1190 4828 pro
1225 4756 1553 4815 Christianis
1591 4763 1728 4814 idem
1752 4756 1979 4816 'Tertul-

407 4825 582 4882 lianus
608 4831 774 4883 misit.
799 4829 943 4883 Pene
993 4825 1284 4884 omiseram
1333 4833 1477 4885 hunc
1533 4831 1825 4885 Miltiadem
1877 4833 1976 4886 Ec-

408 4895 693 4969 clesiarum
730 4901 1031 4968 sopbistam
1068 4902 1250 4955 vocari
1297 4917 1328 4956 a
1391 4899 1748 4969 Tertulliauo,
1785 4902 1838 4956 id
1864 4911 1978 4959 test

405 4967 698 5022 rhetorem.

478 5037 590 5116 (ιι)
633 5037 688 5088 '0
717 5038 1004 5116 νηστείας
1028 5041 1458 5116 νομοθετήσας.
1507 5041 1653 5116 :I‘res
1685 5043 1974 5116 quotannis

405 5107 872 5182 quadragesimas,
907 5123 970 5161 ac
1001 5107 1259 5182 praeterea
1313 5113 1446 5165 duas
1507 5107 1972 5182 Xerophagiarum

407 5175 780 5252 hebdomadas
806 5175 1094 5252 Montanus
1123 5181 1452 5252 instituerat.
1488 5182 1565 5252 Ac
1592 5175 1671 5234 de.
1701 5175 1974 5252 Xe'ropba-

407 5245 511 5324 giis
535 5245 754 5324 qpidetn
781 5255 1010 5300 testatur
1037 5248 1483 5324 Tertullianus‘in
1515 5251 1652 5324 libro
1706 5245 1966 5324 Deuj‘eju-

409 5313 530 5366 niis.
565 5313 640 5388 De
671 5315 841 5388 tribus
870 5331 996 5370 vero
1019 5319 1448 5388 quadragesimis
1471 5322 1626 5375 testis
1660 5331 1742 5376 est
1778 5313 1968 5376 Hiero-

409 5387 770 5464 ttyttt_us,‘ntutn
809 5387 860 5439 in
891 5387 1120 5464 epistola
1141 5389 1207 5464 ad
1241 5387 1569 5464 Marcellam,
1592 5400 1707 5464 tum
1729 5393 1780 5445 in
1811 5391 1968 5445 Com-

409 5455 677 5526 mentariis
699 5457 763 5507 ad
790 5466 949 5525 caput
983 5473 999 5509 ι
1028 5458 1229 5526 Aggwi,
1250 5461 1320 5512 ita
1347 5462 1590 5515 scribens
1619 5477 1632 5511 :
1661 5460 1730 5513 Et
1767 5478 1968 5513 omnem

406 5520 635 5599 laborent
665 5520 932 5599 manuum.
956 5520 1274 5599 accipiamus
1290 5529 1495 5596 jejunia
1517 5545 1695 5583 eorum
1718 5543 1764 5584 et
1794 5532 1969 5583 obser-

407 5595 637 5668 vationes
672 5595 942 5668 varias,“
998 5595 1412 5666 χαμευνίαςζὶιί
1459 5607 1557 5661 est,
1619 5601 1964 5652 ltumidormi-

408 5663 572 5711 tiones
616 5680 634 5716 :
671 5663 770 5737 qut:
796 5666 962 5717 tribus
1000 5663 1417 5733 quadragesimis
1455 5686 1547 5736 per
1585 5687 1780 5722 annum
1812 5670 1962 5737 jeju-

409 5738 610 5792 uantes,
648 5744 693 5784 et
745 5731 1099 5803 Enpogaayiazq
1143 5731 1475 5792 Itttntilianlcs
1527 5740 1756 5792 animum
1792 5731 1960 5806 sitam,

2101 1945 2197 2014 μὲν
2221 1942 2523 2013 φερομένας
2557 1942 2732 1994 αὐτῶν
2759 1941 3090 2012 προφητείας
3117 1939 3328 2009 ψευδεῖς
3362 1939 3528 2002 οὔσας
3567 1957 3664 1992 κα-

2095 2033 2163 2086 τὰ
2194 2032 2336 2098 λέξιν
2365 2030 2620 2094 εὐθύνων,
2654 2031 2746 2082 τὸν
2775 2029 2832 2082 δὲ
2863 2029 2973 2099 βίον
3001 2029 3110 2081 τῶν
3138 2028 3234 2098 τῆς
3266 2029 3529 2098 αἱρέσεως
3568 2029 3663 2098 ἀρ⁸

2097 2121 2302 2192 χηγῶν,
2338 2121 2518 2182 ὁποῖός
2542 2137 2624 2182 τις
2655 2119 2865 2188 γέγονε,
2905 2119 3213 2189 διελέγχων.
3257 2119 3447 2181 Αὑτοῖς
3466 2119 3522 2170 δὲ
3563 2119 3660 2188 ρήο

2099 2231 2230 2285 μασι
2271 2212 2399 2281 περὶ
2450 2211 2542 2264 τοῦ
2595 2209 2872 2264 Μοντανοῦ
2932 2211 3102 2265 ταῦτα
3158 2209 3404 2278 λέγοντος
3462 2209 3659 2262 ἄκουεο

2100 2323 2118 2356 ‹
2163 2303 2320 2356 Ἀλλὰ
2352 2302 2432 2366 τίς
2456 2304 2600 2356 ἐστιν
2627 2297 2778 2366 οὗτος
2805 2305 2833 2355 6
2866 2302 3170 2373 πρόσφατος
3212 2299 3527 2362 διδάσκαλος
3546 2339 3560 2362 ,
3595 2302 3663 2354 τὰ

2093 2395 2228 2466 ἔργα
2255 2395 2416 2448 αὐτοῦ
2451 2397 2544 2448 καὶ
2575 2397 2607 2465 ὴ
2638 2393 2952 2447 διδασκαλία
2977 2393 3264 2446 δείκνυσιν.
3299 2388 3467 2454 Οὗτός
3515 2393 3661 2446 ἐστιν

2091 2491 2120 2541 6
2169 2487 2385 2554 διδάξας
2446 2487 2625 2548 λύσεις
2671 2486 2882 2556 γάμων,
2933 2487 2960 2537 6
3003 2484 3250 2556 νηστείας
3299 2483 3661 2554 νομοθετήσας

2093 2580 2228 2650 (Id),
2255 2582 2283 2632 6
2315 2577 2596 2642 Πέπουζαν
2635 2579 2728 2630 καὶ
2766 2577 2968 2647 Τύμιον
3003 2575 3354 2647 Ἰερουσαλὴμ
3387 2575 3660 2646 ὀνομάσας

2092 2672 2295 2742 (πόλεις
2331 2670 2388 2723 δέ
2432 2672 2568 2722 εἰσιν
2621 2661 2779 2722 αὗται
2829 2669 3020 2739 μικραὶ
3067 2667 3164 2737 τῆς
3211 2667 3499 2739 Φρυγίας),
3536 2668 3660 2730 τοὺς

2090 2764 2421 2835 πανταχόθεν
2465 2766 2582 2816 ἐκεῖ
2629 2765 2952 2832 συναγαγεῖν
2999 2761 3234 2822 ἐθέλων,
3265 2764 3294 2815 6
3336 2762 3661 2833 πρακτῆρας

2088 2860 2382 2931 χρημάτων
2429 2858 2810 2928 καταστήσας,
2860 2859 2889 2910 6
2935 2858 3018 2908 ἐπ’
3065 2855 3285 2927 ὀνόματι
3334 2855 3658 2927 προσφορῶν

2086 2953 2184 3022 τὴν
2217 2949 2555 3022 δωροληψίαν
2597 2946 3054 3016 ἐπιτεχνώμενος,
3097 2948 3126 2999 6
3155 2945 3386 3017 σαλάρια
3409 2945 3658 3017 χορηγῶν

2085 3045 2196 3106 τοῖς
2218 3040 2572 3113 κηρύττουσιν
2601 3039 2764 3092 αὑτοῦ
2785 3038 2872 3091 τὸν
2891 3035 3064 3105 λόγον,
3101 3037 3186 3089 ἵνα
3210 3035 3297 3088 διὰ
3312 3036 3409 3104 τῆς
3437 3051 3662 3105 γαστρι-

2090 3134 2326 3204 μαργίας
2371 3129 2741 3202 ἡδιδασκαλία
2781 3127 2872 3181 τοῦ
2913 3127 3070 3195 λόγου
3110 3126 3457 3197 κρατύνηται.
3498 3147 3516 3177 ι
3554 3124 3658 3178 Καὶ

2086 3227 2258 3280 ταῦτα
2288 3225 2385 3296 μὲν
2414 3225 2540 3295 περὶ
2566 3221 2659 3275 τοῦ
2684 3220 2958 3276 Μοντανοῦ
2979 3237 2990 3249 ·
3021 3219 3114 3272 ttat
3138 3220 3264 3290 περὶ
3291 3219 3398 3272 τῶν
3446 3235 3645 3288 προφη-

2087 3320 2244 3374 τίδων
2269 3318 2324 3371 δὲ
2352 3317 2514 3372 αὑτοῦ
2544 3315 2892 3378 ὑποκαταϐὰς
2935 3313 3074 3367 οὕτω
3113 3312 3345 3383 γράφει·
3386 3330 3404 3361 ι
3439 3311 3654 3363 Δείκνυ-

2091 3427 2188 3480 μεν
2213 3403 2304 3461 οὗν
2331 3406 2499 3470 αὑτὰς
2527 3405 2746 3476 πρώτας
2782 3405 2878 3468 τὰς
2924 3405 3256 3475 προφήτιδας
3301 3401 3501 3463 ταύτας
3523 3441 3536 3463 ,
3565 3395 3674 3469 ac?"

2086 3492 2148 3552 οὗ
2181 3495 2274 3550 τοῦ
2311 3496 2615 3566 πνεύματος
2645 3493 3037 3566 ἐπληρώθησαν
3057 3534 3070 3557 ,
3101 3493 3224 3556 τοὺς
3264 3493 3460 3562 ἄνδρας
3490 3509 3656 3546 κατα-

2087 3589 2365 3653 λιπούσας.
2394 3587 2518 3652 Πῶς
2559 3583 2652 3640 οὖν
2696 3585 2976 3656 ἐψεύδοντο
3014 3583 3343 3656 Πρίσκιλλαν
3389 3584 3657 3654 παρθένον

2089 3682 2198 3754 (15)
2224 3680 2652 3746 ἀποκαλοῦντες;
2689 3699 2707 3731 ι
2749 3675 2860 3732 Εἶτ’
2901 3679 3145 3749 ἐπιφέρει
3183 3677 3355 3746 λέγων
3378 3695 3391 3708 ο
3445 3697 3464 3729 t
3502 3679 3655 3730 Δοκεὶ

2084 3933 2132 3974 et
2164 3922 2238 3976 vel
2264 3922 2490 3975 maxime
2521 3921 2584 3974 de
2639 3919 2850 3974 Taliani
2901 3920 3076 3988 radice
3127 3931 3449 3982 crescentes,
3496 3937 3651 3988 super

2083 3993 2386 4061 hujusmodi
2412 3991 2676 4045 laboribus
2712 3991 2934 4044 audiunt
2969 4008 2986 4046 :
3023 3987 3193 4044 Tanta
3218 3993 3360 4057 passi
3394 3991 3518 4061 estis
3540 3987 3652 4044 sine

2081 4060 2263 4117 causa.
2291 4062 2558 4116 Caeterum
2588 4062 2877 4116 notandum
2903 4069 2986 4113 est
3016 4063 3116 4115 hoc
3163 4061 3281 4116 loco
3307 4060 3648 4129 Apollonium

2083 4142 2337 4202 tanquam
2389 4131 2770 4202 gravissimum
2832 4131 3042 4202 facinus
3090 4131 3329 4202 objicere
3370 4130 3646 4194 Montano,

2079 4199 2218 4269 quod
2245 4199 2446 4269 jejuuia
2474 4203 2574 4256 sub
2602 4199 2736 4270 lege,
2772 4217 2835 4254 ac
2865 4201 2966 4254 sub
2996 4199 3251 4269 praecepti
3282 4199 3453 4255 forma
3517 4215 3652 4254 con-

2079 4273 2345 4328 stituissct
2381 4287 2395 4325 :
2429 4287 2532 4326 non
2569 4271 2710 4338 quod
2734 4271 2980 4340 jejunare
3007 4271 3216 4324 crimen
3245 4271 3332 4333 sit,
3369 4279 3459 4324 aut
3480 4272 3646 4340 quasi

2078 4343 2394 4410 quibusdam
2434 4342 2487 4394 in
2509 4339 2746 4395 Ecclesia
2768 4357 2878 4410 non
2915 4341 3093 4410 liceat,
3124 4353 3449 4410 semperque
3477 4339 3648 4394 licue-

2079 4409 2149 4465 rit
2183 4413 2418 4466 indicere
2463 4411 2688 4477 jejunia.
2761 4409 2893 4463 Nam
2951 4418 3004 4464 et
3061 4409 3302 4465 Joannes
3369 4411 3646 4477 apostolus

2081 4482 2383 4534 triduanum
2418 4479 2666 4547 Ephesiis
2703 4479 2969 4549 jejunium
3007 4481 3198 4533 indixit
3230 4480 3544 4549 priusquam
3576 4481 3642 4533 ad

2081 4551 2422 4604 scribendum
2450 4550 2800 4616 Evangelium
2831 4565 2890 4604 se
2915 4549 3206 4604 conferret.
3254 4550 3449 4604 Verum
3489 4549 3641 4603 Mon-

2083 4631 2207 4675 tano
2237 4621 2286 4674 id
2319 4619 2499 4674 facere
2530 4620 3065 4685 nullatenuslicebat,
3104 4619 3305 4674 homini
3360 4620 3641 4683 haeretica,

2080 4700 2134 4743 ct
2165 4691 2232 4744 ab
2258 4690 2515 4744 Ecclesiae
2537 4705 2764 4757 corpore
2787 4699 3086 4759 segregato,
3122 4704 3220 4743 nec
3260 4689 3424 4741 ullum
3453 4703 3640 4743 sacer-

2080 4760 2282 4814 dotiqu
2312 4762 2540 4830 gerenti.
2588 4759 2778 4814 Merito
2813 4762 2975 4828 igitur
3010 4774 3134 4814 eum
3189 4759 3642 4830 reprehendit}-

2078 4829 2374 4900 pullonius;
2404 4832 2543 4900 quod
2565 4845 2630 4883 ex
2661 4831 2890 4884 arbitrio
2928 4845 3047 4894 suo,
3074 4845 3200 4900 non,
3228 4845 3292 4900 ex
3341 4829 3638 4896 apostolica

2081 4898 2369 4954 traditione
2403 4898 2771 4956 constituisset
2797 4899 3028 4968 jejunia.
3071 4898 3201 4951 Nam
3231 4899 3636 4953 Catltolicorum

2078 4971 2293 5039 quidem
2319 4971 2519 5039 jejunia
2549 4987 2614 5024 ex
2646 4972 3011 5039 apostolorum
3049 4968 3342 5022 traditione
3379 4979 3635 5031 manant;

2078 5038 2144 5093 de
2175 5038 2508 5096 solemnibus
2533 5056 2596 5094 ac
2619 5038 2845 5110 publicis
2870 5038 3090 5110 jejuniis
3120 5039 3334 5107 loquor,
3368 5054 3485 5106 qua:
3517 5055 3634 5093 cer-

2079 5111 2146 5162 tis
2175 5110 2364 5164 diebus
2421 5113 2474 5165 in
2525 5109 2765 5164 EcClesia
2832 5109 3127 5178 quotannis
3178 5111 3634 5163 observabantur.

2077 5178 2462 5234 Ilaareticorum
2490 5191 2667 5234 autem
2691 5180 2900 5248 jejunia
2928 5194 2996 5231 ex
3025 5179 3169 5231 inani
3193 5179 3633 5248 prtesumptione,

2075 5259 2128 5301 et
2181 5251 2488 5305 sanctitatis
2545 5247 2890 5304 simulatione
2944 5249 3266 5317 procedunt.
3322 5247 3632 5317 Cujusmodi

2047 5318 2224 5375 .fuere
2247 5318 2449 5386 jejunia
2477 5335 2595 5389 qua:
2622 5319 2905 5373 Montanus
2943 5319 3300 5373 sectatoribus
3353 5319 3469 5373 suis
3518 5327 3638 5371 tau-

2072 5404 2232 5457 quam
2265 5389 2574 5444 Paracletus
2607 5389 2816 5443 indixit.

2143 5457 2252 5528 (l5)
2303 5460 2676 5526 Πρίσκιλλαν
2730 5457 3055 5528 Παρθένον.
3106 5457 3161 5512 In
3217 5457 3409 5528 codice
3457 5455 3632 5528 Μαι,

2071 5526 2211 5582 Med.
2236 5526 2295 5583 et
2324 5529 2456 5583 Fuk.
2487 5539 2540 5583 et
2573 5530 2711 5599 apud
2745 5526 3104 5596 Nicephorum
3119 5527 3334 5599 _Iegitur
3365 5526 3633 5598 Πρίσκαν,

2069 5613 2230 5666 quam
2261 5600 2580 5666 scripturam
2609 5597 2894 5654 confirmat
2924 5600 3084 5651 etiam
3119 5597 3366 5652 Rufinus.
3418 5597 3521 5651 Sed
3579 5606 3634 5650 et

2070 5668 2433 5726 'l‘ertulliauus
2466 5679 2516 5726 et
2549 5668 2892 5726 Firmilianus
2925 5669 3123 5737 aliique
3179 5667 3419 5721 Priscum
3451 5667 3629 5722 nomi-

2068 5748 2219 5794 naut.
