4012 6256
355 361 451 417 ΑΠ

1395 362 1749 420 HlS‘l'ORlIE
1791 355 2349 417 ECCLESIASTICIE
2391 353 2515 407 ΜΒ.
2563 350 2638 438 ν..
3517 350 3620 404 478

362 501 439 537 σοι
471 481 580 552 (16)
615 483 773 536 πᾶσα
803 483 995 554 Γραφὴ
1037 482 1264 536 κωλύειν
1317 486 1602 555 προφήτην
1651 483 1943 554 λαμϐάνειν

2055 480 2304 531 universa
2340 474 2663 543 prohibere,
2699 485 2765 525 ne
2788 467 3050 539 prOpheta
3093 483 3318 523 munera
3350 478 3403 524 et
3453 485 3619 539 pecu-

360 576 506 648 δῶρα
530 575 625 628 καὶ
650 577 948 647 χρήματα;
982 576 1149 628 Ὅταν
1196 571 1287 629 οὖν
1317 577 1409 630 ἴδω
1446 577 1544 648 τὴν
1571 576 1839 648 προφῆτιν
1872 576 1948 627 εί-

363 668 594 739 ληφυῖαν
650 667 746 719 καὶ
797 667 997 738 χρυσὸν
1063 666 1158 718 καὶ
1214 667 1451 738 ἄργυρον
1496 669 1588 720 καὶ
1640 666 1947 728 πολυτελεῖς

367 759 620 830 ἐσθῆτας,
654 757 771 822 πῶς
813 758 980 828 αὐτὴν
1023 758 1094 828 μὴ
1143 760 1588 829 παραιτήσομαι;
1630 779 1647 810 ι
1696 754 1859 820 Αὖθις
1891 756 1947 809 δὲ

368 849 742 916 ὑποκαταϐὰς,
774 850 903 922 περί
932 868 1072 912 τινος
1099 849 1204 902 τῶν
1234 853 1351 903 κατ’
1382 851 1576 914 αὐτοὺς
1603 849 1947 921 ὁμολογητῶν

368 943 544 996 ταῦτά
572 958 734 1012 φησιν
759 958 772 971 ·
819 961 836 993 ι
885 942 1001 994 Ἔτι
1031 941 1086 994 δὲ
1127 943 1220 994 καὶ
1257 941 1504 1012 Θεμίσων
1547 943 1575 994 6
1599 943 1696 1012 τὴν
1736 941 1946 1007 ἀξιόπι-

372 1051 496 1086 στον
545 1032 854 1096 πλεονεξίαν
897 1033 1005 1104 (17)
1033 1033 1438 1104 ἠμφιεσμένος,
1483 1034 1511 1085 ὁ
1557 1035 1629 1104 μὴ
1675 1033 1948 1103 βαστάσας

367 1125 468 1194 τῆς
495 1122 782 1193 ὁμολογίας
812 1123 872 1175 τὸ
908 1127 1130 1194 σημεῖον
1161 1122 1306 1194 (18),
1332 1121 1465 1174 ἀλλὰ
1499 1121 1690 1193 πλήθει
1734 1120 1948 1191 χρημά-

367 1231 478 1267 των
506 1213 840 1284 ἀποθέμενος
874 1213 942 1267 τὰ
975 1214 1168 1284 δεσμὰ,
1205 1214 1320 1266 δέον
1351 1215 1444 1267 ἐπὶ
1489 1213 1662 1283 τούτῳ
1701 1230 1949 1266 ταπεινο-

368 1308 620 1375 φρονεῖν,
649 1305 723 1368 ὡς
768 1305 973 1376 μάρτυς
1011 1303 1384 1376 καυχώμενος,
1445 1303 1708 1374 ἐτόλμησε
1755 1303 1950 1374 μιμού-

371 1413 534 1466 μενος
563 1399 654 1450 τὸν
689 1395 1036 1460 Ἀπόστολον,
1065 1395 1356 1466 καθολικὴν
1391 1412 1511 1447 τινα
1533 1395 1949 1465 ,συνταξάμενος

367 1488 683 1558 ἐπιστολὴν,
718 1491 980 1558 κατηχεῖν
1019 1487 1116 1558 μὲν
1167 1489 1292 1551 τοὺς
1336 1487 1556 1556 ἄμεινον
1589 1488 1752 1540 αὑτοῦ
1793 1505 1951 1540 πεπι-

370 1579 686 1642 στευκότας,
721 1576 1180 1646 συναγωνίζεσθαι
1237 1578 1294 1631 δὲ
1338 1582 1450 1642 τοῖς
1488 1579 1586 1648 τῆς
1621 1578 1950 1647 κενοφωνίας

367 1670 570 1738 λόγοις,
607 1669 993 1741 βλασφημῆσαι
1021 1669 1077 1722 δὲ
1101 1673 1180 1733 εἰς
1207 1670 1300 1723 τὸν
1329 1670 1530 1742 Κύριον
1553 1671 1647 1724 καὶ⁹
1668 1672 1793 1746 τοὺς
1810 1667 1950 1723 ’ἀπο-

369 1760 610 1823 στόλους,
640 1762 732 1813 καὶ
761 1760 858 1832 τὴν
887 1762 1046 1829 ἁγίαν
1087 1761 1430 1832 Ἐκκλησίαν.
1475 1781 1494 1814 ι
1538 1764 1645 1815 Καὶ
1672 1762 1800 1833 περὶ
1833 1761 1947 1814 ἐτέ-

2052 571 2172 623 nias
2195 566 2464 635 accipiat?
2489 564 2622 618 Cum
2654 563 2814 632 igitur
2849 563 3056 616 videam
3095 560 3494 631 prophetissam
3521 577 3622 612 au-

2048 679 2167 717 rum
2224 670 2276 714 et
2326 666 2607 728 argentum
2658 665 2946 722 vestesque
3007 655 3274 722 pretiosas
3319 655 3614 721 accepisse,

2046 753 2318 822 quomodo
2344 766 2461 804 eam
2500 763 2608 802 non
2643 746 3011 816 repudiabo?»
3061 745 3127 799 Et
3177 745 3333 815 paulo
3373 755 3493 814 post
3545 746 3610 799 de

2045 843 2276 914 quodam
2323 857 2392 906 e_x
2428 856 2613 894 eorum
2666 853 2893 891 numero
2947 839 3036 906 qui
3094 839 3433 891 confessores
3471 838 3611 904 apud

2047 935 2192 1002 ipsos
2235 934 2524 996 habentur,
2588 932 2698 984 haec
2747 931 2916 985 dicit:
2951 950 2969 981 ι
2999 931 3263 984 Ρτωῑετοει
3315 930 3607 984 Themison

2048 1026 2295 1095 speciosa
2326 1023 2560 1077 avaritia
2599 1022 2758 1092 185
2789 1023 3105 1088 obvelatus,
3133 1023 3226 1092 qui
3261 1022 3620 1077 confessionis

2047 1121 2259 1189 signum
2290 1134 2396 1172 non
2433 1116 2680 1188 pertulit,
2707 1119 2801 1170 sed
2839 1131 3031 1187 magna
3060 1117 3302 1186 pecunia:
3329 1115 3378 1168 vi
3402 1123 3618 1182 erogata

2049 1214 2264 1267 vincula
2309 1212 2507 1281 abjecit
2543 1227 2704 1265 :cum
2755 1209 2824 1263 ob
2877 1226 2994 1263 eam
3051 1225 3268 1263 causam
3327 1207 3620 1262 modestius

2048 1305 2302 1373 deinceps
2361 1318 2423 1356 ac
2471 1300 2794 1355 submissius
2850 1284 3013 1368 agere
3061 1297 3319 1363 deberet,
3361 1306 3618 1364 tanquam

2049 1407 2254 1466 martyr
2293 1409 2410 1447 sese
2447 1391 2713 1455 etl'erens,
2751 1407 2916 1446 ausus
2948 1399 3030 1444 est
3086 1389 3333 1458 exemplo
3373 1388 3618 1457 Apostoli

2048 1491 2355 1557 conscripta
2386 1485 2612 1554 epistola
2639 1483 2904 1537 catholica
2944 1498 3041 1537 eos
3071 1481 3310 1550 quidem,
3357 1480 3445 1547 qui
3482 1478 3618 1533 iide-

2049 1581 2212 1634 liores
2267 1580 2385 1647 ipso
2437 1576 2795 1638 exstiterant,
2855 1575 3182 1637 instituere,
3233 1588 3385 1627 novre
3437 1582 3618 1628 autem

2051 1669 2308 1724 doctrina:
2345 1665 2673 1736 patrocinari
2708 1705 2725 1729 ,
2765 1678 2829 1718 ac
2881 1672 3150 1732 postremo
3203 1664 3253 1717 in
3311 1663 3616 1728 Dominum,

2054 1761 2105 1826 in
2138 1739 2430 1828 apostolos,
2483 1766 2536 1811 et
2571 1757 2623 1810 in
2665 1765 3070 1810 sacrosanctam
3117 1755 3415 1810 Ecclesiam
3457 1756 3620 1834 impie

370 1870 481 1926 ρων
506 1852 563 1904 δὲ
606 1847 760 1915 αὖθις
805 1851 912 1905 τῶν
964 1853 1084 1905 κατ’
1130 1853 1326 1916 αὐτοὺς
1370 1853 1749 1924 τετιμημένων
1778 1853 1852 1916 ὡς
1883 1853 1943 1924 δὴ

2052 1851 2223 1920 loqui.
2247 1869 2264 1902 ι
2296 1845 2506 1902 Rursus
2539 1847 2602 1899 de
2633 1845 2740 1900 alio
2770 1847 3001 1913 quodam
3049 1861 3113 1900 ex
3166 1861 3392 1899 numero
3431 1833 3616 1900 eorum

373 1945 700 2016 μαρτύρων,
745 1943 887 1998 οὕτω
932 1946 1164 2018 γράφειο
1202 1965 1220 1997 ι
1257 1947 1374 1999 Ἵνα
1414 1947 1470 1999 δὲ
1501 1947 1574 2017 μὴ
1607 1949 1735 2020 περὶ
1774 1947 1950 1998 πλειό-

367 2056 475 2095 νων
505 2037 773 2107 λέγωμεν,
801 2040 834 2108 ἠ
867 2038 1132 2109 προφῆτις
1157 2040 1287 2109 ἡμῖν
1315 2040 1518 2092 εἰπάτω
1548 2039 1614 2092 τά
1639 2038 1778 2092 κατὰ
1813 2038 1950 2091 Ἀλέ·

370 2128 595 2200 ξανδρον
630 2129 720 2181 τὸν
765 2128 988 2198 λέγοντα
1035 2130 1221 2182 ἑαυτὸν
1277 2131 1561 2202 μάρτυρα,
1595 2125 1639 2199 ᾧ
1668 2133 1948 2185 συνεστιᾶ-

368 2237 496 2282 ται,
528 2213 575 2286 ᾧ
602 2220 965 2292 προσκυνοῦσι
1014 2222 1108 2274 καὶ
1145 2222 1293 2292 αὐτῷ
1335 2223 1517 2276 πολλοὶ
1542 2224 1656 2294 (19)
1683 2263 1696 2286 ,
1746 2218 1806 2277 οὗ
1851 2222 1948 2286 τὰς

369 2312 625 2384 λῃστείας
658 2311 842 2365 καὶτὰ
871 2312 1002 2367 ἄλλα
1030 2313 1351 2385 τολμήματα
1385 2315 1467 2382 ἐφ’
1498 2309 1577 2378 οἷς
1601 2314 1945 2377 κεκόλασται,

371 2401 466 2471 οὐχ
511 2402 660 2472 ἡμᾶς
703 2401 784 2454 δεῖ
815 2401 1012 2470 λέγειν,
1063 2402 1198 2455 ἀλλὰ
1225 2405 1252 2456 6
1295 2403 1647 2475 ὀπισθόδομος
1672 2405 1782 2475 (20)
1813 2404 1943 2475 ἔχει.

372 2491 466 2555 Τίς
499 2489 592 2546 οὖν
629 2493 732 2545 τίνι
776 2493 1056 2564 χαρίζεται
1101 2495 1168 2548 τά
1209 2497 1618 2567 άμαρτήματα;
1670 2499 1893 2568 πότερον
1919 2497 1948 2548 6

373 2584 654 2653 προφήτης
687 2583 783 2646 τὰς
811 2584 1064 2656 λῃστείας
1101 2583 1179 2655 τῷ
1207 2585 1477 2657 μάρτυρι,
1510 2586 1542 2655 ἢ
1579 2589 1606 2638 ὁ
1633 2586 1840 2656 μάρτυς
1869 2584 1948 2656 τῷ

372 2676 624 2747 προφήτῃ
649 2675 745 2737 τὰς
773 2673 1082 2739 πλεονεξίας
1109 2692 1122 2740 ;
1157 2676 1437 2748 εἰρηκότος
1462 2675 1569 2747 γὰρ
1589 2676 1682 2728 τοῦ
1717 2676 1945 2747 Κυρίου,

371 2766 462 2837 Μὴ
497 2766 768 2850 κτήσησθε
795 2767 1010 2838 χρυσὸν,
1048 2770 1181 2840 μήτε
1205 2769 1462 2841 ἄργυρον,
1495 2770 1630 2840 μήτε
1667 2769 1759 2822 δύο
1787 2769 1948 2839 χιτῶ-

371 2875 487 2920 νας,
545 2853 688 2911 οὗτοι
752 2860 860 2912 πᾶν
914 2857 1242 2922 τούναντίον,
1285 2859 1780 2929 πεπλημμελήκασι
1821 2857 1948 2927 περὶ

372 2944 468 3008 τὰς
507 2945 709 2998 τούτων
761 2947 871 2999 τῶν
909 2946 1372 3018 ἀπηγορευμένων
1411 2949 1650 3017 κτήσεις.
1692 2945 1946 3016 Δείξομεν

371 3035 478 3106 γὰρ
503 3038 628 3100 τοὺς
651 3037 974 3108 λεγομένους
1007 3037 1134 3109 παρ’
1162 3039 1343 3098 αὐτοῖς
1375 3039 1654 3108 προφήτας
1681 3037 1775 3091 καὶ
1809 3037 1947 3108 μάρ-

369 3145 559 3196 τυρας,
611 3128 684 3198 μὴ
718 3128 876 3198 μόνον
924 3127 1072 3198 παρὰ
1118 3127 1421 3192 πλουσίων,
1473 3126 1608 3180 ἀλλὰ
1657 3128 1752 3180 κα)⁸
1794 3127 1944 3198 παρὰ

373 3220 602 3290 πτωχῶν
637 3222 730 3274 καὶ
775 3221 1024 3291 ὀρφανῶν
1069 3223 1162 3278 καὶ
1197 3223 1380 3294 χηρῶν
1422 3223 1936 3294 κερματιζομένους.

370 3315 479 3367 Καὶ
512 3315 560 3366 εί
588 3313 910 3384 πεποίθησιν
950 3314 1162 3384 ἔχουσιν
1203 3317 1262 3368 ἐν
1289 3315 1462 3386 τούτῳ
1484 3355 1497 3378 ,
1541 3317 1818 3385 στήτωσαν
1849 3316 1943 3368 καὶ

368 3403 791 3475 διορισάσθωσαν
830 3405 921 3457 ὲπὶ
953 3405 1160 3469 τούτοις
1204 3405 1338 3478 (21),
1385 3407 1472 3460 ἵνα
1499 3405 1590 3460 ἐὰν
1623 3405 1940 3477 ἐλεγχθῶσι,

369 3495 470 3548 κᾶν
495 3495 590 3548 τοῦ
629 3496 814 3550 λοιποῠ
851 3498 1158 3554 παύσωνται
1202 3499 1645 3572 πλημμελοῦντες
1665 3517 1678 3531 ο
1709 3499 1792 3552 δεῖ
1823 3499 1930 3569 γὰρ

367 3589 493 3652 τοὺς
522 3591 766 3660 καρποὺς
794 3590 1177 3661 δοκιμάζεσθαι
1203 3592 1297 3644 τοῦ
1338 3593 1617 3662 προφήτου
1637 3609 1650 3620 ·
1683 3591 1790 3644 ἀπὸ
1834 3591 1942 3662 γὰρ

367 3679 460 3744 τοῦ
489 3682 704 3751 καρποῦ
727 3682 787 3734 τὸ
819 3682 1032 3754 δένδρον
1070 3685 1410 3752 γινώσκεται.
1451 3685 1566 3736 Ἵνα
1594 3684 1649 3736 δὲ
1681 3687 1792 3746 τοῖς
1821 3683 1942 3752 βου-

369 3770 612 3840 λομένοις
635 3772 702 3825 τὰ
731 3773 871 3826 κατὰ
913 3774 1254 3845 Ἀλέξανδρον
1375 3775 1645 3846 γνώριμα,
1694 3775 1940 3846 κέκριται

371 3861 473 3913 ὑπὸ
502 3861 748 3930 Αἰμιλίου
794 3864 1078 3935 Φροντίνου
1127 3865 1436 3919 ἀνθυπάτου
1485 3869 1541 3918 ὲν
1589 3865 1830 3936 Ἐφέσῳ,
1878 3865 1939 3918 οὐ

369 3950 456 4005 διὰ
485 3951 546 4004 τὸ
605 3952 807 4022 ὄνομα,
855 3953 989 4006 ἀλλὰ
1035 3955 1100 4007 δι’
1141 3954 1208 4018 ἃς
1241 3956 1501 4026 ἐτόλμησε
1553 3956 1833 4027 λῃστείας,
1867 3955 1942 4008 ὢν

371 4039 468 4112 ἤδη
520 4042 844 4114 παραϐάτης
893 4044 1003 4114 (22)
1031 4061 1045 4074 °
1101 4039 1218 4096 εἶτα
1267 4046 1700 4117 ἐπιψευσάμενος
1729 4047 1804 4118 τῷ
1831 4049 1942 4100 ὀνύ-

441 4195 552 4270 (16)
582 4196 756 4249 Δοκεῖ
779 4214 896 4270 σοι.
930 4197 1268 4270 Nicephorus
1309 4201 1377 4270 in,
1412 4200 1503 4252 lib.
1558 4217 1630 4263 tv,
1677 4217 1795 4270 cap.
1845 4202 1936 4261 96.

372 4266 680 4337 negativam
732 4269 879 4319 addit
925 4269 1266 4336 particulam,
1329 4269 1391 4321 οὔ
1449 4271 1596 4324 δοκεῖ
1649 4266 1758 4332 σοι,
1804 4283 1935 4337 etc.;

372 4347 531 4455 atpue
559 4336 634 4388 ita
669 4336 903 4390 Saviltus
942 4339 1009 4391 ad
1041 4340 1335 4407 marginem
1389 4342 1470 4394 sui
1511 4342 1632 4394 libri
1683 4343 1942 4395 emenda-

372 4422 415 4459 Vl
449 4445 463 4458 .

407 4432 463 4458 ll.

438 4473 548 4545 (I7)
582 4475 700 4543 Τὴν
723 4477 1077 4541 ἀξιόπιστον
1105 4479 1484 4545 πλεονεξίαν.
1522 4481 1791 4536 Muscnlus
1822 4496 1940 4534 ver-

2051 1958 2185 2012 quos
2208 1941 2280 1994 illi
2314 1951 2568 2009 tanquam
2603 1947 2868 2007 martyres
2905 1947 3255 2003 venerantur,
3291 1937 3362 1990 ita
3382 1936 3573 1991 scribit
3602 1955 3615 1990 :

2055 2053 2075 2087 ι
2111 2033 2216 2089 Sed
2253 2047 2319 2086 ne
2357 2033 2420 2084 de
2463 2031 2708 2100 pluribus
2758 2030 3064 2098 loquamur,
3110 2029 3434 2098 respondeat
3465 2027 3621 2084 nobis

2049 2125 2390 2196 praphetissa
2417 2123 2494 2184 ~de
2521 2121 2828 2176 Alexandro
2871 2121 2962 2190 qui
2995 2136 3054 2174 se
3090 2132 3388 2192 martyrem
3420 2120 3618 2190 praedi-

2049 2229 2171 2274 cet:
2205 2233 2434 2288 quocum
2476 2217 2595 2286 ipsa
2631 2216 2982 2282 convivatur;
3017 2217 3108 2284 qui
3158 2217 3413 2271 adoratur
3455 2216 3618 2271 etiam

2049 2311 2166 2380 ipse
2191 2325 2220 2363 a
2256 2308 2459 2362 multis.
2495 2305 2664 2376 Cujus
2693 2305 2982 2359 latrocinia
3027 2315 3082 2360 et
3121 2306 3327 2374 reliqua
3373 2305 3618 2360 facinora

2047 2415 2146 2472 pro
2178 2399 2376 2470 quibus
2403 2413 2597 2465 poenas
2633 2399 2800 2462 dedit,
2832 2397 2966 2451 nihil
2997 2412 3133 2466 opus
3172 2407 3254 2451 est
3288 2413 3388 2452 nos
3418 2398 3618 2466 dicere,

2049 2493 2348 2561 praesertim
2380 2505 2502 2544 cum
2532 2485 2587 2540 in
2612 2489 2880 2543 tabulario
2906 2490 3320 2544 contineantur.
3362 2489 3616 2560 Uter.igi-

2050 2593 2135 2637 tur
2163 2583 2376 2637 illorum
2419 2582 2575 2636 alteri
2617 2590 2836 2651 peccata
2869 2582 3180 2636 condonat?
3214 2582 3296 2634 An
3329 2581 3619 2650 prophetes

2047 2674 2268 2746 martyri
2295 2673 2614 2728 latrocinia!
2653 2688 2719 2726 an
2752 2686 2959 2743 martyr
2999 2673 3278 2742 propheta:
3307 2671 3620 2730 avaritiam?

2045 2765 2178 2820 Cum
2231 2766 2377 2820 enim
2421 2764 2681 2820 Dominus
2723 2765 3084 2834 prnzceperit:
3123 2763 3297 2817 Nolite
3347 2763 3623 2830 possidere

2047 2871 2235 2909 aurum
2270 2870 2447 2923 neque
2481 2865 2807 2925 argentum,
2857 2869 3030 2923 neque
3073 2855 3207 2907 duas
3236 2853 3481 2918 tumens;
3530 2854 3620 2908 isti

2045 2957 2233 3001 contra
2260 2947 2311 3000 in
2337 2961 2515 2999 rerum
2537 2946 2822 2999 vetitarum
2868 2945 3204 3012 possessione
3230 2945 3468 3012 graviter
3490 2943 3621 2996 deli-

2045 3047 2301 3107 querunt.
2330 3036 2434 3102 Qui
2466 3037 2609 3090 enim
2654 3036 2724 3090 ab
2768 3035 2897 3103 ipsis
2923 3035 3199 3102 propheta:
3249 3043 3304 3088 et
3349 3041 3618 3101 martyres

2048 3131 2323 3194 dicuntur,
2358 3144 2451 3183 eos
2486 3144 2590 3182 non
2619 3129 2792 3183 solum
2848 3142 2876 3178 a
2924 3126 3205 3190 divitibus,
3257 3127 3350 3182 sed
3393 3129 3554 3180 etiam
3587 3141 3618 3179 a

2047 3221 2331 3287 mendicis,
2399 3219 2615 3290 pupillis
2678 3229 2732 3272 et
2786 3218 2962 3272 viduis
3012 3218 3272 3287 pecunias
3331 3231 3618 3286 corrogare

2047 3313 2562 3368 demonstrabimus.
2619 3311 2772 3378 Quod
2810 3313 2854 3366 si
2883 3313 2986 3366 hac
3017 3312 3072 3366 in
3131 3319 3284 3378 parte
3341 3309 3619 3363 confidunt

2045 3406 2370 3461 innocentiae
2408 3421 2520 3460 suae
2556 3445 2571 3470 ,
2617 3406 2810 3460 sistant
2844 3419 2935 3466 se,
2990 3415 3041 3459 et
3087 3407 3150 3458 de
3208 3405 3288 3457 bis
3342 3402 3619 3456 nobiscum

2046 3499 2370 3567 disceptent,
2416 3507 2475 3552 ut
2537 3499 2804 3567 siquidem
2866 3497 3099 3552 convicti
3152 3496 3368 3556 fuerint,
3430 3493 3616 3548 saltem

2047 3590 2098 3643 in
2125 3601 2400 3659 posterum
2432 3589 2745 3659 delinquere
2779 3591 3047 3645 desinant.
3095 3592 3262 3642 Actus
3293 3588 3434 3641 cnim
3491 3601 3618 3654 pro—

2049 3683 2226 3750 phetae
2259 3693 2517 3752 tanquam
2539 3682 2748 3736 fructus
2775 3683 3126 3736 examinandi
3151 3690 3276 3734 sunt
3303 3699 3315 3734 :
3345 3696 3405 3734 ex
3429 3678 3621 3733 fructi-

2048 3775 2148 3854 bus
2177 3775 2374 3843 quippe
2409 3773 2573 3827 arbor
2597 3775 2964 3842 cognoscitur.
3018 3773 3170 3838 Quod
3217 3788 3343 3827 vero
3391 3773 3458 3826 ad
3489 3771 3617 3826 Ale-

2049 3868 2313 3920 xandrum
2345 3867 2598 3934 pertinet,
2634 3877 2692 3918 ut
2715 3868 2916 3920 veritas
2941 3867 3193 3921 omnibus
3217 3881 3374 3920 nosse
3394 3867 3620 3935 cupien-

2051 3958 2195 4010 tibus
2225 3958 2555 4018 innotescat,
2595 3955 2869 4024 judicatns
2910 3965 2995 4010 est
3035 3956 3232 4025 Ephesi
3274 3956 3341 4008 ab
3398 3954 3619 4008 IEIIIiliO

2048 4047 2331 4113 Frontino,
2357 4047 2500 4101 Asia:
2527 4047 2870 4117 proconsule,
2925 4062 3032 4101 non
3068 4047 3137 4100 ob
3169 4061 3363 4100 nomen
3392 4045 3614 4110 Christi,

2049 4201 2280 4255 bendnm
2305 4202 2517 4255 videtur
2541 4202 2632 4255 καὶ
2656 4202 2854 4266 αὐτῶν,
2893 4202 2942 4254 id
2979 4213 3061 4256 est
3109 4201 3578 4256 Montanistarnm.

2119 4273 2230 4340 (‘20)
2275 4272 2708 4341 Ὀπισθόδομος.
2756 4274 2981 4327 Athenis
3019 4273 3301 4326 dicebatur
3341 4271 3618 4325 ὀπισθόδο-

2051 4359 2150 4412 μος
2188 4347 2330 4395 :rdcs
2352 4346 2595 4411 quaedam
2631 4355 2754 4411 post
2782 4345 3036 4410 templum
3071 4343 3320 4396 Minerva:
3358 4343 3612 4412 l’oliadis_,

2051 4408 2100 4464 in
2131 4428 2232 4480 qua
2262 4408 2499 4480 peeuuize
2533 4408 2760 4476 publica:
2798 4408 3251 4478 recentlebanlur,
3281 4423 3337 4466 ut
3385 4429 3450 4466 ex
3515 4408 3618 4468 De;

2051 4486 2330 4535 mosthene
2375 4485 2530 4535 dot-et
2574 4482 2985 4551 Harpocration.
3017 4483 3118 4536 Sed
3169 4494 3219 4536 et
3267 4485 3316 4536 in
3367 4483 3614 4537 omnibus

373 4531 1030 4601 tit‘im’tubi‘tata'auaritia
1065 4531 1443 4622 eruntaut};
1471 4531 1937 4619 'c'i;.-;siapi.‘m;gs-
1973 4531 2017 4584 ι)
2049 4531 3220 4622 alapa;"¢'.-..‘t"aazoéas;ga;1“putidius;
3253 4531 3614 4620 ι’ἔοῖιέἦᾷιῖἇ

370 4631 468 4669 nus
499 4631 632 4670 vero
674 4625 814 4669 totus
864 4635 1036 4671 rerera
1074 4621 1314 4674 avaritia:
1353 4623 1595 4674 sordibus
1649 4623 1933 4675 involutus.

367 4685 584 4752 Langus
609 4697 788 4740 autem
815 4689 1198 4756 interpretatus
1225 4699 1330 4751 est,
1384 4692 1714 4756 inexplebilis
1768 4694 1938 4744 avari-

367 4759 454 4830 tia:
481 4758 726 4830 sordibus
767 4758 1058 4819 obrolutus,
1092 4761 1242 4827 quasi
1297 4759 1571 4830 ἄπληστον
1629 4757 1938 4825 πλεονεξίαν

369 4826 658 4898 legeretur.
688 4828 796 4896 Ego
818 4843 946 4883 vero
973 4846 1076 4882 non
1115 4826 1302 4882 dUbllO
1364 4826 1491 4898 quin
1527 4833 1612 4885 hic
1670 4833 1818 4885 locus
1865 4835 1935 4884 ita

371 4895 753 4967 intelligendus
786 4898 854 4950 sit
891 4908 949 4951 ut
981 4899 1149 4960 verti.
1185 4899 1326 4967 quod
1372 4895 1503 4954 satis
1545 4903 1787 4957 declarat
1837 4917 1937 4954 vox

368 4966 765 5036 ἠμφιεσμένος,
799 4984 902 5037 qua
932 4966 1276 5022 velamentum
1302 4981 1355 5022 et
1397 4970 1664 5024 simulatio
1696 4972 1938 5035 designa-

371 5047 473 5109 tur.
500 5038 711 5091 Etenim
739 5039 1074 5092 Montanist
1110 5039 1184 5092 illi
1218 5041 1501 5094 avaritiam
1534 5056 1684 5094 suam
1720 5043 1936 5109 religio-

368 5107 451 5159 nis
476 5117 737 5174 przetextu
769 5120 821 5162 et
855 5110 1100 5176 specioso
1133 5109 1463 5163 oblationum
1497 5111 1757 5175 vocable
1782 5107 1940 5165 obve-

371 5176 572 5235 labant.
601 5188 658 5251 u_t
684 5195 873 5251 supra
909 5180 1043 5251 dixit
1080 5180 1393 5251 Apollonius
1427 5195 1442 5231 :
1483 5182 1540 5233 Ὀ
1579 5180 1664 5233 ἐπ’
1717 5181 1938 5251 ὀνόματι

366 5248 694 5320 προσφορῶν
721 5247 1057 5320 δωροληψίαν
1087 5247 1533 5320 ἐπιτεχνώμενος.

437 5319 550 5388 (18)
580 5317 695 5386 Τῆς
720 5317 1040 5386 ὁμολογίας
1072 5319 1138 5372 τὸ
1169 5317 1440 5388 caperer.
1493 5322 1963 5390 Cbristopborso-.

368 5403 465 5460 nus
499 5390 716 5457 quidem
776 5395 994 5441 crbcem
1051 5391 1272 5460 intelligi
1329 5393 1557 5460 putavit,
1600 5408 1665 5446 eo
1701 5393 1842 5460 quod
1884 5394 1934 5445 in

365 5456 660 5529 Evangelio
688 5473 824 5529 crux
850 5460 1052 5526 portari
1080 5456 1393 5529 frequenter
1421 5463 1639 5517 dicitur.
1679 5456 1785 5516 sed
1811 5478 1939 5529 pro-

365 5527 449 5600 gul
478 5529 640 5600 dubio
701 5528 910 5600 vincula
969 5529 1082 5597 ipsa
1139 5527 1392 5597 intelligit
1437 5531 1773 5600 Apollonius,
1812 5527 1938 5600 qua:

363 5593 659 5652 Themismi
718 5613 816 5668 pro
867 5593 1084 5652 Christo
1143 5593 1363 5667 portare
1413 5593 1936 5668 nequiveratsouod

363 5668 507 5720 enim
539 5667 1145 5742 confessionis,signum
1173 5669 1260 5723 hic
1283 5680 1449 5742 Avocat
1481 5667 1818 5742 Apollonius,
1855 5688 1938 5726 se-

360 5748 562 5808 quente
581 5737 738 5808 _linea
775 5738 1104 5791 nominatca
1126 5738 1318 5808 δεσμά.

432 5807 545 5880 (19)
581 5801 654 5878 τῃ
681 5809 1095 5874 προσκυνοῦσι
1144 5801 1237 5864 καὶ
1292 5811 1449 5877 αὐτῷ
1479 5813 1713 5866 πολλοί.
1783 5812 1936 5869 Scri-

2044 4620 2236 4674 Latina
2262 4638 2278 4674 :
2311 4621 2437 4675 Ideo
2461 4623 2512 4674 in
2545 4620 2740 4675 trdibas
2770 4625 2934 4675 sacris
2971 4635 3089 4675 ante
3111 4624 3316 4687 cellam,
3347 4624 3433 4675 ubi
3467 4627 3613 4676 sedes

2041 4692 2124 4743 dei
2167 4701 2262 4756 est,
2301 4693 2472 4745 (ἐνωεί
2501 4693 2684 4745 dicunt
2725 4693 3008 4762 πρόδομον.
3036 4695 3172 4760 quod
3206 4704 3352 4759 post,
3391 4693 3610 4746 ὀπισθό-

2041 4763 2223 4831 δομον.
2259 4763 2454 4815 Eadem
2490 4763 2653 4815 habet
2693 4762 2878 4816 Pollux
2910 4765 2958 4815 in
2991 4763 3082 4814 lib.
3116 4779 3151 4814 ι.
3193 4763 3288 4815 llic
3337 4780 3461 4817 vero
3490 4765 3611 4816 ὀπι-

2045 4832 2300 4903 σθόδομος
2323 4847 2419 4899 pro
2453 4831 2715 4885 tabulario
2741 4834 2974 4886 sumitur
3004 4848 3097 4885 seu
3138 4850 3233 4900 pro
3264 4833 3377 4886 loro
3415 4836 3465 4886 in
3504 4850 3610 4902 quo

2046 4905 2245 4957 tabulw
2277 4903 2503 4970 publica:
2531 4903 2949 4956 asservabnnlur
2970 4944 2985 4964 ,
3017 4920 3120 4955 non
3173 4921 3267 4968 pro
3303 4907 3517 4966 :et'ario,
3555 4913 3612 4958 ut

2042 4973 2276 5046 sumitur
2299 4973 2852 5046 apudAthenienses.
2893 4973 3034 5026 lnl'ra
3084 4974 3339 5043 δημόσιον
3395 4976 3611 5046 ἀρχεῖον

2041 5053 2198 5096 vocat
2217 5043 2546 5109 Apollonius.

2113 5115 2223 5181 (*2!)
2257 5110 2742 5180 Διορισάσθωσαν
2762 5115 2857 5166 ἐπὶ
2887 5116 3136 5180 τούτοις.
3165 5113 3434 5168 Musculus
3486 5129 3609 5170 ver-

2045 5183 2122 5237 tit.
2154 5194 2199 5235 et
2223 5199 2377 5248 super
2401 5199 2463 5253 ea
2507 5185 2774 5236 nobiscum
2801 5188 3107 5253 disceptent,
3148 5202 3208 5238 ea
3233 5185 3341 5253 lege
3365 5197 3440 5251 ut,
3465 5195 3571 5238 etc.
3634 5215 3641 5229 ι

2112 5252 2224 5322 (2‘2)
2259 5255 2362 5304 ’Ὼν
2415 5252 2531 5320 ἤδη
2574 5252 2948 5322 παραϐάτης,
2984 5255 3137 5324 llunc
3198 5252 3368 5308 locum
3411 5257 3611 5324 optime

2041 5322 2269 5395 [inlinus
2301 5328 2550 5395 exposuit
2597 5329 2698 5378 hoc
2739 5330 2936 5378 tnodo:
2992 5323 3277 5395 Jutlicatus
3335 5337 3410 5378 est
3446 5322 3612 5395 apud

2041 5392 2322 5446 zEmilium
2356 5393 2670 5446 Frontinum
2705 5395 3067 5459 proconsulem
3093 5393 3306 5456 Ephesi,
3363 5411 3466 5447 non
3490 5392 3613 5461 pro-

2038 5473 2154 5532 pter
2186 5480 2367 5532 nomen
2399 5461 2618 5527 Christi,
2651 5467 2738 5516 sed
2769 5475 2980 5530 propter
3023 5468 3264 5532 quaedam
3302 5463 3608 5520 latrocinia.

2043 5531 2183 5584 Nam
2218 5551 2247 5582 ιι
2278 5531 2472 5584 Christi
2511 5537 2716 5586 nomine
2733 5532 2849 5600 jam
2881 5531 3120 5602 apostata
3156 5535 3448 5587 exstiterat.
3501 5534 3611 5588 Sed

2039 5605 2264 5669 postlta't:
2303 5613 2354 5652 ut
2377 5603 2554 5667 ﬁdeles
2585 5606 2802 5669 quidam
2829 5604 3040 5671 fratres,
3076 5605 3164 5672 qui
3189 5620 3279 5670 per
3322 5603 3453 5656 illud
3481 5615 3611 5656 tem-

2040 5689 2135 5738 pus
2168 5673 2306 5736 apud
2328 5672 2562 5738 jndicem
2593 5675 2793 5739 aliquid
2815 5685 3074 5739 poterant,
3115 5689 3210 5739 pro
3236 5674 3348 5740 ipso
3376 5675 3605 5727 interce-

2039 5743 2250 5806 derent,
2281 5741 2546 5794 simulavit
2568 5759 2621 5794 se
2643 5752 2850 5808 propter
2883 5759 3066 5795 nomen
3108 5745 3314 5796 Homini
3343 5744 3607 5800 laborare.

2041 5821 2086 5866 et
2119 5828 2212 5880 per
2252 5813 2348 5868 hoc
2397 5813 2698 5868 dimittitur.
2761 5815 2825 5866 At
2873 5810 3348 5883 Cbristophorsoni
3411 5814 3603 5880 versio,
