4012 6256
423 313 536 371 479

1131 311 1403 369 EUSEBII
1444 309 1927 368 CESARIENSIS
1969 309 2118 368 OPP.
2161 311 2343 371 PARS
2380 313 2422 368 Ι.
2461 342 2531 353 --
2568 311 2962 371 HISTORICA.

3579 313 3697 368 £80

419 428 513 485 sed
543 428 612 482 ob
643 440 705 481 ea
736 439 856 493 qua:
891 432 1307 495 perpetraverat
1358 425 1668 490 latrocinia,
1714 440 1839 481 eum
1882 425 1993 494 jam

2103 444 2232 496 ματι
2279 427 2373 480 τοῦ
2408 426 2650 499 Κυρίου,
2703 428 3030 483 ἀπολελυται
3084 431 3361 502 πλανήσας
3394 434 3520 496 τοὺς
3564 435 3697 487 ἐκεῖ

418 520 668 575 desertor
698 515 822 571 fidei
845 526 1009 571 esset.
1053 516 1252 571 Deinde
1292 532 1443 582 vero,
1472 519 1768 573 ementitus
1795 532 1988 572 nomen

417 610 643 673 Christi,
677 610 935 664 dimissus
967 618 1075 673 est,
1111 625 1233 663 cum
1269 611 1417 665 urbis
1452 610 1597 665 illius
1621 609 1805 665 ﬁdeles
1840 609 1993 665 fefel-

418 700 590 756 lisset.
628 701 866 755 Ecclesia
916 715 1048 753 vero
1073 700 1189 766 eius
1218 700 1320 755 loci
1352 703 1496 757 unde
1542 710 1663 756 erat
1706 703 1989 772 oriundus,

419 793 595 862 ipsum
631 809 736 847 non
770 791 1014 861 recepit,
1058 806 1123 846 eo
1168 793 1309 862 quod
1349 793 1637 848 latrocinia
1684 807 1989 851 exerceret.

420 884 476 937 81
510 883 604 953 qni
638 897 765 936 vero
797 892 966 937 totum
997 883 1141 938 illius
1171 884 1447 954 negotium
1483 885 1625 939 scire
1654 886 1991 953 desiderant,

419 983 618 1044 przesto
666 983 748 1028 est
783 974 1056 1043 publicum
1102 976 1244 1030 Asia:
1298 976 1649 1032 tabularium.
1708 977 1773 1033 Et
1814 987 1992 1034 tamen

417 1067 683 1135 propheta
712 1065 861 1120 illum
904 1069 1158 1137 ignorare
1203 1083 1261 1122 se
1303 1067 1477 1139 fingit,
1526 1084 1759 1137 quorum
1813 1073 1994 1141 plures

417 1170 593 1211 annos
614 1155 772 1210 simul
799 1157 950 1211 vixit.
984 1156 1136 1211 Hunc
1167 1174 1264 1213 nos
1286 1161 1682 1228 convincendo,
1701 1177 1797 1232 per
1815 1163 1990 1232 ipsqu

418 1246 580 1301 etiam
634 1248 914 1318 prophetae
955 1249 1335 1304 convincimus
1382 1249 1698 1306 falsitatem.
1745 1250 1889 1306 Idem
1940 1253 1991 1306 in

417 1340 538 1396 aliis
564 1341 932 1412 compluribus
965 1357 1249 1409 possumus
1283 1344 1588 1398 ostendere.
1621 1344 1772 1412 Quod
1834 1345 1996 1416 186

416 1433 465 1490 si
485 1433 738 1490 ﬁduciam
763 1434 846 1489 sui
884 1435 1126 1501 habent,
1168 1436 1400 1489 subeant
1426 1450 1677 1491 examen.
1706 1455 1726 1489 ι
1788 1436 1995 1491 Rursus

420 1527 474 1583 in
501 1526 611 1583 alio
639 1527 884 1599 ejusdem
915 1529 1097 1597 operis
1125 1528 1267 1594 loco,
1296 1529 1362 1583 de
1397 1529 1675 1598 prophetis
1716 1545 1850 1599 quos
1876 1540 1995 1584 tan-

419 1623 609 1689 topere‘
626 1617 852 1688 jactant,
887 1620 1000 1674 haec
1027 1618 1303 1690 subiungit
1335 1638 1347 1671 :
1378 1637 1396 1681 ι
1422 1618 1479 1675 Si
1530 1629 1727 1691 negant
1754 1621 1992 1691 prophe-

419 1719 502 1765 tas
527 1724 654 1765 suos
684 1725 909 1767 munera
958 1711 1267 1780 accepisse,
1313 1711 1417 1766 hoc
1481 1711 1646 1783 igitur
1692 1698 1990 1779 faleantur,

2091 515 2337 579 πιστούς.
2368 518 2479 570 Καὶ
2519 519 2552 588 ή
2588 516 2692 571 ἰδία
2740 520 2998 590 παροικὶα
3044 522 3240 587 αὐτὸν,
3282 523 3404 576 ὅθεν
3455 519 3695 595 ἦν,ούκ

2090 606 2328 673 ἐδέξατο,
2358 608 2447 662 διὰ
2474 609 2536 662 τὸ
2564 604 2705 663 εἶναι
2739 611 2901 664 αὑτὸν
2937 612 3172 685 λῃστήν⁸
3216 614 3309 669 καὶ
3336 618 3386 668 οἱ
3430 614 3696 682 θέλοντες

2095 699 2284 770 μαθεῖν
2315 700 2383 754 τά
2413 704 2533 756 κατ’
2564 703 2725 756 αὑτὸν
2744 745 2758 769 ,
2804 704 2986 776 ἔχουσι
3015 707 3077 760 τὸ
3124 707 3225 778 τῆς
3269 710 3453 774 Ἀσίας
3504 710 3699 782 δημό-

2092 807 2204 845 σιον
2236 791 2451 864 ἀρχεῖον
2472 810 2485 824 ·
2515 794 2573 847 ὃν
2596 797 2624 848 ὁ
2657 798 2942 869 προφήτης
2981 800 3207 854 συνόντα
3236 801 3448 866 πολλοῖς
3475 802 3690 869 ἔτεσιν,

2091 882 2295 951 ἀγνοεῖ.
2326 884 2524 939 Τοῦτον
2565 887 2878 959 ἐλέγχοντες
2920 892 3081 962 ἡμεῖς
3105 930 3125 956 τ
3146 892 3212 945 δι’
3242 894 3408 948 αὑτοῦ
3448 897 3542 948 καὶ
3574 895 3688 967 τὴν

2093 971 2386 1026 ὑπόστασιν
2415 974 2769 1047 ὲξελέγχομεν
2796 976 2889 1031 τοῦ
2932 982 3232 1052 προφήτου.
3264 983 3337 1035 Τὸ
3363 984 3547 1054 ὅμοιον
3577 985 3684 1038 ἐπὶ

2093 1064 2298 1118 πολλῶν
2331 1066 2602 1139 δυνάμεθα
2636 1070 2933 1136 ἀποδεῖξαι.
2963 1073 3072 1126 Kal
3111 1075 3158 1126 εξ
3190 1073 3513 1146 θαρροῦσιν,
3542 1078 3687 1130 ὑπο-

2095 1160 2436 1228 μεινάτωσαν
2468 1160 2558 1214 τὸν
2590 1161 2827 1233 ἔλεγχον.
2863 1183 2881 1215 ι
2928 1165 3093 1219 Πάλιν
3123 1183 3181 1219 τε
3213 1163 3279 1220 αὖ
3309 1170 3365 1221 ὲν
3394 1168 3564 1240 ἑτέρῳ
3580 1167 3685 1222 ,τό-

2093 1263 2178 1317 πῳ
2210 1247 2302 1301 τοῦ
2338 1253 2793 1322 συγγράμματος,
2831 1256 2958 1327 περὶ
2991 1248 3065 1310 ὧν
3105 1257 3327 1327 αὐχοῦσι
3352 1259 3673 1329 προφητῶν,

2092 1338 2331 1408 ἐπιλέγει
2358 1342 2531 1396 ταῦτα
2553 1361 2566 1373 ο
2604 1365 2623 1395 ‹
2672 1346 2796 1400 Ἐὰν
2819 1346 3090 1418 ἀρνῶνται
3120 1349 3265 1422 δῶρα
3301 1351 3425 1415 τοὺς
3457 1351 3677 1421 προφή-

2092 1448 2191 1495 τας
2234 1433 2414 1488 αὐτῶν
2462 1435 2780 1508 εἰληφέναι,
2824 1439 2981 1493 τοῦτο
3023 1440 3547 1512 ὁμολογησάτωσαν,
3588 1444 3672 1495 ὅτι

2092 1520 2187 1573 ὲάν
2220 1522 2543 1594 ἐλεγχθῶσιν
2578 1527 2859 1599 εἰληφότες
2881 1570 2897 1595 ,
2937 1530 3039 1583 οὐκ
3070 1529 3179 1583 εἰσὶ
3219 1529 3515 1600 προφῆται.
3561 1531 3672 1583 Καὶ

2097 1613 2296 1684 μυρίας
2347 1616 2648 1683 ἀποδείξεις
2715 1620 2919 1674 τούτων
2980 1622 3426 1692 παραστήσομεν.
3476 1623 3673 1690 Ἀναγ-

2096 1705 2248 1755 καῖον
2271 1703 2328 1757 δὲ
2355 1707 2470 1758 ἐστι
2503 1707 2712 1771 πάντας
2740 1710 2984 1781 καρποὺς
3021 1708 3409 1779 δοκιμάζεσθαι
3449 1712 3633 1782 προφή
3662 1740 3671 1751 -

418 1815 529 1856 non
550 1814 671 1855 esse
694 1800 819 1855 illos
853 1801 1170 1870 prophetas,
1211 1801 1254 1855 si
1284 1816 1507 1855 munera
1548 1800 1828 1871 accepisse
1857 1816 1989 1857 con-

2097 1810 2208 1846 του.
2238 1797 2547 1870 Προφήτης,
2575 1800 2695 1853 εἰπέ
2726 1817 2850 1871 μοι,
2899 1800 3158 1871 βάπτεται
3198 1801 3343 1869 (‘25);
3381 1807 3673 1874 προφήτης

421 1888 550 1944 victi
581 1889 708 1943 sint.
738 1888 817 1943 Ac
857 1896 972 1942 tum
1023 1889 1240 1944 deruunt
1272 1899 1525 1944 sexcenta
1561 1888 1678 1958 ejus
1709 1892 1787 1945 rei
1820 1890 1987 1945 docu-

420 1991 600 2038 menta
635 1997 703 2036 ac
739 1982 1046 2036 testimonia
1078 1980 1434 2052 proferemus.
1458 1981 1692 2040 Necesse
1718 1999 1882 2054 porro
1910 1994 1993 2041 est

421 2082 481 2127 ιιι
510 2088 699 2128 omnes
728 2076 1009 2143 propheta:
1036 2075 1249 2129 fructus
1285 2086 1449 2141 atque
1483 2086 1635 2128 actus
1667 2078 1986 2144 probentur.

421 2162 517 2216 Dic
548 2164 703 2229 mihi,
739 2164 965 2235 tingitne
996 2165 1221 2235 capillos
1251 2166 1555 2235 propheta?
1579 2183 1648 2220 an
1684 2167 1846 2222 stibio
1869 2182 1994 2222 ocu-

419 2253 498 2309 los
518 2254 672 2308 linit?
693 2270 761 2308 an
791 2256 972 2310 studet
997 2256 1219 2311 ornari?
1276 2256 1617 2327 Prophetane
1645 2258 1824 2313 tabula
1858 2257 1993 2313 ludit

417 2355 472 2398 et
536 2347 797 2404 tesseris?
850 2363 917 2403 an
967 2350 1252 2420 pecuniam
1307 2348 1452 2403 locat
1495 2348 1710 2404 fenori?
1763 2350 1992 2421 ingenue

408 2432 696 2495 fateantur
746 2456 810 2495 ac
844 2443 1207 2512 respondeant
1240 2450 1420 2495 utrum
1451 2441 1568 2495 haec
1615 2456 1774 2511 agere
1809 2442 1988 2507 liceat,

418 2544 486 2584 an
517 2546 696 2586 secus.
734 2531 848 2602 Ego
886 2548 1016 2586 vero
1046 2532 1161 2587 haec
1197 2531 1338 2602 apud
1384 2531 1529 2600 ipsos
1560 2542 1678 2585 acta
1706 2546 1826 2587 esse
1860 2548 1990 2586 con-

419 2621 654 2678 vincam.
679 2641 698 2675 ι
736 2623 1006 2678 Caeterum
1047 2624 1137 2679 hic
1176 2625 1289 2694 ipse
1328 2624 1648 2692 Apollonius
1699 2625 1750 2677 in
1803 2626 1989 2679 eodem

419 2713 557 2770 libro
584 2723 831 2782 testatur,
859 2723 988 2769 tunc
1011 2729 1132 2769 cum
1168 2714 1283 2769 haec
1315 2717 1601 2779 scriberet,
1627 2732 1826 2769 annum
1860 2731 1992 2785 qua-

420 2806 788 2875 dragesimum
836 2806 1003 2862 fuisse
1041 2822 1109 2861 ex
1142 2822 1249 2876 quo
1292 2807 1580 2861 Montanus
1625 2807 1987 2875 adulterinum

420 2894 570 2949 illam
601 2897 941 2964 prophetiam
971 2909 1309 2953 commentus
1329 2897 1527 2953 fuerat.
1563 2899 1727 2954 Addit
1757 2911 1991 2968 prmter-

424 3002 490 3042 ea
523 2987 769 3042 Zoticum
830 2988 1001 3055 illu'm,
1051 2988 1205 3058 cujus
1249 3005 1277 3042 a
1321 2990 1503 3058 priore
1551 2991 1815 3059 scriptore
1852 2991 1990 3047 facta

422 3089 507 3135 est
528 3082 752 3145 mentio,
782 3095 902 3134 cum
929 3079 1039 3149 jam
1065 3080 1354 3136 Maximilla
1391 3083 1619 3153 Pepuzis
1661 3099 1721 3139 se
1752 3086 1991 3156 propheo

2100 1890 2397 1956 στιϐίζεται
2422 1907 2435 1956 ;
2468 1895 2750 1965 προφήτης
2771 1891 3117 1963 φιλοκοσμεῖ;
3145 1893 3426 1962 προφήτης
3442 1893 3671 1958 τάὸλαις

2097 1985 2190 2038 καὶ
2217 1985 2402 2051 κύϐοις
2435 1987 2653 2053 παίζει;
2697 1989 2981 2058 προφήτης
3012 1986 3282 2050 δανείζει;
3319 1985 3501 2039 Ταῦτα
3534 1988 3671 2056 ὁμο-

2098 2075 2486 2149 λογησάδτωσαν
2518 2079 2746 2150 πότερον
2786 2078 2990 2146 ἔξεστιν
3023 2077 3056 2148 ἦ
3094 2078 3166 2149 μὴ
3188 2117 3202 2141 ,
3234 2076 3343 2145 ἐγὼ
3384 2077 3440 2130 δὲ
3466 2077 3548 2130 ὅτι
3578 2077 3673 2146 γέ-

2097 2185 2221 2236 γονε
2253 2172 2380 2240 παρ’
2410 2171 2619 2234 αὐτοῖς,
2649 2170 2826 2235 δείξω.
2870 2190 2887 2222 ι
2938 2172 2996 2224 Ὀ
3022 2170 3064 2223 δ’
3095 2169 3253 2232 αὐτὸς
3279 2162 3434 2231 οὗτος
3471 2167 3666 2221 Ἀπολ-

2096 2255 2285 2320 λώνιος
2331 2256 2472 2311 κατά
2516 2258 2576 2310 τὸ
2617 2259 2747 2312 αὐτὸ
2788 2259 3121 2331 σύγγραμμα
3163 2261 3394 2332 ἱστορεῖ,
3441 2257 3516 2321 ὡς
3558 2257 3669 2332 ἄρα

2098 2348 2527 2419 τεσσαρακοστὸν
2553 2349 2844 2419 ἐτύγχανεν
2866 2349 2982 2414 ἔτος
3008 2350 3117 2421 (24)
3147 2352 3238 2404 ἐπὶ
3258 2351 3357 2421 τὴν
3391 2351 3483 2404 τοῦ
3533 2368 3666 2417 συγ-

2098 2439 2424 2511 γράμματος
2458 2440 2619 2494 αὐτοῦ
2651 2442 2887 2512 γραφὴν,
2923 2443 2981 2508 ἐξ
3009 2438 3068 2497 οὗ
3093 2446 3158 2515 τῇ
3193 2449 3543 2515 προσποιήτῳ
3570 2445 3667 2497 αύ-

2096 2528 2187 2581 τοῦ
2212 2530 2514 2600 προφητεία
2549 2532 2577 2583 ὀ
2617 2531 2891 2593 Μοντακνὸς
2926 2533 3322 2605 ἐπικεχείρηκε.
3366 2535 3472 2586 Kal
3506 2534 3663 2587 πάλιν

2098 2623 2282 2692 φησὶν,
2318 2621 2393 2684 ὡς
2421 2623 2528 2693 ἄρα
2553 2622 2788 2686 Ζωτικὸς
2818 2616 2878 2675 οὗ
2923 2626 3015 2677 καὶ
3063 2626 3091 2678 ό
3134 2626 3395 2698 πρότερος
3424 2642 3665 2698 συγγρα-

2100 2715 2233 2782 φεὺς
2271 2715 2702 2785 ἐμνημόνευσεν,
2744 2718 2800 2768 ὲν
2825 2717 3123 2782 Πεπούζοις
3173 2720 3533 2792 προφητεύειν
3563 2722 3664 2794 ἥδη

2098 2807 2567 2879 προσποιουμένης
2592 2808 2705 2878 (23)
2755 2810 2851 2879 τῆς
2907 2808 3248 2880 Μαξιμίλλης
3288 2811 3547 2875 ἐπιστὰς,
3590 2811 3668 2866 δι-

2099 2896 2312 2966 ελέγξαι
2338 2898 2398 2951 τὸ
2422 2898 2676 2971 ἐνεργοῦν
2691 2901 2745 2951 ἐν
2759 2901 2893 2971 αὐτῇ
2922 2903 3136 2971 πνεῦμα
3159 2902 3505 2974 πεπείραται,
3533 2904 3671 2956 ὲκω-

2098 2990 2231 3062 λύθη
2276 3009 2338 3060 γε
2389 2992 2493 3063 μὴν
2534 2993 2639 3046 ὑπὸ
2682 2992 2789 3045 τῶν
2818 2992 2884 3044 τὰ
2923 2994 3137 3064 ἐκείνης
3167 2994 3523 3065 φρονούντων.
3557 2997 3664 3048 Kal

2097 3080 2311 3151 Θρασέα
2351 3082 2408 3135 δέ
2436 3099 2578 3145 τινος
2629 3082 2737 3136 τῶν
2792 3083 2912 3135 τότε
2980 3084 3269 3156 μαρτύρων
3318 3085 3664 3156 μνημονεύει.

423 3163 538 3227 tare
568 3172 869 3239 simularet,
902 3176 1380 3242 supervenientent
1416 3177 1736 3230 daamonium
1771 3192 1877 3246 quo
1903 3178 1989 3231 illa

2098 3146 2216 3227 Ἔτι
2246 3174 2301 3228 δὲ
2338 3174 2413 3238 ὡς
2443 3175 2508 3228 ὲκ
2543 3174 2888 3245 παραδόσεως
2926 3146 3016 3228 τόν
3059 3146 3287 3246 ὲωτῆρά
3499 3192 3669 3246 προσ-

420 3265 749 3334 agitabatur,
795 3279 1091 3334 coarguere
1139 3265 1481 3320 inStitnisse:
1530 3281 1714 3320 verum
1764 3269 1833 3322 ab
1873 3267 1996 3324 aliis

422 3359 513 3428 qui
546 3359 684 3412 idem
711 3372 834 3412 cum
873 3358 961 3413 illa
1002 3361 1332 3423 sentiebant,
1374 3374 1496 3413 esse
1530 3359 1853 3413 cohibitum.
1889 3360 1997 3415 Me-

424 3452 582 3507 minit
610 3453 767 3506 etiam
799 3452 1079 3522 cujusdam
1107 3453 1363 3506 'l‘hrasere
1387 3454 1479 3521 qui
1511 3453 1656 3507 circa
1690 3452 1806 3508 haec
1854 3464 1995 3508 tem-

423 3559 556 3613 pora
584 3554 790 3615 martyr
820 3544 942 3598 fuit.
976 3545 1056 3599 Ad
1085 3546 1199 3598 lucc
1223 3553 1478 3614 tanquam
1508 3561 1574 3599 cx
1604 3555 1850 3600 veterum
1884 3555 1992 3599 tra-

423 3638 624 3692 ditione
653 3638 766 3692 lucc
809 3637 998 3701 refert,
1034 3638 1318 3691 Dominum
1360 3637 1620 3706 apostolis
1648 3638 1762 3692 suis
1786 3653 1991 3707 ιιι-αισθ-

408 3728 590 3796 pisse,
618 3742 684 3780 ne
713 3728 852 3780 intra
879 3727 1161 3782 duodecim
1194 3741 1366 3782 annos
1406 3726 1801 3798 Hierosolymis
1827 3742 1991 3782 exce-

425 3819 641 3873 derent.
681 3819 863 3874 Utitur
902 3834 1122 3890 quoque
1173 3821 1500 3876 testimoniis
1539 3836 1607 3875 ex
1628 3818 1996 3875 Joannislte-

424 3959 656 4029 primum
686 3957 738 4011 in
773 3973 838 4030 eo
877 3968 1088 4027 peccat,
1126 3960 1269 4030 quod
1313 3958 1638 4030 παραϐάτην
1692 3958 1989 4026 maleﬁcum

423 4031 619 4097 vertit;
652 4029 926 4084 deindein
971 4045 1037 4085 eo
1064 4029 1207 4099 (ιιιὸά
1247 4029 1439 4103 ἐκρίθη
1486 4029 1647 4085 vertit
1674 4030 1993 4083 condemna-

424 4109 508 4153 tus
539 4110 635 4150 est.

497 4169 607 4241 (9.5)
636 4169 962 4241 Bdrttetat._
981 4169 1339 4241 Hieronymus
1380 4170 1432 4222 in
1460 4169 1709 4241 thalogo
1742 4170 1882 4241 hunc
1913 4169 1989 4241 Ιοτ

426 4239 547 4294 curn
586 4244 657 4292 ita
699 4241 897 4294 vertit:
934 4239 1037 4307 Dici
1068 4239 1219 4303 mihi,
1249 4242 1445 4292 crinem
1500 4239 1646 4307 fucat
1692 4239 1993 4306 propheta?

427 4312 582 4365 stibio
619 4312 796 4363 oculos
821 4310 936 4362 linit
965 4311 989 4361 ?
1018 4306 1278 4375 PrOpheta
1311 4306 1532 4362 vestibus
1580 4319 1627 4361 et
1670 4310 1883 4375 gemmis
1909 4325 1988 4361 or-

428 4382 625 4435 natur?
649 4377 911 4448 Propheta
939 4378 1116 4431 tabula
1144 4379 1275 4432 ludit
1321 4387 1369 4431 et
1418 4381 1626 4432 tesseris
1655 4382 1679 4435 ?
1724 4377 1986 4443 Prop/tela

434 4450 582 4516 fenus
628 4452 873 4515 accipit?
933 4449 1117 4513 Longe
1166 4448 1408 4516 profeClo
1476 4448 1776 4518 elegantius
1825 4463 1986 4515 quam

2093 3269 2378 3336 τεταχέναι
2403 3268 2513 3329 τοῖς
2549 3267 2715 3319 αὐτοῦ
2751 3267 3099 3331 ἀποστόλοις,
3148 3268 3241 3319 ἐπὶ
3287 3266 3494 3321 δώδεκα
3522 3266 3663 3320 ἔτεσι

2099 3360 2173 3431 μὴ
2203 3358 2534 3431 χωρισθῆναι
2583 3361 2683 3431 τῆς
2725 3360 3102 3432 Ἰερουσαλήμ.
3159 3360 3438 3436 Κέχρηται
3479 3361 3537 3414 δὲ
3574 3362 3666 3415 καὶ

2100 3452 2424 3524 μαρτυρίαις
2472 3452 2580 3505 ἀπὸ
2626 3454 2725 3523 τῆς
2785 3454 3029 3506 Ἰωάννου
3081 3452 3526 3522 ’Λποκαλύψεωςο
3574 3453 3666 3506 καὶ

3232 3545 3284 3565 ’1.
3305 3544 3344 3565 ,ι

2089 3545 2278 3614 νεκρὸν
2304 3545 2360 3598 δὲ
2387 3545 2612 3615 δυνάμει
2657 3544 2775 3616 θείᾳ
2828 3544 2960 3615 πρὸς
3010 3543 3172 3596 αὐτοῦ
3232 3544 3474 3598 Ἰωάννου
3517 3543 3668 3613 έντῇ

2105 3636 2313 3707 Ἐφέσῳ
2356 3636 2653 3709 ὲγηγέρθαι
2690 3638 2908 3708 ἱστορεῖ.
2957 3636 3066 3688 Καὶ
3091 3635 3223 3689 ἄλλα
3252 3636 3373 3689 τινά
3397 3653 3566 3706 φησι,
3600 3635 3668 3689 δι’

2093 3723 2166 3782 ὧν
2190 3727 2388 3791 ἱκανῶς
2427 3729 2525 3800 τῆς
2566 3727 2970 3799 προειρημένης
3014 3726 3276 3798 αἱρέσεως
3322 3724 3667 3798 πληρέστατα

2096 3816 2346 3888 διηύθυνε
2373 3815 2469 3888 τὴν
2496 3814 2725 3886 πλάνην.
2764 3815 2947 3868 Ταῦτα
2975 3815 3068 3868 καὶ
3094 3815 3123 3867 ό
3154 3813 3525 3878 Ἀπολλώνιος.

2099 3963 2285 4011 liorem
2309 3969 2447 4009 esse.
2485 3954 2540 4008 In
2594 3970 2702 4023 quo
2742 3965 2942 4019 tamen,
3005 3968 3124 4008 meo
3173 3952 3387 4023 quidem
3433 3951 3662 4021 judicio,

2099 4029 2254 4093 longe
2282 4025 2450 4079 falsus
2472 4033 2582 4084 est;
2610 4022 2810 4079 etenim
2840 4024 3178 4093 Apollonius,
3211 4022 3667 4093 Montanoadhne

2101 4091 2392 4165 superstite
2445 4110 2566 4149 cum
2614 4096 2823 4149 insanis
2876 4091 2987 4147 suis
3042 4094 3255 4147 vatibus
3310 4091 3553 4165 Priscilla
3611 4100 3667 4145 et

2100 4161 2415 4228 Maximilla,
2448 4164 2644 4218 librtmt
2680 4180 2835 4218 suum
2870 4165 3195 4232 composuit,
3235 4173 3293 4216 ut
3314 4177 3379 4216 ex
3405 4162 3490 4215 bis
3516 4161 3667 4231 frag-

2094 4238 2294 4292 mentis
2338 4252 2459 4305 qua:
2503 4235 2711 4304 profert
2756 4234 3018 4305 Eusebius
3063 4233 3300 4305 elicitur,
3345 4233 3503 4305 idque
3558 4248 3667 4305 non

2092 4325 2196 4361 uno
2226 4298 2382 4368 Ioro';
2406 4315 2464 4359 ut
2497 4298 2620 4374 cum
2645 4304 2809 4374 dixit:
2842 4304 2903 4355 Ἡ
2935 4303 3349 4374 προφῆτιςλήμῖν
3362 4298 3581 4374 εἰπάτω
3600 4300 3668 4374 τᾲ

2090 4379 2230 4431 κατὰ
2254 4364 2642 4466 ι’ᾼολέξανδτρον,
2673 4367 2775 4427 τὺν’
2811 4364 3033 4454 λέγοντα
3055 4364 3577 4466 έάυῇἢμάρξιζρα,
3605 4364 3667 4466 ἐξ

2092 4448 2453 4509 συνεστιᾶται,
2508 4440 2552 4516 ᾧ
2602 4444 2963 4516 προσκυνοῦσι
3017 4443 3112 4498 καὶ
3157 4440 3319 4516 αὐτῷ
3363 4440 3667 4516 πολλοί..ξῂ

431 4512 673 4601 ξξιιῇιιιιε.
704 4512 889 4601 _Gr:eci
959 4512 1182 4590 βάπτειν
1221 4518 1317 4601 τήν
1379 4518 1540 4601 τρςχα
1562 4512 1805 4598 ἶξὶοιιιιῑ,
1845 4512 1987 4599 quod

2105 4519 2264 4601 paulo
2293 4528 2412 4601 post
2448 4512 2535 4571 de'
2569 4512 2758 4601 eodem
2789 4516 3103 4601 Ale‘xapdro
3156 4515 3381 4601 lpqnetis
3409 4512 3484 4601 ait
3519 4526 3535 4564 :
3569 4513 3665 4591 "(iv

433 4590 605 4643 L‘atini
637 4592 805 4644 crines
828 4593 1025 4658 lingere
1049 4605 1142 4643 Scu
1180 4589 1423 4643 rutilare.
1456 4591 1508 4641 ld
1542 4589 1684 4641 enim
1726 4589 1996 4656 praecipue

432 4661 1024 4725 studebantmatronae,
1065 4670 1125 4713 ut
1173 4660 1389 4713 rutilum
1444 4659 1705 4712 haberent
1765 4658 1997 4713 crinem.

430 4730 602 4796 Quam
656 4734 706 4784 in
764 4748 874 4786 rem
916 4732 1098 4785 cinere
1146 4729 1332 4783 lixivio
1382 4731 1691 4793 utebantur,
1746 4739 1805 4782 ut
1843 4731 2002 4781 docet

433 4800 623 4855 Varro.
648 4801 1028 4856 Sammonicus
1063 4801 1307 4856 Serenus
1332 4801 1398 4854 tle
1420 4799 1615 4869 capillo
1643 4800 1897 4866 tingendo
1927 4799 2000 4852 ita

429 4871 669 4941 pra‘cipit
698 4887 710 4922 :

505 4941 585 4993 Ad
617 4943 828 4993 rutilam
852 4942 1072 5008 speciem
1101 4943 1274 5010 nigros
1295 4941 1569 5010 florescere
1593 4938 1758 4993 crines

501 5010 777 5076 Unguento
805 5014 1012 5070 cineris,
1047 5009 1286 5074 praxilixit
1321 5009 1523 5063 Tullius
1545 5017 1749 5064 auctor.

434 5080 568 5135 Vide
598 5082 925 5149 llesyeltium
954 5084 1004 5133 in
1034 5081 1356 5141 Ξανθὶζειν.

502 5151 614 5220 (:4)
645 5147 1144 5217 Τέσσαρακοστὸν
1170 5153 1500 5221 ἐτύγχανεν
1523 5149 1675 5216 ἔτος,
1728 5147 2000 5221 θεοκιῐιιιῐι

432 5219 620 5275 videor
666 5220 793 5272 mihi
829 5221 1252 5288 deprehendisse
1285 5219 1448 5289 quam
1474 5221 1544 5274 ob
1584 5235 1802 5274 causam
1836 5219 2004 5273 Ense-

432 5292 557 5345 bius
614 5290 953 5359 Apollonium
1006 5290 1153 5345 hunc
1231 5301 1351 5361 post
1390 5360 1393 5361 ν
1438 5305 1768 5360 anonytnum
1852 5290 2001 5343 illnnt

432 5361 754 5429 scriptorem
795 5361 859 5415 de
888 5376 995 5430 quo
1038 5362 1091 5415 in
1133 5360 1400 5430 superiori
1444 5362 1622 5428 capite
1650 5369 1835 5413 actum
1897 5371 1999 5422 est,

432 5430 802 5485 collocaverit.
841 5430 976 5487 Cum
1004 5432 1146 5484 enim
1171 5446 1472 5501 anonymus
1509 5431 1601 5501 ille
1646 5438 1901 5501 testetur,
1929 5443 2003 5501 se

428 5502 837 5570 quatuordecim
873 5503 1029 5555 annis
1051 5511 1172 5568 post
1207 5499 1442 5555 Montani
1474 5511 1527 5555 et
1555 5499 1861 5554 Maximilla:
1889 5499 2003 5554 obi-

433 5584 545 5624 tum
580 5573 749 5627 libros
771 5586 897 5626 suos
931 5572 1255 5639 scripsisse;
1293 5572 1378 5625 hic
1447 5580 1624 5626 autem
1683 5570 2001 5638 Apollonius

430 5640 676 5712 allirtttct,
737 5641 1096 5712 quadraginta
1150 5643 1324 5706 annis,
1370 5652 1659 5710 antequam
1714 5641 2001 5702 scriberet,

432 5711 744 5766 Montanum
813 5713 1154 5779 prOphetiatn
1221 5727 1373 5766 suam
1426 5712 1743 5766 invexisse:
1797 5713 2004 5779 putavit

430 5781 695 5842 Eusebius
718 5780 1057 5849 Apollonium
1091 5798 1358 5851 anonymo
1390 5783 1479 5837 illo
1515 5782 1783 5851 scriptore
1814 5794 1999 5837 recen-

2101 4581 2128 4642 ὀ
2156 4581 2443 4660 προφήτης
2472 4586 2697 4641 συνόντα
2719 4584 2932 4660 πολλοῖς
2964 4583 3139 4660 ἔτεσιν
3172 4581 3493 4660 dvorsa-Ex
3548 4581 3667 4650 qui-

2103 4650 2212 4712 bus'
2243 4650 2422 4712 verbis
2468 4667 2696 4725 apparet
2734 4666 2790 4710 et
2835 4650 3300 4709 Alexandrumet
3354 4650 3662 4725 Montanum

2102 4729 2272 4795 ipsum
2306 4744 2369 4781 ac
2392 4721 2738 4780 Max'iinillam
2769 4727 2946 4779 adhuc
2969 4725 3189 4787 vixisse,
3213 4739 3332 4795 cum
3378 4725 3489 4795 haec
3524 4721 3663 4775 scri-

2102 4794 2259 4852 beret
2286 4798 2621 4865 Apollonius.
2654 4795 2837 4866 Neque
2887 4811 3027 4866 vero;
3048 4797 3120 4848 ait
3164 4794 3495 4866 Apollonius
3531 4806 3665 4859 qua-

2103 4861 2350 4936 draginta
2374 4884 2546 4921 annos
2585 4861 2855 4921 ellluxisse
2884 4866 2950 4936 ab
2982 4864 3130 4918 obitu
3166 4861 3497 4936 Montaniad
3531 4871 3666 4915 tent-

2105 4932 2340 5007 pus’quo
2375 4938 2475 4991 ista
2503 4938 2795 4991 scribebat.
2828 4935 2936 5007 Sed
2976 4936 3027 4988 id
3069 4947 3276 5007 tantum
3321 4932 3471 5007 dicit,
3527 4945 3665 4999 qua-

2102 5003 2348 5077 draginta
2386 5009 2542 5061 annis
2572 5016 2862 5072 antequam
2899 5006 3012 5077 ipse
3040 5006 3106 5077 ad
3134 5003 3480 5077 scribendum
3515 5017 3668 5077 acce-

2103 5071 2274 5143 derét,
2294 5079 2610 5132 Montanum
2631 5076 3170 5144 pseudoprophetiam
3198 5090 3345 5127 suam
3375 5071 3664 5144 invexisse.

2102 5141 2370 5203 Ponantus
2401 5148 2586 5217 igitur,
2630 5141 3133 5217 MontaniunLanno
3170 5143 3357 5217 aetatis
3390 5141 3667 5196 tricesimo

2103 5217 2341 5273 fabulam
2368 5213 2518 5271 suam
2564 5218 2867 5271 inchoasse.
2924 5213 3057 5268 Cum
3111 5213 3431 5282 Apollonius
3477 5221 3665 5265 contra

2104 5290 2219 5359 ejus
2243 5299 2446 5344 sectam
2468 5288 2755 5359 scriberet,
2783 5284 3180 5359 vixiloutanus
3211 5282 3663 5359 septuagesimum

2105 5350 2302 5413 annum
2327 5368 2652 5412 excesserat.
2670 5354 3031 5409 Maximillam
3053 5362 3238 5408 autem
3265 5350 3320 5407 et
3365 5350 3666 5406 Priscillam

2111 5446 2217 5484 non
2250 5429 2435 5484 statim
2467 5428 2533 5481 ab
2562 5428 2678 5496 ipso
2707 5426 2789 5479 sui
2851 5425 3054 5478 erroris
3100 5424 3326 5478 exordio
3357 5421 3668 5496 _Mo_ntanus

2104 5502 2329 5554 comites
2362 5498 2547 5552 habuit
2569 5491 2595 5560 ;”
2616 5497 2708 5552 sed
2736 5509 2829 5549 eas
2849 5495 2939 5547 diu
2981 5504 3168 5563 postea
3223 5491 3521 5563 prophetiae
3556 5505 3668 5545 suae

2106 5571 2310 5625 retibus
2336 5569 2666 5636 implicuisse
2688 5582 2753 5620 ac
2775 5566 3054 5636 decepisse
3087 5564 3214 5616 mihi
3248 5563 3483 5636 videtur.

2176 5640 2289 5709 (25)
2342 5630 2742 5707 Προφητεύειν
2810 5630 2926 5709 ᾔδη
3007 5630 3548 5709 προσποιουμένης.
3578 5630 3667 5709 _ln

2106 5701 2281 5763 tribus
2315 5701 2781 5782 codicibusMaz"
2811 5701 2950 5760 ﬂed.
2981 5701 3669 5782 et_Fuk._scrip_t_um_habe‘

2108 5792 2193 5837 tur
2215 5777 2571 5850 προφητεύειν
2594 5779 2658 5846 δὴ
2688 5775 3171 5847 προσποιουμένης,
3198 5773 3299 5830 levi
3331 5773 3665 5827 discrimine.
