4012 6256
484 320 592 377 4-83

1224 309 1491 367 EUSEBlI
1528 306 1995 364 CESARIENSIS
2031 304 2180 362 OPP.
2222 304 2400 360 PARS
2435 305 2476 361 ι.
2517 336 2587 349 -
2623 305 3015 364 HISTORICA.

3633 311 3741 368 £85

486 442 627 496 rium
686 437 1065 509 episcoporum
1129 433 1272 486 idem
1341 446 1466 485 cum
1527 429 1635 483 illis
1701 428 2016 483 sentientiur

2154 424 2376 495 σκίλλης
2406 423 2678 490 ἐκϐαλεῖν,
2708 425 2803 478 καὶ
2824 427 2873 478 οἱ
2901 422 3193 496 ὑποκριταὶ
3216 424 3315 480 οὐκ
3333 423 3575 497 ἀφῆκαν.
3624 429 3742 482 Καὶ

481 527 913 596 subscriptiones
935 523 1171 595 propriis
1204 523 1446 591 ipsorum
1480 518 1731 573 manibus
1766 516 2044 587 appositas,

481 621 534 675 in
562 620 651 675 illa
682 634 846 689 quam
874 618 986 673 dixi
1014 616 1243 685 epistola
1283 615 1553 683 leguntur.
1613 611 1680 664 Et
1727 625 1787 665 ea
1828 608 2047 680 quidem

478 725 599 781 quae
628 710 695 764 ad
727 709 846 764 illos
884 707 1173 762 haereticos
1205 703 1512 774 pertinent,
1540 699 1850 771 hujusmodi
1873 699 2044 752 fuere.

1070 889 1296 946 CAPUT
1326 887 1448 943 XX.

479 985 612 1053 Quae
653 984 890 1040 Irenazus
929 985 1177 1038 adversus
1222 979 1587 1062 schisntaticos
1627 976 1806 1031 Romae
1833 985 2044 1048 agentes

1052 1059 1446 1119 conscripserit.

546 1147 819 1200 Adversus
844 1154 1022 1197 autem
1051 1143 1170 1196 illus
1192 1141 1283 1210 qui
1307 1142 1571 1194 sinceram
1592 1137 1846 1192 Ecclesiae
1868 1137 2041 1204 legem

477 1239 874 1300 adulterabant,
910 1237 1142 1290 fremens
1170 1233 1352 1287 varias
1402 1229 1731 1300 conscripsit
1762 1228 2038 1298 epistolas.

475 1330 710 1385 Alteram
742 1330 809 1383 ad
839 1329 1077 1382 Blastum
1110 1341 1272 1396 quam
1307 1323 1590 1391 inscripsit
1619 1321 1695 1375 De
1715 1320 1995 1374 schismate
2018 1334 2038 1370 :

473 1427 697 1475 alteram
751 1419 816 1472 ad
872 1417 1152 1472 Florinum
1199 1415 1277 1469 De
1336 1411 1674 1478 Monarchia,
1729 1425 1824 1464 seu
1887 1409 2040 1473 Quod

473 1511 613 1566 Deus
643 1528 744 1564 non
777 1511 845 1565 sit
875 1509 1114 1562 conditor
1146 1507 1425 1560 malorum.
1459 1504 1588 1558 Eam
1618 1503 1762 1557 enim
1814 1501 2028 1569 opinio-

474 1619 592 1658 nem
628 1603 717 1656 hic
745 1601 1039 1655 defendere
1083 1599 1392 1653 videbatur.
1445 1595 1547 1662 Qui
1599 1609 1735 1650 cum
1759 1601 1946 1663 postea
1983 1592 2035 1644 in

470 1709 710 1749 errorem
746 1692 1012 1746 Valentini
1047 1690 1306 1759 abreptus
1336 1687 1547 1752 fuisset,
1585 1686 1779 1741 iterum
1804 1683 2037 1739 lrenazus

2149 516 2324 571 ἄλλων
2349 516 2405 569 δὲ
2431 515 2691 569 πλειόνων
2723 517 2815 570 τὸν
2865 518 3097 589 ἀριθμὸν
3140 519 3457 574 ἐπισκόπων
3509 521 3732 592 συμψή-

2150 625 2264 678 φων
2287 607 2495 672 τούτοις
2529 610 2586 661 ἐν
2622 612 2734 673 τοῖς
2767 609 3054 680 δηλωθεῖσι
3096 612 3420 684 γράμμασιν
3463 613 3739 684 αὐτόγρα-

2149 712 2238 767 φοι
2276 696 2529 767 φέρονται
2559 696 2905 770 σημειώσεις.
2938 700 3049 753 Καὶ
3077 700 3147 753 τὰ
3181 700 3279 772 μὲν
3317 701 3461 756 κατὰ
3506 702 3736 769 τούτους

2145 784 2215 858 ἦν
2243 787 2485 842 τοιαῦτα.

2668 884 3062 940 ΚΕΦᾹΛΑΙΟΝ
3103 890 3188 941 Κ¹.

2151 970 2307 1027 Ὅσα
2331 974 2819 1051 ΔΕ’ὶέῃυνιίῖοςχτοῖς
2875 977 2980 1031 ἐπὶ·
3018 979 3250 1051 Ῥώμης
3290 982 3733 1051 νσχισματικοῖς

2319 1044 2621 1114 ἐγγράφως
2652 1045 2971 1100 διείλεκται
2991 1044 3143 1117 (Μαί
3164 1044 3237 1103 ll.
3258 1050 3325 1104 E.
3348 1044 3585 1123 ’ἱν,’50).

2232 1138 2319 1204 Ἐξ
2363 1140 2610 1204 ἐναντίας
2649 1140 2706 1194 δὲ
2752 1140 2859 1194 τῶν
2907 1141 3000 1193 ἐπὶ
3056 1140 3273 1214 Ῥώμης
3300 1142 3411 1213 (51)
3458 1144 3554 1197 τὸν
3599 1144 3731 1215 ὑγιῆ

2142 1234 2241 1305 τῆς
2282 1231 2606 1302 Ἐκκλησίας
2639 1230 2838 1302 θεσμὸν
2863 1234 3412 1305 παραχαραττόντων,
3441 1236 3731 1308 Εἰρηναῖος

2141 1325 2430 1396 διαφόρους
2460 1324 2750 1389 ἐπιστολὰς
2783 1324 3085 1388 συντάττει,
3129 1324 3227 1395 τὴν
3281 1327 3379 1396 μὲν
3412 1328 3731 1399 ἐπιγράψας

2143 1415 2278 1487 πρὸς
2310 1414 2546 1467 Βλάστον
2579 1414 2705 1487 περὶ
2733 1414 3051 1485 σχίσματος,
3077 1415 3177 1484 τὴν
3202 1415 3257 1468 δὲ
3291 1415 3426 1487 πρὸς
3453 1416 3730 1488 Φλωρῖνον

2142 1508 2270 1579 περί
2310 1506 2610 1578 μοναρχίας
2648 1505 2764 1577 (52)
2800 1506 2832 1577 ἢ
2869 1506 2996 1577 περὶ
3026 1504 3120 1558 τοῦ
3170 1506 3246 1578 μὴ
3293 1503 3433 1559 εἶναι
3466 1508 3560 1561 τὸν
3594 1508 3730 1563 Θεὸν

2139 1599 2368 1670 ποιητὴν
2412 1597 2617 1652 κακῶνι
2654 1597 2870 1667 Ταύτης
2901 1597 3008 1668 γάρ
3052 1614 3131 1650 τοι
3179 1598 3277 1668 τῆς
3319 1598 3547 1671 γνώμης
3571 1594 3727 1665 οὗτος

2139 1691 2311 1744 ἐδόκει
2345 1688 2737 1762 προασπίζειν·
2783 1689 2850 1743 δι’
2889 1689 2948 1742 ὃν
2983 1686 3138 1753 αὖθις
3172 1690 3284 1760 ('53)
3320 1690 3727 1764 ὑποσυρόμενον

467 1786 585 1857 ejus
617 1786 787 1856 gratia
830 1784 1025 1837 librum
1056 1782 1133 1834 De
1155 1780 1430 1834 octonario
1463 1778 1793 1848 composuit.
1833 1776 1890 1831 ln
1925 1790 2016 1845 qut

2140 1784 2205 1853 τῇ
2230 1781 2373 1835 κατά
2392 1781 2740 1835 Οὐαλεντῖνον
2763 1780 2961 1853 πλάνῃ,
2980 1781 3073 1833 καί
3101 1780 3162 1833 τὸ
3192 1781 3318 1851 περὶ
3339 1781 3591 1849 ὀγδοάδος
3606 1785 3722 1854 (54)

468 1880 631 1935 etiam
660 1878 800 1932 libro
832 1878 1062 1947 primam
1112 1887 1171 1928 se
1209 1873 1577 1943 apostolorum
1631 1868 2032 1925 successibncm

466 1969 760 2036 contigisse
794 1966 1083 2037 significat.
1135 1963 1241 2018 Sed
1291 1973 1345 2018 et
1373 1963 1425 2015 in
1482 1962 1588 2016 fine
1631 1960 1873 2027 ejusdem
1909 1958 2033 2013 libri

467 2062 868 2115 adnotationem
897 2058 1237 2112 utilissimam
1263 2055 1590 2124 reperimus,
1621 2068 1742 2122 qute
1770 2052 1895 2106 huic
1921 2051 2034 2105 bis-

468 2155 618 2207 toria:
666 2162 867 2205 nostrae
922 2149 1206 2204 inserenda
1249 2147 1378 2200 mihi
1427 2146 1655 2201 videtur.
1711 2143 1804 2199 Sic
1850 2151 2029 2197 autem

462 2242 665 2297 habet:
700 2258 719 2292 ι
747 2240 950 2307 Adiuro
985 2249 1058 2303 te,
1096 2237 1292 2306 inquit,
1323 2235 1412 2305 qui
1443 2235 1859 2316 transcripseris
1881 2234 2030 2287 hunc

408 2330 409 2333 “
461 2333 657 2386 librum
688 2348 784 2402 per
816 2331 1102 2385 Dominum
1130 2339 1375 2383 nostrum
1418 2326 1606 2382 Jesum
1638 2326 1944 2390 Christum,
1974 2333 2030 2379 et

460 2439 560 2492 per
600 2423 892 2493 gloriosum
945 2422 1062 2488 ejus
1104 2422 1416 2483 adventum,
1459 2420 1511 2472 in
1547 2432 1655 2488 quo
1688 2417 2028 2485 iudicaturus

457 2526 542 2570 est
565 2518 713 2571 vivos
746 2525 801 2569 et
833 2525 1110 2582 mortuos;
1160 2524 1219 2569 ut
1275 2513 1526 2570 conferas
1573 2510 1720 2580 quod
1760 2510 2029 2564 transcri-

457 2610 654 2677 pseris,
691 2617 745 2664 et
783 2608 1072 2678 diligenter
1110 2607 1366 2662 emendes
1412 2606 1477 2658 ad
1514 2600 1795 2671 exemplar
1827 2620 1894 2658 ex
1921 2617 2027 2672 quo

460 2700 860 2768 transcripsisti
889 2717 903 2753 :
939 2710 1105 2767 utque
1153 2695 1547 2766 adjurationem
1587 2698 1743 2752 istam
1776 2695 2026 2750 similiter

455 2791 755 2853 exscribas,
791 2799 844 2843 et
869 2790 1042 2844 codici
1075 2800 1165 2843 tuo
1194 2790 1424 2843 inseras.
1461 2807 1480 2840 ι
1529 2789 1704 2857 Atque
1735 2787 1848 2841 hazc
1878 2786 2026 2841 utili-

454 2892 539 2936 ter
572 2893 679 2936 tum
725 2882 793 2934 ab
836 2882 929 2934 illo
967 2882 1131 2944 dicta,
1181 2890 1291 2935 tum
1325 2894 1355 2933 a
1388 2879 1546 2933 nobis
1601 2886 2024 2933 commemorata

455 2974 588 3037 sint,
622 2982 680 3026 ut
709 2974 917 3041 priscos
950 2972 1071 3025 Illos
1107 2987 1170 3026 ac
1211 2972 1329 3026 sine
1366 2973 1743 3026 controversia
1784 2971 2020 3026 sanctis-

454 3068 620 3121 simos
676 3068 845 3129 viros,
898 3073 1155 3134 tanquam
1214 3063 1636 3133 pulcherrimum
1712 3064 2016 3135 exemplum

452 3157 815 3211 exactissima:
839 3156 1133 3225 diligentiae
1166 3150 1383 3222 semper
1414 3166 1541 3209 ante
1590 3156 1779 3209 oculos
1810 3155 2016 3210 habea-

452 3265 594 3305 mus.
633 3247 806 3303 Porro
841 3248 897 3302 in
938 3264 1007 3302 ea
1054 3248 1120 3302 ad
1156 3247 1434 3302 Florinum
1483 3247 1647 3317 188
1679 3247 1913 3315 cpistola
1955 3246 2021 3301 de

450 3356 557 3410 qua
603 3336 716 3406 jam
762 3339 910 3408 prius
940 3339 1072 3405 dixi,
1115 3339 1260 3393 idem
1312 3337 1548 3393 frenatos
1595 3354 1655 3393 se
1704 3356 1825 3392 cum
1860 3338 2021 3408 Poly-

448 3446 613 3502 carpo
639 3429 986 3485 familiariter
1014 3444 1135 3485 esse
1166 3439 1443 3484 versatum
1475 3431 1660 3499 prodit
1692 3431 1779 3484 his
1810 3431 2016 3485 verbis:

452 3535 475 3572 ο
514 3517 640 3575 Hatc
685 3533 816 3573 vero
862 3519 1135 3590 dogmata,
1173 3518 1413 3585 Florine,
1446 3528 1524 3572 aut
1573 3520 1894 3588 parcissime
1952 3535 2017 3575 ac

449 3612 716 3667 levissime
750 3612 944 3674 dicam,
985 3627 1090 3665 non
1118 3618 1244 3665 sunt
1267 3626 1414 3666 sana:
1445 3611 1727 3666 doctrinm.
1765 3611 1888 3667 llaec
1919 3614 2016 3668 do-

447 3713 630 3773 gmata
660 3703 983 3758 dissentiunt
1010 3703 1080 3757 ab
1112 3703 1375 3767 Ecclesia,
1411 3714 1467 3757 et
1496 3705 1549 3757 in
1579 3705 1875 3758 maximam
1907 3705 2006 3757 int-

445 3899 627 3961 s-upra.
669 3885 838 3961 Porro
868 3888 1160 3961 notandum
1185 3888 1520 3961 est,_Sotam
1567 3898 1847 3961 mortuum
1897 3890 2010 3961 jam

444 3955 630 4017 fuisse,
661 3966 782 4011 cum
806 3958 920 4012 haec
942 3959 1217 4013 scribebat
1235 3958 1412 4014 [Elius
1438 3957 1633 4014 .lulius.
1667 3960 1823 4025 Quod
1878 3955 2010 4014 satis

443 4026 642 4101 indicat
666 4043 766 4082 vox
802 4029 888 4081 illa
930 4029 1218 4101 μακάριος,
1244 4044 1405 4101 quam
1436 4028 1611 4085 Graeci
1665 4033 1729 4084 de
1783 4031 2011 4084 mortuis

444 4096 621 4167 solent
650 4096 937 4167 usurpare.
964 4096 1117 4164 Quod
1161 4100 1205 4152 si
1234 4096 1393 4153 Sotas
1421 4102 1594 4153 adhuc
1625 4101 2007 4166 superfuisset,

444 4166 559 4238 ipse
587 4166 833 4235 profecto
858 4169 1000 4221 hanc
1029 4183 1139 4222 rem
1163 4170 1562 4238 subscriptione
1584 4184 1681 4222 sua
1710 4170 2003 4224 firmasset.

444 4236 534 4290 Sic
561 4238 722 4290 etiam
757 4239 1153 4304 intelligendum
1177 4248 1280 4301 est,
1312 4236 1452 4306 quod
1485 4238 1711 4306 Serapio
1736 4239 2011 4306 Apollina-

440 4320 568 4429 ἕρκη⁷
587 4305 999 4429 μακαριώτατον
1018 4308 1273 4378 appellat,
1298 4305 1497 4378 quippe
1518 4310 1609 4377 qui
1626 4305 1632 4306 ί
1644 4307 1758 4376 jam
1785 4305 1793 4306 ί
1822 4310 2007 4364 vivere

477 4392 667 4429 esusse
697 4418 709 4429 .

477 4387 709 4432 οειιεεοι.

2144 1875 2493 1927 συντάττεται
2519 1874 2597 1945 τῷ
2629 1875 2905 1947 Εἰρηναίῳ
2938 1874 3284 1945 σπούδασμα·
3313 1877 3370 1928 ἐν
3396 1870 3441 1945 ᾧ
3473 1877 3569 1930 καὶ
3600 1880 3724 1930 ἐπι-

2142 1968 2465 2039 σημαίνεται
2498 1967 2597 2038 τὴν
2631 1965 2854 2039 πρώτην
2887 1965 2994 2019 τῶν
3042 1966 3354 2021 ἀποστόλων
3388 1969 3721 2040 κατειληφέ-

2139 2075 2227 2112 ναι
2260 2059 2451 2112 ἑαυτὸν
2484 2057 2755 2129 διαδοχήν.
2793 2057 2964 2110 Ἔνθα
3007 2056 3145 2130 πρὸς
3174 2057 3251 2128 τῷ
3290 2058 3383 2111 τοῦ
3431 2061 3721 2132 συγγράμ-

2141 2167 2310 2222 ματος
2326 2140 2473 2204 τέλει
2506 2149 2868 2221 χαριεστάτην
2888 2148 3052 2202 αὑτοῦ
3076 2149 3372 2220 σημείωσιν
3392 2149 3506 2222 (55)
3537 2152 3722 2223 εὑρόν-

2136 2260 2246 2321 τες,
2304 2243 2621 2311 ἀναγκαίως
2674 2242 2768 2295 καὶ
2812 2240 3016 2314 ταύτην
3066 2242 3194 2313 τῇδε
3237 2242 3607 2315 καταλέξομεν
3651 2249 3718 2318 τῇ

2133 2336 2341 2405 γραφῇ,
2377 2328 2565 2386 τοῦτον
2612 2332 2842 2404 ἔχουσαν
2893 2332 2983 2386 τὸν
3017 2333 3247 2402 τρόπον·
3310 2352 3325 2385 l
3368 2334 3603 2406 Ὁρκίζω
3657 2353 3716 2388 σε

2133 2425 2225 2480 τὸν
2255 2424 2736 2497 μεταγραψόμενον
2767 2425 2828 2477 τὸ
2862 2423 3062 2494 βιϐλίον
3095 2423 3272 2487 τοῦτο,
3308 2425 3448 2478 κατὰ
3478 2425 3571 2478 τοῦ
3606 2427 3719 2480 Κυ-

2136 2514 2251 2587 ρίου
2296 2514 2454 2586 ήμῶν
2503 2513 2675 2585 Ίησοῦ
2726 2513 2983 2585 Χριστοῦ,
3037 2514 3130 2566 καὶ
3180 2512 3321 2566 κατά
3370 2514 3468 2584 τῆς
3506 2514 3715 2582 ἐνδόξου

2134 2606 2435 2679 παρουσίας
2480 2603 2644 2660 αὐτοῦ
2693 2601 2762 2678 ἦς
2795 2605 3014 2676 ἔρχεται
3051 2607 3231 2674 κρῖναι
3263 2601 3471 2668 ζῶντας
3503 2604 3598 2658 καὶ
3629 2622 3715 2658 νε-

2133 2702 2316 2771 κροὺς,
2350 2700 2436 2753 ἵνα
2470 2697 2764 2769 ἁντιϐἀλῃς
2789 2697 2816 2748 ὂ
2850 2696 3198 2767 μετεγρὰψω,
3234 2695 3326 2748 καὶ
3360 2696 3715 2771 κατορθώσῃς

2132 2792 2264 2847 αὐτὸ
2305 2792 2441 2863 πρὸς
2478 2791 2539 2843 τὸ
2590 2790 2922 2857 ἀντίγραφον
2971 2786 3153 2850 τοῦτο,
3211 2787 3332 2839 ὅθεν
3386 2788 3715 2860 μετεγράψω

2132 2883 2402 2955 ἐπιμελῶς
2425 2900 2438 2913 ’
2475 2882 2568 2935 καί
2595 2881 2687 2934 τὸν
2713 2882 2873 2952 ὅρκον
2902 2879 3088 2933 τοῦτον
3106 2879 3306 2950 ὁμοίως
3331 2880 3710 2953 μεταγράψῃς,

2130 2976 2225 3030 καὶ
2253 2975 2438 3046 θήσεις
2466 2975 2522 3026 ἐν
2557 2971 2635 3042 τῷ
2667 2972 3003 3042 ἀντιγράφω.
3030 2990 3047 3022 t
3083 2971 3194 3023 Ka‘t
3225 2969 3397 3023 ταῦτα
3419 2969 3712 3040 ὠφελίμως

2131 3064 2266 3137 πρὸς
2299 3064 2507 3117 ἐκείνου
2551 3062 2806 3132 λελέχθω,
2844 3063 2932 3131 ὑφ’
2965 3061 3119 3133 ἡμῶν
3165 3079 3224 3113 τε
3263 3061 3602 3134 ἱστορείσθω,
3634 3063 3711 3126 ὠς

2127 3159 2192 3213 ἂν
2225 3157 2441 3228 ἔχοιμεν
2493 3155 2713 3226 ἄριστον
2767 3152 3192 3224 σπουδαιοτάτης
3232 3151 3545 3222 ἐπιμελείας
3583 3152 3710 3215 τοὺς

2127 3248 2386 3322 ἀρχαίους
2420 3247 2657 3309 ἐκείνους
2706 3246 2798 3299 καί⁵
2826 3245 2996 3308 ὅντως
3052 3244 3231 3316 ἱεροὺς
3262 3243 3460 3314 ἄνδρας
3497 3242 3710 3296 ὑπόδει-

2126 3360 2263 3414 γμα.
2306 3342 2391 3393 Ἐν
2426 3334 2543 3414 ᾗγε
2566 3340 2670 3411 μὴν
2717 3338 3125 3410 προειρήκαμεν
3156 3336 3291 3407 πρὸς
3317 3337 3407 3389 τὸν
3438 3337 3706 3408 Φλωρῖνον

2126 3437 2156 3489 ό
2200 3432 2486 3505 Εἰρηναῖος
2537 3429 2828 3500 ἐπιστολῇ,
2888 3425 3044 3491 αὖθις
3079 3429 3176 3499 τῆς
3213 3429 3328 3500 ἅμα
3361 3428 3707 3501 Πολυκάρπῳ

2125 3522 2406 3586 συνουσίας
2437 3522 2600 3576 αὑτοῦ
2633 3521 2957 3593 μνημονεύει
2976 3520 3148 3589 λέγων
3167 3537 3179 3549 ·
3203 3540 3221 3570 ι
3266 3519 3450 3573 Ταῦτα
3479 3520 3546 3573 τὰ
3578 3521 3703 3590 δόγι-

2126 3632 2288 3687 ματα,
2328 3616 2590 3687 Φλωρίνε,
2637 3615 2723 3667 ἵνα
2772 3613 3151 3684 πεφεισμένως
3201 3614 3369 3674 εἴπων
3411 3617 3511 3667 οὐκ
3556 3613 3704 3668 ἔστιν

2111 3706 2296 3775 ὑγιοῦς
2329 3704 2555 3777 γνώμης
2576 3722 2587 3734 ⁸
2638 3704 2810 3757 ταῦτα
2840 3703 2910 3756 τὰ
2955 3702 3199 3776 δόγματα
3243 3703 3548 3774 ἀσύμφωνά
3582 3707 3701 3759 ἐστι

2118 3888 2276 3943 donis
2311 3885 2655 3956 dogmatibus
2701 3884 3002 3956 adhaesisse
3056 3902 3070 3939 :
3106 3893 3159 3938 et
3192 3883 3421 3956 alterum
3476 3884 3696 3952 quidem

2119 3954 2408 4013 bonorum}
2447 3955 2678 4007 alterum
2711 3954 2835 4006 mali
2868 3954 3143 4007 auctorem
3176 3954 3493 4008 affirmasse.

2191 4026 2310 4098 (55)
2336 4026 2414 4078 Δι’
2450 4023 2522 4098 όν
2548 4019 2744 4089 αὖθις.
2798 4023 3207 4098 'l‘ranspositutn
3237 4034 3315 4098 est
3348 4026 3691 4089 adverbium.

2121 4094 2301 4151 ut'ex'
2340 4094 2588 4148 versione
2638 4101 2823 4147 nostra
2868 4095 3034 4147 lector
3087 4094 3496 4149 animadvertet.
3533 4100 3694 4151 Amat

2115 4177 2294 4220 autem
2345 4164 2658 4233 hujusuiodi
2698 4164 2991 4216 verborum
3024 4161 3374 4227 traiectiones
3425 4164 3693 4221 Eusebius

2116 4247 2319 4290 noster.
2355 4234 2509 4301 Quod
2538 4235 2605 4285 ab
2638 4234 3025 4299 interpretibus
3059 4234 3279 4288 minime
3302 4234 3682 4301 observatum,

2116 4308 2203 4361 hic
2227 4309 2391 4358 semel
2426 4303 2746 4356 monendum
2775 4318 2894 4355 esse
2925 4305 3071 4356 duxi.
3219 4344 3237 4357 ,

2186 4377 2297 4442 (⁸54)
2333 4373 2401 4428 Τὸ
2434 4371 2574 4445 Περί
2599 4370 2907 4445 ὀγδοάδοςἒ
2936 4371 3290 4443 Hieronymus
3317 4373 3376 4445 in
3425 4372 3687 4445 Catalogo

508 4447 621 4517 (51)
660 4446 760 4510 Ἐξ
786 4446 1063 4512 ἐναντίας
1085 4446 1154 4501 δὲ
1178 4445 1297 4501 τῶν
1322 4447 1422 4501 ἐπὶ
1464 4445 1700 4516 Ῥώμης.
1737 4447 1870 4501 Hinc
1895 4449 2004 4503 orsi

2123 4432 2298 4517 habet,
2321 4443 2466 4517 lle-pi.
2502 4432 2613 4517 5:th
2639 4432 2948 4517 όγδοαστιῖιν
2977 4432 3238 4517 egregium
3268 4432 3680 4517 σύνταγμαεὸε

437 4530 624 4586 suuuts
666 4526 826 4586 caput
858 4517 1022 4581 istud,
1048 4517 1303 4571 Rufinum
1327 4519 1495 4572 secuti
1527 4529 1583 4572 et
1608 4518 1928 4578 Musculum.
1950 4529 2006 4573 et

436 4585 1006 4653 Christophorsmnuu.
1040 4590 1144 4642 Sed
1175 4597 1230 4641 et
1254 4589 1391 4641 ratio
1419 4589 1680 4655 itajuhet.
1722 4588 1843 4642 Haec
1858 4590 2001 4642 enim

435 4658 671 4725 pendent
698 4672 765 4711 ex
806 4673 926 4727 cap.
987 4657 1055 4713 16
1087 4673 1270 4726 supra.
1298 4657 1461 4712 Certe
1479 4659 1647 4713 codex
1673 4656 1808 4727 Maz.
1842 4668 2003 4727 caput

439 4724 654 4800 inchoat
688 4724 1076 4800 abhis—verbis
1109 4746 1122 4782 :
1149 4724 1259 4782 Καὶ
1291 4728 1363 4781 τὰ
1390 4729 1489 4800 μὲν
1521 4727 1661 4783 κατά
1685 4724 1911 4800 τοϐτοις
1933 4724 2001 4800 ᾖν

432 4796 655 4919 τηιῗῖὄτα
673 4814 687 4827 ·
713 4797 773 4863 ἐξ
793 4798 1061 4864 ἐναντίας,
1092 4808 1221 4865 etc.;
1247 4801 1333 4854 cui
1369 4796 1644 4855 consentit
1664 4801 1833 4854 codex
1859 4796 1997 4852 Fuit.

432 4879 487 4919 ει
568 4884 737 4919 estus.

432 4879 487 4919 et
520 4869 737 4935 Regius.

504 4936 618 5008 (52)
670 4938 811 5006 Περί
865 4938 1214 5009 μοναρχίας.
1264 4937 1493 4993 Veteres
1551 4938 1848 4997 Christiani
1898 4939 2001 4993 hac

430 5020 565 5079 voce
597 5016 791 5061 crebro
827 5010 902 5079 uti
930 5012 1194 5073 solebant,
1235 5012 1449 5077 quoties
1473 5010 1728 5063 adversus
1764 5010 1998 5079 gentiles

432 5077 795 5143 disputareut.
844 5078 1026 5143 quue
1054 5080 1211 5132 titulo
1238 5080 1547 5146 complures
1596 5077 1788 5134 librosi
1808 5080 1998 5133 edide-

433 5156 582 5207 runt,
610 5157 667 5197 ut
688 5162 852 5198 unum
879 5148 1043 5200 Deum
1074 5149 1312 5201 omnium
1341 5164 1516 5202 rerum
1551 5150 1887 5203 conditorem
1916 5164 1999 5201 rc-

431 5229 661 5336 femque
711 5230 830 5268 esse.
872 5220 1243 5270 ostenderent.
1275 5217 1344 5271 Et
1375 5219 1744 5272 tuonarchiam
1774 5219 1995 5286 quidem

459 5291 544 5336 leo
585 5283 754 5336 Patri.
789 5285 1094 5336 οἰκονομίαν
1126 5302 1273 5336 vero.
1318 5288 1366 5336 id
1414 5296 1495 5336 est
1534 5290 1994 5336 disnensationem

459 5291 544 5337 leo
585 5283 754 5347 Patri.
789 5285 1094 5356 οἰκονομίαν
1126 5302 1273 5348 vero,
1318 5288 1366 5339 id
1414 5296 1495 5341 est
1534 5283 1994 5356 dispensationem

431 5368 593 5424 atque
626 5357 1174 5418 administrationem,
1225 5358 1577 5425 assignahaut
1614 5359 1748 5411 Filio
1781 5370 1834 5412 et
1869 5358 1995 5424 Spi-

428 5426 555 5477 ritui
575 5436 784 5489 sancto,
807 5438 864 5479 ut
886 5426 1686 5481 docetTertulliauusAdversus
1713 5428 1992 5489 Pi’axeam,

427 5505 480 5548 et
512 5495 771 5552 Taliauus
798 5499 1058 5551 Adversus
1091 5494 1322 5549 ercos.
1368 5496 1553 5551 Exstat
1607 5500 1764 5551 hodie
1793 5498 1993 5551 Justiui

426 5564 883 5637 liberiuscriptus
931 5569 1032 5621 hoc
1078 5566 1254 5623 titulo.
1292 5567 1462 5621 Porro
1493 5578 1550 5619 ut
1580 5571 1645 5621 ad
1700 5569 1883 5621 lrcmei
1930 5568 1995 5617 li-

424 5636 581 5690 brum
609 5636 952 5702 accedamus,
981 5653 1048 5691 ex
1090 5639 1209 5705 ipso
1243 5639 1398 5691 titulo
1425 5639 1599 5706 colligi
1634 5648 1834 5706 potest,
1864 5637 1993 5691 Flo-

426 5706 602 5761 rinum
636 5710 740 5763 duo
766 5709 1027 5780 principia
1054 5708 1342 5774 invexisse,
1370 5718 1425 5762 et
1449 5706 1745 5763 Marcionis
1776 5710 1841 5763 ac
1868 5709 1993 5763 tier-

2108 4512 2442 4582 ogduadibus
2506 4512 2775 4566 Valentini
2837 4514 2959 4567 vide
3018 4512 3276 4567 lreuazum
3331 4523 3387 4568 et.
3444 4512 3683 4585 Epipha-

2105 4601 2287 4725 ωἳὲὲ.)
2315 4652 2668 4722 Σημείωσιν.
2704 4610 3070 4723 Hieronymus
3099 4661 3153 4705 et
3196 4651 3424 4725 Rufinus
3446 4653 3680 4708 subscri-

2101 4723 2327 4793 ptionem
2359 4732 2659 4785 verterunt,
2697 4737 2833 4790 quos
2867 4734 3103 4793 secutus,
3123 4733 3203 4775 est
3231 4723 3678 4790 Christophorso-

2105 4810 2228 4849 nus.
2262 4793 2459 4848 Fateor
2484 4793 2698 4861 quidem
2751 4792 3053 4863 σημείωσιν
3091 4792 3363 4845 interdum
3410 4807 3509 4860 pro
3553 4796 3679 4847 sub-

2105 4867 2391 4932 scriptione
2420 4863 2586 4927 sumi,
2611 4873 2670 4916 ut
2702 4862 2753 4915 iu
2787 4862 3051 4932 Superiori
3086 4863 3264 4930 capite
3294 4863 3545 4917 vidimus.
3579 4865 3675 4919 Hic

2105 4930 2281 4988 tamen
2310 4937 2380 4987 ita
2413 4933 2552 4987 sumi
2587 4949 2691 4986 non
2722 4940 2916 4998 potest.
2953 4930 3084 4984 Nam
3121 4932 3450 4999 subscriptio
3477 4949 3675 4989 nomen

2103 5005 2500 5059 subscribentis
2522 5002 2682 5057 debet
2701 5003 3035 5069 exprimere.
3064 5001 3217 5067 Quod
3252 5016 3375 5055 cum
3424 5004 3525 5055 hoc
3554 5002 3674 5058 loco

2102 5076 2323 5129 minime
2346 5075 2547 5127 factum
2582 5074 2675 5137 sit,
2700 5087 3040 5139 nequaquam
3070 5075 3180 5123 lucc
3212 5073 3540 5140 subscriptio
3569 5074 3673 5128 dici

2102 5145 2283 5208 debet,
2315 5145 2408 5198 sed
2450 5143 2628 5209 potius
2657 5141 2955 5193 adnotatio.
3011 5141 3101 5194 Sic
3146 5140 3475 5212 σημειώσεις
3523 5143 3667 5197 dice-

2101 5213 2302 5266 bantur
2329 5221 2470 5265 nota:
2492 5214 2593 5264 illae
2634 5226 2752 5278 qua:
2784 5215 2850 5261 ad
2882 5212 3179 5277 marginem
3206 5216 3542 5281 scriptorum
3580 5229 3673 5267 co-

2100 5284 2279 5337 dicum
2314 5282 2762 5350 appingebautur,
2791 5291 2846 5331 ut
2874 5281 3041 5334 lector
3081 5298 3189 5334 rem
3230 5292 3416 5335 notatu
3450 5283 3669 5350 dignam

2102 5353 2173 5405 ibi
2205 5352 2471 5406 contineri
2511 5352 2850 5419 intelligeret.
2876 5353 3006 5415 Qua:
3032 5361 3156 5404 nota
3189 5352 3241 5405 in
3267 5353 3538 5420 plerisque
3571 5355 3668 5404 ad-

2100 5423 2206 5476 huc
2240 5421 2444 5477 Graecis
2497 5422 2898 5488 exetuplaribus
2956 5424 3228 5489 reperitur
3283 5424 3670 5492 compendiose

2098 5507 2354 5560 expressa
2391 5493 2602 5543 duabus
2629 5501 2841 5542 tantum
2882 5492 3155 5557 prioribus
3190 5492 3407 5556 litteris,
3443 5509 3563 5560 qum
3590 5494 3669 5545 si-

2096 5559 2354 5633 gnificant
2389 5561 2716 5633 cqpsimsat.
2753 5559 3020 5614 Czuterum
3081 5563 3180 5616 hoc
3234 5564 3418 5615 lt'en.ei
3465 5566 3666 5615 factum

2098 5640 2233 5685 adeo
2266 5632 2466 5699 placuit
2517 5632 2764 5692 Eusebio,
2798 5639 2855 5682 ut
2884 5634 3128 5685 eaindcm
3156 5646 3372 5698 quoque
3401 5633 3667 5686 observa-

2100 5704 2303 5772 tionem
2330 5702 2444 5767 ipse
2473 5703 2523 5754 iu
2563 5701 2831 5754 vestibulo
2864 5701 3111 5755 Chronici
3139 5704 3221 5755 sui
3253 5704 3594 5771 opposuerit.
