4012 6256
377 313 478 368 585

1405 314 1756 373 HISTORIA)
1789 317 2346 375 ECCLESIASTICAa
2387 320 2517 373 LIB.
2562 317 2626 376 ν.

3532 334 3636 392 486

373 438 443 507 τῇ
488 435 814 507 Ἐκκλησία,
850 439 929 501 εἰς
973 437 1068 507 τήν
1108 438 1366 508 μεγίστην
1416 438 1671 493 ἀσέϐειαν
1708 440 1953 510 περιϐάλ-

2074 439 2330 509 pietatem
2365 455 2458 495 eos
2495 441 2796 508 conjiciunt
2830 445 2924 513 qui
2956 444 3062 503 illis
3092 450 3483 508 assentiuntur.
3512 455 3634 513 Haec

374 527 539 582 λοντα
569 528 699 590 τοὺς
738 527 1094 599 πειθομένους
1135 529 1347 592 αὐτοῖς⁵
1384 529 1557 583 ταῦτα
1606 531 1675 585 τὰ
1725 531 1966 603 δόγματα

378 619 505 674 οὐδὲ
551 621 601 672 οἰ
652 619 761 685 ἔξω
812 621 909 691 τῆς
974 619 1298 690 Ἐκκλησίας
1348 622 1613 692 αἰρετικοὶ
1664 622 1965 694 ἐτόλμησαν

381 714 770 784 ἀποφήνασθαι
808 730 936 766 ποτε
960 731 972 743 ·
1014 713 1189 767 ταῦτα
1224 713 1292 768 τὰ
1316 714 1581 785 δόγματα,
1606 716 1656 768 οἱ
1678 717 1784 786 πρὸ
1811 716 1965 787 ήμῶν

384 804 767 877 πρεσϐύτεροι,
802 807 853 858 οἰ
882 807 974 859 καὶ
999 808 1111 868 τοῖς
1137 805 1455 868 ἀποστόλοις
1478 809 1962 878 συμφοιτήσαντες,

381 897 449 949 οὐ
477 896 803 968 παρέδωκάν
836 914 934 951 σοι.
974 893 1127 949 Εἶδον
1158 896 1268 968 γάρ
1318 913 1377 949 σε
1411 900 1541 961 παῖς
1572 896 1646 949 ὣν
1688 897 1769 950 ἔτι
1801 900 1858 951 ὲν
1895 902 1961 970 τῇ

382 987 539 1040 κάτω
590 987 743 1059 Ἀσίᾳ
789 986 942 1059 παρὰ
970 986 1064 1058 ,τῷ
1096 986 1460 1056 Πολυκάρπῳ,
1495 985 1762 1057 λαμπρῶς
1792 987 1963 1058 πράτ-

377 1093 543 1130 τοντα
585 1079 643 1130 ὲν
669 1081 737 1148 τῇ
774 1077 1023 1148 βασιλικῇ
1064 1078 1222 1148 αὐλῇ,
1260 1078 1353 1130 καὶ
1382 1075 1720 1148 πειρώμενον
1751 1078 1962 1131 εὐδοκι-

389 1170 510 1237 μεῖν
537 1166 666 1239 παρ’
695 1168 862 1239 αὐτῷ.
892 1167 1107 1222 Μᾶλλον
1137 1169 1246 1240 γὰρ
1278 1167 1347 1221 τὰ
1377 1167 1498 1220 τότε
1525 1168 1958 1241 διαμνημονεύω,

381 1260 494 1313 τῶν
526 1259 749 1331 ἔναγχος
778 1261 1091 1332 γινομένων.
1129 1262 1194 1313 Ai
1227 1260 1336 1332 γὰρ
1363 1263 1427 1314 ἐκ
1458 1262 1663 1315 παίδων
1699 1262 1963 1333 μαθήσεις

380 1350 741 1416 συναύξουσαι
777 1354 844 1422 τῇ
884 1351 1051 1422 ψυχῇ,
1099 1350 1342 1405 ὲνοῦνται
1390 1353 1550 1423 αὐτῇ,
1587 1351 1728 1404 ὥστε
1767 1370 1833 1423 με
1867 1352 1959 1406 δύ-

375 1442 573 1496 νασθαι
599 1444 771 1495 εἰπεῖν
804 1443 898 1497 καὶ
925 1444 1014 1496 τὸν
1038 1444 1201 1497 τόπον
1230 1445 1288 1498 ὲν
1319 1439 1363 1513 ᾧ
1394 1445 1759 1515 καθεζόμενος
1788 1445 1959 1498 διελέ-

372 1548 505 1600 γετο
522 1532 551 1583 6
573 1531 839 1602 μακάριος
855 1531 1228 1604 Πολύκαρπος,
1248 1532 1452 1596 καὶτὰς
1478 1533 1735 1605 προόδους
1750 1532 1859 1604 (56)
1872 1536 1961 1607 αὖ·

372 1621 470 1675 τοῦ
491 1621 585 1675 καὶ
621 1622 720 1685 τὰς
744 1622 1000 1685 εἰσόδους,
1019 1607 1113 1674 δῖα).
1130 1621 1220 1674 τὸν
1241 1622 1563 1693 χαρακτῆρα
1580 1618 1676 1674 τού
1711 1621 1844 1691 βίου,
1865 1622 1958 1674 καὶ

371 1708 474 1780 τὴν
503 1709 599 1762 τοῦ
631 1708 882 1780 σώματος
914 1709 1075 1774 ἰδέαν,
1110 1709 1203 1763 καὶ
1234 1710 1333 1774 τὰς
1350 1710 1611 1777 διαλέξεις
1636 1710 1703 1775 ἃς
1724 1713 1957 1765 ἐποιεῖτο

2066 532 2320 599 dogmata
2355 547 2422 586 ne
2450 532 2548 601 ipsi
2579 531 2796 602 quidem
2850 536 3093 594 lueretici
3136 551 3292 596 extra
3331 544 3633 602 Ecclesium

2065 623 2226 694 positi
2258 623 2501 692 proferre
2537 640 2772 693 unquam
2808 628 2925 683 ausi
2961 639 3107 685 sunt.
3141 632 3268 690 Haec
3294 635 3540 706 dogmata
3578 639 3634 693 bi

2065 718 2156 783 qui
2188 724 2315 769 ante
2347 730 2448 769 nos
2489 716 2675 769 vixere
2701 718 3032 789 presbyteri,
3087 723 3177 791 qui
3218 725 3381 779 etiam
3413 738 3635 797 aposto-

2066 802 2238 858 lorum
2278 804 2530 873 discipuli
2563 806 2916 873 exstiterant,
2947 824 3297 880 nequaquam
3335 815 3429 869 tibi
3466 818 3635 872 tradi-

2063 894 2282 950 derunt.
2311 895 2432 950 Vidi
2485 898 2628 951 enim
2659 906 2733 960 te,
2765 913 2893 953 cum
2943 900 3121 956 adhuc
3168 919 3302 972 puer
3345 919 3547 973 essem,
3580 909 3634 962 in

2063 986 2326 1043 inferiore
2351 986 2481 1041 Asia
2529 989 2668 1056 apud
2713 986 3091 1059 Polycarpum,
3131 993 3412 1061 splendide
3465 1012 3633 1066 agen-

2066 1090 2172 1132 tem
2203 1081 2255 1133 in
2287 1078 2509 1149 palatio,
2539 1089 2594 1134 et
2624 1096 2955 1151 magnopere
2989 1082 3325 1141 laborantem
3366 1097 3422 1140 ut
3460 1097 3510 1143 te
3554 1089 3631 1142 illi

2063 1169 2419 1238 approbares.
2453 1169 2672 1225 Etenim
2728 1184 2789 1225 ea
2839 1188 2962 1243 qua:
2997 1184 3123 1229 tunc
3177 1179 3438 1247 temporis
3482 1190 3632 1249 gesta

2062 1268 2206 1326 sunt,
2244 1261 2442 1329 melius
2475 1263 2740 1317 memoria
2774 1272 2934 1320 teneo
2981 1280 3142 1335 quam
3187 1267 3276 1321 illa
3311 1284 3431 1338 qua:
3464 1286 3636 1338 nuper

2062 1351 2400 1408 acciderunt.
2431 1352 2643 1424 Quippe
2673 1368 2736 1409 ea
2771 1370 2890 1425 quas
2923 1359 3077 1426 pueri
3108 1358 3420 1428 didicimus,
3468 1361 3632 1417 simul

2061 1458 2186 1498 cum
2220 1444 2405 1498 animo
2433 1445 2552 1514 ipso
2594 1443 2933 1512 coalescunt,
2988 1447 3146 1515 eique
3193 1448 3408 1517 penitus
3458 1451 3632 1507 inhae-

2060 1544 2201 1589 rent.
2240 1536 2392 1590 Adeo
2443 1545 2502 1590 ut
2551 1545 2607 1591 et
2658 1535 2833 1591 locum
2875 1537 3047 1606 ipsum
3096 1540 3300 1607 possim
3336 1541 3540 1609 dicere,
3575 1544 3630 1598 iu

2059 1641 2166 1696 quo
2222 1626 2569 1683 beatissimus
2623 1627 2958 1699 Polycarpus
3014 1630 3211 1686 sedens
3269 1632 3628 1701 disserebat;

2060 1733 2348 1788 processus
2381 1734 2597 1789 quoque
2628 1721 2746 1787 ejus
2777 1730 2832 1774 et
2862 1721 3159 1791 ingressus,
3200 1724 3433 1792 vitaeque
3465 1726 3632 1781 totius

374 1800 516 1872 πρὸς
539 1800 600 1853 τὸ
635 1799 856 1870 πλῆθος,
884 1802 980 1854 καὶ
1004 1799 1104 1872 τὴν
1137 1798 1279 1853 κατὰ
1317 1800 1561 1853 Ἰωάννου
1596 1817 1953 1872 συναναστρο-

2058 1809 2311 1876 formam,
2362 1820 2417 1864 et
2448 1811 2696 1880 corporis
2746 1812 3023 1881 speciem;
3072 1828 3356 1870 sermones
3397 1816 3633 1886 denique

376 1893 483 1963 φὴν
502 1893 591 1956 κὼς
631 1891 961 1962 ἀπήγγελλε,
1003 1893 1096 1946 καὶ
1142 1892 1242 1962 τὴν
1292 1891 1429 1962 μετὰ
1472 1892 1578 1946 τῶν
1610 1891 1953 1947 λοιπῶντῶν

375 1985 699 2056 ἑωρακότων
730 1984 822 2036 τὸν
854 1985 1056 2056 Κύριον
1079 2001 1092 2014 ’
1130 1985 1223 2038 καὶ
1262 1984 1337 2048 ὡς
1374 1985 1790 2056 ἀπεμνημόνευε
1830 1987 1955 2051 τοὺς

375 2077 568 2145 λόγους
611 2076 809 2141 αὐτῶν,
851 2077 945 2131 καὶ
978 2078 1106 2149 περὶ
1135 2077 1229 2131 τοῦ
1262 2079 1467 2151 Κυρίου
1496 2078 1620 2133 τίνα
1659 2075 1726 2151 ἦν
1756 2079 1791 2134 δι
1823 2082 1953 2151 παρ’

376 2167 601 2222 ἐκείνων
639 2168 887 2240 ἀκηκόει,
922 2169 1014 2222 καὶ
1052 2170 1180 2241 περὶ
1206 2169 1317 2243 τῶν
1341 2169 1618 2241 δυνάμεων
1648 2170 1834 2233 αὐτοῦ,
1862 2171 1956 2224 καὶ

378 2261 506 2333 περὶ
542 2262 641 2332 τῆς
674 2261 1038 2326 διδασκαλίας,
1072 2262 1148 2327 ὡς
1182 2261 1331 2335 παρά
1364 2261 1645 2319 αὐτοπτῶν
1680 2263 1778 2334 τῆς
1810 2261 1957 2333 ζωῆς

376 2354 471 2407 τοῦ
520 2355 680 2423 λόγου
723 2354 1074 2427 παρειληφὼς
1123 2359 1151 2410 ὁ
1203 2355 1592 2426 Πολύκαρπος,
1646 2355 1955 2427 ἀπήγγελλε

378 2447 555 2499 πάντα
606 2447 869 2517 σύμφωνα
901 2450 1022 2510 ταῖς
1069 2448 1330 2517 Γραφαῖς.
1366 2445 1550 2500 Ταῦτα
1582 2450 1676 2501 καὶ
1706 2448 1825 2500 τότε
1869 2447 1957 2501 διὰ

378 2538 439 2592 τὸ
471 2538 619 2602 ἕλεος
664 2537 757 2591 τοῦ
803 2538 936 2592 Θεοῦ
989 2538 1048 2591 τὸ
1089 2540 1173 2591 ἐπ’
1218 2538 1343 2609 ἐμοὶ
1384 2538 1610 2608 γεγονὸς
1655 2537 1958 2600 σπουδαίως

379 2631 596 2702 ἤκουον,
631 2630 1208 2701 ύπομνηματιζόμενος
1231 2630 1369 2684 αὐτὰ
1397 2630 1497 2684 οὐκ
1526 2631 1583 2683 ὲν
1615 2629 1812 2702 χάρτῃ,
1843 2628 1955 2682 ἀλλ’

379 2726 437 2776 ὲν
466 2726 534 2795 τῇ
579 2726 686 2795 ἐμῇ
730 2721 928 2795 καρδίᾳ
949 2741 960 2753 ·
993 2724 1085 2777 καὶ
1118 2724 1203 2776 ἀεὶ
1239 2722 1329 2777 διὰ
1364 2724 1460 2795 τὴν
1497 2724 1656 2795 χάριν
1685 2721 1778 2776 τοῦ
1821 2721 1955 2775 Θεοῦ

379 2817 619 2888 γνησίως
656 2815 795 2870 αύτά
824 2815 1268 2887 άναμαρυκῶμαι
1289 2834 1301 2847 ο
1334 2816 1427 2869 καὶ
1457 2816 1693 2886 δύναμαι
1724 2815 1957 2886 διαμαρ-

378 2906 647 2979 τύρασθαι
699 2906 1003 2978 ἔμπροσθεν
1053 2906 1145 2960 τοῦ
1193 2905 1351 2971 Θεοῦ,
1400 2909 1481 2960 ὅτι
1526 2908 1579 2961 εἴ
1624 2925 1675 2960 τι
1717 2906 1957 2960 τοιοῦτον

380 2999 606 3070 ἀκηκόει
632 3000 836 3062 ἐκεῖνος
863 3001 890 3052 6
921 2998 1189 3070 μακάριος
1218 2998 1310 3052 καὶ
1332 2998 1684 3062 άποστολικδς
1715 2995 1957 3070 πρεσϐύ-

379 3108 557 3161 τερος,
594 3090 904 3161 ἀνακράξας
934 3089 999 3143 ἂν
1032 3090 1125 3143 καὶ
1155 3088 1437 3161 ἐμφράξας
1469 3088 1536 3141 τὰ
1574 3082 1687 3142 ὦτα
1719 3089 1829 3157 (57)
1858 3090 1957 3142 αύμ-

379 3183 495 3249 τοῦ,
517 3184 612 3237 καὶ
648 3183 790 3236 κατά
816 3183 876 3236 τὸ
907 3181 1133 3254 σύνηθες
1171 3180 1365 3243 εἰπὼν,
1403 3200 1422 3233 ι
1460 3177 1530 3232 Ὦ
1559 3180 1691 3235 καλὲ
1722 3180 1840 3240 Θεὲ.
1878 3182 1958 3247 εἰς

378 3276 525 3340 οἴους
556 3293 624 3346 με
660 3277 885 3345 καιροὺς
918 3277 1246 3346 τετήρηκας,
1268 3275 1357 3327 ἴνα
1372 3275 1572 3327 τούτων
1605 3273 1904 3342 ἀνέχωμαι·
1931 3291 1950 3324 ι

381 3368 643 3436 πεφεύγοι
670 3368 734 3421 ἂν
755 3367 848 3420 καὶ
872 3367 962 3420 τὸν
992 3367 1155 3419 τόπον
1185 3367 1242 3419 ὲν
1340 3364 1699 3436 καθεζόμενος
1728 3365 1762 3436 ἢ
1787 3363 1958 3428 ἑστὼς

378 3459 486 3513 τῶν
511 3459 765 3513 τοιούτων
798 3460 1023 3532 ἀκηκόει
1063 3459 1256 3526 λόγων.
1291 3460 1402 3512 Kal
1430 3460 1494 3512 ἐκ
1521 3458 1628 3512 τῶν
1660 3457 1955 3512 ἐπιστολῶν

379 3552 435 3606 δὲ
462 3551 629 3606 αὐτοῦ
654 3546 728 3606 ὧν
744 3552 1070 3616 ἐπέστειλεν,
1086 3553 1203 3618 ἦτοι
1231 3553 1350 3614 ταῖς
1364 3549 1704 3619 γειτνιώσαις
1732 3548 1956 3621 Ἐκκλη-

383 3645 522 3707 σίαις
550 3643 917 3717 ἐπιστηρίζων
943 3644 1131 3709 αὐτὰς,
1163 3645 1196 3716 ἢ
1223 3644 1330 3697 τῶν
1357 3643 1601 3714 ἀδελφῶν
1634 3661 1741 3697 τισι
1771 3642 1955 3695 νουθε-

380 3735 487 3791 τῶν
520 3737 717 3801 αὐτοὺς
759 3739 850 3791 καὶ
884 3739 1340 3810 προτρεπόμενος,
1375 3738 1597 3792 δύναται
1633 3736 1949 3809 φανερωθῆ-

380 3846 464 3882 ναι
512 3849 531 3881 ι
567 3828 751 3883 Ταῦτα
775 3832 803 3883 6
829 3831 1132 3903 Εἰρηναῖος.

2056 1914 2189 1970 quos
2220 1901 2287 1956 ad
2320 1901 2576 1971 populum
2608 1902 2889 1968 habebat;
2921 1911 2974 1956 et
3007 1902 3335 1958 familiarem
3387 1919 3625 1960 consue-

2059 1993 2322 2058 tudinem,
2352 2008 2477 2062 qute
2506 1993 2580 2048 illi
2611 2009 2734 2049 cum
2762 1992 2993 2059 Joanne,
3017 2003 3074 2047 ut
3106 1998 3389 2062 narrabat,
3420 2006 3476 2051 et
3508 2013 3629 2052 cum

2057 2083 2282 2153 reliquis
2320 2087 2414 2153 qui
2441 2084 2728 2139 Dominum
2757 2084 2935 2155 ipsum
2973 2087 3262 2153 vidissent,
3298 2088 3632 2144 intercesse-

2058 2186 2182 2230 rat:
2217 2186 2272 2231 et
2306 2176 2542 2246 qualiter
2571 2176 2716 2231 dicta
2750 2176 2966 2233 illorum
2996 2179 3467 2234 commemorabat
3512 2200 3527 2235 :
3571 2191 3629 2235 et

2058 2253 2401 2338 quaecunque
2426 2268 2494 2322 de
2519 2267 2748 2323 Domino
2782 2268 2851 2323 ab
2884 2268 3078 2322 iisdem
3102 2269 3371 2324 audierat.
3419 2271 3493 2326 De
3522 2272 3628 2325 mi—

2058 2360 2260 2415 raculis
2292 2374 2507 2429 quoque
2558 2359 2704 2414 illius
2753 2374 2817 2413 ac
2866 2359 2933 2414 de
2961 2359 3230 2429 doctrina,
3273 2371 3433 2430 prout
3463 2363 3530 2417 ab
3559 2363 3628 2417 iis

2057 2454 2152 2523 qui
2182 2451 2405 2507 verbum
2436 2452 2560 2507 vitae
2594 2450 2693 2520 ipsi
2728 2459 3128 2519 conspexerant
3159 2451 3489 2523 Polycarpus
3532 2469 3628 2507 ac-

2059 2554 2297 2615 ceperat,
2324 2544 2512 2598 eodem
2548 2558 2770 2611 prorsus
2822 2544 2980 2599 modo
3009 2544 3302 2609 referebat,
3342 2544 3396 2598 in
3444 2546 3627 2600 omni-

2058 2635 2158 2690 bus
2192 2626 2312 2690 c‘um
2346 2633 2627 2704 Scriptura
2657 2648 2811 2689 sacra
2844 2636 3213 2691 consentiens.
3243 2634 3368 2690 Haec
3401 2651 3503 2705 ego
3535 2637 3622 2690 di-

2057 2728 2181 2780 vina
2236 2727 2366 2781 mihi
2402 2726 2672 2797 largiente
2725 2727 3019 2781 clementia
3053 2737 3182 2783 tunc
3213 2729 3489 2783 studiosus
3527 2744 3625 2783 au-

2059 2818 2295 2883 diebam,
2351 2833 2457 2872 non
2518 2818 2569 2870 in
2617 2818 2804 2871 charta
2855 2820 2949 2873 sed
2994 2819 3047 2872 in
3077 2820 3259 2889 icorde
3288 2834 3407 2873 meo
3441 2820 3626 2874 audita

2059 2906 2377 2962 describens
2402 2923 2418 2959 :
2448 2906 2748 2976 eademque
2772 2921 2869 2975 per
2909 2907 3002 2963 Dei
3036 2907 3268 2977 gratiam
3298 2909 3513 2962 assidue
3540 2921 3628 2963 re-

2059 3006 2184 3069 peto
2205 3012 2269 3052 ac
2300 2999 2540 3053 revolvo.
2563 2997 2631 3052 Et
2660 2999 2711 3052 in
2742 3008 3040 3069 conspectu
3072 2999 3166 3054 Dei
3205 2996 3477 3054 afﬁrmare
3504 3015 3624 3070 pos-

2062 3103 2207 3153 sum,
2236 3089 2452 3145 beatum
2476 3078 2626 3145 illum
2651 3099 2708 3145 et
2735 3089 3098 3160 apostolicum
3134 3090 3547 3161 presbyterum,
3579 3091 3624 3145 si

2058 3181 2187 3249 quid
2243 3177 2506 3250 ejusmodi
2543 3194 2782 3250 unquam
2833 3178 3128 3247 audiisset.
3189 3182 3623 3236 exclamaturum

2055 3270 2337 3337 continuo,
2368 3282 2424 3326 et
2450 3271 2719 3326 obturatis
2749 3271 2975 3328 auribus
3005 3273 3123 3328 suis
3152 3272 3431 3327 dicturum
3460 3272 3629 3326 fuisse

2057 3372 2216 3434 prout
2242 3364 2344 3434 ipsi
2383 3364 2551 3419 moris
2576 3375 2732 3419 erat:
2769 3383 2789 3417 ι
2817 3366 2956 3420 Deus
2979 3366 3273 3435 bone,quaz
3303 3380 3391 3420 me
3413 3365 3464 3419 in
3494 3375 3629 3420 tem-

2057 3468 2192 3522 pora
2223 3453 2608 3519 reservasti,ut
2631 3454 2744 3511 haec
2774 3456 3101 3511 sustinerem
3124 3456 3139 3510 Ξ
3166 3474 3185 3507 ι
3210 3456 3390 3526 Atque
3419 3470 3483 3510 ex
3509 3454 3627 3510 loco

2059 3545 2176 3616 ipso
2202 3544 2594 3616 aufugiturum,
2644 3546 2697 3599 in
2737 3561 2844 3615 quo
2885 3560 2978 3601 seu
3023 3558 3198 3613 stans,
3251 3561 3347 3601 seu
3408 3548 3624 3609 sedens.

2060 3636 2322 3706 ejusmodi
2377 3652 2662 3693 sermones
2706 3639 2991 3695 audiisset.
3031 3638 3137 3694 Sed
3188 3648 3242 3694 et
3290 3654 3357 3694 ex
3386 3638 3630 3708 epistolis

2061 3731 2209 3786 illius
2230 3730 2285 3785 id
2324 3730 2529 3799 liquido
2572 3731 2920 3799 comprobari
2948 3739 3152 3800 potest,
3192 3746 3327 3800 quas
3362 3730 3455 3786 ille
3501 3746 3626 3801 par-

2060 3821 2156 3875 tim
2207 3821 2276 3901 ad
2319 3821 2531 3875 vicinas
2572 3821 2845 3877 Ecclesias
2880 3833 2939 3876 ut
2964 3837 3060 3877 eas
3091 3822 3468 3886 confirmaret,
3503 3835 3629 3889 par-

381 3925 474 3977 tim
505 3923 571 3977 ad
598 3924 860 3992 quosdam
894 3939 956 3976 ex
997 3923 1258 3978 fratribus
1290 3923 1459 3992 misit,
1488 3923 1787 3977 admonens
1819 3918 1938 3974 illus
1968 3925 2131 3985 atque
2151 3913 2474 3968 exhortans.
2505 3931 2525 3964 ι
2547 3911 2819 3967 Hactenus
2845 3915 3098 3967 Irenaeus.

871 4017 1266 4071 ΚΕΦΑΛΑΙΟΝ
1312 4017 1440 4070 KA'.

426 4111 615 4176 Ὅπως
645 4109 742 4165 ἐπὶ
794 4109 1469 4180 Ῥώμηςηέμᾳρτύρησεν
1517 4106 1902 4170 Ἀπολλώνιος

841 4181 984 4251 (Nic.
1016 4179 1092 4232 Η,
1116 4179 1183 4234 Ε.
1208 4197 1282 4242 Iv,
1307 4180 1420 4250 26).

446 4275 603 4327 Κατὰ
624 4274 681 4327 δὲ
713 4274 804 4326 τὸν
832 4240 995 4326 αὐτὸν
1032 4272 1133 4342 τῆς
1159 4240 1405 4343 Κομόδου
1436 4240 1711 4341 βασιλείας
1739 4270 1948 4341 χρόνον,

2553 4003 2715 4075 139
2734 4002 2959 4058 CAPUT
2988 4003 3134 4063 χιιι.

2063 4096 2341 4163 Quomodo
2367 4095 2678 4168 Apollonius
2719 4095 2903 4151 Roma:
2952 4094 3267 4165 martyrium
3307 4110 3495 4164 passus
3523 4106 3621 4150 est.

2126 4274 2328 4329 Eodem
2366 4282 2630 4344 tempore,
2660 4271 2957 4327 Commodo
2983 4271 3270 4342 imperium
3315 4270 3619 4325 Romanum

384 4362 749 4433 μεταϐέϐλητο
774 4364 870 4434 μὲν
898 4363 987 4416 ἐπὶ
1015 4362 1074 4414 τὸ
1098 4363 1271 4434 πρᾶον
1300 4360 1369 4414 τὰ
1396 4360 1517 4413 καθ’
1544 4362 1709 4431 ἡμᾶς,
1729 4361 1951 4431 εἰρήνης

2057 4367 2356 4430 obtinente,
2382 4380 2472 4420 res
2502 4366 2716 4434 quidem
2748 4377 2949 4420 nostra:
2977 4366 3031 4419 in
3062 4362 3434 4432 tranquilliore
3477 4371 3620 4417 statu

381 4457 474 4509 σὺν
503 4455 625 4527 θεία
655 4457 835 4527 χάριτι
864 4455 963 4518 τὰς
991 4454 1111 4508 καθ’
1142 4454 1269 4525 ὅλης
1296 4454 1393 4524 τῆς
1421 4453 1744 4524 οἰκουμένης
1772 4452 1952 4506 διαλα-

2057 4459 2425 4519 versabantur,
2478 4472 2610 4526 pace
2648 4471 2745 4528 per
2794 4457 2890 4512 Dei
2937 4455 3171 4527 gratiam
3215 4463 3441 4508 cunctas
3467 4452 3618 4506 orbis

379 4544 577 4616 σούσης
636 4545 994 4617 Ἐκκλησίας·
1046 4545 1134 4598 ὅτε
1182 4545 1324 4597 καὶὸ
1376 4545 1637 4615 σωτήριος
1682 4543 1836 4612 λόγος
1886 4543 1951 4595 ἐκ

2057 4558 2321 4603 terrarum
2343 4547 2615 4604 Ecclesias
2645 4548 2948 4618 complexa.
2987 4548 3165 4616 Atque
3208 4544 3424 4598 interim
3471 4544 3618 4599 salu-

380 4638 577 4701 παντδς
609 4639 797 4707 γένους
826 4636 1147 4711 ἀνθρώπων,
1177 4639 1355 4690 πᾶσαν
1384 4638 1623 4707 ὑπήγετο
1651 4636 1827 4707 ψυχὴν
1858 4637 1950 4689 ἐπὶ

2057 4641 2186 4694 laris
2214 4639 2310 4695 Dei
2341 4655 2521 4694 sermo
2552 4654 2618 4693 ex
2645 4639 2790 4694 omni
2837 4652 3035 4708 genere
3085 4635 3366 4691 hominum
3417 4649 3613 4703 quam-

378 4727 474 4797 τὴν
500 4728 700 4799 εὐσεϐῆ
728 4727 821 4780 τοῦ
850 4726 956 4781 τῶν
984 4726 1118 4780 ὅλων
1151 4725 1284 4778 Θεοῦ
1311 4726 1603 4798 θρησκείαν
1623 4744 1636 4757 ·
1677 4725 1816 4780 ὥστε
1846 4727 1944 4799 ήδη

2057 4731 2314 4801 plurimos
2362 4731 2431 4786 ad
2473 4730 2787 4802 religiosum
2842 4729 3040 4787 summi
3103 4724 3356 4781 Numinis
3409 4727 3612 4780 cultum
3699 4747 3712 4760 -

2062 4858 2220 4909 ηερε,
2246 4841 2421 4910 capite
2449 4853 2664 4911 quarto,
2699 4842 2944 4897 eumdem
2990 4855 3193 4895 morem
3245 4838 3487 4895 declarat
3530 4828 3614 4893 his

2058 4914 2239 4966 verbis
2277 4930 2290 4966 :
2322 4911 2523 4976 Quibus
2575 4915 2621 4966 si
2657 4911 2845 4982 aliquis
2877 4911 3266 4964 annuutiaverit
3317 4926 3379 4963 ea
3411 4926 3527 4980 quae
3550 4913 3613 4961 ab

2057 4982 2318 5036 Iurreticis
2363 4982 2639 5034 adiuuenla
2689 4991 2833 5044 sunt,
2874 4982 3086 5046 pro'prio
3136 4995 3369 5033 sermone
3433 4994 3615 5031 eorum

2056 5054 2378 5121 colloquens,
2421 5052 2595 5104 statim
2621 5052 2984 5121 concludentes
3000 5067 3177 5112 aures,
3216 5050 3368 5121 latigo
3408 5047 3613 5121 longius

2056 5116 2278 5189 fugieut,
2331 5138 2393 5174 ue
2441 5121 2627 5174 audire
2672 5120 2882 5190 quidem
2919 5116 3612 5190 sustinentesoluspltemum

451 4839 567 4907 (56)
603 4838 714 4905 Τὰς
742 4837 1057 4906 προόδους.
1094 4837 1184 4907 Sic
1209 4838 1331 4891 cod.
1368 4837 1526 4904 Reg.,
1552 4837 1714 4903 Maz.,
1760 4839 1952 4897 Medic.

384 4922 438 4965 et
464 4906 691 4977 Niceph.
722 4908 797 4961 Ita
845 4908 1007 4961 etiam
1039 4906 1171 4961 Fuk.
1205 4923 1270 4960 ac
1300 4908 1493 4971 Savil.,
1532 4910 1749 4963 codices
1777 4920 1957 4964 test

384 4982 550 5051 vulg.,
581 4979 868 5051 παρόδους.

451 5042 569 5120 (37)
603 5042 712 5103 Κὰὶ
750 5049 1058 5118 ἐμφράξας
1085 5046 1158 5101 τὰ
1190 5042 1329 5120 ὦτα.
1358 5045 1457 5120 Hic
1494 5062 1633 5120 gnos,
1660 5057 1781 5120 erat
1806 5058 1951 5120 vete-

384 5116 500 5174 rum
533 5116 992 5182 Christianorum,
1031 5128 1089 5170 ut
1117 5120 1161 5172 si
1200 5119 1336 5173 forte
1382 5119 1435 5170 in
1486 5116 1740 5172 familiari
1789 5118 1952 5174 collo-

382 5192 508 5259 quio
536 5191 762 5257 impium
798 5189 1030 5257 aliquem
1059 5203 1360 5242 sermonem
1385 5195 1439 5242 et
1470 5188 1644 5243 a‘lidei
1669 5188 1952 5242 catholicae

386 5260 567 5331 regula
597 5261 1011 5331 dissentientem
1046 5259 1364 5331 audiissent,
1396 5260 1644 5326 protinus
1665 5260 1939 5331 obturatis

384 5327 606 5384 au‘ribus
629 5329 830 5384 sesein
857 5327 1033 5398 fugam
1074 5328 1287 5398 darent.
1325 5328 1438 5393 Qua
1468 5331 1534 5383 de
1564 5344 1624 5381 re
1664 5329 1815 5382 locus
1848 5343 1940 5382 ex-

383 5411 493 5453 stat
524 5401 751 5454 illustris
799 5400 848 5450 in
882 5396 976 5451 lib.
1023 5413 1058 5451 ιι
1106 5396 1536 5466 Recognitionum
1574 5398 1941 5454 Pseudo-Cle-

384 5472 606 5545 mentis.
633 5471 724 5524 ubi
760 5469 945 5521 Simon
973 5467 1032 5521 Β.
1067 5467 1224 5545 Petro
1246 5469 1319 5545 ait
1353 5466 1667 5545 :_Si‘dia:er_o
1690 5469 1827 5545 quod
1849 5486 1937 5523 ne-

380 5556 476 5607 que
514 5541 606 5593 tibi
636 5554 946 5600 consonum,
981 5555 1073 5591 nec
1106 5538 1257 5604 vulgo
1300 5539 1420 5589 huic
1458 5538 1706 5607 impcrilo’
1742 5550 1934 5591 rectum

381 5613 602 5671 ridetur,
636 5621 694 5663 tu
718 5610 927 5680 quidem
960 5611 1106 5677 quasi
1136 5608 1727 5680 obstupefactus,raures
1766 5610 1936 5661 couti-

381 5696 482 5732 nue
509 5678 814 5740 occludeus,
852 5678 981 5730 velut
1010 5694 1072 5730 ne
1107 5678 1427 5746 blasphemia
1456 5679 1781 5747 polluantur,
1820 5695 1934 5731 ver-

379 5752 498 5804 teris
525 5753 577 5804 ir:
602 5753 815 5820 fugam.
840 5749 943 5802 Sed
975 5757 1029 5802 et
1055 5747 1287 5803 Irenqu
1318 5748 1370 5801 iu
1403 5746 1495 5803 lib.
1531 5764 1589 5804 ut
1616 5746 1809 5803 Contra
1827 5750 1928 5804 lla:-

2055 5187 2392 5258 colloquium.
2420 5187 3036 5244 Praeterea'Atbanasius
3066 5191 3119 5257 in
3156 5187 3394 5258 Epistula
3423 5191 3492 5240 ad
3524 5205 3613 5258 su-

2043 5259 2245 5346 ljtarios
2275 5280 2299 5346 ες
2322 5262 2386 5346 ᾪ
2413 5261 2493 5324 τίς
2518 5261 2754 5344 ἀκούσας
2775 5261 2835 5346 οὐ
2868 5260 3191 5346 δακρύσειεκ
3209 5257 3347 5328 τάχα
3381 5258 3474 5346 καὶ
3499 5257 3615 5346 Ιτὴν

2042 5330 2227 5402 ἀκοὴν
2240 5331 2527 5402 κλείσειεν,
2587 5331 2672 5385 ἵνα
2714 5331 2848 5401 μηδὲ
2897 5328 3082 5402 ἑτέρου
3134 5328 3382 5396 λέγοντος
3420 5328 3614 5402 ἀνέχη-

2044 5398 2133 5453 ται
2165 5397 2181 5466 ξ
2215 5401 2571 5471 Hieronymus
2606 5397 2838 5471 denique
2882 5401 2932 5453 in
2987 5397 3079 5456 lib.
3118 5416 3135 5453 1
3170 5402 3426 5471 Adversus
3457 5397 3608 5471 mag-

2045 5486 2222 5538 ﬁlim;
2254 5467 2430 5523 Lectis
2457 5487 2622 5537 nuper
2650 5467 2922 5538 Tltebplzili
2952 5486 3099 5537 papa:
3126 5467 3380 5535 epistolis,
3407 5468 3462 5519 in
3493 5469 3614 5537 qui-

2044 5541 2137 5593 bus
2164 5537 2405 5609 Origeuis
2426 5541 2631 5607 exponit
2668 5537 2893 5602 errores,
2924 5541 3119 5593 dicitur
3151 5539 3418 5590 abiurasse
3457 5554 3610 5592 aurae:

2040 5627 2188 5662 suas.
2230 5623 2276 5661 et
2322 5622 2587 5663 auctorem
2626 5611 2760 5664 tanti
2791 5613 2916 5664 mali
2964 5609 3109 5663 clara
3157 5622 3332 5662 comm
3375 5609 3612 5661 oumibus

2044 5696 2163 5734 uoce
2192 5679 2486 5737 damnasse.
